<?xml version="1.0" encoding="UTF-8"?>
<alto xmlns="http://www.loc.gov/standards/alto/ns-v3#" xmlns:xlink="http://www.w3.org/1999/xlink" xmlns:xsi="http://www.w3.org/2001/XMLSchema-instance" xsi:schemaLocation="http://www.loc.gov/standards/alto/ns-v3# http://www.loc.gov/alto/v3/alto-3-0.xsd">
	<Description>
		<MeasurementUnit>pixel</MeasurementUnit>
		<sourceImageInformation>
			<fileName>/tmp/tess_mmnwuejb_input.PNG</fileName>
		</sourceImageInformation>
		<OCRProcessing ID="OCR_0">
			<ocrProcessingStep>
				<processingSoftware>
					<softwareName>tesseract 5.3.4</softwareName>
				</processingSoftware>
			</ocrProcessingStep>
		</OCRProcessing>
	</Description>
	<Layout>
		<Page WIDTH="1103" HEIGHT="1700" PHYSICAL_IMG_NR="0" ID="page_0">
			<PrintSpace HPOS="0" VPOS="0" WIDTH="1103" HEIGHT="1700">
				<ComposedBlock ID="cblock_0" HPOS="471" VPOS="113" WIDTH="363" HEIGHT="22">
					<TextBlock ID="block_0" HPOS="471" VPOS="113" WIDTH="363" HEIGHT="22">
						<TextLine ID="line_0" HPOS="471" VPOS="113" WIDTH="363" HEIGHT="22">
							<String ID="string_0" HPOS="471" VPOS="113" WIDTH="21" HEIGHT="21" WC="0.55" CONTENT="H"/><SP WIDTH="330" VPOS="113" HPOS="492"/>
							<String ID="string_1" HPOS="822" VPOS="114" WIDTH="12" HEIGHT="21" WC="0.96" CONTENT="3"/>
						</TextLine>
					</TextBlock>
				</ComposedBlock>
				<ComposedBlock ID="cblock_1" HPOS="99" VPOS="182" WIDTH="765" HEIGHT="1029">
					<TextBlock ID="block_1" HPOS="101" VPOS="182" WIDTH="763" HEIGHT="614">
						<TextLine ID="line_1" HPOS="102" VPOS="182" WIDTH="761" HEIGHT="28">
							<String ID="string_2" HPOS="102" VPOS="183" WIDTH="165" HEIGHT="27" WC="0.92" CONTENT="hufvudsakliga"/><SP WIDTH="16" VPOS="183" HPOS="267"/>
							<String ID="string_3" HPOS="283" VPOS="182" WIDTH="118" HEIGHT="22" WC="0.93" CONTENT="innehället"/><SP WIDTH="14" VPOS="182" HPOS="401"/>
							<String ID="string_4" HPOS="415" VPOS="182" WIDTH="7" HEIGHT="21" WC="0.96" CONTENT="i"/><SP WIDTH="16" VPOS="182" HPOS="422"/>
							<String ID="string_5" HPOS="438" VPOS="182" WIDTH="26" HEIGHT="21" WC="0.93" CONTENT="de"/><SP WIDTH="16" VPOS="182" HPOS="464"/>
							<String ID="string_6" HPOS="480" VPOS="182" WIDTH="122" HEIGHT="21" WC="0.92" CONTENT="statistiska"/><SP WIDTH="10" VPOS="182" HPOS="602"/>
							<String ID="string_7" HPOS="612" VPOS="182" WIDTH="148" HEIGHT="26" WC="0.93" CONTENT="redogörelser"/><SP WIDTH="11" VPOS="182" HPOS="760"/>
							<String ID="string_8" HPOS="771" VPOS="182" WIDTH="92" HEIGHT="21" WC="0.93" CONTENT="rörande"/>
						</TextLine>
						<TextLine ID="line_2" HPOS="101" VPOS="216" WIDTH="763" HEIGHT="30">
							<String ID="string_9" HPOS="101" VPOS="218" WIDTH="175" HEIGHT="28" WC="0.92" CONTENT="lagskipningens"/><SP WIDTH="15" VPOS="218" HPOS="276"/>
							<String ID="string_10" HPOS="291" VPOS="217" WIDTH="98" HEIGHT="21" WC="0.89" CONTENT="tillständ"/><SP WIDTH="15" VPOS="217" HPOS="389"/>
							<String ID="string_11" HPOS="404" VPOS="217" WIDTH="7" HEIGHT="21" WC="0.96" CONTENT="i"/><SP WIDTH="15" VPOS="217" HPOS="411"/>
							<String ID="string_12" HPOS="426" VPOS="216" WIDTH="80" HEIGHT="27" WC="0.93" CONTENT="landet,"/><SP WIDTH="15" VPOS="216" HPOS="506"/>
							<String ID="string_13" HPOS="521" VPOS="216" WIDTH="74" HEIGHT="22" WC="0.92" CONTENT="hvilka"/><SP WIDTH="15" VPOS="216" HPOS="595"/>
							<String ID="string_14" HPOS="610" VPOS="216" WIDTH="67" HEIGHT="21" WC="0.96" CONTENT="under"/><SP WIDTH="16" VPOS="216" HPOS="677"/>
							<String ID="string_15" HPOS="693" VPOS="216" WIDTH="61" HEIGHT="22" WC="0.93" CONTENT="detta"/><SP WIDTH="11" VPOS="216" HPOS="754"/>
							<String ID="string_16" HPOS="765" VPOS="216" WIDTH="60" HEIGHT="22" WC="0.88" CONTENT="sekel"/><SP WIDTH="11" VPOS="216" HPOS="825"/>
							<String ID="string_17" HPOS="836" VPOS="216" WIDTH="28" HEIGHT="28" WC="0.97" CONTENT="pä"/>
						</TextLine>
						<TextLine ID="line_3" HPOS="101" VPOS="250" WIDTH="762" HEIGHT="30">
							<String ID="string_18" HPOS="101" VPOS="253" WIDTH="69" HEIGHT="27" WC="0.96" CONTENT="grund"/><SP WIDTH="17" VPOS="253" HPOS="170"/>
							<String ID="string_19" HPOS="187" VPOS="253" WIDTH="23" HEIGHT="21" WC="0.96" CONTENT="af"/><SP WIDTH="14" VPOS="253" HPOS="210"/>
							<String ID="string_20" HPOS="224" VPOS="252" WIDTH="27" HEIGHT="21" WC="0.93" CONTENT="de"/><SP WIDTH="16" VPOS="252" HPOS="251"/>
							<String ID="string_21" HPOS="267" VPOS="252" WIDTH="56" HEIGHT="21" WC="0.91" CONTENT="intill"/><SP WIDTH="16" VPOS="252" HPOS="323"/>
							<String ID="string_22" HPOS="339" VPOS="251" WIDTH="24" HEIGHT="21" WC="0.92" CONTENT="är"/><SP WIDTH="17" VPOS="251" HPOS="363"/>
							<String ID="string_23" HPOS="380" VPOS="252" WIDTH="52" HEIGHT="20" WC="0.93" CONTENT="1891"/><SP WIDTH="19" VPOS="252" HPOS="432"/>
							<String ID="string_24" HPOS="451" VPOS="250" WIDTH="81" HEIGHT="28" WC="0.92" CONTENT="afgifna"/><SP WIDTH="15" VPOS="250" HPOS="532"/>
							<String ID="string_25" HPOS="547" VPOS="250" WIDTH="221" HEIGHT="28" WC="0.91" CONTENT="primäruppgifterna"/><SP WIDTH="9" VPOS="250" HPOS="768"/>
							<String ID="string_26" HPOS="777" VPOS="252" WIDTH="40" HEIGHT="21" WC="0.96" CONTENT="hos"/><SP WIDTH="11" VPOS="252" HPOS="817"/>
							<String ID="string_27" HPOS="828" VPOS="257" WIDTH="35" HEIGHT="15" WC="0.96" CONTENT="oss"/>
						</TextLine>
						<TextLine ID="line_4" HPOS="101" VPOS="284" WIDTH="762" HEIGHT="29">
							<String ID="string_28" HPOS="101" VPOS="289" WIDTH="43" HEIGHT="19" WC="0.94" CONTENT="sett"/><SP WIDTH="24" VPOS="289" HPOS="144"/>
							<String ID="string_29" HPOS="168" VPOS="287" WIDTH="76" HEIGHT="26" WC="0.96" CONTENT="dagen,"/><SP WIDTH="23" VPOS="287" HPOS="244"/>
							<String ID="string_30" HPOS="267" VPOS="286" WIDTH="40" HEIGHT="21" WC="0.95" CONTENT="har"/><SP WIDTH="20" VPOS="286" HPOS="307"/>
							<String ID="string_31" HPOS="327" VPOS="286" WIDTH="45" HEIGHT="27" WC="0.95" CONTENT="jag,"/><SP WIDTH="16" VPOS="286" HPOS="372"/>
							<String ID="string_32" HPOS="388" VPOS="286" WIDTH="49" HEIGHT="21" WC="0.96" CONTENT="med"/><SP WIDTH="20" VPOS="286" HPOS="437"/>
							<String ID="string_33" HPOS="457" VPOS="286" WIDTH="88" HEIGHT="26" WC="0.96" CONTENT="ledning"/><SP WIDTH="18" VPOS="286" HPOS="545"/>
							<String ID="string_34" HPOS="563" VPOS="284" WIDTH="24" HEIGHT="22" WC="0.93" CONTENT="af"/><SP WIDTH="16" VPOS="284" HPOS="587"/>
							<String ID="string_35" HPOS="603" VPOS="285" WIDTH="141" HEIGHT="21" WC="0.92" CONTENT="förenämnda"/><SP WIDTH="16" VPOS="285" HPOS="744"/>
							<String ID="string_36" HPOS="760" VPOS="285" WIDTH="48" HEIGHT="22" WC="0.93" CONTENT="frän"/><SP WIDTH="16" VPOS="285" HPOS="808"/>
							<String ID="string_37" HPOS="824" VPOS="286" WIDTH="39" HEIGHT="21" WC="0.96" CONTENT="och"/>
						</TextLine>
						<TextLine ID="line_5" HPOS="101" VPOS="319" WIDTH="761" HEIGHT="28">
							<String ID="string_38" HPOS="101" VPOS="322" WIDTH="48" HEIGHT="20" WC="0.96" CONTENT="med"/><SP WIDTH="16" VPOS="322" HPOS="149"/>
							<String ID="string_39" HPOS="165" VPOS="320" WIDTH="25" HEIGHT="22" WC="0.87" CONTENT="är"/><SP WIDTH="17" VPOS="320" HPOS="190"/>
							<String ID="string_40" HPOS="207" VPOS="320" WIDTH="55" HEIGHT="22" WC="0.95" CONTENT="1843"/><SP WIDTH="16" VPOS="320" HPOS="262"/>
							<String ID="string_41" HPOS="278" VPOS="320" WIDTH="33" HEIGHT="21" WC="0.96" CONTENT="till"/><SP WIDTH="16" VPOS="320" HPOS="311"/>
							<String ID="string_42" HPOS="327" VPOS="320" WIDTH="39" HEIGHT="22" WC="0.96" CONTENT="och"/><SP WIDTH="16" VPOS="320" HPOS="366"/>
							<String ID="string_43" HPOS="382" VPOS="320" WIDTH="49" HEIGHT="22" WC="0.96" CONTENT="med"/><SP WIDTH="15" VPOS="320" HPOS="431"/>
							<String ID="string_44" HPOS="446" VPOS="320" WIDTH="24" HEIGHT="21" WC="0.96" CONTENT="är"/><SP WIDTH="16" VPOS="320" HPOS="470"/>
							<String ID="string_45" HPOS="486" VPOS="320" WIDTH="55" HEIGHT="21" WC="0.93" CONTENT="1890"/><SP WIDTH="15" VPOS="320" HPOS="541"/>
							<String ID="string_46" HPOS="556" VPOS="319" WIDTH="49" HEIGHT="21" WC="0.92" CONTENT="utaf"/><SP WIDTH="13" VPOS="319" HPOS="605"/>
							<String ID="string_47" HPOS="618" VPOS="320" WIDTH="148" HEIGHT="21" WC="0.92" CONTENT="Prokuratorn"/><SP WIDTH="16" VPOS="320" HPOS="766"/>
							<String ID="string_48" HPOS="782" VPOS="320" WIDTH="80" HEIGHT="27" WC="0.93" CONTENT="afgifna"/>
						</TextLine>
						<TextLine ID="line_6" HPOS="102" VPOS="354" WIDTH="760" HEIGHT="28">
							<String ID="string_49" HPOS="102" VPOS="354" WIDTH="151" HEIGHT="28" WC="0.91" CONTENT="underdäniga"/><SP WIDTH="22" VPOS="354" HPOS="253"/>
							<String ID="string_50" HPOS="275" VPOS="354" WIDTH="133" HEIGHT="26" WC="0.89" CONTENT="berättelser,"/><SP WIDTH="24" VPOS="354" HPOS="408"/>
							<String ID="string_51" HPOS="432" VPOS="354" WIDTH="33" HEIGHT="22" WC="0.93" CONTENT="för"/><SP WIDTH="22" VPOS="354" HPOS="465"/>
							<String ID="string_52" HPOS="487" VPOS="354" WIDTH="163" HEIGHT="27" WC="0.92" CONTENT="ifrägavarande"/><SP WIDTH="19" VPOS="354" HPOS="650"/>
							<String ID="string_53" HPOS="669" VPOS="354" WIDTH="24" HEIGHT="21" WC="0.92" CONTENT="är"/><SP WIDTH="15" VPOS="354" HPOS="693"/>
							<String ID="string_54" HPOS="708" VPOS="354" WIDTH="101" HEIGHT="27" WC="0.91" CONTENT="uppgjort"/><SP WIDTH="15" VPOS="354" HPOS="809"/>
							<String ID="string_55" HPOS="824" VPOS="354" WIDTH="38" HEIGHT="21" WC="0.97" CONTENT="här"/>
						</TextLine>
						<TextLine ID="line_7" HPOS="102" VPOS="388" WIDTH="759" HEIGHT="28">
							<String ID="string_56" HPOS="102" VPOS="389" WIDTH="62" HEIGHT="27" WC="0.93" CONTENT="(Tab."/><SP WIDTH="15" VPOS="389" HPOS="164"/>
							<String ID="string_57" HPOS="179" VPOS="389" WIDTH="101" HEIGHT="27" WC="0.40" CONTENT="1—XVI)"/><SP WIDTH="21" VPOS="389" HPOS="280"/>
							<String ID="string_58" HPOS="301" VPOS="388" WIDTH="99" HEIGHT="28" WC="0.96" CONTENT="bifogade"/><SP WIDTH="20" VPOS="388" HPOS="400"/>
							<String ID="string_59" HPOS="420" VPOS="389" WIDTH="92" HEIGHT="21" WC="0.96" CONTENT="tabeller"/><SP WIDTH="15" VPOS="389" HPOS="512"/>
							<String ID="string_60" HPOS="527" VPOS="388" WIDTH="59" HEIGHT="22" WC="0.93" CONTENT="öfver"/><SP WIDTH="15" VPOS="388" HPOS="586"/>
							<String ID="string_61" HPOS="601" VPOS="388" WIDTH="209" HEIGHT="28" WC="0.92" CONTENT="rättegängsmälens"/><SP WIDTH="15" VPOS="388" HPOS="810"/>
							<String ID="string_62" HPOS="825" VPOS="395" WIDTH="36" HEIGHT="15" WC="0.92" CONTENT="an-"/>
						</TextLine>
						<TextLine ID="line_8" HPOS="101" VPOS="423" WIDTH="761" HEIGHT="27">
							<String ID="string_63" HPOS="101" VPOS="424" WIDTH="31" HEIGHT="21" WC="0.86" CONTENT="tal"/><SP WIDTH="17" VPOS="424" HPOS="132"/>
							<String ID="string_64" HPOS="149" VPOS="424" WIDTH="36" HEIGHT="21" WC="0.93" CONTENT="vid"/><SP WIDTH="16" VPOS="424" HPOS="185"/>
							<String ID="string_65" HPOS="201" VPOS="424" WIDTH="217" HEIGHT="22" WC="0.92" CONTENT="underdomstolarna"/><SP WIDTH="15" VPOS="424" HPOS="418"/>
							<String ID="string_66" HPOS="433" VPOS="424" WIDTH="28" HEIGHT="26" WC="0.96" CONTENT="pä"/><SP WIDTH="15" VPOS="424" HPOS="461"/>
							<String ID="string_67" HPOS="476" VPOS="424" WIDTH="74" HEIGHT="20" WC="0.96" CONTENT="landet"/><SP WIDTH="16" VPOS="424" HPOS="550"/>
							<String ID="string_68" HPOS="566" VPOS="423" WIDTH="40" HEIGHT="21" WC="0.96" CONTENT="och"/><SP WIDTH="15" VPOS="423" HPOS="606"/>
							<String ID="string_69" HPOS="621" VPOS="424" WIDTH="6" HEIGHT="20" WC="0.93" CONTENT="i"/><SP WIDTH="17" VPOS="424" HPOS="627"/>
							<String ID="string_70" HPOS="644" VPOS="424" WIDTH="101" HEIGHT="20" WC="0.91" CONTENT="städerna"/><SP WIDTH="16" VPOS="424" HPOS="745"/>
							<String ID="string_71" HPOS="761" VPOS="426" WIDTH="57" HEIGHT="18" WC="0.96" CONTENT="samt"/><SP WIDTH="10" VPOS="426" HPOS="818"/>
							<String ID="string_72" HPOS="828" VPOS="423" WIDTH="34" HEIGHT="21" WC="0.96" CONTENT="vid"/>
						</TextLine>
						<TextLine ID="line_9" HPOS="102" VPOS="457" WIDTH="760" HEIGHT="28">
							<String ID="string_73" HPOS="102" VPOS="458" WIDTH="157" HEIGHT="22" WC="0.86" CONTENT="Ofverrätterna"/><SP WIDTH="8" VPOS="458" HPOS="259"/>
							<String ID="string_74" HPOS="267" VPOS="458" WIDTH="25" HEIGHT="27" WC="0.94" CONTENT="1),"/><SP WIDTH="24" VPOS="458" HPOS="292"/>
							<String ID="string_75" HPOS="316" VPOS="458" WIDTH="82" HEIGHT="21" WC="0.95" CONTENT="antalet"/><SP WIDTH="18" VPOS="458" HPOS="398"/>
							<String ID="string_76" HPOS="416" VPOS="458" WIDTH="23" HEIGHT="21" WC="0.96" CONTENT="af"/><SP WIDTH="17" VPOS="458" HPOS="439"/>
							<String ID="string_77" HPOS="456" VPOS="458" WIDTH="26" HEIGHT="21" WC="0.96" CONTENT="de"/><SP WIDTH="18" VPOS="458" HPOS="482"/>
							<String ID="string_78" HPOS="500" VPOS="458" WIDTH="40" HEIGHT="21" WC="0.93" CONTENT="hos"/><SP WIDTH="18" VPOS="458" HPOS="540"/>
							<String ID="string_79" HPOS="558" VPOS="459" WIDTH="159" HEIGHT="25" WC="0.91" CONTENT="guvernörerne"/><SP WIDTH="18" VPOS="459" HPOS="717"/>
							<String ID="string_80" HPOS="735" VPOS="457" WIDTH="127" HEIGHT="22" WC="0.92" CONTENT="förevordna"/>
						</TextLine>
						<TextLine ID="line_10" HPOS="101" VPOS="492" WIDTH="761" HEIGHT="28">
							<String ID="string_81" HPOS="101" VPOS="492" WIDTH="201" HEIGHT="28" WC="0.91" CONTENT="utsökningsmälen"/><SP WIDTH="17" VPOS="492" HPOS="302"/>
							<String ID="string_82" HPOS="319" VPOS="495" WIDTH="54" HEIGHT="19" WC="0.96" CONTENT="samt"/><SP WIDTH="16" VPOS="495" HPOS="373"/>
							<String ID="string_83" HPOS="389" VPOS="492" WIDTH="22" HEIGHT="22" WC="0.93" CONTENT="af"/><SP WIDTH="14" VPOS="492" HPOS="411"/>
							<String ID="string_84" HPOS="425" VPOS="493" WIDTH="111" HEIGHT="21" WC="0.93" CONTENT="städernas"/><SP WIDTH="10" VPOS="493" HPOS="536"/>
							<String ID="string_85" HPOS="546" VPOS="492" WIDTH="144" HEIGHT="28" WC="0.92" CONTENT="poliskamrar"/><SP WIDTH="11" VPOS="492" HPOS="690"/>
							<String ID="string_86" HPOS="701" VPOS="492" WIDTH="38" HEIGHT="22" WC="0.93" CONTENT="och"/><SP WIDTH="11" VPOS="492" HPOS="739"/>
							<String ID="string_87" HPOS="750" VPOS="492" WIDTH="112" HEIGHT="28" WC="0.91" CONTENT="ordnings-"/>
						</TextLine>
						<TextLine ID="line_11" HPOS="102" VPOS="526" WIDTH="759" HEIGHT="28">
							<String ID="string_88" HPOS="102" VPOS="529" WIDTH="69" HEIGHT="19" WC="0.93" CONTENT="rätter"/><SP WIDTH="15" VPOS="529" HPOS="171"/>
							<String ID="string_89" HPOS="186" VPOS="526" WIDTH="122" HEIGHT="28" WC="0.92" CONTENT="handlagda"/><SP WIDTH="16" VPOS="526" HPOS="308"/>
							<String ID="string_90" HPOS="324" VPOS="526" WIDTH="83" HEIGHT="22" WC="0.93" CONTENT="mindre"/><SP WIDTH="16" VPOS="526" HPOS="407"/>
							<String ID="string_91" HPOS="423" VPOS="527" WIDTH="111" HEIGHT="27" WC="0.94" CONTENT="brottmål,"/><SP WIDTH="16" VPOS="527" HPOS="534"/>
							<String ID="string_92" HPOS="550" VPOS="527" WIDTH="84" HEIGHT="21" WC="0.96" CONTENT="antalet"/><SP WIDTH="15" VPOS="527" HPOS="634"/>
							<String ID="string_93" HPOS="649" VPOS="527" WIDTH="23" HEIGHT="21" WC="0.96" CONTENT="af"/><SP WIDTH="15" VPOS="527" HPOS="672"/>
							<String ID="string_94" HPOS="687" VPOS="527" WIDTH="26" HEIGHT="21" WC="0.96" CONTENT="de"/><SP WIDTH="15" VPOS="527" HPOS="713"/>
							<String ID="string_95" HPOS="728" VPOS="527" WIDTH="36" HEIGHT="21" WC="0.96" CONTENT="vid"/><SP WIDTH="16" VPOS="527" HPOS="764"/>
							<String ID="string_96" HPOS="780" VPOS="527" WIDTH="26" HEIGHT="21" WC="0.92" CONTENT="de"/><SP WIDTH="16" VPOS="527" HPOS="806"/>
							<String ID="string_97" HPOS="822" VPOS="527" WIDTH="39" HEIGHT="21" WC="0.92" CONTENT="all-"/>
						</TextLine>
						<TextLine ID="line_12" HPOS="101" VPOS="561" WIDTH="761" HEIGHT="28">
							<String ID="string_98" HPOS="101" VPOS="563" WIDTH="79" HEIGHT="20" WC="0.91" CONTENT="männa"/><SP WIDTH="22" VPOS="563" HPOS="180"/>
							<String ID="string_99" HPOS="202" VPOS="561" WIDTH="217" HEIGHT="22" WC="0.92" CONTENT="underdomstolarna"/><SP WIDTH="16" VPOS="561" HPOS="419"/>
							<String ID="string_100" HPOS="435" VPOS="561" WIDTH="98" HEIGHT="22" WC="0.93" CONTENT="sakfälda"/><SP WIDTH="15" VPOS="561" HPOS="533"/>
							<String ID="string_101" HPOS="548" VPOS="567" WIDTH="131" HEIGHT="22" WC="0.92" CONTENT="personerna"/><SP WIDTH="15" VPOS="567" HPOS="679"/>
							<String ID="string_102" HPOS="694" VPOS="561" WIDTH="40" HEIGHT="22" WC="0.97" CONTENT="och"/><SP WIDTH="16" VPOS="561" HPOS="734"/>
							<String ID="string_103" HPOS="750" VPOS="561" WIDTH="26" HEIGHT="22" WC="0.93" CONTENT="de"/><SP WIDTH="15" VPOS="561" HPOS="776"/>
							<String ID="string_104" HPOS="791" VPOS="561" WIDTH="71" HEIGHT="22" WC="0.93" CONTENT="märk-"/>
						</TextLine>
						<TextLine ID="line_13" HPOS="101" VPOS="595" WIDTH="762" HEIGHT="28">
							<String ID="string_105" HPOS="101" VPOS="596" WIDTH="68" HEIGHT="27" WC="0.96" CONTENT="ligare"/><SP WIDTH="23" VPOS="596" HPOS="169"/>
							<String ID="string_106" HPOS="192" VPOS="596" WIDTH="47" HEIGHT="27" WC="0.95" CONTENT="slag"/><SP WIDTH="23" VPOS="596" HPOS="239"/>
							<String ID="string_107" HPOS="262" VPOS="595" WIDTH="23" HEIGHT="22" WC="0.95" CONTENT="af"/><SP WIDTH="20" VPOS="595" HPOS="285"/>
							<String ID="string_108" HPOS="305" VPOS="596" WIDTH="65" HEIGHT="25" WC="0.96" CONTENT="brott,"/><SP WIDTH="17" VPOS="596" HPOS="370"/>
							<String ID="string_109" HPOS="387" VPOS="595" WIDTH="40" HEIGHT="28" WC="0.84" CONTENT="för]"/><SP WIDTH="15" VPOS="595" HPOS="427"/>
							<String ID="string_110" HPOS="442" VPOS="596" WIDTH="74" HEIGHT="21" WC="0.96" CONTENT="hvilka"/><SP WIDTH="16" VPOS="596" HPOS="516"/>
							<String ID="string_111" HPOS="532" VPOS="596" WIDTH="26" HEIGHT="21" WC="0.93" CONTENT="de"/><SP WIDTH="16" VPOS="596" HPOS="558"/>
							<String ID="string_112" HPOS="574" VPOS="595" WIDTH="70" HEIGHT="22" WC="0.93" CONTENT="blifvit"/><SP WIDTH="16" VPOS="595" HPOS="644"/>
							<String ID="string_113" HPOS="660" VPOS="595" WIDTH="66" HEIGHT="28" WC="0.92" CONTENT="fälda,"/><SP WIDTH="16" VPOS="595" HPOS="726"/>
							<String ID="string_114" HPOS="742" VPOS="596" WIDTH="82" HEIGHT="22" WC="0.96" CONTENT="antalet"/><SP WIDTH="16" VPOS="596" HPOS="824"/>
							<String ID="string_115" HPOS="840" VPOS="595" WIDTH="23" HEIGHT="22" WC="0.97" CONTENT="af"/>
						</TextLine>
						<TextLine ID="line_14" HPOS="102" VPOS="630" WIDTH="760" HEIGHT="27">
							<String ID="string_116" HPOS="102" VPOS="631" WIDTH="25" HEIGHT="20" WC="0.93" CONTENT="de"/><SP WIDTH="16" VPOS="631" HPOS="127"/>
							<String ID="string_117" HPOS="143" VPOS="630" WIDTH="48" HEIGHT="21" WC="0.92" CONTENT="utaf"/><SP WIDTH="14" VPOS="630" HPOS="191"/>
							<String ID="string_118" HPOS="205" VPOS="631" WIDTH="166" HEIGHT="20" WC="0.92" CONTENT="underrätterna"/><SP WIDTH="10" VPOS="631" HPOS="371"/>
							<String ID="string_119" HPOS="381" VPOS="631" WIDTH="135" HEIGHT="21" WC="0.91" CONTENT="behandlade"/><SP WIDTH="11" VPOS="631" HPOS="516"/>
							<String ID="string_120" HPOS="527" VPOS="630" WIDTH="201" HEIGHT="27" WC="0.92" CONTENT="lagfartsärendena"/><SP WIDTH="10" VPOS="630" HPOS="728"/>
							<String ID="string_121" HPOS="738" VPOS="632" WIDTH="56" HEIGHT="20" WC="0.93" CONTENT="samt"/><SP WIDTH="10" VPOS="632" HPOS="794"/>
							<String ID="string_122" HPOS="804" VPOS="631" WIDTH="58" HEIGHT="21" WC="0.92" CONTENT="salu-"/>
						</TextLine>
						<TextLine ID="line_15" HPOS="101" VPOS="664" WIDTH="759" HEIGHT="28">
							<String ID="string_123" HPOS="101" VPOS="665" WIDTH="76" HEIGHT="21" WC="0.91" CONTENT="värdet"/><SP WIDTH="22" VPOS="665" HPOS="177"/>
							<String ID="string_124" HPOS="199" VPOS="665" WIDTH="23" HEIGHT="21" WC="0.96" CONTENT="af"/><SP WIDTH="22" VPOS="665" HPOS="222"/>
							<String ID="string_125" HPOS="244" VPOS="665" WIDTH="41" HEIGHT="21" WC="0.93" CONTENT="den"/><SP WIDTH="24" VPOS="665" HPOS="285"/>
							<String ID="string_126" HPOS="309" VPOS="665" WIDTH="56" HEIGHT="21" WC="0.91" CONTENT="fasta"/><SP WIDTH="15" VPOS="665" HPOS="365"/>
							<String ID="string_127" HPOS="380" VPOS="665" WIDTH="109" HEIGHT="27" WC="0.96" CONTENT="egendom,"/><SP WIDTH="17" VPOS="665" HPOS="489"/>
							<String ID="string_128" HPOS="506" VPOS="671" WIDTH="45" HEIGHT="15" WC="0.93" CONTENT="som"/><SP WIDTH="17" VPOS="671" HPOS="551"/>
							<String ID="string_129" HPOS="568" VPOS="665" WIDTH="82" HEIGHT="27" WC="0.92" CONTENT="ombytt"/><SP WIDTH="15" VPOS="665" HPOS="650"/>
							<String ID="string_130" HPOS="665" VPOS="671" WIDTH="71" HEIGHT="20" WC="0.91" CONTENT="egare,"/><SP WIDTH="16" VPOS="671" HPOS="736"/>
							<String ID="string_131" HPOS="752" VPOS="664" WIDTH="108" HEIGHT="22" WC="0.92" CONTENT="äfvensom"/>
						</TextLine>
						<TextLine ID="line_16" HPOS="101" VPOS="699" WIDTH="761" HEIGHT="28">
							<String ID="string_132" HPOS="101" VPOS="699" WIDTH="26" HEIGHT="21" WC="0.93" CONTENT="de"/><SP WIDTH="11" VPOS="699" HPOS="127"/>
							<String ID="string_133" HPOS="138" VPOS="699" WIDTH="194" HEIGHT="28" WC="0.90" CONTENT="penningebelopp,"/><SP WIDTH="11" VPOS="699" HPOS="332"/>
							<String ID="string_134" HPOS="343" VPOS="699" WIDTH="33" HEIGHT="22" WC="0.93" CONTENT="för"/><SP WIDTH="10" VPOS="699" HPOS="376"/>
							<String ID="string_135" HPOS="386" VPOS="699" WIDTH="73" HEIGHT="22" WC="0.92" CONTENT="hvilka"/><SP WIDTH="10" VPOS="699" HPOS="459"/>
							<String ID="string_136" HPOS="469" VPOS="700" WIDTH="125" HEIGHT="27" WC="0.90" CONTENT="inteckning"/><SP WIDTH="9" VPOS="700" HPOS="594"/>
							<String ID="string_137" HPOS="603" VPOS="699" WIDTH="108" HEIGHT="22" WC="0.93" CONTENT="faststälts"/><SP WIDTH="12" VPOS="699" HPOS="711"/>
							<String ID="string_138" HPOS="723" VPOS="699" WIDTH="40" HEIGHT="22" WC="0.93" CONTENT="och"/><SP WIDTH="11" VPOS="699" HPOS="763"/>
							<String ID="string_139" HPOS="774" VPOS="699" WIDTH="88" HEIGHT="26" WC="0.87" CONTENT="dödats;"/>
						</TextLine>
						<TextLine ID="line_17" HPOS="101" VPOS="734" WIDTH="760" HEIGHT="27">
							<String ID="string_140" HPOS="101" VPOS="734" WIDTH="109" HEIGHT="21" WC="0.92" CONTENT="hvarefter"/><SP WIDTH="15" VPOS="734" HPOS="210"/>
							<String ID="string_141" HPOS="225" VPOS="740" WIDTH="26" HEIGHT="15" WC="0.96" CONTENT="en"/><SP WIDTH="16" VPOS="740" HPOS="251"/>
							<String ID="string_142" HPOS="267" VPOS="734" WIDTH="92" HEIGHT="21" WC="0.93" CONTENT="särskild"/><SP WIDTH="16" VPOS="734" HPOS="359"/>
							<String ID="string_143" HPOS="375" VPOS="734" WIDTH="107" HEIGHT="22" WC="0.92" CONTENT="statistisk"/><SP WIDTH="16" VPOS="734" HPOS="482"/>
							<String ID="string_144" HPOS="498" VPOS="734" WIDTH="135" HEIGHT="27" WC="0.92" CONTENT="redogörelse"/><SP WIDTH="16" VPOS="734" HPOS="633"/>
							<String ID="string_145" HPOS="649" VPOS="734" WIDTH="33" HEIGHT="21" WC="0.93" CONTENT="för"/><SP WIDTH="15" VPOS="734" HPOS="682"/>
							<String ID="string_146" HPOS="697" VPOS="734" WIDTH="164" HEIGHT="21" WC="0.92" CONTENT="förhällandena"/>
						</TextLine>
						<TextLine ID="line_18" HPOS="101" VPOS="768" WIDTH="318" HEIGHT="28">
							<String ID="string_147" HPOS="101" VPOS="768" WIDTH="68" HEIGHT="21" WC="0.96" CONTENT="under"/><SP WIDTH="16" VPOS="768" HPOS="169"/>
							<String ID="string_148" HPOS="185" VPOS="769" WIDTH="26" HEIGHT="20" WC="0.96" CONTENT="är"/><SP WIDTH="16" VPOS="769" HPOS="211"/>
							<String ID="string_149" HPOS="227" VPOS="769" WIDTH="52" HEIGHT="20" WC="0.93" CONTENT="1891"/><SP WIDTH="18" VPOS="769" HPOS="279"/>
							<String ID="string_150" HPOS="297" VPOS="768" WIDTH="122" HEIGHT="28" WC="0.88" CONTENT="meddelas!"/>
						</TextLine>
					</TextBlock>
					<TextBlock ID="block_2" HPOS="100" VPOS="803" WIDTH="761" HEIGHT="234">
						<TextLine ID="line_19" HPOS="169" VPOS="803" WIDTH="692" HEIGHT="27">
							<String ID="string_151" HPOS="169" VPOS="803" WIDTH="76" HEIGHT="21" WC="0.91" CONTENT="Ehuru"/><SP WIDTH="25" VPOS="803" HPOS="245"/>
							<String ID="string_152" HPOS="270" VPOS="803" WIDTH="37" HEIGHT="21" WC="0.95" CONTENT="det"/><SP WIDTH="24" VPOS="803" HPOS="307"/>
							<String ID="string_153" HPOS="331" VPOS="809" WIDTH="28" HEIGHT="15" WC="0.91" CONTENT="nu"/><SP WIDTH="25" VPOS="809" HPOS="359"/>
							<String ID="string_154" HPOS="384" VPOS="803" WIDTH="126" HEIGHT="27" WC="0.91" CONTENT="visserligen"/><SP WIDTH="22" VPOS="803" HPOS="510"/>
							<String ID="string_155" HPOS="532" VPOS="803" WIDTH="18" HEIGHT="27" WC="0.92" CONTENT="ej"/><SP WIDTH="24" VPOS="803" HPOS="550"/>
							<String ID="string_156" HPOS="574" VPOS="803" WIDTH="43" HEIGHT="21" WC="0.93" CONTENT="kan"/><SP WIDTH="22" VPOS="803" HPOS="617"/>
							<String ID="string_157" HPOS="639" VPOS="803" WIDTH="106" HEIGHT="27" WC="0.92" CONTENT="förnekas,"/><SP WIDTH="24" VPOS="803" HPOS="745"/>
							<String ID="string_158" HPOS="769" VPOS="805" WIDTH="33" HEIGHT="20" WC="0.96" CONTENT="att"/><SP WIDTH="22" VPOS="805" HPOS="802"/>
							<String ID="string_159" HPOS="824" VPOS="803" WIDTH="37" HEIGHT="22" WC="0.96" CONTENT="det"/>
						</TextLine>
						<TextLine ID="line_20" HPOS="101" VPOS="837" WIDTH="759" HEIGHT="28">
							<String ID="string_160" HPOS="101" VPOS="837" WIDTH="121" HEIGHT="22" WC="0.92" CONTENT="statistiska"/><SP WIDTH="23" VPOS="837" HPOS="222"/>
							<String ID="string_161" HPOS="245" VPOS="838" WIDTH="104" HEIGHT="26" WC="0.92" CONTENT="material,"/><SP WIDTH="18" VPOS="838" HPOS="349"/>
							<String ID="string_162" HPOS="367" VPOS="844" WIDTH="46" HEIGHT="15" WC="0.96" CONTENT="som"/><SP WIDTH="16" VPOS="844" HPOS="413"/>
							<String ID="string_163" HPOS="429" VPOS="838" WIDTH="33" HEIGHT="21" WC="0.93" CONTENT="för"/><SP WIDTH="16" VPOS="838" HPOS="462"/>
							<String ID="string_164" HPOS="478" VPOS="837" WIDTH="158" HEIGHT="22" WC="0.92" CONTENT="ofvanberörda"/><SP WIDTH="16" VPOS="837" HPOS="636"/>
							<String ID="string_165" HPOS="652" VPOS="838" WIDTH="74" HEIGHT="27" WC="0.93" CONTENT="längre"/><SP WIDTH="16" VPOS="838" HPOS="726"/>
							<String ID="string_166" HPOS="742" VPOS="838" WIDTH="118" HEIGHT="27" WC="0.92" CONTENT="tidsperiod"/>
						</TextLine>
						<TextLine ID="line_21" HPOS="101" VPOS="871" WIDTH="759" HEIGHT="28">
							<String ID="string_167" HPOS="101" VPOS="871" WIDTH="91" HEIGHT="22" WC="0.92" CONTENT="sälunda"/><SP WIDTH="22" VPOS="871" HPOS="192"/>
							<String ID="string_168" HPOS="214" VPOS="872" WIDTH="83" HEIGHT="21" WC="0.93" CONTENT="kunnat"/><SP WIDTH="22" VPOS="872" HPOS="297"/>
							<String ID="string_169" HPOS="319" VPOS="873" WIDTH="180" HEIGHT="26" WC="0.90" CONTENT="sammanställas,"/><SP WIDTH="20" VPOS="873" HPOS="499"/>
							<String ID="string_170" HPOS="519" VPOS="874" WIDTH="24" HEIGHT="19" WC="0.96" CONTENT="är"/><SP WIDTH="22" VPOS="874" HPOS="543"/>
							<String ID="string_171" HPOS="565" VPOS="873" WIDTH="7" HEIGHT="20" WC="0.93" CONTENT="i"/><SP WIDTH="23" VPOS="873" HPOS="572"/>
							<String ID="string_172" HPOS="595" VPOS="872" WIDTH="79" HEIGHT="27" WC="0.91" CONTENT="mänga"/><SP WIDTH="17" VPOS="872" HPOS="674"/>
							<String ID="string_173" HPOS="691" VPOS="873" WIDTH="90" HEIGHT="26" WC="0.92" CONTENT="stycken"/><SP WIDTH="15" VPOS="873" HPOS="781"/>
							<String ID="string_174" HPOS="796" VPOS="872" WIDTH="64" HEIGHT="22" WC="0.92" CONTENT="brist-"/>
						</TextLine>
						<TextLine ID="line_22" HPOS="100" VPOS="905" WIDTH="760" HEIGHT="29">
							<String ID="string_175" HPOS="100" VPOS="905" WIDTH="76" HEIGHT="28" WC="0.93" CONTENT="fälligt,"/><SP WIDTH="15" VPOS="905" HPOS="176"/>
							<String ID="string_176" HPOS="191" VPOS="906" WIDTH="41" HEIGHT="21" WC="0.96" CONTENT="har"/><SP WIDTH="21" VPOS="906" HPOS="232"/>
							<String ID="string_177" HPOS="253" VPOS="907" WIDTH="37" HEIGHT="26" WC="0.96" CONTENT="jag"/><SP WIDTH="23" VPOS="907" HPOS="290"/>
							<String ID="string_178" HPOS="313" VPOS="907" WIDTH="54" HEIGHT="21" WC="0.93" CONTENT="dock"/><SP WIDTH="15" VPOS="907" HPOS="367"/>
							<String ID="string_179" HPOS="382" VPOS="909" WIDTH="55" HEIGHT="20" WC="0.93" CONTENT="trott"/><SP WIDTH="14" VPOS="909" HPOS="437"/>
							<String ID="string_180" HPOS="451" VPOS="907" WIDTH="44" HEIGHT="27" WC="0.93" CONTENT="mig"/><SP WIDTH="15" VPOS="907" HPOS="495"/>
							<String ID="string_181" HPOS="510" VPOS="907" WIDTH="53" HEIGHT="21" WC="0.92" CONTENT="böra"/><SP WIDTH="15" VPOS="907" HPOS="563"/>
							<String ID="string_182" HPOS="578" VPOS="907" WIDTH="40" HEIGHT="21" WC="0.93" CONTENT="här"/><SP WIDTH="14" VPOS="907" HPOS="618"/>
							<String ID="string_183" HPOS="632" VPOS="909" WIDTH="99" HEIGHT="19" WC="0.92" CONTENT="närmare"/><SP WIDTH="15" VPOS="909" HPOS="731"/>
							<String ID="string_184" HPOS="746" VPOS="907" WIDTH="114" HEIGHT="21" WC="0.93" CONTENT="framhälla"/>
						</TextLine>
						<TextLine ID="line_23" HPOS="100" VPOS="941" WIDTH="760" HEIGHT="28">
							<String ID="string_185" HPOS="100" VPOS="941" WIDTH="68" HEIGHT="26" WC="0.96" CONTENT="några"/><SP WIDTH="18" VPOS="941" HPOS="168"/>
							<String ID="string_186" HPOS="186" VPOS="941" WIDTH="28" HEIGHT="26" WC="0.96" CONTENT="af;"/><SP WIDTH="14" VPOS="941" HPOS="214"/>
							<String ID="string_187" HPOS="228" VPOS="941" WIDTH="27" HEIGHT="21" WC="0.93" CONTENT="de"/><SP WIDTH="18" VPOS="941" HPOS="255"/>
							<String ID="string_188" HPOS="273" VPOS="941" WIDTH="132" HEIGHT="28" WC="0.96" CONTENT="företeelser,"/><SP WIDTH="16" VPOS="941" HPOS="405"/>
							<String ID="string_189" HPOS="421" VPOS="947" WIDTH="45" HEIGHT="16" WC="0.96" CONTENT="som"/><SP WIDTH="16" VPOS="947" HPOS="466"/>
							<String ID="string_190" HPOS="482" VPOS="941" WIDTH="36" HEIGHT="22" WC="0.96" CONTENT="vid"/><SP WIDTH="16" VPOS="941" HPOS="518"/>
							<String ID="string_191" HPOS="534" VPOS="947" WIDTH="26" HEIGHT="16" WC="0.96" CONTENT="en"/><SP WIDTH="14" VPOS="947" HPOS="560"/>
							<String ID="string_192" HPOS="574" VPOS="947" WIDTH="60" HEIGHT="16" WC="0.93" CONTENT="mera"/><SP WIDTH="16" VPOS="947" HPOS="634"/>
							<String ID="string_193" HPOS="650" VPOS="941" WIDTH="104" HEIGHT="27" WC="0.93" CONTENT="ingående"/><SP WIDTH="16" VPOS="941" HPOS="754"/>
							<String ID="string_194" HPOS="770" VPOS="941" WIDTH="90" HEIGHT="28" WC="0.93" CONTENT="gransk-"/>
						</TextLine>
						<TextLine ID="line_24" HPOS="100" VPOS="975" WIDTH="760" HEIGHT="27">
							<String ID="string_195" HPOS="100" VPOS="975" WIDTH="52" HEIGHT="27" WC="0.96" CONTENT="ning"/><SP WIDTH="23" VPOS="975" HPOS="152"/>
							<String ID="string_196" HPOS="175" VPOS="975" WIDTH="24" HEIGHT="21" WC="0.93" CONTENT="af"/><SP WIDTH="21" VPOS="975" HPOS="199"/>
							<String ID="string_197" HPOS="220" VPOS="975" WIDTH="164" HEIGHT="27" WC="0.91" CONTENT="ifrägavarande"/><SP WIDTH="22" VPOS="975" HPOS="384"/>
							<String ID="string_198" HPOS="406" VPOS="976" WIDTH="92" HEIGHT="21" WC="0.90" CONTENT="tabeller"/><SP WIDTH="18" VPOS="976" HPOS="498"/>
							<String ID="string_199" HPOS="516" VPOS="975" WIDTH="154" HEIGHT="22" WC="0.92" CONTENT="företrädesvis"/><SP WIDTH="15" VPOS="975" HPOS="670"/>
							<String ID="string_200" HPOS="685" VPOS="975" WIDTH="119" HEIGHT="22" WC="0.92" CONTENT="framträda"/><SP WIDTH="16" VPOS="975" HPOS="804"/>
							<String ID="string_201" HPOS="820" VPOS="976" WIDTH="40" HEIGHT="21" WC="0.96" CONTENT="och"/>
						</TextLine>
						<TextLine ID="line_25" HPOS="101" VPOS="1009" WIDTH="538" HEIGHT="28">
							<String ID="string_202" HPOS="101" VPOS="1015" WIDTH="65" HEIGHT="22" WC="0.92" CONTENT="synas"/><SP WIDTH="15" VPOS="1015" HPOS="166"/>
							<String ID="string_203" HPOS="181" VPOS="1010" WIDTH="45" HEIGHT="27" WC="0.95" CONTENT="mig"/><SP WIDTH="15" VPOS="1010" HPOS="226"/>
							<String ID="string_204" HPOS="241" VPOS="1009" WIDTH="90" HEIGHT="28" WC="0.96" CONTENT="erbjuda"/><SP WIDTH="16" VPOS="1009" HPOS="331"/>
							<String ID="string_205" HPOS="347" VPOS="1012" WIDTH="32" HEIGHT="19" WC="0.93" CONTENT="ett"/><SP WIDTH="16" VPOS="1012" HPOS="379"/>
							<String ID="string_206" HPOS="395" VPOS="1011" WIDTH="131" HEIGHT="21" WC="0.92" CONTENT="allmännare"/><SP WIDTH="15" VPOS="1011" HPOS="526"/>
							<String ID="string_207" HPOS="541" VPOS="1011" WIDTH="98" HEIGHT="21" WC="0.96" CONTENT="intresse."/>
						</TextLine>
					</TextBlock>
					<TextBlock ID="block_3" HPOS="99" VPOS="1044" WIDTH="761" HEIGHT="167">
						<TextLine ID="line_26" HPOS="169" VPOS="1044" WIDTH="691" HEIGHT="28">
							<String ID="string_208" HPOS="169" VPOS="1044" WIDTH="73" HEIGHT="21" WC="0.88" CONTENT="Under"/><SP WIDTH="22" VPOS="1044" HPOS="242"/>
							<String ID="string_209" HPOS="264" VPOS="1045" WIDTH="127" HEIGHT="27" WC="0.95" CONTENT="hänvisning"/><SP WIDTH="22" VPOS="1045" HPOS="391"/>
							<String ID="string_210" HPOS="413" VPOS="1045" WIDTH="34" HEIGHT="21" WC="0.93" CONTENT="till"/><SP WIDTH="22" VPOS="1045" HPOS="447"/>
							<String ID="string_211" HPOS="469" VPOS="1045" WIDTH="67" HEIGHT="27" WC="0.96" CONTENT="sagda"/><SP WIDTH="23" VPOS="1045" HPOS="536"/>
							<String ID="string_212" HPOS="559" VPOS="1045" WIDTH="97" HEIGHT="27" WC="0.92" CONTENT="tabeller,"/><SP WIDTH="16" VPOS="1045" HPOS="656"/>
							<String ID="string_213" HPOS="672" VPOS="1045" WIDTH="81" HEIGHT="21" WC="0.92" CONTENT="lemnas"/><SP WIDTH="22" VPOS="1045" HPOS="753"/>
							<String ID="string_214" HPOS="775" VPOS="1044" WIDTH="85" HEIGHT="22" WC="0.91" CONTENT="derföre"/>
						</TextLine>
						<TextLine ID="line_27" HPOS="99" VPOS="1078" WIDTH="761" HEIGHT="28">
							<String ID="string_215" HPOS="99" VPOS="1078" WIDTH="41" HEIGHT="21" WC="0.96" CONTENT="här"/><SP WIDTH="15" VPOS="1078" HPOS="140"/>
							<String ID="string_216" HPOS="155" VPOS="1079" WIDTH="70" HEIGHT="21" WC="0.96" CONTENT="nedan"/><SP WIDTH="16" VPOS="1079" HPOS="225"/>
							<String ID="string_217" HPOS="241" VPOS="1079" WIDTH="8" HEIGHT="20" WC="0.96" CONTENT="i"/><SP WIDTH="14" VPOS="1079" HPOS="249"/>
							<String ID="string_218" HPOS="263" VPOS="1081" WIDTH="33" HEIGHT="19" WC="0.96" CONTENT="tre"/><SP WIDTH="16" VPOS="1081" HPOS="296"/>
							<String ID="string_219" HPOS="312" VPOS="1079" WIDTH="105" HEIGHT="22" WC="0.93" CONTENT="särskilda"/><SP WIDTH="10" VPOS="1079" HPOS="417"/>
							<String ID="string_220" HPOS="427" VPOS="1079" WIDTH="142" HEIGHT="27" WC="0.91" CONTENT="afdelningar,"/><SP WIDTH="11" VPOS="1079" HPOS="569"/>
							<String ID="string_221" HPOS="580" VPOS="1079" WIDTH="149" HEIGHT="22" WC="0.92" CONTENT="innefattande"/><SP WIDTH="12" VPOS="1079" HPOS="729"/>
							<String ID="string_222" HPOS="741" VPOS="1079" WIDTH="41" HEIGHT="21" WC="0.96" CONTENT="den"/><SP WIDTH="9" VPOS="1079" HPOS="782"/>
							<String ID="string_223" HPOS="791" VPOS="1079" WIDTH="69" HEIGHT="21" WC="0.96" CONTENT="första"/>
						</TextLine>
						<TextLine ID="line_28" HPOS="100" VPOS="1113" WIDTH="760" HEIGHT="28">
							<String ID="string_224" HPOS="100" VPOS="1113" WIDTH="25" HEIGHT="21" WC="0.93" CONTENT="de"/><SP WIDTH="16" VPOS="1113" HPOS="125"/>
							<String ID="string_225" HPOS="141" VPOS="1113" WIDTH="69" HEIGHT="27" WC="0.89" CONTENT="civila,"/><SP WIDTH="17" VPOS="1113" HPOS="210"/>
							<String ID="string_226" HPOS="227" VPOS="1113" WIDTH="41" HEIGHT="22" WC="0.96" CONTENT="den"/><SP WIDTH="17" VPOS="1113" HPOS="268"/>
							<String ID="string_227" HPOS="285" VPOS="1114" WIDTH="66" HEIGHT="22" WC="0.96" CONTENT="andra"/><SP WIDTH="12" VPOS="1114" HPOS="351"/>
							<String ID="string_228" HPOS="363" VPOS="1114" WIDTH="26" HEIGHT="22" WC="0.93" CONTENT="de"/><SP WIDTH="10" VPOS="1114" HPOS="389"/>
							<String ID="string_229" HPOS="399" VPOS="1114" WIDTH="115" HEIGHT="22" WC="0.92" CONTENT="kriminela"/><SP WIDTH="10" VPOS="1114" HPOS="514"/>
							<String ID="string_230" HPOS="524" VPOS="1113" WIDTH="70" HEIGHT="23" WC="0.92" CONTENT="mälen"/><SP WIDTH="11" VPOS="1113" HPOS="594"/>
							<String ID="string_231" HPOS="605" VPOS="1114" WIDTH="39" HEIGHT="22" WC="0.96" CONTENT="och"/><SP WIDTH="12" VPOS="1114" HPOS="644"/>
							<String ID="string_232" HPOS="656" VPOS="1114" WIDTH="41" HEIGHT="22" WC="0.93" CONTENT="den"/><SP WIDTH="11" VPOS="1114" HPOS="697"/>
							<String ID="string_233" HPOS="708" VPOS="1113" WIDTH="69" HEIGHT="28" WC="0.91" CONTENT="tredje"/><SP WIDTH="10" VPOS="1113" HPOS="777"/>
							<String ID="string_234" HPOS="787" VPOS="1113" WIDTH="73" HEIGHT="22" WC="0.92" CONTENT="ofvan-"/>
						</TextLine>
						<TextLine ID="line_29" HPOS="99" VPOS="1148" WIDTH="760" HEIGHT="28">
							<String ID="string_235" HPOS="99" VPOS="1148" WIDTH="94" HEIGHT="21" WC="0.93" CONTENT="berörda"/><SP WIDTH="16" VPOS="1148" HPOS="193"/>
							<String ID="string_236" HPOS="209" VPOS="1148" WIDTH="235" HEIGHT="28" WC="0.91" CONTENT="anmälningsärenden,"/><SP WIDTH="18" VPOS="1148" HPOS="444"/>
							<String ID="string_237" HPOS="462" VPOS="1156" WIDTH="26" HEIGHT="14" WC="0.93" CONTENT="en"/><SP WIDTH="10" VPOS="1156" HPOS="488"/>
							<String ID="string_238" HPOS="498" VPOS="1149" WIDTH="201" HEIGHT="27" WC="0.91" CONTENT="sammanställning"/><SP WIDTH="10" VPOS="1149" HPOS="699"/>
							<String ID="string_239" HPOS="709" VPOS="1148" WIDTH="23" HEIGHT="22" WC="0.93" CONTENT="af"/><SP WIDTH="10" VPOS="1148" HPOS="732"/>
							<String ID="string_240" HPOS="742" VPOS="1148" WIDTH="117" HEIGHT="22" WC="0.92" CONTENT="omordade"/>
						</TextLine>
						<TextLine ID="line_30" HPOS="99" VPOS="1182" WIDTH="406" HEIGHT="29">
							<String ID="string_241" HPOS="99" VPOS="1182" WIDTH="104" HEIGHT="22" WC="0.92" CONTENT="tabellers"/><SP WIDTH="15" VPOS="1182" HPOS="203"/>
							<String ID="string_242" HPOS="218" VPOS="1182" WIDTH="95" HEIGHT="22" WC="0.92" CONTENT="innehäll"/><SP WIDTH="16" VPOS="1182" HPOS="313"/>
							<String ID="string_243" HPOS="329" VPOS="1183" WIDTH="6" HEIGHT="21" WC="0.93" CONTENT="i"/><SP WIDTH="16" VPOS="1183" HPOS="335"/>
							<String ID="string_244" HPOS="351" VPOS="1184" WIDTH="76" HEIGHT="26" WC="0.93" CONTENT="antydt"/><SP WIDTH="15" VPOS="1184" HPOS="427"/>
							<String ID="string_245" HPOS="442" VPOS="1183" WIDTH="63" HEIGHT="28" WC="0.96" CONTENT="syfte."/>
						</TextLine>
					</TextBlock>
				</ComposedBlock>
				<GraphicalElement ID="cblock_2" HPOS="145" VPOS="1229" WIDTH="93" HEIGHT="5"></GraphicalElement >
				<ComposedBlock ID="cblock_3" HPOS="98" VPOS="1256" WIDTH="762" HEIGHT="168">
					<TextBlock ID="block_4" HPOS="98" VPOS="1256" WIDTH="762" HEIGHT="168">
						<TextLine ID="line_31" HPOS="169" VPOS="1256" WIDTH="690" HEIGHT="24">
							<String ID="string_246" HPOS="169" VPOS="1258" WIDTH="14" HEIGHT="21" WC="0.90" CONTENT="1)"/><SP WIDTH="21" VPOS="1258" HPOS="183"/>
							<String ID="string_247" HPOS="204" VPOS="1257" WIDTH="83" HEIGHT="18" WC="0.95" CONTENT="Emedan"/><SP WIDTH="21" VPOS="1257" HPOS="287"/>
							<String ID="string_248" HPOS="308" VPOS="1256" WIDTH="58" HEIGHT="24" WC="0.95" CONTENT="några"/><SP WIDTH="20" VPOS="1256" HPOS="366"/>
							<String ID="string_249" HPOS="386" VPOS="1258" WIDTH="96" HEIGHT="22" WC="0.93" CONTENT="uppgifter"/><SP WIDTH="19" VPOS="1258" HPOS="482"/>
							<String ID="string_250" HPOS="501" VPOS="1258" WIDTH="80" HEIGHT="18" WC="0.93" CONTENT="rörande"/><SP WIDTH="18" VPOS="1258" HPOS="581"/>
							<String ID="string_251" HPOS="599" VPOS="1258" WIDTH="235" HEIGHT="22" WC="0.92" CONTENT="Justitiedepartementets"/><SP WIDTH="19" VPOS="1258" HPOS="834"/>
							<String ID="string_252" HPOS="853" VPOS="1257" WIDTH="6" HEIGHT="17" WC="0.96" CONTENT="i"/>
						</TextLine>
						<TextLine ID="line_32" HPOS="99" VPOS="1286" WIDTH="761" HEIGHT="23">
							<String ID="string_253" HPOS="99" VPOS="1286" WIDTH="107" HEIGHT="23" WC="0.95" CONTENT="Kejserliga"/><SP WIDTH="18" VPOS="1286" HPOS="206"/>
							<String ID="string_254" HPOS="224" VPOS="1286" WIDTH="81" HEIGHT="18" WC="0.96" CONTENT="Senaten"/><SP WIDTH="18" VPOS="1286" HPOS="305"/>
							<String ID="string_255" HPOS="323" VPOS="1287" WIDTH="121" HEIGHT="18" WC="0.96" CONTENT="verksamhet"/><SP WIDTH="18" VPOS="1287" HPOS="444"/>
							<String ID="string_256" HPOS="462" VPOS="1286" WIDTH="61" HEIGHT="19" WC="0.96" CONTENT="såsom"/><SP WIDTH="19" VPOS="1286" HPOS="523"/>
							<String ID="string_257" HPOS="542" VPOS="1286" WIDTH="73" HEIGHT="18" WC="0.96" CONTENT="landets"/><SP WIDTH="19" VPOS="1286" HPOS="615"/>
							<String ID="string_258" HPOS="634" VPOS="1287" WIDTH="67" HEIGHT="22" WC="0.96" CONTENT="högsta"/><SP WIDTH="18" VPOS="1287" HPOS="701"/>
							<String ID="string_259" HPOS="719" VPOS="1286" WIDTH="80" HEIGHT="18" WC="0.95" CONTENT="domstol"/><SP WIDTH="18" VPOS="1286" HPOS="799"/>
							<String ID="string_260" HPOS="817" VPOS="1286" WIDTH="43" HEIGHT="18" WC="0.96" CONTENT="icke"/>
						</TextLine>
						<TextLine ID="line_33" HPOS="99" VPOS="1314" WIDTH="759" HEIGHT="24">
							<String ID="string_261" HPOS="99" VPOS="1314" WIDTH="44" HEIGHT="24" WC="0.96" CONTENT="ingå"/><SP WIDTH="12" VPOS="1314" HPOS="143"/>
							<String ID="string_262" HPOS="155" VPOS="1314" WIDTH="27" HEIGHT="18" WC="0.92" CONTENT="uti"/><SP WIDTH="13" VPOS="1314" HPOS="182"/>
							<String ID="string_263" HPOS="195" VPOS="1314" WIDTH="140" HEIGHT="19" WC="0.92" CONTENT="Prokuratorns"/><SP WIDTH="16" VPOS="1314" HPOS="335"/>
							<String ID="string_264" HPOS="351" VPOS="1315" WIDTH="138" HEIGHT="19" WC="0.93" CONTENT="ofvanberörda"/><SP WIDTH="12" VPOS="1315" HPOS="489"/>
							<String ID="string_265" HPOS="501" VPOS="1315" WIDTH="129" HEIGHT="23" WC="0.92" CONTENT="underdåniga"/><SP WIDTH="11" VPOS="1315" HPOS="630"/>
							<String ID="string_266" HPOS="641" VPOS="1314" WIDTH="111" HEIGHT="19" WC="0.96" CONTENT="berättelser"/><SP WIDTH="13" VPOS="1314" HPOS="752"/>
							<String ID="string_267" HPOS="765" VPOS="1314" WIDTH="39" HEIGHT="18" WC="0.96" CONTENT="förr"/><SP WIDTH="12" VPOS="1314" HPOS="804"/>
							<String ID="string_268" HPOS="816" VPOS="1316" WIDTH="24" HEIGHT="16" WC="0.96" CONTENT="än"/><SP WIDTH="12" VPOS="1316" HPOS="840"/>
							<String ID="string_269" HPOS="852" VPOS="1315" WIDTH="6" HEIGHT="17" WC="0.96" CONTENT="i"/>
						</TextLine>
						<TextLine ID="line_34" HPOS="99" VPOS="1343" WIDTH="760" HEIGHT="24">
							<String ID="string_270" HPOS="99" VPOS="1344" WIDTH="23" HEIGHT="18" WC="0.96" CONTENT="de"/><SP WIDTH="19" VPOS="1344" HPOS="122"/>
							<String ID="string_271" HPOS="141" VPOS="1344" WIDTH="42" HEIGHT="18" WC="0.96" CONTENT="från"/><SP WIDTH="19" VPOS="1344" HPOS="183"/>
							<String ID="string_272" HPOS="202" VPOS="1344" WIDTH="35" HEIGHT="18" WC="0.96" CONTENT="och"/><SP WIDTH="19" VPOS="1344" HPOS="237"/>
							<String ID="string_273" HPOS="256" VPOS="1344" WIDTH="41" HEIGHT="18" WC="0.96" CONTENT="med"/><SP WIDTH="16" VPOS="1344" HPOS="297"/>
							<String ID="string_274" HPOS="313" VPOS="1343" WIDTH="21" HEIGHT="19" WC="0.96" CONTENT="år"/><SP WIDTH="14" VPOS="1343" HPOS="334"/>
							<String ID="string_275" HPOS="348" VPOS="1345" WIDTH="44" HEIGHT="17" WC="0.96" CONTENT="1882"/><SP WIDTH="13" VPOS="1345" HPOS="392"/>
							<String ID="string_276" HPOS="405" VPOS="1344" WIDTH="41" HEIGHT="18" WC="0.96" CONTENT="från"/><SP WIDTH="12" VPOS="1344" HPOS="446"/>
							<String ID="string_277" HPOS="458" VPOS="1344" WIDTH="76" HEIGHT="23" WC="0.96" CONTENT="trycket"/><SP WIDTH="12" VPOS="1344" HPOS="534"/>
							<String ID="string_278" HPOS="546" VPOS="1344" WIDTH="96" HEIGHT="22" WC="0.95" CONTENT="utkomna,"/><SP WIDTH="13" VPOS="1344" HPOS="642"/>
							<String ID="string_279" HPOS="655" VPOS="1344" WIDTH="79" HEIGHT="18" WC="0.96" CONTENT="omfatta"/><SP WIDTH="11" VPOS="1344" HPOS="734"/>
							<String ID="string_280" HPOS="745" VPOS="1344" WIDTH="42" HEIGHT="17" WC="0.96" CONTENT="icke"/><SP WIDTH="12" VPOS="1344" HPOS="787"/>
							<String ID="string_281" HPOS="799" VPOS="1343" WIDTH="60" HEIGHT="18" WC="0.96" CONTENT="heller"/>
						</TextLine>
						<TextLine ID="line_35" HPOS="99" VPOS="1371" WIDTH="761" HEIGHT="24">
							<String ID="string_282" HPOS="99" VPOS="1372" WIDTH="125" HEIGHT="23" WC="0.87" CONTENT="förevarande"/><SP WIDTH="13" VPOS="1372" HPOS="224"/>
							<String ID="string_283" HPOS="237" VPOS="1372" WIDTH="79" HEIGHT="18" WC="0.87" CONTENT="tabeller"/><SP WIDTH="13" VPOS="1372" HPOS="316"/>
							<String ID="string_284" HPOS="329" VPOS="1372" WIDTH="22" HEIGHT="18" WC="0.96" CONTENT="de"/><SP WIDTH="12" VPOS="1372" HPOS="351"/>
							<String ID="string_285" HPOS="363" VPOS="1373" WIDTH="28" HEIGHT="17" WC="0.91" CONTENT="uti"/><SP WIDTH="13" VPOS="1373" HPOS="391"/>
							<String ID="string_286" HPOS="404" VPOS="1373" WIDTH="228" HEIGHT="22" WC="0.91" CONTENT="Justitiedepartementet"/><SP WIDTH="13" VPOS="1373" HPOS="632"/>
							<String ID="string_287" HPOS="645" VPOS="1372" WIDTH="59" HEIGHT="18" WC="0.96" CONTENT="under"/><SP WIDTH="12" VPOS="1372" HPOS="704"/>
							<String ID="string_288" HPOS="716" VPOS="1371" WIDTH="144" HEIGHT="24" WC="0.96" CONTENT="ifrågavarande"/>
						</TextLine>
						<TextLine ID="line_36" HPOS="98" VPOS="1401" WIDTH="307" HEIGHT="23">
							<String ID="string_289" HPOS="98" VPOS="1402" WIDTH="104" HEIGHT="22" WC="0.92" CONTENT="tidsperiod"/><SP WIDTH="13" VPOS="1402" HPOS="202"/>
							<String ID="string_290" HPOS="215" VPOS="1402" WIDTH="110" HEIGHT="18" WC="0.92" CONTENT="förekomna"/><SP WIDTH="12" VPOS="1402" HPOS="325"/>
							<String ID="string_291" HPOS="337" VPOS="1401" WIDTH="68" HEIGHT="19" WC="0.96" CONTENT="målen."/>
						</TextLine>
					</TextBlock>
				</ComposedBlock>
			</PrintSpace>
		</Page>
	</Layout>
</alto>
