1103 1700
134 627 90 36 Åtgärder
236 637 9 17 i

119 659 77 18 anledning
234 660 26 22 af

141 683 98 17 nteblifven

129 705 116 22 fastställelse

131 728 24 21 af
163 728 28 17 det
203 728 45 23 utaf

138 750 104 18 Ständerna

298 136 13 20 2

269 192 54 26 dem,
345 192 79 26 hviika,
447 192 67 28 eniigt
538 192 55 22 hvaä
616 192 120 22 Siämderna
754 192 72 27 aisett,
846 192 67 21 borde
931 192 7 20 i
956 192 65 21 såden

268 226 106 28 egenskap
396 226 94 27 fungera,
510 226 69 22 skulle
599 233 39 20 ega
656 233 46 14 rum
721 226 33 21 till
773 226 136 21 inhemtande
924 225 23 22 af
961 226 60 21 deras

268 260 55 27 äsigt
339 260 6 20 i
361 260 72 26 saken,
449 260 107 22 hvarefter
571 260 85 28 frägans
674 260 116 27 afgörande
805 260 66 22 borde
883 260 138 22 öfverlemnas

269 294 22 22 ät
305 294 106 22 ordinarie
426 294 202 28 Bankfullmäktige,
644 295 74 21 hvilka
732 294 66 22 likväl
814 295 75 21 endast
901 295 7 21 i
919 295 40 21 den
971 294 50 21 hän-

269 328 63 27 delse,
352 330 33 20 att
403 329 61 21 deras
484 329 72 21 beslut
574 329 181 21 öfverensstämde
773 329 49 21 med
840 329 41 21 den
900 328 23 22 af
936 328 85 28 plurali-

268 364 59 20 teten
341 363 36 21 vid
392 363 91 21 nämnda
496 363 160 27 öfverläggning
667 363 117 21 omfattade
796 363 61 27 äsigt,
868 363 68 21 skulle
947 363 75 26 bringa

269 398 118 20 detsamma
401 397 7 21 i
423 397 167 27 verkställighet.
614 398 10 20 I
640 399 65 20 annat
719 397 38 21 fall
772 397 56 27 finge
843 397 74 27 frägan
932 397 89 21 förfalla.

337 431 10 21 I
362 431 219 22 öfverensstämmelse
590 432 49 21 med
652 432 132 21 förestäende
796 432 72 21 beslut
878 432 63 20 hafva
953 432 68 21 seder-

268 472 59 14 mera
345 465 42 21 alla
407 466 25 21 de
451 466 92 21 ärenden
562 466 22 21 af
601 466 197 26 Bankfullmäktige
816 466 119 27 handlagts,
951 466 71 21 hvilka

269 500 66 26 enligt
351 500 158 21 instruktionen
528 500 68 22 skulle
616 500 111 22 ankomma
742 500 28 26 pä
784 500 117 21 förstärkte
916 500 105 21 Fullmäk-

269 534 54 26 tiges
338 534 134 27 behandling.

624 592 12 27 8
652 593 18 20 2.

338 636 69 22 Sedan
426 637 104 21 Finlands
548 637 35 21 vid
599 640 84 19 senaste
698 637 103 28 landtdag
817 637 128 22 församlade
961 638 60 21 Stän-

270 671 37 21 der
322 671 33 21 uti
369 671 133 26 underdänig
516 671 112 22 skrifvelse
644 672 23 21 af
680 672 41 21 den
737 672 27 21 26
780 672 43 27 Maj
840 672 54 21 1891
910 673 39 20 hos
963 673 58 20 Hans

269 705 119 28 Kejserliga
409 706 101 27 Majestät
531 706 90 21 anhällit
644 708 31 19 att
698 707 36 20 det
753 706 23 21 af
792 705 121 22 Ständerna
931 709 91 24 antagna

269 739 130 27 reglemente
421 739 34 22 för
473 740 102 21 Finlands
594 740 62 21 Bank
672 740 67 27 jemte
755 741 72 20 dertill
842 740 76 27 fogade
933 742 42 20 stat
989 740 33 21 för

119 770 84 33 antagna
215 779 41 38 KA
269 774 87 21 Banken
371 774 71 21 blefve
457 774 7 21 i
479 774 66 21 näder
560 774 129 21 stadfästadt
705 775 39 21 och
759 775 33 20 till
804 775 141 21 efterrättelse
956 775 65 21 utfär-

131 796 74 27 lemente
224 803 21 12 för

159 842 58 18 Bank.

269 809 58 26 dadt,
349 809 163 21 underrättades
534 809 195 27 Bankfullmäktige
751 815 77 22 genom
846 809 73 28 nådigt
937 809 48 22 bref
1001 809 22 21 af

269 843 41 21 den
332 843 13 21 2
367 843 44 27 Maj
435 843 55 22 1892
512 844 33 20 att
566 843 59 21 Hans
644 842 119 29 Kejserliga
782 843 107 28 Majestät,
905 844 35 21 vid
955 843 67 22 skedd

268 877 133 27 underdänig
422 877 151 28 föredragning
595 877 23 22 af
640 878 94 26 ärendet,
754 878 6 21 i
781 878 106 21 anseende
905 878 70 21 dertill
991 879 31 20 att

269 911 66 27 enligt
357 911 10 28 8
392 912 26 21 76
440 912 7 20 i
466 905 66 33 sagda
550 912 130 26 reglemente
699 912 43 21 alla
757 912 136 21 derförinnan
909 912 113 21 utfärdade

268 945 132 27 stadganden
419 946 90 21 rörande
526 946 104 21 Finlands
648 946 66 27 Bank,
735 946 71 21 såvidt
821 947 27 20 de
862 947 7 20 i
885 947 137 26 reglementet

268 980 47 21 icke
331 980 137 27 åberopades,
484 980 40 21 och
539 980 132 27 följaktligen
684 980 79 27 jemväl
779 980 151 28 förordningen
947 980 23 22 af
981 981 41 20 den

269 1015 14 20 9
305 1015 117 21 December
446 1015 62 26 1867,
528 1015 110 27 angående
656 1015 103 27 styrelsen
775 1015 41 21 och
831 1015 154 26 förvaltningen
1001 1015 23 21 af

269 1049 95 26 Banken,
385 1049 68 21 skulle
468 1049 124 27 upphäfvas,
608 1050 55 21 samt
679 1051 51 19 enär
744 1049 74 27 nådigt
833 1049 96 21 tillstånd
944 1051 31 19 att
989 1049 34 21 till

270 1083 141 22 efterrättelse
429 1083 86 21 utfärda
534 1084 41 21 den
594 1083 24 22 af
636 1083 120 22 Ständerna
771 1084 36 21 vid
822 1085 85 20 senaste
922 1083 101 27 landtdag

269 1119 93 25 antagna
384 1117 128 22 instruktion
535 1117 33 22 för
589 1118 195 28 Bankfullmäktige
803 1118 48 22 icke
869 1118 117 22 meddelats
1001 1118 23 21 af

270 1152 64 21 orsak
349 1154 32 19 att
396 1152 7 21 i
418 1152 123 21 densamma
555 1153 81 21 antalet
647 1152 203 28 Bankfullmäktige,
861 1153 48 21 med
920 1152 103 22 afvikelse

269 1186 47 21 från
338 1187 65 26 sagda
425 1186 131 28 förordning,
579 1187 62 21 ökats
663 1187 33 21 till
718 1187 52 26 åtta,
794 1187 70 21 funnit
884 1187 51 27 godt
954 1187 69 21 lemna

271 1220 129 22 Ständernas
419 1220 139 22 omförmälda
573 1221 146 26 underdåniga
735 1221 102 21 anhållan
852 1223 51 19 utan
918 1221 104 21 afseende.

338 1255 125 21 Emellertid
486 1255 60 25 hade,
564 1256 65 20 innan
649 1256 142 20 nästnämnda
809 1256 78 26 nådiga
902 1255 49 21 bref
963 1255 59 21 kom-

270 1289 39 21 mit
330 1288 133 28 fullmäktige
486 1290 108 25 tillhanda,
619 1290 35 20 vid
677 1290 118 20 förstärkte
818 1290 143 26 fullmäktiges
979 1296 44 15 om-

269 1323 104 21 förmälda
392 1324 157 21 sammanträde
568 1324 39 21 den
627 1324 13 21 2
658 1324 43 27 Maj
719 1324 55 21 1892
791 1324 23 21 af
826 1324 144 21 förekommen
987 1330 36 15 an-

270 1358 86 26 ledning
374 1358 32 21 till
425 1358 160 28 öfverläggning
604 1358 109 27 upptagits
732 1358 75 27 frågan
826 1364 35 15 om
876 1358 26 21 de
917 1358 105 28 åtgärder,

270 1398 46 15 som
337 1392 72 21 kunde
431 1392 65 22 blifva
517 1392 113 27 påkallade
651 1392 33 21 för
705 1392 41 21 den
770 1392 102 21 händelse
893 1394 32 19 att
948 1392 36 21 det
1002 1391 22 21 af

271 1426 120 22 Ständerna
407 1429 94 25 aniagia
518 1426 102 28 ivrslagot
636 1427 32 21 till
683 1428 47 26 nytt
744 1427 130 27 reglemente
889 1426 32 18 för
937 1426 86 20 Banken

270 1460 47 22 icke
339 1467 69 15 vunne
431 1461 63 26 nådig
516 1460 144 22 fastställelse.
689 1460 10 21 I
718 1460 77 22 sådant
814 1460 99 22 afseende
933 1460 55 22 hade
1003 1460 23 21 af
