1103 1700
91 994 110 24 Äktenskaps-

109 1025 63 18 förord.

250 116 27 20 70
589 117 21 21 I

484 180 50 30 Män.
655 181 88 31 Ovinnor.
850 186 75 19 Samma

219 206 124 28 liderlighet
365 207 38 21 och

249 240 75 22 slöseri
362 258 4 4 .
397 258 5 5 .
433 242 152 23 41=21.6%
629 245 51 19 4=
702 244 67 22 48%
814 245 153 22 45—16.5"

220 275 163 27 sinnessvaghet
399 293 4 5 .
421 277 132 21 108—54.2
573 294 4 8 ,
616 278 144 26 37—=44.6,
802 279 155 26 140—513,

220 316 71 15 annan
307 310 65 21 orsak
398 328 4 4 .
433 312 64 21 46—
506 312 70 25 24.2,
615 312 121 21 42—50.6
751 329 9 8 ,
814 314 28 20 88
850 314 83 20 :—32.2
948 330 9 9 ,

291 356 230 29 Omyndigförklarade
536 358 66 21 hafva
616 357 81 23 blifvit:

324 398 28 26 på
367 404 53 20 egen
436 398 119 26 ansökning
580 415 4 4 .
615 416 5 4 .
653 416 4 4 .
689 416 4 4 .
724 399 155 22 44=16."/,

333 448 10 9 »
368 432 78 21 andras
492 448 10 11 =,
578 450 5 4 <
615 450 40 4 <.
687 434 156 21 229
765 430 18 34 =
792 434 51 21 83.9
862 450 10 9 ,

292 478 78 21 Medan
386 479 76 21 endast
479 479 27 21 25
521 480 49 20 män
586 479 53 21 eller
656 480 44 20 13.1
719 480 23 22 %
758 479 24 21 af
794 479 51 21 hela
860 479 83 21 antalet
953 479 28 27 pä

221 518 54 20 egen
291 512 118 28 ansökning
424 512 117 22 förklarats
557 514 119 27 omyndige,
701 520 38 14 var
754 514 152 21 motsvarande
922 514 59 21 antal

221 546 91 27 gvinnor
329 548 26 20 19
371 547 52 22 eller
439 548 46 21 22.9
503 547 29 23 "o.

291 581 88 22 Antalet
401 582 115 27 omyndiga
538 583 39 21 och
600 583 122 26 oförsörjda
744 583 60 26 barn,
824 589 46 15 som
886 582 24 21 är
927 583 52 21 1891

221 615 64 22 stälts
300 616 69 21 under
379 617 93 20 särskild
482 616 150 22 tillförordnad
644 617 144 27 förmyndare,
800 617 99 27 utgjorde
910 618 71 26 6,930,

221 649 64 22 deraf
298 651 28 26 pä
341 651 73 21 landet
430 652 62 26 6,589
508 651 52 22 eller
576 652 46 21 95.1
640 651 23 23 %
679 652 40 21 och
735 651 7 21 i
758 651 103 22 städerna
876 653 40 20 341
929 651 52 22 eller

220 685 33 20 4.9
271 684 30 23 o.

291 714 88 21 Antalet
402 714 67 21 under
484 715 24 20 är
529 715 51 21 1891
606 714 166 22 tillförordnade
794 715 139 26 förmyndare
948 717 35 18 ut-

220 747 75 28 gjorde
311 749 70 26 3,030,
398 749 63 21 deraf
474 749 28 27 pä
517 749 146 27 landsbygden
675 750 63 25 2,838
751 749 40 21 och
803 749 6 21 i
820 749 102 21 städerna
935 750 47 20 192.

221 782 30 21 Af
259 782 64 21 dessa
331 782 137 28 förmyndare
476 789 51 16 voro
539 785 60 24 1,200
608 784 53 21 eller
670 785 47 20 39.6
729 783 25 23 */
764 783 118 28 slägtingar
894 783 33 21 till
935 784 47 21 sina

221 816 95 27 pupiller
339 817 38 22 och
401 817 62 27 1,830
478 818 54 21 eller
547 819 47 20 60.4
611 818 23 23 *
650 818 49 21 med
715 819 48 20 dem
779 818 48 21 icke
843 817 140 28 befryndade.

292 851 73 22 Under
388 853 25 20 är
430 853 51 21 1891
500 853 98 22 anmälde
616 854 40 20 162
671 853 90 27 gvinnor
777 852 47 22 före
840 852 58 27 fylda
915 853 26 20 25
959 852 23 21 är

222 885 33 21 sin
280 886 81 21 önskan
384 889 33 19 att
440 887 76 26 sjelfva
530 887 112 27 öfvertaga
657 887 161 27 förvaltningen
834 887 24 21 af
870 887 33 21 sin
919 893 64 20 egen-

222 919 57 22 dom.
310 921 50 21 Icke
383 921 83 22 mindre
482 923 26 19 än
524 922 27 21 60
567 922 53 21 eller
635 923 27 20 37
678 922 23 22 %
717 922 23 21 af
755 922 64 21 dessa
834 921 90 27 gvinnor
940 921 43 22 till-

221 955 68 21 hörde
312 956 70 21 stads-
405 956 39 21 och
463 956 73 21 endast
555 957 39 20 102
610 956 53 21 eller
679 957 27 20 63
722 955 23 23 ”/,
760 955 223 27 landsbefolkningen.

292 985 211 32 Äktenskapsförord
522 990 95 27 afslötos,
638 990 66 27 enligt
720 991 56 20 hvad
792 990 27 21 de
834 989 82 28 afgifna
931 996 53 21 upp-

223 1024 95 27 gifterna
333 1025 56 27 gifva
405 1025 35 21 vid
450 1025 92 26 handen,
554 1025 23 21 är
590 1025 52 21 1891
656 1025 32 21 till
700 1027 32 20 ett
742 1025 61 22 antal
814 1025 23 21 af
847 1025 65 26 2291)
924 1025 62 20 deraf

224 1060 39 21 127
281 1060 28 27 pä
330 1059 146 28 landsbygden
500 1059 39 22 och
563 1060 40 21 102
618 1060 7 20 i
641 1059 107 22 städerna.
780 1059 30 22 Af
831 1059 61 21 dessa
911 1059 73 21 förord

222 1094 67 21 hafva
305 1095 132 21 187=81.7
454 1094 23 23 %/
492 1093 115 28 uppgifvits
622 1101 53 15 vara
691 1094 95 22 afslutna
797 1093 34 22 för
842 1093 54 28 ogift
907 1094 76 26 gvinna

224 1128 40 22 och
281 1130 63 20 42=
354 1129 45 22 18.3
417 1128 23 23 %
455 1129 33 21 för
503 1129 55 21 enka
574 1129 53 21 eller
642 1129 107 21 frånskild
765 1129 81 21 hustru.

500 1210 19 26 c)
536 1209 169 21 Guvernörerne.

294 1256 258 27 Arbetsredogörelserna
574 1256 48 21 frän
646 1258 167 25 guvernörerne,
830 1256 70 20 säsom
917 1255 68 21 öfver-

224 1291 137 26 exekutorer,
377 1291 77 26 utvisa,
470 1293 32 19 att
517 1291 47 21 frän
582 1292 54 20 1890
648 1290 103 27 gvarstod
762 1296 28 16 en
801 1290 77 21 balans
889 1289 24 21 af
922 1290 63 24 6,480

223 1326 180 26 utsökningsmä!,
419 1325 73 21 hvilka
507 1325 70 21 tillika
592 1326 49 21 med
658 1325 25 21 de
699 1325 70 21 under
780 1324 24 21 är
820 1325 52 21 1891
885 1324 101 21 inkomna

226 1360 76 26 15,781
327 1359 44 22 mäl
394 1361 76 25 utgöra
492 1360 75 27 22,261
589 1359 173 27 utsökningsmäl
778 1359 54 21 eller
847 1360 28 20 92
892 1358 51 22 flere
959 1360 26 19 än

224 1394 26 20 år
268 1395 61 21 1890.

301 1446 14 22 3)
327 1444 78 19 Antalet
423 1444 58 19 under
496 1445 21 17 år
531 1446 40 16 1891
588 1444 95 23 ingångna
699 1444 107 22 äktenskap
819 1444 87 23 utgjorde
921 1444 66 20 16,572.
