1103 1700
249 130 14 20 6
570 128 71 22 XXIX

468 215 27 21 17.
526 214 198 28 Pedagogiefonden.

291 271 26 17 Pä
329 271 147 18 föranstaltande
488 271 21 18 af
520 271 154 23 landshöfdingen
687 272 5 17 i
705 272 89 18 Savolaks
806 272 34 18 och
852 272 79 18 Karelen
939 272 43 18 Olof

220 305 93 18 Wibelius
325 305 83 18 bildades
421 305 6 17 i
439 305 65 23 början
517 306 21 18 af
549 306 122 18 innevarande
687 306 117 18 ärhundrade
816 311 23 13 en
851 306 43 18 fond
907 306 30 18 för
948 306 33 18 all-

220 340 120 23 männyttigt,
353 340 23 18 dä
388 342 50 16 ännu
450 340 40 18 icke
502 342 85 16 närmare
598 340 92 18 bestämdt
712 340 90 18 ändamål.
827 340 59 18 Sedan
903 340 77 18 fondens

220 374 103 24 tillgångar
335 375 53 23 stigit
399 375 30 18 till
446 375 42 23 fyra
499 377 55 16 tusen
566 375 52 18 rubel
631 375 68 22 silfver,
712 374 128 19 motsvarande
852 376 64 16 sexton
928 376 52 17 tusen

221 408 62 19 finska
301 409 57 21 mark,
376 409 35 18 har
426 409 52 19 Hans
490 409 105 23 Kejserliga
606 409 95 23 Majestät,
713 410 59 22 enligt
784 409 104 18 dåvarande
899 409 82 23 general-

220 446 125 20 guvernörens
357 444 42 18 bref
409 444 30 18 till
451 446 114 21 gnvernören
578 444 6 17 i
596 444 72 23 Kuopio
681 444 31 18 län
725 444 21 18 af
757 444 35 18 den
804 445 11 16 7
824 444 53 22 April
885 444 31 22 (26
923 444 58 23 Mars)

221 478 46 18 1849
289 478 5 17 i
315 478 57 18 nåder
391 478 101 22 förordnat,
510 480 40 21 ,att
566 484 38 12 som
622 478 20 18 af
659 479 73 22 nyttiga
747 478 125 22 inrättningar
884 478 5 17 i
902 478 78 18 Finland

219 512 38 18 den
270 512 21 18 år
304 514 44 16 1846
360 513 21 18 af
392 512 84 19 enskilda
489 513 119 18 stiftarinnor
620 513 79 23 anlagda
711 512 110 19 flickskolan
833 518 43 13 vore
887 513 56 18 minst
951 512 29 19 be-

219 547 83 23 tryggad
320 548 5 17 i
344 548 86 18 afseende
444 548 12 18 &
469 548 33 17 sitt
514 548 83 21 bestånd,
610 548 33 18 bör
655 549 67 17 räntan
735 548 21 18 af
767 548 56 23 sagde
836 547 56 18 medel
905 547 76 18 tillfalla

220 582 81 18 berörda
319 582 58 21 skola,
395 584 29 16 att
436 582 108 22 disponeras
556 582 48 18 efter
616 582 152 18 stiftarinnornas
780 581 147 24 godtfinnande*.
951 581 30 19 Se-

220 616 38 18 dan
272 616 103 18 folkskolor
387 617 5 16 i
405 617 72 22 Kuopio
490 617 42 17 stad
544 617 88 18 inrättats
645 617 34 17 och
692 617 82 22 änsagda
786 616 97 18 flickskola
896 616 85 23 upphört,

220 650 37 18 har
275 651 105 23 Kejserliga
398 651 80 18 Senaten
496 651 35 18 den
550 652 10 17 6
579 651 79 23 Augusti
672 652 45 17 1874
729 651 68 18 tillåtit
808 653 29 16 att
849 650 132 18 ofvanberörda

221 685 114 18 räntemedel
354 685 47 23 finge
419 685 92 18 användas
528 686 30 17 till
571 685 70 18 förmån
654 685 29 18 för
695 685 51 24 lägre
759 685 105 18 folkskolan
876 685 29 18 för
917 685 64 18 flickor

222 719 5 17 i
247 724 70 13 samma
335 719 48 18 stad.
406 719 84 18 Fondens
508 719 78 23 kapital,
605 725 38 12 som
661 719 80 23 tidigare
757 719 48 18 varit
823 719 85 18 utlånadt
920 719 20 18 åt
952 725 29 12 en-

221 753 64 18 skilda
297 759 86 18 personer
395 754 34 17 och
442 754 103 18 sedermera
558 754 67 18 insatts
637 754 6 17 i
656 753 72 19 enskild
744 753 159 22 bankinrättning,
917 755 21 16 är
950 759 31 12 nu-

221 793 52 13 mera
292 789 58 18 såsom
367 789 30 18 lån
410 791 48 16 emot
470 789 40 22 fyra
522 790 86 21 procents
621 789 47 22 årlig
680 790 54 17 ränta
746 787 134 19 öfverlemnadt
891 788 29 17 till
933 787 48 18 Kuo-

220 824 33 21 pio
267 825 41 16 stad
321 825 48 16 emot
380 825 118 16 kommunens
511 823 111 18 soiidariska
634 823 73 23 borgen.

526 950 80 19 Wasa
626 949 55 20 län.

315 1007 30 22 18.
377 1007 116 22 Korsholms
509 1007 111 27 egendoms
636 1006 255 28 skogsförsäljningsfond.

294 1064 63 23 Enligt
375 1063 104 24 Kejserliga
497 1063 89 18 Senatens
609 1063 124 18 förordnande
751 1063 21 18 af
788 1062 35 18 den
842 1063 22 17 18
883 1062 99 18 December

223 1099 52 21 1874,
293 1098 56 18 hafva
367 1098 22 18 de
407 1098 63 21 medel,
483 1103 38 12 som
541 1097 69 18 influtit
628 1103 65 17 genom
707 1097 112 23 försäljning
832 1097 20 18 af
863 1097 72 18 timmer
948 1097 33 17 och

222 1133 56 18 stock
296 1133 42 17 frän
356 1132 77 22 marker,
446 1131 137 24 underlydande
601 1131 108 19 Korsholms
727 1131 30 18 till
770 1130 155 24 jordbruksskola
937 1136 45 18 upp-

222 1168 54 18 lätna
294 1167 150 23 kungsladugärd
462 1167 6 17 i
486 1167 111 18 Mustasaari
611 1166 72 22 socken,
696 1166 90 18 särskildt
798 1165 85 19 bokförts
895 1165 34 18 och
941 1165 41 18 der-

222 1202 43 18 med
284 1202 88 18 bestridts
390 1202 78 22 utgifter
480 1202 29 18 för
520 1201 197 23 nybyggnadsarbeten
729 1206 23 12 m.
764 1206 25 12 m.
800 1200 31 18 vid
843 1200 79 18 nämnda
935 1200 48 18 skol-

224 1237 95 22 lägenhet.

303 1317 32 22 19.
366 1317 78 22 Fonden
460 1317 32 21 för
507 1316 194 28 skogvaktaretorps
719 1314 179 30 byggnadsmedel.

297 1374 120 17 Tillkomsten
435 1373 21 18 af
473 1373 59 18 denna
550 1372 45 18 fond
606 1372 82 23 grundar
700 1372 28 22 sig
740 1372 24 22 på
776 1370 206 23 Jordbruksexpeditio-

223 1413 46 13 nens
283 1408 6 18 i
301 1408 103 22 Kejserliga
416 1408 79 18 Senaten
508 1407 96 18 skrifvelse
617 1407 29 18 för
658 1406 34 18 den
706 1408 20 16 11
740 1406 50 18 Mars
804 1406 50 21 1870,
866 1405 117 23 hvarigenom

221 1442 111 19 förordnats
344 1443 34 21 att,
390 1443 45 17 enär
446 1442 34 18 hos
492 1446 23 14 en
527 1441 30 19 del
569 1441 135 18 forstkassörer
716 1442 72 16 funnits
804 1443 97 15 törvarade
912 1439 72 23 ganska
