1103 1700
262 108 13 20 8
604 107 21 21 I

229 175 127 27 visserligen
379 175 62 21 äfven
464 175 58 21 inom
546 175 103 21 städerna
672 181 27 15 en
716 174 80 28 ökning
811 174 23 22 af
847 175 148 22 tvistemålens

228 210 84 27 mängd
326 212 53 20 nära
393 216 44 22 nog
451 210 93 27 parallel
558 210 50 22 med
624 210 41 22 den
680 210 92 26 tillväxt,
790 210 64 22 dessa
869 209 53 23 måls
933 210 60 22 antal

228 244 30 27 på
273 244 145 27 landsbygden
433 244 102 28 uppvisar
550 244 58 22 intill
626 245 132 21 1860-talets
773 244 51 22 slut.
849 244 50 22 Men
915 244 76 22 medan

229 278 138 22 tvistemålen
381 278 29 28 på
425 278 148 28 landsbygden
590 280 136 21 omedelbart
741 278 67 28 derpå
823 280 47 21 visa
885 285 26 16 en
925 279 70 27 tydlig

229 313 92 21 tendens
343 314 32 20 att
397 312 79 28 aftaga,
492 313 40 21 har
553 315 94 20 tvärtom
665 314 7 21 i
687 314 103 21 städerna
805 313 61 21 deras
882 314 65 26 antal,
964 325 26 3 —

229 347 51 21 med
299 354 27 15 en
342 347 142 27 öfvergående
499 348 120 27 minskning
634 348 69 22 under
718 348 27 21 de
760 354 125 21 gynsamma
900 348 29 27 år,
945 354 47 15 som

230 381 67 28 följde
320 384 97 19 närmast
439 382 55 21 efter
511 382 130 22 1860-talets
656 382 64 22 svåra
735 382 74 28 nödår,
825 394 28 4 —
868 382 8 21 i
891 382 100 21 anmärk-

230 416 117 26 ningsvärd
361 416 54 26 grad
429 416 38 21 och
478 418 79 20 nästan
568 416 111 22 oafbrutet
689 416 101 22 tillvuxit.
815 416 78 21 Medan
905 416 89 22 sålunda

230 450 29 27 på
275 450 148 28 landsbygden
439 450 26 22 de
476 450 184 28 anhängiggjorda
669 450 150 22 tvistemålens
830 450 59 22 antal
900 450 92 26 nedgick

230 484 35 22 till
289 484 38 22 sitt
348 485 110 21 minimum
482 484 66 22 under
568 485 36 21 det
620 486 53 20 sista
688 485 151 27 qvinqvenniet
855 484 23 22 af
892 484 101 28 perioden

232 519 149 27 1843—1890,
405 519 69 21 nådde
497 518 109 22 desamma
628 520 7 21 i
654 520 102 21 städerna
771 519 43 27 just
829 519 66 21 under
911 524 82 16 samma

230 552 44 23 fem
301 553 24 22 år
352 554 141 21 1886—1890
518 554 33 21 sin
577 554 78 27 högsta
677 553 202 28 genomsnittssiffra
901 559 38 21 per
961 552 34 28 år,

231 588 56 21 eller
303 589 70 26 8,515.

301 622 40 22 Att
362 623 147 21 tvistemålens
532 623 58 21 antal
606 623 7 21 i
629 623 108 27 städerna,
754 623 87 22 absolut
856 625 59 25 taget
930 622 40 22 och
985 622 7 21 i

229 656 126 27 jemförelse
374 657 49 21 med
437 657 145 22 förhållandet
598 657 28 27 på
641 657 156 27 landsbygden,
813 657 65 22 snabt
892 657 102 27 tillvuxit,

231 691 42 21 har
288 691 33 22 sin
337 692 109 27 naturliga
461 692 119 27 förklaring
595 692 51 26 deri,
663 694 33 20 att
709 691 212 28 stadsbefolkningen
931 691 63 22 äfven

231 725 7 21 i
263 725 48 22 vårt
333 726 56 27 land,
413 727 71 21 såsom
507 726 73 27 kändt,
599 726 68 22 under
685 727 39 20 här
740 725 162 28 ifrågavarande
917 725 75 28 period

231 760 62 21 vuxit
309 760 6 21 i
331 760 60 27 långt
405 761 99 22 starkare
514 761 136 27 progression
661 763 27 19 än
699 761 160 27 landsbygdens
869 760 124 27 befolkning

232 794 40 22 och
293 795 138 27 väsentligen,
446 801 76 22 genom
538 795 94 22 skeende
647 795 155 28 inflyttningar,
818 796 28 26 på
862 795 79 21 dennas
956 795 36 21 be-

231 828 100 23 kostnad.
361 830 49 21 Men
433 830 62 21 äfven
518 830 88 21 relativt
629 831 65 26 taget,
714 830 7 21 i
734 829 125 28 jemförelse
874 829 47 22 med
937 829 54 21 folk-

232 864 193 27 mängdssiffrorna
440 864 34 22 för
489 865 58 21 olika
562 866 32 26 år,
610 865 57 21 visar
683 865 33 26 sig
726 865 6 21 i
744 864 101 22 städerna
856 871 25 14 en
893 863 98 22 anmärk-

231 898 117 27 ningsvärd
370 899 84 22 tillväxt
476 899 24 21 af
520 899 27 22 de
565 899 184 27 anhängiggjorda
764 899 147 22 tvistemålens
926 898 68 21 antal.

231 932 83 22 Medan
337 933 82 22 antalet
442 933 108 22 tvistemål
572 933 29 27 på
621 934 91 26 100,000
727 939 102 22 personer
845 933 23 22 af
881 933 112 21 städernas

231 967 128 28 befolkning
374 968 55 22 ända
444 968 34 22 till
494 968 40 22 och
544 968 49 21 med
603 968 151 27 gvingvenniet
766 968 139 21 1866—1870
916 967 79 22 under-

232 1003 48 26 steg
302 1002 149 22 motsvarande
474 1003 92 21 relativa
588 1003 60 21 antal
671 1002 110 23 tvistemål
796 1002 28 27 pä
839 1001 155 28 landsbygden,

231 1036 98 22 inträder
344 1036 47 22 frän
407 1037 38 22 och
461 1037 49 22 med
526 1037 94 27 följande
635 1037 157 27 femärsperiod
808 1037 41 21 den
861 1036 131 27 förändring,

232 1073 34 19 att
282 1071 147 22 tvistemälens
444 1072 92 22 relativa
551 1072 58 21 antal
625 1072 7 21 i
643 1072 101 22 städerna
754 1071 160 28 genomgående
924 1070 70 22 öfver-

232 1105 85 28 skjuter
332 1107 152 21 motsvarande
500 1107 58 21 antal
575 1107 27 27 pä
618 1107 81 22 landet.

302 1141 66 22 Detta
391 1142 95 27 framgär
506 1144 100 20 närmare
629 1148 26 16 ur
672 1141 150 27 efterföljande
837 1140 107 28 uppgifter
959 1140 34 22 för

231 1175 104 27 perioden
355 1176 146 26 1843—1890,
517 1182 34 16 om
571 1176 112 22 desamma
696 1176 106 28 jemföras
817 1176 48 20 med
881 1174 111 22 enahanda

231 1209 112 23 ofvanföre
374 1211 97 21 lemnade
498 1211 108 27 uppgifter
634 1211 92 22 rörande
751 1210 147 27 landsbygden
923 1209 70 22 under

231 1250 85 17 samma
327 1245 125 27 tidsperiod.
473 1246 190 28 Anhängiggjorda
673 1245 108 23 tvistemål
792 1244 131 22 förekommo
934 1246 58 20 näm-

230 1279 61 27 ligen
309 1280 35 21 vid
360 1280 122 22 rädstufvu-
498 1280 38 22 och
552 1280 200 23 kämnersrätterna
767 1280 7 21 i
790 1279 100 22 medeltal
906 1285 37 20 per
959 1279 34 21 är:
