1103 1700
255 152 14 20 4
519 150 28 22 U.
563 151 25 21 B.
602 150 103 22 XXXII.

225 214 53 21 med
299 214 37 21 det
359 214 85 22 formelt
460 214 77 28 riktiga
553 214 184 28 förfaringssättet
751 216 56 20 varit
822 218 32 18 att
869 215 72 27 nägon
955 216 32 20 vi-

226 250 53 20 dare
295 249 78 27 ätgärd
388 251 6 19 i
409 249 143 21 nästberörda
568 249 95 21 ärenden
679 249 47 21 icke
742 249 104 27 vidtagits
862 249 27 20 än
905 252 31 18 att
952 248 38 21 de-

224 290 85 14 samma
324 283 91 21 anmälts
431 283 40 21 hos
487 282 121 22 Ständerna
623 284 6 20 i
644 283 103 21 afseende
763 284 12 20 ä
790 283 38 21 det
843 282 145 22 förordnande

226 317 88 21 hvartill
329 317 121 21 Ständerna
466 317 64 21 funne
545 317 47 21 skäl
608 318 140 20 förekomma.
772 318 58 25 Men,
838 318 73 20 säsom
923 317 66 21 redan

226 351 91 25 anförts,
339 351 56 21 hade
417 352 6 20 i
444 352 77 20 sädant
536 351 36 21 fall
588 351 137 27 synnerligen
740 353 83 25 vigtiga
838 352 105 20 intressen
959 351 30 21 äf-

226 389 114 23 ventyrats
357 386 41 20 och
413 385 97 21 bankens
525 386 147 26 regelbundna
679 386 139 20 verksamhet
827 385 162 27 omöjliggjorts.

226 420 43 20 Att
290 420 193 26 bankfullmäktige
503 420 71 20 derför
594 421 7 19 i
622 427 27 13 en
669 421 109 23 situation,
800 426 48 14 som
868 419 121 22 Ständerna

226 454 38 20 vid
285 454 159 20 fastställandet
465 454 25 20 af
509 454 156 21 instruktionen
687 454 32 20 för
734 453 193 27 bankfullmäktige
942 454 48 20 icke

226 487 83 21 kunnat
330 488 88 25 förutse,
439 487 98 28 skapade
557 489 34 26 sig
607 495 26 13 en
650 495 55 19 egen
721 488 35 27 lag
771 488 34 20 för
821 488 118 20 ärendenas
955 488 35 20 be-

226 522 111 27 handling,
354 522 174 21 underkastande
543 524 34 25 sig
592 522 133 21 Ständernas
741 523 52 20 dom
809 522 106 25 deröfver,
927 529 63 13 anser

226 556 110 21 utskottet
364 557 25 20 sä
416 557 88 26 mycket
530 556 64 21 hellre
618 557 53 20 böra
694 557 136 27 godkännas,
853 563 47 14 som
922 556 68 27 syfte-

226 590 68 21 mälet
316 591 51 20 med
389 591 42 20 den
454 591 25 20 af
496 591 122 21 Ständerna
645 591 104 27 vidtagna
776 591 172 26 förstärkningen
969 591 23 20 af

227 624 205 28 bankfullmäktiges
448 625 58 21 antal
521 625 50 20 eller
587 629 32 17 att
634 627 107 25 vigtigare
757 625 95 20 ärenden
866 625 71 20 blefve
953 632 36 13 un-

228 659 133 21 derkastade
385 667 26 12 en
431 660 159 26 mängsidigare
608 659 107 27 pröfning,
736 659 37 21 vid
793 659 37 21 det
850 659 25 20 af
886 659 104 20 bankfull-

227 693 98 27 mäktige
341 693 96 27 inslagna
453 693 181 27 förfaringssättet
649 693 75 26 blifvit,
741 693 71 21 sävidt
828 693 161 27 omständighe-

226 731 63 17 terna
305 727 78 21 sådant
398 727 119 27 medgifvit,
533 727 148 28 tillgodosedt.

299 761 53 21 Med
372 762 115 27 anledning
507 762 25 20 af
547 763 115 26 uppgiften
684 763 12 20 å
712 763 39 20 sid.
768 768 12 15 2
797 763 7 20 i
818 762 171 21 banktullmäkti-

228 802 40 20 ges
294 795 117 22 berättelse
434 796 37 21 det
492 796 66 21 skulle
578 797 100 26 samtliga
700 797 95 20 ärenden
817 803 48 14 som
880 796 67 27 enligt
962 798 28 19 in-

227 829 137 21 struktionen
385 830 119 21 ankommit
524 831 13 20 å
557 831 116 20 förstärkte
697 832 146 25 fullmäktiges
872 831 118 26 afgörande

227 864 118 27 handlagts
366 865 7 20 i
393 864 224 21 öfverensstämmelse
637 865 50 21 med
711 865 145 26 fullmäktiges
878 865 70 20 beslut
969 865 25 20 af

228 899 44 20 den
295 905 12 14 2
331 899 40 26 maj
393 901 59 25 1892,
469 900 36 20 vill
520 900 58 20 dock
593 900 107 21 utskottet
716 900 65 21 hafva
796 899 97 21 anmärkt
909 903 32 17 att
957 902 32 18 ett

226 933 119 21 afvikande
367 934 157 27 förfaringssätt
544 934 111 27 iakttagits
677 935 37 20 vid
734 934 157 27 upprättandet
913 933 24 21 af
952 934 37 21 det

227 974 45 20 nya
288 968 81 27 förslag
389 968 31 21 till
435 968 129 21 besättande
579 968 25 21 af
616 969 38 20 det
668 969 72 26 lediga
754 968 103 27 juridiska
872 968 117 21 direktörs-

228 1002 105 25 embetet,
357 1002 89 20 hvarom
467 1003 6 20 i
494 1002 12 27 $
528 1008 25 14 22
576 1002 25 21 af
617 1003 132 20 berättelsen
770 1002 144 21 omförmäles.
945 1002 44 20 Vid

227 1037 172 20 sammanträdet
421 1037 41 20 den
484 1042 7 15 1
516 1037 115 20 december
653 1037 52 26 1892
727 1036 83 27 tillgick
828 1036 106 27 nemligen
957 1037 33 20 sä-

227 1071 66 20 lunda
309 1074 33 17 att
357 1071 116 20 förstärkte
494 1071 190 27 bankfullmäktige
702 1071 42 25 väl,
766 1074 61 18 utom
845 1077 33 18 en,
894 1070 95 21 uttalade

227 1106 35 25 sig
285 1105 33 21 för
339 1108 32 18 att
393 1105 77 27 ätgärd
490 1105 67 21 skulle
576 1109 51 17 utan
646 1105 100 27 dröjsmäl
762 1105 24 21 af
798 1105 192 27 bankfullmäktige

226 1139 104 27 vidtagas
345 1140 32 20 till
392 1140 128 20 besättande
535 1140 25 20 af
569 1140 132 26 nyssnämda
720 1140 201 24 direktörsembete,
940 1146 50 14 men

228 1173 28 21 dä
273 1174 52 20 härä
341 1174 26 20 af
378 1174 143 20 ordföranden
536 1174 90 21 väcktes
642 1174 60 27 fräga
717 1174 105 20 huruvida
838 1174 27 21 de
875 1174 114 20 tillstädes-

227 1208 82 20 komne
325 1208 77 24 jemväl
417 1208 49 20 ville
481 1208 67 21 uttala
563 1210 34 25 sig
613 1215 36 13 om
664 1209 42 20 den
725 1208 98 27 ordning,
839 1210 7 18 i
861 1208 85 20 hvilken
962 1208 27 20 de

227 1242 100 20 sökande
351 1242 67 20 borde
438 1243 12 19 ä
473 1242 37 21 det
532 1242 147 27 underdäniga
702 1242 104 27 förslaget
828 1242 32 21 till
883 1242 106 21 embetets

227 1276 180 20 äterbesättande
429 1276 109 28 uppföras,
563 1276 122 21 förklarade
707 1277 28 20 de
757 1276 32 21 till
804 1276 149 21 förstärkande
969 1276 26 20 af

228 1310 108 20 ordinarie
355 1310 191 28 bankfullmäktige
567 1311 92 21 utsedde
675 1311 46 26 fyra
737 1310 135 27 fullmäktige
887 1310 103 27 enhälligt

227 1347 34 17 att
277 1344 28 21 de
321 1344 47 21 icke
383 1344 48 21 ville
447 1345 75 20 derom
538 1345 67 21 uttala
620 1346 40 26 sig,
676 1348 51 18 utan
743 1344 162 21 öfverlemnade
915 1344 75 20 försla-

227 1381 51 23 gets
301 1379 147 27 upprättande
463 1380 22 20 ät
501 1379 27 21 de
544 1380 106 20 ordinarie
665 1379 200 27 bankfullmäktige.
896 1379 94 20 Motivet

227 1412 34 20 till
277 1413 70 20 denna
363 1413 103 21 afvikelse
481 1413 45 21 från
542 1420 77 14 annars
635 1413 112 27 iakttagen
763 1413 93 27 ordning
868 1413 92 27 framgår
971 1413 18 26 ej

227 1448 24 19 at
266 1447 141 27 protokollet,
423 1454 49 14 men
483 1447 64 21 torde
561 1448 71 20 kunna
648 1447 66 21 sökas
729 1447 46 21 deri
791 1450 39 22 att,
842 1447 67 21 sedan
919 1447 71 21 beslut

299 1488 138 15 Bankutskottets
450 1488 102 15 betänkande
564 1486 36 18 N:o
609 1492 19 16 5.
