1103 1700
384 136 25 22 U.
424 137 25 21 B.
466 150 26 2 —
507 136 104 22 XXXII.
820 138 27 20 23

187 204 101 22 Bankens
311 205 70 28 öfriga
403 205 73 21 förråd
500 205 22 21 af
544 205 52 28 guld
620 205 40 21 och
681 205 82 26 silfver,
779 205 98 28 myntadt

119 238 41 22 och
181 240 116 28 omyntadt,
320 240 148 28 kopparmynt,
491 239 76 26 sedlar,
585 242 137 26 statspapper
737 239 41 21 och
794 239 82 29 obliga-

120 274 70 20 tioner
205 273 33 21 stä
253 274 68 21 under
335 273 162 22 vederbörande
513 274 87 20 kassörs
616 273 53 21 värd
685 273 41 21 och
742 273 73 29 tillsyn
835 274 41 21 och

120 306 96 22 förvaras
232 308 6 20 i
254 307 110 22 brandfria
386 307 66 26 hvalf,
474 307 102 21 försedda
599 307 63 21 hvart
684 306 49 22 med
756 307 38 21 tvä
818 308 58 21 olika

119 341 38 26 läs,
172 342 32 20 till
219 341 80 27 hvilka,
313 342 78 21 liksom
406 342 32 20 till
451 342 27 21 de
493 342 7 20 i
516 341 105 21 hvalfven
632 341 108 28 befintliga
751 342 125 28 kassaskäp,

119 375 117 28 nycklarna
251 376 199 26 omhänderhafvas,
465 376 37 20 vid
514 375 187 21 hufvudkontoret
710 375 24 21 af
744 383 25 13 en
781 376 95 21 ledamot

118 410 7 20 i
146 409 134 22 direktionen
299 410 41 22 och
355 410 165 21 öfverkassören
536 410 41 21 och
593 410 37 21 vid
646 409 230 29 afdelningskontoren

121 444 23 20 af
159 443 145 22 kommissarie
320 444 40 22 och
376 444 79 22 kassör.

187 478 204 22 Hufvudkontorets
413 479 151 28 vexelportfölj
588 479 97 21 förvaras
711 478 69 21 under
804 478 71 22 direk-

119 512 84 21 tionens
225 513 105 21 särskilda
353 513 52 21 värd
420 514 7 20 i
443 513 49 21 dess
516 512 133 27 kassahvalf,
671 512 32 22 till
726 512 83 22 hvilket
826 512 50 22 ord-

119 546 105 22 föranden
246 547 40 22 och
303 554 26 15 en
344 547 23 22 af
381 547 146 22 ledamöterna
542 547 118 22 innehafva
675 547 53 21 hvar
743 548 33 20 sin
792 547 83 28 nyckel.

187 581 101 22 Bankens
311 581 141 27 skuldsedlar,
475 585 76 25 panter
573 582 41 21 och
638 581 238 28 säkerhetshandlingar

118 615 34 21 stä
175 615 37 21 vid
234 615 184 22 hufvudkontoret
440 616 68 21 under
531 616 69 21 förste
620 616 146 21 kamrerarens
782 615 40 22 och
837 615 38 22 vid

119 649 228 28 afdelningskontoren
371 650 68 21 under
458 650 174 21 kommissariens
658 649 54 22 värd
737 650 42 21 och
801 650 73 28 tillsyn

119 686 56 19 samt
197 683 96 22 förvaras
309 685 6 20 i
331 684 110 21 brandfria
463 685 67 26 hvalf,
552 685 87 21 hvartill
663 692 39 13 ena
722 684 92 29 nyckeln
830 691 45 14 om-

119 717 160 23 händerhafves
302 719 23 21 af
347 726 79 14 samma
448 719 120 21 kamrerare
592 719 52 21 eller
666 719 146 20 kommissarie
834 719 41 21 och

119 751 41 22 den
183 752 67 22 andra
271 753 38 21 vid
326 753 184 21 hufvudkontoret
526 753 22 21 af
563 753 203 28 öfverkamreraren
781 753 41 21 och
836 753 38 21 vid

119 786 228 29 afdelningskontoren
370 787 23 22 af
407 787 108 22 kassören.
545 787 32 21 Pä
593 787 110 21 enahanda
720 789 42 19 sätt
776 787 98 21 förvaras

118 820 37 22 vid
178 821 183 22 hufvudkontoret
384 821 96 22 bankens
499 821 182 22 sedelblanketter
697 821 41 22 och
753 821 37 22 vid
806 821 68 22 afdel-

117 855 168 28 ningskontoren
301 855 110 22 derstädes
427 856 108 28 befintliga
552 856 80 21 vexlar.

186 883 79 35 Öppna
288 890 41 21 och
351 891 70 20 slutna
444 890 151 28 depositioner,
618 897 46 14 som
678 889 85 22 banken
779 891 6 20 i
800 889 74 22 förvar

116 925 112 26 emottagit
250 924 33 21 stä
305 924 68 22 under
395 927 105 18 närmaste
522 925 73 28 tillsyn
619 924 41 21 och
682 924 52 22 vård
756 924 24 21 af
803 925 70 27 öfver-

116 958 147 27 kamreraren,
285 959 41 21 och
348 959 96 21 förvaras
468 959 30 20 uti
521 958 102 22 särskildt
645 959 67 26 hvalf,
733 959 85 20 hvartill
834 966 39 13 ena

116 991 93 29 nyckeln
227 993 193 21 omhänderhafves
436 993 23 21 af
476 993 73 21 honom
564 993 46 28 och
625 992 42 22 den
682 993 67 21 andra
764 993 23 20 af
801 993 71 21 öfver-

116 1026 108 21 kassören.

185 1061 49 21 Alla
257 1062 137 27 uttagningar
416 1061 49 21 från
488 1061 40 22 och
551 1062 165 27 insättningar
705 1057 13 37 i
734 1061 94 21 hvalfvet
850 1061 23 21 af

117 1095 119 28 penningar
257 1095 51 21 eller
331 1095 111 29 omyntadt
459 1095 53 29 guld
527 1095 52 22 eller
594 1095 76 22 silfver
684 1095 62 22 skola
760 1095 37 22 vid
812 1095 61 22 säväl

116 1128 185 23 hufvudkontoret
316 1137 45 14 som
377 1129 229 29 afdelningskontoren
618 1129 102 22 bokföras
731 1131 6 20 i
749 1138 26 13 en
786 1130 7 21 i
802 1129 70 22 hvalf-

115 1165 38 19 vet
167 1163 101 22 förvarad
283 1164 158 28 hvalfsspecial.

184 1197 35 22 De
234 1198 24 21 af
272 1198 96 22 bankens
384 1198 92 22 embets-
492 1198 40 22 och
548 1199 134 28 tjenstemän,
697 1206 46 14 som
756 1198 116 22 innehafva

115 1231 90 29 nycklar
227 1232 32 21 till
280 1232 96 22 bankens
392 1232 60 22 hvalf
469 1233 51 21 eller
535 1232 125 29 kassaskäp,
675 1232 57 27 böra,
748 1240 34 14 om
798 1232 27 22 de
840 1233 32 22 af-

115 1265 75 29 lägsna
213 1267 33 27 sig
264 1266 49 22 frän
329 1266 82 27 staden,
426 1266 132 22 öfverlemna
574 1266 117 26 nycklarna
706 1267 70 21 under
790 1266 82 29 förseg-

114 1300 45 28 ling
181 1300 31 21 till
236 1308 70 14 annan
329 1300 96 22 bankens
441 1300 13 22 å
470 1304 59 18 orten
552 1300 100 23 vistande
674 1302 128 27 tjensteman
817 1301 55 22 efter

115 1333 146 23 direktionens
277 1334 166 22 bestämmande.

404 1393 26 27 $$
446 1394 28 20 40
490 1392 40 22 och
546 1394 26 19 41

183 1443 66 29 enligt
265 1444 204 28 bankfullmäktiges
485 1444 86 28 förslag.

180 1483 146 18 Bankutskottets
339 1484 110 18 betänkande
462 1484 38 18 N:o
512 1484 16 18 2.
