1103 1700
400 141 30 23 U.
445 141 29 23 B.
490 140 106 23 XXXII.
838 141 13 21 5

188 212 127 24 Utskottet
341 212 41 23 fär
409 212 131 22 vördsamt
567 211 93 23 föreslä
680 213 36 21 att
736 211 144 23 Ständerna

121 247 60 23 ville
191 247 138 30 godkänna
339 246 113 30 följande
461 246 98 29 lydelse
567 246 26 23 af
599 246 199 30 ifrågavarande
805 253 74 16 mom.

396 315 199 29 uppmärksamt
620 314 66 30 följa
705 315 113 23 rörelsen
836 314 45 24 vid

326 349 114 23 bankens
467 349 244 29 afdelningskontor
738 349 46 23 och
806 356 75 22 agen-

324 385 76 25 turer,
421 384 10 22 i
448 384 97 22 hvilket
568 384 121 22 afseende
707 384 174 22 direktionens

324 418 160 23 ordförande
507 418 61 23 eller
586 418 87 29 nägon
691 418 58 22 dess
768 418 113 23 ledamot

324 453 91 22 tidtals
423 453 45 22 bör
472 452 39 30 pä
518 454 39 21 ort
564 452 46 23 och
618 452 76 23 ställe
699 452 116 30 granska
822 453 58 22 kon-

325 488 84 22 torens
430 487 168 27 verksamhet,
623 486 142 30 äliggande
783 487 42 23 det
843 487 38 23 di-

323 521 132 23 rektionen
478 523 45 25 att,
548 521 36 23 dä
609 521 86 23 sädan
719 522 162 29 granskning

325 556 132 29 företages,
489 556 89 23 derom
611 556 189 29 ofördröjligen
834 556 46 23 hos

325 591 235 29 banktullmäktige
578 591 116 22 anmäla.

459 677 15 29 8
494 677 42 23 53.

189 745 188 29 Ridderskapet
403 745 45 22 och
476 745 85 23 Adelm
580 747 64 21 samt
662 744 219 31 Borgareständet

120 779 78 22 hafva
216 779 115 30 godkänt
351 779 135 23 utskottets
505 780 103 29 förslag.

187 813 94 23 Preste-
301 814 46 22 och
366 813 199 24 Bondeständen
583 814 78 23 hafva
680 814 115 29 godkänt
813 813 67 22 Herr

119 848 150 29 Landgrens
287 849 165 26 reservation,
472 849 79 29 enligt
568 849 104 22 hvilken
691 848 80 23 orden
791 848 21 22 vi
830 848 50 22 den

119 882 152 30 omfattning
298 883 123 29 tjenstens
447 883 179 22 beskaffenhet
647 883 129 28 päkallar»
800 882 80 23 borde

119 917 70 29 utgä.

190 951 39 22 Dä
257 951 136 23 utskottets
420 951 96 30 förslag
535 951 7 22 i
562 951 42 23 det
623 951 25 22 af
666 951 59 22 herr
744 951 137 29 Landgren

121 985 133 23 anmärkta
278 986 119 22 afseende
425 985 238 23 öfverensstämmer
688 986 57 22 med
764 986 50 22 den
832 985 48 22 for-

121 1019 125 30 mulering
275 1020 25 23 af
326 1020 154 29 paragrafen
508 1027 54 16 som
582 1022 89 27 antogs
691 1020 26 22 af
737 1020 143 23 Ständerna

120 1054 44 22 vid
196 1054 66 23 1891
295 1054 41 23 ärs
367 1055 131 29 landtdag,
529 1055 39 22 fär
598 1055 123 22 utskottet
750 1054 131 23 vördsamt

121 1088 92 23 föreslä

399 1170 37 21 att
457 1167 152 32 Ständerna)
628 1169 61 23 ville
707 1168 174 24 oförändradt

327 1203 143 29 godkänna
488 1204 130 22 utskottets
638 1204 106 28 förslag.

461 1282 15 30 s
498 1282 42 24 63.

190 1350 187 23 Presteständet
395 1350 47 23 har
459 1350 195 24 äterremitterat
672 1351 155 30 paragrafen
842 1351 39 23 för

124 1386 35 20 att
177 1385 173 29 omredigeras
369 1385 8 22 i
396 1385 42 23 det
450 1385 66 29 syfte
537 1387 36 21 att
592 1385 105 23 embets-
716 1386 46 22 och
782 1386 99 29 tjenste-

122 1425 59 16 man
199 1419 44 22 vid
261 1420 110 26 banken,
392 1426 53 16 som
464 1420 54 22 icke
538 1420 56 28 fyllt
616 1420 119 22 sextiotre
754 1420 29 22 är
802 1420 79 23 skulle

123 1453 95 23 erhålla
246 1454 107 28 pension
377 1454 79 29 enligt
482 1454 32 22 de
542 1454 8 22 i
569 1454 154 30 paragrafen
750 1454 131 24 bestämda

191 1490 145 19 Bankutskottets
349 1491 111 18 betänkande
472 1492 38 16 N:o
524 1491 17 18 2.
