1103 1700
307 134 30 22 U.
353 134 28 22 B.
397 146 27 3 —
439 132 222 29 Postsparbanken.

391 655 245 24 Statsutskottets
689 654 182 23 betänkande

321 691 51 22 N:o
396 691 12 22 1
430 691 9 21 i
462 690 134 27 anledning
618 689 27 22 af
666 688 205 29 Postsparbanks-

322 725 134 28 styrelsens
477 724 42 23 till
542 724 136 22 Ständerna
697 723 94 28 afgifna
812 723 60 22 rela-

323 760 54 22 tion
402 765 38 16 om
457 758 223 29 postsparbankens
695 757 114 22 tillstånd
826 757 46 23 och

321 794 155 27 förvaltning
498 793 80 22 under
593 792 59 23 åren
668 792 70 27 1890,
753 792 58 22 1891
827 791 46 23 och

322 827 69 23 1892.

185 898 87 27 Jämlikt
292 898 78 27 nådiga
393 897 143 27 kungörelsen
560 897 25 20 af
603 896 42 21 den
665 902 28 20 24
708 895 41 28 maj
768 896 53 21 1886
836 896 39 21 har

117 933 31 22 till
163 933 120 21 Ständerna
308 931 153 22 öfverlemnats
478 939 26 13 en
519 931 90 21 relation
625 938 36 13 om
676 931 200 27 postsparbankens

118 970 6 19 i
139 967 90 21 Finland
252 967 95 21 tillstånd
371 966 41 21 och
436 966 130 26 förvaltning
588 965 68 21 under
675 966 51 20 åren
744 966 60 25 1890,
823 966 49 25 1891

119 1002 41 21 och
185 1003 60 24 1892,
267 1001 86 20 hvilken
375 1001 91 20 relation
487 1000 24 21 af
531 1000 99 27 samtliga
646 999 62 22 stånd
725 1001 5 19 i
746 999 103 21 afseende
864 1000 13 20 å

119 1035 157 22 förberedande
291 1035 132 26 behandling
438 1036 131 19 remitterats
584 1034 32 21 till
631 1033 173 26 Statsutskottet,
815 1033 63 21 hvar-

119 1071 40 20 hos
175 1069 116 22 Utskottet
313 1075 80 21 genom
416 1068 200 27 protokollsutdrag
634 1068 45 21 från
694 1068 184 27 Borgareståndet

120 1104 83 21 erhållit
226 1103 35 21 del
284 1103 24 20 af
329 1106 31 18 ett
376 1104 6 19 i
398 1103 68 26 sagda
482 1102 64 21 stånd
561 1103 36 20 vid
613 1102 85 27 frågans
709 1103 75 20 remiss
799 1102 31 21 till
846 1105 32 18 ut-

120 1139 59 20 skott
195 1140 6 19 i
217 1138 66 20 saken
299 1138 91 26 afgifvet
405 1137 109 27 yttrande.

189 1173 35 20 De
239 1172 31 21 till
285 1172 120 26 belysande
421 1172 25 20 af
457 1171 201 28 postsparbankens
673 1171 123 27 utveckling
812 1172 67 20 under

121 1207 164 27 ifrågavarande
305 1206 147 27 treårsperiod
474 1208 29 19 uti
527 1206 117 21 relationen
661 1206 89 20 anförda
766 1206 114 27 sifferupp-

122 1242 92 27 gifterna
224 1241 65 21 hafva
299 1241 37 20 vid
347 1240 70 21 skedd
429 1240 131 27 granskning
570 1240 107 21 befunnits
687 1240 193 22 öfverensstämma

123 1276 49 21 med
189 1275 180 27 räkenskaperna.
400 1274 169 22 Statsutskottet
584 1274 38 21 har
638 1274 57 21 dock
710 1278 53 18 trott
779 1276 33 26 sig
827 1275 53 20 böra

123 1310 125 27 ytterligare
264 1309 99 21 meddela
380 1310 66 26 några
462 1310 25 20 af
499 1309 279 27 postsparbanksstyrelsen
794 1309 30 21 till
841 1309 39 21 Ut-

123 1345 82 21 skottet
228 1344 99 21 lemnade
350 1344 163 27 upplysningar,
529 1344 71 20 hvilka
616 1350 65 20 synas
697 1345 6 19 i
719 1344 31 20 sin
765 1344 49 20 mån
829 1351 51 13 vara

124 1379 84 27 egnade
224 1382 31 17 att
271 1378 74 27 sprida
361 1378 38 26 ljus
415 1378 61 20 öfver
492 1378 68 20 denna
577 1379 129 19 institutions
723 1378 128 27 utveckling.

193 1414 59 20 Huru
267 1412 94 21 rörelsen
377 1412 36 21 vid
430 1412 188 27 postsparbanken
634 1412 91 20 fördelat
740 1413 33 26 sig
788 1413 28 26 på
832 1412 49 21 land

125 1448 42 20 och
182 1448 48 20 stad
247 1447 92 27 framgår
355 1446 24 21 af
391 1446 93 27 följande
500 1446 136 21 tabellariska
652 1446 114 27 öfversigt:

195 1488 133 16 Statsutskottets
342 1487 103 15 betänkande
457 1487 35 16 N:o
504 1492 16 10 1.
