<?xml version="1.0" encoding="UTF-8"?>
<alto xmlns="http://www.loc.gov/standards/alto/ns-v3#" xmlns:xlink="http://www.w3.org/1999/xlink" xmlns:xsi="http://www.w3.org/2001/XMLSchema-instance" xsi:schemaLocation="http://www.loc.gov/standards/alto/ns-v3# http://www.loc.gov/alto/v3/alto-3-0.xsd">
	<Description>
		<MeasurementUnit>pixel</MeasurementUnit>
		<sourceImageInformation>
			<fileName>/tmp/tess_u_85p_7z_input.PNG</fileName>
		</sourceImageInformation>
		<OCRProcessing ID="OCR_0">
			<ocrProcessingStep>
				<processingSoftware>
					<softwareName>tesseract 5.3.4</softwareName>
				</processingSoftware>
			</ocrProcessingStep>
		</OCRProcessing>
	</Description>
	<Layout>
		<Page WIDTH="1103" HEIGHT="1700" PHYSICAL_IMG_NR="0" ID="page_0">
			<PrintSpace HPOS="0" VPOS="0" WIDTH="1103" HEIGHT="1700">
				<ComposedBlock ID="cblock_0" HPOS="817" VPOS="130" WIDTH="24" HEIGHT="20">
					<TextBlock ID="block_0" HPOS="817" VPOS="130" WIDTH="24" HEIGHT="20">
						<TextLine ID="line_0" HPOS="817" VPOS="130" WIDTH="24" HEIGHT="20">
							<String ID="string_0" HPOS="817" VPOS="130" WIDTH="24" HEIGHT="20" WC="0.96" CONTENT="11"/>
						</TextLine>
					</TextBlock>
				</ComposedBlock>
				<ComposedBlock ID="cblock_1" HPOS="112" VPOS="197" WIDTH="765" HEIGHT="716">
					<TextBlock ID="block_1" HPOS="112" VPOS="197" WIDTH="761" HEIGHT="436">
						<TextLine ID="line_1" HPOS="181" VPOS="197" WIDTH="692" HEIGHT="27">
							<String ID="string_1" HPOS="181" VPOS="198" WIDTH="45" HEIGHT="20" WC="0.96" CONTENT="Det"/><SP WIDTH="16" VPOS="198" HPOS="226"/>
							<String ID="string_2" HPOS="242" VPOS="198" WIDTH="24" HEIGHT="20" WC="0.93" CONTENT="af"/><SP WIDTH="13" VPOS="198" HPOS="266"/>
							<String ID="string_3" HPOS="279" VPOS="197" WIDTH="107" HEIGHT="21" WC="0.92" CONTENT="utskottet"/><SP WIDTH="23" VPOS="197" HPOS="386"/>
							<String ID="string_4" HPOS="409" VPOS="197" WIDTH="121" HEIGHT="27" WC="0.92" CONTENT="föreslagna"/><SP WIDTH="23" VPOS="197" HPOS="530"/>
							<String ID="string_5" HPOS="553" VPOS="197" WIDTH="185" HEIGHT="27" WC="0.90" CONTENT="tillvägagäendet"/><SP WIDTH="18" VPOS="197" HPOS="738"/>
							<String ID="string_6" HPOS="756" VPOS="198" WIDTH="117" HEIGHT="20" WC="0.92" CONTENT="motiveras"/>
						</TextLine>
						<TextLine ID="line_2" HPOS="113" VPOS="231" WIDTH="760" HEIGHT="27">
							<String ID="string_7" HPOS="113" VPOS="231" WIDTH="77" HEIGHT="21" WC="0.94" CONTENT="endast"/><SP WIDTH="23" VPOS="231" HPOS="190"/>
							<String ID="string_8" HPOS="213" VPOS="232" WIDTH="24" HEIGHT="20" WC="0.93" CONTENT="af"/><SP WIDTH="13" VPOS="232" HPOS="237"/>
							<String ID="string_9" HPOS="250" VPOS="231" WIDTH="83" HEIGHT="21" WC="0.92" CONTENT="önskan"/><SP WIDTH="23" VPOS="231" HPOS="333"/>
							<String ID="string_10" HPOS="356" VPOS="235" WIDTH="32" HEIGHT="17" WC="0.96" CONTENT="att"/><SP WIDTH="15" VPOS="235" HPOS="388"/>
							<String ID="string_11" HPOS="403" VPOS="232" WIDTH="24" HEIGHT="20" WC="0.96" CONTENT="sä"/><SP WIDTH="21" VPOS="232" HPOS="427"/>
							<String ID="string_12" HPOS="448" VPOS="235" WIDTH="58" HEIGHT="17" WC="0.96" CONTENT="snart"/><SP WIDTH="16" VPOS="235" HPOS="506"/>
							<String ID="string_13" HPOS="522" VPOS="238" WIDTH="47" HEIGHT="13" WC="0.96" CONTENT="som"/><SP WIDTH="15" VPOS="238" HPOS="569"/>
							<String ID="string_14" HPOS="584" VPOS="231" WIDTH="84" HEIGHT="27" WC="0.93" CONTENT="möjligt"/><SP WIDTH="16" VPOS="231" HPOS="668"/>
							<String ID="string_15" HPOS="684" VPOS="232" WIDTH="21" HEIGHT="20" WC="0.89" CONTENT="fä"/><SP WIDTH="15" VPOS="232" HPOS="705"/>
							<String ID="string_16" HPOS="720" VPOS="231" WIDTH="84" HEIGHT="21" WC="0.92" CONTENT="klarhet"/><SP WIDTH="14" VPOS="231" HPOS="804"/>
							<String ID="string_17" HPOS="818" VPOS="232" WIDTH="6" HEIGHT="20" WC="0.93" CONTENT="i"/><SP WIDTH="16" VPOS="232" HPOS="824"/>
							<String ID="string_18" HPOS="840" VPOS="238" WIDTH="33" HEIGHT="14" WC="0.93" CONTENT="sa-"/>
						</TextLine>
						<TextLine ID="line_3" HPOS="112" VPOS="265" WIDTH="760" HEIGHT="25">
							<String ID="string_19" HPOS="112" VPOS="265" WIDTH="49" HEIGHT="21" WC="0.95" CONTENT="ken."/><SP WIDTH="23" VPOS="265" HPOS="161"/>
							<String ID="string_20" HPOS="184" VPOS="266" WIDTH="52" HEIGHT="20" WC="0.92" CONTENT="Men"/><SP WIDTH="15" VPOS="266" HPOS="236"/>
							<String ID="string_21" HPOS="251" VPOS="269" WIDTH="60" HEIGHT="17" WC="0.92" CONTENT="utom"/><SP WIDTH="16" VPOS="269" HPOS="311"/>
							<String ID="string_22" HPOS="327" VPOS="269" WIDTH="32" HEIGHT="17" WC="0.93" CONTENT="att"/><SP WIDTH="15" VPOS="269" HPOS="359"/>
							<String ID="string_23" HPOS="374" VPOS="266" WIDTH="47" HEIGHT="20" WC="0.92" CONTENT="värt"/><SP WIDTH="11" VPOS="266" HPOS="421"/>
							<String ID="string_24" HPOS="432" VPOS="266" WIDTH="170" HEIGHT="20" WC="0.91" CONTENT="statsmaskineri"/><SP WIDTH="11" VPOS="266" HPOS="602"/>
							<String ID="string_25" HPOS="613" VPOS="265" WIDTH="48" HEIGHT="21" WC="0.92" CONTENT="icke"/><SP WIDTH="10" VPOS="265" HPOS="661"/>
							<String ID="string_26" HPOS="671" VPOS="266" WIDTH="87" HEIGHT="20" WC="0.92" CONTENT="arbetar"/><SP WIDTH="10" VPOS="266" HPOS="758"/>
							<String ID="string_27" HPOS="768" VPOS="266" WIDTH="24" HEIGHT="20" WC="0.93" CONTENT="sä"/><SP WIDTH="11" VPOS="266" HPOS="792"/>
							<String ID="string_28" HPOS="803" VPOS="266" WIDTH="69" HEIGHT="24" WC="0.93" CONTENT="snabt,"/>
						</TextLine>
						<TextLine ID="line_4" HPOS="113" VPOS="300" WIDTH="759" HEIGHT="26">
							<String ID="string_29" HPOS="113" VPOS="303" WIDTH="32" HEIGHT="17" WC="0.94" CONTENT="att"/><SP WIDTH="17" VPOS="303" HPOS="145"/>
							<String ID="string_30" HPOS="162" VPOS="303" WIDTH="31" HEIGHT="17" WC="0.95" CONTENT="ett"/><SP WIDTH="16" VPOS="303" HPOS="193"/>
							<String ID="string_31" HPOS="209" VPOS="306" WIDTH="49" HEIGHT="14" WC="0.96" CONTENT="svar"/><SP WIDTH="11" VPOS="306" HPOS="258"/>
							<String ID="string_32" HPOS="269" VPOS="300" WIDTH="28" HEIGHT="26" WC="0.93" CONTENT="pä"/><SP WIDTH="11" VPOS="300" HPOS="297"/>
							<String ID="string_33" HPOS="308" VPOS="300" WIDTH="183" HEIGHT="26" WC="0.92" CONTENT="framställningen"/><SP WIDTH="10" VPOS="300" HPOS="491"/>
							<String ID="string_34" HPOS="501" VPOS="300" WIDTH="68" HEIGHT="20" WC="0.93" CONTENT="under"/><SP WIDTH="11" VPOS="300" HPOS="569"/>
							<String ID="string_35" HPOS="580" VPOS="300" WIDTH="115" HEIGHT="26" WC="0.91" CONTENT="pägäende"/><SP WIDTH="12" VPOS="300" HPOS="695"/>
							<String ID="string_36" HPOS="707" VPOS="300" WIDTH="105" HEIGHT="26" WC="0.92" CONTENT="landtdag"/><SP WIDTH="10" VPOS="300" HPOS="812"/>
							<String ID="string_37" HPOS="822" VPOS="300" WIDTH="50" HEIGHT="20" WC="0.96" CONTENT="med"/>
						</TextLine>
						<TextLine ID="line_5" HPOS="113" VPOS="334" WIDTH="759" HEIGHT="26">
							<String ID="string_38" HPOS="113" VPOS="334" WIDTH="102" HEIGHT="20" WC="0.96" CONTENT="säkerhet"/><SP WIDTH="14" VPOS="334" HPOS="215"/>
							<String ID="string_39" HPOS="229" VPOS="341" WIDTH="54" HEIGHT="13" WC="0.96" CONTENT="vore"/><SP WIDTH="16" VPOS="341" HPOS="283"/>
							<String ID="string_40" HPOS="299" VPOS="337" WIDTH="32" HEIGHT="17" WC="0.93" CONTENT="att"/><SP WIDTH="16" VPOS="337" HPOS="331"/>
							<String ID="string_41" HPOS="347" VPOS="337" WIDTH="89" HEIGHT="21" WC="0.92" CONTENT="emotse,"/><SP WIDTH="16" VPOS="337" HPOS="436"/>
							<String ID="string_42" HPOS="452" VPOS="334" WIDTH="68" HEIGHT="26" WC="0.95" CONTENT="ligger"/><SP WIDTH="16" VPOS="334" HPOS="520"/>
							<String ID="string_43" HPOS="536" VPOS="334" WIDTH="38" HEIGHT="20" WC="0.93" CONTENT="det"/><SP WIDTH="15" VPOS="334" HPOS="574"/>
							<String ID="string_44" HPOS="589" VPOS="334" WIDTH="110" HEIGHT="26" WC="0.96" CONTENT="knappast"/><SP WIDTH="15" VPOS="334" HPOS="699"/>
							<String ID="string_45" HPOS="714" VPOS="334" WIDTH="73" HEIGHT="26" WC="0.92" CONTENT="någon"/><SP WIDTH="16" VPOS="334" HPOS="787"/>
							<String ID="string_46" HPOS="803" VPOS="337" WIDTH="69" HEIGHT="17" WC="0.15" CONTENT="utom:"/>
						</TextLine>
						<TextLine ID="line_6" HPOS="113" VPOS="367" WIDTH="760" HEIGHT="27">
							<String ID="string_47" HPOS="113" VPOS="368" WIDTH="108" HEIGHT="26" WC="0.89" CONTENT="ordentlig"/><SP WIDTH="22" VPOS="368" HPOS="221"/>
							<String ID="string_48" HPOS="243" VPOS="369" WIDTH="47" HEIGHT="25" WC="0.93" CONTENT="vigt"/><SP WIDTH="15" VPOS="369" HPOS="290"/>
							<String ID="string_49" HPOS="305" VPOS="368" WIDTH="29" HEIGHT="26" WC="0.93" CONTENT="pä"/><SP WIDTH="15" VPOS="368" HPOS="334"/>
							<String ID="string_50" HPOS="349" VPOS="367" WIDTH="86" HEIGHT="27" WC="0.91" CONTENT="frägans"/><SP WIDTH="23" VPOS="367" HPOS="435"/>
							<String ID="string_51" HPOS="458" VPOS="368" WIDTH="138" HEIGHT="20" WC="0.91" CONTENT="omedelbara"/><SP WIDTH="16" VPOS="368" HPOS="596"/>
							<String ID="string_52" HPOS="612" VPOS="368" WIDTH="126" HEIGHT="26" WC="0.92" CONTENT="afgörande."/><SP WIDTH="32" VPOS="368" HPOS="738"/>
							<String ID="string_53" HPOS="770" VPOS="368" WIDTH="35" HEIGHT="26" WC="0.93" CONTENT="Ty"/><SP WIDTH="16" VPOS="368" HPOS="805"/>
							<String ID="string_54" HPOS="821" VPOS="368" WIDTH="52" HEIGHT="20" WC="0.93" CONTENT="obe-"/>
						</TextLine>
						<TextLine ID="line_7" HPOS="113" VPOS="401" WIDTH="759" HEIGHT="25">
							<String ID="string_55" HPOS="113" VPOS="402" WIDTH="82" HEIGHT="20" WC="0.91" CONTENT="roende"/><SP WIDTH="22" VPOS="402" HPOS="195"/>
							<String ID="string_56" HPOS="217" VPOS="401" WIDTH="65" HEIGHT="21" WC="0.92" CONTENT="deraf"/><SP WIDTH="11" VPOS="401" HPOS="282"/>
							<String ID="string_57" HPOS="293" VPOS="401" WIDTH="71" HEIGHT="21" WC="0.93" CONTENT="kunna"/><SP WIDTH="16" VPOS="401" HPOS="364"/>
							<String ID="string_58" HPOS="380" VPOS="401" WIDTH="126" HEIGHT="25" WC="0.92" CONTENT="Ständerna,"/><SP WIDTH="24" VPOS="401" HPOS="506"/>
							<String ID="string_59" HPOS="530" VPOS="402" WIDTH="32" HEIGHT="20" WC="0.96" CONTENT="för"/><SP WIDTH="16" VPOS="402" HPOS="562"/>
							<String ID="string_60" HPOS="578" VPOS="402" WIDTH="42" HEIGHT="20" WC="0.90" CONTENT="den"/><SP WIDTH="24" VPOS="402" HPOS="620"/>
							<String ID="string_61" HPOS="644" VPOS="402" WIDTH="104" HEIGHT="20" WC="0.90" CONTENT="händelse"/><SP WIDTH="16" VPOS="402" HPOS="748"/>
							<String ID="string_62" HPOS="764" VPOS="402" WIDTH="28" HEIGHT="20" WC="0.93" CONTENT="de"/><SP WIDTH="16" VPOS="402" HPOS="792"/>
							<String ID="string_63" HPOS="808" VPOS="402" WIDTH="64" HEIGHT="20" WC="0.93" CONTENT="äfven"/>
						</TextLine>
						<TextLine ID="line_8" HPOS="113" VPOS="435" WIDTH="759" HEIGHT="27">
							<String ID="string_64" HPOS="113" VPOS="436" WIDTH="36" HEIGHT="20" WC="0.96" CONTENT="vid"/><SP WIDTH="16" VPOS="436" HPOS="149"/>
							<String ID="string_65" HPOS="165" VPOS="436" WIDTH="69" HEIGHT="20" WC="0.93" CONTENT="denna"/><SP WIDTH="15" VPOS="436" HPOS="234"/>
							<String ID="string_66" HPOS="249" VPOS="436" WIDTH="105" HEIGHT="26" WC="0.92" CONTENT="landtdag"/><SP WIDTH="16" VPOS="436" HPOS="354"/>
							<String ID="string_67" HPOS="370" VPOS="435" WIDTH="67" HEIGHT="21" WC="0.91" CONTENT="önska"/><SP WIDTH="13" VPOS="435" HPOS="437"/>
							<String ID="string_68" HPOS="450" VPOS="439" WIDTH="47" HEIGHT="17" WC="0.92" CONTENT="utse"/><SP WIDTH="11" VPOS="439" HPOS="497"/>
							<String ID="string_69" HPOS="508" VPOS="436" WIDTH="60" HEIGHT="20" WC="0.90" CONTENT="säväl"/><SP WIDTH="11" VPOS="436" HPOS="568"/>
							<String ID="string_70" HPOS="579" VPOS="436" WIDTH="106" HEIGHT="20" WC="0.92" CONTENT="ordinarie"/><SP WIDTH="12" VPOS="436" HPOS="685"/>
							<String ID="string_71" HPOS="697" VPOS="443" WIDTH="48" HEIGHT="13" WC="0.93" CONTENT="som"/><SP WIDTH="11" VPOS="443" HPOS="745"/>
							<String ID="string_72" HPOS="756" VPOS="436" WIDTH="116" HEIGHT="20" WC="0.92" CONTENT="förstärkte"/>
						</TextLine>
						<TextLine ID="line_9" HPOS="113" VPOS="469" WIDTH="760" HEIGHT="27">
							<String ID="string_73" HPOS="113" VPOS="469" WIDTH="198" HEIGHT="27" WC="0.91" CONTENT="bankfullmäktige,"/><SP WIDTH="16" VPOS="469" HPOS="311"/>
							<String ID="string_74" HPOS="327" VPOS="470" WIDTH="72" HEIGHT="20" WC="0.93" CONTENT="skrida"/><SP WIDTH="16" VPOS="470" HPOS="399"/>
							<String ID="string_75" HPOS="415" VPOS="470" WIDTH="31" HEIGHT="20" WC="0.96" CONTENT="till"/><SP WIDTH="13" VPOS="470" HPOS="446"/>
							<String ID="string_76" HPOS="459" VPOS="470" WIDTH="57" HEIGHT="20" WC="0.93" CONTENT="valet"/><SP WIDTH="16" VPOS="470" HPOS="516"/>
							<String ID="string_77" HPOS="532" VPOS="470" WIDTH="56" HEIGHT="20" WC="0.95" CONTENT="blott"/><SP WIDTH="16" VPOS="470" HPOS="588"/>
							<String ID="string_78" HPOS="604" VPOS="470" WIDTH="28" HEIGHT="20" WC="0.96" CONTENT="de"/><SP WIDTH="16" VPOS="470" HPOS="632"/>
							<String ID="string_79" HPOS="648" VPOS="472" WIDTH="101" HEIGHT="24" WC="0.96" CONTENT="antingen"/><SP WIDTH="17" VPOS="472" HPOS="749"/>
							<String ID="string_80" HPOS="766" VPOS="471" WIDTH="6" HEIGHT="19" WC="0.83" CONTENT="i"/><SP WIDTH="11" VPOS="471" HPOS="772"/>
							<String ID="string_81" HPOS="783" VPOS="470" WIDTH="90" HEIGHT="20" WC="0.90" CONTENT="instruk-"/>
						</TextLine>
						<TextLine ID="line_10" HPOS="113" VPOS="504" WIDTH="760" HEIGHT="27">
							<String ID="string_82" HPOS="113" VPOS="506" WIDTH="74" HEIGHT="19" WC="0.92" CONTENT="tionen"/><SP WIDTH="14" VPOS="506" HPOS="187"/>
							<String ID="string_83" HPOS="201" VPOS="504" WIDTH="33" HEIGHT="20" WC="0.92" CONTENT="för"/><SP WIDTH="23" VPOS="504" HPOS="234"/>
							<String ID="string_84" HPOS="257" VPOS="504" WIDTH="191" HEIGHT="27" WC="0.92" CONTENT="bankfullmäktige"/><SP WIDTH="17" VPOS="504" HPOS="448"/>
							<String ID="string_85" HPOS="465" VPOS="504" WIDTH="50" HEIGHT="20" WC="0.95" CONTENT="eller"/><SP WIDTH="23" VPOS="504" HPOS="515"/>
							<String ID="string_86" HPOS="538" VPOS="512" WIDTH="79" HEIGHT="19" WC="0.93" CONTENT="genom"/><SP WIDTH="16" VPOS="512" HPOS="617"/>
							<String ID="string_87" HPOS="633" VPOS="504" WIDTH="101" HEIGHT="21" WC="0.92" CONTENT="särskildt"/><SP WIDTH="16" VPOS="504" HPOS="734"/>
							<String ID="string_88" HPOS="750" VPOS="504" WIDTH="70" HEIGHT="21" WC="0.93" CONTENT="beslut"/><SP WIDTH="15" VPOS="504" HPOS="820"/>
							<String ID="string_89" HPOS="835" VPOS="504" WIDTH="38" HEIGHT="21" WC="0.92" CONTENT="be-"/>
						</TextLine>
						<TextLine ID="line_11" HPOS="113" VPOS="538" WIDTH="760" HEIGHT="27">
							<String ID="string_90" HPOS="113" VPOS="538" WIDTH="104" HEIGHT="27" WC="0.89" CONTENT="myndiga"/><SP WIDTH="23" VPOS="538" HPOS="217"/>
							<String ID="string_91" HPOS="240" VPOS="538" WIDTH="107" HEIGHT="21" WC="0.89" CONTENT="ordinarie"/><SP WIDTH="22" VPOS="538" HPOS="347"/>
							<String ID="string_92" HPOS="369" VPOS="538" WIDTH="191" HEIGHT="27" WC="0.91" CONTENT="banktullmäktige"/><SP WIDTH="23" VPOS="538" HPOS="560"/>
							<String ID="string_93" HPOS="583" VPOS="542" WIDTH="32" HEIGHT="17" WC="0.93" CONTENT="att"/><SP WIDTH="21" VPOS="542" HPOS="615"/>
							<String ID="string_94" HPOS="636" VPOS="539" WIDTH="113" HEIGHT="26" WC="0.87" CONTENT="öfvertaga"/><SP WIDTH="17" VPOS="539" HPOS="749"/>
							<String ID="string_95" HPOS="766" VPOS="539" WIDTH="63" HEIGHT="20" WC="0.93" CONTENT="äfven"/><SP WIDTH="16" VPOS="539" HPOS="829"/>
							<String ID="string_96" HPOS="845" VPOS="539" WIDTH="28" HEIGHT="20" WC="0.96" CONTENT="de"/>
						</TextLine>
						<TextLine ID="line_12" HPOS="113" VPOS="572" WIDTH="758" HEIGHT="29">
							<String ID="string_97" HPOS="113" VPOS="572" WIDTH="128" HEIGHT="21" WC="0.96" CONTENT="förstärktes"/><SP WIDTH="16" VPOS="572" HPOS="241"/>
							<String ID="string_98" HPOS="257" VPOS="573" WIDTH="128" HEIGHT="26" WC="0.96" CONTENT="åligganden"/><SP WIDTH="16" VPOS="573" HPOS="385"/>
							<String ID="string_99" HPOS="401" VPOS="573" WIDTH="41" HEIGHT="20" WC="0.93" CONTENT="och"/><SP WIDTH="16" VPOS="573" HPOS="442"/>
							<String ID="string_100" HPOS="458" VPOS="573" WIDTH="134" HEIGHT="27" WC="0.96" CONTENT="befogenhet"/><SP WIDTH="17" VPOS="573" HPOS="592"/>
							<String ID="string_101" HPOS="609" VPOS="573" WIDTH="52" HEIGHT="20" WC="0.96" CONTENT="intill"/><SP WIDTH="15" VPOS="573" HPOS="661"/>
							<String ID="string_102" HPOS="676" VPOS="573" WIDTH="50" HEIGHT="20" WC="0.92" CONTENT="dess"/><SP WIDTH="16" VPOS="573" HPOS="726"/>
							<String ID="string_103" HPOS="742" VPOS="572" WIDTH="13" HEIGHT="29" WC="0.81" CONTENT="8"/><SP WIDTH="15" VPOS="572" HPOS="755"/>
							<String ID="string_104" HPOS="770" VPOS="579" WIDTH="14" HEIGHT="20" WC="0.95" CONTENT="4"/><SP WIDTH="16" VPOS="579" HPOS="784"/>
							<String ID="string_105" HPOS="800" VPOS="575" WIDTH="5" HEIGHT="18" WC="0.95" CONTENT="i"/><SP WIDTH="13" VPOS="575" HPOS="805"/>
							<String ID="string_106" HPOS="818" VPOS="573" WIDTH="53" HEIGHT="26" WC="0.96" CONTENT="1867"/>
						</TextLine>
						<TextLine ID="line_13" HPOS="114" VPOS="607" WIDTH="410" HEIGHT="26">
							<String ID="string_107" HPOS="114" VPOS="607" WIDTH="35" HEIGHT="20" WC="0.96" CONTENT="års"/><SP WIDTH="16" VPOS="607" HPOS="149"/>
							<String ID="string_108" HPOS="165" VPOS="607" WIDTH="126" HEIGHT="26" WC="0.96" CONTENT="förordning"/><SP WIDTH="14" VPOS="607" HPOS="291"/>
							<String ID="string_109" HPOS="305" VPOS="607" WIDTH="74" HEIGHT="20" WC="0.93" CONTENT="hunnit"/><SP WIDTH="16" VPOS="607" HPOS="379"/>
							<String ID="string_110" HPOS="395" VPOS="607" WIDTH="129" HEIGHT="26" WC="0.92" CONTENT="upphäfvas."/>
						</TextLine>
					</TextBlock>
					<TextBlock ID="block_2" HPOS="115" VPOS="641" WIDTH="758" HEIGHT="54">
						<TextLine ID="line_14" HPOS="182" VPOS="641" WIDTH="691" HEIGHT="27">
							<String ID="string_111" HPOS="182" VPOS="641" WIDTH="52" HEIGHT="20" WC="0.96" CONTENT="Med"/><SP WIDTH="21" VPOS="641" HPOS="234"/>
							<String ID="string_112" HPOS="255" VPOS="641" WIDTH="50" HEIGHT="20" WC="0.96" CONTENT="stöd"/><SP WIDTH="21" VPOS="641" HPOS="305"/>
							<String ID="string_113" HPOS="326" VPOS="641" WIDTH="25" HEIGHT="20" WC="0.96" CONTENT="af"/><SP WIDTH="20" VPOS="641" HPOS="351"/>
							<String ID="string_114" HPOS="371" VPOS="641" WIDTH="37" HEIGHT="20" WC="0.93" CONTENT="det"/><SP WIDTH="21" VPOS="641" HPOS="408"/>
							<String ID="string_115" HPOS="429" VPOS="641" WIDTH="65" HEIGHT="21" WC="0.93" CONTENT="ofvan"/><SP WIDTH="23" VPOS="641" HPOS="494"/>
							<String ID="string_116" HPOS="517" VPOS="641" WIDTH="89" HEIGHT="21" WC="0.92" CONTENT="anförda"/><SP WIDTH="23" VPOS="641" HPOS="606"/>
							<String ID="string_117" HPOS="629" VPOS="645" WIDTH="44" HEIGHT="16" WC="0.92" CONTENT="tror"/><SP WIDTH="20" VPOS="645" HPOS="673"/>
							<String ID="string_118" HPOS="693" VPOS="641" WIDTH="38" HEIGHT="27" WC="0.96" CONTENT="jag"/><SP WIDTH="23" VPOS="641" HPOS="731"/>
							<String ID="string_119" HPOS="754" VPOS="643" WIDTH="44" HEIGHT="25" WC="0.93" CONTENT="mig"/><SP WIDTH="22" VPOS="643" HPOS="798"/>
							<String ID="string_120" HPOS="820" VPOS="641" WIDTH="53" HEIGHT="20" WC="0.91" CONTENT="böra"/>
						</TextLine>
						<TextLine ID="line_15" HPOS="115" VPOS="675" WIDTH="87" HEIGHT="20">
							<String ID="string_121" HPOS="115" VPOS="675" WIDTH="87" HEIGHT="20" WC="0.92" CONTENT="föreslä:"/>
						</TextLine>
					</TextBlock>
					<TextBlock ID="block_3" HPOS="318" VPOS="714" WIDTH="559" HEIGHT="199">
						<TextLine ID="line_16" HPOS="391" VPOS="714" WIDTH="481" HEIGHT="27">
							<String ID="string_122" HPOS="391" VPOS="717" WIDTH="34" HEIGHT="17" WC="0.93" CONTENT="att"/><SP WIDTH="8" VPOS="717" HPOS="425"/>
							<String ID="string_123" HPOS="433" VPOS="715" WIDTH="151" HEIGHT="26" WC="0.96" CONTENT="förevarande"/><SP WIDTH="23" VPOS="715" HPOS="584"/>
							<String ID="string_124" HPOS="607" VPOS="714" WIDTH="133" HEIGHT="21" WC="0.93" CONTENT="betänkande"/><SP WIDTH="15" VPOS="714" HPOS="740"/>
							<String ID="string_125" HPOS="755" VPOS="715" WIDTH="117" HEIGHT="20" WC="0.91" CONTENT="äterremit-"/>
						</TextLine>
						<TextLine ID="line_17" HPOS="321" VPOS="749" WIDTH="551" HEIGHT="26">
							<String ID="string_126" HPOS="321" VPOS="751" WIDTH="58" HEIGHT="18" WC="0.95" CONTENT="teras"/><SP WIDTH="16" VPOS="751" HPOS="379"/>
							<String ID="string_127" HPOS="395" VPOS="749" WIDTH="35" HEIGHT="20" WC="0.93" CONTENT="till"/><SP WIDTH="12" VPOS="749" HPOS="430"/>
							<String ID="string_128" HPOS="442" VPOS="749" WIDTH="104" HEIGHT="24" WC="0.96" CONTENT="utskottet,"/><SP WIDTH="22" VPOS="749" HPOS="546"/>
							<String ID="string_129" HPOS="568" VPOS="749" WIDTH="50" HEIGHT="20" WC="0.95" CONTENT="med"/><SP WIDTH="14" VPOS="749" HPOS="618"/>
							<String ID="string_130" HPOS="632" VPOS="749" WIDTH="102" HEIGHT="26" WC="0.96" CONTENT="uppdrag"/><SP WIDTH="13" VPOS="749" HPOS="734"/>
							<String ID="string_131" HPOS="747" VPOS="752" WIDTH="33" HEIGHT="17" WC="0.95" CONTENT="att"/><SP WIDTH="14" VPOS="752" HPOS="780"/>
							<String ID="string_132" HPOS="794" VPOS="749" WIDTH="10" HEIGHT="20" WC="0.92" CONTENT="i"/><SP WIDTH="12" VPOS="749" HPOS="804"/>
							<String ID="string_133" HPOS="816" VPOS="756" WIDTH="56" HEIGHT="13" WC="0.92" CONTENT="sam-"/>
						</TextLine>
						<TextLine ID="line_18" HPOS="321" VPOS="783" WIDTH="553" HEIGHT="26">
							<String ID="string_134" HPOS="321" VPOS="783" WIDTH="112" HEIGHT="26" WC="0.89" CONTENT="manhang"/><SP WIDTH="12" VPOS="783" HPOS="433"/>
							<String ID="string_135" HPOS="445" VPOS="783" WIDTH="51" HEIGHT="20" WC="0.95" CONTENT="med"/><SP WIDTH="12" VPOS="783" HPOS="496"/>
							<String ID="string_136" HPOS="508" VPOS="783" WIDTH="35" HEIGHT="20" WC="0.93" CONTENT="det"/><SP WIDTH="15" VPOS="783" HPOS="543"/>
							<String ID="string_137" HPOS="558" VPOS="783" WIDTH="131" HEIGHT="20" WC="0.96" CONTENT="betänkande"/><SP WIDTH="16" VPOS="783" HPOS="689"/>
							<String ID="string_138" HPOS="705" VPOS="783" WIDTH="112" HEIGHT="26" WC="0.96" CONTENT="angående"/><SP WIDTH="10" VPOS="783" HPOS="817"/>
							<String ID="string_139" HPOS="827" VPOS="786" WIDTH="47" HEIGHT="23" WC="0.95" CONTENT="nytt"/>
						</TextLine>
						<TextLine ID="line_19" HPOS="322" VPOS="817" WIDTH="552" HEIGHT="27">
							<String ID="string_140" HPOS="322" VPOS="817" WIDTH="124" HEIGHT="26" WC="0.78" CONTENT="reglemente"/><SP WIDTH="8" VPOS="817" HPOS="446"/>
							<String ID="string_141" HPOS="454" VPOS="818" WIDTH="44" HEIGHT="26" WC="0.96" CONTENT="för"/><SP WIDTH="13" VPOS="818" HPOS="498"/>
							<String ID="string_142" HPOS="511" VPOS="817" WIDTH="106" HEIGHT="20" WC="0.96" CONTENT="Finlands"/><SP WIDTH="15" VPOS="817" HPOS="617"/>
							<String ID="string_143" HPOS="632" VPOS="817" WIDTH="69" HEIGHT="24" WC="0.95" CONTENT="Bank,"/><SP WIDTH="12" VPOS="817" HPOS="701"/>
							<String ID="string_144" HPOS="713" VPOS="825" WIDTH="45" HEIGHT="13" WC="0.93" CONTENT="som"/><SP WIDTH="16" VPOS="825" HPOS="758"/>
							<String ID="string_145" HPOS="774" VPOS="817" WIDTH="100" HEIGHT="20" WC="0.95" CONTENT="utskottet"/>
						</TextLine>
						<TextLine ID="line_20" HPOS="321" VPOS="851" WIDTH="556" HEIGHT="28">
							<String ID="string_146" HPOS="321" VPOS="851" WIDTH="44" HEIGHT="20" WC="0.94" CONTENT="har"/><SP WIDTH="13" VPOS="851" HPOS="365"/>
							<String ID="string_147" HPOS="378" VPOS="854" WIDTH="33" HEIGHT="17" WC="0.93" CONTENT="att"/><SP WIDTH="15" VPOS="854" HPOS="411"/>
							<String ID="string_148" HPOS="426" VPOS="851" WIDTH="95" HEIGHT="27" WC="0.71" CONTENT="afgifva,"/><SP WIDTH="24" VPOS="851" HPOS="521"/>
							<String ID="string_149" HPOS="545" VPOS="851" WIDTH="108" HEIGHT="20" WC="0.95" CONTENT="inkomma"/><SP WIDTH="15" VPOS="851" HPOS="653"/>
							<String ID="string_150" HPOS="668" VPOS="851" WIDTH="52" HEIGHT="20" WC="0.96" CONTENT="med"/><SP WIDTH="14" VPOS="851" HPOS="720"/>
							<String ID="string_151" HPOS="734" VPOS="852" WIDTH="93" HEIGHT="27" WC="0.76" CONTENT="förslag"/><SP WIDTH="13" VPOS="852" HPOS="827"/>
							<String ID="string_152" HPOS="840" VPOS="851" WIDTH="37" HEIGHT="20" WC="0.96" CONTENT="till"/>
						</TextLine>
						<TextLine ID="line_21" HPOS="318" VPOS="885" WIDTH="454" HEIGHT="28">
							<String ID="string_153" HPOS="318" VPOS="885" WIDTH="170" HEIGHT="26" WC="0.94" CONTENT="framställning"/><SP WIDTH="13" VPOS="885" HPOS="488"/>
							<String ID="string_154" HPOS="501" VPOS="885" WIDTH="9" HEIGHT="20" WC="0.92" CONTENT="i"/><SP WIDTH="13" VPOS="885" HPOS="510"/>
							<String ID="string_155" HPOS="523" VPOS="886" WIDTH="67" HEIGHT="26" WC="0.93" CONTENT="ofvan"/><SP WIDTH="16" VPOS="886" HPOS="590"/>
							<String ID="string_156" HPOS="606" VPOS="885" WIDTH="91" HEIGHT="27" WC="0.81" CONTENT="anfördt"/><SP WIDTH="14" VPOS="885" HPOS="697"/>
							<String ID="string_157" HPOS="711" VPOS="887" WIDTH="61" HEIGHT="26" WC="0.96" CONTENT="syfte."/>
						</TextLine>
					</TextBlock>
				</ComposedBlock>
				<ComposedBlock ID="cblock_2" HPOS="112" VPOS="958" WIDTH="760" HEIGHT="164">
					<TextBlock ID="block_4" HPOS="112" VPOS="958" WIDTH="760" HEIGHT="164">
						<TextLine ID="line_22" HPOS="181" VPOS="958" WIDTH="691" HEIGHT="28">
							<String ID="string_158" HPOS="181" VPOS="958" WIDTH="78" HEIGHT="21" WC="0.93" CONTENT="Tillika"/><SP WIDTH="16" VPOS="958" HPOS="259"/>
							<String ID="string_159" HPOS="275" VPOS="959" WIDTH="42" HEIGHT="20" WC="0.96" CONTENT="och"/><SP WIDTH="16" VPOS="959" HPOS="317"/>
							<String ID="string_160" HPOS="333" VPOS="959" WIDTH="27" HEIGHT="20" WC="0.91" CONTENT="då"/><SP WIDTH="16" VPOS="959" HPOS="360"/>
							<String ID="string_161" HPOS="376" VPOS="959" WIDTH="120" HEIGHT="20" WC="0.90" CONTENT="Ständerna"/><SP WIDTH="10" VPOS="959" HPOS="496"/>
							<String ID="string_162" HPOS="506" VPOS="961" WIDTH="6" HEIGHT="18" WC="0.96" CONTENT="i"/><SP WIDTH="9" VPOS="961" HPOS="512"/>
							<String ID="string_163" HPOS="521" VPOS="966" WIDTH="26" HEIGHT="13" WC="0.93" CONTENT="en"/><SP WIDTH="9" VPOS="966" HPOS="547"/>
							<String ID="string_164" HPOS="556" VPOS="959" WIDTH="207" HEIGHT="27" WC="0.91" CONTENT="lagtolkningsfråga"/><SP WIDTH="9" VPOS="959" HPOS="763"/>
							<String ID="string_165" HPOS="772" VPOS="959" WIDTH="24" HEIGHT="20" WC="0.96" CONTENT="af"/><SP WIDTH="6" VPOS="959" HPOS="796"/>
							<String ID="string_166" HPOS="802" VPOS="959" WIDTH="70" HEIGHT="20" WC="0.95" CONTENT="denna"/>
						</TextLine>
						<TextLine ID="line_23" HPOS="112" VPOS="992" WIDTH="758" HEIGHT="28">
							<String ID="string_167" HPOS="112" VPOS="995" WIDTH="40" HEIGHT="22" WC="0.96" CONTENT="art,"/><SP WIDTH="17" VPOS="995" HPOS="152"/>
							<String ID="string_168" HPOS="169" VPOS="993" WIDTH="73" HEIGHT="20" WC="0.96" CONTENT="såsom"/><SP WIDTH="15" VPOS="993" HPOS="242"/>
							<String ID="string_169" HPOS="257" VPOS="992" WIDTH="120" HEIGHT="21" WC="0.96" CONTENT="berörande"/><SP WIDTH="16" VPOS="992" HPOS="377"/>
							<String ID="string_170" HPOS="393" VPOS="993" WIDTH="111" HEIGHT="26" WC="0.96" CONTENT="grundlag,"/><SP WIDTH="17" VPOS="993" HPOS="504"/>
							<String ID="string_171" HPOS="521" VPOS="993" WIDTH="47" HEIGHT="20" WC="0.96" CONTENT="icke"/><SP WIDTH="16" VPOS="993" HPOS="568"/>
							<String ID="string_172" HPOS="584" VPOS="993" WIDTH="70" HEIGHT="20" WC="0.96" CONTENT="kunna"/><SP WIDTH="15" VPOS="993" HPOS="654"/>
							<String ID="string_173" HPOS="669" VPOS="993" WIDTH="75" HEIGHT="27" WC="0.96" CONTENT="bygga"/><SP WIDTH="15" VPOS="993" HPOS="744"/>
							<String ID="string_174" HPOS="759" VPOS="995" WIDTH="33" HEIGHT="18" WC="0.90" CONTENT="sin"/><SP WIDTH="15" VPOS="995" HPOS="792"/>
							<String ID="string_175" HPOS="807" VPOS="994" WIDTH="63" HEIGHT="26" WC="0.90" CONTENT="åsigt,"/>
						</TextLine>
						<TextLine ID="line_24" HPOS="113" VPOS="1026" WIDTH="759" HEIGHT="28">
							<String ID="string_176" HPOS="113" VPOS="1027" WIDTH="27" HEIGHT="20" WC="0.96" CONTENT="än"/><SP WIDTH="18" VPOS="1027" HPOS="140"/>
							<String ID="string_177" HPOS="158" VPOS="1027" WIDTH="83" HEIGHT="20" WC="0.95" CONTENT="mindre"/><SP WIDTH="23" VPOS="1027" HPOS="241"/>
							<String ID="string_178" HPOS="264" VPOS="1033" WIDTH="27" HEIGHT="14" WC="0.94" CONTENT="en"/><SP WIDTH="15" VPOS="1033" HPOS="291"/>
							<String ID="string_179" HPOS="306" VPOS="1026" WIDTH="105" HEIGHT="25" WC="0.96" CONTENT="anmälan,"/><SP WIDTH="24" VPOS="1026" HPOS="411"/>
							<String ID="string_180" HPOS="435" VPOS="1027" WIDTH="67" HEIGHT="20" WC="0.96" CONTENT="sådan"/><SP WIDTH="12" VPOS="1027" HPOS="502"/>
							<String ID="string_181" HPOS="514" VPOS="1027" WIDTH="38" HEIGHT="27" WC="0.96" CONTENT="jag"/><SP WIDTH="23" VPOS="1027" HPOS="552"/>
							<String ID="string_182" HPOS="575" VPOS="1027" WIDTH="118" HEIGHT="26" WC="0.96" CONTENT="föreslagit,"/><SP WIDTH="24" VPOS="1027" HPOS="693"/>
							<String ID="string_183" HPOS="717" VPOS="1028" WIDTH="29" HEIGHT="26" WC="0.96" CONTENT="på"/><SP WIDTH="15" VPOS="1028" HPOS="746"/>
							<String ID="string_184" HPOS="761" VPOS="1027" WIDTH="111" HEIGHT="21" WC="0.96" CONTENT="utlåtande"/>
						</TextLine>
						<TextLine ID="line_25" HPOS="112" VPOS="1060" WIDTH="760" HEIGHT="28">
							<String ID="string_185" HPOS="112" VPOS="1064" WIDTH="84" HEIGHT="17" WC="0.95" CONTENT="ensamt"/><SP WIDTH="15" VPOS="1064" HPOS="196"/>
							<String ID="string_186" HPOS="211" VPOS="1061" WIDTH="26" HEIGHT="20" WC="0.93" CONTENT="af"/><SP WIDTH="12" VPOS="1061" HPOS="237"/>
							<String ID="string_187" HPOS="249" VPOS="1060" WIDTH="171" HEIGHT="26" WC="0.92" CONTENT="bankutskottet,"/><SP WIDTH="18" VPOS="1060" HPOS="420"/>
							<String ID="string_188" HPOS="438" VPOS="1063" WIDTH="6" HEIGHT="18" WC="0.96" CONTENT="i"/><SP WIDTH="15" VPOS="1063" HPOS="444"/>
							<String ID="string_189" HPOS="459" VPOS="1061" WIDTH="81" HEIGHT="21" WC="0.96" CONTENT="hvilket"/><SP WIDTH="15" VPOS="1061" HPOS="540"/>
							<String ID="string_190" HPOS="555" VPOS="1061" WIDTH="113" HEIGHT="27" WC="0.93" CONTENT="tillräcklig"/><SP WIDTH="11" VPOS="1061" HPOS="668"/>
							<String ID="string_191" HPOS="679" VPOS="1061" WIDTH="135" HEIGHT="27" WC="0.92" CONTENT="lagkunskap"/><SP WIDTH="9" VPOS="1061" HPOS="814"/>
							<String ID="string_192" HPOS="823" VPOS="1061" WIDTH="49" HEIGHT="20" WC="0.96" CONTENT="icke"/>
						</TextLine>
						<TextLine ID="line_26" HPOS="112" VPOS="1095" WIDTH="255" HEIGHT="27">
							<String ID="string_193" HPOS="112" VPOS="1095" WIDTH="67" HEIGHT="20" WC="0.95" CONTENT="finnes"/><SP WIDTH="16" VPOS="1095" HPOS="179"/>
							<String ID="string_194" HPOS="195" VPOS="1095" WIDTH="172" HEIGHT="27" WC="0.96" CONTENT="representerad,"/>
						</TextLine>
					</TextBlock>
				</ComposedBlock>
				<ComposedBlock ID="cblock_3" HPOS="319" VPOS="1152" WIDTH="556" HEIGHT="94">
					<TextBlock ID="block_5" HPOS="319" VPOS="1152" WIDTH="556" HEIGHT="94">
						<TextLine ID="line_27" HPOS="389" VPOS="1152" WIDTH="483" HEIGHT="27">
							<String ID="string_195" HPOS="389" VPOS="1152" WIDTH="60" HEIGHT="20" WC="0.95" CONTENT="torde"/><SP WIDTH="16" VPOS="1152" HPOS="449"/>
							<String ID="string_196" HPOS="465" VPOS="1152" WIDTH="142" HEIGHT="20" WC="0.96" CONTENT="betänkandet"/><SP WIDTH="13" VPOS="1152" HPOS="607"/>
							<String ID="string_197" HPOS="620" VPOS="1154" WIDTH="45" HEIGHT="25" WC="0.90" CONTENT="för"/><SP WIDTH="13" VPOS="1154" HPOS="665"/>
							<String ID="string_198" HPOS="678" VPOS="1152" WIDTH="112" HEIGHT="20" WC="0.95" CONTENT="utlåtande"/><SP WIDTH="15" VPOS="1152" HPOS="790"/>
							<String ID="string_199" HPOS="805" VPOS="1152" WIDTH="9" HEIGHT="20" WC="0.93" CONTENT="i"/><SP WIDTH="14" VPOS="1152" HPOS="814"/>
							<String ID="string_200" HPOS="828" VPOS="1152" WIDTH="44" HEIGHT="26" WC="0.89" CONTENT="lag-"/>
						</TextLine>
						<TextLine ID="line_28" HPOS="321" VPOS="1186" WIDTH="554" HEIGHT="28">
							<String ID="string_201" HPOS="321" VPOS="1186" WIDTH="190" HEIGHT="27" WC="0.91" CONTENT="tolkningsfrågan"/><SP WIDTH="23" VPOS="1186" HPOS="511"/>
							<String ID="string_202" HPOS="534" VPOS="1186" WIDTH="52" HEIGHT="21" WC="0.96" CONTENT="böra"/><SP WIDTH="16" VPOS="1186" HPOS="586"/>
							<String ID="string_203" HPOS="602" VPOS="1187" WIDTH="120" HEIGHT="21" WC="0.93" CONTENT="remitteras"/><SP WIDTH="14" VPOS="1187" HPOS="722"/>
							<String ID="string_204" HPOS="736" VPOS="1187" WIDTH="91" HEIGHT="27" WC="0.91" CONTENT="jemväl"/><SP WIDTH="12" VPOS="1187" HPOS="827"/>
							<String ID="string_205" HPOS="839" VPOS="1186" WIDTH="36" HEIGHT="20" WC="0.95" CONTENT="till"/>
						</TextLine>
						<TextLine ID="line_29" HPOS="319" VPOS="1220" WIDTH="143" HEIGHT="26">
							<String ID="string_206" HPOS="319" VPOS="1220" WIDTH="143" HEIGHT="26" WC="0.96" CONTENT="lagutskottet."/>
						</TextLine>
					</TextBlock>
				</ComposedBlock>
				<ComposedBlock ID="cblock_4" HPOS="540" VPOS="1294" WIDTH="260" HEIGHT="29">
					<TextBlock ID="block_6" HPOS="540" VPOS="1294" WIDTH="260" HEIGHT="29">
						<TextLine ID="line_30" HPOS="540" VPOS="1294" WIDTH="260" HEIGHT="29">
							<String ID="string_207" HPOS="540" VPOS="1294" WIDTH="66" HEIGHT="23" WC="0.96" CONTENT="Emil"/><SP WIDTH="16" VPOS="1294" HPOS="606"/>
							<String ID="string_208" HPOS="622" VPOS="1295" WIDTH="178" HEIGHT="28" WC="0.38" CONTENT="Schybergson."/>
						</TextLine>
					</TextBlock>
				</ComposedBlock>
				<ComposedBlock ID="cblock_5" HPOS="179" VPOS="1465" WIDTH="347" HEIGHT="19">
					<TextBlock ID="block_7" HPOS="179" VPOS="1465" WIDTH="347" HEIGHT="19">
						<TextLine ID="line_31" HPOS="179" VPOS="1465" WIDTH="347" HEIGHT="19">
							<String ID="string_209" HPOS="179" VPOS="1465" WIDTH="146" HEIGHT="19" WC="0.44" CONTENT="Bankuiskottets"/><SP WIDTH="13" VPOS="1465" HPOS="325"/>
							<String ID="string_210" HPOS="338" VPOS="1465" WIDTH="110" HEIGHT="19" WC="0.96" CONTENT="betänkande"/><SP WIDTH="12" VPOS="1465" HPOS="448"/>
							<String ID="string_211" HPOS="460" VPOS="1466" WIDTH="38" HEIGHT="18" WC="0.96" CONTENT="N:o"/><SP WIDTH="12" VPOS="1466" HPOS="498"/>
							<String ID="string_212" HPOS="510" VPOS="1467" WIDTH="16" HEIGHT="17" WC="0.96" CONTENT="1."/>
						</TextLine>
					</TextBlock>
				</ComposedBlock>
			</PrintSpace>
		</Page>
	</Layout>
</alto>
