1103 1700
371 144 28 21 U.
415 144 25 20 B.
456 157 27 2 —
499 143 104 22 XXXIL
814 144 26 20 21

456 213 11 26 8
484 213 32 20 21.

178 268 129 27 Banksedel,
322 276 46 14 som
383 270 24 19 är
421 268 93 28 söndrig,
531 268 54 21 skall
601 268 85 26 inlösas,
699 268 90 21 såframt
799 269 70 21 antin-

108 311 42 21 gen
165 302 57 22 bäda
236 302 185 22 underskrifterna
436 303 64 28 jemte
518 302 79 22 endera
612 310 117 18 nummern,
740 302 52 21 eller
802 302 67 28 högra

108 345 111 14 nummern
234 338 64 27 jemte
314 336 70 29 nägon
401 336 34 22 del
451 336 23 22 af
489 336 190 27 underskrifterna,
695 336 105 22 inlemnas
813 344 55 14 sam-

108 370 163 29 manhängande
294 374 55 18 samt
372 371 85 21 sedelns
480 371 60 21 valör
562 370 70 22 tillika
654 370 43 22 kan
717 370 151 29 tillförlitligen

108 406 105 28 urskiljas.
248 405 97 29 Uppstär
367 405 77 21 tvifvel
468 412 34 14 om
525 404 70 22 sedels
618 405 104 28 giltighet,
745 405 125 21 ankommer

108 440 38 21 det
166 440 29 28 pä
209 440 136 21 direktionen
361 442 31 18 att
407 439 74 29 afgöra
496 439 107 21 huruvida
619 439 66 21 sädan
702 439 60 21 sedel
777 439 54 21 skall
846 438 24 22 af

109 474 86 22 banken
210 474 85 21 inlösas.

177 508 107 21 Försliten
308 508 51 21 eller
380 508 88 28 söndrig
491 507 59 22 sedel
571 508 36 21 mä
630 508 17 28 ej
666 508 6 20 i
694 508 96 21 rörelsen
811 507 56 29 ånyo

109 543 112 21 utlemnas.

407 601 26 26 88
450 601 26 20 22
493 599 40 22 och
550 601 26 20 23

179 657 66 27 enligt
261 657 203 28 bankfullmäktiges
480 657 87 28 förslag.

426 759 70 22 KAP.
511 759 42 21 LII.

152 815 44 24 Om
212 816 109 23 bankens
336 816 151 23 länerörelse
504 816 46 23 och
566 816 80 28 öfriga
661 817 164 23 verksamhet.

427 891 25 27 SS
469 891 84 21 24—29

177 947 66 28 enligt
259 947 202 29 bankfullmäktiges
476 947 88 28 förslag.

454 1017 12 26 s
483 1017 33 20 30.

176 1072 43 21 Till
234 1072 85 21 banken
335 1073 185 28 pantförskrifven
536 1072 44 22 fast
595 1073 52 21 eller
661 1073 32 21 lös
709 1073 105 28 egendom
828 1074 39 27 får

107 1107 38 21 der
167 1107 42 21 den
232 1107 20 28 ej
272 1107 29 28 af
314 1108 134 27 gäldenären
463 1108 86 26 utlöses,
565 1107 37 28 för
617 1107 96 22 bankens
727 1107 96 29 räkning
833 1108 33 28 pä

107 1142 92 21 auktion
213 1142 98 28 inropas,
325 1149 51 14 men
392 1142 57 21 skall
463 1142 47 21 åter
524 1142 115 28 föryttras,
654 1142 26 21 sä
694 1144 65 19 snart
772 1142 36 21 det
822 1143 44 21 kan

107 1176 35 21 ske
157 1176 132 28 förmänligt
303 1176 52 21 eller
369 1176 50 21 med
430 1176 86 21 minsta
530 1176 92 28 möjliga
634 1176 82 28 förlust
725 1176 37 28 för
772 1176 91 22 banken.

458 1250 12 27 8
488 1251 26 20 31

177 1301 68 28 enligt
260 1300 203 29 bankfullmäktiges
482 1301 86 28 förslag.

452 1371 13 27 s
482 1371 32 20 32.

176 1420 45 22 Det
239 1421 73 21 tillhör
334 1421 194 28 bankfullmäktige
550 1424 31 18 att
596 1421 28 29 pä
640 1421 146 22 direktionens
801 1421 65 22 fram-

107 1455 102 27 ställning
224 1454 129 22 bestämma:

176 1494 145 18 Bankutskottets
334 1495 111 18 betänkande
458 1497 37 15 N:o
508 1496 18 17 2.
