1103 1700
478 112 22 22 H
806 113 39 21 157

107 181 105 28 stadgade
235 181 122 27 fordringar
376 180 28 28 pä
419 181 89 27 sanning
524 181 39 21 och
579 180 122 28 redbarhet,
718 182 86 22 rättvist
819 187 53 21 upp-

107 216 64 22 häfva
193 221 82 15 samma
297 215 81 27 förslag
401 215 39 21 och
456 214 104 22 förordna
576 216 33 20 att
624 217 49 25 nytt
687 215 78 21 sädant
780 216 70 21 skulle
864 215 8 21 i

107 251 50 27 laga
172 249 91 27 ordning
278 249 23 22 af
315 249 233 22 kommunalstämman
563 251 121 25 upprättas.

177 280 66 26 Öfver
266 284 60 21 detta
349 284 72 27 utslag
444 284 90 21 anförde
554 284 143 21 ordföranden
714 284 7 20 i
737 284 27 21 R.
780 284 92 21 sockens

108 318 216 22 kommunalstämma
344 313 25 27 Å.
383 318 66 27 jemte
469 318 52 21 flere
537 318 69 21 andra
620 324 105 21 personer
740 318 78 21 besvär
832 318 40 22 hos

108 353 99 27 Wiborgs
222 352 88 27 hofrätt,
327 359 45 15 som
389 352 93 22 medelst
497 354 32 20 ett
540 352 41 22 den
592 352 28 22 28
632 352 96 22 Oktober
742 353 54 21 1890
804 352 68 27 gifvet

107 387 72 27 utslag
201 388 86 26 yttrade
309 387 33 27 sig
364 386 41 22 och
427 387 59 26 fann,
502 386 46 22 lika
562 386 49 22 med
627 386 159 27 häradsrätten,
802 386 69 22 landt-

108 421 137 23 hushållaren
267 422 26 22 A.
309 421 63 22 hafva
395 421 56 21 varit
473 421 124 27 berättigad
620 423 33 19 att
675 421 35 21 vid
730 421 142 22 omförmälda

107 456 216 22 kommunalstämma
346 456 87 26 deltaga
456 456 6 20 i
485 456 151 27 uppgörandet
659 456 24 21 af
703 456 167 27 ifrågavarande

106 490 81 28 förslag
209 490 33 22 till
264 491 135 26 nämdemän,
422 496 49 15 men
498 490 90 22 emedan
612 490 199 22 landthushällaren
835 490 35 27 A.,

107 531 77 21 genom
207 525 38 21 sitt
268 525 95 27 röstetal,
389 524 62 22 äfven
471 531 34 15 om
521 525 43 21 han
580 524 88 22 tillåtits
684 527 32 19 att
731 525 7 21 i
754 525 116 27 förslagets

107 560 143 27 upprättande
265 560 93 27 deltaga,
374 559 48 22 icke
438 559 85 22 kunnat
538 560 66 21 verka
620 560 89 27 ändring
724 559 7 22 i
743 559 127 26 detsamma,

107 597 23 24 ty
146 595 38 21 och
201 594 27 21 då
245 594 68 27 öfriga
328 594 23 21 af
364 595 154 21 häradsrätten
529 594 74 22 såsom
613 594 70 27 grund
693 594 34 21 för
738 595 50 21 dess
799 593 71 27 utslag

107 628 122 27 åberopade
245 629 46 20 skäl
307 628 93 22 saknade
416 629 49 21 stöd
481 628 24 22 af
518 629 42 27 lag,
571 629 47 21 blef
626 629 162 21 häradsrättens
799 628 72 27 utslag

107 663 119 27 upphäfvet
248 663 39 22 och
310 663 89 22 ärendet
421 663 107 22 förvisadt
550 663 93 22 tillbaka
661 663 33 22 till
709 663 161 25 häradsrätten,

107 704 46 15 som
176 698 53 27 egde
253 698 119 21 detsamma
395 697 154 28 ofördröjligen
572 698 34 21 till
629 698 129 27 behandling
774 697 97 27 företaga

107 732 39 22 och
169 733 49 20 med
240 733 66 20 saken
328 733 73 21 vidare
416 733 94 26 lagligen
526 731 82 23 förfara
624 731 52 24 utan
691 732 75 21 hinder
782 732 24 21 af
822 731 48 22 dess

107 767 66 27 förra,
188 767 91 23 sålunda
289 767 134 27 undanröjda
433 767 85 27 åtgärd,
529 767 35 22 vid
574 767 83 22 hvilket
667 767 71 27 utslag
748 765 123 29 Kejserliga

107 801 102 28 Senaten,
231 802 69 21 under
322 802 65 21 hvars
409 801 103 28 pröfning
527 802 68 22 saken
611 803 6 20 i
633 802 131 26 besvärsväg
780 801 89 27 dragits,

107 842 76 21 genom
199 836 71 27 utslag
285 836 40 21 den
340 837 28 21 30
383 836 98 22 Oktober
499 837 53 21 1891
570 836 50 22 låtit
635 837 59 21 bero.

175 870 102 22 Härefter
295 871 88 22 anförde
405 871 24 22 af
450 871 140 22 förenämnde
611 872 13 21 ä&
640 871 79 26 förslag
735 870 33 21 till
783 869 87 22 nämde-

107 906 48 19 män
177 904 106 27 uppförda
301 911 100 21 personer
416 905 34 27 H.,
467 905 31 27 T.,
515 905 31 27 O.,
562 905 24 28 I.,
602 906 24 21 P.
643 905 39 22 och
697 905 34 21 W.
746 905 33 21 uti
794 911 27 15 en
836 903 34 22 till

106 938 109 22 hofrätten
230 939 94 28 ingifven
339 939 64 22 skrift
418 940 111 27 klagomål
546 940 106 27 deröfver,
667 942 33 19 att
715 939 152 22 häradsrätten

106 973 93 27 grundat
220 974 39 21 sitt
281 973 140 22 omförmälda
439 974 71 27 utslag
526 975 7 21 i
550 974 72 27 öfrigt,
638 977 59 19 utom
714 973 70 22 sävidt
798 972 72 22 landt-

106 1007 138 22 hushällaren
267 1009 26 21 A.
315 1008 118 22 förklarats
458 1009 67 21 hafva
550 1009 57 22 varit
631 1009 122 26 berättigad
778 1010 33 19 att
834 1007 36 21 vid

106 1042 93 21 nämnda
221 1042 217 23 kommunalstämma
462 1043 90 28 deltaga
567 1044 6 21 i
589 1043 149 28 uppgörandet
752 1042 24 22 af
790 1042 80 27 ifräga-

106 1076 94 21 varande
215 1076 87 28 förslag,
317 1078 29 26 pä
361 1077 55 26 skäl,
432 1083 47 16 som
495 1078 24 21 L.
535 1078 40 21 och
591 1078 78 21 dennes
685 1077 122 27 medparter
822 1076 47 21 icke

106 1111 105 26 åberopat
225 1111 35 21 till
276 1111 48 22 stöd
339 1111 34 22 för
383 1112 38 21 sitt
431 1112 122 27 påstående
563 1118 35 16 om
609 1112 149 28 upphäfvande
769 1111 24 22 af
802 1111 68 27 sagda

106 1145 87 27 förslag.
217 1146 142 22 Fördenskull
375 1146 38 22 och
430 1146 27 22 dä
472 1147 36 26 H.,
523 1148 32 26 T.,
571 1147 32 27 O.,
614 1147 34 27 K.,
659 1148 24 20 P.
693 1147 40 21 och
743 1146 33 22 W.
788 1145 81 27 ansägo

106 1179 91 23 berörda
212 1180 24 22 af
250 1180 108 26 hofrätten
375 1181 40 21 och
431 1181 95 22 Senaten
539 1182 81 26 jemväl
636 1181 162 27 undanrödjade
814 1180 55 28 skäl,

106 1220 45 16 som
174 1214 33 22 för
230 1214 65 28 öfrigt
317 1216 68 27 enligt
403 1216 39 21 H:s
462 1216 40 22 och
520 1216 55 22 hans
590 1222 50 22 nyss
655 1216 140 28 uppräknade
810 1216 60 21 med-

105 1251 85 25 parters
205 1249 85 28 uppgift
305 1250 96 22 saknade
416 1250 29 22 all
460 1250 77 28 grund,
552 1257 52 15 vara
619 1250 34 22 för
667 1251 32 27 sig
714 1250 155 22 förnärmande

105 1282 40 22 och
168 1283 23 21 af
212 1284 151 22 häradsrätten
386 1284 91 22 anförda
497 1285 24 21 af
534 1285 78 27 arghet
626 1286 8 21 i
649 1285 67 27 afsigt
730 1287 33 20 att
778 1284 90 27 kränka,

104 1317 83 27 yrkade
209 1318 28 21 H.
253 1318 40 22 och
312 1319 53 21 hans
385 1320 126 27 medparter
526 1322 33 20 att
574 1320 109 22 hofrätten
699 1320 68 21 mätte
782 1319 88 26 vidtaga

105 1352 78 27 ätgärd
194 1352 89 28 derhän,
291 1356 33 19 att
334 1354 166 22 häradsrättens
512 1354 135 28 ordförande,
658 1353 210 23 hofrättskanslisten

104 1386 27 22 K.
152 1386 40 22 och
214 1387 121 23 ledamöter
357 1388 172 22 nämdemännen
551 1389 32 27 E.
599 1389 33 27 Y.,
647 1390 27 26 J.,
690 1389 29 26 S.,
735 1384 32 32 Ä.,
783 1388 29 22 M.
828 1388 41 21 och

104 1421 25 21 B.
144 1420 70 24 blefve
230 1421 74 23 härför
319 1423 72 21 stälda
406 1423 68 22 under
491 1423 51 22 åtal.
