1103 1700
459 115 21 20 II
796 114 26 21 19

89 190 62 21 synas
170 184 58 28 gifva
247 184 34 21 vid
297 183 90 27 handen,
403 183 68 21 under
486 182 164 28 ifrägavarande
665 182 93 28 tidrymd
774 183 78 21 besvär

89 218 60 22 öfver
163 220 118 26 guvernörs
295 218 73 27 utslag
378 218 7 21 i
396 218 215 27 skuldfordringsmäl
622 218 87 21 relativt
719 218 39 21 allt
768 218 83 22 mindre

89 253 45 22 ofta
149 253 90 22 anförts.
263 252 50 22 Med
328 252 112 27 undantag
455 252 56 22 blott
526 252 34 22 för
570 252 184 27 femärsperioden
768 254 82 20 1871—

91 289 60 25 1875,
167 287 71 22 utvisa
256 287 108 27 nämligen
383 287 149 27 procenttalen
547 286 34 22 för
597 287 27 21 de
639 287 7 21 i
661 286 138 22 hofrätterna
814 294 36 15 an-

89 321 157 27 hängiggjorda
261 321 62 21 civila
338 321 167 27 besvärsmälen,
521 321 72 21 stälda
608 321 7 21 i
631 321 93 21 relation
740 321 34 21 till
786 324 64 19 samt-

89 357 43 26 liga
156 355 23 22 af
200 357 159 26 guvernörerne
378 356 70 21 under
465 356 152 21 motsvarande
633 355 24 22 är
672 355 179 22 slutbehandlade

91 390 222 28 skuldfordringsmäl,
329 390 58 21 ända
409 390 48 21 från
480 390 47 21 året
547 390 55 21 1846
617 390 34 21 till
668 390 55 21 1890
739 392 32 19 ett
783 390 69 27 jemnt

89 424 154 28 nedåtgående.
273 424 168 27 Ifrägavarande
470 426 112 25 procenter
612 430 59 21 voro,
697 424 123 22 uträknade
844 425 7 21 i

90 460 101 21 medeltal
213 459 34 21 för
269 458 58 22 olika
342 461 49 24 tre-,
408 464 56 22 resp.
480 458 181 28 femärsperioder
684 459 24 21 af
729 459 121 27 tidrymden

93 494 147 27 1843—1890,
256 493 105 27 följande:

228 557 57 27 Åren
303 563 140 21 1843—1845
483 579 4 4 .
520 579 4 4 .
556 579 4 4 .
591 579 5 4 .
628 563 45 21 12.8
685 563 28 26 %

253 614 10 9 »
304 597 140 22 1846—1850
482 613 5 5 .
519 613 4 5 .
555 613 4 5 .
591 613 5 5 .
628 598 75 25 18.5,

253 648 10 9 »
304 632 140 21 1851—1855
483 648 4 4 .
519 647 5 5 .
555 648 4 4 .
592 647 4 5 .
629 632 74 25 164,

254 682 9 9 »
304 667 140 20 18566—1860
484 682 4 5 .
519 682 5 5 .
555 682 5 5 .
592 682 4 5 .
628 667 75 24 12.0,

254 717 9 7 »
304 701 141 21 1861—1865
484 716 5 5 .
520 716 4 5 .
555 715 5 6 .
592 717 4 4 .
642 701 61 25 73,

254 751 10 9 »
305 735 141 21 1866—1870
521 751 4 4 .
556 751 4 4 .
591 751 5 4 .
642 735 61 25 70,

253 785 10 9 »
304 769 140 22 1871—1875
482 785 5 5 .
519 785 5 5 .
556 785 4 5 .
591 785 5 5 .
629 770 75 24 10.6,

253 820 10 10 »
304 804 140 21 1876—1880
483 820 5 5 .
518 820 5 5 .
555 819 4 5 .
590 820 5 5 .
642 805 63 24 66,

253 854 10 9 »
304 839 140 20 1881-1885
483 855 4 4 .
518 855 5 4 .
557 854 2 5 .
592 854 4 5 .
642 839 61 25 6.0,

254 889 10 8 »
305 873 141 20 1886—1890
484 889 5 4 .
522 889 4 4 .
556 889 5 4 .
594 889 4 4 .
643 873 32 20 58

159 941 43 21 För
217 942 31 20 ett
263 940 77 28 riktigt
355 941 135 21 bedömande
506 941 24 21 af
543 940 64 22 ofvan
622 940 91 22 anförda
724 940 78 28 siffror,
813 941 39 21 bör

91 975 55 22 dock
169 975 121 26 bemärkas,
314 977 33 19 att
368 975 34 21 till
425 975 70 27 grund
517 975 34 22 för
573 975 155 28 beräkningen,
747 975 33 22 för
803 975 49 22 hela

90 1009 101 28 perioden
207 1009 126 28 likformigt,
345 1009 56 27 lagts
412 1009 157 22 totalsiffrorna
579 1009 34 22 för
624 1009 26 22 de
661 1009 24 22 af
693 1011 159 26 guvernörerne

90 1044 69 21 under
173 1050 56 21 resp.
241 1043 25 22 år
280 1043 60 22 såväl
356 1044 108 27 afdömda
479 1050 46 15 som
540 1043 118 28 afskrifna
670 1043 182 28 skuldfordrings-

90 1078 77 26 målen,
183 1077 25 22 af
221 1078 65 21 orsak
297 1080 33 20 att
341 1078 108 21 särskilda
460 1078 110 28 uppgifter
580 1078 33 22 för
624 1078 77 22 enbart
711 1078 27 21 de
749 1077 103 22 afdömda

90 1112 70 22 målen
184 1113 87 21 saknas.
301 1113 10 21 I
334 1113 102 21 händelse
459 1113 68 22 under
549 1113 51 22 åren
624 1113 141 22 1843—1890
780 1111 71 29 någon

91 1147 108 27 väsentlig
209 1147 126 28 förändring
347 1148 7 21 i
364 1147 145 23 förhållandet
519 1148 79 21 mellan
609 1148 84 21 antalet
702 1147 102 21 afdömda
812 1146 40 22 och

91 1181 105 22 afskrifna
211 1182 52 21 eller
286 1182 101 22 förfallna
411 1182 213 28 skuldfordringsmål
640 1182 39 22 hos
695 1183 157 26 guvernörerne

90 1215 103 28 inträffat,
210 1216 73 22 kunna
306 1216 25 22 de
355 1217 90 21 anförda
468 1218 188 26 procentsatserna
678 1216 137 27 naturligtvis
832 1216 19 26 ej

92 1250 104 22 tillmätas
212 1250 49 22 fullt
275 1251 90 21 vitsord.
