1103 1700
472 113 21 21 I
797 114 42 20 113

103 182 157 27 samstämmigt
275 182 106 22 förklarat
395 182 24 21 L.
436 181 27 22 fri
478 182 48 21 från
542 181 100 28 syfilitisk
652 182 75 21 smitta
738 184 57 20 samt
806 182 60 22 med-

103 216 59 22 delat
184 216 77 22 honom
285 216 58 22 bevis
361 216 86 21 derom.
477 216 51 21 Men
543 216 70 21 ehuru
627 216 25 21 L.
667 216 36 20 vid
718 215 148 23 återkomsten

103 251 34 21 till
159 250 110 22 hemorten
292 250 33 22 för
349 250 22 22 S.
393 252 87 25 upptett
494 250 90 26 beviset,
600 250 56 21 hade
672 250 68 21 denne
756 250 54 28 ånyo
826 250 41 22 och

103 287 59 20 emot
176 285 35 21 L:s
226 285 50 27 vilja
292 284 144 22 underkastat
443 284 80 22 honom
534 284 122 28 besigtning
667 287 63 24 samt,
742 286 67 21 under
820 285 45 21 vid-

104 319 100 22 hållande
226 320 37 21 det
277 320 24 21 L.
317 326 51 15 vore
384 319 104 27 angripen
504 318 24 22 af
542 319 42 21 den
600 318 117 22 omordade
732 319 135 27 sjukdomen,

104 353 35 22 för
153 354 68 26 tredje
235 354 84 28 gången
334 354 108 26 förpassat
457 353 79 23 honom
548 353 33 21 till
592 353 168 27 länesjukhuset,
772 353 94 22 derifrån

104 388 25 21 L.
145 388 54 22 dock
214 388 68 28 dagen
297 388 55 22 efter
367 388 33 21 sin
417 388 135 26 framkomst,
561 388 41 21 och
612 388 66 21 sedan
688 388 42 21 han
740 388 126 28 ytterligare

104 422 49 22 låtit
167 422 109 28 besigtiga
289 423 32 27 sig
331 422 47 22 icke
389 422 94 22 allenast
493 422 25 22 af
526 422 228 22 medicinelicentiaten
764 422 35 22 W.
809 424 57 20 samt

104 456 128 22 doktorerne
253 457 27 21 H.
303 456 40 22 och
362 456 23 22 P.
409 459 53 19 utan
486 457 41 21 ock
550 457 24 21 af
590 457 73 21 slotts-
679 457 40 21 och
734 457 133 22 lasarettslä-

105 492 66 20 karen
179 492 34 26 X.,
221 491 70 22 blifvit
306 492 73 20 såsom
395 491 133 28 fullkomligt
545 491 55 22 frisk
615 491 126 22 utskrifven.
772 492 46 21 Och
832 498 35 21 yr-

105 526 55 21 kade
182 526 23 21 L.
222 526 48 21 med
285 525 99 22 afseende
400 525 13 21 å
428 526 231 22 medicinelicentiaten
674 525 33 22 S:s
723 526 144 21 omförmälda

105 559 142 28 tillgöranden
271 566 76 15 ansvar
362 561 13 20 å
391 560 22 22 S.
437 560 109 22 äfvensom
570 560 80 21 dennes
669 560 198 27 skyldigkännande

104 596 34 20 att
152 597 80 19 ersätta
251 595 23 21 L.
290 594 33 22 för
338 595 81 21 dennes
435 595 88 21 lidande
539 595 41 21 och
595 595 118 21 kostnader
728 595 7 21 i
750 595 67 21 saken
833 595 34 22 till

106 629 84 27 belopp,
205 635 45 16 som
270 629 24 22 L.
309 629 107 22 förbehöll
432 629 34 27 sig
481 631 34 20 att
529 629 117 22 framdeles
660 629 23 22 få
697 631 101 20 närmare
813 635 54 22 upp-

104 663 65 27 gifva,
185 663 117 28 hvarjemte
317 664 23 21 L.
356 663 81 28 anhöll,
446 666 34 19 att
495 663 66 22 målet
576 663 70 22 blefve
661 663 104 22 förvisadt
779 664 34 21 till
829 670 38 15 un-

105 697 130 28 dersökning
257 698 35 21 vid
314 698 50 27 laga
386 698 100 27 domstol,
506 698 28 27 på
550 698 36 22 det
600 698 44 21 han
659 698 85 21 komme
759 699 7 21 i
781 698 87 22 tillfälle

106 734 34 19 att
161 731 22 22 få
199 732 128 22 doktorerne
350 733 28 21 H.
398 732 39 21 och
453 732 33 28 P.,
502 733 72 21 slotts-
590 733 40 21 och
640 733 190 21 lasarettsläkaren
840 733 27 21 X.

107 768 56 20 samt
177 767 229 22 medicinelicentiaten
422 767 34 21 W.
468 767 13 21 å
491 767 108 22 vittnesed
610 767 91 22 afhörde
712 766 110 23 äfvensom
831 773 36 21 ge-

106 807 49 15 nom
170 801 69 22 andra
255 801 80 22 vittnen
351 802 7 21 i
373 801 60 22 bevis
449 802 50 21 leda
514 802 102 27 samtliga
630 801 46 22 sina
691 801 140 28 påståenden.

175 835 70 22 Sedan
261 836 257 23 medicinelicentiaterne
534 836 21 21 S.
573 836 41 21 och
624 836 33 22 W.
669 838 56 19 samt
737 836 130 22 doktorerne

106 869 27 22 H.
155 870 39 21 och
217 871 24 21 P.
257 871 69 21 blifvit
341 871 7 21 i
364 871 68 21 saken
448 871 74 26 hörde,
538 871 123 22 förklarade
677 871 190 27 medicinalstyrel-

105 911 39 15 sen
166 911 77 21 genom
265 905 118 22 resolution
406 905 24 22 af
452 906 42 21 den
516 907 14 20 5
553 906 92 27 Augusti
665 906 54 21 1885
735 905 132 22 medicineli-

107 939 108 22 centiaten
237 939 22 22 S.
281 940 46 21 icke
343 939 65 22 hafva
423 940 143 22 öfverskridit
582 941 41 21 den
639 940 77 21 honom
732 941 70 21 såsom
818 947 49 20 pro-

106 973 153 23 vincialläkare
282 975 32 21 uti
333 974 165 27 ifrågavarande
513 975 102 21 afseende
630 975 163 21 tillkommande
809 975 59 21 befo-

105 1008 81 27 genhet
196 1011 55 20 samt
261 1009 98 21 lemnade
367 1009 134 27 klagomålet
510 1009 56 28 förty
576 1011 53 20 utan
638 1009 107 22 afseende.
763 1009 104 22 Härutin-

106 1048 42 15 nan
163 1043 61 21 sökte
238 1043 39 21 L.i
286 1043 174 27 underdänighet
476 1043 98 28 ändring,
586 1044 40 21 och
636 1043 51 22 fann
698 1043 121 28 Kejserliga
829 1043 39 23 Se-

106 1078 65 20 naten
188 1077 90 22 medelst
293 1078 42 21 den
353 1079 24 20 17
393 1078 94 27 Augusti
504 1079 54 21 1886
574 1078 68 27 gifvet
658 1079 70 26 utslag
742 1078 124 22 medicinal-

106 1111 104 27 styrelsen
232 1112 46 22 icke
293 1112 65 22 hafva
373 1113 50 21 bort
439 1112 52 28 ingå
506 1113 7 21 i
528 1113 76 27 slutlig
618 1113 101 27 pröfning
734 1113 23 21 af
771 1113 96 27 ärendet,

106 1146 65 21 innan
193 1147 24 21 L.
232 1147 91 22 lemnats
340 1148 85 21 tillfälle
440 1150 35 20 att
490 1148 34 21 till
539 1148 99 22 bemälde
652 1148 91 27 styrelse
758 1147 110 22 inkomma

106 1181 48 21 med
169 1181 128 22 bemötande
313 1182 7 21 i
335 1182 117 27 anledning
472 1182 24 22 af
510 1182 26 22 de
551 1182 50 22 utaf
615 1182 253 22 medicinelicentiaterne

106 1214 23 22 S.
152 1216 40 21 och
215 1216 33 22 W.
264 1219 55 19 samt
334 1216 131 22 doktorerne
480 1216 28 22 H.
524 1216 40 22 och
579 1216 24 22 P.
620 1216 81 28 afgifna
716 1216 151 28 förklaringar,

105 1249 100 22 hvarföre
216 1251 230 27 medicinalstyrelsens
458 1251 152 27 öfverklagade
622 1252 117 21 resolution
749 1251 24 21 af
781 1251 87 27 Kejser-

105 1284 45 27 liga
165 1284 92 22 Senaten
272 1285 118 28 upphäfdes
406 1285 40 21 och
457 1286 92 21 ärendet
559 1285 166 22 återförvisades
736 1286 32 22 till
779 1285 89 22 medici-

105 1318 144 28 nalstyrelsen
264 1320 47 21 med
327 1319 117 28 föreskrift,
460 1322 34 20 att
505 1320 120 22 detsamma
633 1320 54 27 ånyo
696 1320 33 22 till
737 1320 131 26 behandling

106 1352 98 28 företaga
225 1356 62 25 samt,
311 1354 66 22 sedan
399 1354 24 22 L.
439 1354 89 22 undfätt
543 1355 35 21 del
594 1354 24 22 af
632 1355 139 21 förenämnda
786 1354 82 22 förkla-

105 1388 74 27 ringar
201 1388 41 22 och
264 1389 77 22 honom
361 1390 93 21 lemnats
470 1390 88 21 rädrum
574 1389 33 21 till
622 1389 120 28 afgifvande
758 1389 24 22 af
796 1389 72 21 bemö-

105 1422 72 28 tande,
193 1424 49 22 med
257 1424 66 22 saken
338 1424 75 22 vidare
427 1424 97 28 lagligen
540 1424 88 22 förfara.

173 1464 131 18 Prokuratorns
316 1465 96 17 berättelse.
788 1464 12 17 8
