1103 1700
421 156 27 23 U.
463 156 25 22 B.
504 171 26 2 —
547 155 30 23 II.
837 159 13 20 9

187 226 32 20 Af
239 225 59 21 detta
321 226 118 28 stadgande
457 226 93 28 framgär
566 229 31 19 att
612 226 48 26 den,
675 234 46 14 som
738 226 36 21 vill
790 226 85 28 päkalla

117 260 153 28 prokuratorns
293 260 75 28 åtgärd
384 261 6 20 i
406 260 115 28 anledning
537 261 22 21 af
574 268 27 13 en
617 260 83 28 värklig
716 261 50 21 eller
782 260 95 22 förment

118 294 103 22 förseelse
243 294 23 22 af
289 295 70 28 nägon
382 295 124 28 myndighet
528 295 52 21 eller
602 296 134 27 tjänsteman,
752 295 39 21 bör
806 295 71 21 vända

118 330 33 27 sig
166 330 48 21 med
230 331 32 20 sin
279 330 118 28 angifvelse
413 329 71 21 direkt
498 330 32 20 till
546 330 141 28 prokuratorn
703 330 42 20 och
755 329 69 21 tillika
833 329 44 21 för-

119 364 64 21 binda
207 365 32 27 sig
262 367 31 18 att
315 364 47 21 leda
385 363 127 29 påståendet
527 365 6 19 i
550 364 66 21 bevis.
646 364 42 20 Till
704 363 54 29 följd
775 363 63 21 häraf
854 366 23 18 är

118 398 36 21 det
170 398 61 27 klart,
247 401 31 19 att
293 399 141 28 prokuratorn
450 398 115 28 ingalunda
581 400 23 19 är
619 398 82 28 pliktig,
716 401 34 18 att
765 398 27 28 pä
807 398 69 28 grund

119 432 22 21 af
163 436 113 26 uppsatser
299 433 50 21 eller
372 434 81 20 notiser
475 434 6 19 i
497 432 137 28 tidningarna
649 432 73 22 skrida
736 432 32 21 till
785 432 93 22 ämbets-

119 466 80 29 ätgärd,
215 469 56 19 ännu
287 467 81 21 mindre
384 470 31 18 att
430 467 28 29 pä
473 467 67 21 sädan
555 467 70 28 grund
641 467 68 21 väcka
718 466 42 22 ätal
770 470 57 18 emot
836 467 41 21 den

119 501 87 29 angifna
221 501 151 29 myndigheten
389 502 51 21 eller
455 502 176 28 tjänstemannen.
655 501 41 21 Att
711 501 109 21 dessutom
829 501 48 21 med

119 535 41 22 den
183 536 125 28 utveckling
329 536 183 28 tidningsprässen
535 536 6 20 i
565 536 52 21 vära
639 535 66 29 dagar
728 535 98 29 uppnätt,
841 535 37 21 det

119 571 47 21 icke
189 579 38 13 ens
253 579 50 13 vore
326 571 34 21 för
382 571 140 28 prokuratorn
546 571 83 28 möjligt
644 574 31 17 att
690 570 186 29 uppmärksamma

119 605 40 21 alla
187 605 38 21 där
253 605 105 28 ingäende
383 606 80 21 notiser
485 613 34 13 om
541 605 106 21 förmenta
670 604 207 29 lagöfverträdelser,

118 639 61 22 torde
202 647 51 14 vara
275 640 126 28 uppenbart.
430 640 42 21 Om
496 639 38 22 det
551 640 73 21 därför
639 640 71 27 äfven,
726 639 70 22 säsom
812 640 7 20 i
838 639 38 22 Ut-

119 674 81 21 skottet
220 674 97 28 pästätts,
332 674 99 21 stundom
447 674 95 21 inträffat
557 677 31 18 att
604 674 154 21 meddelanden
775 675 6 20 i
797 673 80 22 tidnin-

118 715 67 21 garna
207 708 110 28 angäende
338 709 166 21 öfverträdelser
524 709 24 20 af
568 708 246 29 spräkförordningarna
828 708 48 21 icke

119 743 94 20 medfört
227 743 105 21 fiskaliskt
347 743 43 21 ätal
405 743 51 21 eller
471 743 67 21 andra
553 743 100 28 ätgärder
663 743 48 20 frän
723 743 152 28 prokuratorns

119 777 52 26 sida,
187 777 24 21 sä
225 777 89 22 innebär
329 777 58 21 detta
403 777 121 29 ingalunda,
539 780 32 18 att
581 777 142 28 prokuratorn
732 777 68 21 skulle
809 777 67 20 hafva

119 811 105 22 åsidosatt
239 811 69 29 någon
325 812 78 21 honom
415 812 114 28 äliggande
545 811 144 29 ämbetsplikt.
712 811 53 21 Med
773 811 102 21 afseende

118 845 52 22 härä
185 853 51 14 anse
252 847 22 20 vi
289 849 32 18 att
336 846 123 22 Utskottets
475 846 109 29 pluralitet
598 846 48 21 haft
660 845 25 22 sä
699 845 87 29 mycket
794 845 82 21 mindre

118 880 46 21 skäl
187 881 32 20 till
241 881 164 28 ifrågavarande
427 880 115 27 uttalande,
565 888 45 13 som
634 880 37 21 det
693 887 93 19 numera,
810 879 65 22 sedan

118 914 68 21 finska
209 915 87 28 spräket
310 923 77 20 genom
403 915 90 21 berörda
508 915 152 27 författningar
675 914 91 21 faktiskt
782 914 72 21 blifvit
869 915 6 20 i

118 949 41 20 allo
181 949 97 21 likstäldt
293 949 48 21 med
357 949 37 21 det
409 949 98 26 svenska,
523 949 67 21 mäste
607 949 69 20 blifva
691 949 75 20 altmer
781 948 95 28 sällsynt,

118 985 31 18 att
172 983 69 28 nägon
265 983 124 28 myndighet
411 983 51 21 eller
483 984 129 27 tjänsteman
633 983 69 20 skulle
718 982 111 21 underläta
845 985 31 18 att

118 1017 62 21 ställa
195 1018 33 27 sig
243 1017 66 28 sagda
324 1017 152 28 författningar
491 1017 32 21 till
539 1017 148 21 efterrättelse.

187 1091 137 29 Helsingfors
340 1092 40 21 den
398 1093 24 20 17
439 1092 44 29 Maj
501 1093 60 20 1894.

118 1191 29 22 R.
163 1191 26 22 A.
205 1191 96 23 Wrede.
326 1186 17 37 —
355 1191 54 22 Carl
425 1190 175 23 Mannerheim.
631 1190 24 23 C.
672 1190 138 23 Cronstedt.

118 1243 67 23 Knut
201 1236 114 30 Åkesson.
354 1242 27 23 F.
397 1244 113 22 Jansson.
630 1243 87 22 Albert
733 1243 140 28 Stigzelius.

191 1506 126 23 1.agutskottets
330 1507 111 17 betänkande
456 1508 34 15 N:o
504 1506 16 17 8.
