1103 1700
800 121 25 21 15

442 178 28 21 43
485 178 19 27 &.

164 229 125 21 Inrättande
304 228 52 22 eller
371 229 126 27 indragning
512 228 24 22 af
550 231 89 25 agentur
654 229 58 21 inom
728 229 74 21 landet
816 235 37 15 an-

95 264 96 20 kommer
206 263 26 27 på
247 262 204 28 bankfullmäktiges
467 263 121 27 afgörande.

165 297 112 27 Omfånget
300 298 40 21 och
362 297 176 22 beskaffenheten
561 298 25 21 af
604 300 101 26 agenturs
725 297 129 27 befogenhet

95 333 40 21 och
151 332 141 25 verksamhet,
308 333 64 20 sättet
387 332 34 21 för
437 332 49 21 dess
500 331 136 28 förvaltning,
646 332 146 26 ersättningen
805 332 49 21 här-

95 367 33 21 för
147 366 108 22 äfvensom
277 366 40 22 den
336 366 107 26 säkerhet,
460 372 44 16 som
524 366 54 22 skall
598 366 73 22 ställas
687 366 33 22 för
735 368 118 25 agenturen

95 401 138 22 anförtrodda
252 401 75 26 medel,
344 401 128 21 bestämmes
492 400 22 22 af
531 400 194 27 bankfullmäktige
740 401 28 27 på
783 401 69 21 direk-

95 436 84 21 tionens
199 435 162 27 framställning.
392 435 60 21 Dock
471 435 34 21 må
520 437 90 25 agentur
624 436 47 21 icke
687 435 119 27 berättigas
821 437 32 19 att

95 470 125 21 diskontera
239 469 110 21 inhemska
368 470 52 21 eller
439 470 115 21 utländska
570 470 72 21 vexlar
658 470 51 21 eller
725 469 78 27 bevilja
818 469 34 21 lån

95 504 52 22 eller
166 504 156 21 kassakreditiv
341 506 53 19 utan
410 504 144 22 direktionens
570 504 111 22 föreskrift
697 504 6 20 i
720 504 73 26 hvarje
808 506 44 19 sär-

96 539 66 21 skildt
177 538 45 22 fall.

167 574 94 26 Agentur
280 573 91 21 förestås
387 573 24 21 af
425 580 25 14 en
467 575 69 25 agent,
553 579 45 16 som
615 573 101 21 tillsättes
732 573 38 21 och
787 573 66 20 entle-

97 608 59 27 digas
172 607 23 22 af
210 607 143 22 direktionen.

439 668 30 47 44
480 668 25 47 8.

164 734 34 21 På
220 734 192 27 bankfullmäktige
433 734 124 21 ankommer
577 735 31 20 att
627 733 101 22 förordna
744 740 33 15 om
794 735 59 20 anta-

95 769 70 27 gande
181 769 51 21 eller
247 769 133 26 uppsägning
397 768 22 21 af
433 768 78 21 ombud
528 768 6 21 i
549 768 97 21 utlandet
659 770 56 19 samt
726 769 32 20 att
770 768 83 21 besluta

96 809 34 15 om
146 803 26 21 de
187 803 76 26 vilkor,
279 809 45 15 som
342 803 47 20 med
405 803 76 21 sådant
496 802 79 21 ombud
590 802 73 21 kunna
679 802 83 21 aftalas.

401 923 79 34 Kap.
499 923 52 27 VI.

211 981 42 22 Om
269 981 106 22 bankens
391 980 122 23 direktion
529 980 45 23 och
590 979 153 29 tjenstemän.

445 1051 29 22 45
489 1050 18 27 8.
565 1044 7 7 N

166 1102 196 22 Bankdirektionen
379 1102 80 27 äligger
474 1103 42 20 att:

96 1137 36 21 vid
147 1137 130 27 beviljandet
293 1137 23 21 af
329 1137 72 21 kredit
416 1136 39 22 och
471 1137 57 21 inom
544 1136 70 26 öfriga
628 1142 77 21 grenar
721 1135 23 21 af
757 1135 96 21 bankens

165 1171 136 21 verksamhet
324 1171 23 21 sä
371 1171 59 26 begä,
450 1172 32 20 att
501 1170 96 22 bankens
617 1170 99 22 säkerhet
732 1170 39 20 och
787 1169 66 21 fördel

167 1206 72 21 städse
254 1206 119 27 iakttagas;

97 1240 161 27 uppmärksamt
273 1240 51 26 följa
339 1240 94 20 rörelsen
449 1239 35 21 vid
496 1239 96 21 bankens
604 1238 198 28 afdelningskontor
814 1238 39 21 och

166 1276 121 25 agenturer,
310 1274 6 21 i
339 1274 81 21 hvilket
439 1273 101 21 afseende
560 1273 145 21 direktionens
725 1272 128 21 ordförande

166 1309 52 21 eller
239 1308 70 27 någon
333 1308 48 21 dess
400 1308 94 21 ledamot
512 1308 74 20 tidtals
604 1307 45 25 bör,
669 1307 53 21 efter
742 1306 72 21 derom
834 1306 22 21 af

166 1343 135 21 direktionen
319 1342 40 22 hos
374 1342 191 26 bankfullmäktige
580 1342 62 27 gjord
658 1341 105 25 anmälan,
779 1340 27 27 pä
821 1343 33 18 ort

167 1378 38 21 och
221 1377 62 21 ställe
298 1377 94 26 granska
408 1377 111 21 kontorets
534 1376 146 25 verksamhet;

97 1412 122 25 öfvervaka,
235 1413 32 19 att
279 1411 97 22 bankens
388 1410 98 28 samtliga
498 1410 131 22 embetsmän
642 1410 39 22 och
694 1410 93 27 betjente
800 1416 54 14 sam-

166 1448 109 24 vetsgrant
290 1446 93 27 fullgöra
399 1446 45 21 sina
460 1445 144 27 åligganden
588 1441 18 36 ;.
