1103 1700
379 145 27 21 U.
421 145 25 21 B.
461 144 157 22 111-XXXI
828 146 26 20 63

125 218 64 18 annat
207 214 27 21 än
255 218 32 17 att
302 214 95 28 tillgripa
412 214 239 27 undsättningsfonden,
668 214 32 20 för
716 217 32 18 att
763 214 59 27 köpa
837 221 45 20 upp

124 248 57 21 hvad
202 255 47 14 som
270 249 67 26 nägot
358 249 23 20 är
403 248 50 21 eller
473 249 67 26 nägra
562 248 20 20 fä
598 248 101 21 mänader
714 248 94 27 tidigare
823 248 60 20 reali-

124 286 75 18 serats.

193 311 129 21 Relationen
337 312 113 26 angäende
465 310 235 28 undsättningsfonden
715 310 33 21 för
764 312 50 19 ären
830 312 53 25 1890

124 351 55 21 -—92
203 353 38 19 ger
263 346 36 20 vid
319 346 92 24 handen,
435 349 32 17 att
490 346 67 20 under
575 346 52 26 1892
644 345 129 27 utsädesräg
788 345 33 21 för
836 345 47 20 när-

125 386 57 14 mare
199 380 27 27 !/,
241 380 72 26 miljon
328 380 55 20 Fmk
399 380 69 20 direkt
485 380 96 26 utgifvits
597 380 73 20 såsom
685 379 126 25 understöd,
827 383 55 17 samt

125 418 31 16 att
181 414 46 27 13/,
251 414 71 26 miljon
345 414 55 20 Fmk
422 414 173 20 öfverbalansera
616 413 31 21 till
664 413 94 27 följande
773 414 23 20 är
811 414 71 20 säsom

125 448 86 20 fordran
234 448 33 20 för
289 448 147 27 sädesimport
458 448 31 21 till
512 448 105 20 särskilda
632 448 41 24 län,
690 448 62 20 öfver
768 448 27 26 1/,
811 448 70 26 miljon

125 483 71 19 säsom
219 482 34 21 län
273 483 22 20 ät
317 482 153 20 kommunerna
491 484 6 19 i
517 482 27 20 de
564 482 98 27 nordliga
685 482 69 24 länen,
770 482 113 20 äfvensom

125 516 26 27 1/5
167 516 72 27 miljon
254 517 72 20 såsom
341 516 96 28 speciela
452 516 34 21 län
502 517 21 20 ät
542 516 126 21 kommuner
679 516 43 21 och
732 517 22 20 ät
766 516 116 21 affärsmän

125 552 5 19 i
153 551 83 26 Kajana
259 550 32 21 för
313 551 91 27 uppköp
428 551 24 20 af
470 551 50 26 mjöl
535 551 42 20 och
596 551 46 25 säd,
659 551 50 20 eller
725 551 158 27 sammanlagdt

125 585 47 21 icke
187 585 82 21 mindre
285 585 26 20 än
328 591 113 21 3,300,000
456 585 60 25 Fmk;
533 585 85 21 hvartill
628 585 108 21 mähända
746 586 56 20 ännu
814 586 69 20 mäste

125 619 100 21 hänföras
241 620 28 20 de
284 621 5 19 i
305 627 82 13 samma
403 621 33 19 ärs
452 620 139 20 summariska
607 620 89 27 räkning
706 620 62 20 öfver
778 620 105 20 allmänna

124 654 137 21 statsfonden
276 654 67 21 under
358 654 49 26 7:de
422 654 143 21 hufvudtiteln
580 655 50 20 med
646 655 93 25 890,000
753 655 55 20 Fmk
828 662 55 19 upp-

125 689 61 20 förda
202 688 396 27 spanmälsupphandlingskostnader.

194 723 48 21 Och
261 723 80 20 hvilket
362 723 64 21 vardt
447 723 113 21 resultatet
575 723 25 20 af
612 723 64 20 dessa
692 723 32 21 för
740 725 51 20 vära
806 723 77 22 förhäl-

125 757 77 21 landen
217 757 48 20 icke
281 757 126 26 obetydliga
423 757 219 27 finansoperationer?

193 792 10 20 I
222 791 72 21 stället
309 791 33 21 för
357 795 32 17 att
405 792 50 20 med
471 791 82 27 verklig
569 793 73 26 energi
658 792 47 25 och,
722 792 30 21 lät
767 799 51 14 vara
834 793 49 20 med

125 826 135 27 betydligare
276 826 149 27 uppoffringar
440 829 15 18 t.
472 833 19 13 o.
508 833 27 14 m.
552 827 29 26 pä
596 828 147 24 gvantitetens
754 827 128 24 bekostnad,

125 863 6 18 i
147 861 68 21 större
230 861 60 20 skala
305 861 101 27 uppsöka
422 861 107 20 enskildes
540 861 143 26 tilläfventyrs
694 861 109 27 befintliga
814 861 70 20 öfver-

125 895 60 21 skott
206 895 24 20 af
245 895 128 27 utsädesräg
394 895 42 20 och
452 895 89 20 sålunda
557 895 104 20 förmedla
676 895 119 27 tillgången
810 896 28 27 pä
854 897 29 19 in-

125 929 86 22 hemskt
232 929 84 25 utsäde,
335 929 125 21 anordnade
479 929 111 27 Styrelsen
609 937 26 12 en
651 931 80 25 import
746 929 25 21 af
784 929 99 21 utländsk

125 971 57 18 vara,
199 971 47 13 som
265 964 67 20 sedan
348 964 99 27 spriddes
463 967 23 17 ut
501 963 60 21 öfver
576 963 134 21 vidsträckta
726 963 59 21 delar
800 964 25 21 af
836 965 47 20 värt

125 998 56 24 land,
199 999 37 20 der
252 999 65 26 rägen
333 998 50 21 med
399 998 50 20 dess
465 999 4 20 i
481 999 47 20 värt
539 998 75 21 klimat
629 999 24 20 sä
668 998 103 27 ömtäliga
787 999 95 20 växtför-

125 1033 114 20 hällanden
261 1032 56 21 dock
341 1032 23 20 är
387 1032 150 21 hufvudsädet.
568 1032 44 21 Det
636 1032 23 20 är
673 1032 75 25 kändt,
765 1036 32 17 att
813 1033 69 20 denna

125 1067 120 24 utländska,
268 1067 45 20 frän
335 1067 109 26 sydligare
465 1067 75 20 länder
560 1067 135 20 stammande
711 1067 45 26 räg,
772 1071 55 17 trots
842 1067 41 21 alla

125 1101 122 26 Styrelsens
263 1101 168 26 aktningsvärda
449 1101 151 20 bemödanden
615 1101 37 20 vid
667 1101 162 27 förmedlingen,
846 1109 37 13 var

125 1136 67 20 sädan
207 1139 32 17 att
255 1136 37 20 det
307 1135 68 21 första
391 1135 193 21 skörderesultatet
599 1136 29 26 pä
643 1136 27 20 de
687 1136 62 20 flesta
767 1140 57 17 orter
840 1136 43 21 blef

126 1170 73 26 däligt,
216 1170 42 20 och
273 1170 37 20 det
326 1170 91 20 äterstär
433 1173 31 17 att
480 1177 24 13 se
519 1171 6 19 i
540 1170 58 20 hvad
610 1170 48 20 män
669 1170 71 20 denna
750 1170 133 21 främmande

125 1206 126 26 inympning
273 1204 54 20 skall
349 1204 87 21 sträcka
458 1206 46 19 sina
526 1204 123 28 förderfliga
667 1204 129 28 verkningar
811 1205 27 20 än
853 1206 30 19 vi-

125 1239 52 20 dare
198 1238 76 21 framät
295 1238 60 21 öfver
371 1238 131 21 kommande
517 1239 89 20 skördar
622 1239 42 20 och
679 1239 89 21 sälunda
784 1239 32 21 för
832 1239 51 21 obe-

125 1273 109 27 räkneliga
257 1273 55 21 tider
335 1273 45 21 frän
403 1273 57 21 trakt
483 1273 31 21 till
533 1273 57 21 trakt
612 1273 66 21 rubba
693 1274 79 26 rägens
787 1273 96 21 växtför-

125 1307 119 21 hällanden.
275 1307 142 21 Annorlunda
432 1307 56 21 hade
505 1308 159 20 förhållandena
680 1308 104 26 gestaltat
799 1309 33 25 sig
847 1314 35 14 om

125 1342 56 20 helst
203 1341 174 27 behällningarna
398 1342 6 20 i
425 1341 93 21 kronans
541 1348 55 20 egna
619 1343 121 25 magasiner
759 1342 47 20 icke
828 1343 55 19 varit

125 1376 104 25 uttömda;
251 1378 24 24 ty
291 1375 52 21 huru
359 1376 144 26 underlägsen
518 1376 195 27 kronospanmälen
728 1376 28 20 än
771 1376 34 20 mä
820 1383 63 13 anses

125 1412 6 19 i
145 1410 127 27 jemnbredd
287 1410 50 20 med
353 1410 84 21 landets
454 1412 67 25 prima
538 1411 120 26 exporträg
672 1411 67 20 under
754 1411 59 26 goda
820 1410 61 24 tider,

125 1446 24 19 sä
172 1445 23 20 är
215 1445 42 20 den
278 1444 57 20 dock
355 1444 124 27 ovärderlig
494 1452 79 19 genom
588 1446 32 19 sin
636 1444 112 27 egenskap
764 1448 32 17 att
810 1445 72 20 säsom

195 1485 130 15 Statsutskottets
337 1484 104 16 betänkande
452 1483 36 17 N:o
497 1488 19 16 3.
