1103 1700
244 133 12 20 6
505 132 27 22 U.
548 133 25 21 B.
588 133 104 21 XXXII.

214 195 101 21 Bankens
338 196 71 21 behof
426 196 25 21 af
470 197 121 27 temporärt
613 196 93 22 tiiiskott
721 198 7 20 i
743 197 51 21 dess
814 197 164 27 röreisekapitai

214 230 107 26 gvarstod
344 230 119 21 emellertid
486 230 56 21 ännu
566 231 66 21 under
656 232 60 25 1892,
738 231 76 21 sävida
830 231 85 21 banken
930 231 47 21 icke

217 264 68 20 skulle
308 264 65 21 blifva
396 268 96 23 tvungen
515 268 32 18 att
565 265 116 21 inskränka
696 267 32 19 sin
744 265 136 25 länerörelse,
896 265 81 21 hvilket

216 298 69 20 under
301 299 123 20 dävarande
440 298 142 22 ekonomiska
597 299 148 21 förhällanden
756 299 57 21 hade
823 300 55 20 varit
888 298 89 22 betänk-

217 332 45 27 ligt.
293 332 45 21 Vid
361 333 101 27 pröfning
484 333 26 20 af
526 334 42 20 den
590 334 78 26 åtgärd
691 340 47 14 som
761 333 65 21 häraf
844 333 132 27 päkallades,

216 366 75 27 utgick
304 367 216 27 bankförvaltningen
536 367 45 21 frän
597 368 43 20 den
655 367 155 27 förutsättning
825 371 32 18 att
872 374 26 14 en
910 370 67 24 ytter-

216 400 67 27 ligare
306 401 153 27 prolongation
482 401 26 20 af
526 401 57 21 länet
605 401 46 21 frän
669 401 131 21 statsverket
816 401 48 21 icke
878 408 53 14 vore
946 404 31 18 att

216 434 115 27 päräknas,
349 435 41 20 och
405 438 32 18 att
452 431 217 31 bankförvaltningen
685 436 45 20 haft
745 436 99 27 grundad
862 435 116 27 anledning

216 468 31 21 till
263 472 32 18 ett
315 469 77 21 sädant
407 470 123 26 antagande
546 469 93 28 framgär
654 470 64 20 äfven
733 470 65 20 deraf
804 473 32 17 att
847 469 130 21 statsverket

216 503 51 20 med
290 503 116 27 anledning
428 504 24 20 af
469 504 100 20 inträffad
591 504 107 20 missväxt
720 504 42 20 och
785 504 64 20 deraf
863 503 114 28 päkallade

217 536 255 28 undsättningsätgärder
487 538 113 26 samtidigt
615 539 40 26 säg
670 540 33 25 sig
718 538 114 21 nödsakad
848 541 32 18 att
892 538 18 26 ej
922 538 55 20 blott

217 571 102 27 uppsäga
341 572 27 20 de
391 572 83 27 belopp
492 572 132 21 statsverket
646 573 92 26 tidigare
754 573 121 26 deponerat
890 573 6 20 i
912 573 65 26 nägra

217 605 24 21 af
261 606 188 27 privatbankerna,
472 610 51 17 utan
542 607 64 20 äfven
621 606 72 21 skrida
709 606 31 21 till
755 606 125 21 realisation
893 607 7 20 i
915 606 63 27 bety-

217 640 72 20 dande
306 640 129 27 omfattning
450 641 25 20 af
487 641 131 20 statsverket
633 641 108 26 tillhöriga
760 641 114 20 utländska
896 641 82 26 obliga-

216 675 77 20 tioner.
325 675 50 20 Men
395 675 94 20 förutom
509 675 192 27 nödvändigheten
724 678 32 18 att
779 675 119 21 återbetala
921 675 57 20 lånet

216 708 32 21 till
263 709 133 21 statsverket
412 709 56 20 hade
484 709 66 20 under
568 710 52 25 1892
637 709 123 21 tillkommit
775 709 67 20 andra
857 709 52 25 skäl,
930 715 48 14 som

217 743 72 21 direkt
310 743 87 27 pekade
419 744 28 26 på
468 743 148 28 tillgripandet
635 743 25 20 af
672 743 42 20 den
729 743 67 27 utväg
812 747 32 17 att
860 745 6 19 i
881 743 96 21 utlandet

217 780 101 25 upptaga
341 777 91 28 tillfällig
457 777 77 25 kredit,
562 785 48 13 som
634 777 142 27 reglementet
801 777 120 27 medgifver
945 777 33 20 för

216 811 167 28 undaatagsfall,
401 812 27 21 då
444 812 192 27 omständigheter,
652 811 72 20 hvilka
740 811 48 20 icke
802 811 81 20 kunnat
897 812 30 26 på
937 811 41 20 för-

217 845 59 21 hand
299 846 112 25 beräknas,
435 847 73 20 såsom
524 846 110 27 oafvisligt
649 845 71 21 behof
732 846 25 20 af
768 845 149 28 exceptionelt
933 848 45 18 stor

217 881 82 26 import
322 880 24 20 af
365 880 98 27 spanmål
486 880 50 20 eller
558 880 133 21 våldsamma
711 880 108 26 störingar
834 881 6 19 i
856 879 122 27 exportför-

217 914 134 25 hållandena,
374 915 43 20 låta
439 915 75 20 befara
536 917 32 18 att
583 918 60 17 stora
658 914 94 27 anspråk
768 914 61 20 skola
844 913 87 21 komma
946 916 32 17 att

217 948 75 21 ställas
317 949 29 27 på
367 949 96 20 bankens
485 948 121 21 metalliska
628 948 79 21 valuta.
746 948 87 21 Landet
856 948 121 20 drabbades

217 983 23 20 år
264 983 51 26 1891
341 983 42 20 och
399 984 6 19 i
421 983 26 20 än
462 983 68 26 högre
546 983 54 26 grad
615 983 23 20 år
656 983 52 26 1892
725 982 24 21 af
762 982 104 27 felslagna
881 981 96 26 skördar,

217 1016 103 21 särskildt
335 1018 6 19 i
357 1017 50 20 dess
430 1024 63 13 norra
514 1017 42 20 och
579 1017 59 20 östra
656 1017 66 20 delar.
752 1017 112 26 Importen
878 1016 25 21 af
914 1023 64 20 span-

217 1051 43 20 mål
283 1051 43 20 och
348 1051 56 26 mjöl,
419 1057 48 14 som
485 1051 53 26 1889
554 1051 41 20 och
614 1051 53 26 1890
683 1051 56 20 hade
755 1054 32 17 ett
802 1050 67 21 värde
884 1050 25 21 af
920 1057 57 20 resp.

217 1090 24 15 21
268 1085 43 20 och
335 1091 25 14 22
377 1085 102 26 miljoner,
496 1089 49 23 steg
560 1085 50 20 med
626 1085 116 27 anledning
756 1084 64 21 häraf
837 1085 49 26 1891
905 1084 31 21 till
951 1084 26 20 28

218 1119 42 21 och
287 1120 52 26 1892
363 1119 31 21 till
415 1120 27 25 48
464 1119 96 27 miljoner
581 1119 67 21 mark.
678 1119 119 27 Samtidigt
816 1119 56 20 hade
891 1118 51 21 flere
957 1118 25 21 af

217 1153 86 21 landets
319 1154 28 26 på
363 1157 79 24 export
458 1154 118 20 arbetande
592 1154 113 20 industrier
721 1157 33 17 att
769 1153 81 27 kämpa
865 1153 50 20 med
926 1154 52 19 min-

218 1187 38 21 dre
272 1194 143 20 gynnsamma
430 1188 158 26 konjunkturer,
612 1188 75 20 främst
712 1188 42 20 den
770 1189 6 19 i
792 1188 61 20 detta
876 1186 103 21 afseende

217 1225 57 17 mest
297 1222 125 26 betydande
444 1222 51 20 eller
517 1222 198 21 trävaruindustrin.
745 1222 117 26 Exporten
876 1220 24 21 af
914 1228 64 20 span-

217 1256 43 20 mäl
276 1257 69 19 mäste
360 1256 134 27 naturligtvis
510 1256 98 20 influeras
624 1256 24 20 af
660 1256 206 24 skörderesultaten;
878 1255 101 21 särskildt

217 1291 35 20 mä
268 1292 7 19 i
291 1291 60 20 detta
367 1290 102 21 afseende
484 1290 129 25 framhällas,
629 1290 102 20 hurusom
743 1289 176 28 hafreexporten,
931 1296 48 14 som

218 1325 94 27 tidigare
327 1328 160 24 representerat
502 1328 32 18 ett
549 1325 54 20 värd
632 1324 24 20 af
669 1326 55 18 circa
742 1328 8 22 5
764 1324 13 20 &
788 1323 13 20 6
812 1323 95 27 miljoner
919 1323 60 21 mark

218 1358 89 28 årligen,
330 1359 25 21 af
374 1359 97 27 antydda
494 1358 65 22 orsak
578 1358 42 21 och
638 1358 80 26 jemväli
754 1358 53 26 följd
823 1358 25 20 af
860 1358 37 20 det
912 1358 67 20 under

218 1393 58 20 förra
299 1393 82 21 hälften
405 1393 24 21 af
441 1394 23 20 är
481 1394 53 26 1892
551 1393 32 20 för
598 1392 105 21 särskilda
720 1392 114 27 sädesslag
849 1392 129 20 emanerade

288 1480 139 15 Bankutskottets
439 1479 103 16 betänkande
554 1478 34 17 N:o
598 1483 19 17 5.
