1103 1700
409 142 30 22 U.
455 142 28 22 B.
499 154 27 3 —
542 141 34 23 11.

388 484 265 28 Lagutskottets
668 485 203 22 betänkande

319 518 54 23 N:o
397 520 22 26 8,
443 520 9 21 i
471 519 135 27 anledning
629 518 27 23 af
669 519 178 27 prokuratorns
863 520 9 20 i

319 553 136 29 Kejserliga
479 554 105 22 Senaten
606 554 41 23 för
671 554 106 22 Finland
792 554 79 22 berät-

319 588 60 22 telse
406 594 40 17 om
472 589 191 28 lagskipningen
689 588 46 23 och
760 589 111 27 lagarnes

320 622 190 22 handhafvande
526 623 9 21 i
550 623 94 22 landet.

182 690 103 29 Samtliga
300 691 95 21 Ständen
411 691 66 21 hafva
492 691 120 28 hänskjutit
627 691 70 21 denna
714 691 112 21 berättelse
840 691 31 21 till

112 725 159 28 Lagutskoitet,
293 733 46 13 som
362 725 102 28 derjemte
487 725 85 21 erhållit
590 725 34 21 del
640 725 23 21 af
678 725 27 21 de
721 725 36 21 vid
773 725 98 21 ärendets

112 760 75 20 remiss
203 760 7 20 i
226 759 27 21 de
268 759 104 22 särskilda
388 759 96 21 Ständen
500 759 84 28 afgifna
598 759 122 29 yttranden.

181 862 158 28 Föreliggande
360 862 121 26 berättelse,
502 862 87 21 hvilken
605 862 140 29 prokuratorn
762 863 7 20 i
784 863 88 28 Kejser-

112 897 43 28 liga
170 896 100 27 Senaten,
291 897 83 28 jemlikt
389 896 73 21 derom
477 897 99 27 gällande
591 897 159 28 författningar,
765 896 107 22 meddelat

112 931 104 21 Finlands
239 939 29 12 nu
292 931 129 21 församlade
437 931 92 21 Ständer
544 931 33 20 till
592 931 122 21 kännedom
729 939 34 13 om
778 931 94 28 lagskip-

112 966 80 27 ningen
215 965 40 21 och
278 965 97 28 lagarnes
392 965 168 21 handhafvande
576 966 7 20 i
598 965 79 26 landet,
693 965 106 25 omfattar,
815 965 57 21 hvad

113 999 42 22 den
176 999 118 22 statistiska
312 999 62 22 delen
389 999 62 21 deraf
466 999 106 26 beträffar,
588 999 91 22 allenast
694 999 50 21 ären
761 1001 55 20 1890
831 999 41 22 och

114 1035 53 20 1891
191 1037 55 18 samt
268 1034 67 21 slutar
356 1033 84 22 säledes
459 1033 38 22 tvä
512 1033 24 22 är
550 1033 47 22 före
613 1033 167 28 landtdagsäret,
795 1033 77 22 medan

112 1067 131 29 föregäende
259 1068 125 21 berättelser
399 1068 83 21 sträckt
496 1069 33 27 sig
544 1068 56 21 intill
613 1068 46 21 äret
669 1070 93 19 närmast
773 1068 46 21 före
830 1068 42 26 det,

112 1102 28 21 då
155 1102 104 28 landtdag
273 1102 78 21 hållits.
380 1103 78 20 Denna
476 1102 154 28 bristfällighet
645 1102 44 26 har,
705 1103 67 27 enligt
786 1102 87 29 uppgift

111 1138 8 20 i
134 1137 135 26 berättelsen,
285 1137 132 21 framkallats
433 1137 46 21 dels
495 1137 23 21 af
533 1137 26 21 de
572 1137 130 21 förändrade
714 1137 158 28 bestämningar

111 1171 112 27 angående
246 1171 170 21 införskaffande
439 1171 23 21 af
477 1172 217 28 primäruppgifterna
710 1172 34 20 för
760 1171 41 21 den
817 1171 55 29 judi-

111 1205 54 21 ciela
188 1206 127 26 statistiken,
337 1206 74 21 hvilka
433 1206 56 20 varit
513 1205 100 28 gällande
636 1206 66 20 sedan
721 1206 74 28 början
812 1205 22 21 af
849 1205 23 21 är

112 1240 61 25 1891,
193 1240 46 20 dels
260 1240 23 21 af
297 1240 188 28 omständigheter,
500 1247 46 14 som
563 1240 52 21 stätt
630 1240 8 20 i
653 1239 103 21 samband
771 1240 49 20 med
836 1240 36 20 det

110 1274 102 21 inkomna
234 1274 129 21 materialets
386 1274 141 28 bearbetning
549 1274 41 21 och
613 1274 74 21 hvilka
709 1274 47 21 icke
778 1274 56 21 varit
849 1273 23 21 af

110 1307 142 29 prokuratorn
274 1308 113 22 beroende.
419 1308 34 21 Då
474 1308 38 21 det
526 1308 120 21 emellertid
661 1310 24 18 är
699 1308 24 21 af
737 1309 47 27 vigt
798 1311 32 18 att
845 1307 27 21 de

109 1343 8 20 i
147 1342 153 29 prokuratorns
331 1343 114 21 berättelse
475 1342 106 28 ingående
611 1342 111 29 uppgifter
748 1342 75 22 beröra
846 1349 26 13 en

109 1376 38 27 tid,
168 1384 46 14 som
235 1376 40 29 gär
289 1377 24 21 sä
329 1379 50 19 nära
395 1384 45 14 som
456 1377 84 28 möjligt
555 1376 42 22 den
612 1376 110 28 landtdag,
737 1377 32 21 till
784 1376 88 22 hvilken

109 1411 130 21 berättelsen
260 1411 80 27 aflätes,
356 1415 55 17 samt
426 1419 28 13 nu
470 1411 94 28 antydda
580 1411 140 28 svärigheter,
735 1411 84 21 hvilkas
835 1410 37 22 be-

109 1445 84 29 tydelse
216 1445 112 21 Utskottet
349 1445 48 27 icke
413 1445 83 21 kunnat
510 1445 147 27 underskatta,
672 1445 56 21 dock
744 1445 60 21 torde
821 1452 51 14 vara

179 1485 132 23 Lagutskottets
325 1485 110 17 betänkande
449 1487 37 15 N:o
499 1485 17 17 8.
