1103 1700
478 124 22 21 H
804 124 41 20 129

107 193 51 22 med
172 193 33 21 W.
220 193 7 21 i
243 193 164 26 försnillningen
424 192 101 28 möjligen
542 192 109 27 delaktige
667 192 71 21 kunde
749 192 33 22 uti
792 192 80 27 ifräga-

108 228 95 22 varande
219 227 100 22 afseende
334 226 65 22 utfäs.

177 261 126 22 Hofrättens
325 261 72 27 utslag
415 261 8 21 i
441 260 68 22 mälet
531 260 71 28 utgafs
626 260 55 22 efter
703 260 76 28 anslag
802 260 41 22 den
859 261 12 20 6

109 296 62 27 April
196 296 66 26 1889;
282 296 40 21 och
337 295 138 22 alldenstund
492 296 37 21 det
545 295 13 21 &
573 294 164 28 öfverstyrelsen
754 294 119 23 ankommit

109 332 34 20 att
165 330 76 22 endast
255 330 7 21 i
278 330 49 22 män
349 330 24 21 af
393 330 67 21 behof
474 330 111 26 regvirera
600 330 27 21 de
642 329 32 21 till
697 329 175 27 öfverstyrelsens

110 364 125 28 förfogande
251 365 71 21 stälda
337 364 76 26 medel,
430 371 48 15 men
498 364 166 27 öfverstyrelsen
679 363 63 22 äfven
757 364 35 21 för
802 366 70 20 större

110 398 201 28 byggnadsarbeten
327 399 120 27 regvirerat
462 398 28 28 pä
506 405 26 15 en
548 398 56 28 gäng
620 398 49 22 hela
683 398 27 22 de
722 398 103 28 anslagna
836 398 36 22 be-

110 434 78 27 loppen
211 436 56 19 samt
287 434 122 27 derigenom
426 434 41 21 och
482 434 29 27 pä
526 436 44 19 sätt
584 432 186 22 advokatfiskalen
786 434 7 21 i
808 433 65 27 öfrigt

109 468 119 21 framhällit
244 468 31 21 uti
296 468 177 27 öfverstyrelsens
489 468 66 21 kassa
570 468 66 26 hopat
652 469 70 20 större
738 474 96 15 summor
844 470 28 19 än

110 503 40 21 der
165 503 33 21 för
213 502 96 22 tillfället
325 502 126 28 erfordrats,
460 505 53 19 utan
528 504 33 20 att
584 502 166 27 öfverstyrelsen
766 502 62 27 dock,
838 502 35 21 sä-

110 543 46 15 som
172 537 38 21 ske
224 537 56 27 bort,
296 537 7 21 i
318 536 100 22 afseende
427 536 14 21 ä
451 536 64 22 dessa
526 536 80 22 medels
617 536 103 27 behöriga
730 536 143 22 användande

111 571 84 22 utöfvat
214 571 172 28 ändamälsenlig
401 571 96 22 kontroll
512 571 68 22 under
594 571 60 21 tiden
669 571 79 21 mellan
765 571 26 21 de
806 571 69 27 ärliga

112 605 193 28 inventeringarna,
321 606 33 21 för
370 606 40 21 den
427 606 58 21 skull
501 606 41 21 och
557 605 27 22 dä
599 605 8 22 i
622 605 53 27 följd
691 605 61 22 deraf
766 605 108 22 kamrera-

112 646 37 15 ren
165 640 34 21 W.
214 640 91 21 kommit
308 635 10 37 i
332 640 86 21 tillfälle
435 642 33 20 att
484 640 98 21 försnilla
598 639 36 22 det
649 639 110 28 betydliga
774 640 101 27 beloppet

112 674 25 22 af
154 675 89 26 304,141
268 675 62 21 mark
349 676 26 20 97
391 675 73 27 penni,
480 675 50 21 fann
546 674 115 27 hofrätten,
678 677 51 19 enär
744 675 131 21 öfverdirek-

111 711 62 20 tören
194 709 24 21 L.
238 709 86 27 jemlikt
339 710 27 21 27
383 709 11 28 &
410 709 7 21 i
434 709 162 22 instruktionen
620 709 33 21 för
673 708 165 28 öfverstyrelsen
854 709 23 21 af

113 744 42 21 den
177 745 26 20 27
227 744 96 21 Oktober
347 745 55 20 1865
422 744 74 27 älegat
511 745 33 21 att
558 743 67 22 hafva
640 743 100 22 inseende
756 743 60 22 öfver
832 743 43 22 för-

112 778 122 27 valtningen
257 778 23 21 af
302 779 26 20 de
350 779 33 20 till
405 778 168 28 öfverstyrelsen
596 778 105 27 ingäende
716 778 76 27 medel,
808 778 68 22 öfver-

113 813 115 26 styrelsens
244 812 95 27 antydda
353 813 127 21 förfarande
496 813 40 21 och
547 813 162 22 uraktlätenhet
720 815 76 20 stanna
806 813 70 22 öfver-

112 847 125 21 direktören
260 847 25 21 L.
307 847 33 21 till
363 847 42 21 last
429 847 71 22 säsom
516 847 30 22 fel
561 847 7 21 i
585 847 104 27 tjensten;
714 847 106 28 hvarföre,
837 847 39 22 och

110 881 68 27 jemte
201 881 36 22 det
259 881 109 22 hofrätten
389 882 54 21 dock
459 881 67 28 ansåg
541 881 147 28 nyssantyddä
704 881 109 28 tjenstefel
829 882 47 22 icke

113 921 52 15 vara
187 915 24 21 af
231 915 146 22 beskaffenhet
401 918 32 19 att
456 922 78 15 ansvar
558 916 72 21 derför
645 916 66 27 enligt
729 917 25 21 12
770 917 12 27 8
800 918 8 20 1
826 917 50 26 kap.

113 950 26 21 R.
154 949 25 22 B.
194 950 53 27 egde
263 957 46 14 rum
325 952 56 19 samt
396 950 199 22 advokatfiskalens
612 951 73 21 derom
700 950 128 23 framstälda
839 951 37 27 pä-

114 983 87 23 stående
217 985 57 27 förty
288 985 155 28 underkändes,
460 985 112 22 hofrätten
586 985 103 28 pröfvade
700 985 88 22 rättvist
800 986 77 27 ålägga

113 1018 184 23 öfverdirektören
320 1019 24 22 L.
367 1021 33 20 att
415 1019 66 28 gälda
496 1020 68 27 sagda
579 1020 167 27 balanssumma,
764 1033 24 3 —
806 1020 72 22 sävidt

113 1053 126 21 densamma
260 1053 47 22 icke
329 1053 78 28 kunde,
424 1055 28 26 på
468 1057 44 19 sätt
529 1055 39 21 och
583 1055 7 21 i
606 1055 40 21 den
661 1055 91 27 ordning
767 1055 110 22 hofrätten

113 1086 133 23 föreskrifvit
261 1088 32 21 uti
308 1088 35 21 det
358 1089 79 27 utslag,
452 1095 47 16 som
510 1089 24 22 af
542 1089 111 22 hofrätten
663 1089 73 28 gifvits
747 1089 41 22 den
802 1091 23 20 11
838 1089 40 22 Fe-

114 1121 73 22 bruari
199 1123 54 21 1888
264 1123 31 21 uti
307 1125 31 20 ett
348 1123 49 27 mål,
408 1123 64 22 hvari
483 1124 139 22 kamreraren
633 1124 34 22 W.
678 1124 55 22 varit
743 1124 57 22 stäld
810 1124 68 22 under

114 1156 67 22 tilltal
203 1156 33 22 för
258 1157 91 23 berörda
368 1158 77 22 balans
465 1159 41 21 och
521 1159 7 21 i
543 1158 83 22 hvilket
641 1158 42 22 mål
698 1159 95 21 förutom
808 1159 68 22 andre

115 1190 243 24 hofrättsauskultanten
373 1192 26 22 Y.
415 1193 41 21 och
472 1193 97 22 revisorn
584 1193 28 22 M.
624 1194 55 21 varit
689 1193 110 28 indragne,
810 1194 68 21 varda

115 1225 86 23 betäckt
223 1232 26 15 ur
264 1226 139 23 kamreraren
418 1227 47 22 W:s
481 1228 124 22 konkursbo
622 1231 55 19 samt
692 1228 49 22 med
756 1228 26 22 de
798 1228 7 22 i
820 1228 57 22 afse-

114 1260 54 21 ende
183 1260 13 21 å
211 1260 114 22 balansens
341 1262 135 22 betäckande
492 1262 24 22 af
530 1263 152 21 auskultanten
697 1262 26 22 Y.
738 1263 88 27 erlagda
837 1263 41 21 och

114 1293 24 22 af
151 1294 97 34 revisorn
262 1296 29 21 M.
307 1296 134 28 deponerade
456 1298 80 21 medel.

183 1329 97 29 Ändring
294 1331 7 21 i
315 1331 60 21 detta
390 1332 73 26 utslag
479 1332 73 21 söktes
568 1332 23 21 af
604 1332 183 22 öfverdirektören
802 1331 24 22 L.
842 1337 36 21 ge-

115 1370 49 15 nom
179 1364 148 28 underdåniga
345 1366 84 26 besvär,
439 1366 41 22 och
496 1366 40 22 den
552 1367 26 21 29
594 1366 59 22 Mars
671 1367 55 21 1890
741 1366 138 22 meddelades

114 1397 25 22 af
152 1398 121 28 Kejserliga
288 1400 104 22 Senatens
402 1400 242 28 Justitiedepartement
660 1401 70 27 utslag
740 1400 8 22 i
758 1400 66 22 målet
839 1400 39 22 och

185 1438 130 19 Prokuratorns
326 1440 97 18 berättelse,
801 1441 11 17 9
