1103 1700
261 149 28 22 U.
305 150 28 21 B.
347 162 27 2 —
387 149 30 22 H.
431 149 26 22 F.
471 150 94 22 Antells
581 150 155 22 testamente.
842 151 12 20 3

122 218 94 32 frägan,
235 220 31 30 pä
284 219 65 24 hvad
368 222 47 20 sätt
434 222 91 21 statens
545 219 43 24 och
602 219 112 24 enskilda
727 219 154 32 föreningens

123 253 135 32 samlingar
284 254 52 23 bäst
358 254 79 23 kunde
460 254 175 23 sammanföras
655 254 42 23 och
717 254 86 23 ordnas
822 254 59 24 efter

123 296 29 15 en
179 288 108 31 enhetlig
313 288 66 31 plan,
401 288 74 24 under
493 296 138 24 gemensam
650 288 102 30 styrelse
772 288 42 24 och
833 288 47 24 för-

122 322 125 31 valtning;
276 322 43 24 och
346 322 56 32 egde
429 322 187 24 kommissionen
644 324 34 22 att
701 322 39 24 till
759 325 121 21 nästsam-

122 356 173 24 manträdande
314 356 101 24 Ständer
435 357 68 23 såväl
520 356 94 32 afgifva
626 356 126 24 berättelse
766 364 37 16 om
816 357 26 23 de
856 356 25 24 af

123 391 139 23 densamma
281 391 116 31 vidtagna
416 392 110 30 åtgärder
545 399 49 16 som
614 390 138 33 framlägga
765 392 55 23 sina
832 391 48 23 för-

122 425 55 31 slag
203 426 101 22 rörande
331 426 44 23 den
400 425 114 24 framtida
541 426 90 23 vården
650 426 25 23 af
697 426 27 23 de
744 424 138 25 Antell'ska

122 459 194 32 samlingarna»;

191 494 123 24 äfvensom
333 494 106 32 godkänt
457 494 44 24 den
514 494 73 32 tredje
600 494 44 24 och
657 494 44 24 den
714 494 76 32 fjärde
800 494 80 32 punk-

122 530 39 21 ten
181 528 8 23 i
207 528 137 24 Utskottets
363 528 103 32 förslag;

190 595 196 33 Borgareståndet
404 597 51 30 har,
474 597 51 24 med
543 597 175 32 godkännande
736 597 8 23 i
764 597 72 32 öfrigt
855 597 25 24 af

121 631 136 24 Utskottets
284 631 98 32 förslag,
411 631 8 23 i
447 631 81 24 stället
554 631 36 24 för
614 632 45 23 den
677 631 76 24 första
771 631 109 32 punkten

121 665 96 32 antagit
235 673 29 16 en
283 667 28 22 så
329 665 103 31 lydande
450 666 140 23 resolution:

193 702 50 21 »att
268 708 28 15 en
320 700 140 31 delegation,
479 700 125 24 bestående
624 700 24 23 af
665 701 43 22 två
726 700 154 23 medlemmar

121 733 44 24 och
191 737 35 20 tre
254 734 154 31 suppleanter
435 735 55 23 från
518 735 84 30 hvarje
630 735 76 30 stånd,
730 734 80 24 skulle
828 734 51 24 till-

121 771 77 21 sättas
217 769 52 23 med
287 769 110 31 uppdrag
416 771 34 21 att
468 769 100 32 vidtaga
586 769 85 31 åtgärd
689 769 100 30 därhän,
806 771 34 21 att
852 769 27 23 de

120 803 140 24 Antell'ska
287 803 169 32 samlingarna
483 803 77 24 blefve
588 803 158 32 tillgängliga
773 803 36 23 för
832 803 46 24 all-

120 837 127 24 mänheten
275 837 44 24 och
345 837 116 31 forskare,
489 840 63 21 samt
578 840 35 21 att
640 837 38 24 till
700 839 178 22 nästsamman-

119 871 115 24 trädande
261 871 102 24 Ständer
389 872 123 24 inkomma
530 872 52 23 med
600 872 93 31 förslag
711 872 122 31 angående
852 872 26 23 de

119 906 119 31 åtgärder,
255 913 50 16 som
324 907 52 22 med
395 907 97 30 hänsyn
511 906 39 24 till
568 906 97 24 Antells
684 906 40 23 till
736 906 94 23 förmån
842 906 37 23 för

119 939 118 24 Finlands
265 940 51 23 folk
334 941 141 31 upprättade
493 943 140 22 testamente
652 941 78 23 blefve
748 941 37 23 för
803 941 73 23 fram-

119 974 65 24 tiden
203 975 112 31 nödiga»;

188 1041 171 26 Bondeständet
376 1043 45 23 har
439 1043 105 32 godkänt
562 1043 28 24 de
603 1045 36 22 tre
656 1043 75 24 första
741 1043 137 31 punkterna

119 1077 25 22 af
171 1077 136 24 Utskottets
335 1077 99 32 förslag,
462 1085 53 16 men
533 1077 51 24 helt
602 1077 45 24 och
664 1077 77 24 hållet
759 1077 118 24 förkastat

119 1111 44 23 den
182 1111 81 32 fjärde.

187 1180 37 23 Då
243 1180 84 24 endast
345 1180 179 24 Presteståndet
542 1180 119 23 förkastat
679 1179 136 25 Utskottets
829 1180 47 23 för-

119 1214 54 32 slag
183 1222 35 15 om
230 1222 28 16 en
269 1214 244 32 ständerdelegations
524 1214 150 24 tillsättande
685 1214 8 23 i
703 1214 95 24 anfördt
808 1214 69 30 syfte,

118 1248 129 32 föreligger
266 1249 91 23 således
376 1249 9 23 i
404 1248 44 24 sak
466 1251 36 21 tre
516 1248 82 24 stånds
609 1248 174 32 godkännande
796 1248 25 24 af
833 1249 44 23 den

117 1282 77 24 första
211 1283 108 31 punkten
339 1284 8 22 i
365 1283 136 24 Utskottets
520 1283 98 31 förslag.
654 1282 51 24 Den
722 1282 26 24 af
759 1282 118 32 Borgare-

119 1317 94 23 ståndet
235 1320 108 29 antagna
360 1317 196 24 modifikationen
576 1317 24 23 af
619 1317 156 24 förevarande
793 1317 84 31 punkt,

117 1351 103 24 hvilken
232 1352 167 23 modifikation
411 1352 73 23 äfven
494 1352 136 31 inneligger
639 1351 36 23 uti
685 1351 191 24 Presteståndets

117 1385 80 24 beslut
215 1386 8 22 i
236 1386 79 24 denna
333 1386 44 29 del,
391 1386 46 24 har
448 1386 124 24 Utskottet
585 1388 79 22 ansett
676 1386 52 23 med
742 1387 26 22 så
781 1386 96 30 mycket

117 1422 76 21 större
220 1420 54 24 skäl
301 1420 103 31 förtjena
431 1420 117 30 afseende,
575 1428 51 16 som
644 1420 175 32 motiveringen
837 1420 40 24 till

117 1453 136 25 Utskottets
275 1455 150 23 betänkande
444 1455 53 31 (sid.
518 1454 41 32 12)
578 1454 224 24 öfverensstämmer
820 1454 56 24 här-

186 1498 104 18 Allmänna
302 1498 170 18 Besvärsutskottets
484 1498 110 18 betänkande
607 1499 38 17 N:o
658 1498 27 18 19.
