1103 1700
5 207 32 13 kaun
43 209 49 11 pea

270 117 26 21 18

309 180 26 16 en
359 174 139 25 sekreterare,
522 182 26 15 en
572 176 148 23 ombudsman,
744 182 25 15 en
789 176 69 22 förste
872 176 131 24 kamrerare,

239 208 316 28 envahdre!khmrefart
511 203 44 40 ten
567 208 205 28 "öfverkassör:
741 203 34 40 en!
787 203 86 40 förste"
885 210 174 5 asin"

239 243 68 21 andre
329 243 82 27 kassör,
431 250 27 15 en
477 244 144 26 vexelkassör,
638 250 25 16 en
683 245 133 26 registrator,
832 245 38 21 tvä
887 245 60 21 äldre
963 244 39 22 och

239 277 47 27 fyra
304 284 68 21 yngre
387 278 125 22 bokhällare
528 278 109 22 äfvensom
655 279 28 27 pä
698 280 62 20 extra
774 281 46 19 stat
834 285 26 32 en
878 279 126 21 biträdande

239 312 138 21 vexelkassör
392 312 39 22 och
447 313 75 27 nödigt
537 313 58 21 antal
611 313 125 26 kanslister;

310 346 35 21 vid
361 346 235 28 afdelningskontoren:

310 380 93 22 förutom
427 388 25 14 en
476 382 212 26 bankkommissarie,
708 382 88 21 hvarom
815 382 6 21 i
838 383 14 21 9
868 382 12 27 &
894 384 25 19 är
935 382 68 26 sagdt.

240 420 25 16 en
284 414 77 23 kassör
379 417 62 25 samt,
457 416 38 21 der
514 416 102 21 behofvet
634 416 77 22 sädant
730 416 105 27 päkallar,
852 422 26 15 en
896 416 53 22 eller
968 416 36 21 tvä

240 449 200 27 kontorsskrifvare,
456 450 27 22 de
498 450 132 22 sistnämnda
646 451 27 27 pä
689 453 60 19 extra
764 454 50 18 stat.

588 543 28 21 52
632 542 18 29 &.

309 606 223 21 Bankkommissarien
548 606 35 21 vid
598 606 185 22 hufvudkontoret
799 608 116 20 utnämnes
930 606 23 21 af
967 606 35 21 Se-

239 643 76 19 natens
337 640 267 28 Ekonomiedepartement
627 641 6 21 i
656 647 81 16 samma
760 641 92 27 ordning
872 647 45 15 som
937 640 67 21 bank-

240 675 189 22 kommissarierna
443 675 35 21 vid
494 674 234 28 afdelningskontoren.

309 705 74 32 Öfriga
403 709 128 28 tjenstemän
548 710 35 21 vid
598 709 191 26 hufvudkontoret,
806 710 23 21 af
844 709 73 22 hvilka
933 709 71 22 sekre-

239 748 85 17 teraren
343 743 39 22 och
403 744 182 21 ombudsmannen
604 745 54 20 böra
673 744 65 21 hafva
752 744 118 28 ädagalagt
884 744 66 27 insigt
965 743 39 22 och

239 778 121 22 erfarenhet
382 778 6 21 i
411 779 83 20 landets
517 779 60 26 lagar
602 779 40 21 och
665 779 226 27 rättegängsväsende,
915 780 90 25 antagas

238 812 39 21 och
300 814 117 22 utnämnas.
437 812 23 22 af
476 812 134 16 direktionen,
635 819 44 9 som,
704 813 54 22 efter
778 813 36 15 det
836 813 94 28 tjensten
950 813 53 20 varit

477 829 141 13 direktionen,
635 829 52 16 som,
705 829 50 6 eller
778 829 37 11 cel

238 838 115 36 kungjord
367 843 33 25 till
421 840 119 34 ansökning
562 847 56 22 inom
642 841 73 28 trettio
737 847 73 28 dagar,
830 847 115 22 utnämner
963 846 41 21 den

239 880 22 21 af
275 881 130 26 sökandena,
421 887 45 16 som
483 881 134 22 direktionen
633 881 68 22 finner
716 882 32 21 till
765 882 96 26 tjensten
875 881 129 28 lämpligast.

239 915 40 21 Om
301 915 134 22 direktionen
460 916 47 21 icke
532 922 62 15 anser
613 915 68 28 någon
703 916 23 21 af
740 916 48 21 dem
804 915 34 22 för
855 915 148 26 befattningen

237 949 51 22 fullt
310 950 93 27 lämplig,
427 957 49 20 eger
495 950 134 21 direktionen
649 951 53 26 ånyo
723 950 61 21 anslå
804 950 95 27 tjensten
918 949 33 22 till
966 955 37 15 an-

239 984 98 27 sökning.

310 1019 80 21 Kassör
406 1019 39 21 och
462 1019 196 22 kontorsskrifvare
673 1019 35 21 vid
724 1019 230 26 afdelningskontoren
970 1020 34 19 ut-

239 1055 89 20 nämnas
348 1053 23 22 af
389 1053 133 22 direktionen
539 1054 5 21 i
561 1054 110 21 enahanda
687 1054 98 26 ordning,
802 1059 47 16 som
865 1053 139 28 tjenstemän-

239 1094 40 14 nen
296 1088 34 21 vid
347 1088 189 26 hufvudkontoret,
550 1088 54 22 efter
621 1089 36 20 det
669 1088 162 22 vederbörande
843 1087 162 22 bankkommis-

238 1122 56 22 sarie
310 1122 91 22 lemnats
417 1123 83 22 tillfälle
515 1125 33 19 att
563 1125 57 26 yttra
632 1123 32 27 sig
677 1129 33 15 om
722 1123 137 21 sökandenas
872 1121 132 28 lämplighet.

587 1216 28 21 53
631 1216 17 27 $.

311 1278 37 21 Vid
369 1278 136 21 besättandet
524 1278 22 21 af
564 1278 106 22 ordinarie
690 1278 66 27 tjenst
776 1278 6 21 i
798 1278 88 21 banken
903 1278 40 20 bör
958 1277 47 21 huf-

238 1313 147 26 vudsakligast
407 1312 100 22 afseende
530 1312 68 22 fästas
617 1313 33 21 vid
670 1313 122 21 sökandens
812 1312 133 29 skicklighet
965 1312 39 21 och

239 1348 130 26 lämplighet.
381 1342 10 36 .
400 1347 42 21 Till
464 1347 96 21 vilkoren
582 1348 34 20 för
639 1349 32 19 att
689 1347 71 21 såsom
780 1347 92 27 lämplig
885 1352 65 16 anses
965 1346 40 21 hör

237 1382 78 26 jemväl
337 1382 119 27 ädagalagd
480 1382 50 21 eller
553 1382 51 27 eljes
624 1382 57 21 känd
701 1382 98 26 förmåga
818 1383 41 25 att,
876 1381 6 21 i
905 1380 40 22 den
961 1387 43 15 om-

238 1416 93 28 fattning
346 1417 103 27 tienstens
464 1416 147 22 beskaffenhet
627 1416 104 28 päkallar.
744 1416 100 22 använda
860 1415 93 21 svenska
960 1415 44 46 och

237 1450 72 22 finska
323 1451 92 27 språken
430 1451 6 21 i
452 1451 30 21 tal
499 1451 37 21 och
554 1450 68 22 skrift.
