<?xml version="1.0" encoding="UTF-8"?>
<alto xmlns="http://www.loc.gov/standards/alto/ns-v3#" xmlns:xlink="http://www.w3.org/1999/xlink" xmlns:xsi="http://www.w3.org/2001/XMLSchema-instance" xsi:schemaLocation="http://www.loc.gov/standards/alto/ns-v3# http://www.loc.gov/alto/v3/alto-3-0.xsd">
	<Description>
		<MeasurementUnit>pixel</MeasurementUnit>
		<sourceImageInformation>
			<fileName>/tmp/tess__lrvfz60_input.PNG</fileName>
		</sourceImageInformation>
		<OCRProcessing ID="OCR_0">
			<ocrProcessingStep>
				<processingSoftware>
					<softwareName>tesseract 5.3.4</softwareName>
				</processingSoftware>
			</ocrProcessingStep>
		</OCRProcessing>
	</Description>
	<Layout>
		<Page WIDTH="1103" HEIGHT="1700" PHYSICAL_IMG_NR="0" ID="page_0">
			<PrintSpace HPOS="0" VPOS="0" WIDTH="1103" HEIGHT="1700">
				<ComposedBlock ID="cblock_0" HPOS="471" VPOS="116" WIDTH="358" HEIGHT="21">
					<TextBlock ID="block_0" HPOS="471" VPOS="116" WIDTH="358" HEIGHT="21">
						<TextLine ID="line_0" HPOS="471" VPOS="116" WIDTH="358" HEIGHT="21">
							<String ID="string_0" HPOS="471" VPOS="116" WIDTH="10" HEIGHT="21" WC="0.96" CONTENT="I"/><SP WIDTH="323" VPOS="116" HPOS="481"/>
							<String ID="string_1" HPOS="804" VPOS="116" WIDTH="25" HEIGHT="21" WC="0.96" CONTENT="19"/>
						</TextLine>
					</TextBlock>
				</ComposedBlock>
				<ComposedBlock ID="cblock_1" HPOS="96" VPOS="184" WIDTH="760" HEIGHT="97">
					<TextBlock ID="block_1" HPOS="96" VPOS="184" WIDTH="760" HEIGHT="97">
						<TextLine ID="line_1" HPOS="166" VPOS="184" WIDTH="539" HEIGHT="28">
							<String ID="string_2" HPOS="166" VPOS="186" WIDTH="41" HEIGHT="21" WC="0.87" CONTENT="3:0."/><SP WIDTH="38" VPOS="186" HPOS="207"/>
							<String ID="string_3" HPOS="245" VPOS="185" WIDTH="39" HEIGHT="21" WC="0.79" CONTENT="Till"/><SP WIDTH="25" VPOS="185" HPOS="284"/>
							<String ID="string_4" HPOS="309" VPOS="184" WIDTH="122" HEIGHT="28" WC="0.96" CONTENT="fördelning"/><SP WIDTH="25" VPOS="184" HPOS="431"/>
							<String ID="string_5" HPOS="456" VPOS="184" WIDTH="91" HEIGHT="22" WC="0.93" CONTENT="emellan"/><SP WIDTH="23" VPOS="184" HPOS="547"/>
							<String ID="string_6" HPOS="570" VPOS="184" WIDTH="73" HEIGHT="22" WC="0.92" CONTENT="lands-"/><SP WIDTH="23" VPOS="184" HPOS="643"/>
							<String ID="string_7" HPOS="666" VPOS="184" WIDTH="39" HEIGHT="22" WC="0.96" CONTENT="och"/>
						</TextLine>
						<TextLine ID="line_2" HPOS="96" VPOS="219" WIDTH="609" HEIGHT="27">
							<String ID="string_8" HPOS="96" VPOS="220" WIDTH="219" HEIGHT="22" WC="0.91" CONTENT="stadskommunerna"/><SP WIDTH="24" VPOS="220" HPOS="315"/>
							<String ID="string_9" HPOS="339" VPOS="219" WIDTH="66" HEIGHT="27" WC="0.96" CONTENT="enligt"/><SP WIDTH="23" VPOS="219" HPOS="405"/>
							<String ID="string_10" HPOS="428" VPOS="225" WIDTH="83" HEIGHT="15" WC="0.96" CONTENT="samma"/><SP WIDTH="22" VPOS="225" HPOS="511"/>
							<String ID="string_11" HPOS="533" VPOS="219" WIDTH="102" HEIGHT="27" WC="0.94" CONTENT="grunder,"/><SP WIDTH="24" VPOS="219" HPOS="635"/>
							<String ID="string_12" HPOS="659" VPOS="225" WIDTH="46" HEIGHT="15" WC="0.96" CONTENT="som"/>
						</TextLine>
						<TextLine ID="line_3" HPOS="96" VPOS="252" WIDTH="760" HEIGHT="29">
							<String ID="string_13" HPOS="96" VPOS="254" WIDTH="108" HEIGHT="22" WC="0.90" CONTENT="härintills"/><SP WIDTH="20" VPOS="254" HPOS="204"/>
							<String ID="string_14" HPOS="224" VPOS="255" WIDTH="92" HEIGHT="26" WC="0.91" CONTENT="400,000"/><SP WIDTH="16" VPOS="255" HPOS="316"/>
							<String ID="string_15" HPOS="332" VPOS="254" WIDTH="63" HEIGHT="21" WC="0.95" CONTENT="mark"/><SP WIDTH="16" VPOS="254" HPOS="395"/>
							<String ID="string_16" HPOS="411" VPOS="254" WIDTH="87" HEIGHT="27" WC="0.95" CONTENT="årligen,"/><SP WIDTH="17" VPOS="254" HPOS="498"/>
							<String ID="string_17" HPOS="515" VPOS="254" WIDTH="51" HEIGHT="20" WC="0.96" CONTENT="eller"/><SP WIDTH="15" VPOS="254" HPOS="566"/>
							<String ID="string_18" HPOS="581" VPOS="252" WIDTH="33" HEIGHT="22" WC="0.96" CONTENT="för"/><SP WIDTH="17" VPOS="252" HPOS="614"/>
							<String ID="string_19" HPOS="631" VPOS="255" WIDTH="34" HEIGHT="19" WC="0.96" CONTENT="tre"/><SP WIDTH="15" VPOS="255" HPOS="665"/>
							<String ID="string_20" HPOS="680" VPOS="254" WIDTH="24" HEIGHT="20" WC="0.93" CONTENT="år"/><SP WIDTH="34" VPOS="254" HPOS="704"/>
							<String ID="string_21" HPOS="738" VPOS="254" WIDTH="118" HEIGHT="26" WC="0.92" CONTENT="1,200,000."/>
						</TextLine>
					</TextBlock>
				</ComposedBlock>
				<ComposedBlock ID="cblock_2" HPOS="554" VPOS="293" WIDTH="302" HEIGHT="28">
					<TextBlock ID="block_2" HPOS="554" VPOS="293" WIDTH="302" HEIGHT="28">
						<TextLine ID="line_4" HPOS="554" VPOS="293" WIDTH="302" HEIGHT="28">
							<String ID="string_22" HPOS="554" VPOS="293" WIDTH="88" HEIGHT="22" WC="0.96" CONTENT="Summa"/><SP WIDTH="16" VPOS="293" HPOS="642"/>
							<String ID="string_23" HPOS="658" VPOS="294" WIDTH="46" HEIGHT="26" WC="0.42" CONTENT="Fay"/><SP WIDTH="32" VPOS="294" HPOS="704"/>
							<String ID="string_24" HPOS="736" VPOS="294" WIDTH="120" HEIGHT="27" WC="0.91" CONTENT="3,980,000."/>
						</TextLine>
					</TextBlock>
				</ComposedBlock>
				<ComposedBlock ID="cblock_3" HPOS="93" VPOS="362" WIDTH="764" HEIGHT="437">
					<TextBlock ID="block_3" HPOS="97" VPOS="362" WIDTH="760" HEIGHT="63">
						<TextLine ID="line_5" HPOS="165" VPOS="362" WIDTH="692" HEIGHT="28">
							<String ID="string_25" HPOS="165" VPOS="364" WIDTH="42" HEIGHT="20" WC="0.32" CONTENT="4:0."/><SP WIDTH="40" VPOS="364" HPOS="207"/>
							<String ID="string_26" HPOS="247" VPOS="363" WIDTH="62" HEIGHT="21" WC="0.73" CONTENT="Hvad"/><SP WIDTH="26" VPOS="363" HPOS="309"/>
							<String ID="string_27" HPOS="335" VPOS="362" WIDTH="125" HEIGHT="22" WC="0.92" CONTENT="härutöfver"/><SP WIDTH="23" VPOS="362" HPOS="460"/>
							<String ID="string_28" HPOS="483" VPOS="362" WIDTH="86" HEIGHT="28" WC="0.92" CONTENT="inflyter"/><SP WIDTH="23" VPOS="362" HPOS="569"/>
							<String ID="string_29" HPOS="592" VPOS="369" WIDTH="77" HEIGHT="21" WC="0.93" CONTENT="genom"/><SP WIDTH="23" VPOS="369" HPOS="669"/>
							<String ID="string_30" HPOS="692" VPOS="362" WIDTH="165" HEIGHT="28" WC="0.94" CONTENT="ifrågavarande"/>
						</TextLine>
						<TextLine ID="line_6" HPOS="97" VPOS="397" WIDTH="462" HEIGHT="28">
							<String ID="string_31" HPOS="97" VPOS="398" WIDTH="60" HEIGHT="21" WC="0.92" CONTENT="skatt"/><SP WIDTH="14" VPOS="398" HPOS="157"/>
							<String ID="string_32" HPOS="171" VPOS="398" WIDTH="63" HEIGHT="27" WC="0.92" CONTENT="ingär"/><SP WIDTH="15" VPOS="398" HPOS="234"/>
							<String ID="string_33" HPOS="249" VPOS="398" WIDTH="8" HEIGHT="20" WC="0.93" CONTENT="i"/><SP WIDTH="14" VPOS="398" HPOS="257"/>
							<String ID="string_34" HPOS="271" VPOS="397" WIDTH="288" HEIGHT="22" WC="0.91" CONTENT="kommunikationsfonden."/>
						</TextLine>
					</TextBlock>
					<TextBlock ID="block_4" HPOS="96" VPOS="431" WIDTH="761" HEIGHT="97">
						<TextLine ID="line_7" HPOS="165" VPOS="431" WIDTH="691" HEIGHT="23">
							<String ID="string_35" HPOS="165" VPOS="432" WIDTH="11" HEIGHT="21" WC="0.93" CONTENT="I"/><SP WIDTH="16" VPOS="432" HPOS="176"/>
							<String ID="string_36" HPOS="192" VPOS="431" WIDTH="222" HEIGHT="23" WC="0.89" CONTENT="öfverensstämmelse"/><SP WIDTH="23" VPOS="431" HPOS="414"/>
							<String ID="string_37" HPOS="437" VPOS="432" WIDTH="49" HEIGHT="21" WC="0.96" CONTENT="med"/><SP WIDTH="23" VPOS="432" HPOS="486"/>
							<String ID="string_38" HPOS="509" VPOS="432" WIDTH="71" HEIGHT="21" WC="0.93" CONTENT="denna"/><SP WIDTH="23" VPOS="432" HPOS="580"/>
							<String ID="string_39" HPOS="603" VPOS="431" WIDTH="133" HEIGHT="22" WC="0.92" CONTENT="Ständernas"/><SP WIDTH="20" VPOS="431" HPOS="736"/>
							<String ID="string_40" HPOS="756" VPOS="432" WIDTH="100" HEIGHT="21" WC="0.95" CONTENT="anmälan"/>
						</TextLine>
						<TextLine ID="line_8" HPOS="96" VPOS="466" WIDTH="761" HEIGHT="28">
							<String ID="string_41" HPOS="96" VPOS="466" WIDTH="40" HEIGHT="22" WC="0.96" CONTENT="har"/><SP WIDTH="15" VPOS="466" HPOS="136"/>
							<String ID="string_42" HPOS="151" VPOS="467" WIDTH="61" HEIGHT="21" WC="0.93" CONTENT="Hans"/><SP WIDTH="15" VPOS="467" HPOS="212"/>
							<String ID="string_43" HPOS="227" VPOS="466" WIDTH="120" HEIGHT="28" WC="0.92" CONTENT="Kejserliga"/><SP WIDTH="14" VPOS="466" HPOS="347"/>
							<String ID="string_44" HPOS="361" VPOS="466" WIDTH="104" HEIGHT="28" WC="0.93" CONTENT="Majestät"/><SP WIDTH="15" VPOS="466" HPOS="465"/>
							<String ID="string_45" HPOS="480" VPOS="466" WIDTH="50" HEIGHT="22" WC="0.93" CONTENT="lätit"/><SP WIDTH="16" VPOS="466" HPOS="530"/>
							<String ID="string_46" HPOS="546" VPOS="466" WIDTH="41" HEIGHT="22" WC="0.96" CONTENT="den"/><SP WIDTH="16" VPOS="466" HPOS="587"/>
							<String ID="string_47" HPOS="603" VPOS="468" WIDTH="13" HEIGHT="20" WC="0.96" CONTENT="9"/><SP WIDTH="15" VPOS="468" HPOS="616"/>
							<String ID="string_48" HPOS="631" VPOS="466" WIDTH="52" HEIGHT="22" WC="0.96" CONTENT="Juni"/><SP WIDTH="18" VPOS="466" HPOS="683"/>
							<String ID="string_49" HPOS="701" VPOS="467" WIDTH="53" HEIGHT="21" WC="0.93" CONTENT="1892"/><SP WIDTH="15" VPOS="467" HPOS="754"/>
							<String ID="string_50" HPOS="769" VPOS="466" WIDTH="88" HEIGHT="22" WC="0.91" CONTENT="utfärda"/>
						</TextLine>
						<TextLine ID="line_9" HPOS="96" VPOS="500" WIDTH="215" HEIGHT="28">
							<String ID="string_51" HPOS="96" VPOS="501" WIDTH="66" HEIGHT="27" WC="0.92" CONTENT="nädig"/><SP WIDTH="15" VPOS="501" HPOS="162"/>
							<String ID="string_52" HPOS="177" VPOS="500" WIDTH="134" HEIGHT="28" WC="0.93" CONTENT="kungörelse."/>
						</TextLine>
					</TextBlock>
					<TextBlock ID="block_5" HPOS="93" VPOS="534" WIDTH="764" HEIGHT="265">
						<TextLine ID="line_10" HPOS="165" VPOS="534" WIDTH="691" HEIGHT="28">
							<String ID="string_53" HPOS="165" VPOS="535" WIDTH="50" HEIGHT="21" WC="0.87" CONTENT="Med"/><SP WIDTH="22" VPOS="535" HPOS="215"/>
							<String ID="string_54" HPOS="237" VPOS="535" WIDTH="117" HEIGHT="27" WC="0.87" CONTENT="anledning"/><SP WIDTH="23" VPOS="535" HPOS="354"/>
							<String ID="string_55" HPOS="377" VPOS="534" WIDTH="23" HEIGHT="22" WC="0.93" CONTENT="af"/><SP WIDTH="17" VPOS="534" HPOS="400"/>
							<String ID="string_56" HPOS="417" VPOS="534" WIDTH="134" HEIGHT="22" WC="0.90" CONTENT="Ständernas"/><SP WIDTH="16" VPOS="534" HPOS="551"/>
							<String ID="string_57" HPOS="567" VPOS="535" WIDTH="7" HEIGHT="21" WC="0.93" CONTENT="i"/><SP WIDTH="16" VPOS="535" HPOS="574"/>
							<String ID="string_58" HPOS="590" VPOS="534" WIDTH="140" HEIGHT="22" WC="0.92" CONTENT="omförmälda"/><SP WIDTH="16" VPOS="534" HPOS="730"/>
							<String ID="string_59" HPOS="746" VPOS="534" WIDTH="110" HEIGHT="22" WC="0.91" CONTENT="skrifvelse"/>
						</TextLine>
						<TextLine ID="line_11" HPOS="96" VPOS="569" WIDTH="760" HEIGHT="28">
							<String ID="string_60" HPOS="96" VPOS="569" WIDTH="129" HEIGHT="22" WC="0.91" CONTENT="framhällna"/><SP WIDTH="23" VPOS="569" HPOS="225"/>
							<String ID="string_61" HPOS="248" VPOS="570" WIDTH="149" HEIGHT="27" WC="0.91" CONTENT="underdäniga"/><SP WIDTH="22" VPOS="570" HPOS="397"/>
							<String ID="string_62" HPOS="419" VPOS="570" WIDTH="162" HEIGHT="27" WC="0.53" CONTENT="önskningsmäl"/><SP WIDTH="24" VPOS="570" HPOS="581"/>
							<String ID="string_63" HPOS="605" VPOS="571" WIDTH="33" HEIGHT="20" WC="0.96" CONTENT="att"/><SP WIDTH="27" VPOS="571" HPOS="638"/>
							<String ID="string_64" HPOS="665" VPOS="570" WIDTH="134" HEIGHT="27" WC="0.95" CONTENT="Regeringen"/><SP WIDTH="23" VPOS="570" HPOS="799"/>
							<String ID="string_65" HPOS="822" VPOS="569" WIDTH="34" HEIGHT="22" WC="0.96" CONTENT="för"/>
						</TextLine>
						<TextLine ID="line_12" HPOS="96" VPOS="604" WIDTH="759" HEIGHT="27">
							<String ID="string_66" HPOS="96" VPOS="604" WIDTH="117" HEIGHT="21" WC="0.91" CONTENT="framtiden"/><SP WIDTH="19" VPOS="604" HPOS="213"/>
							<String ID="string_67" HPOS="232" VPOS="605" WIDTH="47" HEIGHT="20" WC="0.91" CONTENT="icke"/><SP WIDTH="19" VPOS="605" HPOS="279"/>
							<String ID="string_68" HPOS="298" VPOS="604" WIDTH="69" HEIGHT="21" WC="0.96" CONTENT="skulle"/><SP WIDTH="16" VPOS="604" HPOS="367"/>
							<String ID="string_69" HPOS="383" VPOS="606" WIDTH="53" HEIGHT="25" WC="0.93" CONTENT="göra"/><SP WIDTH="16" VPOS="606" HPOS="436"/>
							<String ID="string_70" HPOS="452" VPOS="605" WIDTH="96" HEIGHT="26" WC="0.92" CONTENT="anspräk"/><SP WIDTH="15" VPOS="605" HPOS="548"/>
							<String ID="string_71" HPOS="563" VPOS="605" WIDTH="29" HEIGHT="26" WC="0.96" CONTENT="pä"/><SP WIDTH="16" VPOS="605" HPOS="592"/>
							<String ID="string_72" HPOS="608" VPOS="605" WIDTH="41" HEIGHT="20" WC="0.96" CONTENT="den"/><SP WIDTH="16" VPOS="605" HPOS="649"/>
							<String ID="string_73" HPOS="665" VPOS="604" WIDTH="128" HEIGHT="27" WC="0.96" CONTENT="ersättning,"/><SP WIDTH="17" VPOS="604" HPOS="793"/>
							<String ID="string_74" HPOS="810" VPOS="611" WIDTH="45" HEIGHT="15" WC="0.96" CONTENT="som"/>
						</TextLine>
						<TextLine ID="line_13" HPOS="96" VPOS="635" WIDTH="759" HEIGHT="31">
							<String ID="string_75" HPOS="96" VPOS="645" WIDTH="27" HEIGHT="15" WC="0.93" CONTENT="ur"/><SP WIDTH="14" VPOS="645" HPOS="123"/>
							<String ID="string_76" HPOS="137" VPOS="639" WIDTH="193" HEIGHT="21" WC="0.92" CONTENT="bränvinsskatten"/><SP WIDTH="16" VPOS="639" HPOS="330"/>
							<String ID="string_77" HPOS="346" VPOS="638" WIDTH="107" HEIGHT="22" WC="0.90" CONTENT="härintills"/><SP WIDTH="16" VPOS="638" HPOS="453"/>
							<String ID="string_78" HPOS="469" VPOS="639" WIDTH="75" HEIGHT="27" WC="0.89" CONTENT="utgätt"/><SP WIDTH="14" VPOS="639" HPOS="544"/>
							<String ID="string_79" HPOS="558" VPOS="638" WIDTH="34" HEIGHT="22" WC="0.93" CONTENT="för"/><SP WIDTH="15" VPOS="638" HPOS="592"/>
							<String ID="string_80" HPOS="607" VPOS="635" WIDTH="165" HEIGHT="31" WC="0.92" CONTENT="eftergifvandet"/><SP WIDTH="16" VPOS="635" HPOS="772"/>
							<String ID="string_81" HPOS="788" VPOS="639" WIDTH="23" HEIGHT="21" WC="0.96" CONTENT="af"/><SP WIDTH="9" VPOS="639" HPOS="811"/>
							<String ID="string_82" HPOS="820" VPOS="639" WIDTH="35" HEIGHT="21" WC="0.96" CONTENT="det"/>
						</TextLine>
						<TextLine ID="line_14" HPOS="95" VPOS="673" WIDTH="761" HEIGHT="28">
							<String ID="string_83" HPOS="95" VPOS="673" WIDTH="60" HEIGHT="22" WC="0.90" CONTENT="förra"/><SP WIDTH="21" VPOS="673" HPOS="155"/>
							<String ID="string_84" HPOS="176" VPOS="673" WIDTH="334" HEIGHT="27" WC="0.91" CONTENT="bränvinsbränningsarrendet,"/><SP WIDTH="20" VPOS="673" HPOS="510"/>
							<String ID="string_85" HPOS="530" VPOS="673" WIDTH="40" HEIGHT="21" WC="0.95" CONTENT="har"/><SP WIDTH="22" VPOS="673" HPOS="570"/>
							<String ID="string_86" HPOS="592" VPOS="673" WIDTH="61" HEIGHT="21" WC="0.93" CONTENT="Hans"/><SP WIDTH="19" VPOS="673" HPOS="653"/>
							<String ID="string_87" HPOS="672" VPOS="673" WIDTH="120" HEIGHT="28" WC="0.92" CONTENT="Kejserliga"/><SP WIDTH="18" VPOS="673" HPOS="792"/>
							<String ID="string_88" HPOS="810" VPOS="673" WIDTH="46" HEIGHT="21" WC="0.92" CONTENT="Ma-"/>
						</TextLine>
						<TextLine ID="line_15" HPOS="93" VPOS="707" WIDTH="762" HEIGHT="28">
							<String ID="string_89" HPOS="93" VPOS="708" WIDTH="74" HEIGHT="27" WC="0.91" CONTENT="jestät,"/><SP WIDTH="24" VPOS="708" HPOS="167"/>
							<String ID="string_90" HPOS="191" VPOS="708" WIDTH="29" HEIGHT="27" WC="0.96" CONTENT="pä"/><SP WIDTH="23" VPOS="708" HPOS="220"/>
							<String ID="string_91" HPOS="243" VPOS="709" WIDTH="45" HEIGHT="20" WC="0.96" CONTENT="sätt"/><SP WIDTH="22" VPOS="709" HPOS="288"/>
							<String ID="string_92" HPOS="310" VPOS="708" WIDTH="40" HEIGHT="21" WC="0.92" CONTENT="här"/><SP WIDTH="23" VPOS="708" HPOS="350"/>
							<String ID="string_93" HPOS="373" VPOS="707" WIDTH="64" HEIGHT="22" WC="0.92" CONTENT="ofvan"/><SP WIDTH="17" VPOS="707" HPOS="437"/>
							<String ID="string_94" HPOS="454" VPOS="707" WIDTH="112" HEIGHT="27" WC="0.92" CONTENT="angäende"/><SP WIDTH="15" VPOS="707" HPOS="566"/>
							<String ID="string_95" HPOS="581" VPOS="707" WIDTH="90" HEIGHT="22" WC="0.91" CONTENT="ärendet"/><SP WIDTH="16" VPOS="707" HPOS="671"/>
							<String ID="string_96" HPOS="687" VPOS="707" WIDTH="69" HEIGHT="22" WC="0.96" CONTENT="under"/><SP WIDTH="15" VPOS="707" HPOS="756"/>
							<String ID="string_97" HPOS="771" VPOS="707" WIDTH="40" HEIGHT="22" WC="0.96" CONTENT="N:o"/><SP WIDTH="17" VPOS="707" HPOS="811"/>
							<String ID="string_98" HPOS="828" VPOS="709" WIDTH="27" HEIGHT="20" WC="0.96" CONTENT="20"/>
						</TextLine>
						<TextLine ID="line_16" HPOS="97" VPOS="741" WIDTH="760" HEIGHT="28">
							<String ID="string_99" HPOS="97" VPOS="744" WIDTH="128" HEIGHT="25" WC="0.96" CONTENT="omnämnts,"/><SP WIDTH="24" VPOS="744" HPOS="225"/>
							<String ID="string_100" HPOS="249" VPOS="743" WIDTH="71" HEIGHT="21" WC="0.96" CONTENT="täckts"/><SP WIDTH="19" VPOS="743" HPOS="320"/>
							<String ID="string_101" HPOS="339" VPOS="743" WIDTH="29" HEIGHT="26" WC="0.96" CONTENT="pä"/><SP WIDTH="19" VPOS="743" HPOS="368"/>
							<String ID="string_102" HPOS="387" VPOS="743" WIDTH="56" HEIGHT="21" WC="0.93" CONTENT="vissa"/><SP WIDTH="20" VPOS="743" HPOS="443"/>
							<String ID="string_103" HPOS="463" VPOS="742" WIDTH="69" HEIGHT="21" WC="0.93" CONTENT="vilkor"/><SP WIDTH="16" VPOS="742" HPOS="532"/>
							<String ID="string_104" HPOS="548" VPOS="741" WIDTH="133" HEIGHT="22" WC="0.92" CONTENT="Ständernas"/><SP WIDTH="16" VPOS="741" HPOS="681"/>
							<String ID="string_105" HPOS="697" VPOS="741" WIDTH="160" HEIGHT="28" WC="0.96" CONTENT="framställning"/>
						</TextLine>
						<TextLine ID="line_17" HPOS="95" VPOS="777" WIDTH="186" HEIGHT="22">
							<String ID="string_106" HPOS="95" VPOS="777" WIDTH="8" HEIGHT="21" WC="0.93" CONTENT="i"/><SP WIDTH="15" VPOS="777" HPOS="103"/>
							<String ID="string_107" HPOS="118" VPOS="777" WIDTH="68" HEIGHT="21" WC="0.96" CONTENT="nåder"/><SP WIDTH="15" VPOS="777" HPOS="186"/>
							<String ID="string_108" HPOS="201" VPOS="777" WIDTH="80" HEIGHT="22" WC="0.94" CONTENT="bifalla."/>
						</TextLine>
					</TextBlock>
				</ComposedBlock>
				<ComposedBlock ID="cblock_4" HPOS="95" VPOS="899" WIDTH="760" HEIGHT="112">
					<TextBlock ID="block_6" HPOS="95" VPOS="899" WIDTH="760" HEIGHT="112">
						<TextLine ID="line_18" HPOS="95" VPOS="899" WIDTH="760" HEIGHT="32">
							<String ID="string_109" HPOS="95" VPOS="903" WIDTH="40" HEIGHT="22" WC="0.90" CONTENT="B."/><SP WIDTH="30" VPOS="903" HPOS="135"/>
							<String ID="string_110" HPOS="165" VPOS="899" WIDTH="100" HEIGHT="32" WC="0.92" CONTENT="Ärenden,"/><SP WIDTH="16" VPOS="899" HPOS="265"/>
							<String ID="string_111" HPOS="281" VPOS="904" WIDTH="28" HEIGHT="21" WC="0.96" CONTENT="uti"/><SP WIDTH="21" VPOS="904" HPOS="309"/>
							<String ID="string_112" HPOS="330" VPOS="903" WIDTH="64" HEIGHT="22" WC="0.93" CONTENT="hvilka"/><SP WIDTH="18" VPOS="903" HPOS="394"/>
							<String ID="string_113" HPOS="412" VPOS="903" WIDTH="116" HEIGHT="22" WC="0.91" CONTENT="Ständerna"/><SP WIDTH="16" VPOS="903" HPOS="528"/>
							<String ID="string_114" HPOS="544" VPOS="904" WIDTH="4" HEIGHT="21" WC="0.96" CONTENT="i"/><SP WIDTH="16" VPOS="904" HPOS="548"/>
							<String ID="string_115" HPOS="564" VPOS="903" WIDTH="107" HEIGHT="27" WC="0.95" CONTENT="anledning"/><SP WIDTH="17" VPOS="903" HPOS="671"/>
							<String ID="string_116" HPOS="688" VPOS="904" WIDTH="21" HEIGHT="21" WC="0.96" CONTENT="af"/><SP WIDTH="15" VPOS="904" HPOS="709"/>
							<String ID="string_117" HPOS="724" VPOS="903" WIDTH="74" HEIGHT="22" WC="0.93" CONTENT="väckta"/><SP WIDTH="16" VPOS="903" HPOS="798"/>
							<String ID="string_118" HPOS="814" VPOS="908" WIDTH="41" HEIGHT="17" WC="0.92" CONTENT="mo-"/>
						</TextLine>
						<TextLine ID="line_19" HPOS="163" VPOS="943" WIDTH="692" HEIGHT="28">
							<String ID="string_119" HPOS="163" VPOS="943" WIDTH="68" HEIGHT="23" WC="0.96" CONTENT="tioner"/><SP WIDTH="14" VPOS="943" HPOS="231"/>
							<String ID="string_120" HPOS="245" VPOS="944" WIDTH="29" HEIGHT="21" WC="0.95" CONTENT="till"/><SP WIDTH="17" VPOS="944" HPOS="274"/>
							<String ID="string_121" HPOS="291" VPOS="944" WIDTH="55" HEIGHT="21" WC="0.96" CONTENT="Hans"/><SP WIDTH="16" VPOS="944" HPOS="346"/>
							<String ID="string_122" HPOS="362" VPOS="943" WIDTH="114" HEIGHT="28" WC="0.95" CONTENT="Kejserliga"/><SP WIDTH="18" VPOS="943" HPOS="476"/>
							<String ID="string_123" HPOS="494" VPOS="943" WIDTH="96" HEIGHT="28" WC="0.93" CONTENT="Majestät"/><SP WIDTH="18" VPOS="943" HPOS="590"/>
							<String ID="string_124" HPOS="608" VPOS="943" WIDTH="97" HEIGHT="22" WC="0.91" CONTENT="aftemnat"/><SP WIDTH="11" VPOS="943" HPOS="705"/>
							<String ID="string_125" HPOS="716" VPOS="943" WIDTH="139" HEIGHT="27" WC="0.92" CONTENT="underdåniga"/>
						</TextLine>
						<TextLine ID="line_20" HPOS="164" VPOS="984" WIDTH="219" HEIGHT="27">
							<String ID="string_126" HPOS="164" VPOS="984" WIDTH="219" HEIGHT="27" WC="0.91" CONTENT="författningsförslag."/>
						</TextLine>
					</TextBlock>
				</ComposedBlock>
				<ComposedBlock ID="cblock_5" HPOS="93" VPOS="1045" WIDTH="763" HEIGHT="409">
					<TextBlock ID="block_7" HPOS="93" VPOS="1045" WIDTH="763" HEIGHT="236">
						<TextLine ID="line_21" HPOS="166" VPOS="1045" WIDTH="688" HEIGHT="28">
							<String ID="string_127" HPOS="166" VPOS="1049" WIDTH="39" HEIGHT="19" WC="0.86" CONTENT="1:0."/><SP WIDTH="31" VPOS="1049" HPOS="205"/>
							<String ID="string_128" HPOS="236" VPOS="1046" WIDTH="71" HEIGHT="22" WC="0.93" CONTENT="Sedan"/><SP WIDTH="23" VPOS="1046" HPOS="307"/>
							<String ID="string_129" HPOS="330" VPOS="1046" WIDTH="123" HEIGHT="22" WC="0.92" CONTENT="Ständerna"/><SP WIDTH="15" VPOS="1046" HPOS="453"/>
							<String ID="string_130" HPOS="468" VPOS="1046" WIDTH="7" HEIGHT="21" WC="0.93" CONTENT="i"/><SP WIDTH="15" VPOS="1046" HPOS="475"/>
							<String ID="string_131" HPOS="490" VPOS="1046" WIDTH="137" HEIGHT="27" WC="0.92" CONTENT="underdånig"/><SP WIDTH="23" VPOS="1046" HPOS="627"/>
							<String ID="string_132" HPOS="650" VPOS="1045" WIDTH="110" HEIGHT="22" WC="0.96" CONTENT="skrifvelse"/><SP WIDTH="16" VPOS="1045" HPOS="760"/>
							<String ID="string_133" HPOS="776" VPOS="1045" WIDTH="24" HEIGHT="22" WC="0.97" CONTENT="af"/><SP WIDTH="13" VPOS="1045" HPOS="800"/>
							<String ID="string_134" HPOS="813" VPOS="1046" WIDTH="41" HEIGHT="21" WC="0.97" CONTENT="den"/>
						</TextLine>
						<TextLine ID="line_22" HPOS="97" VPOS="1080" WIDTH="757" HEIGHT="28">
							<String ID="string_135" HPOS="97" VPOS="1082" WIDTH="24" HEIGHT="20" WC="0.96" CONTENT="16"/><SP WIDTH="23" VPOS="1082" HPOS="121"/>
							<String ID="string_136" HPOS="144" VPOS="1081" WIDTH="62" HEIGHT="27" WC="0.96" CONTENT="April"/><SP WIDTH="24" VPOS="1081" HPOS="206"/>
							<String ID="string_137" HPOS="230" VPOS="1082" WIDTH="52" HEIGHT="20" WC="0.96" CONTENT="1891"/><SP WIDTH="27" VPOS="1082" HPOS="282"/>
							<String ID="string_138" HPOS="309" VPOS="1081" WIDTH="81" HEIGHT="21" WC="0.96" CONTENT="anmält"/><SP WIDTH="20" VPOS="1081" HPOS="390"/>
							<String ID="string_139" HPOS="410" VPOS="1082" WIDTH="33" HEIGHT="20" WC="0.91" CONTENT="att"/><SP WIDTH="19" VPOS="1082" HPOS="443"/>
							<String ID="string_140" HPOS="462" VPOS="1081" WIDTH="124" HEIGHT="21" WC="0.91" CONTENT="Ständerna"/><SP WIDTH="15" VPOS="1081" HPOS="586"/>
							<String ID="string_141" HPOS="601" VPOS="1081" WIDTH="7" HEIGHT="20" WC="0.96" CONTENT="i"/><SP WIDTH="16" VPOS="1081" HPOS="608"/>
							<String ID="string_142" HPOS="624" VPOS="1081" WIDTH="115" HEIGHT="26" WC="0.96" CONTENT="anledning"/><SP WIDTH="15" VPOS="1081" HPOS="739"/>
							<String ID="string_143" HPOS="754" VPOS="1080" WIDTH="24" HEIGHT="21" WC="0.95" CONTENT="af"/><SP WIDTH="12" VPOS="1080" HPOS="778"/>
							<String ID="string_144" HPOS="790" VPOS="1080" WIDTH="64" HEIGHT="21" WC="0.96" CONTENT="väckt"/>
						</TextLine>
						<TextLine ID="line_23" HPOS="94" VPOS="1115" WIDTH="760" HEIGHT="28">
							<String ID="string_145" HPOS="94" VPOS="1115" WIDTH="82" HEIGHT="22" WC="0.95" CONTENT="motion"/><SP WIDTH="25" VPOS="1115" HPOS="176"/>
							<String ID="string_146" HPOS="201" VPOS="1116" WIDTH="84" HEIGHT="27" WC="0.95" CONTENT="antagit"/><SP WIDTH="20" VPOS="1116" HPOS="285"/>
							<String ID="string_147" HPOS="305" VPOS="1117" WIDTH="32" HEIGHT="20" WC="0.96" CONTENT="ett"/><SP WIDTH="17" VPOS="1117" HPOS="337"/>
							<String ID="string_148" HPOS="354" VPOS="1115" WIDTH="82" HEIGHT="28" WC="0.95" CONTENT="förslag"/><SP WIDTH="14" VPOS="1115" HPOS="436"/>
							<String ID="string_149" HPOS="450" VPOS="1115" WIDTH="34" HEIGHT="22" WC="0.96" CONTENT="till"/><SP WIDTH="15" VPOS="1115" HPOS="484"/>
							<String ID="string_150" HPOS="499" VPOS="1115" WIDTH="127" HEIGHT="28" WC="0.95" CONTENT="förordning"/><SP WIDTH="16" VPOS="1115" HPOS="626"/>
							<String ID="string_151" HPOS="642" VPOS="1122" WIDTH="33" HEIGHT="15" WC="0.96" CONTENT="om"/><SP WIDTH="16" VPOS="1122" HPOS="675"/>
							<String ID="string_152" HPOS="691" VPOS="1115" WIDTH="163" HEIGHT="27" WC="0.95" CONTENT="verkställighet"/>
						</TextLine>
						<TextLine ID="line_24" HPOS="93" VPOS="1148" WIDTH="762" HEIGHT="30">
							<String ID="string_153" HPOS="93" VPOS="1150" WIDTH="7" HEIGHT="21" WC="0.96" CONTENT="i"/><SP WIDTH="15" VPOS="1150" HPOS="100"/>
							<String ID="string_154" HPOS="115" VPOS="1150" WIDTH="58" HEIGHT="22" WC="0.96" CONTENT="vissa"/><SP WIDTH="15" VPOS="1150" HPOS="173"/>
							<String ID="string_155" HPOS="188" VPOS="1150" WIDTH="38" HEIGHT="22" WC="0.96" CONTENT="fall"/><SP WIDTH="16" VPOS="1150" HPOS="226"/>
							<String ID="string_156" HPOS="242" VPOS="1150" WIDTH="23" HEIGHT="21" WC="0.95" CONTENT="af"/><SP WIDTH="12" VPOS="1150" HPOS="265"/>
							<String ID="string_157" HPOS="277" VPOS="1150" WIDTH="47" HEIGHT="22" WC="0.96" CONTENT="icke"/><SP WIDTH="16" VPOS="1150" HPOS="324"/>
							<String ID="string_158" HPOS="340" VPOS="1150" WIDTH="50" HEIGHT="27" WC="0.96" CONTENT="laga"/><SP WIDTH="19" VPOS="1150" HPOS="390"/>
							<String ID="string_159" HPOS="409" VPOS="1150" WIDTH="59" HEIGHT="22" WC="0.93" CONTENT="kraft"/><SP WIDTH="16" VPOS="1150" HPOS="468"/>
							<String ID="string_160" HPOS="484" VPOS="1150" WIDTH="82" HEIGHT="28" WC="0.91" CONTENT="egande"/><SP WIDTH="15" VPOS="1150" HPOS="566"/>
							<String ID="string_161" HPOS="581" VPOS="1150" WIDTH="73" HEIGHT="27" WC="0.96" CONTENT="utslag"/><SP WIDTH="15" VPOS="1150" HPOS="654"/>
							<String ID="string_162" HPOS="669" VPOS="1149" WIDTH="112" HEIGHT="28" WC="0.92" CONTENT="angående"/><SP WIDTH="15" VPOS="1149" HPOS="781"/>
							<String ID="string_163" HPOS="796" VPOS="1148" WIDTH="59" HEIGHT="28" WC="0.92" CONTENT="flytt-"/>
						</TextLine>
						<TextLine ID="line_25" HPOS="93" VPOS="1184" WIDTH="761" HEIGHT="28">
							<String ID="string_164" HPOS="93" VPOS="1185" WIDTH="52" HEIGHT="27" WC="0.96" CONTENT="ning"/><SP WIDTH="23" VPOS="1185" HPOS="145"/>
							<String ID="string_165" HPOS="168" VPOS="1191" WIDTH="27" HEIGHT="14" WC="0.95" CONTENT="ur"/><SP WIDTH="23" VPOS="1191" HPOS="195"/>
							<String ID="string_166" HPOS="218" VPOS="1184" WIDTH="47" HEIGHT="28" WC="0.95" CONTENT="hus,"/><SP WIDTH="16" VPOS="1184" HPOS="265"/>
							<String ID="string_167" HPOS="281" VPOS="1185" WIDTH="40" HEIGHT="21" WC="0.96" CONTENT="har"/><SP WIDTH="22" VPOS="1185" HPOS="321"/>
							<String ID="string_168" HPOS="343" VPOS="1185" WIDTH="61" HEIGHT="21" WC="0.96" CONTENT="Hans"/><SP WIDTH="20" VPOS="1185" HPOS="404"/>
							<String ID="string_169" HPOS="424" VPOS="1184" WIDTH="120" HEIGHT="28" WC="0.96" CONTENT="Kejserliga"/><SP WIDTH="15" VPOS="1184" HPOS="544"/>
							<String ID="string_170" HPOS="559" VPOS="1184" WIDTH="103" HEIGHT="28" WC="0.96" CONTENT="Majestät"/><SP WIDTH="15" VPOS="1184" HPOS="662"/>
							<String ID="string_171" HPOS="677" VPOS="1184" WIDTH="71" HEIGHT="22" WC="0.96" CONTENT="täckts"/><SP WIDTH="16" VPOS="1184" HPOS="748"/>
							<String ID="string_172" HPOS="764" VPOS="1184" WIDTH="7" HEIGHT="20" WC="0.96" CONTENT="i"/><SP WIDTH="15" VPOS="1184" HPOS="771"/>
							<String ID="string_173" HPOS="786" VPOS="1184" WIDTH="68" HEIGHT="21" WC="0.96" CONTENT="nåder"/>
						</TextLine>
						<TextLine ID="line_26" HPOS="94" VPOS="1218" WIDTH="762" HEIGHT="28">
							<String ID="string_174" HPOS="94" VPOS="1219" WIDTH="109" HEIGHT="21" WC="0.91" CONTENT="stadfästa"/><SP WIDTH="15" VPOS="1219" HPOS="203"/>
							<String ID="string_175" HPOS="218" VPOS="1220" WIDTH="67" HEIGHT="26" WC="0.93" CONTENT="sagda"/><SP WIDTH="16" VPOS="1220" HPOS="285"/>
							<String ID="string_176" HPOS="301" VPOS="1219" WIDTH="228" HEIGHT="27" WC="0.90" CONTENT="författningsförslag,"/><SP WIDTH="11" VPOS="1219" HPOS="529"/>
							<String ID="string_177" HPOS="540" VPOS="1220" WIDTH="8" HEIGHT="20" WC="0.93" CONTENT="i"/><SP WIDTH="10" VPOS="1220" HPOS="548"/>
							<String ID="string_178" HPOS="558" VPOS="1218" WIDTH="223" HEIGHT="22" WC="0.91" CONTENT="öfverensstämmelse"/><SP WIDTH="9" VPOS="1218" HPOS="781"/>
							<String ID="string_179" HPOS="790" VPOS="1218" WIDTH="66" HEIGHT="22" WC="0.91" CONTENT="hvar-"/>
						</TextLine>
						<TextLine ID="line_27" HPOS="93" VPOS="1254" WIDTH="649" HEIGHT="27">
							<String ID="string_180" HPOS="93" VPOS="1254" WIDTH="48" HEIGHT="20" WC="0.96" CONTENT="med"/><SP WIDTH="16" VPOS="1254" HPOS="141"/>
							<String ID="string_181" HPOS="157" VPOS="1254" WIDTH="66" HEIGHT="27" WC="0.95" CONTENT="nådig"/><SP WIDTH="14" VPOS="1254" HPOS="223"/>
							<String ID="string_182" HPOS="237" VPOS="1254" WIDTH="128" HEIGHT="27" WC="0.96" CONTENT="förordning"/><SP WIDTH="14" VPOS="1254" HPOS="365"/>
							<String ID="string_183" HPOS="379" VPOS="1254" WIDTH="110" HEIGHT="21" WC="0.96" CONTENT="utfärdats"/><SP WIDTH="17" VPOS="1254" HPOS="489"/>
							<String ID="string_184" HPOS="506" VPOS="1254" WIDTH="40" HEIGHT="21" WC="0.96" CONTENT="den"/><SP WIDTH="18" VPOS="1254" HPOS="546"/>
							<String ID="string_185" HPOS="564" VPOS="1255" WIDTH="26" HEIGHT="20" WC="0.95" CONTENT="15"/><SP WIDTH="15" VPOS="1255" HPOS="590"/>
							<String ID="string_186" HPOS="605" VPOS="1254" WIDTH="59" HEIGHT="21" WC="0.95" CONTENT="Mars"/><SP WIDTH="18" VPOS="1254" HPOS="664"/>
							<String ID="string_187" HPOS="682" VPOS="1254" WIDTH="60" HEIGHT="20" WC="0.96" CONTENT="1892."/>
						</TextLine>
					</TextBlock>
					<TextBlock ID="block_8" HPOS="93" VPOS="1287" WIDTH="763" HEIGHT="167">
						<TextLine ID="line_28" HPOS="164" VPOS="1287" WIDTH="690" HEIGHT="28">
							<String ID="string_188" HPOS="164" VPOS="1289" WIDTH="41" HEIGHT="21" WC="0.91" CONTENT="2:0."/><SP WIDTH="30" VPOS="1289" HPOS="205"/>
							<String ID="string_189" HPOS="235" VPOS="1288" WIDTH="62" HEIGHT="22" WC="0.96" CONTENT="Efter"/><SP WIDTH="16" VPOS="1288" HPOS="297"/>
							<String ID="string_190" HPOS="313" VPOS="1289" WIDTH="36" HEIGHT="21" WC="0.93" CONTENT="det"/><SP WIDTH="15" VPOS="1289" HPOS="349"/>
							<String ID="string_191" HPOS="364" VPOS="1288" WIDTH="124" HEIGHT="22" WC="0.92" CONTENT="Ständerna"/><SP WIDTH="15" VPOS="1288" HPOS="488"/>
							<String ID="string_192" HPOS="503" VPOS="1288" WIDTH="7" HEIGHT="22" WC="0.96" CONTENT="i"/><SP WIDTH="16" VPOS="1288" HPOS="510"/>
							<String ID="string_193" HPOS="526" VPOS="1288" WIDTH="116" HEIGHT="27" WC="0.96" CONTENT="anledning"/><SP WIDTH="16" VPOS="1288" HPOS="642"/>
							<String ID="string_194" HPOS="658" VPOS="1288" WIDTH="22" HEIGHT="21" WC="0.96" CONTENT="af"/><SP WIDTH="13" VPOS="1288" HPOS="680"/>
							<String ID="string_195" HPOS="693" VPOS="1288" WIDTH="63" HEIGHT="21" WC="0.96" CONTENT="väckt"/><SP WIDTH="16" VPOS="1288" HPOS="756"/>
							<String ID="string_196" HPOS="772" VPOS="1287" WIDTH="82" HEIGHT="21" WC="0.96" CONTENT="motion"/>
						</TextLine>
						<TextLine ID="line_29" HPOS="93" VPOS="1322" WIDTH="763" HEIGHT="28">
							<String ID="string_197" HPOS="93" VPOS="1322" WIDTH="86" HEIGHT="28" WC="0.96" CONTENT="antagit"/><SP WIDTH="24" VPOS="1322" HPOS="179"/>
							<String ID="string_198" HPOS="203" VPOS="1324" WIDTH="31" HEIGHT="20" WC="0.94" CONTENT="ett"/><SP WIDTH="15" VPOS="1324" HPOS="234"/>
							<String ID="string_199" HPOS="249" VPOS="1322" WIDTH="80" HEIGHT="28" WC="0.96" CONTENT="förslag"/><SP WIDTH="16" VPOS="1322" HPOS="329"/>
							<String ID="string_200" HPOS="345" VPOS="1323" WIDTH="34" HEIGHT="21" WC="0.96" CONTENT="till"/><SP WIDTH="15" VPOS="1323" HPOS="379"/>
							<String ID="string_201" HPOS="394" VPOS="1323" WIDTH="128" HEIGHT="27" WC="0.96" CONTENT="förordning"/><SP WIDTH="16" VPOS="1323" HPOS="522"/>
							<String ID="string_202" HPOS="538" VPOS="1323" WIDTH="112" HEIGHT="27" WC="0.93" CONTENT="angående"/><SP WIDTH="15" VPOS="1323" HPOS="650"/>
							<String ID="string_203" HPOS="665" VPOS="1322" WIDTH="153" HEIGHT="28" WC="0.91" CONTENT="upphäfvande"/><SP WIDTH="15" VPOS="1322" HPOS="818"/>
							<String ID="string_204" HPOS="833" VPOS="1322" WIDTH="23" HEIGHT="20" WC="0.96" CONTENT="af"/>
						</TextLine>
						<TextLine ID="line_30" HPOS="93" VPOS="1356" WIDTH="763" HEIGHT="28">
							<String ID="string_205" HPOS="93" VPOS="1358" WIDTH="12" HEIGHT="20" WC="0.95" CONTENT="4"/><SP WIDTH="18" VPOS="1358" HPOS="105"/>
							<String ID="string_206" HPOS="123" VPOS="1358" WIDTH="11" HEIGHT="26" WC="0.90" CONTENT="8"/><SP WIDTH="17" VPOS="1358" HPOS="134"/>
							<String ID="string_207" HPOS="151" VPOS="1359" WIDTH="12" HEIGHT="19" WC="0.96" CONTENT="4"/><SP WIDTH="16" VPOS="1359" HPOS="163"/>
							<String ID="string_208" HPOS="179" VPOS="1358" WIDTH="50" HEIGHT="26" WC="0.93" CONTENT="kap."/><SP WIDTH="24" VPOS="1358" HPOS="229"/>
							<String ID="string_209" HPOS="253" VPOS="1358" WIDTH="176" HEIGHT="21" WC="0.92" CONTENT="Handelsbalken"/><SP WIDTH="23" VPOS="1358" HPOS="429"/>
							<String ID="string_210" HPOS="452" VPOS="1359" WIDTH="58" HEIGHT="20" WC="0.96" CONTENT="samt"/><SP WIDTH="14" VPOS="1359" HPOS="510"/>
							<String ID="string_211" HPOS="524" VPOS="1358" WIDTH="7" HEIGHT="20" WC="0.93" CONTENT="i"/><SP WIDTH="16" VPOS="1358" HPOS="531"/>
							<String ID="string_212" HPOS="547" VPOS="1357" WIDTH="136" HEIGHT="27" WC="0.92" CONTENT="underdänig"/><SP WIDTH="24" VPOS="1357" HPOS="683"/>
							<String ID="string_213" HPOS="707" VPOS="1356" WIDTH="110" HEIGHT="22" WC="0.96" CONTENT="skrifvelse"/><SP WIDTH="16" VPOS="1356" HPOS="817"/>
							<String ID="string_214" HPOS="833" VPOS="1356" WIDTH="23" HEIGHT="21" WC="0.96" CONTENT="af"/>
						</TextLine>
						<TextLine ID="line_31" HPOS="94" VPOS="1390" WIDTH="759" HEIGHT="29">
							<String ID="string_215" HPOS="94" VPOS="1392" WIDTH="40" HEIGHT="21" WC="0.96" CONTENT="den"/><SP WIDTH="17" VPOS="1392" HPOS="134"/>
							<String ID="string_216" HPOS="151" VPOS="1393" WIDTH="27" HEIGHT="20" WC="0.96" CONTENT="25"/><SP WIDTH="16" VPOS="1393" HPOS="178"/>
							<String ID="string_217" HPOS="194" VPOS="1392" WIDTH="42" HEIGHT="27" WC="0.96" CONTENT="Maj"/><SP WIDTH="21" VPOS="1392" HPOS="236"/>
							<String ID="string_218" HPOS="257" VPOS="1393" WIDTH="51" HEIGHT="21" WC="0.93" CONTENT="1891"/><SP WIDTH="18" VPOS="1393" HPOS="308"/>
							<String ID="string_219" HPOS="326" VPOS="1392" WIDTH="74" HEIGHT="22" WC="0.93" CONTENT="härom"/><SP WIDTH="17" VPOS="1392" HPOS="400"/>
							<String ID="string_220" HPOS="417" VPOS="1392" WIDTH="88" HEIGHT="27" WC="0.91" CONTENT="anmält,"/><SP WIDTH="16" VPOS="1392" HPOS="505"/>
							<String ID="string_221" HPOS="521" VPOS="1392" WIDTH="40" HEIGHT="21" WC="0.96" CONTENT="har"/><SP WIDTH="15" VPOS="1392" HPOS="561"/>
							<String ID="string_222" HPOS="576" VPOS="1392" WIDTH="62" HEIGHT="21" WC="0.93" CONTENT="Hans"/><SP WIDTH="15" VPOS="1392" HPOS="638"/>
							<String ID="string_223" HPOS="653" VPOS="1391" WIDTH="119" HEIGHT="28" WC="0.91" CONTENT="Kejserliga"/><SP WIDTH="15" VPOS="1391" HPOS="772"/>
							<String ID="string_224" HPOS="787" VPOS="1390" WIDTH="66" HEIGHT="28" WC="0.93" CONTENT="Maje-"/>
						</TextLine>
						<TextLine ID="line_32" HPOS="93" VPOS="1426" WIDTH="760" HEIGHT="28">
							<String ID="string_225" HPOS="93" VPOS="1428" WIDTH="44" HEIGHT="20" WC="0.92" CONTENT="stät"/><SP WIDTH="16" VPOS="1428" HPOS="137"/>
							<String ID="string_226" HPOS="153" VPOS="1427" WIDTH="72" HEIGHT="21" WC="0.96" CONTENT="täckts"/><SP WIDTH="16" VPOS="1427" HPOS="225"/>
							<String ID="string_227" HPOS="241" VPOS="1427" WIDTH="6" HEIGHT="21" WC="0.93" CONTENT="i"/><SP WIDTH="16" VPOS="1427" HPOS="247"/>
							<String ID="string_228" HPOS="263" VPOS="1427" WIDTH="67" HEIGHT="21" WC="0.93" CONTENT="nåder"/><SP WIDTH="16" VPOS="1427" HPOS="330"/>
							<String ID="string_229" HPOS="346" VPOS="1426" WIDTH="108" HEIGHT="22" WC="0.92" CONTENT="stadfästa"/><SP WIDTH="15" VPOS="1426" HPOS="454"/>
							<String ID="string_230" HPOS="469" VPOS="1427" WIDTH="68" HEIGHT="27" WC="0.93" CONTENT="sagda"/><SP WIDTH="14" VPOS="1427" HPOS="537"/>
							<String ID="string_231" HPOS="551" VPOS="1426" WIDTH="228" HEIGHT="27" WC="0.93" CONTENT="författningsförslag,"/><SP WIDTH="16" VPOS="1426" HPOS="779"/>
							<String ID="string_232" HPOS="795" VPOS="1426" WIDTH="7" HEIGHT="21" WC="0.93" CONTENT="i"/><SP WIDTH="15" VPOS="1426" HPOS="802"/>
							<String ID="string_233" HPOS="817" VPOS="1432" WIDTH="36" HEIGHT="15" WC="0.92" CONTENT="en-"/>
						</TextLine>
					</TextBlock>
				</ComposedBlock>
			</PrintSpace>
		</Page>
	</Layout>
</alto>
