1103 1700
473 110 23 21 II
799 110 41 20 119

105 186 36 16 sex
156 181 100 26 procents
272 179 54 27 ärlig
341 181 62 19 ränta
419 178 52 22 derä
486 178 47 22 frän
546 178 40 22 den
598 179 26 20 14
634 178 60 21 Mars
707 178 54 22 1885
773 178 44 22 tills
827 177 38 22 full

105 214 66 27 ligvid
187 213 80 22 skedde
283 214 108 21 äfvensom
408 215 33 19 att
455 212 59 22 hålla
533 212 85 22 banken
633 212 111 22 skadeslös
760 213 34 21 för
809 212 58 22 kost-

106 248 95 22 naderna
216 248 7 20 i
239 247 146 27 rättegängen.

174 282 60 22 Efter
257 282 36 21 det
316 282 133 21 rädmannen
471 282 24 21 L.
519 281 40 21 och
576 281 70 21 enkan
668 281 30 21 M.
713 280 71 22 blifvit
799 281 69 21 hörda

106 317 39 21 och
169 316 84 27 afgifvit
268 316 152 27 förklaringar,
437 316 45 21 deri
499 316 26 22 de
540 316 67 21 bland
622 318 66 19 annat
703 317 94 26 motsagt
812 316 55 21 vice-

107 350 195 28 häradshöfdingen
328 351 35 21 T:s
385 350 119 27 pästäende
527 352 33 20 att
582 350 163 27 ifrägavarande
768 352 99 20 trävaru-

107 385 79 27 upplag
208 385 35 21 vid
263 385 164 26 ofvannämnda,
443 384 23 22 af
487 384 133 22 rädmannen
634 384 24 22 L.
675 384 40 22 och
730 384 137 22 vicehärads-

106 419 116 27 höfdingen
244 420 29 21 M.
296 418 125 22 verkstälda
442 419 156 27 uppskattning
614 418 61 22 deraf
689 419 18 27 ej
725 419 69 21 skulle
810 419 58 21 inne-

107 454 63 22 hållit
192 455 25 20 sä
244 454 85 27 mycket
354 455 99 20 trävaror
480 460 45 15 som
552 453 189 27 hypoteksbeviset
766 455 100 25 upptoge,

107 489 94 21 hvarhos
223 488 71 22 enkan
316 488 29 21 M.
368 488 69 21 under
460 488 136 27 åberopande
616 488 23 21 af
653 488 79 26 nådiga
746 488 122 21 förordnin-

107 529 41 21 gen
172 522 39 22 den
235 523 26 20 14
284 522 91 22 Januari
400 523 54 21 1873
470 522 89 22 invändt
574 528 35 16 om
627 522 97 22 bankens
740 522 128 27 befogenhet

107 559 32 20 att
161 559 58 20 emot
241 556 69 22 henne
325 557 67 22 väcka
407 556 72 28 nägon
495 557 60 22 talan
570 557 8 22 i
593 557 74 26 saken,
683 558 57 20 samt
755 556 67 22 sedan
838 556 30 21 vi-

107 591 221 27 cehäradshöfdingen
349 591 24 22 T.
397 591 32 22 uti
452 591 90 28 afgifvet
561 592 129 21 bemötande
705 591 24 22 af
743 591 67 27 sagda
825 591 43 21 för-

107 626 111 27 klaringar
232 625 7 22 i
255 625 66 27 öfrigt
335 626 131 21 äterhemtat
482 626 47 21 sina
544 625 65 22 ofvan
624 626 92 21 anförda
729 625 138 28 pästäenden,

109 667 49 14 men
181 660 86 21 nedsatt
289 659 37 22 det
347 661 169 27 kapitalbelopp,
533 661 68 21 hvarä
623 660 83 21 banken
722 661 7 20 i
746 660 60 21 detta
824 659 44 22 mäl

107 695 74 27 gjorde
196 694 99 27 anspräk,
311 695 32 21 till
361 695 74 26 18,291
454 695 62 21 mark
533 696 25 20 17
573 695 71 27 penni,
655 694 157 23 öfverlemnade
822 693 47 22 hof-

108 731 71 19 rätten
202 729 30 22 uti
255 729 199 27 protokollsutärag
476 729 24 22 af
522 730 40 21 den
581 730 27 21 20
624 729 90 22 Januari
732 730 53 21 1886
801 728 67 22 hand-

108 763 98 27 lingarna
220 764 8 20 i
243 763 65 22 saken
331 763 34 22 till
388 763 266 22 advokatfiskalsembetet
667 763 34 22 för
716 763 115 22 utförande
846 762 24 22 af

108 798 42 21 den
165 798 65 26 talan,
247 797 86 22 hvartill
349 798 215 27 omständigheterna
580 798 71 22 kunde
666 798 118 21 föranleda.

177 831 70 22 Sedan
269 831 114 26 hofrätten,
400 833 7 20 i
423 833 117 27 anledning
568 833 62 22 deraf
651 835 32 19 att
699 832 131 22 rådmannen
844 831 26 22 L.

108 866 39 21 och
163 866 70 21 enkan
249 866 29 21 M.
294 866 18 27 ej
329 867 90 21 allenast
435 867 93 22 bestridt
544 867 64 22 ofvan
622 867 143 22 omförmälda
776 866 24 21 af
812 866 54 21 vice-

108 900 196 27 häradshöfdingen
319 901 23 21 'T.
358 901 105 27 uppgifna
479 901 134 22 förhållande
632 902 48 21 med
695 901 174 26 förskingringen

108 935 24 21 af
145 935 150 26 ifrägakomna
313 935 94 27 hypotek
423 938 57 19 samt
495 938 34 19 att
544 937 71 20 enkan
630 936 28 21 M.
674 935 64 22 äfven
753 935 116 26 ifrågasatt

108 969 129 27 riktigheten
254 969 23 21 af
291 970 41 21 den
347 970 173 28 prisberäkning,
537 977 47 15 som
595 970 23 22 af
627 969 241 27 vicehäradshöfdingen

108 1003 24 22 T.
147 1003 56 28 lagts
223 1004 33 21 till
271 1005 69 26 grund
357 1004 33 21 för
406 1004 36 22 det
459 1005 13 22 &
488 1005 98 21 bankens
601 1007 80 25 vägnar
696 1005 7 20 i
714 1004 76 21 anförd
801 1003 68 22 måtto

108 1037 100 22 fordrade
222 1038 139 27 skadeständ,
377 1039 40 21 och
437 1040 92 21 emedan
539 1039 241 26 vicehäradshöfdingen
791 1038 23 21 T.
826 1037 44 22 för-

108 1071 89 22 behällit
219 1072 32 27 sig
273 1075 34 18 att
329 1073 21 20 fä
365 1073 48 21 sina
429 1074 115 27 motsagda
560 1074 133 27 pästäenden
707 1079 78 21 genom
800 1072 68 21 vittne

108 1106 6 21 i
137 1106 60 21 bevis
220 1106 55 27 leda,
299 1107 111 22 förordnat
434 1108 33 21 till
492 1108 160 28 undersökning
666 1109 7 20 i
689 1108 66 21 saken
770 1107 35 21 vid
821 1106 49 21 räd-

108 1140 143 22 stufvurätten
267 1142 7 20 i
289 1141 27 21 H.
339 1142 50 21 stad
413 1145 58 19 samt
486 1143 68 26 sagda
573 1143 161 27 undersökning
749 1141 120 27 försiggätt,

108 1175 73 21 inkom
203 1175 184 22 advokatfiskalen
402 1176 41 22 den
460 1178 28 20 30
504 1177 127 27 September
648 1178 53 21 1886
719 1177 33 21 till
762 1176 109 22 hofrätten

109 1210 48 21 med
180 1212 31 19 ett
229 1216 82 15 samma
326 1211 42 27 dag
384 1210 149 28 dagtecknadt
549 1212 201 25 embetsmemorial,
767 1210 45 22 deri
828 1211 42 21 han

108 1244 81 27 yrkade
212 1246 32 20 att
266 1244 131 22 rädmannen
414 1246 24 21 L.
456 1246 69 22 mätte
540 1246 64 22 fällas
620 1247 34 21 till
668 1252 78 16 ansvar
761 1246 67 26 enligt
845 1246 25 21 12

109 1278 11 28 $
139 1280 8 20 1
164 1278 49 28 kap.
228 1279 25 21 R.
269 1280 24 21 B.
316 1279 110 22 äfvensom
451 1280 90 28 åläggas
563 1283 33 19 att
617 1281 48 21 med
685 1281 69 21 enkan
768 1280 29 22 M.
813 1282 57 19 samt

108 1312 243 28 vicehäradshöfdingen
365 1314 42 21 M:s
423 1315 50 21 med
489 1315 70 21 henne
577 1315 165 22 sammanaflade
761 1316 53 20 barn
833 1320 38 21 ge-

109 1350 105 19 mensamt
236 1348 52 21 eller
311 1349 40 20 den
372 1348 92 28 tillgäng
480 1350 54 26 egde
550 1350 18 27 ej
586 1350 82 21 mindre
683 1352 83 19 ersätta
786 1348 84 22 banken

109 1382 33 21 för
157 1382 40 21 den
213 1388 75 21 genom
305 1382 118 22 omordade
439 1384 96 26 oriktiga
550 1384 61 28 intyg
626 1384 86 22 banken
728 1382 143 28 tillskyndade

108 1416 76 22 förlust
206 1418 26 20 än
255 1416 58 22 hålla
334 1418 86 21 banken
443 1418 114 22 skadeslös
582 1418 34 22 för
636 1418 25 22 de
677 1418 93 22 arvoden
785 1418 86 22 banken
