1103 1700
488 113 23 21 H
816 116 39 20 197

118 181 35 22 väl
175 181 167 27 magistraterna
364 181 8 21 i
387 180 112 28 ätskilliga
514 181 24 22 af
551 181 85 23 landets
652 182 74 22 städer
741 188 46 17 som
803 184 80 21 krono-

119 215 135 28 betjeningen
270 215 103 23 särskildt
388 215 8 21 i
411 215 26 21 de
453 217 61 20 östra
530 216 87 22 delarne
632 216 24 22 af
669 216 79 27 landet,
764 220 34 19 att
812 218 71 21 finska

118 250 141 27 medborgare
283 250 23 21 af
319 250 40 22 den
376 250 143 22 obemedlade
534 250 48 22 lösa
596 250 156 28 befolkningen
768 251 48 22 icke
832 258 50 15 vore

118 284 135 27 berättigade
276 286 33 20 att
332 284 85 27 begifva
432 284 33 27 sig
481 286 61 20 utom
557 284 41 22 den
612 285 103 21 kommun
731 285 27 21 de
773 285 109 28 tillhörde,

117 318 50 22 med
183 318 83 22 mindre
281 320 28 19 än
325 320 33 20 att
373 318 26 21 de
413 324 52 16 voro
480 318 103 22 försedda
599 318 48 22 med
662 320 33 20 ett
709 319 35 21 för
759 319 123 22 ändamälet

118 352 25 22 af
162 352 160 22 vederbörande
351 352 185 28 polismyndighet
556 352 113 23 utfärdadt
691 359 18 15 s.
724 353 21 21 k.
761 353 120 28 resebetyg,

118 386 54 23 eller
194 387 61 27 intyg
277 393 35 16 om
334 387 151 22 hinderlöshet
507 389 33 20 att
559 387 48 22 fritt
622 390 50 19 röra
687 388 33 27 sig
736 388 47 22 frän
798 390 36 20 ort
849 388 33 22 till

118 427 71 16 annan
211 421 59 22 inom
292 421 79 26 landet,
395 421 40 22 och
450 421 63 22 torde
528 421 7 22 i
551 422 53 27 följd
620 421 63 22 häraf
697 424 58 20 ännu
770 423 69 21 under
854 422 27 22 de

119 457 74 21 senast
215 452 102 25 förflutna
340 455 52 22 åren
413 455 47 22 icke
476 456 70 22 sällan
560 456 66 22 hafva
640 456 105 28 inträffat,
760 458 34 20 att
808 463 74 21 perso-

119 496 45 21 ner,
187 496 47 16 som
249 490 72 22 kunde
337 490 103 22 hänföras
456 490 35 22 till
506 497 50 21 nyss
571 490 96 28 antydda
682 491 100 27 kategori
798 491 25 21 af
836 491 45 21 lan-

119 525 48 21 dets
182 524 125 28 befolkning
323 525 40 21 och
379 526 52 20 utan
446 524 54 22 slikt
515 525 115 27 resebetyg
646 525 113 22 anträffats
774 528 61 19 utom
850 526 32 20 sin

119 559 159 27 hemkommun,
301 559 70 22 blifvit
392 558 23 23 af
436 559 234 28 polismyndigheterna
691 562 66 25 tagna
775 560 7 21 i
808 559 75 22 förvar

119 594 41 21 och
175 594 128 22 befordrade
319 594 33 22 till
367 594 119 22 hemorten.

192 628 58 22 Vare
265 629 33 27 sig
313 635 29 15 nu
357 630 33 20 att
405 628 166 27 ifrågavarande
586 628 130 27 förfarande,
728 634 46 16 som
789 629 44 27 mig
847 634 34 16 ve-

119 663 93 26 terligen
235 663 54 22 dock
312 663 47 22 icke
376 663 63 27 gifvit
454 663 118 27 anledning
587 663 34 22 till
638 663 244 28 anmärkningsvärdare

119 697 157 28 förvecklingar
298 697 53 22 eller
374 697 65 27 något
462 697 116 28 formligen
601 697 88 22 anfördt
708 697 110 27 klagomål
834 697 47 22 från

120 732 63 21 deras
199 732 46 21 sida
260 732 66 21 saken
342 733 95 20 närmast
452 734 53 25 rört,
521 733 56 21 varit
592 732 105 22 föranledt
714 732 24 21 af
754 739 27 14 en
801 732 81 27 oriktig

120 766 99 27 tolkning
242 766 23 22 af
283 766 148 27 stadgandena
446 767 7 20 i
469 767 14 21 2
499 767 39 21 och
554 767 13 21 3
583 767 61 28 $$:na
659 766 31 22 uti
706 766 79 27 nådiga
800 766 81 27 kungö-

119 801 71 21 relsen
206 800 40 22 den
263 801 25 21 17
304 801 59 22 Mars
380 801 61 27 1879,
450 800 113 28 angäende
577 801 99 27 flyttning
691 800 49 22 frän
757 807 26 15 en
799 803 35 19 ort
848 800 33 22 till

120 841 70 16 annan
207 837 56 20 samt
279 841 34 16 om
328 835 171 22 arbetssökande
519 835 58 22 inom
592 835 54 22 eller
661 837 59 20 utom
737 835 99 26 Finland,
852 835 29 21 el-

120 869 33 22 ler
168 871 33 20 att
216 869 94 22 nämnda
325 869 179 28 tillvägagäende,
520 869 121 22 oberoende
657 869 24 22 af
694 869 166 22 föreskrifterna
875 869 7 21 i

119 903 124 28 äberopade
265 904 89 27 lagrum,
370 904 76 21 endast
461 905 95 26 grundat
572 905 32 26 sig
619 904 28 27 pä
662 904 40 21 den
719 911 25 14 ur
760 905 61 21 äldre
837 904 44 27 lag-

120 938 162 22 bestämmelser
304 938 104 22 härledda
430 939 41 21 och
494 941 73 19 senast
587 939 32 21 uti
635 938 78 27 nådiga
729 938 153 27 förordningen

120 972 41 22 den
183 973 28 21 23
234 973 90 22 Januari
349 973 60 26 1865,
425 973 114 27 angäende
554 973 143 22 försvarslösa
712 973 40 22 och
767 973 63 21 deras
846 973 35 21 be-

120 1006 106 29 handling,
250 1007 103 27 ingående
376 1007 151 27 förpligtelsen
550 1007 34 22 för
600 1007 56 22 vissa
671 1007 123 27 kategorier
810 1007 24 21 af
847 1007 34 22 be-

119 1042 124 27 folkningen
266 1044 33 19 att
321 1042 36 21 vid
379 1041 73 22 färder
475 1044 60 19 utom
559 1042 41 21 den
623 1042 101 21 kommun
740 1041 26 22 de
782 1041 100 22 tillhörde

120 1076 116 22 innehafva
259 1076 111 27 resebetyg
396 1076 23 21 af
440 1076 163 22 vederbörande
627 1076 181 27 polismyndighet
830 1076 52 21 eller

120 1110 169 22 tillständsbevis
305 1111 23 21 af
342 1111 122 22 distriktets
481 1111 173 28 tillsyningsman
665 1111 59 22 öfver
734 1110 147 27 försvarslöse,

119 1152 64 21 synes
199 1146 37 22 det
252 1146 44 27 mig
311 1146 54 22 dock
380 1146 47 22 icke
443 1146 74 22 kunna
533 1146 78 27 dragas
627 1146 7 22 i
650 1145 135 28 tvifvelsmäl,
802 1147 33 19 att
845 1151 37 15 an-

120 1180 86 22 märkta
220 1180 125 22 förfarande
368 1182 25 20 är
407 1180 124 28 uppenbart
546 1180 110 22 stridande
672 1183 58 19 emot
746 1180 40 21 den
802 1179 80 27 grund-

119 1216 46 20 sats
187 1214 8 22 i
217 1214 61 28 fräga
293 1222 33 14 om
343 1215 133 28 rättigheten
492 1217 32 20 att
541 1216 57 26 välja
613 1215 124 22 vistelseort
752 1214 40 22 och
809 1214 73 21 färdas

119 1249 59 21 inom
202 1249 78 27 landet,
304 1256 46 16 som
365 1250 34 22 för
415 1250 137 22 närvarande
568 1252 25 19 är
608 1250 7 21 i
631 1251 38 20 vär
684 1248 138 28 lagstiftning
836 1248 45 27 gäl-

120 1283 71 21 lande.

189 1318 33 21 Då
237 1325 28 15 nu
281 1318 119 22 emellertid
415 1318 96 28 antydda
526 1319 38 21 fall
580 1321 60 25 synts
655 1318 44 28 mig
713 1318 59 28 gifva
782 1318 36 21 vid
828 1317 53 21 han-

119 1352 49 28 den,
184 1355 33 20 att
232 1354 246 27 polismyndigheternas
493 1354 117 22 omordade
620 1353 125 22 förfarande
755 1352 63 22 äfven
828 1353 54 21 stätt

119 1387 7 21 i
142 1387 53 22 visst
210 1388 155 27 sammanhang
379 1388 49 21 med
444 1394 31 16 nu
490 1388 100 28 gällande
600 1387 161 27 bestämningar
772 1386 110 27 angäende

119 1421 128 23 lösdrifvare
262 1422 41 22 och
318 1422 63 22 deras
402 1422 137 28 behandling,
555 1424 110 25 upptagna
680 1422 7 21 i
703 1422 79 27 nädiga
796 1420 86 22 förord-
