1103 1700
209 133 82 22 Ständ.
305 132 58 23 Skr.
379 145 26 3 —
422 132 30 22 H.
467 132 27 22 F.
510 132 92 22 Antells
618 132 150 22 testamente.
796 128 9 36 =
822 133 13 21 3

106 200 43 23 och
172 201 217 29 medaljsamlingen
406 200 38 22 för
459 200 144 23 närvarande
619 204 25 18 är
658 200 157 30 provisoriskt
829 200 35 22 in-

106 236 68 28 rymd
189 236 9 21 i
212 236 113 22 Finlands
340 236 81 22 Banks
444 235 67 23 hvalf
532 238 60 19 samt
610 238 34 20 att
659 236 147 28 antigvitets-
822 235 43 22 och

106 270 229 29 konstsamlingarna
349 270 131 22 tillsvidare
497 270 105 22 förvaras
617 270 36 22 uti
669 270 44 22 den
728 270 137 29 egentligen

106 304 37 23 för
174 304 210 30 konstföreningen
417 305 43 22 och
494 305 246 29 konstflitföreningen
770 304 96 22 afsedda

106 339 258 29 Ateneumbyggnaden
388 340 8 21 i
419 340 156 28 Helsingfors.
605 340 36 22 Dä
659 340 97 21 sälunda
771 339 94 22 samlin-

106 381 73 21 garna
201 378 38 18 äro
261 374 95 29 spridda
375 374 30 29 pä
421 374 63 22 olika
502 374 84 22 ställen
608 374 43 22 och
667 374 73 22 delvis
756 374 52 22 icke
824 381 40 14 ens

107 412 39 18 äro
165 408 37 22 för
223 408 106 23 forskare
351 408 43 23 och
417 409 71 21 andra
509 409 154 22 intresserade
685 416 112 22 personer
817 408 47 22 till-

107 444 112 28 gängliga
241 445 59 20 samt
319 444 89 28 jemväl
423 444 73 21 sakna
511 451 29 14 en
557 451 133 21 gemensam
712 443 153 29 förvaltning,

107 478 42 22 har
164 478 40 22 det
222 480 66 27 synts
304 478 172 29 oundgängligt
490 480 35 20 att
540 478 67 22 dessa
622 478 150 30 olägenheter
787 478 78 22 blefve

107 514 92 21 säsnart
214 520 48 15 som
278 513 93 29 möjligt
386 513 122 29 afhjelpta.

176 548 37 21 En
228 548 100 22 särskild
343 548 133 29 delegation
491 548 66 22 torde
572 550 57 20 utan
644 548 85 22 tvifvel
744 555 55 15 vara
813 547 53 22 bäst

107 583 77 29 egnad
206 583 63 21 säväl
292 584 35 20 att
349 582 130 23 tillsvidare
494 583 134 22 handhafva
642 583 88 22 värden
745 590 37 14 om
798 582 68 22 dessa

107 617 127 29 samlingar
257 624 49 15 som
329 617 42 22 ock
395 619 36 20 att
453 617 9 22 i
484 618 76 21 sinom
582 617 35 22 tid
632 618 37 21 till
685 617 131 22 Ständerna
831 618 35 21 in-

107 653 94 21 komma
215 652 53 22 med
283 651 88 30 förslag
389 652 38 21 till
442 652 29 22 de
486 652 113 29 ätgärder,
619 659 48 15 som
683 652 37 22 för
734 652 132 22 undanröd-

105 687 72 29 jande
202 687 24 22 af
253 687 102 28 antydda
377 687 220 22 missförhällanden
618 687 79 22 kunde
719 687 114 29 vidtagas,
858 687 8 21 i

107 721 93 22 hvilket
230 721 109 22 afseende
368 721 84 29 nödigt
477 722 81 29 anslag
579 729 29 14 ur
630 721 236 30 bevillningsmedlen

108 756 72 21 borde
196 756 79 22 ställas
291 755 37 22 till
343 755 175 30 delegationens
533 756 144 29 förfogande.

176 790 34 21 Pä
224 789 77 30 grund
317 789 26 23 af
355 790 40 22 det
409 790 98 23 anförda
521 791 25 22 fä
556 791 131 22 Ständerna
697 791 169 28 underdänigst

108 825 100 22 anmäla:

383 903 31 21 att
443 901 123 22 Ständerna
596 901 133 28 bemyndigat
752 901 114 28 Bankfull-

315 937 90 26 mäktige
427 938 31 20 att
480 937 30 26 pä
534 935 133 23 Ständernas
688 937 82 27 vägnar
790 936 77 27 pröfva

315 971 36 21 och
373 971 74 27 afgöra
470 971 85 22 sädana
572 971 82 27 frägor,
677 977 45 15 som
736 972 131 21 testaments-

315 1005 97 22 exekutor
433 1005 41 22 kan
497 1006 61 27 finna
580 1005 48 22 skäl
650 1007 30 20 att
702 1005 32 22 till
753 1005 47 22 dem
814 1005 53 22 hän-

314 1040 70 28 skjuta
399 1040 67 21 under
482 1040 40 21 den
533 1040 31 21 tid
575 1040 40 21 den
626 1040 172 22 testamenterade
808 1046 58 21 egen-

315 1074 74 22 domen
404 1075 60 21 ännu
480 1074 26 27 af
518 1074 78 22 honom
609 1074 114 27 förvaltas;

384 1140 31 20 att
438 1138 124 22 Siänderna
584 1138 116 28 uppdragit
722 1139 24 21 ät
760 1138 108 22 Finlands

315 1173 64 22 Bank
402 1175 31 20 att
455 1173 8 21 i
486 1174 68 21 sinom
577 1173 32 21 tid
631 1175 103 25 emottaga
750 1173 36 22 och
800 1173 68 21 under

315 1208 98 21 inseende
428 1208 26 27 af
467 1207 135 22 Ständernas
616 1207 194 28 Bankfullmäktige
824 1207 43 27 för-

315 1241 56 23 valta
388 1242 36 22 och
438 1242 98 27 förränta
551 1242 35 22 det
596 1242 32 22 till
638 1242 105 22 Finlands
752 1242 44 27 folk
807 1241 61 22 done-

314 1276 51 22 rade
379 1276 107 27 kapitalet,
502 1276 75 22 hvilket
591 1276 53 22 skall
659 1277 72 21 säsom
746 1283 25 15 en
781 1276 87 22 stäende

314 1311 54 27 fond
377 1310 167 23 sammanhällas
553 1310 68 22 under
629 1310 125 28 benämning
762 1310 27 28 af
792 1310 76 28 ,Kam-

315 1346 108 22 marrädet
438 1345 95 22 Herman
543 1345 132 27 Rosenbergs
685 1345 77 27 fond";
778 1344 90 22 börande

316 1380 194 28 Bankfullmäktige
529 1379 32 22 till
578 1379 70 28 hvarje
662 1379 101 27 landidag
779 1376 89 30 aflemna

315 1415 136 27 redovisning
472 1414 56 27 öfver
542 1414 90 27 fondens
646 1414 140 27 förvaltning;
808 1415 61 20 samt
