1103 1700
378 141 30 22 U.
423 140 28 23 B.
467 149 27 8 —
508 141 107 23 XXXH.
832 142 13 19 3

118 217 61 21 heter
200 219 59 19 emot
273 216 157 21 instruktionen
445 216 40 21 hos
500 216 95 21 Senaten
611 215 47 22 icke
670 215 147 26 förekommit,
840 216 34 26 sig

118 251 71 21 kunna
210 250 41 22 hos
272 250 60 21 Hans
354 250 121 28 Kejserliga
497 250 103 27 Majestät
622 251 6 20 i
648 249 171 28 underdänighet
834 250 40 22 till-

119 285 74 27 styrka
208 285 37 21 det
260 284 85 22 täcktes
361 284 60 21 Hans
437 283 120 29 Kejserliga
572 284 103 27 Majestät
690 284 68 27 enligt
772 284 102 21 Ständer-

118 327 38 14 nas
171 319 146 27 underdäniga
332 318 105 26 anhällan,
453 320 7 20 i
474 318 66 22 näder
556 318 43 22 läta
610 318 163 28 ifrägavarande
784 318 90 22 instruk-

118 356 46 20 tion
185 354 32 21 till
238 353 128 21 efterlefnad
387 353 97 27 kungöra
506 356 56 18 samt
584 352 125 22 densamma
730 354 6 20 i
751 352 77 22 sådant
843 352 30 22 af-

118 388 80 21 seende
213 387 31 22 till
259 387 94 21 Senaten
368 387 138 21 öfverlemna.'
529 387 43 21 För
586 387 42 21 den
638 386 104 22 händelse
752 386 60 22 Hans
822 386 51 28 Kej-

118 422 78 28 serliga
218 421 101 27 Majestät
340 421 66 21 likväl
427 423 7 19 i
455 421 66 21 näder
542 421 65 21 funne
629 420 121 28 betänkligt
770 424 32 18 att
822 424 51 19 utan

118 456 73 22 vidare
214 456 42 21 låta
279 456 137 28 promulgera
431 455 163 28 ifrågavarande
609 455 134 26 instruktion,
766 456 24 24 sä
806 456 67 27 ansåg

118 490 134 28 majoriteten
273 491 34 26 sig
328 491 7 20 i
356 490 171 27 underdånighet
548 490 54 21 böra
624 489 85 26 föreslå,
732 489 38 22 det
787 489 85 22 täcktes

118 526 60 20 Hans
199 524 120 28 Kejserliga
341 524 109 27 Majestät,
473 526 7 20 i
500 524 94 28 enlighet
616 524 50 21 med
689 524 38 22 det
744 524 128 26 förfarande,

117 566 49 15 som
188 559 95 28 iakttogs
305 558 37 22 vid
363 558 151 29 kungörandet
534 559 25 21 af
578 559 42 21 den
641 558 48 23 utaf
701 558 121 22 Ständerra
836 559 37 21 vid

120 594 53 27 1867
189 595 33 20 års
237 593 104 28 landtdag
357 597 93 24 antagna
465 593 133 26 instruktion,
622 593 86 22 hvilken
720 593 81 27 jemväl
815 595 58 20 inne-

118 629 44 20 höll
183 632 32 18 ett
237 628 128 27 stadgande,
388 635 49 14 som
458 629 78 26 ansågs
555 635 51 14 vara
622 629 26 20 af
658 628 214 28 lagstiftningsnatur,

118 662 101 22 särskildt
240 664 7 20 i
268 662 67 21 nåder
357 662 106 21 fastställa
482 663 68 27 sagda
566 669 12 14 2
594 663 15 27 &
624 663 26 20 af
660 662 156 22 instruktionen
830 663 43 20 och

117 697 68 22 tillåta
205 700 31 18 att
259 697 70 20 denna
351 697 50 20 med
419 697 68 21 sådan
502 697 66 27 nådig
582 697 138 21 fastställelse
735 697 137 27 kungjordes,

117 733 6 20 i
144 731 81 22 hvilket
250 731 35 21 fall
307 731 164 28 ifrågavarande
492 731 128 22 instruktion
642 731 69 21 borde
733 731 68 21 förses
823 731 50 21 med

117 765 92 27 följande
227 765 256 28 promulgationsformel:
506 765 70 27 Jemte
592 765 38 22 det
645 765 36 21 Wi
696 767 7 19 i
718 765 73 21 Nåder
806 765 67 22 funnit

116 800 55 27 godt
186 799 97 22 bekräfta
301 799 58 22 hvad
377 800 71 21 denna
465 800 25 21 af
500 799 122 22 Ständerna
637 803 94 24 antagna
746 799 127 22 instruktion

117 834 32 21 för
177 834 190 27 bankfullmäktige
394 835 7 20 i
423 839 13 16 2
459 833 13 29 &
495 834 117 21 innehåller
634 834 112 27 angående
769 833 104 22 bankfull-

116 868 106 28 mäktiges
244 868 64 26 antal,
331 868 78 21 varder
429 869 93 20 nämnda
547 868 128 22 instruktion
698 869 126 27 härigenom
842 868 31 21 till

116 902 126 22 efterlefnad
257 902 112 28 kungjord.

183 937 105 21 Deremot
311 937 68 27 ansåg
399 938 137 20 minoriteten
558 938 58 20 inom
637 937 121 28 Kejserliga
777 937 95 22 Senaten

116 974 33 18 att
163 978 48 14 som
225 971 27 21 68
267 971 12 28 $
294 972 7 20 i
315 971 250 28 Landtdagsordningen
580 971 112 26 innehölle,
709 975 32 18 att
750 971 121 22 Ständerna

116 1005 57 27 egde
187 1005 37 21 vid
233 1005 74 27 hvarje
317 1005 105 27 landtdag
437 1005 55 28 välja
506 1005 197 28 bankfullmäktige,
720 1006 31 21 till
761 1006 42 21 lika
814 1006 58 22 antal

115 1039 33 21 för
163 1039 71 28 hvarje
250 1040 69 25 stånd,
340 1043 57 18 samt
412 1039 61 22 detta
488 1040 122 27 stadgande
625 1040 98 28 tydligen
738 1041 133 21 innefattade

115 1074 67 21 sådan
197 1073 90 28 ändring
301 1073 26 22 af
337 1080 14 20 4
367 1074 12 27 $
395 1075 6 20 i
417 1074 154 28 förordningen
592 1075 42 20 den
648 1081 14 20 9
677 1075 115 21 december
810 1075 59 27 1867,

114 1111 32 18 att
168 1109 13 20 å
202 1107 121 22 Ständerna
345 1108 70 21 allena
436 1108 115 22 ankomme
571 1112 33 19 att
626 1109 120 22 bestämma
766 1109 105 22 bankfull-

113 1142 106 28 mäktiges
234 1143 58 21 antal
307 1142 50 22 med
372 1142 142 28 iakttagande
529 1143 64 22 deraf
600 1147 32 18 att
642 1144 41 21 lika
694 1145 78 26 många
783 1144 87 27 utsåges

113 1176 33 22 för
156 1176 72 28 hvarje
238 1176 101 22 särskildt
349 1177 70 26 stånd,
431 1177 95 22 Senaten
536 1178 78 21 endast
621 1178 69 21 borde
697 1178 107 28 tillstyrka
812 1178 58 22 bifall

113 1210 31 22 till
158 1211 131 21 Ständernas
308 1211 148 28 underdäniga
470 1212 113 22 anhällan.:
601 1212 10 22 I
625 1212 116 28 arledning
756 1212 25 22 af
792 1212 78 22 sakens

113 1246 81 26 utgång
215 1245 72 22 anhöll
308 1245 145 28 prokuratorn
468 1249 32 19 att
515 1246 219 28 anmärkningsvis.fä
742 1247 36 21 till
795 1250 79 24 :proto-;

112 1279 67 22 kollet
189 1279 130 23 antecknadt
334 1283 32 18 att
381 1280 43 21 han
439 1280 33 22 för
487 1282 33 20 sin
534 1281 36 21 del
584 1280 49 22 icke
647 1281 71 21 kunde
734 1281 60 22 finna
804 1285 70 18 annat:

112 1314 27 20 än
154 1317 32 19 att
201 1314 42 22 den
259 1315 7 21 i
283 1314 79 28 nådiga
377 1314 154 29 förordningen
546 1315 43 21 den
603 1322 14 21 9
632 1316 115 21 december
764 1316 53 27 1867
833 1319 36 19 :an-

111 1348 85 28 gäende
210 1348 109 28 styrelsen
332 1348 42 22 och
389 1348 159 29 förvaltningen
563 1350 25 21 af
599 1350 101 22 Finlands
711 1350 61 21 Bank
782 1352 87 26 intagna

111 1382 141 28 bestämning,
267 1386 32 18 att
314 1382 37 22 vid
366 1382 74 28 hvarje
450 1383 106 28 landtdag
567 1384 54 21 skall
630 1384 66 27 väljas
708 1384 48 27 fyra
766 1384 103 22 bankfull-

110 1416 102 28 mäktige,
227 1416 87 22 förfallit
329 1417 43 21 och
387 1417 32 22 till
433 1419 33 20 sin
481 1418 101 28 giltighet
596 1418 96 28 upphört
706 1426 80 20 genom
800 1418 26 22 68
839 1419 30 27 Si

109 1451 254 27 Landtdagsordningen,
373 1451 67 28 enligt
446 1452 65 22 hvars
517 1448 134 52 bokstafiiga.
652 1453 92 21 innehåll
748 1452 121 23 Ständerna

178 1490 144 20 Bankutskottets
333 1490 112 20 betänkande
457 1492 38 18 N:o
507 1492 16 18 1.
