1103 1700
772 131 26 21 37

146 188 152 27 Fullmäktiges
314 188 134 21 föreskrifter
463 188 108 26 angående
584 188 97 21 Bankens
690 188 91 21 embets-
789 188 39 21 och

77 224 137 26 tjenstemäns
229 222 195 27 semesterledighet
439 222 49 27 ingå
502 222 6 21 i
524 222 88 22 brefven
623 222 32 21 till
665 222 163 22 Bankdirektio-

78 263 40 15 nen
140 256 33 22 för
195 257 40 21 den
255 257 27 21 26
301 257 42 27 Maj
364 257 61 25 1891,
444 256 40 22 den
502 257 25 21 12
546 256 42 28 Maj
604 256 40 22 och
660 256 25 22 18
705 257 51 21 Juni
772 256 54 22 1892

72 293 60 20 samt
147 291 40 21 den
204 292 26 20 13
246 291 42 27 Maj
306 291 61 21 1893.

423 371 11 27 s
450 372 34 20 23.

146 428 46 21 Den
214 429 27 21 26
256 428 50 22 Juni
326 428 55 22 1893
400 428 104 28 beviljade
522 428 196 27 Bankfullmäktige
732 428 95 28 tjenstle-

77 462 72 28 dighet
164 462 22 22 åt
200 462 223 22 Bankkommissarien
438 463 35 21 vid
488 463 100 21 kontoret
606 464 3 20 i
620 463 142 21 Tammerfors
778 462 48 22 Carl

78 497 122 27 Holmberg,
222 503 45 15 som
290 497 117 21 emellertid
429 497 39 21 hos
490 497 119 27 Kejserliga
627 497 92 22 Senaten
739 497 88 22 anhållit

78 538 33 15 om
127 532 37 21 sitt
178 532 148 26 entledigande
348 531 47 22 från
417 532 99 26 tjensten,
535 532 86 21 hvartill
637 532 91 21 Senaten
745 532 40 21 den
801 532 27 21 12

78 566 131 27 derpåföljde
230 566 43 21 Juli
296 566 67 21 biföll.
394 566 42 21 Det
454 566 23 21 af
490 566 195 22 Bankdirektionen
700 566 128 27 upprättade

78 601 145 26 underdåniga
245 600 80 28 förslag
346 601 33 21 till
401 601 103 26 tjenstens
527 601 174 21 återbesättande
723 603 80 25 upptog
821 601 6 20 i

77 635 67 22 första
161 637 90 20 rummet
270 635 163 22 tillförordnade
451 635 76 28 Tredje
545 635 141 22 Kamreraren
705 635 7 21 i
727 635 100 22 Finlands

77 670 61 21 Bank
153 670 71 21 Andre
241 670 106 21 Kassören
363 669 48 22 Carl
426 670 81 22 Robert
522 670 102 27 Ignatius,
639 671 7 20 i
661 670 67 21 andra
736 672 90 19 rummet

78 704 161 21 tillförordnade
254 704 222 21 Bankkommissarien
490 705 36 20 vid
540 705 101 21 kontoret
655 705 7 20 i
678 704 70 21 Kotka
760 699 64 26 Äldre

77 739 141 21 Bokhållaren
234 739 7 20 i
256 739 93 26 Banken,
363 739 100 21 Filosofie
478 739 96 22 Doktorn
590 739 56 21 Emil
661 739 48 21 Ivar
724 738 102 26 Grönvik,

78 774 55 20 samt
154 773 7 21 i
183 773 67 27 tredje
270 775 91 20 rummet
376 774 107 21 Kassören
498 774 35 21 vid
551 773 101 22 kontoret
667 774 6 20 i
689 773 139 27 Björneborg,

80 807 241 27 Vicehäradshöfdingen
337 807 53 22 Axel
405 807 87 22 Gabriel
507 808 112 27 Bergbom.
642 807 29 22 Af
684 807 97 22 bemälde
796 809 32 19 sö-

79 842 69 21 kande
170 841 113 22 förordade
305 842 195 28 Bankfullmäktige
522 843 31 21 uti
571 842 132 27 underdånig
718 841 111 22 skrifvelse

79 876 32 21 för
129 876 41 21 den
192 877 26 21 27
239 876 124 27 September
383 877 54 22 1893
454 877 33 21 till
501 877 104 27 tjenstens
621 876 122 21 erhållande
758 875 71 22 Andre

79 911 105 21 Kassören
207 911 100 28 Ignatius,
325 917 46 15 som
387 911 78 26 jemväl
484 911 41 21 den
544 912 27 21 24
586 911 132 27 derpåföljde
734 909 94 23 Oktober

79 945 45 21 blef
143 945 102 21 utnämnd
260 945 33 21 till
316 945 205 22 bankkommissarie
536 945 36 22 vid
586 945 100 22 kontoret
700 945 7 21 i
723 945 105 21 Tammer-

79 979 49 21 fors.
158 979 72 21 Under
251 979 138 22 förenämnda
411 980 94 27 ledighet
526 980 39 21 och
584 980 61 21 äfven
665 979 91 22 derefter
773 978 55 22 intill

79 1013 105 28 utgången
200 1014 22 21 af
235 1014 120 21 November
370 1014 77 22 månad
464 1015 61 26 1893,
545 1015 27 20 då
589 1014 160 27 ifrågavarande
764 1013 64 27 tjenst

79 1047 23 22 af
123 1048 94 26 Ignatius
239 1049 126 25 tillträddes,
388 1049 39 21 har
449 1049 100 21 kontoret
571 1049 7 21 i
596 1048 148 26 Tammerfors,
763 1047 65 28 enligt

79 1082 117 27 Kejserliga
215 1083 102 21 Senatens
337 1083 39 22 och
395 1083 205 27 Bankfullmäktiges
616 1083 72 21 derom
705 1082 123 22 meddelade

79 1116 162 28 förordnanden,
263 1117 110 22 föreståtts
395 1117 24 22 af
441 1117 199 28 tjenstförrättande
664 1117 106 22 Kassören
795 1116 34 22 vid

79 1156 79 16 samma
172 1151 77 21 kontor
264 1152 71 21 Bertel
349 1152 88 21 Emerik
456 1152 116 26 Sundgren.

147 1185 166 27 Tjenstledighet
327 1186 67 21 under
409 1192 26 15 en
450 1186 78 22 månad
542 1186 33 21 för
590 1186 115 27 sjuklighet
720 1185 45 27 har,
780 1185 48 21 med

79 1219 204 27 Bankfullmäktiges
310 1220 71 22 dertill
406 1221 98 21 lemnade
528 1220 134 28 begifvande,
686 1219 96 27 ätnjutits
807 1218 22 22 af

78 1254 166 22 nedanbemälde
259 1254 247 22 kontorsföreståndare:

146 1288 23 22 år
185 1289 64 21 1891:
269 1288 22 22 af
308 1291 15 19 t.
339 1289 14 21 f.
368 1289 223 22 Bankkommissarien
607 1289 36 22 vid
657 1289 99 21 kontoret
771 1288 7 21 i
792 1288 36 27 Jy-

77 1322 88 28 väskylä
180 1324 24 20 A.
220 1323 23 21 L.
259 1324 89 26 Nyman,
364 1323 224 22 Bankkommissarien
606 1324 35 21 vid
656 1324 100 20 kontoret
770 1322 6 22 i
791 1322 37 22 Jo-

78 1362 66 16 ensuu
159 1357 52 21 Karl
225 1352 107 27 Äkerman
349 1359 54 20 samt
421 1358 222 22 Bankkommissarien
658 1358 35 21 vid
708 1357 98 21 kontoret
821 1357 7 20 i

79 1390 86 28 Wiborg
180 1391 23 22 C.
219 1392 24 21 G.
259 1392 113 26 Ramst6n;
387 1392 24 21 år
428 1392 64 22 1892:
516 1392 24 22 af
556 1392 222 22 Bankkommissarien
792 1390 35 22 vid

77 1426 98 21 kontoret
196 1426 7 21 i
223 1426 83 27 Kuopio
325 1427 24 21 B.
371 1427 24 21 A.
414 1426 74 27 Niska,
508 1429 55 19 samt
583 1427 65 21 1893:
667 1426 24 22 af
708 1426 120 22 Bankkom-

856 428 103 18 Bankkom-

858 451 97 18 missarie-

856 475 102 23 tjensterna.
