1103 1700
315 127 33 23 för
363 127 251 19 Alexandersmonumentet.
821 127 22 19 11

157 196 61 26 Ännu
240 200 133 22 förestående
395 200 87 28 utgifter
505 203 43 24 äro,
572 202 58 20 utom
655 200 191 27 aftäckningskost-

87 235 104 21 naderna:

87 270 24 20 åt
133 270 122 26 skulptören
275 269 33 21 för
327 276 94 20 gruppen
447 270 115 26 ,Arbetet*,
583 269 66 21 inber.
667 269 40 21 den

157 304 142 26 provisoriska
314 304 142 26 gipsgruppen.
484 321 6 4 .
510 321 2 3 .
530 320 4 4 .
552 321 24 4 ..
726 305 83 23 36,500:
818 316 28 3 —

95 356 8 10 »
124 339 142 26 aktiebolaget
283 338 84 22 Granit:

157 373 12 21 å
184 373 122 21 kontraktet
316 373 33 21 för
360 375 143 19 monumentet
519 390 4 4 .
542 390 4 4 .
563 390 3 4 .
587 374 119 25 21,000:
691 369 18 34 —

157 424 9 10 =
232 406 14 33 n”
329 424 8 10 »
361 409 208 20 terrassen.....
602 409 104 22 2,850:
690 405 16 37 —
726 414 119 24 23,850:
829 405 19 37 —

94 464 10 11 »
125 447 92 27 Högfors
232 448 122 21 mekaniska
369 448 100 22 värkstad
488 464 218 4 ...........
726 448 120 26 11,250:
832 444 19 35 —

95 499 9 10 »
125 482 117 21 Gasvärket
257 482 33 21 för
305 482 122 27 gasledning
442 489 26 14 m.
483 489 19 14 m.
532 498 24 5 ..
574 499 4 4 .
596 499 111 4 ......
740 484 70 24 1,000:
820 494 25 2 —

95 533 10 10 »
125 516 69 28 lyktor
209 516 32 21 till
257 516 166 22 kandelabrarne
445 532 261 5 «ss.
762 518 84 20 900:
830 513 18 36 —

95 568 9 10 »
125 551 118 21 arkitekten.
253 567 452 6 ln
741 553 105 24 1,100:
831 547 18 35 —

87 586 83 21 (IVETSE:
189 602 4 5 a
211 603 3 4 4
224 582 11 36 om
253 603 4 4 a
275 603 3 4 X
287 582 12 36 je
312 582 9 36 de
338 582 57 36 naisi
413 582 35 36 soi
488 603 47 4 BIR
552 582 47 36 Kasa
617 603 46 4 RR
681 603 25 3 AR
740 587 69 23 1,600:
818 598 28 3 —

726 627 119 24 76,200:
831 616 18 41 —

88 655 61 26 Ännu
166 661 117 26 disponibla
298 661 67 21 medel
381 661 71 27 uppgå
466 661 32 21 till.
510 677 196 4 .........
726 661 83 26 35,426:
819 661 26 20 45

89 695 86 21 hvarför
190 695 149 27 Delegationen
355 695 32 22 får
403 696 109 21 vördsamt
528 695 110 21 hemställa
653 697 30 19 att

261 752 127 22 Ständerna
398 753 48 20 ville
457 752 64 22 anslå
532 752 36 22 och
578 752 33 21 till
623 752 167 28 Delegationens
802 752 44 27 för-

191 787 94 27 fogande
299 787 64 21 ställa
379 794 26 14 en
421 794 86 14 summa
523 787 28 27 af
562 787 87 23 41,000
663 786 69 22 mark,
753 793 44 14 som
815 793 31 14 er-

191 821 89 27 fordras
298 821 36 27 för
353 821 129 22 betäckande
502 821 28 27 af
547 820 135 22 återstående
701 821 93 27 utgifter
810 821 36 26 för

192 856 137 26 uppresande
352 856 28 27 af
402 856 113 21 ärestoden
540 855 24 22 ät
588 855 257 28 Kejsaren-Storfursten

192 889 125 22 Alexander
332 890 34 21 II.

407 943 10 10 *
517 942 10 12 *

462 958 10 11 x

157 993 30 22 Af
200 993 118 22 Ständerna
332 994 35 21 vid
384 996 52 19 1891
454 994 36 21 års
506 993 100 27 landtdag
619 994 66 21 erhöll
696 993 150 27 Delegationen

88 1029 7 20 i
110 1029 97 26 uppdrag
221 1031 37 22 att,
275 1029 6 20 i
297 1029 83 21 samräd
399 1029 47 21 med
464 1029 158 21 ständerhusets
638 1028 98 26 arkitekt,
760 1027 87 28 inbjuda

88 1062 83 21 landets
186 1063 95 26 samtlige
297 1063 137 27 bildhuggare
450 1063 32 21 till
498 1063 76 21 allmän
595 1063 64 21 täflan
677 1069 34 14 om
735 1062 111 21 utförande

88 1097 23 21 af
125 1099 31 19 ett
171 1097 148 26 skulpturvärk
334 1097 33 22 för
383 1097 153 27 dekoreringen
552 1097 23 20 af
589 1096 175 28 tympanonfältet
780 1097 6 20 i
802 1096 45 27 gaf-

87 1131 48 21 veln
158 1131 58 22 öfver
231 1131 158 23 ständerhusets
404 1132 86 27 peristy!
512 1134 44 19 mot
579 1131 148 27 Nikolaigatan
746 1133 54 19 samt
815 1130 31 22 till

86 1166 246 21 nästsammanträdande
351 1166 90 22 Ständer
456 1167 107 21 inkomma
578 1166 48 21 med
641 1165 79 27 förslag
738 1165 31 21 till
787 1165 59 21 arbe-

87 1202 41 19 tets
143 1200 116 26 utförande,
276 1200 116 28 hvarjemte
415 1200 119 22 Ständerna
550 1200 130 26 berättigade
695 1200 151 26 Delegationen

87 1236 31 19 att
129 1234 69 22 såsom
211 1234 43 27 pris
265 1235 34 21 vid
310 1235 68 21 denna
388 1234 66 22 täflan
467 1235 97 21 använda
575 1234 54 21 ända
639 1234 32 21 till
683 1235 62 25 5,000
758 1234 59 21 mark
826 1233 22 21 af

86 1268 147 28 behällningen
248 1269 13 21 &
276 1269 204 27 byggnadsanslaget
495 1269 33 21 för
543 1268 154 22 ständerhuset.

155 1303 41 21 Till
211 1303 131 27 fullgörande
357 1303 24 21 af
394 1304 58 20 detta
464 1304 96 26 uppdrag
574 1302 110 22 utfärdade
696 1302 150 27 Delegationen

87 1337 41 21 den
144 1339 25 19 13
185 1344 56 15 mars
258 1339 53 19 1892
328 1338 124 27 inbjudning
467 1338 33 20 till
515 1337 115 27 pristäflan,
642 1337 65 27 enligt
722 1337 84 21 hvilken
820 1337 26 21 de

86 1371 92 22 täflande
194 1372 100 21 arbetena
310 1372 71 26 borde,
398 1372 86 21 utförda
499 1372 6 20 i
522 1372 36 27 '/,,
574 1371 23 21 af
613 1372 40 20 den
672 1372 105 26 naturliga
793 1374 53 18 stor-

86 1405 68 27 leken,
175 1406 102 22 inlämnas
297 1408 70 20 senast
382 1406 40 21 den
440 1408 9 19 1
468 1412 57 16 mars
546 1407 60 24 1893,
628 1406 38 21 och
685 1406 67 21 skulle
768 1406 22 21 ät
806 1406 40 21 den

86 1440 61 21 bästa
163 1440 63 22 bland
241 1440 25 22 de
283 1441 97 25 eskisser,
397 1447 45 15 som
458 1440 90 27 ansäges
563 1440 24 22 sä
602 1440 157 27 förtjänstfulla,
776 1442 32 19 att
820 1440 25 21 de

85 1474 70 22 kunde
169 1474 72 27 läggas
257 1475 32 21 till
305 1475 67 27 grund
388 1474 33 22 för
437 1474 129 26 utförandet,
582 1474 137 21 tillerkännas
735 1476 30 19 ett
780 1474 67 21 första
