1103 1700
249 107 40 21 176
592 106 21 22 H

222 174 63 22 fande
309 182 26 14 en
351 176 34 21 del
401 175 23 21 af
437 181 83 15 samma
542 175 60 25 gods,
627 175 93 21 änskönt
735 174 151 22 förstnämnda
902 175 82 25 förbry-

221 209 57 21 telse
292 209 176 27 begreppsenligt
482 209 94 21 uteslöte
592 209 134 21 sistnämnda
741 209 67 26 brott,
825 211 56 19 samt
897 211 32 20 att
939 208 45 22 mä-

222 244 155 21 laremästaren
393 244 19 22 J.
428 244 57 21 varit
508 243 101 22 förfallen
633 246 33 19 att
689 244 52 21 böta
764 243 77 21 endast
859 243 33 21 för
907 244 78 21 handel

223 278 49 21 med
288 278 113 21 misstänkt
415 284 87 21 person,
522 278 57 22 helst
595 278 40 21 den
656 278 54 21 efter
726 278 118 26 nästsagda
858 277 126 28 förbrytelse

223 312 114 22 tillkomna
359 312 161 28 omständighet
542 314 33 20 att
591 312 20 22 J.
627 312 42 22 fått
691 312 92 26 vetskap
807 318 34 15 om
862 312 84 21 stölden
962 311 24 21 sä

223 347 86 26 mycket
332 347 83 21 mindre
437 347 72 21 kunde
532 346 104 22 förändra
657 348 132 20 karaktären
806 347 22 21 af
842 347 36 22 det
893 346 92 28 olagliga

223 381 67 27 köpet
306 381 7 21 i
328 381 56 21 hvad
408 381 36 22 det
467 382 91 26 anginge
580 381 150 27 ifrägakomna
749 382 28 26 1/,
792 382 104 26 kilogram
912 384 73 18 natur-

224 416 84 26 koppar
324 416 38 21 och
379 417 12 20 9
407 416 93 27 penslar,
516 422 46 15 som
577 416 21 21 J.
613 416 35 21 vid
664 416 187 27 undersökningen
867 416 7 21 i
885 416 52 21 hans
947 416 38 20 bo-

224 450 50 20 stad
291 456 34 15 om
341 450 84 21 stölden
446 450 54 22 först
516 450 140 22 framhemtat
668 451 81 27 jemväl
766 451 61 21 detta
842 450 59 27 gods,
917 450 67 20 ehuru

224 484 43 20 han
284 484 65 21 sedan
364 484 59 22 velat
438 486 100 26 ätertaga
554 485 76 27 godset
646 486 71 20 säsom
733 485 34 27 sig
778 485 112 27 tillhörigt,
901 484 40 22 och
951 490 34 21 yr-

224 518 58 21 kade
297 518 185 22 advokatfiskalen
498 520 49 20 med
563 519 100 22 afseende
679 518 55 22 härä
748 520 34 20 att
792 518 194 22 rädstufvurättens

225 552 131 23 ordförande
377 553 219 27 justitierädmannen
613 553 25 22 O.
656 554 39 21 och
719 554 122 21 ledamöter
854 553 132 28 justitieräd-

226 589 93 20 männen
341 588 23 21 B.
381 588 39 21 och
435 583 32 31 Ä.,
485 588 73 21 hvilka
573 588 93 27 bidragit
681 588 34 22 till
730 588 99 21 fattande
844 588 24 21 af
881 587 105 28 ifrägava-

225 622 68 21 rande
316 623 77 26 utslag,
417 624 67 20 mätte
506 622 34 21 för
563 623 114 21 anmärkta
696 623 29 21 fel
740 623 37 21 vid
794 623 192 21 domareembetets

226 656 100 27 utöfning
348 657 62 21 fällas
432 657 35 21 till
489 663 77 15 ansvar
581 658 7 20 i
603 657 97 27 förmägo
717 657 23 22 af
756 659 27 20 12
800 657 11 28 &
829 659 9 20 1
855 658 49 26 kap.
920 657 25 21 R.
960 657 25 22 B.

226 695 58 19 samt
308 693 103 26 derjemte
439 693 89 27 äläggas
552 695 34 19 att
608 695 134 25 gemensamt
768 693 106 26 godtgöra
897 691 90 22 mälare-

227 728 108 20 mästaren
350 727 21 21 J.
387 727 36 21 det
438 727 88 21 lidande
540 727 80 22 honom
636 727 109 21 äsamkats
762 726 171 27 derigenom,
901 722 36 36 att
944 726 43 21 han

227 761 85 21 ädömts
328 761 63 22 straff
403 761 71 22 säsom
491 761 33 22 för
540 762 56 21 stöld
613 761 71 22 första
699 761 91 27 gängen.

298 795 67 22 Mälet
382 795 108 28 afgjordes
505 796 24 21 af
542 795 109 23 hofrätten
674 802 77 21 genom
771 795 71 27 utslag
858 795 39 21 den
914 796 12 20 2
943 794 44 27 Maj

229 831 62 23 1892,
303 830 88 21 hvarvid
401 830 110 22 hofrätten
521 830 51 21 fann
587 830 65 27 nägot
667 830 76 21 sädant
754 830 100 27 felaktigt
864 829 123 22 förfarande

227 865 47 20 icke
291 866 76 19 stanna
381 864 216 27 justitieräämännen
612 864 65 27 O.,B.
693 865 39 21 och
749 859 26 27 Ä.
792 865 32 20 till
839 865 42 20 last
896 866 32 19 att
939 864 47 21 dem

228 899 73 21 derför
316 899 71 22 kunde
404 899 88 21 ädömas
507 905 77 16 ansvar
599 899 53 22 eller
669 899 260 27 ersättningsskyldighet,
947 899 40 21 och

228 933 103 27 pröfvade
349 933 109 22 hofrätten
474 934 56 27 förty
552 935 88 20 rättvist
655 933 99 22 förkasta
770 933 195 22 advokatfiskalens
981 933 6 21 i

228 968 67 21 saken
312 967 87 22 utförda
409 968 209 27 ansvarspästäende
626 969 91 21 likasom
726 967 62 23 äfven
800 967 188 22 mälaremästaren

228 1003 32 21 J:s
275 1003 231 27 ersättningsanspräk.

299 1037 65 22 Detta
379 1037 119 22 hofrättens
514 1037 71 27 utslag
601 1037 40 22 har
656 1037 40 22 fätt
713 1037 66 22 vinna
795 1037 49 27 laga
858 1036 65 22 kraft.

300 1174 37 22 Uti
353 1175 111 21 skrifvelse
480 1175 32 21 för
530 1176 41 21 den
587 1176 27 21 20
630 1176 98 21 Oktober
746 1176 54 20 1891
813 1174 92 22 anmälte
916 1180 73 21 guver-

230 1210 67 20 nören
321 1210 58 20 öfver
394 1210 26 20 N.
436 1210 36 20 län
488 1210 39 21 hos
542 1204 47 27 Äbo
604 1210 91 27 hofrätt,
712 1212 38 25 att,
775 1208 66 22 sedan
856 1210 133 26 guvernören

230 1244 28 26 pä
274 1244 69 26 grund
359 1244 23 21 af
395 1244 178 27 högvederbörlig
595 1244 119 26 befallning
736 1244 33 21 uti
786 1243 111 22 skrifvelse
913 1243 24 21 af
951 1242 40 22 den

230 1279 28 20 24
274 1278 191 28 nästförutgängne
484 1279 130 27 September,
632 1279 13 21 &
659 1279 86 21 hvilken
762 1277 113 22 skrifvelse
887 1277 34 21 till
931 1279 60 25 anty-

231 1313 72 21 dande
326 1312 62 22 deraf
408 1316 33 19 att
465 1314 125 20 densamma
612 1314 46 21 icke
681 1313 56 27 finge
752 1313 88 21 komma
855 1312 33 21 till
903 1312 88 21 allmän-

230 1347 78 21 hetens
331 1348 118 20 kännedom
474 1348 80 21 funnits
578 1348 134 21 antecknade
734 1348 69 20 orden
821 1346 52 26 ,sub
889 1346 102 26 secreto*,

230 1382 109 21 meddelat
345 1382 98 27 samtlige
450 1383 137 27 magistrater
596 1383 6 21 i
612 1376 51 38 länet
675 1384 30 19 ett
714 1380 183 28 förständigande,
903 1382 25 20 sä
936 1380 55 21 hade

231 1415 137 22 skrifvelsens
383 1416 95 22 innehäll
494 1417 119 21 emellertid
626 1416 70 22 säsom
708 1416 58 21 notis
778 1415 119 24 ätergifvits
911 1415 6 21 i
926 1414 67 25 nägra
