1103 1700
343 132 26 20 U.
385 131 24 21 B.
425 131 147 21 III-XXXI
782 132 27 20 43

81 200 75 22 Under
179 200 27 20 de
227 200 132 27 föregäende
374 204 32 17 tre
426 201 50 20 ären
494 200 99 27 utgjorde
608 200 125 21 medeltalet
749 200 87 26 543,661

81 234 60 21 mark
165 236 25 24 58
214 236 71 26 penni,
308 234 82 21 hvilket
413 242 66 19 anger
500 242 26 13 en
548 234 81 27 ökning
651 236 5 19 i
679 234 125 21 medeltalet
820 234 24 20 af

82 268 213 27 nettobehällningen
311 269 50 20 med
380 274 90 21 173,000
484 267 60 22 mark
562 273 24 21 52
603 270 70 25 penni.

150 303 81 20 Härvid
248 303 23 20 är
285 306 32 18 att
333 303 80 24 märka,
424 306 32 17 att
468 303 78 19 medan
555 302 149 28 behållningen
714 303 80 26 årligen
803 302 37 20 be-

81 337 80 27 tydligt
183 340 94 24 stegrats
305 337 46 21 frän
377 338 52 25 1887
448 337 31 21 till
502 336 42 21 och
562 337 50 20 med
628 338 22 19 är
669 338 59 25 1891,
745 337 38 20 har
798 337 42 21 den

81 372 66 20 under
163 372 22 20 är
204 372 51 26 1892
272 372 91 26 nedgätt
378 372 50 20 med
442 372 52 20 nära
510 372 125 20 nittiotusen
650 371 66 21 mark.

151 434 148 26 Bevillningen
309 434 44 26 för
367 434 62 20 tobak
444 433 115 27 upphörde
574 434 50 20 med
640 434 22 20 är
680 434 50 26 1891
750 434 42 20 och
804 434 38 20 har

83 468 81 27 utgjort
179 468 66 20 under
261 469 50 19 ären
329 469 136 25 1890—1891

349 527 102 36 Inkomst.
522 527 80 36 Utgift.
687 531 133 27 Behällning.

200 566 22 20 är
241 566 52 26 1890
326 566 117 26 1,467,998:
459 566 34 20 60.
520 565 80 26 14,716:
617 570 33 21 75.
676 566 115 25 1,453,281:
807 565 33 26 85.

205 615 11 10 »
239 601 49 25 1891
328 600 116 26 1,403,364:
462 605 32 21 57.
520 601 80 25 14,078:
618 604 32 21 51.
675 604 117 21 1,400,415:
808 599 34 26 98.

83 634 68 21 under
162 635 51 25 1892
222 634 95 20 inbetald
338 630 13 35 —
364 640 80 20 11,129:
460 640 34 20 92.

217 674 88 21 Summa
321 675 120 26 2,882,493:
456 680 34 21 09.
514 675 84 25 28,795:
615 673 33 21 26.
671 673 120 26 2,853,697:
808 673 33 26 83.

83 710 7 19 i
109 709 101 20 medeltal
228 709 81 26 ärligen
327 709 117 25 1,441,246:
462 713 32 22 55.
520 713 81 22 14,397:
617 708 34 26 63.
676 707 117 26 1,426,848:
808 713 34 20 92.

84 771 75 21 Under
181 772 50 20 åren
250 772 139 25 1887——1889
409 771 100 27 utgjorde
530 771 66 27 ärliga
623 770 221 27 medelbehällningen

88 805 117 27 1,360,935:
220 811 34 21 09.

154 863 242 26 Näringsbeviliningen
424 863 37 20 har
487 863 83 26 inbragt
596 864 6 18 i
635 861 102 21 medeltal
762 861 83 26 årligen

85 903 84 20 44,433:
187 903 25 20 33
228 901 59 16 emot
304 902 82 21 37,120:
395 897 27 26 67
431 897 60 20 mark
507 897 67 20 under
590 897 130 26 föregående
736 897 108 23 trienniet;

85 931 141 26 bevillningen
243 932 44 26 för
309 931 95 27 spelkort
426 932 74 25 15,184
525 931 60 20 mark
610 935 46 16 mot
685 935 74 21 14,053
784 929 62 21 mark

88 972 27 15 20
131 968 64 25 penni
211 967 66 20 under
290 967 131 26 föregäende
437 966 151 27 treärsperiod.

155 1029 74 20 Ränta
253 1029 37 20 och
311 1029 50 27 agio
385 1030 28 26 pä
429 1029 143 27 obligationer
587 1029 42 20 och
645 1029 148 26 depositioner
808 1027 38 20 har

88 1064 93 26 uppgätt
203 1063 31 21 till
258 1067 31 17 ett
312 1063 63 27 ärligt
396 1063 102 21 medeltal
519 1063 25 20 af
556 1068 90 21 230,723
662 1062 61 21 mark
738 1067 23 21 91
780 1063 65 26 penni

85 1101 46 17 mot
154 1098 76 20 endast
250 1103 77 21 44,322
351 1098 59 20 mark
427 1097 27 21 86
469 1099 65 25 penni
549 1097 66 20 under
631 1098 50 19 åren
699 1096 145 25 1888—1889.

156 1482 131 15 Statsulskottets
300 1481 104 15 betänkande
416 1481 34 15 N:o
462 1485 18 15 3.
