1103 1700
263 151 13 19 4
492 148 29 23 U.
537 148 29 23 B.
581 162 27 2 —
624 148 106 23 XXXII.

235 218 42 27 äga
287 218 55 26 välja
354 216 133 29 fullmäktige
497 216 33 23 till
540 217 44 22 lika
595 218 59 21 antal
664 218 33 21 för
704 218 73 27 hvarje
784 218 70 26 stånd,
864 221 50 19 utan
922 219 71 27 någon

234 252 145 27 begränsning
400 252 25 21 af
443 252 92 26 antalet;
558 252 43 21 och
616 252 79 22 trodde
710 253 144 27 prokuratorn
868 253 125 27 ytterligare

234 286 51 22 stöd
301 286 32 21 för
349 286 70 21 denna
434 287 56 27 äsigt
506 286 113 21 förefinnas
638 287 46 21 deri
699 290 33 18 att
747 287 75 27 frägan
838 294 36 14 om
888 287 103 21 bankfull-

234 320 107 28 mäktiges
357 321 58 21 antal
429 320 47 22 icke
492 320 144 22 förekommer
651 322 30 20 uti
696 322 72 27 nägon
784 322 54 21 efter
854 322 137 26 Landtdags-

234 355 131 27 ordningens
387 355 127 21 utfärdande
536 356 153 27 promulgerad
704 356 132 27 förordning,
860 356 131 27 reglemente

234 389 52 21 eller
307 389 133 21 instruktion,
470 390 30 20 På
522 390 68 27 grund
612 390 66 20 häraf
697 390 67 26 ansåg
786 390 143 27 prokuratorn
949 390 42 20 den

234 425 21 19 at
271 424 120 27 Kejserliga
407 424 105 21 Senatens
524 424 109 27 pluralitet
646 424 120 21 omfattade
776 424 146 27 underdäniga
932 424 58 21 hem-

234 458 83 25 ställan,
333 458 71 21 sävidt
417 459 66 26 angär
493 458 146 21 bekräftelsen
650 458 23 21 af
681 458 128 21 ständernas
819 458 70 21 beslut
899 458 91 22 rörande

233 492 204 27 bankfullmäktiges
458 492 64 25 antal,
546 492 104 21 innefatta
671 492 81 27 förslag
770 492 32 21 till
816 492 173 28 inskränkning
976 488 15 36 i

233 526 42 21 den
298 526 116 21 ständerna
435 528 7 19 i
464 526 106 28 grundlag
590 526 128 21 tillerkända
738 526 140 22 oinskränkta
900 527 43 21 rätt
957 530 32 18 att

232 564 49 18 utse
296 560 190 28 bankfullmäktige
501 560 32 22 till
548 560 38 22 det
600 560 65 26 antal,
681 560 43 22 lika
739 560 33 22 för
787 560 73 28 hvarje
876 561 69 26 ständ,
961 561 28 22 de

233 595 33 21 för
281 595 55 28 godt
351 595 62 21 finna.

301 629 72 22 Sedan
395 629 131 22 Ständernas
548 629 145 28 underdäniga
709 629 99 21 anhällan
820 629 68 27 jämte
903 629 85 27 Kejser-

231 664 43 27 liga
289 664 106 21 Senatens
411 663 109 22 utlätande
535 663 69 22 blifvit
619 663 32 22 till
665 664 61 20 Hans
740 663 122 28 Kejserliga
875 664 112 27 Majestäts

231 701 52 24 eget
298 698 78 27 nädiga
391 698 118 27 afgörande
524 698 128 25 hemstälda,
669 697 139 22 meddelades
824 705 79 20 genom
913 698 75 27 nädigt

231 733 48 20 bref
293 733 25 20 af
329 733 42 20 den
387 737 12 22 7
415 739 56 14 mars
489 733 52 26 1892
562 731 191 28 bankfullmäktige
772 732 32 21 till
818 732 123 21 kännedom
956 736 31 18 att

231 767 60 20 Hans
307 767 109 26 Majestät,
439 767 36 20 vid
490 767 70 20 skedd
575 767 133 26 underdänig
723 767 153 27 föredragning
891 767 24 20 af
927 767 60 21 ären-

231 801 44 25 det,
291 801 51 21 med
357 801 103 21 afseende
476 801 57 25 derä,
557 804 33 18 att
604 800 13 29 8
632 807 15 20 4
661 802 7 19 i
682 801 79 27 nådiga
777 801 152 27 förordningen
944 801 42 21 den

229 842 15 20 9
259 835 116 22 december
392 835 52 27 1867
460 835 113 27 angäende
587 835 102 21 Finlands
702 834 61 22 Bank
773 835 144 27 uttryckligen
928 835 58 22 stad-

229 869 58 27 gade
302 873 32 18 att
349 869 81 21 antalet
444 869 192 27 bankfullmäktige
651 869 54 21 skall
720 869 77 27 utgöra
812 869 47 27 fyra
873 869 41 21 och
925 869 60 22 detta

229 904 83 27 lagrum
329 903 48 22 icke
392 911 52 13 vore
460 903 91 22 ändradt
566 911 80 20 genom
661 904 72 27 nägon
747 910 71 14 annan
833 903 152 28 lagstiftnings-

228 938 38 21 akt
281 938 26 21 af
318 945 81 14 samma
414 937 56 22 kraft
481 938 112 21 äfvensom
604 941 32 18 att
647 937 121 22 Ständerna
778 937 48 22 icke
837 937 56 22 hade
903 937 82 22 inkom-

228 973 39 20 mit
282 972 50 21 med
348 972 132 27 underdänig
495 972 154 27 framställning
663 972 113 27 angäende
794 972 155 27 upphäfvande
963 972 26 20 af

228 1007 126 20 förberörda
377 1007 130 27 förordning,
530 1006 48 21 icke
600 1007 58 21 velat
675 1006 72 21 bifalla
762 1006 133 21 Ständernas
911 1006 73 21 ofvan-

228 1041 91 21 anförda
334 1041 146 27 underdäniga
495 1041 105 21 anhällan.

294 1214 52 21 Med
367 1214 102 20 afseende
482 1209 12 36 ä
515 1214 28 20 de
558 1213 135 26 tvifvelsmäl,
709 1221 47 14 som
772 1214 25 21 af
808 1213 121 27 Kejserliga
945 1214 37 21 Se-

224 1251 65 18 naten
308 1248 87 21 uttalats
410 1248 135 21 beträffande
560 1247 130 22 Ständernas
705 1248 135 27 befogenhet
854 1251 32 18 att
901 1248 37 21 vid
950 1256 33 13 se-

223 1285 63 18 naste
305 1282 103 27 landtdag
427 1285 47 18 utse
492 1281 191 29 bankfullmäktige
698 1282 32 22 till
744 1286 66 18 annat
826 1282 57 21 antal
898 1282 27 21 än
940 1288 14 20 4
969 1283 13 27 8

223 1316 26 21 af
267 1317 79 27 nädiga
369 1316 151 27 förordningen
542 1316 24 21 af
578 1317 42 21 den
638 1323 14 20 9
667 1317 115 21 december
800 1316 54 27 1867
870 1316 111 28 angäende

222 1351 108 27 styrelsen
351 1350 42 21 och
408 1350 156 28 förvaltningen
579 1350 25 22 af
614 1350 102 22 Finlands
732 1350 62 22 Bank
808 1350 95 28 stadgar,
920 1350 61 22 utber

222 1386 33 26 sig
270 1385 108 21 utskottet
393 1385 20 21 få
428 1385 70 21 lemna
512 1385 162 21 nedanstående
689 1385 141 27 redogörelse
846 1385 33 21 för
888 1385 92 21 tillkom-

221 1423 55 20 sten,
289 1420 132 20 innebörden
434 1419 41 21 och
487 1419 162 29 tillämpningen
660 1420 25 21 af
691 1420 81 21 härtills
784 1420 130 20 emanerade
922 1420 58 20 stad-

220 1454 87 27 ganden
321 1453 120 22 berörande
456 1453 61 22 detta
532 1454 68 21 ämne.

289 1493 144 18 Bankutskottets
444 1493 110 18 betänkande
567 1493 38 18 N:o
617 1494 16 17 1.
