1103 1700
342 63 30 23 U.
388 63 27 22 B.
433 76 27 3 —
476 62 106 24 XXXII.

360 371 266 23 Bankutskottets
653 372 121 28 förslag
800 372 42 23 till

291 406 239 28 sammanjämkning
548 406 28 22 af
588 406 116 23 ständens
720 407 68 22 olika
803 408 38 21 be-

290 440 51 22 slut
363 440 107 22 rörande
493 441 13 24 8
529 440 29 22 74
573 440 10 22 i
598 440 42 22 det
656 440 27 22 af
695 440 123 24 utskottet
833 442 9 22 i

291 474 54 22 dess
367 474 155 22 betänkande
544 474 46 23 N:o
606 474 14 23 2
636 474 41 23 till
692 474 149 24 Ständernas

291 508 151 28 behandling
464 508 184 23 öfrerlemnade
665 508 120 29 förslaget
800 510 41 22 till

291 543 57 28 nytt
363 542 151 28 reglemente
531 542 41 24 för
587 542 118 24 Finlands
721 543 77 23 Bank.

153 619 32 24 Af
223 618 116 25 utskottet
377 618 210 25 tillhandakomna
622 619 219 34 protokollsutdrag

84 655 109 31 framgår
211 656 36 21 att
264 653 101 24 stånden
384 652 145 25 beträffande
549 654 13 29 $
583 654 33 23 74
634 654 7 23 i
654 654 128 25 utskottets
792 655 48 24 för-

84 689 55 32 slag
157 688 40 24 till
214 687 144 32 reglemente
376 687 37 24 för
431 687 117 25 Finlands
567 687 72 25 Bank
657 691 99 22 stannat
774 689 6 24 i
787 689 52 24 föl-

82 723 71 32 jande
171 722 84 25 beslut.

153 774 167 31 Ridderskapet
347 773 41 24 och
408 773 74 24 Adeln
501 774 45 23 har
563 774 106 32 godkänt
688 775 13 30 $
721 775 121 24 eventuelt

85 811 64 23 samt
175 809 112 24 anmodat
313 808 116 24 utskottet
456 810 35 22 att
518 808 123 25 inkomma
664 809 52 24 med
735 809 107 25 särskild

84 843 185 32 framställning
293 850 37 17 om
348 842 109 24 definitiv
476 842 91 31 lydelse
585 843 37 24 för
640 843 76 32 sagda
735 845 13 29 $
768 844 73 24 sedan

84 878 131 32 utredning
241 877 112 24 erhällits
375 877 123 32 angäende
519 877 71 24 Hans
617 877 127 32 Majestäts
763 878 79 25 beslut

83 913 9 23 i
111 912 132 32 anledning
261 911 26 25 af
305 911 147 25 Ständernas
471 911 165 32 underdäniga
657 912 185 33 framställning

84 954 38 17 om
134 946 171 32 upphäfvande
319 946 24 24 af
362 947 14 29 $
395 946 16 23 4
429 946 9 23 i
458 945 89 32 nådiga
564 946 170 32 förordningen
753 947 26 24 af
796 947 45 24 den

85 981 15 24 9
127 981 120 24 december
267 981 65 24 1867
352 980 123 32 angäende
494 980 120 31 styrelsen
633 981 43 24 och
693 981 146 24 förvaltnin-

83 1023 46 25 gen
148 1015 25 24 af
191 1015 117 24 Finlands
327 1015 77 24 Bank.

151 1054 171 25 Presteständet
348 1055 46 24 har
421 1055 185 24 äterremitterat
630 1056 14 29 $
668 1055 39 24 till
725 1056 115 24 utskottet

83 1090 36 24 för
138 1092 35 22 att
191 1089 181 25 omformuleras
391 1089 8 24 i
418 1089 38 24 det
475 1089 63 31 syfte
557 1091 35 22 att
604 1097 85 24 genom
702 1090 138 25 densamma

83 1125 38 24 det
148 1133 33 15 nu
208 1124 113 32 gällande
347 1124 155 32 reglementet
530 1124 25 24 af
582 1125 28 23 är
640 1125 65 25 1878
723 1125 71 31 jemte
812 1125 27 24 de

81 1159 89 32 tillägg
189 1159 43 24 och
249 1159 170 31 förändringar
437 1158 8 24 i
464 1159 64 23 detta
546 1159 143 32 reglemente
702 1167 50 17 som
766 1160 73 24 sedan

82 1194 53 24 dess
163 1194 119 24 utfärdats
310 1193 80 25 skulle
416 1193 144 32 upphäfvas.
596 1192 66 26 Sista
683 1194 156 32 meningen
823 1188 19 43 i

83 1229 14 29 8
116 1228 69 24 borde
203 1228 142 24 oförändrad
363 1229 105 30 gvarstä.

150 1278 197 34 Borgareständet
363 1279 46 24 har
427 1279 107 33 godkänt
552 1280 14 30 $
586 1279 146 25 oförändrad.

149 1330 171 25 Bondeståndet
338 1331 46 24 har
402 1331 184 24 återremitterat
606 1332 13 29 $
638 1330 40 25 till
695 1330 116 25 utskottet
830 1332 8 22 i

82 1372 93 17 samma
194 1366 63 30 syfte
276 1373 50 17 som
344 1365 179 32 presteståndet.

149 1409 144 18 Bankutskottets
305 1410 111 17 betänkande
429 1411 37 16 N:o
478 1410 18 17 2.
