1103 1700
265 114 40 20 164
608 116 22 20 HI

236 182 95 22 varande
349 182 39 22 fall
403 184 36 20 egt
454 188 56 22 rum,
527 183 39 22 och
582 184 26 21 de

236 217 47 26 tyrs
299 216 64 22 deraf
375 216 105 28 uppstätt.

308 250 50 22 Som
381 251 121 22 emellertid
525 251 80 28 nådiga
624 252 154 28 förordningen
795 253 40 21 den
853 255 13 20 4
881 254 122 22 November

239 286 55 21 1836
317 285 145 28 föreskrifver,
480 288 38 25 att,
535 286 27 22 dä
581 292 145 22 mansperson,
746 287 144 22 bekännande
905 288 96 28 grekisk-

238 320 65 27 ryska
327 320 68 27 läran,
421 320 36 21 vill
481 320 51 27 ingå
554 320 120 28 äktenskap
698 322 49 20 med
771 322 85 26 gvinna,
872 322 130 22 tillhörande

238 354 231 27 evangelisk-luthersk
492 354 130 28 församling,
646 358 86 24 presten
747 356 7 21 i
771 356 41 21 den
832 357 109 21 lutherska
957 358 44 20 för-

237 389 98 26 samling,
355 388 61 22 hvari
432 389 93 27 gvinnan
540 389 39 21 har
594 390 39 21 sitt
648 390 99 27 hemvist,
764 391 19 27 ej
800 390 33 22 fär
848 391 95 21 afkunna
960 392 41 27 lys-

237 423 52 27 ning
311 422 34 22 till
368 423 144 27 äktenskapet
535 424 38 21 och
590 426 27 18 än
633 424 84 22 mindre
733 425 121 21 detsamma
870 426 47 21 med
933 426 66 26 vigsel

238 457 116 27 fullborda,
369 460 54 18 utan
446 459 33 19 att
494 458 78 21 honom
588 458 81 22 företes
685 460 33 20 ett
732 458 24 22 af
770 462 88 24 presten
874 460 6 21 i
896 460 40 21 den
958 460 43 21 för-

239 492 98 27 samling,
352 492 136 22 fästmannen
504 492 80 27 tillhör,
601 492 113 22 utfärdadt
729 493 67 27 bevis,
813 500 51 21 som,
881 494 65 22 bland
962 501 38 15 an-

236 528 44 25 nat,
303 527 40 21 bör
365 526 109 22 innehälla
497 526 161 28 fästegvinnans
681 534 63 14 namn
766 528 40 21 och
822 528 60 28 intyg
898 535 34 15 om
947 528 53 22 fäst-

236 568 105 16 mannens
356 561 148 22 hinderlöshet
518 561 34 22 till
568 562 120 27 äktenskap
700 562 6 21 i
717 562 103 22 afseende
835 564 13 21 &
864 563 74 26 henne,
950 570 48 15 men

238 597 36 21 det
291 596 23 21 af
327 595 151 28 kyrkoherden
493 595 25 22 A.
534 595 115 22 utfärdade
664 596 66 27 intyg,
747 597 29 27 pä
792 598 69 27 grund
876 598 77 21 hvaraf
961 605 38 20 pa-

236 631 175 27 storsadjunkten
429 630 25 21 G.
471 630 105 22 afkunnat
591 631 84 27 lysning
691 637 34 15 om
742 631 38 22 det
796 633 90 21 emellan
901 633 59 21 Elias
971 633 28 21 H.

237 666 41 21 och
300 665 105 22 Fredrika
427 665 27 21 N.
470 665 108 27 ingängna
593 665 211 27 äktenskapsaftalet
820 667 38 21 och
874 667 77 21 skridit
967 667 32 21 till

236 699 194 22 kontrahenternas
446 699 190 28 sammanvigning,
652 699 47 22 icke
714 700 97 22 innehöll
822 701 65 27 nägot
898 701 101 27 yttrande

237 741 35 15 om
294 735 60 20 Elias
376 734 39 21 H:s
438 733 148 22 hinderlöshet
601 733 33 22 till
650 734 123 27 äktenskap
790 734 140 22 öfverhufvud
946 735 53 21 eller

236 768 104 22 särskildt
355 768 48 22 med
418 767 105 22 Fredrika
538 767 34 26 N.,
581 769 51 20 utan
649 768 76 21 endast
740 769 155 22 konstaterade
907 771 32 19 att
951 769 48 22 hin-

236 803 39 22 der
299 803 18 27 ej
341 805 67 19 mötte
432 803 38 20 H:s
490 802 135 26 förelysande
641 803 33 21 till
690 803 129 27 äktenskap,
835 803 64 22 alltså
915 803 39 22 och
971 804 28 21 dä

236 837 203 28 pastorsadjunkten
463 836 33 27 G.,
512 842 76 21 genom
609 838 33 20 att
656 837 28 27 pä
699 837 88 22 anfördt
802 839 44 20 sätt
860 837 72 22 säsom
947 837 51 22 full-

236 872 72 27 giltigt
330 871 115 28 godkänna
468 872 31 20 ett
515 871 6 21 i
538 871 95 27 antydda
658 871 39 22 och
720 871 53 22 flera
796 872 67 21 andra
883 872 114 21 afseenden

235 907 64 27 högst
322 906 126 27 bristfälligt
471 906 65 27 intyg,
552 905 50 22 lätit
617 908 32 19 ett
664 906 136 22 förbiseende
816 907 23 21 af
852 907 147 27 stadgandena

234 941 33 22 uti
290 941 64 21 ofvan
377 940 122 27 äberopade
522 940 124 27 förordning
670 941 87 21 komma
781 941 33 27 sig
833 941 33 22 till
882 941 49 27 last,
947 941 50 22 fann

234 975 148 22 Prokuratorn
405 975 32 27 sig
459 975 121 21 föranläten
605 977 33 20 att
658 975 66 27 jemte
748 975 112 22 skrifvelse
876 975 23 22 af
913 976 40 21 den
971 976 26 21 10

234 1010 61 27 April
313 1011 54 20 1890
383 1009 130 22 öfverlemna
528 1009 157 28 handlingarna
701 1009 6 22 i
724 1010 91 21 ärendet
830 1010 34 21 till
876 1010 121 27 domkapit-

234 1045 31 21 let
280 1045 7 20 i
302 1044 26 21 B.
343 1044 47 21 stift
405 1044 7 21 i
429 1043 100 22 afseende
544 1045 13 20 &
573 1044 40 21 den
629 1044 83 27 ätgärd,
724 1044 88 22 hvartill
822 1045 175 27 pastorsadjunk-

234 1081 37 20 ten
295 1079 37 21 G:s
355 1079 141 21 omförmälda
523 1078 229 27 tjensteförsummelse
775 1079 48 21 frän
846 1079 151 27 domkapitlets

234 1113 47 22 sida
297 1113 71 22 kunde
384 1113 118 21 föranleda.

303 1148 148 27 Domkapitlet
466 1148 122 21 infordrade
604 1148 124 21 sedermera
743 1148 51 21 med
810 1148 115 27 anledning
935 1148 64 22 häraf

233 1183 205 27 pastorsadjunkten
453 1182 37 22 G:s
506 1182 118 28 förklaring
634 1183 8 21 i
653 1182 73 27 saken,
742 1182 112 22 hvarefter
865 1183 68 21 denne
943 1183 54 27 jem-

233 1218 35 20 väl
291 1217 32 21 till
340 1216 142 28 domkapitlet
496 1217 50 21 med
561 1216 120 28 förklaring
696 1216 74 22 inkom
787 1219 61 25 samt,
865 1217 48 21 med
928 1217 68 27 biläg-

232 1252 70 27 gande
317 1252 24 21 af
355 1254 76 19 tvenne
446 1252 48 21 utaf
508 1252 143 21 ordföranden
661 1252 8 20 i
679 1252 165 27 grekisk-ryska
855 1252 86 27 andliga
952 1254 44 25 sty-

232 1287 78 27 relsen,
333 1286 149 27 kyrkoherden
500 1286 27 22 K.
543 1286 114 22 utfärdade
672 1287 62 27 intyg
750 1286 42 22 och
807 1286 68 22 under
890 1286 106 22 äterhem-

232 1321 65 21 tande
313 1320 23 21 af
349 1321 32 21 sin
398 1321 91 27 tidigare
505 1321 33 21 till
554 1321 149 21 Prokuratorn
718 1321 84 27 afgifna
817 1321 125 27 förklaring,
959 1328 37 14 an-

232 1354 68 27 förde,
316 1354 65 22 bland
397 1358 71 24 annat,
480 1357 39 24 att,
536 1355 67 21 ehuru
618 1362 27 15 en
661 1361 151 21 noggrannare
827 1354 132 28 granskning
975 1356 23 20 af

232 1388 37 22 det
292 1388 48 22 utaf
362 1389 149 27 kyrkoherden
534 1390 24 20 A.
578 1389 34 21 för
627 1389 60 21 Elias
701 1389 28 21 H.
745 1389 115 21 utfärdade
876 1389 119 21 hinderlös-

231 1423 137 15 hatshatvaat
400 1424 32 14 anl

231 1440 88 4 2015000
319 1440 57 11 yo
401 1440 33 5 Di

633 184 157 28 örvecklingar,
806 184 74 23 hvilka
895 186 106 22 tilläfven-

435 1424 32 27 igt
492 1424 200 27 pastorsadjunkten
717 1424 37 15 G:s
778 1423 139 17 föärmenande
948 1424 46 16 icke

508 1441 97 5 STARS
616 1441 78 5 HETIön
720 1442 34 4 (15
778 1442 18 3 10
864 1442 60 8 ande,
949 1443 42 2 PNG
