1103 1700
470 116 41 20 vä
823 116 25 21 19

444 235 103 22 Transport
590 236 66 20 16,366:
669 236 22 17 66
758 236 71 20 132,381]
843 236 23 17 02

162 269 93 18 ordnande
275 269 34 17 och
333 269 105 22 Kejserliga
458 269 88 18 Senatens

161 304 61 17 beslut
234 304 34 17 den
281 304 22 16 24
315 303 102 17 November
431 304 57 16 1892.
513 317 3 3 .
542 317 4 3 .
618 304 38 16 100:
669 314 22 2 —

138 338 179 18 Lifstidsunderstöd
323 338 19 17 ät
347 337 199 18 Hofrättsvaktmästa-

161 377 32 13 ren
205 372 16 18 J.
234 371 23 18 H.
269 371 84 20 Broman,
367 372 58 22 enligt
437 372 65 22 nädigt
510 371 37 18 för-

161 406 92 18 ordnande
277 406 33 18 och
333 406 105 22 Kejserliga
459 406 88 18 Senatens

160 441 61 17 beslut
232 440 35 18 den
281 442 21 16 12
314 440 101 18 December
428 442 44 16 1892
485 454 3 4 .
514 454 2 3 .
544 454 4 4 .
617 442 38 16 300:
669 451 22 2 —

137 475 178 18 Lifstidsunderstöd
333 476 20 17 ät
366 475 181 18 Föreständarinnan

161 510 29 18 för
200 510 93 18 allmänna
301 510 107 22 sjukhusets
417 510 5 17 i
431 510 117 22 Helsingfors

160 545 152 22 tvättinrättning
329 544 49 18 Sofia
390 544 113 21 Dahlström,
516 550 31 12 en-

160 579 35 22 ligt
211 579 64 22 nädigt
288 579 124 18 förordnande
425 579 34 18 och
472 579 74 22 Kejser-

161 614 37 22 liga
213 614 88 17 Senatens
315 614 60 17 beslut
388 613 35 18 den
437 615 21 16 16
470 613 77 18 Januari

161 645 44 29 18999
241 661 16 4 =
284 662 3 3 s
313 662 61 4 asa
400 645 90 29 kmsga
515 645 33 29 sos
617 649 74 16 250:
678 645 18 29 —

137 682 155 23 Lifstidspension
305 683 20 17 åt
333 688 56 17 yngre
398 683 149 17 tullvaktmästa-

161 723 42 12 rene
221 717 60 18 Johan
294 717 66 18 Kokko
373 717 35 18 och
420 717 70 18 Matvei
502 717 44 18 Afa-

160 751 70 22 nasieff,
253 752 58 22 enligt
333 751 106 23 Kejserliga
459 751 89 18 Senatens

159 787 61 17 beslut
238 786 35 18 den
291 787 20 16 15
324 786 90 18 Februari
428 787 50 20 1893,
491 787 11 16 ä
514 787 34 16 500

160 821 67 17 mark.
253 816 14 30 so
281 835 3 2 0
311 821 379 21 L
598 816 66 30 1,000:
676 816 18 30 —

137 855 180 18 Lifstidsunderstöd
338 855 20 17 ät
378 855 169 23 Uppsyningsman-

160 895 35 12 nen
207 889 29 18 vid
248 889 114 23 Hangöudds
374 889 140 23 tullbevakning
523 889 22 18 E.

159 924 110 18 Lemströms
289 925 53 21 enka,
363 924 59 23 enligt
442 925 105 22 Kejserliga

160 958 88 18 Senatens
268 959 61 17 beslut
349 958 36 18 den
404 959 23 17 29
445 958 102 18 November

161 994 44 17 1892
224 1007 32 4 07
293 1007 106 4 AR
425 1007 32 4 KR
484 1007 4 3 R
513 1007 32 4 K
616 994 74 17 200:
675 988 17 33 —

136 1027 180 18 Lifstidsunderstöd
331 1027 20 18 ät
363 1027 52 18 äldre
429 1027 118 18 Vaktmästa-
704 1033 1 7 |

158 1067 32 13 ren
206 1062 22 17 H.
242 1061 105 24 Springerts
360 1062 48 17 enka
421 1062 35 17 och
468 1061 78 18 minder-
833 1073 2 7 |

158 1097 51 22 &rige
221 1101 38 17 son,
272 1097 59 22 enligt
341 1096 107 23 Kejserliga
457 1096 89 18 Senatens

158 1131 61 18 beslut
231 1131 35 18 den
279 1132 21 17 17
314 1131 78 18 Januari
406 1131 45 18 1898
484 1144 4 4 .
514 1144 3 4 .
543 1144 3 4 .
573 1131 117 26 100:
672 1127 21 34 —
768 1137 61 21 18,316/
844 1137 22 17 66

617 1172 72 30 Summa
755 1177 75 21 150,697|
843 1177 22 18 68

182 1234 122 23 Helsingfors,
317 1234 12 18 &
340 1234 212 22 Finansexpeditionens
564 1234 6 18 i
582 1234 105 22 Kejserliga
699 1233 80 19 Senaten
792 1234 29 18 för
832 1234 46 18 Fin-

111 1268 44 18 land
168 1269 179 21 kamrerarekontor,
361 1268 35 18 den
408 1270 23 16 28
444 1268 51 18 Mars
508 1270 51 16 1893.
