1103 1700
163 846 39 23 85.

243 132 13 20 8
499 130 29 22 U.
543 130 25 22 B.
583 130 103 22 XXXIL

213 194 26 22 af
246 194 115 22 utländska
376 194 149 27 vbligalivner,
541 203 49 11 sum
605 193 114 22 efierhand
733 193 89 21 samiais
836 193 49 21 icke
899 192 57 22 bivii
971 194 8 20 i

214 228 161 21 statskontoret
396 228 42 20 och
453 229 7 19 i
474 228 110 20 bankerna
600 231 51 17 utan
667 228 63 20 äfven
746 229 6 19 i
768 227 112 27 offentliga
894 227 83 25 kassor,

215 262 136 28 sparbanker
371 269 28 14 m.
421 269 27 14 m.
478 262 102 20 Effekten
601 261 25 21 af
644 262 70 20 denna
730 261 124 21 realisation
869 261 36 21 har
922 262 55 20 varit

215 296 128 21 densamma
357 303 48 14 som
421 303 35 13 om
472 299 32 18 ett
519 296 111 21 utländskt
645 296 34 21 län
689 296 32 21 till
731 296 153 21 motsvarande
894 295 83 27 belopp

214 332 122 26 upptagits.
355 330 64 21 Hade
430 331 70 19 denna
511 337 81 13 ressurs
608 330 47 21 icke
666 330 79 21 funnits
756 334 32 17 att
798 330 100 27 tillgripa,
910 330 68 20 skulle

215 364 38 21 det
277 364 24 21 af
320 364 101 21 Finlands
442 364 62 21 Bank
526 368 113 23 upptagna
660 364 122 25 kreditivet,
800 364 64 21 äfven
879 371 36 13 om
931 364 47 20 det-

215 405 85 14 samma
315 399 32 21 till
362 399 50 21 dess
428 399 50 20 fulla
493 398 82 28 belopp
590 398 92 22 kommit
697 399 31 21 till
744 398 142 27 användning,
902 402 76 23 antag-

216 433 59 27 ligen
291 433 48 21 icke
354 434 54 20 varit
423 432 124 28 tillräckligt
562 432 33 21 för
614 433 110 21 behofvet.

286 468 44 20 Det
346 468 23 20 är
384 470 32 18 att
431 467 87 27 hoppas
534 471 32 17 att
582 468 68 20 under
669 467 135 21 förbättrade
824 466 154 26 konjunkturer

215 501 42 21 och
273 502 28 20 då
316 502 122 20 räntefoten
453 502 41 20 hos
510 508 36 14 oss
561 502 89 27 nedgår,
666 508 96 14 reserver
778 502 6 20 i
799 501 114 21 utländska
924 500 54 22 obli-

215 536 100 26 gationer
331 536 46 20 åter
393 535 61 21 skola
469 536 79 20 samlas
564 537 29 26 på
608 542 82 14 samma
705 535 83 21 händer
800 542 48 13 som
860 535 49 20 förr.
925 535 52 20 Men

215 570 38 20 det
269 570 65 21 torde
349 573 51 24 taga
416 569 49 28 lång
480 570 32 20 tid
527 571 6 20 i
548 570 94 27 anspråk
658 571 63 19 innan
736 570 28 20 de
774 569 75 21 luckor
860 576 47 13 som
921 576 56 20 upp-

215 604 54 21 stått
284 603 71 21 kunna
371 604 68 26 fyllas,
456 604 41 20 och
513 605 107 20 utskottet
636 604 42 21 kan
694 604 48 20 icke
757 603 111 21 underlåta
883 607 31 17 att
938 604 39 26 på-

215 637 58 28 peka
296 638 42 20 den
361 639 87 26 maning
468 638 79 26 jemväl
565 639 61 20 detta
642 638 88 21 innebär
746 638 32 21 för
793 637 85 21 banken
893 641 38 21 att,
948 637 29 27 på

215 672 38 21 det
270 672 126 21 densamma
411 673 35 20 må
460 679 51 14 vara
527 673 35 20 väl
578 673 80 24 rustad,
675 672 28 21 då
718 679 27 14 en
760 672 43 20 kris
818 672 47 20 åter
880 672 45 20 står
944 671 33 20 för

216 706 81 21 dörren
312 706 51 21 eller
378 707 106 20 missväxt
500 707 51 20 eller
566 707 66 20 andra
649 706 113 21 enahanda
772 705 89 21 orsaker
871 705 52 21 hota
935 705 42 20 den

215 740 122 21 metalliska
352 741 92 24 valutan,
461 741 115 27 vinnlägga
592 743 34 25 sig
641 748 36 13 om
692 742 46 19 sina
754 740 114 21 utländska
880 746 96 14 reserver

215 773 54 22 eller
285 775 67 20 andra
368 775 134 27 placeringar
516 782 48 13 som
586 775 38 21 äro
640 775 124 20 oberoende
780 774 25 21 af
816 775 81 20 sådana
912 781 65 14 even-

215 808 110 21 tualiteter
340 816 48 13 som
403 809 28 20 de
445 809 85 20 nämda.

286 843 49 21 Mot
357 843 128 27 åtgärderna
507 847 32 17 att
555 847 80 24 antaga
650 850 43 20 nya
709 843 81 20 ombud
805 844 6 19 i
826 842 97 21 utlandet
938 842 39 21 har

216 877 109 21 utskottet
348 878 24 20 så
393 877 88 27 mycket
502 878 82 20 mindre
607 881 32 18 att
655 878 106 27 påminna,
777 883 48 14 som
840 883 79 20 genom
935 876 41 21 för-

216 911 89 27 delning
319 911 26 21 af
357 912 26 20 de
404 911 113 21 utländska
535 911 230 28 tillgodohafvandena
785 911 29 28 på
828 911 52 20 flere
895 910 81 21 händer

216 945 73 21 risken
299 946 127 27 ytterligare
436 946 100 20 minskas.
566 946 74 27 Några
654 946 25 21 af
687 946 29 21 de
726 953 42 19 nya
779 945 114 25 ombuden,
904 945 72 20 hvilka

215 981 98 26 antagits
329 981 7 20 i
351 980 155 27 sammanhang
520 981 51 20 med
587 981 37 20 det
640 980 126 21 förenämda
782 980 126 21 kreditivets
923 979 53 21 kon-

215 1014 138 25 traherande,
375 1014 63 21 hafva
453 1015 126 26 visserligen
594 1015 99 27 uppstält
707 1016 7 19 i
729 1016 57 19 vissa
802 1014 117 21 afseenden
935 1013 42 21 och

215 1048 136 21 beträffande
366 1050 58 19 vissa
439 1049 47 26 slag
498 1049 25 20 af
530 1051 139 25 operationer
679 1049 68 27 något
757 1049 83 20 mindre
850 1048 126 27 förmånliga

215 1082 71 21 vilkor
302 1083 27 20 än
344 1083 92 27 tidigare
452 1083 80 20 ombud
548 1084 28 26 på
589 1090 82 13 samma
689 1083 87 27 platser.
807 1083 52 20 Men
871 1082 106 27 sjelffallet

216 1117 31 25 är,
264 1120 33 18 att
313 1117 85 21 banken
413 1119 7 19 i
435 1117 27 21 de
473 1117 41 26 fall,
527 1117 26 21 då
566 1118 108 20 ombuden
685 1118 30 27 på
726 1124 82 14 samma
820 1117 57 27 plats
888 1117 89 27 betinga

216 1151 58 21 olika
300 1152 125 27 ersättning,
448 1152 152 20 företrädesvis
625 1152 76 21 anlitar
724 1152 37 21 det
778 1152 82 20 ombud
881 1158 48 14 som
944 1158 32 14 er-

215 1186 77 26 bjuder
308 1186 27 21 de
351 1186 33 20 för
399 1186 85 20 banken
498 1186 162 27 förmånligaste
675 1186 75 21 vilkor.

286 1220 10 20 I
312 1220 180 27 borgareståndet
512 1220 38 21 har
571 1221 69 20 under
654 1220 182 21 remissdebatten
852 1219 125 21 framhållits

215 1254 178 21 önskvärdheten
417 1254 24 21 af
460 1258 32 18 att
514 1254 102 21 Finlands
637 1255 60 21 Bank
713 1262 80 20 genom
808 1254 132 27 antagandet
955 1254 26 20 af

216 1288 53 21 flere
290 1289 80 20 ombud
390 1290 6 19 i
411 1288 157 22 Nordamerika
583 1288 69 22 skulle
667 1289 32 21 för
715 1289 135 21 dervarande
865 1288 112 21 landsmän

215 1323 124 21 underlätta
354 1322 170 22 hemsändandet
540 1323 25 20 af
576 1323 76 21 dessas
665 1324 147 26 besparingar.
827 1317 73 26 Äfven
910 1322 67 21 bank-

215 1356 148 28 fullmäktiges
377 1357 117 21 berättelse
509 1357 117 21 innehåller
641 1361 32 17 att
688 1358 61 20 detta
758 1364 39 14 var
808 1357 42 21 den
862 1363 115 21 ursprung-

215 1391 45 27 liga
277 1392 94 26 afsigten
386 1391 50 21 med
451 1391 138 27 anknytande
598 1392 25 20 af
628 1391 273 25 förbindelser
781 1387 15 35 i
806 1391 95 25 Amerika,
911 1391 65 21 ehuru

216 1426 28 20 de
267 1425 195 27 underhandlingar
480 1432 47 14 som
548 1428 36 24 egt
602 1432 46 15 rum
663 1426 51 20 med
728 1426 58 21 Firet
800 1425 103 22 National
915 1425 62 21 Bank

286 1466 139 16 Bankutskottets
437 1465 104 16 betänkanae
552 1465 35 16 N:o
597 1470 19 16 5.
