<?xml version="1.0" encoding="UTF-8"?>
<alto xmlns="http://www.loc.gov/standards/alto/ns-v3#" xmlns:xlink="http://www.w3.org/1999/xlink" xmlns:xsi="http://www.w3.org/2001/XMLSchema-instance" xsi:schemaLocation="http://www.loc.gov/standards/alto/ns-v3# http://www.loc.gov/alto/v3/alto-3-0.xsd">
	<Description>
		<MeasurementUnit>pixel</MeasurementUnit>
		<sourceImageInformation>
			<fileName>/tmp/tess_yp0n2czs_input.PNG</fileName>
		</sourceImageInformation>
		<OCRProcessing ID="OCR_0">
			<ocrProcessingStep>
				<processingSoftware>
					<softwareName>tesseract 5.3.4</softwareName>
				</processingSoftware>
			</ocrProcessingStep>
		</OCRProcessing>
	</Description>
	<Layout>
		<Page WIDTH="1103" HEIGHT="1700" PHYSICAL_IMG_NR="0" ID="page_0">
			<PrintSpace HPOS="0" VPOS="0" WIDTH="1103" HEIGHT="1700">
				<GraphicalElement ID="cblock_0" HPOS="111" VPOS="198" WIDTH="4" HEIGHT="1254"></GraphicalElement >
				<ComposedBlock ID="cblock_1" HPOS="134" VPOS="485" WIDTH="147" HEIGHT="18">
					<TextBlock ID="block_0" HPOS="134" VPOS="485" WIDTH="147" HEIGHT="18">
						<TextLine ID="line_0" HPOS="134" VPOS="485" WIDTH="147" HEIGHT="18">
							<String ID="string_0" HPOS="134" VPOS="485" WIDTH="147" HEIGHT="18" WC="0.91" CONTENT="Boställsvården"/>
						</TextLine>
					</TextBlock>
				</ComposedBlock>
				<GraphicalElement ID="cblock_2" HPOS="448" VPOS="1438" WIDTH="414" HEIGHT="6"></GraphicalElement >
				<GraphicalElement ID="cblock_3" HPOS="696" VPOS="443" WIDTH="7" HEIGHT="1035"></GraphicalElement >
				<GraphicalElement ID="cblock_4" HPOS="824" VPOS="201" WIDTH="5" HEIGHT="1277"></GraphicalElement >
				<GraphicalElement ID="cblock_5" HPOS="215" VPOS="191" WIDTH="655" HEIGHT="8"></GraphicalElement >
				<ComposedBlock ID="cblock_6" HPOS="112" VPOS="124" WIDTH="755" HEIGHT="1359">
					<TextBlock ID="block_1" HPOS="112" VPOS="124" WIDTH="755" HEIGHT="1355">
						<TextLine ID="line_1" HPOS="463" VPOS="124" WIDTH="377" HEIGHT="21">
							<String ID="string_1" HPOS="463" VPOS="124" WIDTH="51" HEIGHT="21" WC="0.75" CONTENT="VIH"/><SP WIDTH="315" VPOS="124" HPOS="514"/>
							<String ID="string_2" HPOS="829" VPOS="125" WIDTH="11" HEIGHT="20" WC="0.96" CONTENT="7"/>
						</TextLine>
						<TextLine ID="line_2" HPOS="584" VPOS="240" WIDTH="274" HEIGHT="32">
							<String ID="string_3" HPOS="584" VPOS="240" WIDTH="102" HEIGHT="31" WC="0.96" CONTENT="Transport"/><SP WIDTH="13" VPOS="240" HPOS="686"/>
							<String ID="string_4" HPOS="699" VPOS="247" WIDTH="1" HEIGHT="25" WC="0.89" CONTENT="|"/><SP WIDTH="31" VPOS="247" HPOS="700"/>
							<String ID="string_5" HPOS="731" VPOS="245" WIDTH="92" HEIGHT="21" WC="0.50" CONTENT="5,104,869]"/><SP WIDTH="13" VPOS="245" HPOS="823"/>
							<String ID="string_6" HPOS="836" VPOS="245" WIDTH="22" HEIGHT="17" WC="0.96" CONTENT="67"/>
						</TextLine>
						<TextLine ID="line_3" HPOS="135" VPOS="273" WIDTH="565" HEIGHT="32">
							<String ID="string_7" HPOS="135" VPOS="278" WIDTH="87" HEIGHT="22" WC="0.92" CONTENT="Anslaget"/><SP WIDTH="12" VPOS="278" HPOS="222"/>
							<String ID="string_8" HPOS="234" VPOS="278" WIDTH="30" HEIGHT="18" WC="0.93" CONTENT="till"/><SP WIDTH="13" VPOS="278" HPOS="264"/>
							<String ID="string_9" HPOS="277" VPOS="278" WIDTH="205" HEIGHT="22" WC="0.92" CONTENT="Militieexpeditionens"/><SP WIDTH="14" VPOS="278" HPOS="482"/>
							<String ID="string_10" HPOS="496" VPOS="278" WIDTH="4" HEIGHT="18" WC="0.93" CONTENT="i"/><SP WIDTH="13" VPOS="278" HPOS="500"/>
							<String ID="string_11" HPOS="513" VPOS="278" WIDTH="105" HEIGHT="23" WC="0.91" CONTENT="Kejserliga"/><SP WIDTH="12" VPOS="278" HPOS="618"/>
							<String ID="string_12" HPOS="630" VPOS="278" WIDTH="55" HEIGHT="18" WC="0.92" CONTENT="Sena-"/><SP WIDTH="14" VPOS="278" HPOS="685"/>
							<String ID="string_13" HPOS="699" VPOS="273" WIDTH="1" HEIGHT="32" WC="0.84" CONTENT="|"/>
						</TextLine>
						<TextLine ID="line_4" HPOS="157" VPOS="301" WIDTH="699" HEIGHT="34">
							<String ID="string_14" HPOS="157" VPOS="314" WIDTH="30" HEIGHT="16" WC="0.93" CONTENT="ten"/><SP WIDTH="13" VPOS="314" HPOS="187"/>
							<String ID="string_15" HPOS="200" VPOS="312" WIDTH="109" HEIGHT="23" WC="0.92" CONTENT="förfogande"/><SP WIDTH="200" VPOS="312" HPOS="309"/>
							<String ID="string_16" HPOS="509" VPOS="326" WIDTH="3" HEIGHT="4" WC="0.23" CONTENT="N"/><SP WIDTH="187" VPOS="326" HPOS="512"/>
							<String ID="string_17" HPOS="699" VPOS="301" WIDTH="1" HEIGHT="29" WC="0.74" CONTENT="|"/><SP WIDTH="72" VPOS="301" HPOS="700"/>
							<String ID="string_18" HPOS="772" VPOS="312" WIDTH="55" HEIGHT="22" WC="0.58" CONTENT="5,000]"/><SP WIDTH="8" VPOS="312" HPOS="827"/>
							<String ID="string_19" HPOS="835" VPOS="323" WIDTH="21" HEIGHT="3" WC="0.92" CONTENT="—"/>
						</TextLine>
						<TextLine ID="line_5" HPOS="134" VPOS="326" WIDTH="566" HEIGHT="49">
							<String ID="string_20" HPOS="134" VPOS="347" WIDTH="152" HEIGHT="18" WC="0.92" CONTENT="Gratifikationer"/><SP WIDTH="12" VPOS="347" HPOS="286"/>
							<String ID="string_21" HPOS="298" VPOS="347" WIDTH="29" HEIGHT="17" WC="0.93" CONTENT="för"/><SP WIDTH="14" VPOS="347" HPOS="327"/>
							<String ID="string_22" HPOS="341" VPOS="347" WIDTH="94" HEIGHT="23" WC="0.90" CONTENT="oförvitlig"/><SP WIDTH="11" VPOS="347" HPOS="435"/>
							<String ID="string_23" HPOS="446" VPOS="326" WIDTH="58" HEIGHT="44" WC="0.92" CONTENT="tjenst"/><SP WIDTH="12" VPOS="326" HPOS="504"/>
							<String ID="string_24" HPOS="516" VPOS="327" WIDTH="34" HEIGHT="37" WC="0.96" CONTENT="och"/><SP WIDTH="8" VPOS="327" HPOS="550"/>
							<String ID="string_25" HPOS="558" VPOS="326" WIDTH="127" HEIGHT="44" WC="0.89" CONTENT="begrafnings-"/><SP WIDTH="13" VPOS="326" HPOS="685"/>
							<String ID="string_26" HPOS="698" VPOS="343" WIDTH="2" HEIGHT="32" WC="0.90" CONTENT="|"/>
						</TextLine>
						<TextLine ID="line_6" HPOS="156" VPOS="381" WIDTH="701" HEIGHT="23">
							<String ID="string_27" HPOS="156" VPOS="382" WIDTH="51" HEIGHT="22" WC="0.93" CONTENT="hjelp"/><SP WIDTH="12" VPOS="382" HPOS="207"/>
							<String ID="string_28" HPOS="219" VPOS="382" WIDTH="29" HEIGHT="17" WC="0.93" CONTENT="till"/><SP WIDTH="13" VPOS="382" HPOS="248"/>
							<String ID="string_29" HPOS="261" VPOS="381" WIDTH="67" HEIGHT="19" WC="0.92" CONTENT="aflidne"/><SP WIDTH="12" VPOS="381" HPOS="328"/>
							<String ID="string_30" HPOS="340" VPOS="382" WIDTH="120" HEIGHT="22" WC="0.92" CONTENT="tjenstemäns"/><SP WIDTH="13" VPOS="382" HPOS="460"/>
							<String ID="string_31" HPOS="473" VPOS="382" WIDTH="96" HEIGHT="18" WC="0.89" CONTENT="sterbhus."/><SP WIDTH="25" VPOS="382" HPOS="569"/>
							<String ID="string_32" HPOS="594" VPOS="395" WIDTH="3" HEIGHT="3" WC="0.88" CONTENT="."/><SP WIDTH="26" VPOS="395" HPOS="597"/>
							<String ID="string_33" HPOS="623" VPOS="394" WIDTH="4" HEIGHT="5" WC="0.88" CONTENT="."/><SP WIDTH="133" VPOS="394" HPOS="627"/>
							<String ID="string_34" HPOS="760" VPOS="383" WIDTH="63" HEIGHT="21" WC="0.21" CONTENT="12,930j"/><SP WIDTH="12" VPOS="383" HPOS="823"/>
							<String ID="string_35" HPOS="835" VPOS="382" WIDTH="22" HEIGHT="18" WC="0.96" CONTENT="69"/>
						</TextLine>
						<TextLine ID="line_7" HPOS="134" VPOS="403" WIDTH="565" HEIGHT="43">
							<String ID="string_36" HPOS="134" VPOS="416" WIDTH="68" HEIGHT="22" WC="0.92" CONTENT="Bidrag"/><SP WIDTH="17" VPOS="416" HPOS="202"/>
							<String ID="string_37" HPOS="219" VPOS="416" WIDTH="29" HEIGHT="18" WC="0.93" CONTENT="till"/><SP WIDTH="19" VPOS="416" HPOS="248"/>
							<String ID="string_38" HPOS="267" VPOS="416" WIDTH="150" HEIGHT="22" WC="0.92" CONTENT="pensioneringar"/><SP WIDTH="18" VPOS="416" HPOS="417"/>
							<String ID="string_39" HPOS="435" VPOS="416" WIDTH="41" HEIGHT="17" WC="0.92" CONTENT="frän"/><SP WIDTH="19" VPOS="416" HPOS="476"/>
							<String ID="string_40" HPOS="495" VPOS="416" WIDTH="69" HEIGHT="18" WC="0.96" CONTENT="Finska"/><SP WIDTH="19" VPOS="416" HPOS="564"/>
							<String ID="string_41" HPOS="583" VPOS="403" WIDTH="97" HEIGHT="43" WC="0.92" CONTENT="militärens"/><SP WIDTH="10" VPOS="403" HPOS="680"/>
							<String ID="string_42" HPOS="690" VPOS="407" WIDTH="9" HEIGHT="35" WC="0.96" CONTENT="|"/>
						</TextLine>
						<TextLine ID="line_8" HPOS="157" VPOS="450" WIDTH="710" HEIGHT="26">
							<String ID="string_43" HPOS="157" VPOS="451" WIDTH="54" HEIGHT="17" WC="0.93" CONTENT="enke-"/><SP WIDTH="12" VPOS="451" HPOS="211"/>
							<String ID="string_44" HPOS="223" VPOS="450" WIDTH="34" HEIGHT="18" WC="0.93" CONTENT="och"/><SP WIDTH="12" VPOS="450" HPOS="257"/>
							<String ID="string_45" HPOS="269" VPOS="450" WIDTH="127" HEIGHT="23" WC="0.92" CONTENT="pupillkassa"/><SP WIDTH="-8" VPOS="450" HPOS="396"/>
							<String ID="string_46" HPOS="388" VPOS="446" WIDTH="11" HEIGHT="31" WC="0.92" CONTENT="."/><SP WIDTH="360" VPOS="446" HPOS="399"/>
							<String ID="string_47" HPOS="759" VPOS="452" WIDTH="64" HEIGHT="20" WC="0.67" CONTENT="25,000|"/><SP WIDTH="12" VPOS="452" HPOS="823"/>
							<String ID="string_48" HPOS="835" VPOS="460" WIDTH="21" HEIGHT="3" WC="0.75" CONTENT="—"/><SP WIDTH="10" VPOS="460" HPOS="856"/>
							<String ID="string_49" HPOS="866" VPOS="472" WIDTH="1" HEIGHT="4" WC="0.71" CONTENT="i"/>
						</TextLine>
						<TextLine ID="line_9" HPOS="392" VPOS="478" WIDTH="475" HEIGHT="42">
							<String ID="string_50" HPOS="392" VPOS="498" WIDTH="118" HEIGHT="4" WC="0.31" CONTENT="e"/><SP WIDTH="248" VPOS="498" HPOS="510"/>
							<String ID="string_51" HPOS="758" VPOS="486" WIDTH="64" HEIGHT="21" WC="0.89" CONTENT="99,032"/><SP WIDTH="12" VPOS="486" HPOS="822"/>
							<String ID="string_52" HPOS="834" VPOS="478" WIDTH="33" HEIGHT="42" WC="0.71" CONTENT="48|"/>
						</TextLine>
						<TextLine ID="line_10" HPOS="306" VPOS="520" WIDTH="561" HEIGHT="25">
							<String ID="string_53" HPOS="306" VPOS="530" WIDTH="21" HEIGHT="2" WC="0.92" CONTENT="—"/><SP WIDTH="13" VPOS="530" HPOS="327"/>
							<String ID="string_54" HPOS="340" VPOS="520" WIDTH="97" HEIGHT="21" WC="0.92" CONTENT="5,238,101:"/><SP WIDTH="13" VPOS="520" HPOS="437"/>
							<String ID="string_55" HPOS="450" VPOS="520" WIDTH="27" HEIGHT="17" WC="0.92" CONTENT="85."/><SP WIDTH="13" VPOS="520" HPOS="477"/>
							<String ID="string_56" HPOS="490" VPOS="530" WIDTH="21" HEIGHT="2" WC="0.92" CONTENT="—"/><SP WIDTH="354" VPOS="530" HPOS="511"/>
							<String ID="string_57" HPOS="865" VPOS="529" WIDTH="2" HEIGHT="16" WC="0.84" CONTENT="|"/>
						</TextLine>
						<TextLine ID="line_11" HPOS="865" VPOS="564" WIDTH="2" HEIGHT="26">
							<String ID="string_58" HPOS="865" VPOS="564" WIDTH="2" HEIGHT="26" WC="0.86" CONTENT="|"/>
						</TextLine>
						<TextLine ID="line_12" HPOS="335" VPOS="612" WIDTH="142" HEIGHT="27">
							<String ID="string_59" HPOS="335" VPOS="613" WIDTH="62" HEIGHT="20" WC="0.80" CONTENT="Extra"/><SP WIDTH="13" VPOS="613" HPOS="397"/>
							<String ID="string_60" HPOS="410" VPOS="612" WIDTH="67" HEIGHT="27" WC="0.96" CONTENT="utgift."/>
						</TextLine>
						<TextLine ID="line_13" HPOS="133" VPOS="657" WIDTH="721" HEIGHT="23">
							<String ID="string_61" HPOS="133" VPOS="657" WIDTH="36" HEIGHT="18" WC="0.92" CONTENT="För"/><SP WIDTH="13" VPOS="657" HPOS="169"/>
							<String ID="string_62" HPOS="182" VPOS="657" WIDTH="107" HEIGHT="23" WC="0.92" CONTENT="utvidgning"/><SP WIDTH="12" VPOS="657" HPOS="289"/>
							<String ID="string_63" HPOS="301" VPOS="657" WIDTH="20" HEIGHT="18" WC="0.93" CONTENT="af"/><SP WIDTH="11" VPOS="657" HPOS="321"/>
							<String ID="string_64" HPOS="332" VPOS="657" WIDTH="124" HEIGHT="22" WC="0.92" CONTENT="lägerplatsen"/><SP WIDTH="12" VPOS="657" HPOS="456"/>
							<String ID="string_65" HPOS="468" VPOS="657" WIDTH="30" HEIGHT="17" WC="0.93" CONTENT="vid"/><SP WIDTH="13" VPOS="657" HPOS="498"/>
							<String ID="string_66" HPOS="511" VPOS="657" WIDTH="153" HEIGHT="18" WC="0.91" CONTENT="Willmanstrand"/><SP WIDTH="16" VPOS="657" HPOS="664"/>
							<String ID="string_67" HPOS="680" VPOS="670" WIDTH="3" HEIGHT="3" WC="0.88" CONTENT="."/><SP WIDTH="76" VPOS="670" HPOS="683"/>
							<String ID="string_68" HPOS="759" VPOS="659" WIDTH="62" HEIGHT="20" WC="0.30" CONTENT="37,296|"/><SP WIDTH="15" VPOS="659" HPOS="821"/>
							<String ID="string_69" HPOS="836" VPOS="658" WIDTH="18" HEIGHT="16" WC="0.96" CONTENT="11"/>
						</TextLine>
						<TextLine ID="line_14" HPOS="112" VPOS="691" WIDTH="572" HEIGHT="24">
							<String ID="string_70" HPOS="112" VPOS="703" WIDTH="1" HEIGHT="3" WC="0.79" CONTENT="&#39;"/><SP WIDTH="20" VPOS="703" HPOS="113"/>
							<String ID="string_71" HPOS="133" VPOS="691" WIDTH="36" HEIGHT="18" WC="0.93" CONTENT="För"/><SP WIDTH="13" VPOS="691" HPOS="169"/>
							<String ID="string_72" HPOS="182" VPOS="691" WIDTH="114" HEIGHT="24" WC="0.96" CONTENT="uppförande"/><SP WIDTH="12" VPOS="691" HPOS="296"/>
							<String ID="string_73" HPOS="308" VPOS="692" WIDTH="21" HEIGHT="17" WC="0.96" CONTENT="af"/><SP WIDTH="16" VPOS="692" HPOS="329"/>
							<String ID="string_74" HPOS="345" VPOS="697" WIDTH="22" HEIGHT="12" WC="0.93" CONTENT="en"/><SP WIDTH="12" VPOS="697" HPOS="367"/>
							<String ID="string_75" HPOS="379" VPOS="691" WIDTH="139" HEIGHT="24" WC="0.54" CONTENT="fiygelbyggnad"/><SP WIDTH="12" VPOS="691" HPOS="518"/>
							<String ID="string_76" HPOS="530" VPOS="692" WIDTH="30" HEIGHT="17" WC="0.96" CONTENT="för"/><SP WIDTH="11" VPOS="692" HPOS="560"/>
							<String ID="string_77" HPOS="571" VPOS="691" WIDTH="36" HEIGHT="22" WC="0.93" CONTENT="gift"/><SP WIDTH="13" VPOS="691" HPOS="607"/>
							<String ID="string_78" HPOS="620" VPOS="691" WIDTH="64" HEIGHT="18" WC="0.93" CONTENT="under-"/>
						</TextLine>
						<TextLine ID="line_15" HPOS="156" VPOS="726" WIDTH="700" HEIGHT="23">
							<String ID="string_79" HPOS="156" VPOS="726" WIDTH="49" HEIGHT="18" WC="0.93" CONTENT="befäl"/><SP WIDTH="13" VPOS="726" HPOS="205"/>
							<String ID="string_80" HPOS="218" VPOS="726" WIDTH="10" HEIGHT="18" WC="0.92" CONTENT="&amp;"/><SP WIDTH="13" VPOS="726" HPOS="228"/>
							<String ID="string_81" HPOS="241" VPOS="726" WIDTH="187" HEIGHT="23" WC="0.90" CONTENT="Gardesbataljonens"/><SP WIDTH="12" VPOS="726" HPOS="428"/>
							<String ID="string_82" HPOS="440" VPOS="726" WIDTH="114" HEIGHT="23" WC="0.79" CONTENT="kaserngärd"/><SP WIDTH="13" VPOS="726" HPOS="554"/>
							<String ID="string_83" HPOS="567" VPOS="740" WIDTH="2" HEIGHT="4" WC="0.79" CONTENT="."/><SP WIDTH="25" VPOS="740" HPOS="569"/>
							<String ID="string_84" HPOS="594" VPOS="739" WIDTH="4" HEIGHT="4" WC="0.88" CONTENT="."/><SP WIDTH="25" VPOS="739" HPOS="598"/>
							<String ID="string_85" HPOS="623" VPOS="739" WIDTH="3" HEIGHT="4" WC="0.85" CONTENT="."/><SP WIDTH="26" VPOS="739" HPOS="626"/>
							<String ID="string_86" HPOS="652" VPOS="739" WIDTH="3" HEIGHT="5" WC="0.66" CONTENT="+"/><SP WIDTH="24" VPOS="739" HPOS="655"/>
							<String ID="string_87" HPOS="679" VPOS="739" WIDTH="5" HEIGHT="4" WC="0.68" CONTENT="."/><SP WIDTH="64" VPOS="739" HPOS="684"/>
							<String ID="string_88" HPOS="748" VPOS="727" WIDTH="74" HEIGHT="22" WC="0.10" CONTENT="100,000!"/><SP WIDTH="13" VPOS="727" HPOS="822"/>
							<String ID="string_89" HPOS="835" VPOS="736" WIDTH="21" HEIGHT="3" WC="0.92" CONTENT="—"/>
						</TextLine>
						<TextLine ID="line_16" HPOS="133" VPOS="761" WIDTH="551" HEIGHT="22">
							<String ID="string_90" HPOS="133" VPOS="761" WIDTH="35" HEIGHT="18" WC="0.93" CONTENT="Till"/><SP WIDTH="13" VPOS="761" HPOS="168"/>
							<String ID="string_91" HPOS="181" VPOS="763" WIDTH="70" HEIGHT="16" WC="0.92" CONTENT="remont"/><SP WIDTH="13" VPOS="763" HPOS="251"/>
							<String ID="string_92" HPOS="264" VPOS="761" WIDTH="20" HEIGHT="18" WC="0.93" CONTENT="af"/><SP WIDTH="12" VPOS="761" HPOS="284"/>
							<String ID="string_93" HPOS="296" VPOS="761" WIDTH="51" HEIGHT="18" WC="0.92" CONTENT="äldre"/><SP WIDTH="13" VPOS="761" HPOS="347"/>
							<String ID="string_94" HPOS="360" VPOS="761" WIDTH="33" HEIGHT="18" WC="0.93" CONTENT="och"/><SP WIDTH="13" VPOS="761" HPOS="393"/>
							<String ID="string_95" HPOS="406" VPOS="761" WIDTH="114" HEIGHT="22" WC="0.91" CONTENT="uppförande"/><SP WIDTH="13" VPOS="761" HPOS="520"/>
							<String ID="string_96" HPOS="533" VPOS="761" WIDTH="20" HEIGHT="18" WC="0.96" CONTENT="af"/><SP WIDTH="11" VPOS="761" HPOS="553"/>
							<String ID="string_97" HPOS="564" VPOS="766" WIDTH="36" HEIGHT="17" WC="0.93" CONTENT="nya"/><SP WIDTH="8" VPOS="766" HPOS="600"/>
							<String ID="string_98" HPOS="608" VPOS="761" WIDTH="76" HEIGHT="18" WC="0.92" CONTENT="barack-"/>
						</TextLine>
						<TextLine ID="line_17" HPOS="156" VPOS="795" WIDTH="528" HEIGHT="24">
							<String ID="string_99" HPOS="156" VPOS="796" WIDTH="106" HEIGHT="23" WC="0.91" CONTENT="byggnader"/><SP WIDTH="12" VPOS="796" HPOS="262"/>
							<String ID="string_100" HPOS="274" VPOS="795" WIDTH="29" HEIGHT="18" WC="0.93" CONTENT="för"/><SP WIDTH="13" VPOS="795" HPOS="303"/>
							<String ID="string_101" HPOS="316" VPOS="795" WIDTH="188" HEIGHT="23" WC="0.92" CONTENT="Gardesbataljonens"/><SP WIDTH="12" VPOS="795" HPOS="504"/>
							<String ID="string_102" HPOS="516" VPOS="796" WIDTH="79" HEIGHT="22" WC="0.92" CONTENT="räkning"/><SP WIDTH="12" VPOS="796" HPOS="595"/>
							<String ID="string_103" HPOS="607" VPOS="795" WIDTH="11" HEIGHT="18" WC="0.93" CONTENT="ä"/><SP WIDTH="8" VPOS="795" HPOS="618"/>
							<String ID="string_104" HPOS="626" VPOS="795" WIDTH="58" HEIGHT="23" WC="0.92" CONTENT="läger-"/>
						</TextLine>
						<TextLine ID="line_18" HPOS="155" VPOS="830" WIDTH="701" HEIGHT="23">
							<String ID="string_105" HPOS="155" VPOS="831" WIDTH="73" HEIGHT="22" WC="0.96" CONTENT="platsen"/><SP WIDTH="12" VPOS="831" HPOS="228"/>
							<String ID="string_106" HPOS="240" VPOS="830" WIDTH="29" HEIGHT="17" WC="0.93" CONTENT="vid"/><SP WIDTH="13" VPOS="830" HPOS="269"/>
							<String ID="string_107" HPOS="282" VPOS="831" WIDTH="91" HEIGHT="22" WC="0.91" CONTENT="Krasnoje"/><SP WIDTH="12" VPOS="831" HPOS="373"/>
							<String ID="string_108" HPOS="385" VPOS="830" WIDTH="42" HEIGHT="17" WC="0.92" CONTENT="Selo"/><SP WIDTH="23" VPOS="830" HPOS="427"/>
							<String ID="string_109" HPOS="450" VPOS="843" WIDTH="4" HEIGHT="4" WC="0.83" CONTENT="."/><SP WIDTH="26" VPOS="843" HPOS="454"/>
							<String ID="string_110" HPOS="480" VPOS="844" WIDTH="3" HEIGHT="3" WC="0.83" CONTENT="."/><SP WIDTH="25" VPOS="844" HPOS="483"/>
							<String ID="string_111" HPOS="508" VPOS="843" WIDTH="4" HEIGHT="4" WC="0.19" CONTENT="."/><SP WIDTH="25" VPOS="843" HPOS="512"/>
							<String ID="string_112" HPOS="537" VPOS="843" WIDTH="31" HEIGHT="4" WC="0.24" CONTENT="ss"/><SP WIDTH="26" VPOS="843" HPOS="568"/>
							<String ID="string_113" HPOS="594" VPOS="843" WIDTH="32" HEIGHT="5" WC="0.34" CONTENT="ss"/><SP WIDTH="26" VPOS="843" HPOS="626"/>
							<String ID="string_114" HPOS="652" VPOS="843" WIDTH="32" HEIGHT="5" WC="0.48" CONTENT="cc"/><SP WIDTH="74" VPOS="843" HPOS="684"/>
							<String ID="string_115" HPOS="758" VPOS="831" WIDTH="64" HEIGHT="22" WC="0.48" CONTENT="48,620]"/><SP WIDTH="13" VPOS="831" HPOS="822"/>
							<String ID="string_116" HPOS="835" VPOS="839" WIDTH="21" HEIGHT="2" WC="0.88" CONTENT="—"/>
						</TextLine>
						<TextLine ID="line_19" HPOS="133" VPOS="861" WIDTH="551" HEIGHT="26">
							<String ID="string_117" HPOS="133" VPOS="861" WIDTH="84" HEIGHT="26" WC="0.96" CONTENT="Ändring"/><SP WIDTH="17" VPOS="861" HPOS="217"/>
							<String ID="string_118" HPOS="234" VPOS="865" WIDTH="21" HEIGHT="17" WC="0.93" CONTENT="af"/><SP WIDTH="12" VPOS="865" HPOS="255"/>
							<String ID="string_119" HPOS="267" VPOS="864" WIDTH="235" HEIGHT="23" WC="0.91" CONTENT="kompanichefslokalerna"/><SP WIDTH="12" VPOS="864" HPOS="502"/>
							<String ID="string_120" HPOS="514" VPOS="864" WIDTH="30" HEIGHT="18" WC="0.93" CONTENT="vid"/><SP WIDTH="12" VPOS="864" HPOS="544"/>
							<String ID="string_121" HPOS="556" VPOS="865" WIDTH="128" HEIGHT="22" WC="0.84" CONTENT="armöbataljo-"/>
						</TextLine>
						<TextLine ID="line_20" HPOS="156" VPOS="899" WIDTH="527" HEIGHT="23">
							<String ID="string_122" HPOS="156" VPOS="905" WIDTH="57" HEIGHT="12" WC="0.90" CONTENT="nerna"/><SP WIDTH="11" VPOS="905" HPOS="213"/>
							<String ID="string_123" HPOS="224" VPOS="899" WIDTH="34" HEIGHT="18" WC="0.96" CONTENT="och"/><SP WIDTH="13" VPOS="899" HPOS="258"/>
							<String ID="string_124" HPOS="271" VPOS="899" WIDTH="20" HEIGHT="18" WC="0.93" CONTENT="af"/><SP WIDTH="8" VPOS="899" HPOS="291"/>
							<String ID="string_125" HPOS="299" VPOS="899" WIDTH="153" HEIGHT="18" WC="0.92" CONTENT="officersklubben"/><SP WIDTH="9" VPOS="899" HPOS="452"/>
							<String ID="string_126" HPOS="461" VPOS="899" WIDTH="27" HEIGHT="17" WC="0.93" CONTENT="uti"/><SP WIDTH="9" VPOS="899" HPOS="488"/>
							<String ID="string_127" HPOS="497" VPOS="899" WIDTH="186" HEIGHT="23" WC="0.92" CONTENT="Gardesbataljonens"/>
						</TextLine>
						<TextLine ID="line_21" HPOS="156" VPOS="933" WIDTH="700" HEIGHT="23">
							<String ID="string_128" HPOS="156" VPOS="933" WIDTH="123" HEIGHT="23" WC="0.27" CONTENT="kaserngärd."/><SP WIDTH="27" VPOS="933" HPOS="279"/>
							<String ID="string_129" HPOS="306" VPOS="947" WIDTH="3" HEIGHT="4" WC="0.83" CONTENT="."/><SP WIDTH="26" VPOS="947" HPOS="309"/>
							<String ID="string_130" HPOS="335" VPOS="947" WIDTH="2" HEIGHT="3" WC="0.57" CONTENT="."/><SP WIDTH="26" VPOS="947" HPOS="337"/>
							<String ID="string_131" HPOS="363" VPOS="947" WIDTH="4" HEIGHT="4" WC="0.42" CONTENT="."/><SP WIDTH="25" VPOS="947" HPOS="367"/>
							<String ID="string_132" HPOS="392" VPOS="947" WIDTH="32" HEIGHT="4" WC="0.42" CONTENT="0.0."/><SP WIDTH="82" VPOS="947" HPOS="424"/>
							<String ID="string_133" HPOS="506" VPOS="946" WIDTH="34" HEIGHT="5" WC="0.30" CONTENT="ee"/><SP WIDTH="24" VPOS="946" HPOS="540"/>
							<String ID="string_134" HPOS="564" VPOS="947" WIDTH="4" HEIGHT="4" WC="0.20" CONTENT="aan"/><SP WIDTH="25" VPOS="947" HPOS="568"/>
							<String ID="string_135" HPOS="593" VPOS="947" WIDTH="4" HEIGHT="5" WC="0.41" CONTENT="a"/><SP WIDTH="54" VPOS="947" HPOS="597"/>
							<String ID="string_136" HPOS="651" VPOS="947" WIDTH="4" HEIGHT="4" WC="0.24" CONTENT="OR"/><SP WIDTH="105" VPOS="947" HPOS="655"/>
							<String ID="string_137" HPOS="760" VPOS="935" WIDTH="96" HEIGHT="20" WC="0.0" CONTENT="25,350;"/><SP WIDTH="-13" VPOS="935" HPOS="856"/>
							<String ID="string_138" HPOS="843" VPOS="930" WIDTH="17" HEIGHT="31" WC="0.92" CONTENT="—"/>
						</TextLine>
						<TextLine ID="line_22" HPOS="133" VPOS="947" WIDTH="550" HEIGHT="44">
							<String ID="string_139" HPOS="133" VPOS="968" WIDTH="104" HEIGHT="17" WC="0.91" CONTENT="Kostnader"/><SP WIDTH="19" VPOS="968" HPOS="237"/>
							<String ID="string_140" HPOS="256" VPOS="968" WIDTH="28" HEIGHT="17" WC="0.93" CONTENT="för"/><SP WIDTH="18" VPOS="968" HPOS="284"/>
							<String ID="string_141" HPOS="302" VPOS="968" WIDTH="121" HEIGHT="23" WC="0.92" CONTENT="uppsättning"/><SP WIDTH="18" VPOS="968" HPOS="423"/>
							<String ID="string_142" HPOS="441" VPOS="947" WIDTH="20" HEIGHT="38" WC="0.85" CONTENT="af"/><SP WIDTH="17" VPOS="947" HPOS="461"/>
							<String ID="string_143" HPOS="478" VPOS="947" WIDTH="70" HEIGHT="39" WC="0.96" CONTENT="Finska"/><SP WIDTH="11" VPOS="947" HPOS="548"/>
							<String ID="string_144" HPOS="559" VPOS="968" WIDTH="124" HEIGHT="23" WC="0.89" CONTENT="Dragonrege-"/>
						</TextLine>
						<TextLine ID="line_23" HPOS="156" VPOS="1002" WIDTH="527" HEIGHT="23">
							<String ID="string_145" HPOS="156" VPOS="1004" WIDTH="73" HEIGHT="20" WC="0.95" CONTENT="mentet,"/><SP WIDTH="20" VPOS="1004" HPOS="229"/>
							<String ID="string_146" HPOS="249" VPOS="1003" WIDTH="59" HEIGHT="17" WC="0.96" CONTENT="såsom"/><SP WIDTH="19" VPOS="1003" HPOS="308"/>
							<String ID="string_147" HPOS="327" VPOS="1003" WIDTH="75" HEIGHT="22" WC="0.96" CONTENT="uppköp"/><SP WIDTH="18" VPOS="1003" HPOS="402"/>
							<String ID="string_148" HPOS="420" VPOS="1002" WIDTH="21" HEIGHT="18" WC="0.96" CONTENT="af"/><SP WIDTH="10" VPOS="1002" HPOS="441"/>
							<String ID="string_149" HPOS="451" VPOS="1002" WIDTH="69" HEIGHT="22" WC="0.96" CONTENT="hästar,"/><SP WIDTH="13" VPOS="1002" HPOS="520"/>
							<String ID="string_150" HPOS="533" VPOS="1002" WIDTH="110" HEIGHT="22" WC="0.93" CONTENT="beklädnad,"/><SP WIDTH="13" VPOS="1002" HPOS="643"/>
							<String ID="string_151" HPOS="656" VPOS="1005" WIDTH="27" HEIGHT="15" WC="0.91" CONTENT="ut-"/>
						</TextLine>
						<TextLine ID="line_24" HPOS="156" VPOS="1036" WIDTH="699" HEIGHT="24">
							<String ID="string_152" HPOS="156" VPOS="1037" WIDTH="77" HEIGHT="23" WC="0.95" CONTENT="redning"/><SP WIDTH="12" VPOS="1037" HPOS="233"/>
							<String ID="string_153" HPOS="245" VPOS="1043" WIDTH="23" HEIGHT="12" WC="0.92" CONTENT="m."/><SP WIDTH="13" VPOS="1043" HPOS="268"/>
							<String ID="string_154" HPOS="281" VPOS="1043" WIDTH="22" HEIGHT="12" WC="0.85" CONTENT="m."/><SP WIDTH="32" VPOS="1043" HPOS="303"/>
							<String ID="string_155" HPOS="335" VPOS="1051" WIDTH="3" HEIGHT="4" WC="0.86" CONTENT="."/><SP WIDTH="25" VPOS="1051" HPOS="338"/>
							<String ID="string_156" HPOS="363" VPOS="1051" WIDTH="4" HEIGHT="4" WC="0.88" CONTENT="."/><SP WIDTH="25" VPOS="1051" HPOS="367"/>
							<String ID="string_157" HPOS="392" VPOS="1051" WIDTH="3" HEIGHT="4" WC="0.89" CONTENT="."/><SP WIDTH="197" VPOS="1051" HPOS="395"/>
							<String ID="string_158" HPOS="592" VPOS="1051" WIDTH="62" HEIGHT="5" WC="0.22" CONTENT="PITÄEN"/><SP WIDTH="94" VPOS="1051" HPOS="654"/>
							<String ID="string_159" HPOS="748" VPOS="1036" WIDTH="107" HEIGHT="22" WC="0.42" CONTENT="206,634|"/><SP WIDTH="-19" VPOS="1036" HPOS="855"/>
							<String ID="string_160" HPOS="836" VPOS="1032" WIDTH="23" HEIGHT="30" WC="0.96" CONTENT="81"/>
						</TextLine>
						<TextLine ID="line_25" HPOS="133" VPOS="1047" WIDTH="566" HEIGHT="52">
							<String ID="string_161" HPOS="133" VPOS="1072" WIDTH="36" HEIGHT="17" WC="0.93" CONTENT="Till"/><SP WIDTH="13" VPOS="1072" HPOS="169"/>
							<String ID="string_162" HPOS="182" VPOS="1072" WIDTH="115" HEIGHT="23" WC="0.92" CONTENT="uppförande"/><SP WIDTH="12" VPOS="1072" HPOS="297"/>
							<String ID="string_163" HPOS="309" VPOS="1072" WIDTH="20" HEIGHT="18" WC="0.96" CONTENT="af"/><SP WIDTH="12" VPOS="1072" HPOS="329"/>
							<String ID="string_164" HPOS="341" VPOS="1047" WIDTH="174" HEIGHT="52" WC="0.23" CONTENT="Näsörnibyggnsder"/><SP WIDTH="9" VPOS="1047" HPOS="515"/>
							<String ID="string_165" HPOS="524" VPOS="1051" WIDTH="28" HEIGHT="39" WC="0.96" CONTENT="för"/><SP WIDTH="8" VPOS="1051" HPOS="552"/>
							<String ID="string_166" HPOS="560" VPOS="1051" WIDTH="70" HEIGHT="39" WC="0.96" CONTENT="Finska"/><SP WIDTH="8" VPOS="1051" HPOS="630"/>
							<String ID="string_167" HPOS="638" VPOS="1051" WIDTH="45" HEIGHT="39" WC="0.92" CONTENT="Dra-"/><SP WIDTH="15" VPOS="1051" HPOS="683"/>
							<String ID="string_168" HPOS="698" VPOS="1066" WIDTH="1" HEIGHT="5" WC="0.85" CONTENT="|"/>
						</TextLine>
						<TextLine ID="line_26" HPOS="156" VPOS="1106" WIDTH="700" HEIGHT="23">
							<String ID="string_169" HPOS="156" VPOS="1108" WIDTH="149" HEIGHT="21" WC="0.90" CONTENT="gonregementet"/><SP WIDTH="12" VPOS="1108" HPOS="305"/>
							<String ID="string_170" HPOS="317" VPOS="1107" WIDTH="6" HEIGHT="16" WC="0.93" CONTENT="i"/><SP WIDTH="13" VPOS="1107" HPOS="323"/>
							<String ID="string_171" HPOS="336" VPOS="1106" WIDTH="154" HEIGHT="18" WC="0.91" CONTENT="Willmanstrand"/><SP WIDTH="17" VPOS="1106" HPOS="490"/>
							<String ID="string_172" HPOS="507" VPOS="1119" WIDTH="4" HEIGHT="6" WC="0.92" CONTENT="."/><SP WIDTH="139" VPOS="1119" HPOS="511"/>
							<String ID="string_173" HPOS="650" VPOS="1119" WIDTH="4" HEIGHT="4" WC="0.71" CONTENT="3"/><SP WIDTH="25" VPOS="1119" HPOS="654"/>
							<String ID="string_174" HPOS="679" VPOS="1119" WIDTH="20" HEIGHT="7" WC="0.36" CONTENT="&lt;)"/><SP WIDTH="49" VPOS="1119" HPOS="699"/>
							<String ID="string_175" HPOS="748" VPOS="1106" WIDTH="108" HEIGHT="21" WC="0.73" CONTENT="650,000]"/><SP WIDTH="-12" VPOS="1106" HPOS="856"/>
							<String ID="string_176" HPOS="844" VPOS="1102" WIDTH="17" HEIGHT="31" WC="0.90" CONTENT="—"/>
						</TextLine>
						<TextLine ID="line_27" HPOS="133" VPOS="1128" WIDTH="723" HEIGHT="40">
							<String ID="string_177" HPOS="133" VPOS="1142" WIDTH="35" HEIGHT="17" WC="0.93" CONTENT="Till"/><SP WIDTH="14" VPOS="1142" HPOS="168"/>
							<String ID="string_178" HPOS="182" VPOS="1142" WIDTH="70" HEIGHT="17" WC="0.96" CONTENT="diverse"/><SP WIDTH="13" VPOS="1142" HPOS="252"/>
							<String ID="string_179" HPOS="265" VPOS="1141" WIDTH="33" HEIGHT="18" WC="0.92" CONTENT="och"/><SP WIDTH="13" VPOS="1141" HPOS="298"/>
							<String ID="string_180" HPOS="311" VPOS="1141" WIDTH="120" HEIGHT="18" WC="0.92" CONTENT="oförutsedda"/><SP WIDTH="11" VPOS="1141" HPOS="431"/>
							<String ID="string_181" HPOS="442" VPOS="1141" WIDTH="78" HEIGHT="23" WC="0.93" CONTENT="utgifter"/><SP WIDTH="12" VPOS="1141" HPOS="520"/>
							<String ID="string_182" HPOS="532" VPOS="1142" WIDTH="50" HEIGHT="17" WC="0.93" CONTENT="utom"/><SP WIDTH="13" VPOS="1142" HPOS="582"/>
							<String ID="string_183" HPOS="595" VPOS="1143" WIDTH="38" HEIGHT="16" WC="0.93" CONTENT="stat"/><SP WIDTH="18" VPOS="1143" HPOS="633"/>
							<String ID="string_184" HPOS="651" VPOS="1154" WIDTH="3" HEIGHT="4" WC="0.92" CONTENT="."/><SP WIDTH="44" VPOS="1154" HPOS="654"/>
							<String ID="string_185" HPOS="698" VPOS="1128" WIDTH="2" HEIGHT="40" WC="0.81" CONTENT="|"/><SP WIDTH="60" VPOS="1128" HPOS="700"/>
							<String ID="string_186" HPOS="760" VPOS="1141" WIDTH="62" HEIGHT="21" WC="0.89" CONTENT="70,877|"/><SP WIDTH="12" VPOS="1141" HPOS="822"/>
							<String ID="string_187" HPOS="834" VPOS="1142" WIDTH="22" HEIGHT="16" WC="0.96" CONTENT="67"/>
						</TextLine>
						<TextLine ID="line_28" HPOS="306" VPOS="1169" WIDTH="394" HEIGHT="29">
							<String ID="string_188" HPOS="306" VPOS="1186" WIDTH="21" HEIGHT="2" WC="0.92" CONTENT="—"/><SP WIDTH="14" VPOS="1186" HPOS="327"/>
							<String ID="string_189" HPOS="341" VPOS="1176" WIDTH="96" HEIGHT="22" WC="0.22" CONTENT="1,138,778:"/><SP WIDTH="12" VPOS="1176" HPOS="437"/>
							<String ID="string_190" HPOS="449" VPOS="1177" WIDTH="27" HEIGHT="17" WC="0.91" CONTENT="59."/><SP WIDTH="14" VPOS="1177" HPOS="476"/>
							<String ID="string_191" HPOS="490" VPOS="1186" WIDTH="22" HEIGHT="2" WC="0.91" CONTENT="—"/><SP WIDTH="186" VPOS="1186" HPOS="512"/>
							<String ID="string_192" HPOS="698" VPOS="1169" WIDTH="2" HEIGHT="18" WC="0.89" CONTENT="|"/>
						</TextLine>
						<TextLine ID="line_29" HPOS="178" VPOS="1268" WIDTH="461" HEIGHT="27">
							<String ID="string_193" HPOS="178" VPOS="1268" WIDTH="65" HEIGHT="27" WC="0.92" CONTENT="Utgift"/><SP WIDTH="12" VPOS="1268" HPOS="243"/>
							<String ID="string_194" HPOS="255" VPOS="1275" WIDTH="25" HEIGHT="13" WC="0.93" CONTENT="ur"/><SP WIDTH="12" VPOS="1275" HPOS="280"/>
							<String ID="string_195" HPOS="292" VPOS="1268" WIDTH="113" HEIGHT="27" WC="0.92" CONTENT="Besparade"/><SP WIDTH="12" VPOS="1268" HPOS="405"/>
							<String ID="string_196" HPOS="417" VPOS="1268" WIDTH="222" HEIGHT="20" WC="0.92" CONTENT="artellmedelsfonden."/>
						</TextLine>
						<TextLine ID="line_30" HPOS="133" VPOS="1313" WIDTH="550" HEIGHT="23">
							<String ID="string_197" HPOS="133" VPOS="1313" WIDTH="35" HEIGHT="17" WC="0.93" CONTENT="Till"/><SP WIDTH="19" VPOS="1313" HPOS="168"/>
							<String ID="string_198" HPOS="187" VPOS="1313" WIDTH="105" HEIGHT="23" WC="0.92" CONTENT="grundfond"/><SP WIDTH="18" VPOS="1313" HPOS="292"/>
							<String ID="string_199" HPOS="310" VPOS="1314" WIDTH="29" HEIGHT="17" WC="0.96" CONTENT="för"/><SP WIDTH="12" VPOS="1314" HPOS="339"/>
							<String ID="string_200" HPOS="351" VPOS="1315" WIDTH="29" HEIGHT="16" WC="0.93" CONTENT="tre"/><SP WIDTH="12" VPOS="1315" HPOS="380"/>
							<String ID="string_201" HPOS="392" VPOS="1313" WIDTH="120" HEIGHT="23" WC="0.93" CONTENT="sgvadroners"/><SP WIDTH="12" VPOS="1313" HPOS="512"/>
							<String ID="string_202" HPOS="524" VPOS="1313" WIDTH="21" HEIGHT="18" WC="0.96" CONTENT="af"/><SP WIDTH="11" VPOS="1313" HPOS="545"/>
							<String ID="string_203" HPOS="556" VPOS="1313" WIDTH="70" HEIGHT="18" WC="0.93" CONTENT="Finska"/><SP WIDTH="12" VPOS="1313" HPOS="626"/>
							<String ID="string_204" HPOS="638" VPOS="1313" WIDTH="45" HEIGHT="18" WC="0.92" CONTENT="Dra-"/>
						</TextLine>
						<TextLine ID="line_31" HPOS="155" VPOS="1334" WIDTH="700" HEIGHT="38">
							<String ID="string_205" HPOS="155" VPOS="1349" WIDTH="148" HEIGHT="21" WC="0.92" CONTENT="gonregementet"/><SP WIDTH="12" VPOS="1349" HPOS="303"/>
							<String ID="string_206" HPOS="315" VPOS="1348" WIDTH="121" HEIGHT="18" WC="0.90" CONTENT="artellkasson"/><SP WIDTH="17" VPOS="1348" HPOS="436"/>
							<String ID="string_207" HPOS="453" VPOS="1362" WIDTH="1" HEIGHT="4" WC="0.83" CONTENT="."/><SP WIDTH="24" VPOS="1362" HPOS="454"/>
							<String ID="string_208" HPOS="478" VPOS="1362" WIDTH="4" HEIGHT="4" WC="0.86" CONTENT="."/><SP WIDTH="25" VPOS="1362" HPOS="482"/>
							<String ID="string_209" HPOS="507" VPOS="1362" WIDTH="4" HEIGHT="4" WC="0.86" CONTENT="."/><SP WIDTH="25" VPOS="1362" HPOS="511"/>
							<String ID="string_210" HPOS="536" VPOS="1362" WIDTH="4" HEIGHT="4" WC="0.5" CONTENT="."/><SP WIDTH="25" VPOS="1362" HPOS="540"/>
							<String ID="string_211" HPOS="565" VPOS="1362" WIDTH="3" HEIGHT="2" WC="0.33" CONTENT="&lt;"/><SP WIDTH="26" VPOS="1362" HPOS="568"/>
							<String ID="string_212" HPOS="594" VPOS="1362" WIDTH="3" HEIGHT="4" WC="0.33" CONTENT="."/><SP WIDTH="25" VPOS="1362" HPOS="597"/>
							<String ID="string_213" HPOS="622" VPOS="1362" WIDTH="4" HEIGHT="4" WC="0.30" CONTENT="."/><SP WIDTH="24" VPOS="1362" HPOS="626"/>
							<String ID="string_214" HPOS="650" VPOS="1361" WIDTH="5" HEIGHT="4" WC="0.35" CONTENT="+"/><SP WIDTH="117" VPOS="1361" HPOS="655"/>
							<String ID="string_215" HPOS="772" VPOS="1334" WIDTH="55" HEIGHT="38" WC="0.88" CONTENT="7,500!"/><SP WIDTH="13" VPOS="1334" HPOS="827"/>
							<String ID="string_216" HPOS="840" VPOS="1356" WIDTH="15" HEIGHT="4" WC="0.88" CONTENT="—"/>
						</TextLine>
						<TextLine ID="line_32" HPOS="582" VPOS="1452" WIDTH="273" HEIGHT="31">
							<String ID="string_217" HPOS="582" VPOS="1452" WIDTH="102" HEIGHT="31" WC="0.96" CONTENT="Transport"/><SP WIDTH="46" VPOS="1452" HPOS="684"/>
							<String ID="string_218" HPOS="730" VPOS="1456" WIDTH="89" HEIGHT="21" WC="0.13" CONTENT="6,393,111|"/><SP WIDTH="14" VPOS="1456" HPOS="819"/>
							<String ID="string_219" HPOS="833" VPOS="1456" WIDTH="22" HEIGHT="17" WC="0.96" CONTENT="43"/>
						</TextLine>
					</TextBlock>
				</ComposedBlock>
				<GraphicalElement ID="cblock_7" HPOS="864" VPOS="201" WIDTH="4" HEIGHT="1275"></GraphicalElement >
			</PrintSpace>
		</Page>
	</Layout>
</alto>
