1103 1700
320 133 76 22 Ständ.
413 132 49 22 Skr.
481 145 25 2 —
523 132 89 22 XXXII.
795 134 27 20 29

91 199 52 20 sten
166 198 61 21 varit
250 197 119 29 kungjord
391 197 39 22 till
448 198 134 28 ansökning
598 198 63 21 inom
677 198 80 20 trettio
773 197 77 29 dagar,

90 234 124 20 utnämner
237 232 45 22 den
298 232 26 21 af
337 232 141 25 sökandene,
494 239 50 14 som
560 232 151 21 direktionen
725 232 76 21 finner
814 231 38 21 till

90 266 104 29 tjensten
216 266 140 29 lämpligast.
388 266 43 22 Om
454 266 150 22 direktionen
624 266 52 21 icke
691 273 68 15 anser
773 266 78 28 nägon

91 301 26 21 af
137 301 52 22 dem
209 302 38 21 för
261 301 166 29 befattningen
442 301 56 21 fullt
512 301 104 28 lämplig,
634 308 53 21 eger
703 301 148 21 direktionen

91 336 60 28 ånyo
167 336 65 21 anslå
247 336 103 28 tjensten
365 335 38 22 till
419 336 139 28 ansökning.

159 370 89 22 Kassör
263 370 43 22 och
322 370 216 22 kontorsskrifvare
548 370 42 21 vid
602 370 249 28 afdelningskontoren

90 406 123 20 utnämnas
230 404 25 22 af
265 405 149 21 direktionen
425 404 8 22 i
444 404 121 22 enahanda
576 404 107 29 ordning,
695 412 50 14 som
756 404 96 28 tjenste-

91 442 101 18 männen
207 440 41 21 vid
259 439 207 28 hufvudkontoret,
479 439 60 21 efter
549 439 40 21 det
599 438 173 22 vederbörande
779 438 73 22 bank-

90 474 161 21 kommissarie
275 474 99 21 lemnats
395 474 94 21 tillfälle
506 476 34 18 att
554 475 64 27 yttra
634 473 37 28 sig
686 480 37 14 om
739 473 112 21 sökande-

90 515 41 14 nas
147 508 145 29 lämplighet.

440 573 28 20 53
484 573 20 26 S.

160 618 46 21 Vid
227 618 148 21 besättandet
398 617 26 21 af
444 617 118 22 ordinarie
585 617 73 28 tjenst
678 617 8 21 i
701 617 93 21 banken
809 617 43 21 bör

89 652 181 29 hufvudsakligt
291 652 109 22 afseende
415 652 73 21 fästas
504 652 41 22 vid
561 652 131 21 sökandens
708 651 144 28 skicklighet

90 687 44 22 och
149 687 144 28 lämplighet.
321 687 46 21 Till
383 687 108 21 vilkoren
506 687 37 21 för
558 689 35 19 att
610 687 74 21 såsom
699 686 98 29 lämplig
812 693 40 14 an-

90 729 37 14 ses
142 721 43 22 hör
198 722 89 28 jemväl
303 721 129 29 ådagalagd
447 721 106 28 förmåga
568 723 41 26 att,
629 721 4 21 i
648 721 45 21 den
709 721 143 28 omfattning

90 756 115 28 tjenstens
231 755 162 22 beskaffenhet
420 755 111 29 påkallar,
556 755 106 22 använda
685 755 101 21 svenska
808 754 43 22 och

89 790 77 22 finska
181 791 100 28 språken
297 791 8 20 i
320 791 33 20 tal
369 790 43 22 och
427 790 77 21 skrift.

438 866 28 21 54
482 867 20 25 $.

160 911 154 22 Direktionen
337 919 55 21 eger
415 911 40 22 vid
474 911 74 21 behof
562 910 98 22 anställa
676 912 64 19 extra
755 910 96 28 tjenste-

91 949 54 18 män
167 947 8 20 i
198 946 99 21 banken.
333 945 123 22 Erfordras
479 945 37 22 för
538 945 83 21 sådant
643 945 106 21 ändamål
770 944 82 28 anslag

91 980 93 21 utöfver
207 980 104 21 bankens
335 982 52 25 stat,
411 980 137 21 ankommer
570 979 94 28 frågans
681 979 125 28 afgörande
822 979 30 28 på

91 1014 218 29 bankfullmäktige.

438 1079 28 20 55
483 1079 20 25 8.

160 1123 163 22 Vaktmästare
348 1125 97 27 antagas
469 1123 43 22 och
536 1123 130 28 entledigas
689 1122 40 22 vid
751 1121 101 23 hufvud-

91 1159 110 21 kontoret
223 1158 26 22 af
268 1159 160 21 direktionens
444 1158 146 27 ordförande,
606 1157 41 22 vid
662 1156 189 29 afdelningskon-

90 1195 68 19 toren
173 1193 26 21 af
213 1192 173 22 vederbörande
401 1192 234 22 bankkommissarie.
663 1192 35 20 De
714 1191 39 21 vid
768 1191 84 21 konto-

91 1230 35 18 ret
148 1228 9 20 i
179 1228 35 21 S:t
236 1227 143 28 Petersburg
399 1227 107 21 anstälda
521 1226 218 29 penningeräknare
754 1228 96 26 antagas

91 1262 43 21 och
151 1262 107 21 afskedas
274 1262 113 21 likaledes
403 1262 26 21 af
441 1260 250 23 bankkommissarien.

442 1332 28 20 56
486 1332 20 25 8.

160 1376 114 29 Samtliga
296 1376 106 22 bankens
425 1376 143 28 tjenstemän
590 1376 56 21 böra
669 1375 68 21 ställa
760 1375 36 27 sig
813 1374 39 21 till

91 1411 156 22 efterrättelse
263 1412 64 20 såväl
343 1411 64 21 detta
418 1411 145 28 reglemente
575 1417 49 15 som
636 1410 27 21 de
673 1408 177 28 instruktioner,

91 1446 81 21 hvilka
192 1446 80 21 kunna
293 1445 70 21 varda
378 1445 26 21 af
417 1444 215 28 bankfullmäktige
646 1444 30 28 på
691 1443 159 21 direktionens
