1103 1700
376 152 27 22 U.
418 152 25 22 B.
459 152 157 21 111--XXXI.
830 152 11 20 7

113 222 77 27 serliga
205 222 94 21 Senaten
315 222 42 20 den
375 228 25 14 10
415 222 91 20 februari
522 222 52 26 1892
591 221 82 25 bifallit,
691 221 42 21 och
749 221 38 21 har
802 220 70 22 Stats-

112 256 102 21 kontoret
229 257 28 26 pä
273 256 69 27 grund
357 256 24 20 af
393 256 312 26 Ecklesiastikexpeditionens
722 255 112 21 skrifvelse
850 255 25 20 af

113 298 82 13 samma
211 291 42 26 dag
271 292 6 18 i
293 290 42 20 och
350 290 32 20 för
397 290 130 27 förvaltning
543 292 115 25 emottagit
674 290 93 20 berörda
783 289 89 27 belopp.

182 330 206 21 Donationsbrefvet
404 331 23 19 är
442 330 25 21 af
478 330 94 27 följande
587 330 95 27 lydelse:

185 410 5 10 p
197 393 40 21 Till
253 393 42 21 den
318 394 24 20 af
353 395 116 25 magistern
489 394 71 20 Edvin
581 394 25 20 L.
622 393 100 20 Hedman
738 392 135 28 grundlagda

115 428 42 20 och
179 428 49 20 med
251 428 132 26 statsbidrag
405 428 138 20 underhällna
566 428 106 20 anstalten
695 428 33 20 för
744 428 125 26 andesvaga

115 462 63 20 barns
201 462 152 26 undervisning
375 462 42 20 och
440 462 129 27 uppfostran
592 462 81 20 donera
688 461 183 25 undertecknade,

113 496 37 27 jag
173 496 96 21 Gustava
291 496 118 27 Holmgren
428 496 42 20 och
482 496 38 27 jag
535 496 91 21 Matilda
641 496 111 27 Töhlgren
768 496 106 26 härjemte

117 534 31 17 ett
169 530 83 27 kapital
273 530 25 20 af
317 530 121 27 tjugutusen
461 532 93 26 (20,000)
575 530 68 21 finska
658 530 60 21 mark
734 531 29 26 pä
778 530 94 26 följande

116 564 79 21 vilkor:

186 600 101 20 Fondens
298 606 63 14 namn
371 599 83 21 blifver:
468 600 96 21 Gustava
575 599 130 27 Holmgrens
716 599 42 21 och
769 599 106 21 Mathilda

117 633 120 27 Töhlgrens
261 634 168 21 donationsfond
452 634 32 21 för
505 635 125 26 andesvaga
651 635 52 20 barn
722 634 32 21 till
769 635 71 19 minne
856 633 23 21 af

118 668 79 20 broder
211 669 78 20 aflidne
305 670 176 25 possessionaten
497 669 70 20 Adolf
581 669 140 26 Holmgren".

185 703 128 20 Förbehälla
335 704 21 19 vi
378 710 37 13 oss
438 707 31 17 att
493 703 66 21 under
581 703 37 20 vär
646 704 137 20 återstående
809 703 67 20 lifstid

119 736 82 27 årligen
216 737 42 20 den
275 743 22 20 31
316 737 121 21 December
453 737 20 21 få
488 737 100 27 uppbära
603 737 61 21 ränta
679 738 12 20 å
707 738 61 20 detta
784 737 92 27 kapital,

119 770 109 22 beräknad
245 771 53 21 efter
309 771 43 20 fem
362 771 32 21 för
405 771 111 21 hundrade
527 779 35 13 om
573 772 46 20 året
632 771 50 20 med
694 771 82 21 hälften
790 771 88 21 enhvar.

187 835 62 21 Efter
270 835 91 20 enderas
381 835 38 20 vår
435 835 44 20 död
494 835 54 20 skall
563 835 76 20 räntan
654 842 12 13 å
682 835 73 20 halfva
770 835 108 26 kapitalet

119 873 56 18 samt
190 870 55 20 efter
260 869 117 21 hvarderas
392 870 37 19 vår
445 869 44 20 död
505 869 75 21 räntan
596 870 12 19 å
618 869 49 20 hela
679 869 106 28 kapitalet
797 869 81 20 använ-

119 904 39 21 das
182 904 31 21 till
234 903 118 21 understöd
374 905 6 18 i
399 903 55 20 form
470 903 24 20 af
506 903 174 27 arbetsredskap,
697 903 180 25 arbetsmaterial,

119 938 75 21 kläder
217 938 50 20 eller
289 937 115 21 kontanter
425 938 22 20 åt
470 937 118 21 medellösa
609 945 23 13 ur
648 937 107 22 anstalten
770 938 108 27 afgående

120 973 51 20 eller
193 973 108 26 afgångna
323 972 78 25 elever,
424 979 48 14 som
500 973 26 20 af
551 973 118 20 anstaltens
693 973 186 27 lärarekollegium

120 1007 88 26 pröfvas
224 1013 51 14 vara
291 1006 81 21 deraf
365 1002 12 35 i
388 1007 73 20 behof.

189 1041 10 20 I
214 1041 35 20 fall
264 1041 47 20 icke
327 1041 42 20 den
384 1041 66 26 årliga
466 1041 75 21 räntan
556 1041 43 20 kan
615 1041 50 20 eller
680 1041 105 21 behöfver
800 1041 80 21 använ-

122 1075 39 20 das
181 1075 32 21 till
234 1075 159 20 ofvannämnda
414 1075 106 25 ändamål,
544 1075 54 21 skall
620 1079 77 21 resten,
722 1076 109 21 beroende
850 1077 29 26 på

121 1109 182 27 lärarekollegiets
324 1109 106 28 pröfning,
450 1111 102 26 antingen
568 1110 76 27 läggas
659 1110 30 21 till
704 1110 106 27 kapitalet
827 1110 52 21 eller

122 1145 29 26 på
173 1148 64 17 annat
260 1144 44 21 sätt
323 1144 31 21 till
376 1144 124 21 dåvarande
522 1144 51 21 eller
592 1144 83 21 vordne
698 1144 83 21 elevers
807 1148 72 23 nytta,

122 1178 116 21 användas.

190 1241 72 21 Skulle
284 1241 106 21 anstalten
411 1241 26 21 af
456 1248 26 14 en
498 1242 51 20 eller
564 1248 70 14 annan
649 1242 115 26 anledning
779 1242 101 27 upphöra

123 1276 50 20 med
195 1277 32 19 sin
245 1275 138 21 verksamhet
405 1276 55 20 skall
481 1276 80 20 fonden
578 1278 7 18 i
605 1278 32 18 sin
652 1276 74 21 helhet
741 1276 81 21 tillfalla
839 1276 42 21 den

123 1310 80 20 anstalt
223 1310 51 20 eller
289 1310 122 27 inrättning,
427 1317 49 13 som
490 1312 7 19 i
512 1310 74 21 landet
601 1310 119 27 behörigen
735 1310 146 21 konstitueras

123 1344 42 20 och
185 1344 89 21 inrättas
297 1344 32 20 för
350 1344 101 21 likartadt
474 1344 106 21 ändamål.
618 1344 142 28 Helsingfors,
785 1345 42 20 den
855 1345 25 20 18

123 1378 123 21 December
265 1379 60 26 1891.

185 1440 98 21 Gustava
297 1441 128 27 Holmgren.
564 1442 111 20 Mathilda
694 1441 126 27 Töhlgren.*

196 1504 130 16 Statsutskottets
339 1504 103 16 betänkande
454 1504 34 16 N:o
498 1509 18 16 3.
