1103 1700
251 131 40 20 166
594 130 22 21 HI

222 198 113 22 derlöshet
356 198 34 22 till
412 198 120 26 äktenskap
549 197 140 23 öfverhufvud
705 198 55 22 eller
775 198 104 22 särskildt
893 200 49 20 med
957 200 34 20 af-

222 232 80 22 seende
313 234 13 20 ä
336 232 136 28 namngifven
488 232 142 28 fästegvinna,
647 236 53 18 utan
716 232 80 22 endast
811 232 134 22 konstaterat
955 234 35 20 att

222 267 79 21 hinder
323 266 18 27 ej
365 268 67 20 mötte
455 266 60 21 Elias
537 266 39 22 H:s
592 266 130 28 förelysning
737 266 35 22 till
788 266 127 28 äktenskap,
931 269 56 19 samt

222 308 77 21 genom
317 303 32 21 att
363 301 28 28 pä
406 301 69 27 grund
492 301 24 21 af
529 303 32 20 ett
576 301 25 22 sä
617 302 122 21 beskaffadt
755 302 62 27 intyg
827 302 64 22 hafva
902 302 19 28 ej
932 302 57 21 blott

223 336 106 22 afkunnat
352 336 83 27 lysning
458 336 34 21 till
515 336 121 27 äktenskap
652 336 80 21 mellan
749 336 61 21 Elias
824 336 28 21 H.
868 336 39 22 och
923 336 66 22 Fred-

222 370 48 22 rika
286 370 26 22 N.
329 372 51 20 utan
396 370 39 22 ock
450 370 79 22 skridit
544 370 34 22 till
593 370 197 22 kontrahenternas
799 371 191 27 sammanvigning,

222 404 67 22 hafva
305 404 49 22 låtit
369 404 88 22 komma
472 404 33 28 sig
520 405 33 21 till
564 405 43 21 last
618 407 32 19 ett
660 404 137 22 förbiseende
808 405 24 21 af
840 404 151 27 stadgandena

223 439 5 21 i
246 438 146 28 nyssnämnda
406 438 132 28 förordning,
554 439 107 27 hvarföre,
670 439 39 21 och
724 439 29 21 dä
765 439 142 27 domkapitlet
917 438 71 22 tillika

223 474 72 21 ansett
319 473 148 27 kyrkoherden
491 474 37 21 A:s
548 474 143 27 nyssberörda
706 474 62 27 intyg
784 480 51 15 vara
849 474 46 21 icke
911 473 54 21 blott
981 474 8 20 i

223 509 79 26 många
325 507 114 23 afseenden
455 508 133 27 bristfälligt,
609 510 52 20 utan
678 508 63 21 äfven
758 508 6 21 i
781 508 42 27 hög
838 508 53 27 grad
906 508 82 21 vilsele-

224 542 76 27 dande,
325 544 50 20 enär
399 542 66 22 denne
480 542 7 21 i
503 542 54 27 följd
580 542 23 21 af
624 542 128 27 stadgandet
769 542 7 21 i
794 544 9 19 1
821 543 12 28 &
848 542 24 22 af
893 542 95 27 änsagda

223 577 127 27 förordning
365 577 6 21 i
388 577 140 22 förevarande
544 577 38 21 fall
597 577 47 21 icke
661 579 35 25 egt
715 578 72 26 någon
803 577 134 27 befogenhet,
954 576 35 21 så-

224 617 46 16 som
294 611 42 21 han
357 611 40 22 ock
413 611 79 22 saknat
507 611 30 21 all
552 611 92 21 tänkbar
660 611 116 27 anledning
792 613 32 20 att
839 611 33 22 för
886 611 59 21 Elias
960 611 27 21 H.

223 645 89 22 utfärda
327 645 65 27 något
407 645 233 28 hinderlöshetsbetyg,
656 645 66 21 innan
737 645 152 27 kyrkoherden
904 645 25 22 A.
940 644 52 28 sjelf

223 680 28 28 på
274 680 69 27 grund
367 680 23 21 af
411 680 35 21 det
470 680 23 21 af
506 680 205 27 pastorsadjunkten
727 679 26 22 G.
770 679 110 28 angående
895 679 93 22 brudens

224 715 61 21 ålder
301 715 39 21 och
357 715 62 21 stånd
434 714 126 22 meddelade
576 716 56 20 samt
648 714 68 21 andra
732 714 34 21 för
783 714 122 22 ändamålet
920 713 67 22 erfor-

225 749 84 27 derliga
331 749 60 27 intyg
406 749 6 21 i
429 749 32 21 sin
485 755 53 21 egen
553 749 138 27 församlings
706 749 72 27 kyrka
794 748 103 22 afkunnat
913 748 75 21 oklan-

224 783 54 21 drad
293 783 84 28 lysning
393 783 32 22 till
442 783 120 28 äktenskap
578 783 185 22 kontrahenterna
780 783 98 26 emellan,
892 789 47 14 men
950 782 37 21 be-

224 817 71 22 mälde
317 817 135 28 kyrkoherde
476 817 59 22 detta
559 817 90 22 oaktadt
672 817 33 22 för
720 817 61 22 Elias
796 817 27 21 H.
839 817 96 21 utfärdat
951 817 37 21 det

224 852 165 27 ifrågavarande
404 852 83 28 intyget
498 855 51 19 utan
559 852 130 27 föregången
700 852 95 27 lysning,
806 852 78 21 hvaraf
893 853 94 25 pastors-

224 887 117 27 adjunkten
357 887 25 21 G.
398 887 81 21 kunnat
494 886 56 22 finna
566 887 46 21 skäl
628 887 33 21 till
677 887 115 21 förmodan
808 889 32 19 att
854 886 85 28 lysning
949 892 37 15 an-

223 922 86 27 gående
325 921 206 28 äktenskapsaftalet
547 921 111 22 allaredan
673 921 56 22 hade
746 921 58 22 skett
819 921 7 21 i
842 921 40 21 den
897 921 91 21 försam-

224 956 51 27 ling,
298 955 88 22 hvartill
409 956 59 21 Elias
491 956 27 21 H.
534 956 74 26 hörde,
624 955 144 28 domkapitlet
784 955 101 27 pröfvade
901 955 86 21 rättvist

223 989 7 22 i
247 989 48 22 stöd
309 989 24 22 af
349 991 38 20 126
404 990 11 28 $
431 991 7 20 i
452 990 100 27 gällande
567 990 106 27 kyrkolag
687 989 33 22 för
732 990 41 21 den
784 989 202 28 pastorsadjunkten

223 1023 25 22 G.
265 1024 32 21 till
313 1024 43 21 last
371 1027 66 24 tagna
456 1024 242 27 tjensteförsummelsen
718 1024 85 21 tilldela
818 1024 77 21 honom
912 1023 75 22 offent-

223 1058 31 27 lig
269 1059 96 27 varning,
382 1065 52 20 som,
454 1059 122 27 skriftligen
592 1059 96 27 affattad,
705 1059 71 21 skulle
792 1065 76 20 genom
884 1058 103 21 vederbö-

223 1093 68 21 rande
306 1093 178 28 kontraktsprost
499 1093 202 28 pastorsadjunkten
717 1093 26 22 G.
760 1093 116 22 tillställas.

291 1127 81 23 Besvär
387 1127 59 23 öfver
462 1128 61 22 detta
538 1128 71 28 utslag
624 1128 64 22 hafva
703 1128 49 22 icke
768 1127 72 23 blifvit
855 1127 98 22 anförda.

291 1231 42 21 Vid
349 1231 39 21 den
408 1232 25 21 15
449 1231 127 27 September
593 1232 55 21 1890
663 1231 56 22 inför
730 1231 141 27 magistraten
883 1231 6 21 i
899 1231 27 21 H.
938 1232 49 21 stad

224 1265 96 22 anstäldt
343 1265 34 21 val
393 1265 23 21 af
430 1266 122 27 fullmäktig
567 1266 33 21 för
616 1266 77 22 staden
708 1266 34 21 till
760 1266 54 21 1891
832 1266 34 20 års
881 1265 105 28 landtdag

221 1300 113 22 anmärkte
359 1300 200 26 tjenstförrättande
582 1300 103 28 kollegan
708 1300 36 21 vid
768 1300 219 21 elementarskolan
975 1296 16 36 i

220 1334 95 21 nämnda
330 1334 49 22 stad
395 1334 257 28 kyrkoherdeadjunkten
667 1335 34 27 K.,
717 1336 33 20 att
765 1334 49 27 han,
831 1340 46 16 som
892 1334 95 22 hvarken

220 1368 107 22 innehade
351 1368 106 22 ordinarie
472 1370 69 26 prest-
556 1369 53 21 eller
626 1368 192 28 skolläraretjenst,
835 1375 47 15 men
898 1369 7 21 i
921 1368 66 28 öfrigt

220 1409 51 15 vore
287 1403 7 21 i
310 1402 126 28 ätnjutande
459 1403 24 21 af
503 1404 43 20 alla
562 1404 26 21 de
604 1403 139 28 egenskaper,
760 1410 45 14 som
822 1403 67 27 enligt
904 1404 35 26 lag
955 1409 32 15 er-

220 1437 113 22 fordrades
348 1437 34 22 for
397 1442 45 18 rätt
457 1442 34 18 att
506 1438 86 28 deltaga
608 1445 7 15 i
630 1441 144 19 törenämnda
788 1441 42 25 val,
841 1440 23 20 af
872 1440 115 25 magistra-
