1103 1700
267 157 14 20 2
322 155 83 23 Ständ.
421 155 90 23 Skrifv.
527 168 28 2 —
570 155 30 23 H.
616 155 27 22 F.
658 155 94 23 Antells
767 156 150 22 testamente.

235 228 55 14 man
310 221 105 22 Frithiof
435 221 81 22 Antell
533 221 37 22 till
586 220 90 23 förmän
692 221 38 22 för
744 221 114 22 Finlands
875 221 51 22 folk
941 228 57 22 upp-

235 255 91 22 rättadt
343 257 145 26 testamente,
504 255 25 22 fä
544 256 131 22 Ständerna
686 256 7 21 i
704 256 188 28 underdänighet
902 255 95 30 anmäla,

236 292 36 20 att
286 290 40 22 vid
337 290 105 27 anstälda
452 291 38 22 val
501 290 26 22 af
535 290 126 22 ledamöter
671 291 9 21 i
691 290 163 30 delegationen
864 290 37 22 för
911 289 86 23 värden

236 325 28 22 af
285 325 28 22 de
336 332 84 22 genom
444 325 96 23 berörda
555 328 138 20 testamente
709 325 116 23 donerade
841 326 157 28 samlingarna

236 359 81 23 blifvit
331 360 109 22 utsedde:

306 394 64 22 inom
393 394 159 28 Ridderskapet
566 395 38 22 och
618 395 82 22 Adelm:
715 395 38 21 till
768 394 162 23 medlemmar:
946 402 51 21 pro-

236 429 100 29 fessorn,
353 429 97 22 friherre
465 430 117 21 Maximus
597 429 128 23 Widekind
741 429 26 23 af
780 429 113 23 Schult6n
911 429 44 23 och
965 436 32 15 se-

236 466 86 20 natorn
346 464 104 28 Leopold
472 464 92 22 Henrik
587 464 131 22 Stanislaus
734 464 125 28 Mechelin;
876 464 37 22 till
929 471 68 21 supp-

236 499 101 21 leanter:
353 498 272 29 vicehäradshöfdingen,
637 498 97 22 friherre
744 498 119 22 Reinhold
872 499 69 21 Felix
951 506 46 14 von

235 533 154 27 Willebrand,
406 533 96 22 artisten
522 533 84 22 Albert
620 533 104 22 Edelfelt
739 533 43 22 och
799 533 198 29 generalmajoren

236 568 81 22 Julius
333 568 26 22 af
371 568 121 27 Lindfors;

306 603 63 23 inom
385 603 169 22 Presteständet:
574 603 37 21 till
626 603 158 22 medlemmar:
800 603 141 28 professorn,
957 602 40 22 fri-

239 637 68 22 herre
322 637 73 22 Ernst
410 637 88 22 Gustaf
511 637 95 22 Palmén
618 637 43 22 och
671 637 182 22 extraordinarie
864 637 133 29 professorn

238 673 57 21 Otto
318 672 104 26 Donner;
451 672 38 22 till
512 672 158 29 suppleanter:
696 672 199 22 filosofiedoktorn
919 672 78 22 Johan

237 707 80 22 Jakob
333 707 129 28 Tikkanen,
474 707 132 28 professorn
618 707 73 22 Ernst
701 707 78 22 Jakob
790 707 123 22 Valdemar
924 707 73 48 Bonss

238 741 65 22 dorff
316 742 43 21 och
373 741 200 22 filosofiedoktorn
589 741 89 22 Arthur
692 741 77 30 Hjelt;

308 777 63 21 inom
394 777 194 28 Borgareståndet:
610 776 38 22 till
671 776 158 22 medlemmar:
855 751 143 47 kanslirådet

238 811 56 22 Carl
320 811 88 22 Gustaf
430 811 126 22 Estlander
580 811 44 22 och
649 811 259 29 politieborgmästaren
933 810 64 23 Elias

237 841 103 33 Öhman;
352 846 37 21 till
400 846 158 29 suppleanter:
570 845 133 23 arkitekten
714 845 59 22 Karl
783 845 88 22 Gustaf
879 845 117 29 Nyström,

237 863 269 46 vicehäradshöfdingen
528 880 92 22 Rudolf
640 880 89 29 Elving
746 880 43 22 och
805 879 192 30 jurisutriusgue-

237 914 103 23 doktorn
355 915 61 22 Axel
431 915 69 28 Lille;
517 918 60 19 samt

308 949 64 23 inom
395 950 172 23 Bondeständet:
588 950 36 21 till
642 949 157 22 medlemmar:
816 949 181 22 extraordinarie

238 984 136 29 professorn
397 985 62 22 Eliel
481 985 98 29 Aspelin
603 985 43 21 och
669 984 208 28 öfverdirektören,
899 984 98 22 friherre

237 1019 124 22 Sebastian
373 1019 155 30 Gripenberg;
540 1019 37 22 till
588 1019 159 29 suppleanter:
759 1018 238 23 filosofiedoktorerne

235 1053 109 30 Hjalmar
366 1054 135 29 Appelgren
524 1054 42 22 och
592 1055 25 22 O.
640 1054 116 22 Relander
778 1056 60 20 samt
852 1054 145 22 filosofiema-

238 1089 92 28 gistern
345 1089 62 22 Emil
423 1089 140 23 Nervander.

307 1130 114 22 Finlands
437 1130 99 22 Ständer
550 1129 132 23 framhärda
697 1132 43 20 etc.

308 1170 156 29 Helsingfors,
480 1170 44 22 den
540 1172 25 21 31
583 1170 47 29 Maj
648 1171 60 22 1894.

315 1500 122 23 Helsingfors,
449 1500 67 18 Finska
529 1500 101 18 Litteratur
643 1500 113 22 Sällskapets
769 1500 86 22 tryckeri,
868 1500 50 18 1894.
