1103 1700
253 114 44 36 200
598 118 23 21 HI

229 186 113 22 1877—178
358 187 36 21 års
409 185 103 29 landtdag
525 186 77 28 gjorde
622 186 34 27 sig
670 186 102 28 gällande
785 186 37 22 vid
836 186 157 28 behandlingen

226 218 26 23 af
273 219 41 23 den
336 219 80 29 nådiga
437 219 163 29 propositionen
622 220 7 22 i
652 221 74 21 ämnet
740 219 36 23 till
792 226 83 16 samma
889 220 104 27 landtdag

225 255 68 27 jemte
308 254 243 22 utskottsbetänkandet
566 254 7 22 i
590 254 115 28 anledning
720 254 70 22 deraf.
815 254 74 22 Säsom
905 255 87 26 bekant,

227 288 114 22 faststälde
363 289 108 27 nemligen
494 289 97 22 hvarken
608 289 41 22 den
664 289 81 27 nädiga
760 289 162 27 propositionen
938 289 55 21 eller

227 322 118 23 utskottets
360 323 80 28 förslag
455 323 102 22 tillvaron
573 324 24 21 af
611 323 94 28 osedligt
716 324 54 22 eller
780 324 109 27 vanartigt
899 323 93 23 lefnads-

228 359 45 20 sätt
296 357 71 23 säsom
391 359 32 21 ett
444 358 156 28 oundgängligt
621 358 71 22 vilkor
714 358 36 22 för
764 364 28 16 en
807 360 59 20 utom
882 358 111 22 hemkom-

227 398 81 16 munen
331 392 182 28 kringstrykande
535 398 90 21 persons
644 392 139 27 anhällande,
800 392 40 22 och
855 392 35 22 vid
905 392 87 26 frågans

228 426 70 22 första
320 426 129 28 behandling
464 426 24 22 af
502 426 123 22 Ständerna
639 426 47 22 blef
699 426 73 22 denna
787 426 139 28 uppfattning
938 426 54 27 jem-

228 460 35 22 väl
287 461 24 21 af
331 463 78 20 tvenne
432 461 70 26 ständ,
526 462 83 26 preste-
624 461 39 22 och
679 461 190 28 borgareständet,
884 460 109 28 godkänd.

228 495 49 22 Men
301 495 55 22 efter
378 495 150 28 försiggängen
551 495 210 28 sammanjemkning
776 496 24 21 af
814 495 103 23 ständens
933 494 60 28 skilj-

227 530 78 27 aktiga
327 530 71 22 beslut
421 530 114 22 framhöllo
554 530 121 22 Ständerna
690 530 123 22 emellertid
828 530 31 22 uti
874 530 33 22 sin
923 536 70 16 svars-

230 563 115 23 skrifvelse
360 564 7 22 i
378 564 116 28 anledning
504 564 24 22 af
536 564 94 22 berörda
640 564 142 28 proposition,
794 566 40 25 att,
846 564 100 28 ,emedan
957 564 37 22 det

229 599 7 21 i
252 599 12 27 $
282 600 9 20 1
309 598 24 22 af
347 599 40 22 den
403 599 80 28 nådiga
503 599 162 28 propositionen
681 601 25 20 är
721 599 125 28 föreslaget,
862 601 33 20 att
909 598 8 22 i
933 599 60 21 detta

228 633 40 21 fall
278 633 67 22 redan
353 635 32 20 ett
395 634 112 27 sysslolöst
518 634 177 27 kringstrykande
704 634 57 21 skall
772 635 78 26 utgöra
860 633 77 28 lagligt
945 633 48 22 skäl

228 667 36 22 för
274 673 117 22 personens
407 668 129 22 anhällande
551 668 41 22 och
607 667 123 22 Ständerna
744 667 78 22 befara
832 669 32 21 att
875 669 32 20 ett
916 667 78 22 sädant

230 701 125 28 stadgande
364 702 73 22 kunde
446 702 58 28 gifva
514 703 116 27 anledning
644 703 33 22 till
693 703 111 22 missbruk
819 703 40 21 och
873 702 119 26 rättsväda,

230 742 52 15 anse
305 737 120 22 Ständerna
446 737 48 22 icke
516 737 56 22 blott
595 737 41 21 den
652 737 194 27 kringstrykandes
860 736 133 22 insändande

230 770 34 21 till
286 773 141 25 guvernören,
446 773 53 20 utan
515 771 63 22 äfven
594 771 54 22 hans
662 771 132 22 anhällande
809 771 53 22 böra
877 773 64 25 göras
956 770 37 22 be-

230 805 81 22 roende
328 805 67 28 deraf,
405 808 34 20 att
452 806 43 21 han
511 805 71 22 blifvit
597 805 92 22 beträdd
705 805 49 22 med
765 805 103 28 ,osedligt
880 805 52 21 eller
942 811 51 15 van-

230 839 67 28 artigt
312 839 144 28 lefnadssätt*,
472 840 88 22 hvartill
575 840 108 27 uttrycket
699 839 134 28 ,osedlighet
843 839 53 22 eller
906 840 87 21 vanart*

229 873 8 21 i
252 873 12 28 8
289 875 18 26 1,
327 874 82 22 hvilket
423 875 43 22 kan
481 875 63 27 tydas
559 875 29 27 pä
603 881 27 15 en
646 875 91 22 enstaka
752 874 110 27 handling,
877 873 67 22 borde
958 875 35 20 ut-

230 908 64 27 bytas
318 909 33 21 för
374 911 32 20 att
429 911 98 20 närmare
542 912 110 19 motsvara
667 909 110 27 uttrycket
791 909 8 21 i
814 909 12 28 $
842 909 13 21 2
870 908 124 27 ,sysslolöst

231 943 40 21 och
287 943 92 28 osedligt
393 943 103 28 lefverne,
512 949 46 16 som
573 944 34 22 till
622 949 55 16 vana
692 943 127 28 öfvergätt*.

304 978 43 21 För
357 979 43 21 min
411 979 33 21 del
460 979 37 21 vill
508 985 30 15 nu
552 978 48 23 icke
616 979 69 21 heller
697 978 40 28 jag
752 977 105 28 bestrida,
865 979 33 20 att
912 977 81 28 frägan,

230 1011 73 23 säsom
318 1013 120 22 berörande
461 1014 41 21 den
518 1013 126 28 personliga
658 1013 100 27 friheten,
776 1015 25 20 är
816 1012 24 22 af
853 1011 90 28 ömtälig
957 1011 37 22 be-

231 1046 127 28 skaffenhet,
373 1048 42 22 och
437 1050 33 20 att
486 1048 40 22 den
542 1048 100 27 gällande
656 1047 164 28 lagstiftningen
835 1047 7 21 i
858 1048 75 20 ämnet
947 1046 48 22 der-

231 1081 47 22 före
300 1081 39 22 bör
362 1082 77 22 endast
456 1082 50 22 med
520 1088 86 16 varsam
621 1082 59 22 hand
694 1082 107 21 vidröras.
830 1081 51 22 Men
897 1081 13 22 &
925 1080 70 22 andra

231 1115 62 23 sidan
315 1116 41 27 får,
376 1117 66 27 enligt
457 1117 44 21 min
516 1117 92 27 mening,
624 1117 48 22 icke
687 1116 70 22 heller
773 1116 103 28 förgätas,
891 1115 7 22 i
914 1114 82 23 hvilket

230 1150 114 28 brydsamt
365 1152 48 27 läge
436 1152 178 27 myndigheterna
636 1151 82 27 ställas,
742 1150 29 22 dä
793 1150 27 22 de
841 1152 55 20 nära
915 1150 28 27 pä
958 1149 37 22 vid

231 1185 74 27 hvarje
328 1188 48 25 steg
399 1186 24 22 af
444 1186 32 22 sin
491 1186 139 22 verksamhet
644 1186 35 22 för
693 1184 158 23 lösdrifveriets
866 1184 129 22 hämmande

230 1219 61 23 finna
313 1220 32 28 sig
367 1220 35 22 stä
424 1221 91 22 emellan
535 1221 59 21 valet
608 1222 34 20 att
656 1220 110 22 mähända
781 1222 54 25 göra
850 1219 33 27 sig
897 1218 98 28 skyldiga

230 1254 36 22 till
289 1256 32 21 ett
343 1255 111 22 straffbart
475 1256 88 27 ingrepp
585 1256 33 22 uti
638 1255 41 22 den
694 1254 126 28 personliga
834 1253 94 22 friheten
942 1254 54 21 eller

229 1290 44 22 ock
296 1290 46 21 visa
361 1296 26 15 en
403 1290 77 22 flathet
493 1290 8 22 i
516 1290 189 28 tillvägagåendet,
722 1295 47 16 som
786 1288 18 28 ej
821 1288 94 22 allenast
929 1287 66 23 fram-

231 1325 72 21 kallar
325 1324 143 28 missaktning
490 1324 57 22 både
569 1327 45 19 mot
637 1325 64 27 lagen
716 1324 42 22 och
774 1324 51 22 dess
840 1321 155 29 handhafvare,

231 1362 54 20 utan
309 1358 63 23 äfven
390 1361 41 27 gör
450 1360 37 21 det
502 1359 48 22 med
565 1359 64 28 lagen
644 1358 99 28 åsyftade
758 1357 126 23 ändamålet
899 1356 98 27 omöjligt

231 1395 36 21 att
281 1394 79 27 uppnå.
