1103 1700
157 482 35 16 Pag.
203 482 21 12 23.

155 699 36 16 Pag.
201 699 21 13 26.

154 952 35 15 Pag.
200 951 21 13 36.

269 151 13 20 4
584 150 72 22 XXXI

238 222 26 22 år,
278 222 5 18 i
296 222 78 19 främsta
386 224 77 16 rummet
474 222 63 18 berott
548 222 63 23 derpä,
624 224 28 17 att
662 223 136 19 vederbörande
806 223 115 19 Guvernörer
929 224 68 23 ojemnt

239 256 78 18 insända
334 257 29 17 till
381 257 209 23 krigskommissariatet
604 258 101 22 räkningar
718 258 50 18 öfver
780 258 106 18 verkstälda
899 259 97 22 spanmäls-

237 291 104 17 leveranser
353 291 41 18 från
406 292 165 22 kronomagasinen
584 292 34 18 och
630 292 29 18 för
671 292 74 23 uppköp
761 292 21 18 af
798 292 34 18 ved
844 293 105 23 förskjutna
961 298 35 13 me-

238 325 35 22 del,
286 325 198 23 Finansexpeditionen
497 326 27 17 uti
533 326 97 18 skrifvelse
638 326 21 18 af
666 326 35 18 den
710 327 22 17 26
742 326 107 23 September
858 328 43 17 1893
911 327 85 18 anmodat

237 359 74 18 landets
329 360 113 18 Guvernörer
459 360 75 23 vidtaga
552 360 67 23 ätgärd
637 360 69 18 derhän
726 362 28 16 att
772 361 86 23 samtliga
875 362 29 17 för
915 362 81 17 militära

237 394 58 18 behof
306 395 72 23 utgifna
390 394 81 18 förskott
483 394 57 18 varda
553 395 60 17 sävidt
625 395 72 22 möjligt
709 397 70 16 ersatta
792 395 58 18 under
863 395 30 18 det
905 396 25 21 är,
943 396 51 17 hvar-

237 429 60 18 under
307 430 105 17 förskotten
424 429 92 23 utgifvits;

309 476 28 22 13)
350 477 29 16 att
391 476 22 17 de
425 475 20 18 af
456 475 145 18 Statsutskottet
612 475 30 18 vid
655 476 73 18 anstäld
740 476 104 22 jemförelse
853 476 76 18 emellan
937 476 22 18 de
969 477 26 16 uti

236 510 198 22 kapitalräkningarna
452 510 90 22 ingående
560 510 82 18 inkomst-
660 510 29 18 och
707 511 120 22 utgiftsposter
841 511 29 21 för
878 511 117 22 jernvägarne

236 544 34 18 och
289 544 127 18 motsvarande
429 549 79 13 summor
520 544 27 18 uti
560 544 22 18 de
594 544 174 23 hufvudräkningar
780 545 52 18 öfver
844 546 150 22 statsjernvägar-

235 584 33 12 nes
288 579 100 18 inkomster
405 579 34 18 och
457 579 83 22 utgifter,
558 585 37 12 som
608 579 117 18 förekommit
738 580 5 17 i
756 580 189 23 Jernvägsstyrelsens
957 580 37 17 års-

235 614 115 21 berättelser,
370 614 96 18 anmärkta
483 614 104 23 betydande
606 615 150 22 skiljaktigheter
774 615 94 18 undvikits
885 615 29 17 vid
927 616 67 21 uppgö-

235 648 68 18 randet
314 649 21 17 af
345 649 198 22 kapitalräkningarna
555 649 41 17 frän
609 649 34 18 och
656 649 27 18 för
695 649 22 18 är
730 649 52 22 1890;

307 695 29 22 14)
352 695 28 16 att
393 694 143 18 Statsutskottet
548 695 5 16 i
566 695 99 22 anledning
677 695 20 17 af
709 695 35 18 den
757 694 107 18 invecklade
876 695 118 22 bokföringen

235 728 53 18 öfver
304 728 121 17 Walkeakoski
436 729 63 17 kanals
511 729 95 17 inkomster
617 729 29 17 och
658 729 74 22 utgifter
746 729 60 18 såsom
818 730 28 16 ett
858 729 135 22 önskningsmäl

235 763 70 18 uttalat
317 764 28 17 att
358 763 53 18 dessa
423 763 101 18 inkomster
536 763 34 18 och
584 763 77 23 utgifter
669 763 57 18 mätte
736 763 98 18 framdeles
843 763 85 18 bokföras
938 763 56 18 under

234 797 96 18 allmänna
348 797 114 18 statsfonden
480 798 5 17 i
498 798 132 23 sammanhang
648 798 40 17 med
707 798 150 23 räkenskaperna
876 798 27 17 för
922 798 71 17 landets

235 831 63 23 öfriga
309 832 82 18 kanaler.
415 832 56 18 Detta
484 833 138 22 önskningsmäi
635 833 34 17 har
681 833 95 22 uppnätts,
789 833 6 17 i
808 833 30 17 dei
846 832 51 18 Hans
905 832 28 17 Ma

234 866 92 23 Kejsaren
338 866 33 18 och
384 866 120 22 Storfursten,
517 867 24 22 pä
554 867 89 18 Senatens
656 867 61 17 derom
730 867 66 22 gjorda
809 867 124 22 underdäniga
945 867 47 17 hem-

234 901 75 22 ställan,
321 901 62 18 täckts
396 902 5 16 i
414 901 56 18 nåder
482 901 66 18 bifalla
560 901 29 18 till
602 901 77 18 berörda
691 901 148 23 framställning;

306 948 28 21 15)
353 948 28 17 att
397 947 149 22 Statsutskottet,
563 947 76 18 emedan
657 947 136 22 förvaltningen
812 947 20 18 at
849 947 22 18 de
884 947 67 18 inlösta
963 947 29 17 do-

233 983 174 16 nationsstommarna
424 982 115 17 fortfarande
557 983 49 22 tagit
624 983 4 16 i
646 983 80 22 anspräk
745 982 93 23 betydliga
856 982 81 22 utgifter,
956 987 36 12 som

234 1017 41 18 icke
295 1018 90 21 motvägts
407 1017 21 17 af
450 1017 128 17 motsvarande
598 1017 105 22 inkomster,
724 1017 68 18 uttalat
812 1017 35 17 den
871 1016 122 23 förhoppning

233 1052 30 16 att
280 1051 65 23 åtgärd
357 1051 57 18 måtte
431 1051 84 22 vidtagas
528 1052 5 17 i
546 1051 87 18 afseende
645 1052 11 17 &
668 1051 110 23 försäljning
796 1051 45 18 eller
854 1051 138 22 utarrendering

233 1086 21 17 af
272 1086 78 17 berörda
367 1086 191 18 donationsstommar.
583 1086 7 17 I
608 1086 99 22 anledning
725 1086 55 17 häraf
792 1086 91 17 meddelas
896 1088 28 15 att
936 1085 56 18 redan

232 1121 23 17 är
274 1121 44 17 1888
331 1121 5 17 i
349 1121 78 17 Senaten
439 1121 64 17 väckts
522 1121 69 22 förslag
609 1121 93 22 angående
721 1120 155 18 utarrenderande
889 1121 20 17 af
923 1121 22 17 de
962 1125 29 13 un-

233 1155 34 17 der
285 1156 120 17 statsverkets
428 1156 111 22 förvaltning
558 1156 115 18 fortfarande
696 1156 121 22 gvarstäende
842 1156 150 17 donationsstom-

232 1195 66 13 marna
316 1190 33 18 och
367 1192 28 16 att
413 1191 19 17 ät
449 1190 105 23 sakkunnig
573 1196 65 17 person
658 1190 108 23 uppdragits
785 1192 29 16 att
831 1190 100 18 verkställa
949 1196 43 16 upp-

233 1224 98 23 skattning
349 1224 20 18 af
386 1224 78 18 nämnda
482 1227 87 15 stommar
587 1225 29 17 för
629 1225 101 18 utrönande
743 1225 21 17 af
776 1225 53 17 deras
842 1224 149 18 arrendevärden.

233 1260 66 17 Denna
318 1260 132 22 uppskattning
469 1260 54 17 utföll
542 1260 102 18 emellertid
660 1260 115 22 synnerligen
789 1260 29 22 låg
831 1259 33 18 och
877 1259 115 18 förklarades

233 1294 45 17 bero
297 1294 20 18 af
332 1296 118 16 stommarnas
464 1294 57 23 dryga
534 1294 100 23 utskylder.
658 1294 69 18 Genom
740 1294 34 18 den
787 1294 93 18 blifvande
892 1294 100 22 skattlägg-

232 1328 69 23 ningen
317 1329 80 17 kommer
413 1329 56 17 likväl
482 1329 31 17 det
526 1331 112 15 stommarna
650 1329 61 17 åsatta
724 1329 68 17 mantal
806 1331 28 15 att
847 1329 90 22 betydligt
949 1328 44 18 min-

232 1363 45 17 skas
291 1363 34 18 och
338 1364 118 22 utskylderna
470 1363 104 23 derigenom
585 1364 67 22 jemväl
665 1365 28 16 att
706 1363 64 23 nedgå.
789 1364 26 16 Af
826 1363 56 18 sådan
895 1363 98 22 anledning

232 1397 36 17 och
287 1398 23 17 då
329 1398 116 22 olägenheter
464 1398 62 17 vidare
542 1398 81 18 befarats
636 1398 53 18 deraf
700 1400 29 16 att
741 1398 35 18 den
789 1404 35 16 nya
837 1398 67 17 häfden
916 1398 11 17 å
939 1399 54 15 stom-

624 1432 63 18 trädas
701 1433 55 15 innan
772 1432 105 18 storskiftet
889 1432 33 18 och
935 1432 57 18 skatt-

313 1432 2 3 3
332 1432 20 8 AM.
387 1434 71 8 kasdataa

233 1440 66 10 marina
311 1442 6 7 i
329 1442 25 8 än
372 1432 88 18 händeloe
478 1446 9 4 €

232 1467 112 23 läggningen
356 1468 11 17 &
379 1468 22 17 de
418 1468 102 22 respektive
539 1467 68 23 godsen
621 1468 89 21 slutförts,
724 1467 60 19 beslöt
796 1467 78 18 Senaten
888 1467 34 18 den
935 1467 10 17 4
958 1466 35 18 De-
