1103 1700
217 129 81 23 Ständ.
315 130 54 23 Skr.
387 144 22 2 —
427 129 101 23 XXXII
545 143 25 2 —
586 130 185 22 Bankinstrukt.
831 131 13 20 3

467 211 13 21 5
491 211 25 26 8.

182 272 147 22 Omedelbart
345 272 58 22 efter
419 272 39 22 det
473 273 39 21 val
527 272 26 22 af
564 272 214 29 bankfullmäktige
789 273 84 28 försig-

113 308 50 28 gått
183 307 66 21 skola
271 307 29 21 de
324 307 37 21 till
376 307 214 29 bankfullmäktige
606 307 67 22 valde
689 307 74 21 kallas
779 307 37 21 till
831 307 43 21 sitt

113 342 72 21 första
213 342 170 21 sammanträde
409 342 26 22 af
459 342 29 22 de
510 341 114 29 afgående
647 342 225 28 bankfullmäktiges

113 376 144 22 ordförande.

181 410 46 22 Vid
250 411 63 22 detta
333 412 169 21 sammanträde
518 411 73 29 väljes
607 411 140 22 ordförande
763 411 43 22 och
822 411 51 22 vice

113 445 145 23 ordförande.

467 528 13 21 6
491 528 25 27 8.

181 590 218 29 Bankfullmäktige
422 591 171 21 sammanträda
615 591 30 28 på
667 591 97 22 kallelse
784 591 25 22 af
822 591 52 22 ord-

113 625 113 22 föranden
243 625 25 21 så
283 625 48 22 ofta
347 625 116 22 ärendena
478 625 39 22 det
532 625 98 29 påkalla.

182 659 228 30 Bankfullmäktiges
427 660 139 22 ordförande
582 667 54 22 eger
652 660 36 21 till
704 660 170 22 sammanträde

113 695 63 22 kalla
191 694 218 29 bankdirektionen,
425 695 29 22 då
469 695 91 28 ärende,
577 695 66 22 hvari
654 702 133 21 gemensam
798 695 76 22 öfver-

113 729 114 29 läggning
243 729 85 22 mellan
339 729 149 29 fullmäktige
499 729 43 22 och
553 729 150 22 direktionen
714 729 76 29 enligt
800 729 73 28 regle-

113 766 88 19 mentet
216 763 41 22 bör
273 771 44 21 ega
331 771 50 14 rum
397 764 56 21 eller
469 765 57 28 eljes
546 764 96 29 pröfvas
658 764 78 29 nödig,
760 764 60 21 skall
836 764 37 21 till

113 799 142 28 behandling
271 799 150 21 förekomma.

468 894 48 25 78.

182 951 34 26 Är
231 956 201 29 bankfullmäktig
447 956 101 22 hindrad
563 958 35 19 att
608 957 38 21 till
656 957 170 21 sammanträde
837 956 37 29 sig

113 991 96 28 infinna,
232 991 89 21 anmäle
342 991 78 21 derom
436 991 8 21 i
458 991 47 28 god
520 991 35 21 tid
570 991 43 22 hos
630 991 161 28 ordföranden,
814 991 60 22 hvil-

114 1026 45 21 ken
183 1026 39 21 det
237 1025 89 29 åligger
342 1027 34 20 att
392 1026 64 21 såväl
472 1026 7 21 i
496 1026 64 21 detta
575 1025 47 28 fall,
647 1033 49 14 som
712 1025 29 22 dä
756 1025 117 22 bankfull-

113 1060 90 29 mäktig
218 1060 80 28 afgätt,
315 1060 88 21 inkalla
419 1061 125 28 suppleant
558 1060 53 21 frän
626 1067 87 15 samma
728 1060 69 21 ständ
810 1059 64 23 iden

113 1095 101 29 ordning
229 1095 182 28 suppleanterna
425 1096 94 21 invalts.

181 1130 28 29 Ej
234 1131 37 21 mä
293 1130 203 30 bankfullmäktig
510 1130 38 22 för
563 1131 81 29 längre
660 1131 56 21 eller
732 1131 92 22 kortare
839 1131 35 21 tid

113 1166 54 27 taga
183 1165 36 28 sig
234 1165 105 29 ledighet
354 1166 52 21 från
422 1166 64 21 detta
502 1165 106 29 uppdrag
624 1166 72 21 innan
712 1166 46 21 han
769 1166 41 21 hos
822 1166 52 21 ord-

113 1199 113 22 föranden
244 1200 87 21 anmält
347 1207 36 15 om
400 1200 44 22 den
455 1200 112 28 behörige
578 1200 128 29 suppleant,
723 1207 49 15 som
784 1204 24 18 är
818 1200 55 22 redo

113 1236 35 20 att
163 1234 8 22 i
185 1234 58 22 hans
259 1235 68 21 ställe
342 1236 136 28 tjenstgöra.

181 1268 82 22 Skulle
285 1269 20 28 ej
330 1269 61 22 blott
413 1270 156 21 ordföranden
592 1272 56 19 utan
672 1270 69 21 äfven
756 1270 51 21 vice
823 1270 51 21 ord-

113 1303 113 21 föranden
242 1310 55 15 vara
312 1304 99 22 hindrad
428 1306 34 20 att
478 1304 36 22 sin
527 1304 134 29 befattning
669 1304 87 27 utöfva,
773 1304 101 28 fullgöre

113 1337 44 22 den
181 1338 38 21 till
242 1338 54 21 ären
317 1338 74 22 äldste
407 1339 71 21 bland
492 1338 213 29 bankfullmäktige
722 1339 62 21 hvad
799 1339 75 28 enligt

112 1372 77 22 denna
211 1373 43 21 och
277 1374 12 20 6
313 1375 13 25 &
349 1374 14 20 å
383 1374 155 21 ordföranden
554 1374 141 28 ankommer,
719 1374 37 22 till
772 1374 51 22 dess
839 1376 35 20 att

113 1407 106 21 interims
235 1407 139 22 ordförande
389 1408 81 22 blifvit
486 1408 91 23 utsedd.
