1103 1700
457 111 52 21 XIII
824 112 10 20 7

431 232 103 22 Transport
558 232 81 22 380,000:
653 242 20 2 —
726 233 92 21 6,616,517|
831 232 23 18 69

121 266 36 18 För
179 266 55 23 inköp
256 266 21 18 af
295 266 68 23 skarpa
381 268 153 21 gevärspatroner

145 301 28 17 för
185 301 43 17 åren
242 302 49 20 1894,
305 302 44 17 1895
362 301 34 18 och
409 302 45 17 1896
474 314 3 4 .
502 314 4 4 .
531 315 3 4 .
559 302 80 20 383,000:
652 311 21 16 —
744 308 75 21 763,000|
836 318 9 2 —
862 308 1 21 |

297 351 21 3 —
331 342 97 21 7,879,017:
441 342 23 17 69
476 351 22 3 —
862 330 1 35 |

121 376 36 17 Till
177 376 71 18 diverse
269 376 33 17 och
323 376 119 18 oförutsedda
455 376 78 22 utgifter
862 368 1 25 i

144 413 44 15 utom
199 399 46 38 stat
262 424 4 4 .
377 424 237 5 AININ
745 402 118 32 150,000|
834 398 11 40 —
854 398 11 40 |

402 456 22 2 —
437 446 98 21 7,529,017:
548 446 22 18 69
583 456 21 2 —

299 490 21 2 —
333 481 98 21 7,529,517:
443 481 23 17 69
479 490 21 3 —

121 572 99 17 Pensioner
237 572 34 17 och
290 572 99 18 understöd
407 573 30 17 till
456 572 35 18 den
508 572 61 18 finska
580 572 93 18 militären
861 577 2 21 |

144 606 92 18 äfvensom
256 607 29 17 till
303 607 44 18 lots-
365 607 35 18 och
415 607 113 23 fyrbetjente
541 607 45 23 utgå
599 613 21 12 ur
632 609 41 16 rän-
861 600 2 26 |

144 643 54 16 torna
211 642 10 17 å
233 641 218 23 krigsmanshuskassans
468 642 80 18 samlade
561 642 71 23 kapital
645 642 29 17 till
861 659 1 4 |

144 676 83 23 följande
239 676 72 23 belopp,
323 677 100 22 nemligen:
688 677 1 3 |
861 676 1 30 i

122 709 97 20 Ordinarie
230 711 108 23 pensioner.
364 725 3 4 .
392 725 4 4 .
422 712 79 21 117,057:
514 712 23 17 29
688 734 1 8 |
861 708 1 28 |

121 745 59 18 Extra
192 746 97 22 pensioner
306 760 3 3 .
337 760 1 3 .
363 759 4 4 .
392 759 4 4 .
433 746 68 21 27,459:
514 747 22 16 29
688 745 1 25 |
820 745 2 6 I
861 742 1 32 i

121 779 99 18 Pensioner
243 780 34 18 och
297 780 100 18 understöd
688 780 1 19 |
820 775 42 21 io

144 814 29 18 till
182 815 99 18 afskedadt
289 815 108 18 underbefäl
688 808 2 35 |
861 821 1 31 |

144 849 34 17 och
196 849 89 23 manskap
304 849 30 18 vid
347 849 51 18 förra
688 847 1 25 i

144 883 70 19 indelta
226 884 34 18 och
268 884 87 18 värfvade
364 884 33 18 fin-
688 876 2 44 |
820 895 2 9 i

145 918 34 18 ska
195 919 94 18 militären
305 919 93 18 äfvensom
688 921 1 5 |
820 931 2 12 i

143 953 89 22 gratialer
252 953 29 18 till
293 953 102 18 afskedade
820 945 2 12 i

144 987 44 18 lots-
194 987 34 18 och
233 987 112 24 fyrbetjente
350 990 47 15 samt
820 982 2 28 |
860 1000 2 18 |

143 1021 54 19 deras
209 1022 58 18 enkor
279 1022 34 19 och
325 1023 46 17 barn
391 1036 4 4 .
431 1023 69 20 67,83:
514 1032 21 3 —
860 1024 2 5 i

120 1056 172 23 Lönetillökningar
314 1057 30 18 till
364 1062 32 13 un-
820 1062 2 15 I

143 1091 130 18 derofficerare
289 1091 34 18 och
336 1091 60 18 solda-

143 1128 29 16 ter
186 1125 30 19 vid
232 1126 60 18 finska
304 1126 93 18 militären
820 1123 42 31 ij

143 1161 29 18 för
180 1161 137 19 militärordens
325 1163 70 16 utmär-
820 1156 1 37 |
860 1178 1 15 |

143 1196 117 18 kelsetecken
274 1210 4 4 .
303 1210 3 3 .
332 1210 3 4 .
361 1208 4 5 .
390 1209 16 13 .
442 1196 92 26 —8,700:—
558 1201 80 21 215.409;
652 1199 37 25 58!

105 1225 1 6 |
120 1236 98 18 Likaledes
248 1236 44 23 utgå
321 1241 76 13 numera
820 1239 1 26 |
860 1253 1 13 |

143 1270 82 23 följande
243 1271 24 22 pä
284 1271 67 17 militie
369 1271 27 17 in-
687 1275 2 29 i
820 1272 1 21 i

143 1305 163 23 dragningsstaten
319 1307 78 21 upptag-

104 1334 2 7 |
143 1345 24 13 na
192 1340 79 23 utgifter
290 1346 23 12 ur
332 1340 64 22 Krigs-
820 1318 1 49 |

142 1375 157 18 manshuskassan
316 1371 9 31 =
334 1375 63 18 nemli-
686 1373 1 28 |
819 1368 2 29 |

142 1414 43 17 gen:
819 1402 2 29 |

431 1450 103 22 Transport
558 1450 80 21 215,499:
651 1450 22 16 58
686 1443 2 29 |
726 1438 135 34 —7,529,517/69|
