1103 1700
828 125 11 17 3

172 186 85 17 Finlands
270 185 87 18 Ständers
370 184 123 24 underdåniga
505 184 96 18 skrifvelse
614 184 93 23 angående
716 184 108 18 ceremoniel
833 185 29 17 för

241 213 268 23 aftäckningshögtidligheten.

172 242 87 18 Finlands
271 242 88 18 Ständers
371 242 95 18 skrifvelse
479 242 28 18 till
519 242 172 23 Bankfullmäktige
703 242 95 23 angående
809 244 53 16 utan-

241 272 92 18 ordnande
349 272 22 18 af
385 271 59 18 medel
460 271 29 18 för
504 271 116 18 bestridande
632 271 20 18 af
661 271 105 23 utgifterna
778 271 29 18 för
819 271 43 18 full-

241 300 68 18 bordan
322 300 21 19 af
353 300 100 18 ärestoden.

173 329 86 18 Finlands
276 329 87 18 Ständers
377 328 96 19 skrifvelse
486 328 27 18 till
526 328 129 22 delegationen
667 328 112 18 beträffande
792 329 70 18 aftäck-

241 358 227 23 ningshögtidligheterna,
480 363 24 12 m.
516 363 22 13 m.

104 386 72 19 Samma
189 387 112 23 delegations
314 386 97 19 skrifvelse
423 386 40 18 med
475 386 122 23 redovisning,
610 392 22 12 m.
646 392 23 12 m.

173 416 86 18 Finlands
277 416 86 18 Ständers
380 415 94 18 skrifvelse
491 415 30 18 till
534 415 127 23 delegationen
673 415 95 23 angäende
780 415 83 23 beviljad

243 444 138 22 ansvarsfrihet,
392 450 23 12 m.
428 450 22 12 m.

173 474 102 17 Berättelse
287 473 29 18 till
327 472 89 19 Finlands
429 472 76 18 Ständer
518 478 28 12 om
559 473 101 23 Styrelsens
669 472 109 24 tillgörande
788 473 6 18 i
803 473 60 18 anled-

105 502 44 22 ning
165 502 20 18 af
200 504 28 16 ett
244 502 42 18 utaf
301 501 71 19 aflidne
388 501 196 19 Medicinelicentiaten
600 502 80 18 Herman
692 502 81 18 Frithiof
782 502 61 18 Antell
857 502 6 17 i

105 530 80 18 lifstiden
197 530 27 19 till
237 530 71 18 förmän
321 530 29 18 för
358 530 88 18 Finlands
455 530 39 18 folk
502 530 61 23 gjordt
571 530 157 18 testamentariskt
736 530 127 19 förordnande.

174 559 151 18 Statsutskottets
338 559 84 18 deröfver
435 559 71 24 afgifna
518 559 115 18 betänkande
645 560 32 17 N:o
690 560 16 18 5.

174 588 88 18 Finlands
277 588 87 18 Ständers
376 587 125 24 underdäniga
513 588 97 19 skrifvelse
622 588 7 18 i
641 588 101 23 anledning
754 589 21 17 af
785 589 79 18 nämnda

106 618 115 17 testamente.

174 645 99 18 Allmänna
289 645 175 18 besvärsutskottets
482 645 113 19 betänkande
612 646 32 19 N:o
658 646 21 17 19
691 646 6 17 i
710 651 70 13 samma
792 646 71 18 ärende.

174 674 99 18 Allmänna
284 674 176 18 besvärsutskottets
472 675 70 22 förslag
555 675 30 18 till
598 675 182 22 sammanjemkning.

175 702 86 18 Finlands
271 703 85 17 Ständers
365 703 126 22 underdäniga
499 703 78 23 petition
586 709 28 12 om
623 703 112 23 uppförande
742 704 20 17 af
768 709 21 12 en
798 704 66 17 musei-

107 731 85 22 byggnad
205 732 29 17 för
247 731 72 18 Statens
331 731 132 23 arkeologiska,
475 732 99 18 historiska
582 732 33 18 och
624 732 124 23 etnografiska
755 732 109 23 samlingar.

175 759 87 18 Finlands
274 760 86 18 Ständers
372 760 124 23 underdäniga
508 761 85 18 anmälan
606 766 28 13 om
646 761 31 18 val
689 761 21 18 af
718 761 114 18 ledamöter
825 755 9 33 i
842 766 21 13 en

245 788 103 23 delegation
361 789 28 18 för
401 789 67 18 värden
482 790 21 17 af
513 789 22 18 de
546 789 97 18 Antellska
654 789 128 24 samlingarna.

175 817 87 18 Finlands
279 817 86 18 Ständers
382 817 97 19 skrifvelse
491 818 29 18 till
532 818 169 23 Bankfullmäktige
714 818 6 17 i
733 818 99 23 anledning
845 819 21 17 af

245 846 195 19 Medicinelicentiaten
451 847 71 18 Antells
534 849 113 16 testamente.

175 874 87 18 Finlands
279 875 86 18 Ständers
383 875 95 18 skrifvelse
495 876 29 18 till
540 876 133 23 Delegationen
690 876 29 17 för
731 875 67 19 värden
811 876 21 17 af
842 876 22 17 de

245 903 96 18 Antellska
353 903 122 24 samlingarna
487 905 93 22 angäende
592 905 42 17 dess
646 904 120 18 tillsättande.
