1103 1700
221 137 26 20 62
488 136 28 22 U.
532 137 25 21 B.
584 136 157 22 11I—-XXXI.

219 205 106 21 finansielt
340 206 105 27 trångmål
465 206 51 20 med
532 209 25 23 ty
572 205 117 27 åtföljande
704 206 115 26 oafvisliga
834 206 49 21 kraf
895 207 29 25 pä
938 212 45 20 nya

219 240 90 24 skatter,
325 240 100 20 särskildt
440 240 68 21 under
523 240 123 20 nuvarande
661 240 103 27 politiska
775 240 153 24 förhällanden,
939 240 42 20 kan

220 274 135 27 uppkomma
374 274 38 21 när
427 281 47 14 som
490 274 62 24 helst,
570 274 42 20 och
628 274 28 20 dä
671 274 108 21 enskildes
795 274 69 21 sunda
879 274 69 20 behof
960 273 26 21 af

219 308 152 28 anläggnings-
394 308 41 21 och
456 308 170 27 rörelsekapital,
647 308 32 20 för
695 309 24 20 sä
735 309 46 20 vidt
798 309 120 20 detsamma
933 308 48 21 icke

219 342 130 27 tillgodoses
364 343 25 20 af
399 342 243 28 krigsmanshusfonden
658 342 41 21 och
715 342 101 21 Finlands
832 343 67 24 Bank,
912 342 69 21 borde

219 376 71 21 kunna
313 377 62 26 fyllas
396 377 25 20 af
440 377 28 20 de
483 377 79 27 mänga
578 376 138 27 längifvande
730 376 106 21 allmänna
853 377 41 21 och
909 376 72 21 lokala

219 411 106 21 kassorna
347 412 42 20 och
411 411 108 21 bankerna
538 412 6 19 i
561 410 79 25 landet,
662 418 65 19 synes
750 418 26 14 en
797 411 132 21 fortfarande
950 410 31 21 af-

219 445 101 27 veckling
343 446 24 20 af
384 446 123 26 utläningen
529 446 29 26 pä
578 446 70 26 privat
663 445 58 21 hand
737 453 23 13 ur
776 446 70 20 denna
862 446 52 20 fond
929 452 51 14 vara

219 479 23 20 af
256 479 137 27 försigtighet
409 480 40 20 och
465 480 79 20 allmän
559 480 91 20 rättvisa
665 479 107 27 päkallad.

292 513 43 21 Om
357 513 226 27 finansförvaltningen
604 514 47 20 icke
673 515 5 19 i
700 514 41 20 alla
757 514 97 20 enskilda
870 514 65 24 delar,
951 514 30 26 pä

219 548 44 21 sätt
280 548 63 20 äfven
355 549 6 19 i
372 548 126 21 Utskottets
514 548 139 21 betänkande
668 548 39 21 här
722 548 42 21 och
780 548 38 21 der
829 548 40 21 lätt
880 548 99 27 antydes,

219 583 56 20 visat
297 583 54 26 prof
363 583 28 26 pä
406 583 133 26 mönstergill
555 583 134 26 hushällning
705 583 41 20 och
762 583 177 24 förtänksamhet,
955 583 24 20 sä

219 616 105 21 förklaras
345 617 64 20 detta
425 616 134 21 förhällande
575 617 130 20 ätminstone
721 617 68 20 delvis
805 617 25 20 af
842 617 41 20 den
899 618 80 25 svärig-

218 651 44 24 het,
287 654 82 17 statens
390 651 230 27 räkenskapsväsende
643 655 55 17 trots
720 651 83 21 skedda
826 651 153 27 förbättringar

218 685 56 20 ännu
295 685 73 21 ställer
389 687 6 19 i
415 686 71 26 vägen
505 685 32 20 för
553 692 26 13 en
595 685 77 21 allmän
687 685 120 21 öfverblick
822 685 25 21 af
858 685 57 20 hvad
931 692 47 13 som

217 719 37 20 vid
270 719 73 27 hvarje
358 720 100 27 tidpunkt
474 719 42 21 kan
532 727 51 13 vara
600 720 136 27 disponibelt,
753 721 23 20 sä
792 723 32 18 att
840 719 57 21 olika
912 719 70 21 behof

217 753 47 21 fullt
285 754 71 20 kunde
376 755 67 26 vägas
465 758 46 17 mot
533 754 126 20 hvarandra.
690 754 77 21 Denna
789 754 116 27 förklaring
927 761 51 20 eger

217 788 58 20 dock
292 795 26 13 en
331 788 156 26 jemförelsevis
502 789 60 26 ringa
578 788 136 27 tillämpning
728 790 6 19 i
750 789 60 26 fråga
832 795 36 14 om
883 787 94 21 undsätt-

844 822 133 12 rvaltnineen

217 821 142 28 ningsfonden
375 823 41 20 och
431 823 42 20 den
489 823 90 20 dermed
594 823 214 26 sammanhängande
821 823 157 26 förvaltningen

217 856 25 20 af
253 857 95 20 kronans
363 857 129 26 magasiner.
513 857 76 20 Under
605 857 164 26 ifrågavarande
784 857 145 26 finansperiod
940 856 38 21 har

217 890 83 21 kronan
323 891 47 20 icke
393 891 89 20 allenast
506 891 41 20 sält
568 891 50 20 eller
640 891 33 20 för
695 891 127 20 minskande
838 891 24 20 af
874 890 104 21 särskilda

216 925 145 27 statsutgifter
377 925 125 27 disponerat
522 925 28 20 all
566 925 42 20 den
624 927 106 24 gvantitet
746 925 104 27 spanmäl,
868 932 47 13 som
930 925 47 20 här-

217 959 68 20 under
307 961 21 19 in
351 963 74 17 natura
445 961 5 19 i
467 961 125 25 magasinen
608 959 82 25 influtit,
707 963 51 17 utan
774 959 65 21 äfven
854 959 124 21 derutöfver

215 1000 82 20 genom
317 993 147 28 försäljningar
484 993 93 21 minskat
599 993 76 21 värdet
691 994 24 20 af
728 994 42 20 den
785 993 45 21 frän
846 993 131 27 föregäende

216 1028 79 27 period
310 1031 125 24 emottagna
450 1027 261 28 spanmälsbehällningen
725 1028 49 20 med
791 1028 61 20 öfver
870 1027 46 28 11/,
931 1027 46 21 mil-

213 1062 38 26 jon
274 1062 61 25 Fmk,
360 1062 92 21 förutom
471 1062 42 21 den
530 1062 35 20 del
580 1062 25 20 af
617 1062 183 27 nedskattningen
814 1067 94 21 900,000
923 1061 54 22 Fmk

216 1098 5 19 i
245 1097 136 26 spanmälens
405 1097 117 24 bokvärde,
547 1103 48 14 som
617 1096 144 27 tilläfventyrs
784 1096 85 21 härrört
891 1096 25 20 af
935 1096 42 21 för-

215 1131 150 27 säljningarna.
395 1131 70 21 Dessa
484 1131 204 27 massföryttringar,
714 1131 24 20 af
751 1130 72 22 hvilka
840 1138 26 13 en
881 1133 46 18 stor
943 1130 35 21 del

215 1165 85 21 skedde
319 1166 32 20 till
371 1165 133 27 fullständigt
520 1166 94 26 vanpris,
631 1172 53 13 voro
700 1166 29 26 pä
744 1166 55 20 intet
814 1166 33 19 vis
863 1164 114 28 päkallade

215 1200 25 20 af
252 1200 38 20 det
306 1200 123 20 dävarande
444 1200 128 26 finansläget
588 1200 42 20 och
646 1200 76 20 endast
738 1201 6 19 i
755 1200 72 26 nägon
840 1200 48 20 män
901 1199 25 20 af
935 1199 42 20 den

215 1234 165 27 magasinerade
395 1234 78 20 sädens
489 1234 174 26 underhaltighet
678 1234 52 20 eller
745 1234 25 20 af
782 1233 84 27 verklig
880 1233 53 21 brist
948 1233 29 27 pä

215 1272 107 22 utrymme
337 1270 6 18 i
359 1268 91 20 kronans
474 1275 55 20 egna
552 1268 50 20 eller
625 1268 66 20 andra
712 1268 122 27 disponibla
849 1268 127 26 magasiner.

215 1302 116 26 Följderna
353 1302 25 20 af
397 1302 70 20 denna
490 1302 189 27 spanmälspolitik
697 1309 54 13 voro
767 1305 39 21 att,
822 1302 28 20 dä
866 1301 73 21 landet
953 1302 24 20 är

217 1337 54 25 1892
295 1336 122 21 drabbades
440 1336 24 21 af
484 1344 27 13 en
532 1336 137 27 synnerligen
689 1336 102 20 försenad
807 1335 104 27 rägskörd
927 1335 50 21 med

215 1371 66 20 deraf
301 1371 125 20 framkallad
448 1371 54 20 brist
524 1372 29 25 pä
571 1370 77 21 utsäde
664 1370 41 20 och
720 1370 46 20 fara
782 1369 33 21 för
830 1370 145 26 hungersnöd,

214 1405 95 21 kronans
332 1406 120 26 magasiner
468 1406 6 19 i
489 1404 83 21 kanske
588 1405 55 20 ännu
659 1404 67 27 högre
742 1404 54 27 grad
813 1404 28 20 än
857 1404 27 20 de
900 1403 77 21 enskil-

214 1440 40 20 des
280 1440 42 20 och
347 1440 233 26 socknemagasinerna
603 1439 66 20 stodo
695 1444 67 16 toma.
793 1432 109 27 Ätersivä
918 1438 59 22 .icke

285 1480 131 15 Statsutskottels
429 1480 103 15 betänkande
544 1478 35 17 N:o
589 1484 18 14 3.
