1103 1700
226 144 13 21 8
338 144 30 23 U.
383 144 28 23 B.
429 158 24 2 --
470 145 30 22 H.
515 145 27 22 F.
558 145 94 23 Antells
667 147 154 22 testamente.

476 215 34 20 att
532 213 126 23 Ständerna
679 215 53 21 ville
746 215 90 27 besluta,
850 217 35 20 att
897 216 60 28 ifrä-

405 248 128 27 gavarande
561 249 107 21 donation
697 250 57 21 skall
778 250 14 20 &
810 250 73 27 finska
912 250 45 28 fol-

405 282 44 21 kets
478 284 86 26 vägnar
590 285 126 26 emottagas,
745 284 72 21 under
853 284 106 22 tacksamt

406 317 141 21 erkännande
570 317 28 28 af
616 318 42 21 den
673 318 101 21 omtanke
789 326 35 13 om
839 318 119 28 fosterlan-

407 351 45 21 dets
466 351 115 27 intressen,
598 352 128 22 licentiaten
736 352 76 22 Antell
820 360 78 20 genom
908 354 52 20 sina

405 386 191 21 testamentariska
610 386 147 28 förfoganden
772 387 124 28 ädagalagt.

274 437 135 21 Beträffande
431 437 157 27 förvaltningen
611 438 21 20 af
648 438 40 21 den
703 438 177 22 testamenterade
896 446 64 20 egen-

202 472 79 20 domen
296 472 78 21 tilläter
389 472 32 26 sig
436 471 108 21 Utskottet
560 472 71 21 vidare
647 472 93 22 förorda:

478 524 33 19 att
542 522 125 22 Ständerna
696 524 68 21 måtte
793 525 115 27 uppdraga
936 525 24 21 ät

409 556 111 22 Finlands
543 557 66 22 Bank
632 560 33 19 att
687 558 9 21 i
714 558 74 22 sinom
805 558 32 22 tid
852 561 107 26 emottaga

407 592 38 21 och
470 592 71 21 under
562 592 101 21 inseende
687 593 29 27 af
728 593 138 21 Ständernas
881 593 76 22 Bank-

405 626 139 27 fullmäktige
568 627 97 26 förvalta
692 627 40 21 och
756 627 104 28 förränta
874 628 35 21 det
925 629 34 20 till

406 660 112 21 Finlands
542 661 46 27 folk
612 662 108 21 donerade
746 662 110 27 kapitalet,
879 663 80 21 hvilket

401 695 57 20 skall
472 695 72 20 säsom
560 702 26 14 en
601 695 88 22 stäende
703 696 57 27 fond
783 697 176 21 sammanhällas

407 729 71 21 under
491 729 133 28 benämning
633 730 28 27 af
672 730 180 27 ,Kammarrädet
859 731 100 22 Herman

407 763 134 28 Rosenbergs
565 764 80 27 fond";
669 765 94 21 börande
785 765 172 28 Bankfullmäk-

409 798 41 27 tige
473 798 35 21 till
530 798 76 28 hvarje
628 799 104 28 landtdag
748 799 96 28 aflemna
862 801 95 20 redovis-

407 832 56 27 ning
478 832 61 27 öfver
553 833 94 27 fondens
661 833 151 28 förvaltning;

202 863 56 19 samt

478 891 33 19 att
527 889 126 22 Ständerna
668 891 51 20 ville
736 891 130 28 bemyndiga
881 891 76 21 Bank-

408 923 139 28 fullmäktige
584 926 33 19 att
646 925 31 27 pä
709 925 137 21 Ständernas
876 927 84 26 vägnar

407 958 81 27 pröfva
514 958 38 21 och
572 959 79 26 afgöra
665 959 86 21 sådana
766 959 82 28 frågor,
864 967 47 13 som
927 962 30 19 te-

409 994 207 19 stamentsexecutor
644 993 44 20 kan
717 993 66 28 finna
812 994 48 20 skäl
877 996 33 19 att
925 995 35 20 til

406 1027 49 20 dem
481 1027 119 27 hänskjuta
626 1028 70 20 under
720 1028 42 21 den
788 1028 32 21 tid
834 1029 42 20 den
893 1030 64 19 testa-

404 1061 123 21 menterade
547 1062 130 27 egendomen
696 1064 65 19 ännu
776 1063 25 26 af
816 1063 79 20 honom
911 1063 46 27 för-

403 1096 77 20 valtas.

274 1148 33 21 Dä
329 1148 157 21 Statsutskottet
505 1155 77 20 genom
600 1148 194 28 protokollsutdrag
809 1148 46 21 frän
871 1148 88 22 Ridder-

203 1182 75 28 skapet
303 1183 38 20 och
367 1182 69 21 Adeln
460 1182 83 21 erhällit
565 1183 140 21 meddelande
722 1183 78 26 derom,
816 1184 30 19 att
860 1185 77 19 tvenne
953 1184 6 20 i

201 1217 67 27 sagda
293 1217 60 21 stånd
378 1216 121 21 inlemnade
525 1217 182 27 petitionsförsiag,
731 1217 35 21 det
782 1223 39 14 ena
837 1223 33 14 om
887 1218 73 26 anslag

202 1251 32 21 för
251 1252 140 26 uppförandet
411 1252 5 20 i
433 1251 133 27 Helsingfors
582 1251 20 21 af
618 1258 26 14 en
660 1251 176 27 museibyggnad,
852 1252 6 19 i
875 1252 82 20 hvilken

203 1285 25 21 de
253 1286 22 20 af
297 1287 67 19 staten
381 1286 122 26 öfvertagna
519 1286 39 20 och
574 1286 115 20 förvaltade
705 1286 255 26 arkeologisk-historiska

203 1320 39 20 och
264 1319 140 27 etnografiska
420 1320 141 26 samlingarna
578 1320 71 20 kunde
664 1320 124 26 inrymmas,
804 1322 54 18 samt
874 1320 34 21 det
923 1327 36 14 an-

203 1354 38 20 dra
264 1360 34 14 om
321 1354 126 26 vidtagande
470 1354 21 20 af
506 1354 52 21 mätt
573 1354 39 20 och
628 1355 45 25 steg
688 1354 33 20 för
736 1354 187 21 ästadkommande
939 1355 21 20 af

203 1394 25 14 en
256 1388 168 28 museibyggnad
450 1388 32 20 för
505 1388 25 21 de
553 1388 111 21 Antellska
680 1388 149 27 samlingarna,
846 1388 67 21 blifvit
928 1395 31 14 re-

201 1422 114 22 mmitterado
340 1422 31 21 till
395 1423 113 20 Allmänna
535 1422 198 25 Besvärsutskottet,
756 1423 32 20 får
803 1423 157 21 Statsutskottet

203 1456 100 28 slutligen
320 1456 121 22 hemställa
430 1452 13 37 :

275 1496 140 18 Statsutskottets
428 1496 110 18 betänkande
551 1496 37 18 N:o
600 1497 18 17 5.
