1103 1700
261 151 14 20 6
443 150 30 22 U.
489 150 28 22 B.
533 162 27 3 —
575 149 223 29 Postsparbanken.

232 219 117 21 Utskottet
370 222 32 18 att
425 218 38 22 här
486 218 71 22 nedan
572 218 108 27 redogöra
695 218 33 21 för
744 217 112 22 resultatet
872 218 24 20 af
905 218 44 20 sina
960 217 31 21 öf-

232 254 173 27 verläggningar.

303 288 78 21 Såsom
403 288 65 20 orsak
491 287 31 21 till
544 287 38 21 det
602 287 46 21 från
664 286 42 21 och
722 286 50 21 med
787 287 23 20 år
828 287 49 26 1891
896 286 95 20 framträ-

233 322 72 21 dande
329 322 196 21 missförhällandet
548 321 90 21 emellan
661 321 181 27 insättningarnas
865 320 42 21 och
922 323 70 24 uttag-

234 358 115 26 ningarnas
364 356 83 28 belopp
463 355 122 22 tramhålles
600 357 30 19 uti
646 355 119 21 relationen
781 355 50 21 med
846 355 56 21 rätta
913 356 6 20 i
930 354 62 21 främ-

234 394 35 18 sta
284 394 92 18 rummet
391 391 42 21 den
448 390 115 27 betryckta
578 389 142 21 ekonomiska
734 390 108 26 ställning,
858 396 46 14 som
920 388 29 22 alt
960 396 32 13 se-

234 425 44 21 dan
293 425 69 27 sagda
377 426 24 20 är
415 426 55 20 varit
485 424 95 21 rädande
596 426 6 19 i
618 424 79 25 landet,
714 427 55 18 samt
785 424 87 20 dernäst
887 424 42 20 den
945 423 48 27 läga

235 460 62 21 ränta
317 460 26 20 af
363 466 11 20 3
391 460 33 27 %/
448 466 48 14 som
519 459 195 28 postsparbanken,
735 458 85 28 jämlikt
840 458 13 29 &
868 464 12 21 7
897 460 29 19 uti
941 465 52 20 nyss

235 494 127 28 åberopade
387 494 132 27 förordning,
552 493 98 27 erbjuder
679 495 47 19 sina
755 493 110 21 insättare.
913 492 80 27 =Styrel-

235 535 50 14 sens
309 528 33 21 för
367 528 189 28 postsparbanken
578 529 7 19 i
604 527 74 27 början
693 528 26 20 af
730 528 23 20 är
772 528 52 26 1893
840 527 76 27 gjorda
931 527 62 21 fram-

235 562 102 28 ställning
359 570 37 13 om
411 563 87 21 räntans
513 562 93 27 höjande
621 561 31 22 till
666 568 14 20 4
695 561 28 28 %/,
739 562 38 21 har
792 561 121 27 Kejserliga
928 560 65 22 Sena-

236 600 43 22 ten,
297 598 29 26 pä
341 597 44 22 sätt
401 598 30 20 uti
446 597 118 21 relationen
580 596 123 28 uppgifves,
720 596 18 27 ej
754 596 28 21 dä
798 596 67 21 funnit
880 595 114 27 anledning

236 631 81 26 bifalla,
342 638 48 14 men
413 631 201 28 postsparbankens
640 631 92 26 styrelse
754 631 39 20 har
816 630 90 22 lemnats
925 630 69 27 öppet

236 669 33 17 att
292 667 31 20 uti
345 665 119 22 relationen
487 665 37 28 till'
540 665 84 21 landets
646 665 94 21 Ständer
762 665 111 20 framhälla
889 665 27 20 de
931 664 63 21 önsk-

236 699 113 28 ningsmäl,
376 699 85 22 hvartill
476 699 38 28 fog
529 701 6 19 i
550 699 141 21 förevarande
707 699 104 21 afseende
826 699 71 21 kunde
913 698 81 22 förefin-

236 741 52 18 nas;
311 734 42 21 och
375 734 39 21 har
436 734 69 27 sagda
527 734 93 27 styrelse
642 735 6 20 i
663 733 115 28 anledning
795 733 65 21 häraf
871 733 76 22 uttalat
962 734 34 26 sig

237 768 34 21 för
294 775 27 14 en
343 768 59 27 dylik
425 767 183 28 ränteförhöjning
625 769 73 20 säsom
714 767 95 22 varande
824 767 124 28 nödvändig
963 767 32 21 för

238 805 32 18 att
293 805 80 25 trygga
395 802 201 28 postsparbankens
619 802 141 21 fortbeständ.
791 801 43 22 För
853 803 32 19 sin
900 801 35 22 del
951 809 44 13 om-

236 836 66 21 fattar
318 837 64 20 äfven
400 836 168 22 Statsutskottet
584 836 42 21 den
641 837 91 26 äsigten,
749 839 33 18 att
797 842 27 15 en
839 836 120 27 förhojning
973 836 25 21 af

236 871 77 20 räntan
336 877 53 14 vore
411 871 29 27 pä
464 871 68 27 grund
554 871 25 20 af
598 870 95 21 rådande
719 870 150 25 ekonomiskaj
885 870 109 21 förhällan-

237 905 43 20 den
303 905 35 20 väl
360 905 128 21 motiverad.
518 905 34 20 Då
568 905 168 21 Statsutskottet
754 905 37 20 vid
810 905 50 26 1885
878 905 33 20 års
927 905 68 20 landt-

236 939 45 26 dag
304 940 6 20 i
333 939 115 27 anledning
470 939 24 20 af
512 939 36 21 det
564 939 30 21 till
610 939 132 21 Ständernas
758 939 110 21 utlätande
883 939 112 20 öfverlem-

237 973 57 21 nade
317 973 104 28 förslaget
443 973 32 22 till
490 973 125 28 förordning
630 973 114 28 angäende
759 973 189 28 postsparbanken
964 977 31 17 ut-

225 1007 86 21 "talade
333 1009 34 26 sig
389 1007 33 22 för
445 1015 27 13 en
494 1007 202 28 räntegodtgörelse
712 1008 26 21 af
750 1014 12 21 3
778 1007 34 28 ?/,,
828 1007 72 21 erlade
915 1009 80 26 privat-

236 1041 112 22 bankerna
371 1043 6 20 i
399 1042 73 21 landet
494 1048 14 19 4
528 1041 51 22 eller
602 1042 65 27 högst
690 1041 44 28 4'/z
757 1041 28 29 %
804 1042 61 21 ränta
880 1041 32 22 för
927 1042 68 27 depo-

237 1077 91 20 sitioner
352 1077 29 26 pä
403 1076 75 27 längre
498 1075 188 28 uppsägningstid.
717 1077 35 20 Nu
774 1077 98 20 deremot
887 1076 23 21 är
925 1076 70 21 denna

237 1111 200 27 depositionsränta
467 1110 77 21 liksom
568 1110 64 21 äfven
656 1111 76 21 räntan
757 1112 6 19 i
788 1110 52 21 flera
864 1110 131 28 sparbanker

239 1149 9 22 5
270 1145 35 27 9/,.
347 1145 8 20 I
378 1145 119 21 relationen
524 1144 98 28 påpekas
648 1145 89 27 mycket
762 1145 75 27 riktigt
860 1148 31 18 att
919 1152 26 14 en
971 1146 25 20 så

238 1182 47 18 stor
307 1178 85 22 skilnad
414 1180 7 20 i
444 1179 127 25 räntefoten,
595 1186 48 14 som
665 1185 12 15 2
693 1180 35 26 %,
752 1180 70 20 måste
838 1179 64 21 hafva
918 1182 32 18 ett
965 1180 30 20 af-

236 1213 75 27 gjordt
327 1213 117 27 inflytande
460 1214 29 26 pä
504 1213 138 27 placeringen
656 1214 31 21 till
702 1214 43 20 och
760 1214 52 20 med
827 1214 25 20 af
863 1214 81 20 mindre
959 1214 36 20 be-

237 1247 62 27 lopp.
329 1247 74 27 Enligt
425 1247 126 21 Utskottets
574 1247 66 21 tanke
658 1248 39 20 bör
712 1247 59 21 dock
786 1249 7 19 i
808 1247 142 21 betraktande
965 1251 31 18 ta-

237 1288 48 20 gas,
301 1284 33 18 att
349 1282 43 20 den
407 1281 105 21 allmänna
527 1281 123 22 räntefoten
664 1283 7 19 i
686 1289 27 14 en
728 1289 50 13 snar
794 1282 86 20 framtid
889 1282 108 21 sannolikt

237 1315 99 21 kommer
352 1318 32 18 att
399 1316 67 26 något
481 1316 77 27 nedgä.
588 1316 53 20 Med
656 1316 104 21 afseende
776 1316 58 25 härä,
850 1316 42 20 och
907 1316 28 21 dä
950 1316 47 21 rän-

237 1353 39 18 tan
291 1350 33 21 för
339 1350 141 27 insättningar
495 1351 7 20 i
516 1350 190 28 postsparbanken
721 1350 40 22 bör
776 1357 52 14 vara
843 1350 59 28 lägre
917 1350 27 21 än
955 1351 42 21 den

237 1384 70 26 ränta,
323 1391 48 14 som
386 1384 84 21 betalas
483 1384 25 21 af
519 1384 28 21 de
561 1384 85 28 vanliga
655 1384 168 28 sparbankerna,
832 1388 55 18 samt
896 1384 47 22 icke
953 1384 44 22 hel-

237 1418 32 21 ler
291 1418 40 22 bör
349 1418 49 28 följa
421 1418 27 18 de
463 1418 105 28 tillfälliga
588 1418 113 25 växlingar
717 1426 49 14 som
781 1418 159 28 kapitalräntan
955 1419 42 21 kan

237 1459 54 15 vara
315 1452 153 26 underkastad,
484 1456 50 18 utan
549 1452 67 22 hällas
632 1454 6 20 i
652 1452 124 29 möjligaste
791 1453 68 22 mätto
874 1453 69 27 stabil,
959 1454 39 21 har

313 1493 132 17 Statsutskottets
454 1493 103 17 betänkande
570 1494 35 16 N:o
617 1498 16 12 1.
