1103 1700
254 149 13 20 6
486 148 28 22 U.
530 148 25 21 B.
571 148 157 21 1I[-XXXI.

225 216 50 22 icke
295 217 65 21 hafva
381 217 114 27 ovilkorlig
516 217 126 27 skyldighet
661 220 32 18 att
708 217 78 27 utgöra
801 216 136 22 kommunala
953 220 31 18 ut-

226 252 72 26 gifter,
316 252 50 20 eller
381 259 47 13 som
444 251 66 21 ehuru
526 252 25 20 af
562 255 46 17 stor
623 252 115 26 betydelse
748 252 33 20 för
791 252 119 24 samhället,
922 258 62 14 anses

225 286 95 26 afgjordt
336 286 47 20 icke
401 286 70 20 kunna
488 286 32 20 för
536 286 179 27 utomordentligt
730 286 58 27 höga
804 286 135 20 kommunala
955 286 30 20 af-

226 320 79 27 gifters
321 320 54 20 skull
390 321 28 26 pä
433 320 63 27 länge
512 320 134 27 tillgodoses.

296 360 40 14 2:0.
368 354 158 26 Tjenstefolket
548 362 48 13 som
619 355 28 20 dä
669 354 38 20 äro
728 356 6 19 i
749 356 43 18 min
815 354 65 26 tjenst
894 354 91 21 tillfaller

230 392 33 17 ett
279 390 34 19 ärs
328 388 35 21 lön
379 389 83 20 utöfver
479 389 37 21 det
532 389 24 20 af
568 390 49 19 dem
633 389 31 21 till
678 389 42 20 den
735 389 60 20 tiden
811 388 100 26 förtjenta
926 388 41 20 lön.

299 428 40 21 3:0.
371 423 37 20 All
423 423 41 20 den
481 423 69 27 öfriga
563 424 44 26 mig
619 423 114 27 tillhöriga,
745 423 101 27 möjligen
854 422 131 21 öfverblefna

229 457 162 27 odisponerade
407 458 108 26 egendom
530 458 94 20 fördelas
640 458 66 26 enligt
721 458 42 26 lag.

297 492 67 20 Detta
385 491 36 21 allt
442 492 23 20 är
480 493 43 19 min
539 495 93 23 yttersta
648 492 41 20 och
705 494 53 18 sista
773 492 55 26 vilja,
844 492 25 20 af
880 493 45 25 mig
939 491 52 26 sjelf

228 526 149 26 egenhändigt
393 526 118 26 upprättad
524 526 42 20 och
576 526 163 20 underskrifven
739 522 10 34 i
766 526 116 20 tillkallade
893 527 93 19 vittnens

228 560 99 20 närvaro.

301 594 121 21 Brahestad
437 595 42 20 den
495 599 25 22 25
538 595 86 26 Januari
642 595 58 26 1887.

702 657 24 21 L.
742 658 24 19 FE.
782 657 147 20 Leustadius.*

786 697 63 22 (Sigill)

284 823 21 29 5.
342 823 99 29 Gustava
461 824 133 34 Holmgrens
614 825 42 27 och
675 825 112 27 Mathilda
807 825 126 34 Töhigrens

230 864 179 28 donationsfond
428 864 37 28 för
484 865 135 34 andesvaga
639 865 57 27 barn
715 865 34 28 till
763 865 74 27 minne
850 865 26 27 af
888 865 99 28 brodern

347 905 82 27 aflidne
448 905 196 34 possessionaten
663 905 66 28 Adolf
748 905 127 34 Holmgren.

300 979 77 20 Denna
401 979 50 20 fond
473 980 38 19 har
534 981 100 26 uppstått
657 980 31 20 till
711 979 51 27 följd
786 980 24 20 af
827 987 27 13 en
874 980 24 20 af
915 979 74 21 fröken

231 1013 99 21 Gustava
345 1014 118 27 Holmgren
480 1014 41 20 och
536 1014 32 20 fru
584 1015 90 20 Matilda
690 1014 110 27 Töhlgren
816 1014 62 27 gjord
893 1014 97 20 anhållan

231 1051 34 17 att
282 1048 20 20 få
318 1048 129 20 öfverlemna
464 1054 78 18 20,000
558 1048 59 20 mark
633 1049 32 20 för
680 1052 32 17 att
728 1049 64 20 deraf
804 1049 68 20 måtte
882 1048 68 20 bildas
964 1055 25 13 en

231 1082 93 20 stående
346 1082 51 20 fond
420 1083 67 20 under
509 1083 130 26 benämning
662 1099 4 8 ,
669 1082 105 24 Gustava
798 1082 129 27 Holmgrens
950 1083 41 19 och

232 1116 108 21 Mathilda
359 1117 120 26 Töhlgrens
500 1117 169 21 donationsfond
690 1117 32 20 för
743 1117 125 26 andesvaga
887 1116 52 21 barn
959 1116 32 21 till

231 1152 73 19 minne
325 1151 23 20 af
365 1152 92 20 brodern
476 1152 33 20 afl.
526 1153 177 25 possessionaten
718 1151 72 21 Adolf
803 1151 139 27 Holmgren",
959 1154 32 17 att

233 1185 104 21 förvaltas
361 1186 24 20 af
405 1179 174 33 Öfverstyrelsen
595 1186 32 20 för
642 1186 155 20 skolväsendet
813 1185 50 21 eller
878 1185 113 21 Statskon-

233 1223 60 17 toret
308 1220 50 20 med
374 1220 103 20 förbehåll
493 1224 31 16 att
535 1220 67 20 under
613 1220 62 20 deras
686 1220 138 20 återstående
835 1220 66 20 lifstid
911 1219 80 27 årligen

234 1254 21 20 få
272 1254 98 27 uppbära
388 1258 6 22 5
407 1254 18 26 %
450 1254 60 20 ränta
526 1255 13 19 å
554 1254 105 27 kapitalet
675 1254 30 20 till
720 1254 82 20 hälften
819 1254 104 20 hvardera
936 1257 55 17 samt

233 1291 34 17 att
284 1288 53 20 efter
353 1289 62 19 deras
431 1289 44 19 död
491 1289 74 20 räntan
582 1288 67 20 skulle
664 1288 110 20 användas
790 1288 31 20 till
836 1288 119 20 understöd
970 1288 22 20 åt

233 1322 108 27 afgående
357 1322 50 21 eller
423 1323 107 26 afgångna
546 1322 71 21 elever
633 1323 44 19 från
693 1322 42 20 den
751 1322 24 20 af
788 1322 119 27 Magistern
922 1322 70 20 Edvin

233 1356 26 20 L.
284 1357 99 20 Hedman
406 1357 135 27 grundlagda
564 1356 78 21 anstalt
664 1357 32 20 för
718 1357 125 26 andesvaga
862 1356 53 20 barn
935 1356 56 24 eller,

234 1392 6 19 i
257 1391 104 20 händelse
377 1391 68 20 denna
461 1392 50 19 med
527 1392 32 19 sin
574 1391 138 20 verksamhet
728 1391 122 27 upphörde,
866 1390 31 21 till
909 1390 83 20 förmån

348 1426 6 2 ä
646 1425 71 21 artadt
732 1424 100 21 ändamål
847 1426 58 19 inom
920 1424 72 20 landet

234 1460 7 19 i
257 1460 73 20 stället
345 1459 71 21 kunde
432 1459 86 21 komma
533 1459 31 21 till
580 1460 70 20 ständ.
680 1459 78 20 Denna
774 1458 98 21 anhällan
887 1458 38 20 har
940 1458 52 26 Kej-

305 1500 130 15 Statsutskottets
448 1500 104 15 betänkande
564 1500 34 14 N:o
607 1504 19 15 3.
