1103 1700
265 156 27 20 48
503 154 26 22 U.
544 155 25 21 B.
584 154 148 22 11[-XXXI

235 230 40 20 gar
290 224 23 20 är
329 230 87 14 numera
431 230 27 14 en
474 226 46 18 stor
536 223 35 21 del
586 223 128 21 äterbetald.
741 223 94 21 Sälunda
846 224 97 20 äterstod
954 223 42 21 den

237 263 22 21 31
277 257 82 27 januari
377 258 54 26 1894
446 258 28 26 pä
490 257 91 21 fondens
597 258 86 20 fordran
700 258 32 20 för
748 258 145 27 sädesimport

235 309 32 21 till
282 309 32 21 S:t
329 309 91 21 Michels
435 309 35 21 län
503 314 89 21 105,000
608 309 59 21 mark
683 310 77 20 endast
791 309 83 27 26,524:
892 315 31 21 31;
941 312 55 18 samt

243 360 13 8 »
278 344 90 27 Kuopio
441 360 11 8 »
477 340 8 32 =
498 344 94 24 680,000
633 360 12 8 ,,
711 360 12 8 »
776 349 98 19 220,000:
890 356 33 8 —.

305 401 105 21 Deremot
425 408 54 14 voro
494 401 146 26 nyssnämnda
656 402 74 20 datum
745 402 34 20 län
801 401 116 26 beviljade:

236 453 22 20 ät
273 452 146 21 kommuner
410 448 17 37 i
435 453 89 27 Kuopio
540 453 34 20 län
604 470 4 3 .
639 470 4 3 .
675 470 4 4 .
711 470 3 3 .
747 470 3 3 .
782 459 98 20 441,000:
898 466 26 2 —
940 456 57 18 samt

245 503 12 8 5
332 504 12 8 3
415 488 5 19 i
436 487 67 20 Wasa
558 483 18 34 p»
604 504 4 3 <
640 504 4 3 so
675 504 4 4 .
712 504 3 4 .
748 504 3 4 .
782 493 142 19 200,000:
906 483 21 34 —

307 544 111 20 äfvensom
435 544 124 27 läneanslag

236 596 23 19 ät
275 595 154 21 kommunerna
450 597 6 19 i
475 595 123 28 Uleäborgs
614 596 34 21 län
671 596 32 21 för
719 599 31 18 ut-

281 629 72 27 läning
369 631 21 20 ät
406 630 96 20 enskilda
516 630 116 27 jordegare
674 647 4 4 .
710 647 4 4 .
746 647 4 3 .
783 635 96 21 115,000:
896 642 27 2 —

236 663 35 20 för
283 664 191 27 upprätthällande
487 664 24 21 af
518 664 117 27 fattigvärd
646 668 55 17 samt
715 664 32 21 för

281 698 92 27 uppköp
389 698 25 21 af
426 699 39 20 säd
498 715 3 3 .
641 715 75 4 L
748 715 4 4 +
782 703 99 20 400,000:
897 711 27 2 —
940 701 56 18 samt

237 733 22 20 ät
276 733 115 20 affärsmän
408 734 5 19 i
429 733 83 26 Kajana
536 749 1 4 .
568 748 6 5 .
605 749 3 4 <
641 749 3 4 .
676 749 4 4 co
712 749 4 4 cv
748 749 4 4 «+
786 738 95 19 100,000:

305 795 76 21 Under
402 796 27 20 de
449 799 33 17 tre
502 796 140 20 sistförflutna
664 797 50 19 åren
736 795 38 20 har
795 795 132 21 statsverket
942 802 55 20 upp-

236 830 91 20 handlat
342 830 107 21 inhemskt
464 831 76 20 utsäde

377 882 23 20 är
418 883 49 25 1891
487 882 32 20 för
548 899 4 3 .
584 898 3 3 .
620 898 3 4 .
656 898 3 4 .
687 877 7 35 =
707 882 74 25 16,452
798 881 59 21 mark

384 932 11 9 »
415 917 51 25 1892
494 932 12 8 »
548 932 3 4 <
584 932 3 4 «<
655 932 4 4 <
689 915 92 27 792267
822 932 11 8 ,,

384 966 12 9 »
416 951 52 25 1893
494 966 12 8 »
548 966 4 4 «<
584 966 4 3 <
620 966 4 3 +
656 966 3 3 +
690 950 92 25 783082
824 965 11 9 »

376 995 51 20 eller
442 995 158 27 sammanlagdt
619 995 33 20 för
671 996 107 25 1,591,801
798 995 66 20 mark.

307 1058 129 21 Utomlands
452 1058 127 27 uppköptes
596 1059 45 20 åter
656 1057 190 28 utsädesspanmål

377 1115 22 21 år
417 1115 52 26 1892
487 1115 32 21 för
541 1131 1 4 .
575 1131 4 4 .
610 1131 4 5 .
646 1131 4 4 .
692 1119 90 22 539.373
799 1114 60 20 mark

382 1166 11 8 »
416 1152 52 23 1803
495 1166 11 8 -
539 1166 3 3 +
575 1165 3 4 =
610 1166 4 3 <
646 1166 4 3 x
690 1148 92 27 830076
823 1165 11 8 35

379 1195 50 21 eller
445 1195 73 20 inalles
535 1195 32 21 för
608 1212 4 3 =.
644 1195 134 26 .1,369,449
794 1194 66 21 mark.

306 1258 41 20 För
368 1261 32 17 att
422 1258 70 20 kunna
514 1258 118 26 tillgodose
652 1258 169 20 kommunernas
840 1259 6 18 i
862 1257 27 20 de
905 1257 24 20 af
941 1258 53 19 miss

235 1292 84 21 växten
340 1293 83 19 svårast
444 1292 114 20 hemsökta
580 1292 60 20 delar
655 1292 25 20 af
692 1292 74 20 landet
784 1291 70 21 behof
866 1291 25 21 af
902 1291 101 27 spanmäl

236 1326 43 20 och
295 1326 50 26 mjöl
360 1326 31 20 till
405 1326 107 21 brödföda
528 1326 166 27 upphandlades
710 1326 32 20 för
758 1325 93 21 kronans
867 1325 90 27 räkning

234 1372 24 20 är
278 1372 49 26 1891
346 1371 90 27 rågmjöl
450 1371 33 21 för
523 1388 3 4 .
558 1388 4 4 .
594 1388 4 4 .
630 1388 4 4 .
665 1388 4 4 .
701 1388 4 4 .
744 1372 93 26 289,039
853 1371 68 25 mark;
938 1374 65 18 samt.

243 1422 12 8 »
278 1406 52 26 1892
348 1406 38 26 råg
401 1406 42 20 och
458 1405 90 27 rågmjöl
564 1406 32 20 för
635 1422 3 3 .
670 1422 4 4 .
707 1422 3 4 .
751 1410 93 22 731590
883 1422 12 8 »
924 1412 4 18 ;

236 1450 53 21 eller
305 1450 74 21 inalles
395 1450 32 21 för
455 1468 3 3 .
491 1467 4 4 .
527 1467 3 4 so
562 1467 4 4 <
599 1468 3 3 <
634 1468 4 3 co
670 1468 39 3 cos
721 1443 123 34 1,020,629
858 1450 67 22 mark.

309 1490 131 16 Statsutskottets
453 1491 104 16 betänkande
569 1491 34 15 N:o
613 1496 19 15 3.
