1103 1700
286 140 25 20 12
397 140 29 22 U.
442 139 27 22 B.
487 151 23 3 —
527 138 30 22 H.
573 138 27 22 F.
615 139 97 22 Antells
727 139 153 23 testamente.

254 211 75 19 maste
352 206 124 22 framtiden
500 206 26 22 af
545 206 133 22 finansiella
700 207 52 21 skäl
773 208 52 21 icke
840 214 72 22 gerna
928 207 88 29 möjlig.

254 242 37 22 Då
307 250 29 13 en
352 242 63 28 gång
430 242 25 21 så
470 241 110 22 förhåller
596 242 42 28 sig,
655 242 56 20 böra
727 242 75 28 enligt
816 242 132 21 Utskottets
959 248 58 22 upp-

254 276 105 28 fattning
375 276 139 28 åtgärderna
528 275 37 21 för
581 275 218 22 åstadkommandet
814 276 26 21 af
854 278 33 19 ett
901 275 115 22 national-

254 318 106 14 museum
383 310 48 22 tills
453 310 80 21 vidare
556 310 128 21 inskränka
700 310 36 28 sig
752 310 37 21 till
806 312 34 19 att
855 313 56 25 göra
926 310 28 21 de
970 313 46 17 sär-

255 345 77 21 skilda
348 344 158 29 samlingarna
521 344 150 28 tillgängliga
686 344 37 21 för
739 344 156 21 allmänheten
912 344 43 21 och
970 344 46 21 for-

255 379 91 27 skarne,
359 392 25 2 —
398 381 40 23 att,
448 379 25 21 så
481 378 52 21 vidt
548 378 99 28 möjligt,
663 378 57 22 söka
735 378 153 22 koncentrera
903 378 114 21 likartade

257 414 128 28 samlingar
404 414 29 27 på
454 415 34 19 ett
502 412 74 28 ställe,
592 415 60 18 samt
667 426 27 2 —
709 415 36 19 att
760 413 83 28 bringa
858 412 158 28 samlingarna

254 448 75 21 under
345 455 28 13 en
389 454 132 22 gemensam
537 447 172 27 museistyrelse
726 447 43 21 och
784 447 161 28 -förvaltning.

325 482 12 21 I
352 482 94 21 främsta
456 484 100 18 rummet
565 481 42 21 har
617 481 123 22 Utskottet
750 481 56 21 stält
816 481 108 29 åtgärder
934 482 8 20 i
955 481 62 28 syfte

255 519 36 18 att
315 520 56 24 göra
394 516 156 28 samlingarna
572 515 157 29 tillgängliga.
760 516 46 20 Det
828 516 118 20 förefaller
961 522 56 14 vara

255 558 29 14 en
301 550 111 29 oafvislig
428 550 135 29 skyldighet
578 552 124 27 gentemot
714 550 64 21 såväl
794 550 158 29 samlingarna
967 557 49 14 som

255 585 61 26 dem,
333 585 26 21 af
372 585 79 21 hvilka
466 585 68 20 dessa
548 585 121 28 mottagits
686 584 56 21 eller
755 584 144 29 öfvertagits,
911 587 34 18 att
956 585 61 28 sörja

253 619 45 26 för,
305 621 35 19 att
345 619 28 21 de
381 619 50 21 icke
440 619 110 21 förblifva
557 619 111 28 liggande
677 619 30 28 på
716 621 34 19 ett
758 626 48 14 mer
812 619 56 21 eller
875 619 88 21 mindre
971 619 45 20 till-

255 653 80 28 fälligt
358 653 206 28 förvaringsställe,
584 653 117 22 oordnade
718 653 43 22 och
777 654 25 20 så
818 653 56 28 godt
890 661 49 14 som
955 653 61 21 otill-

255 688 120 28 gängliga,
391 687 73 22 under
480 687 124 29 beständig
619 688 47 21 risk
683 690 35 19 att
733 691 55 25 taga
800 688 77 21 skada.
901 687 116 22 Särskildt

255 725 26 18 är
297 724 36 19 att
348 722 148 28 ihågkomma
511 722 144 21 beträffande
671 722 44 21 den
729 722 143 21 omfattande
882 722 43 21 och
935 722 80 21 värde-

254 755 61 22 fulla
343 756 128 21 Antellska
497 759 77 26 mynt-
596 756 44 21 och
662 756 223 29 medaljsamlingen,
909 763 47 14 som
979 756 37 21 för

255 791 146 21 närvarande
431 795 25 17 är
484 791 153 28 provisoriskt
665 791 82 28 inhyst
776 791 8 21 i
809 790 112 22 Finlands
936 791 80 21 Banks

255 859 155 21 intresserade
433 859 140 29 tillgänglig.
604 860 37 21 En
663 859 26 22 af
707 859 45 21 den
768 859 141 28 nyssnämda
925 859 90 29 delega-

255 893 94 22 tionens
365 893 72 22 första
452 894 120 29 uppgifter
588 893 75 22 blefve
679 894 79 21 därför
773 895 7 20 i
796 894 131 21 Utskottets
943 895 70 20 tanke

256 930 36 19 att
313 927 106 29 upphyra
440 928 97 29 lämplig
558 928 63 22 lokal
636 928 37 21 för
688 928 76 21 denna
780 928 100 29 samling
895 928 119 22 äfvensom

256 965 37 18 att
308 962 72 28 draga
395 962 90 29 försorg
500 970 37 13 om
552 963 52 21 dess
620 963 190 28 katalogisering.

325 996 109 22 Likasom
456 997 131 21 Ständerna
610 997 70 22 hafva
700 997 77 21 denna
792 997 135 28 skyldighet
943 1004 72 22 oupp-

255 1029 60 29 fyld,
346 1031 25 20 sä
399 1031 42 20 har
470 1031 69 21 äfven
570 1031 119 28 Styrelsen
716 1039 28 14 en
769 1032 101 21 likartad
895 1031 60 29 plikt
980 1035 35 18 att

256 1064 108 29 fullgöra.
394 1065 35 21 De
452 1065 168 29 arkeologiska,
643 1065 126 22 historiska
790 1066 43 21 och
859 1065 155 29 etnografiska

255 1099 133 28 samlingar,
409 1107 49 14 som
482 1102 77 19 staten
582 1107 82 22 genom
686 1101 30 21 K.
739 1101 164 28 Kungörelsen
926 1101 26 21 af
969 1101 45 22 den

256 1135 26 20 17
305 1133 102 29 Augusti
432 1136 52 20 1893
508 1134 127 28 öfvertagit
656 1135 26 21 af
701 1135 177 27 Universitetet,
904 1135 109 22 Student-

255 1168 178 28 afdelningarna
444 1168 43 22 och
498 1169 301 29 Fornminnesföreningen,
811 1169 92 21 befinna
913 1169 36 29 sig
961 1170 8 20 i
980 1172 34 19 ett

254 1202 95 28 mycket
371 1202 120 28 brydsamt
512 1203 52 29 läge
580 1203 52 21 med
648 1203 91 29 hänsyn
755 1204 37 20 till
808 1204 50 20 sina
873 1204 140 28 förvarings-

254 1243 59 15 rum.
344 1236 116 22 Särskildt
484 1237 28 21 de
538 1238 285 28 arkeologisk-historiska
848 1238 163 28 samlingarna,

254 1271 131 28 utgörande
409 1271 97 22 likasom
532 1272 28 21 de
585 1272 157 28 etnografiska
765 1275 34 19 ett
821 1272 122 29 rikhaltigt
970 1272 43 22 och

255 1304 98 29 dyrbart
376 1306 105 21 material
506 1306 36 21 till
558 1306 162 22 kännedomen
735 1306 27 22 af
774 1307 52 21 värt
841 1306 61 22 folks
923 1306 90 22 kultur-

254 1339 104 27 historia,
374 1340 79 21 kunna
464 1340 50 21 icke
525 1340 217 22 tillfredsställande
751 1340 95 22 bevaras
859 1341 8 21 i
880 1341 28 21 de
919 1341 94 27 lokaler,

255 1373 42 21 där
315 1373 28 21 de
359 1374 36 21 för
410 1374 144 22 närvarande
570 1378 39 18 äro
625 1375 114 28 inrymda,
756 1379 29 17 än
802 1375 89 22 mindre
906 1382 56 14 vara
977 1375 36 22 för

255 1407 103 22 forskare
381 1408 43 21 och
446 1408 44 22 den
513 1409 154 22 intresserade
683 1410 158 21 allmänheten
857 1409 154 29 tillgängliga.

253 1440 78 23 Faran
347 1442 36 21 för
399 1444 34 19 att
448 1446 29 18 än
494 1450 29 14 en
538 1443 64 29 gång
616 1444 107 28 företaga
737 1451 30 14 en
783 1444 26 21 af
822 1444 66 21 dessa
897 1444 116 28 pruvisso-

325 1482 103 18 Allmänna
440 1482 168 19 Besvärsutskottets
624 1483 110 19 betänkande
746 1484 38 17 N:o
797 1484 27 18 19.
