1103 1700
152 182 69 23 Bilaga
234 182 29 18 till
274 182 94 18 Finlands
382 182 88 17 Ständers
483 181 180 22 Bankfullmäktiges
675 181 98 19 berättelse,
783 180 57 23 afgif-

86 217 33 12 ven
131 211 30 17 till
173 211 114 17 Ständernas
300 210 121 18 Bankutskott
429 210 32 18 vid
472 210 49 18 1894
533 210 31 17 års
577 210 93 22 landtdag.

374 463 177 43 Förslag

447 537 31 21 till

112 594 245 57 Reglemente
385 595 68 44 för
485 594 182 45 Finlands
700 594 129 44 Bank.

403 704 79 33 Kap.
501 705 22 25 I.

296 761 129 22 Allmänna
444 761 188 27 bestämningar.

441 830 46 27 18.

153 881 103 22 Finlands
275 881 67 27 Bank,
363 887 44 16 som
427 881 44 22 står
486 881 69 22 under
570 881 103 22 Finlands
689 881 103 21 Ständers
807 887 36 21 ga-

84 916 56 21 ranti
159 916 40 21 och
219 916 58 26 vård,
297 916 39 21 har
355 916 32 23 till
403 915 84 28 uppgift
502 917 32 20 att
549 915 146 28 upprätthålla
712 915 75 28 stadga
803 915 39 21 och

85 950 100 21 säkerhet
208 950 6 21 i
234 950 84 21 landets
340 950 198 27 penningeväsende
557 951 57 20 samt
634 951 32 19 att
685 949 100 22 befordra
804 949 38 22 och

84 985 122 20 underlätta
221 985 263 26 penningeomsättningen
499 984 7 21 i
521 984 79 21 landet.

439 1059 48 27 28.

153 1111 88 20 Banken
265 1117 49 21 eger
336 1113 43 18 rätt
403 1113 31 19 att
451 1111 81 27 utgifva
552 1110 70 21 sedlar
641 1111 66 27 enligt
727 1111 26 20 de
772 1111 6 20 i
793 1111 49 27 kap.

84 1145 20 21 11
128 1145 104 27 stadgade
254 1146 101 26 grunder,
379 1147 55 19 samt
453 1146 39 20 har
510 1146 32 20 till
562 1145 88 21 föremål
669 1145 34 21 för
727 1146 31 21 sin
782 1145 60 21 verk-

84 1180 83 20 samhet
185 1181 42 19 att:

83 1214 32 20 in-
131 1214 39 20 och
192 1214 87 20 utvexla
302 1214 95 21 bankens
417 1214 69 21 sedlar
505 1214 38 21 och
563 1214 118 20 metalliskt
699 1216 69 25 mynt;
787 1214 55 26 köpa

153 1248 38 21 och
215 1248 54 27 sälja
284 1248 51 27 guld
355 1248 39 21 och
414 1248 72 21 silfver
505 1249 56 20 samt
579 1248 61 27 ryskt
658 1248 38 20 och
711 1248 131 21 främmande

152 1282 62 21 lands
237 1284 71 25 mynt;
332 1282 57 27 köpa
408 1282 39 22 och
467 1282 53 27 sälja
539 1282 112 21 inhemska
669 1282 38 21 och
728 1282 114 21 utländska

153 1318 142 25 statspapper,
311 1316 141 27 obligationer
468 1316 39 22 och
519 1316 111 28 kuponger
641 1318 55 19 samt
707 1316 13 21 å
731 1316 60 27 ryskt
802 1316 39 22 och

152 1350 133 22 främmande
303 1351 61 21 lands
383 1353 59 25 mynt
461 1351 91 27 lydande
571 1351 76 26 sedlar,
663 1351 72 20 vexlar
750 1351 39 21 och
805 1357 37 15 an-

151 1384 118 27 visningar;

83 1419 53 27 sälja
158 1419 142 27 anvisningar,
324 1420 112 21 betalbara
458 1419 12 21 å
490 1421 39 23 ort,
549 1419 38 21 der
606 1419 83 21 banken
708 1419 40 21 har
763 1419 79 21 kontor

152 1453 52 21 eller
222 1455 99 25 agentur;
