1103 1700
246 147 28 21 60
476 147 28 22 U.
519 147 25 21 B.
573 147 157 21 1II-XXXI

217 217 5 19 i
233 215 92 28 Sverige
331 215 20 29 *)
364 220 75 22 10,500
448 216 39 25 kr.,
504 222 65 20 synes
580 216 48 21 icke
638 216 92 21 utesluta
740 215 80 22 tanken
830 216 29 26 pä
870 222 25 14 en
907 214 70 28 skälig

217 250 120 25 reduktion,
353 250 57 21 helst
425 250 65 21 äfven
500 250 184 21 öfverauditörens
697 250 121 27 befattning
828 250 68 20 borde
905 250 71 20 kunna

217 285 51 20 med
283 292 70 13 annan
368 284 88 28 lämplig
471 284 65 26 tjenst
551 284 91 21 förenas.

289 319 65 21 Hvad
375 319 138 20 statsverkets
528 319 86 27 fonder
633 319 109 24 beträffar,
764 318 64 21 hafva
855 318 120 21 Ständerna

216 353 68 21 redan
299 353 112 25 tillförene,
427 353 66 21 ehuru
508 353 75 26 tyvärr
598 356 51 18 utan
664 353 95 25 resultat,
776 352 102 21 hemstält
893 359 36 14 om
945 354 30 19 in-

216 387 108 27 dragning
339 387 24 21 af
375 387 70 27 fattig-
462 387 43 21 och
520 387 194 21 arbetshusfonden
730 391 56 17 samt
802 386 134 21 skolfonden.
949 398 25 3 —

219 416 72 26 Äfven
307 421 206 27 /andtöruksfonden
529 422 68 20 borde
613 422 70 20 kunna
699 422 72 20 såsom
784 428 26 14 en
821 421 91 21 särskild
923 421 52 21 fond

216 456 108 26 indragas.
354 456 128 21 Detsamma
497 456 68 26 gäller
580 457 6 19 i
602 456 54 20 ännu
672 456 68 26 högre
756 455 54 27 grad
826 456 42 20 den
879 456 22 20 är
914 456 60 26 1892,

216 490 126 27 pätagligen
365 497 79 20 genom
466 497 26 13 en
508 490 191 27 missuppfattning
715 490 25 20 af
753 490 49 26 1891
822 490 34 20 ärs
872 489 103 21 Ständers

216 524 111 21 uttalande
343 526 6 19 i
365 524 80 27 frågan,
461 524 112 22 tillkomna
583 524 276 27 mossuttorkningsfonden.
868 536 27 2 —
904 517 71 27 Önsk-

215 558 39 27 ligt
269 566 54 13 vore
336 558 79 27 jemväl
431 562 31 17 att
478 558 202 28 mejerilänefonden
695 558 72 21 kunde
782 559 50 26 ingä
847 559 6 20 i
868 558 107 21 Statsver-

215 593 50 20 kets
288 593 105 21 allmänna
416 593 160 27 utläningsfond
598 594 73 19 säsom
693 601 26 12 en
742 593 24 20 af
785 593 51 20 dess
854 593 119 26 räkningar,

215 627 118 28 lämpligen
354 627 121 27 begränsad
496 627 50 21 med
568 627 84 26 hänsyn
673 627 31 21 till
726 627 167 27 totalbeloppet.
926 627 49 21 Den

215 661 37 20 vid
275 661 130 27 beviljandet
428 661 24 21 af
470 662 64 20 dessa
550 661 33 21 län
599 668 45 14 mer
660 661 26 21 än
702 661 33 21 för
750 661 66 21 andra
832 661 142 26 tilläfventyrs

215 696 82 27 nödiga
320 696 94 21 centrala
436 696 152 27 fackpröfning
611 703 64 19 synes
698 699 52 18 utan
772 695 109 27 svärighet
904 695 70 21 kunna

214 731 77 20 vinnas
303 737 79 20 genom
393 737 26 14 en
431 730 157 21 förberedande
600 730 132 27 behandling
742 731 6 19 i
758 729 216 27 Landtbruksstyrel-

215 771 45 14 sen.
277 777 27 2 —
321 764 79 21 Sävida
415 764 128 27 pietetsskäl
558 764 54 27 göra
628 764 37 21 det
679 764 135 27 nödvändigt
825 767 32 18 att
868 764 106 21 bibehälla

216 798 29 20 H.
264 799 29 20 K.
309 799 31 20 H.
360 798 151 27 Tronföljaren
530 798 93 21 Nikolai
636 798 195 21 Alexandrovitsch
851 798 28 26 (d.
895 798 78 25 äldres)

215 833 163 26 stipendiifond,
401 833 69 20 borde
486 833 50 20 dess
551 839 45 20 nog
611 834 60 25 ringa
686 833 82 26 kapital
786 844 24 3 —
826 837 79 21 40,000
920 834 54 19 Fmk

215 866 37 21 ult.
276 867 47 20 dec.
350 867 53 26 1893
421 879 27 3 —
468 868 100 26 antingen
585 873 79 21 genom
679 867 101 20 liknande
794 867 180 27 tillskottsdispo-

215 902 90 19 sitioner
320 901 93 25 förökas,
429 901 51 21 eller
496 901 41 20 ock
550 901 67 26 jemte
632 901 92 20 fondens
739 908 63 13 namn
814 901 118 20 öfverföras
942 901 32 21 till

214 935 74 27 nägon
309 935 22 20 af
350 935 28 21 de
397 935 83 25 fonder,
496 942 47 13 som
558 942 80 20 genom
653 937 31 19 sin
700 935 105 21 särskilda
821 935 86 27 uppgift
923 935 51 21 eller

215 969 24 20 af
252 970 67 20 andra
335 969 47 21 skäl
397 969 46 21 icke
459 969 33 21 för
507 969 37 21 det
560 969 133 21 närvarande
708 969 72 21 kunna
795 970 107 27 indragas.
932 969 41 22 Till

215 1003 82 22 antalet
319 1004 25 21 af
359 1004 81 21 sådana
455 1003 77 22 fonder
547 1004 39 21 hör
602 1004 106 21 måhända
718 1004 85 27 fonden
812 1004 45 27 för
870 1005 103 20 värnlösa

215 1038 67 20 barns
297 1039 62 24 vård,
375 1045 48 14 som
437 1045 80 20 genom
532 1039 68 20 sättet
615 1039 33 20 för
662 1039 51 20 dess
728 1039 104 21 tillkomst
845 1039 83 20 närmar
940 1041 33 25 sig

215 1073 27 20 de
264 1073 25 20 af
306 1073 96 20 enskilde
423 1073 110 20 donerade
549 1073 110 24 fonderna,
675 1073 71 21 hvilka
759 1073 23 26 ju
797 1073 48 21 icke
861 1073 112 28 rättsligen

214 1107 72 20 kunna
301 1107 161 27 upphäfvas,sä
478 1107 63 27 länge
556 1111 72 17 staten
644 1107 66 28 enligt
726 1109 37 19 sitt
778 1108 109 26 åtagande
897 1108 24 20 är
931 1108 42 21 för-

213 1142 88 20 bunden
317 1145 38 21 att,
372 1141 51 21 eller
438 1142 50 26 eljes
504 1142 79 20 önskar
598 1142 50 26 sjelf
659 1142 91 21 förvalta
766 1142 117 21 desamma.
913 1142 60 22 Huru

214 1175 43 21 den
273 1176 56 21 rätta
345 1176 91 26 gränsen
451 1176 83 24 härvid,
550 1176 91 20 likasom
656 1176 206 27 öfverhufvudtaget
877 1177 36 20 vid
927 1176 46 22 fon-

214 1210 51 20 ders
283 1210 150 27 tillskapande,
452 1210 42 20 kan
513 1210 151 25 öfverskridas,
684 1211 68 27 derpä
768 1212 80 19 lemnar
865 1211 108 27 ,förenin-

214 1250 51 20 gens
286 1244 45 27 för
353 1244 102 21 värnlösa
480 1244 67 20 barns
572 1246 127 26 uppfostran
724 1245 192 27 besparingsfond*
941 1249 32 17 ett

213 1278 90 21 släende
319 1278 107 27 exempel.
456 1278 32 22 Ur
504 1279 42 20 den
561 1279 25 21 af
598 1279 120 21 Ständerna
733 1280 32 20 till
780 1280 127 26 indragning
917 1280 56 20 före-

213 1312 76 27 slagna
313 1312 72 27 fattig-
407 1313 41 20 och
470 1313 195 21 arbetshusfonden
681 1314 88 26 beviljas
786 1314 53 20 först
855 1314 66 27 ärliga
936 1321 37 13 an-

284 1391 17 22 *)
326 1392 57 21 Enligt
399 1398 21 10 nu
438 1391 87 23 pägäende
542 1393 78 21 riksdags
638 1394 54 15 beslut
709 1394 80 20 indragen
802 1394 26 16 för
840 1394 87 16 framtiden
939 1394 33 16 och

213 1422 51 14 ersatt
281 1420 19 16 af
313 1425 20 11 en
349 1420 84 20 afdelning
445 1421 28 15 vid
486 1421 43 16 Svea
542 1421 67 19 hofrätt,
622 1422 109 20 hvarigenom
744 1422 121 16 ärskostnaden
878 1422 95 22 ytterligare

212 1448 98 21 nedbragts.

285 1483 130 16 Statsutskoitets
427 1484 102 16 betänkande
540 1484 35 16 N:o
584 1489 18 15 3.
