1103 1700
535 520 158 28 Reservation.

303 594 44 21 Om
362 594 117 20 utskottets
495 595 130 26 motivering
641 594 41 20 och
697 594 133 27 bevisföring
845 595 24 20 är
881 594 38 27 jag
929 596 6 19 i
945 594 46 21 huf-

231 628 85 21 vudsak
332 635 57 13 ense.
420 628 52 21 Men
488 628 36 20 det
540 628 86 27 förslag,
644 628 60 21 hvari
720 629 118 20 utskottets
853 628 138 21 betänkande

231 666 121 22 utmynnar,
369 662 42 20 kan
423 661 37 27 jag
476 662 47 20 icke
538 662 123 26 godkänna.
683 662 45 21 Det
744 662 23 20 är
782 662 107 27 nemligen
903 669 45 14 mer
963 663 28 20 än

232 696 121 27 oegentligt
375 699 31 17 att
427 695 31 22 till
480 695 132 21 Ständernas
634 696 123 27 antagande
772 696 79 21 föreslå
867 703 26 14 en
909 697 82 20 förord-

231 732 52 25 ning
299 737 36 13 om
350 730 155 27 upphäfvande
521 730 25 20 af
558 733 32 17 ett
606 730 164 27 lagstadgande,
786 737 48 13 som
850 730 66 27 enligt
929 732 62 19 moti-

230 766 105 25 veringen
350 764 67 20 redan
432 764 96 27 upphört
543 767 31 17 att
590 764 62 27 gälla.
675 764 139 27 Sakenligare
830 765 28 20 än
873 764 118 21 utskottets

231 798 82 27 förslag
329 805 64 20 synes
409 798 37 20 det
461 799 45 26 mig
520 805 52 13 vara
587 801 32 17 att
634 798 127 25 Ständerna,
780 799 49 19 med
845 798 98 21 anmälan
959 802 31 17 att

232 833 28 20 de
283 833 28 26 på
335 832 89 21 anförda
446 832 47 20 skäl
512 839 52 13 anse
579 831 12 28 &
606 838 15 19 4
636 835 6 17 i
657 833 79 26 nådiga
751 832 153 27 förordningen
919 832 42 21 den
976 839 14 20 9

232 867 116 20 december
367 866 52 26 1867
435 866 112 27 angående
563 866 106 26 styrelsen
685 867 42 20 och
742 866 157 27 förvaltningen
909 867 26 20 af
942 867 47 20 Fin-

231 901 62 20 lands
317 901 60 20 Bank
397 901 63 20 hafva
477 901 95 26 upphört
587 904 32 17 att
634 901 63 26 gälla,
721 900 57 21 dock
794 901 50 20 med
859 901 102 20 afseende
977 901 12 20 å

231 935 42 20 den
296 937 105 18 motsatta
423 935 145 26 uppfattning,
592 941 48 14 som
656 934 90 21 kommit
761 934 31 21 till
807 934 87 27 uttryck
909 936 6 19 i
931 935 36 20 det
983 936 6 19 i

230 969 119 20 utskottets
371 969 137 20 betänkande
530 969 126 26 åberopade
677 969 79 26 nådiga
778 969 84 20 brefvet
882 969 25 20 af
919 969 42 20 den
976 974 13 21 7

230 1010 57 13 mars
307 1004 59 25 1893,
383 1003 83 20 anhålla
482 1009 35 13 om
533 1003 154 26 upphäfvande
703 1003 25 20 af
739 1003 68 26 sagda
823 1003 92 26 lagrum;
939 1006 50 18 utan

230 1041 32 17 att
279 1037 119 21 emellertid
413 1037 142 26 kungörelsen
571 1037 76 20 härom
664 1037 95 20 behöfde
774 1037 25 20 af
810 1036 121 21 Ständerna
947 1037 42 20 for-

229 1072 93 20 muleras
341 1071 33 27 (jfr
389 1071 27 20 bl.
433 1078 17 13 a.
468 1071 157 26 behandlingen
640 1071 25 20 af
676 1078 63 19 prop.
753 1071 41 20 N:o
809 1075 28 22 47
853 1071 36 20 vid
907 1072 82 25 1877—

232 1106 54 25 1878
303 1107 34 19 års
353 1109 55 16 samt
424 1105 24 20 af
460 1112 56 20 prop
531 1105 41 20 N:o
591 1110 26 21 30
631 1105 36 20 vid
685 1105 53 21 1882
755 1105 33 20 års
805 1104 119 28 landtdag).

301 1140 50 20 Icke
367 1140 66 20 heller
448 1139 65 21 finner
526 1139 37 27 jag
578 1140 38 20 det
631 1139 99 27 lämpligt
746 1142 32 18 att
788 1146 27 13 en
826 1139 91 21 särskild
928 1139 61 21 skrif-

229 1174 61 20 velse
313 1176 6 18 i
342 1174 60 20 detta
425 1174 80 20 ärende
520 1173 25 21 af
556 1173 120 21 Ständerna
692 1173 82 25 aflätes,
798 1176 50 18 utan
863 1173 68 21 skulle
947 1174 42 20 den

229 1208 166 27 ifrägavarande
417 1207 181 27 framställningen
621 1207 129 27 naturligare
769 1208 84 20 ansluta
868 1209 33 25 sig
916 1208 73 20 säsom

230 1250 27 13 en
274 1242 145 27 tilläggskläm
431 1242 31 20 till
472 1241 132 21 Ständernas
615 1241 111 21 skrifvelse
739 1242 113 26 angäende
862 1245 48 23 nytt
921 1242 68 26 regle-

229 1280 74 18 mente
326 1276 32 20 för
377 1276 91 20 banken.
498 1276 105 20 Deremot
623 1276 84 20 förenar
720 1275 38 27 jag
772 1277 45 25 mig
832 1275 48 21 icke
895 1282 36 14 om
947 1276 42 21 den

229 1312 60 19 inom
305 1310 105 21 utskottet
426 1310 101 24 uttalade,
544 1311 6 19 i
565 1310 147 20 betänkandet
727 1310 123 20 refererade
862 1310 84 27 äsigten
956 1314 32 18 att

229 1344 13 28 8
257 1351 16 19 4
288 1346 6 19 i
312 1344 53 27 1867
388 1345 33 19 ars
441 1344 125 26 förordning
580 1344 69 20 borde
664 1345 6 20 i
685 1344 75 26 sjelfva
776 1344 142 27 reglementet
933 1352 55 20 upp-

228 1379 85 20 häfvas.
337 1378 43 21 Om
395 1378 27 20 än
437 1378 70 20 denna
522 1379 56 26 äsigt
594 1378 23 20 är
632 1381 32 17 att
676 1378 115 27 föredraga
804 1378 91 20 framom
905 1378 83 22 utskot-

228 1416 44 17 tets
288 1413 87 25 förslag,
397 1419 52 13 vore
466 1412 36 20 det
517 1412 107 20 mähända
640 1412 57 20 dock
712 1412 48 20 icke
775 1412 126 21 välbetänkt
917 1416 32 18 att
963 1414 25 20 sä

226 1447 55 20 nära
297 1446 162 21 sammanbinda
474 1446 64 21 dessa
553 1446 79 27 frägor.

298 1486 144 17 Bankutskottets
454 1485 110 18 betänkande
578 1487 36 15 N:o
626 1485 16 17 1.
