1103 1700
798 122 24 20 11

94 178 64 26 inköp
181 178 39 20 och
243 177 125 27 försäljning
391 177 22 21 af
433 178 97 26 myntadt
553 178 39 20 och
613 178 111 27 omyntadt
742 178 52 27 guld
813 178 39 22 och

95 211 72 23 silfver
185 214 56 20 samt
260 212 23 21 af
296 212 148 26 obligationer,
459 212 111 27 kuponger
586 212 40 21 och
641 212 76 26 sedlar,
734 212 91 27 lydande
840 212 13 22 &

95 246 59 28 ryskt
170 246 38 21 och
224 246 132 22 främmande
371 246 61 21 lands
448 249 65 25 myrt,
528 246 116 28 äfvensom
659 246 145 26 provisionen
816 247 37 28 för

94 280 97 21 bankens
207 280 170 28 inkasseringar
393 280 127 22 bestämmas
536 280 24 21 af
574 280 142 22 direktionen.

439 338 28 20 33
483 337 17 27 $.

163 382 31 22 Pä
213 382 192 27 bankfullmäktige
424 383 124 21 ankommer
568 385 37 24 att,
621 383 55 21 efter
695 383 157 28 framställning

94 417 23 21 af
134 416 141 27 direktionen,
290 417 79 27 bevilja
387 417 95 21 bankens
500 418 127 26 gäldenärer
643 418 26 20 de
685 418 107 21 lättnader
812 418 40 22 och

95 451 124 28 eftergifter,
236 458 45 14 som
301 452 72 20 kunna
392 458 51 15 vara
462 452 23 21 af
498 452 95 20 rädande
612 452 186 21 sakförhällanden
815 452 36 27 pä-

94 485 91 27 kallade,
209 486 85 20 besluta
317 492 32 14 om
373 485 171 27 ackordsförslag
566 485 24 22 af
612 486 95 21 bankens
726 486 126 27 gäldenärer

95 522 55 19 samt
169 519 80 27 afgöra,
267 519 70 21 hvilka
357 520 94 21 bankens
470 520 121 27 fordringar
610 520 61 21 skola
689 520 70 21 såsom
775 521 77 21 osäkra

94 554 32 21 till
147 554 38 21 sitt
203 554 107 21 bokförda
329 554 64 21 värde
412 554 126 22 nedskattas
557 554 53 21 eller
625 554 44 22 helt
684 555 40 21 och
739 554 67 23 hållet
821 555 30 21 af-

94 588 98 22 skrifvas.

439 623 28 22 34
482 623 17 28 $.

163 669 118 26 Anvisning
307 671 55 19 samt
385 669 59 21 bevis
466 669 59 21 öfver
548 669 136 27 deponerade
707 669 69 22 medel
800 670 51 21 eller

94 704 85 21 nedsatt
196 704 53 26 gods
268 703 72 22 kunna
359 703 7 21 i
383 703 47 27 laga
445 703 96 28 ordning
559 703 73 26 dödas,
649 703 27 27 på
695 705 43 20 sätt
753 710 34 15 om
802 710 49 15 vex-

94 738 32 21 lar
149 740 24 19 är
196 738 107 27 stadgadt,
323 737 50 22 derå
391 738 148 26 anvisningens
558 738 52 21 eller
627 738 224 27 depositionsbevisets

93 772 78 27 belopp
186 772 52 21 eller
253 772 76 27 godset
344 773 34 20 må
394 772 31 21 till
442 772 160 21 vederbörande
617 772 100 27 utgifvas.

437 836 29 21 35
481 835 18 28 8.

161 876 44 26 Äro
224 881 147 27 värdepapper
391 881 118 22 inlemnade
524 881 32 22 till
572 881 72 22 förvar
659 881 7 21 i
681 881 85 21 banken
781 881 69 22 säsom

93 917 69 25 öppen
186 915 127 27 deposition,
333 915 34 21 mä
390 915 84 21 banken
498 915 63 27 ätaga
573 916 43 26 "sig
635 917 32 20 att
685 915 53 28 lyfta
756 915 94 22 dividen-

93 949 38 22 der
153 949 40 22 och
216 951 73 20 räntor
309 950 13 21 å
341 950 26 21 de
386 950 134 27 deponerade
539 950 161 27 värdepappren
721 952 55 19 samt
794 951 32 20 att
844 951 6 20 i

93 984 99 21 afseende
211 984 13 21 å
243 984 47 21 dem
310 985 7 20 i
333 984 62 26 öfrigt
416 984 71 21 utföra
505 984 26 21 de
551 984 103 27 uppdrag,
674 991 45 14 som
739 984 72 21 kunna
829 984 23 21 af

93 1018 194 27 bankfullmäktige
301 1019 28 26 på
344 1018 80 28 förslag
439 1019 23 21 af
476 1018 134 22 direktionen
626 1019 134 21 bestämmas.

440 1082 28 21 36
483 1081 18 28 $.

161 1134 42 21 För
225 1133 96 22 bankens
343 1133 78 27 vexlar,
440 1133 137 27 anvisningar
600 1133 39 22 och
658 1133 60 21 bevis
736 1133 60 21 öfver
814 1133 35 22 de-

93 1168 108 27 ponerade
219 1168 70 21 medel
307 1168 52 21 eller
378 1168 85 21 nedsatt
481 1168 53 26 gods
552 1168 68 26 gäller
634 1168 47 21 icke
696 1168 41 20 den
752 1167 33 22 för
800 1174 50 15 van-

92 1202 43 27 liga
150 1202 164 27 förskrifningar
329 1202 103 27 stadgade
447 1202 195 27 preskriptionstid.

162 1237 41 21 Till
222 1236 71 22 förvar
309 1236 86 22 nedsatt
409 1236 54 28 gods
478 1236 42 22 kan
536 1236 72 27 likväl,
624 1242 34 16 om
674 1236 114 28 anledning
803 1236 47 21 der-

93 1270 32 22 till
140 1270 150 27 förekommer,
306 1271 23 21 af
342 1270 84 22 banken
445 1270 33 22 till
497 1271 113 27 uttagning
629 1272 113 26 uppsägas.
773 1270 9 22 I
798 1270 51 21 hän-

91 1305 59 21 delse
168 1305 77 27 godset
262 1305 84 21 ändock
365 1304 47 22 icke
431 1306 90 26 uttages,
538 1311 50 21 eger
604 1305 133 21 direktionen
754 1310 36 16 sex
806 1304 44 22 må-

91 1339 73 27 nader,
184 1339 55 22 efter
260 1340 37 20 det
315 1340 118 21 insättaren
452 1339 53 21 eller
523 1340 55 20 hans
596 1338 194 22 rättsinnehafvare
808 1338 42 22 fått

92 1374 89 27 bevislig
204 1374 32 21 del
260 1374 23 21 af
305 1374 145 21 direktionens
470 1374 70 21 beslut
559 1374 52 21 eller
632 1373 127 27 kungörelse
778 1373 71 21 derom

91 1409 55 21 varit
161 1409 6 21 i
183 1408 85 22 landets
287 1408 90 22 officiela
397 1408 108 27 tidningar
523 1410 33 19 tre
574 1408 80 27 gånger
669 1408 77 26 införd,
763 1408 86 21 dermed

91 1443 86 26 vidtaga
193 1443 40 21 den
249 1442 84 28 åtgärd,
349 1449 44 15 som
410 1442 42 22 kan
468 1442 22 22 af
504 1442 161 22 förhållandena
680 1442 97 27 påkallas
