1103 1700
824 120 23 20 11

186 187 73 27 Enligt
281 186 138 22 förestäende
440 186 108 28 öfversigt,
564 186 68 22 borde
647 186 119 22 resultatet
782 187 23 21 af
820 189 60 25 post-

119 220 148 28 sparbankens
288 222 138 21 verksamhet
448 221 69 21 under
540 221 42 21 den
601 221 82 27 period,
699 221 71 22 denna
786 222 93 22 relation

119 256 110 27 omfattar,
252 262 62 15 anses
337 255 208 28 tillfredsställande,
571 255 136 22 alldenstund
731 256 149 22 inkomsterna

118 290 116 28 öfverstiga
256 290 125 27 utgifterna.
411 290 155 22 Förhållandet
590 292 33 20 ter
641 290 32 27 sig
689 290 55 22 dock
760 290 66 28 något
842 297 37 15 an-

117 324 111 26 norlunda,
253 324 46 22 ifall
318 325 7 21 i
341 324 143 22 betraktande
500 327 60 24 tages
576 326 32 20 att
624 330 26 16 en
664 324 48 22 icke
727 324 64 28 ringa
807 325 33 21 del
856 325 25 21 af

117 360 148 21 inkomsterna
280 361 88 25 utgöres
383 359 24 22 af
421 360 57 21 vinst
493 358 28 28 pä
536 358 97 22 försälda
648 359 145 27 obligationer
811 372 23 3 —
852 366 27 15 en

117 394 64 26 vinst,
201 400 45 15 som
265 394 36 21 vid
315 394 117 22 framdeles
448 394 100 27 möjligen
564 394 93 21 skeende
671 393 83 22 mindre
771 393 108 22 fördelak-

117 428 32 28 tig
171 428 125 28 realisering
319 428 24 22 af
359 429 97 21 bankens
472 428 148 28 värdepapper
635 429 48 21 äter
697 428 44 22 kan
758 428 34 22 till
808 430 70 20 större

118 463 53 22 eller
186 462 83 22 mindre
285 463 34 21 del
334 463 28 27 gä
378 463 103 22 förlorad.
503 463 138 21 Fränräknas
656 462 71 22 denna
739 462 138 28 opäräknade

117 497 80 26 intrad,
222 497 126 27 understiga
375 498 26 22 de
429 497 68 28 öfriga
519 497 144 21 inkomsterna
688 497 120 27 utgifterna
829 497 49 21 med

118 532 78 26 28,523
211 532 62 21 mark
288 532 27 21 54
330 532 64 27 penni
411 532 53 22 eller
478 532 7 21 i
501 532 101 21 medeltal
618 532 40 21 och
667 531 74 27 jemna
751 531 127 22 hundraden

118 568 63 25 9,500
204 566 63 22 mark
289 566 33 22 för
345 566 30 22 är.
407 566 179 28 Sammandraget
609 566 23 22 af
653 566 177 27 räkenskaperna
845 566 34 21 för

118 601 52 22 ären
188 602 141 21 1887—1889
345 601 99 22 utvisade
462 602 90 26 129,478
568 601 62 22 mark
646 602 26 21 99
688 601 66 27 penni
770 601 8 21 i
793 601 85 21 inkom-

117 638 44 19 ster
177 635 138 28 (hvaribland
331 636 76 26 54,461
425 636 62 21 mark
502 637 27 20 46
545 636 65 27 penni
626 635 70 22 säsom
717 636 49 27 agio
781 636 28 27 pä
824 635 54 22 kon-

117 670 113 22 verterade
247 670 151 27 obligationer)
415 670 39 21 och
471 671 90 26 120,363
577 670 63 21 mark
649 671 27 20 46
687 669 64 28 penni
763 669 7 22 i
781 669 97 28 utgifter.

407 767 37 22 VII.
474 768 112 28 Styrelsen.

187 825 107 27 Styrelsen
317 825 34 21 för
373 825 184 27 postsparbanken
580 825 40 21 har
638 825 57 22 varit
709 826 145 20 sammansatt
869 824 8 21 i

117 859 95 28 enlighet
234 859 48 22 med
305 860 131 26 stadgandet
451 859 7 21 i
474 860 11 27 8
503 860 25 21 18
544 859 24 22 af
581 859 59 22 förut
655 859 122 27 åberopade
792 859 85 27 Nädiga

116 893 127 28 förordning
258 893 40 22 och
313 893 135 28 följaktligen
464 894 92 27 utgjorts
572 893 24 22 af
613 893 263 28 generalpostdirektören

117 928 72 21 såsom
205 928 128 22 ordtörande
349 928 41 22 och
405 930 77 20 tvenne
498 928 23 21 af
534 927 106 22 Senatens
655 928 221 27 Ekonomiedeparte-

116 965 58 20 ment
196 962 164 22 tillförordnade
383 963 128 26 ledamöter,
534 962 24 22 af
578 962 74 22 hvilka
671 962 41 22 den
729 969 47 20 ena,
790 962 87 27 jemlikt

116 1003 83 16 samma
221 997 91 28 lagrum,
335 999 80 20 utsetts
438 997 66 22 bland
521 997 146 22 direktörerne
682 997 7 21 i
705 997 171 22 Statskontoret.

115 1032 46 21 Den
184 1031 36 22 vid
242 1032 113 27 styrelsen,
379 1032 67 27 enligt
469 1034 72 19 staten
564 1031 34 22 för
618 1031 131 28 densamma,
765 1031 111 22 anställda

116 1067 99 27 personal
239 1066 40 22 har
294 1067 48 21 åter
357 1067 83 21 bestått
455 1066 24 21 af
492 1073 27 15 en
535 1066 129 27 kamrerare,
681 1065 100 28 anställd,
797 1065 78 22 liksom

115 1101 168 27 vaktmästaren,
307 1101 28 27 på
357 1101 109 22 ordinarie
490 1102 50 26 stat,
564 1107 26 15 en
604 1100 83 27 kassör,
702 1100 80 21 tillsatt
797 1100 78 21 tillsvi-

117 1136 50 22 dare
183 1137 28 26 på
226 1138 62 20 extra
303 1136 108 22 ordinarie
427 1137 51 25 stat,
494 1142 38 15 sex
546 1137 62 20 extra
622 1135 101 22 biträden
739 1135 47 27 och,
802 1135 73 21 såsom

115 1171 68 21 redan
207 1170 112 28 antyddes,
341 1177 27 15 en
391 1170 153 22 vaktmästare.
575 1169 141 28 Helsingfors,
733 1170 42 20 den
790 1170 27 21 23
832 1168 44 22 No-

115 1205 88 22 vember
220 1206 61 20 1893.

268 1250 139 28 Styrelsen
422 1250 41 22 för
478 1250 246 28 postsparbanken:

366 1314 45 23 HJ.
427 1314 198 23 LAGERBORG.

184 1366 23 22 P.
222 1366 26 22 A.
263 1366 128 23 Rönnbäck.
690 1366 24 22 L.
730 1366 76 28 Prytz.

599 1434 26 22 G.
641 1434 26 21 A.
684 1434 122 21 Perander.
