1103 1700
268 142 29 21 20
475 140 75 22 Ständ.
568 140 50 21 Skr.
636 152 26 2 —
678 140 90 21 XXXII.

238 206 31 30 pä
291 206 98 22 auktion
411 206 100 28 inropas,
535 212 53 14 men
608 205 61 21 skall
689 206 50 20 åter
756 206 119 28 föryttras.
895 206 26 21 sä
935 208 65 19 snart

239 241 40 21 det
293 241 46 21 kan
355 241 42 21 ske
412 240 137 28 förmänligt
565 240 57 21 eller
637 240 53 21 med
706 240 87 21 minsta
808 240 97 28 möjliga
915 240 85 22 förlust

238 275 37 22 för
290 276 101 21 banken.

584 345 25 20 31
628 345 20 25 8.

307 397 94 21 Räntan
423 398 29 27 pä
474 397 39 21 län
536 396 115 22 beräknas
674 396 52 20 frän
750 396 45 21 den
817 396 51 28 dag,
889 396 28 21 dä
936 397 63 21 länet

237 431 92 29 lyftats.

307 466 34 22 Pä
366 465 172 22 kassakreditiv
560 465 105 28 erlägger
684 464 199 29 kreditivtagaren
902 467 65 19 ränta
986 466 13 20 &

237 500 82 30 hvarje
334 503 93 26 uttaget
440 500 85 28 belopp
540 500 53 21 frän
608 500 222 28 uttagningsdagen.
850 500 47 21 För
912 500 86 21 insatta

237 535 83 28 medel,
341 543 49 14 som
408 535 52 21 icke
479 534 127 29 öfverstiga
622 534 39 22 det
676 535 13 21 ä
704 534 129 22 kreditivet
848 536 97 27 uttagna
959 534 39 22 be-

236 571 88 28 loppet,
343 570 101 29 godtgör
462 570 93 21 banken
573 569 201 29 kreditivtagaren
793 569 119 22 enahanda
932 571 66 20 ränta

236 604 54 21 frän
306 607 68 19 nästa
389 605 101 28 helgfria
506 604 44 29 dag
566 604 59 21 efter
641 605 50 27 den,
707 604 29 21 dä
752 605 162 27 insättningen
928 605 68 21 skett.

306 639 182 28 Kreditivafgift
511 639 105 28 erlägges
639 639 153 21 förskottsvis
812 638 53 21 med
883 639 47 21 viss
946 646 51 21 pro-

237 676 55 19 cent
306 673 37 22 för
359 674 25 20 är
399 674 13 21 ä
427 673 138 22 kreditivets
581 673 90 28 belopp.

307 707 44 22 Om
366 708 182 28 kreditivtagare
561 708 86 27 aflidit,
660 708 45 21 kan
716 707 58 22 hans
785 708 211 21 rättsinnehafvare

238 742 27 21 af
279 743 148 21 direktionen
443 743 127 28 berättigas
586 744 34 19 att
634 743 107 28 begagna
757 742 126 22 kreditivet
898 743 37 21 för
951 743 44 21 den

236 777 147 21 återstående
404 777 70 21 tiden.
504 777 12 21 I
536 777 82 21 sådant
637 777 42 21 fall
703 777 106 28 erlägges
830 777 51 21 icke
897 785 32 20 ny
945 777 50 21 kre-

236 811 138 28 ditivafoift.

583 875 27 20 32
626 876 18 25 8.

306 926 47 21 Det
367 926 81 22 tillhör
458 927 212 28 bankfullmäktige
679 929 35 19 att
721 928 29 27 pä
758 927 160 21 direktionens
927 927 68 21 fram-

236 961 114 28 ställning
365 961 136 21 bestämma:

306 995 105 21 bankens
437 995 162 22 diskontränta
622 998 60 19 samt
704 997 172 20 räntesatserna
898 996 37 21 för
957 997 37 20 län

235 1029 44 22 och
294 1029 103 22 kreditiv
413 1030 119 21 äfvensom
548 1030 182 29 kreditivafgift;

305 1065 94 28 längsta
418 1065 159 21 förfallotiden
598 1065 36 21 för
654 1065 34 20 in-
709 1065 43 21 och
770 1065 125 21 utländska
916 1065 79 21 vexlar

235 1098 44 21 och
295 1099 72 21 andra
384 1099 170 28 kreditpapper,
571 1107 49 13 som
636 1099 8 21 i
659 1099 93 22 banken
768 1099 153 28 diskonteras,
936 1103 59 18 samt

234 1133 95 29 längsta
343 1133 72 27 tiden,
432 1134 29 28 pä
476 1133 97 22 hvilken
588 1134 39 21 län
644 1133 42 22 och
702 1133 104 22 kreditiv
821 1134 37 21 mä
869 1133 25 22 af
902 1134 93 21 banken

234 1167 110 29 beviljas;

305 1203 107 21 vilkoren
428 1202 42 22 och
491 1203 150 28 provisionen
656 1203 36 21 för
711 1203 149 21 förvarandet
881 1203 25 21 af
920 1207 75 25 öppna

234 1237 45 21 och
295 1238 78 20 slutna
388 1237 166 29 depositioner;
570 1240 60 18 samt

305 1279 38 14 om
361 1272 44 20 och
423 1272 37 21 till
480 1272 91 21 hvilket
586 1272 84 28 belopp
686 1272 122 28 provision
824 1272 42 21 bör
881 1272 113 22 beräknas

233 1305 38 22 för
287 1306 104 21 bankens
408 1306 152 29 anvisningar
575 1307 29 28 pä
618 1306 74 22 finskt
707 1308 75 26 mynt.

303 1340 110 22 Bankens
430 1341 82 21 kurser
526 1341 36 21 för
578 1341 72 28 inköp
667 1341 42 21 och
724 1341 143 28 försäljning
878 1341 25 21 af
912 1340 81 28 sedlar,

232 1375 82 21 vexlar
333 1375 43 21 och
391 1376 152 28 anvisningar
559 1376 13 20 &
587 1378 71 18 annat
673 1376 126 28 myntslag,
817 1376 73 28 priset
906 1375 40 21 vid
961 1376 34 20 in-

233 1409 48 28 köp
299 1410 43 21 och
360 1410 141 28 försäljning
521 1410 25 21 af
559 1410 107 28 myntadt
682 1410 43 21 och
741 1410 123 28 omyntadt
880 1410 57 28 guld
952 1410 43 21 och

232 1443 84 22 silfver
331 1447 60 19 samt
406 1444 26 21 af
444 1444 156 28 obligationer
615 1444 43 22 och
673 1444 123 28 kuponger
812 1445 120 21 äfvensom
943 1451 53 21 pro-
