1103 1700
269 161 13 20 2
532 161 27 21 U.
574 161 25 21 B.
615 161 96 21 XXXU.

239 229 145 21 Konstnärsgillet
415 242 4 4 .
444 242 4 4 .
474 242 4 4 .
560 242 4 4 .
648 241 60 5 ee.
820 242 4 4 -
856 230 43 16 Fmk
941 234 58 17 3,000.

241 258 163 21 Tuwistföreningen,
423 258 58 16 såsom
496 242 60 37 Härö
568 242 25 32 an
606 242 105 32 Bekostande
723 242 19 32 af
751 242 75 32 förenin-

308 292 42 16 gens
362 287 67 16 literära
440 287 126 21 publikationer
589 298 4 5 .
618 299 4 3 .
646 299 4 4 «
675 299 4 3 so
705 299 4 3 =
734 299 4 4 +
762 299 4 4 so
791 299 4 4 +
820 300 4 3 oc
872 299 10 8 ”
940 292 59 16 3,000.

308 330 43 13 samt
363 330 24 13 att
399 327 18 16 af
427 327 99 16 förberörda
539 327 55 16 medel
607 327 95 21 ytterligare
715 327 54 16 skulle
782 326 64 17 ansläs:

239 356 26 16 för
277 356 105 20 utgifvandet
394 356 18 16 af
421 356 85 15 urkunder
518 356 71 15 rörande
601 356 80 15 Finlands
694 355 70 16 historia
772 356 54 15 under

309 384 21 16 de
347 384 40 16 sista
405 384 112 16 decennierna
535 384 19 16 af
570 384 28 16 det
618 384 47 16 18:de
684 384 32 16 och
734 384 59 21 början
805 384 19 16 af

308 413 113 15 innevarande
433 412 111 20 ärhundrade,
558 415 23 14 att
592 413 100 44 Sisponeras
702 413 19 15 af
728 412 97 17 Historiska

309 441 94 16 samfundet
419 453 3 4 .
447 453 4 4 .
476 453 4 4 .
506 454 2 3 .
873 454 11 7 i
943 441 56 19 8,000.

240 470 26 15 för
278 469 93 17 inrättande
383 470 19 16 af
412 470 117 16 folkbibliotek
540 453 8 20 i
544 476 5 10 i
562 472 45 14 östra
619 454 77 36 Finland,
712 472 24 14 att
735 453 3 4 :
747 449 79 48 äispone-

309 503 27 11 ras
349 498 18 16 af
377 498 251 22 Folkupplysningssällskapet
650 510 3 4 .
677 511 4 4 .
707 510 3 4 .
873 511 10 7 E
945 503 54 15 1,000.

240 528 44 14 samt
302 526 25 16 till
344 526 121 21 Längmanska
483 526 101 22 täflingspris
602 527 25 16 för
645 510 128 38 vetenskapliga
793 511 32 33 och

309 555 66 16 literära
393 555 73 21 arbeten,
487 560 37 11 som
544 555 86 17 utkomme
651 556 52 16 under
723 555 39 17 åren
782 556 41 21 1891

309 583 85 22 —1893
390 579 12 36 .
419 596 33 3 «ov
477 596 3 3 os
874 597 11 8 ”
944 589 55 16 9,000.

240 612 72 17 sälunda
329 615 24 14 att
371 615 23 14 ett
411 597 127 37 vetenskapligt
554 593 101 46 täflingspris
667 613 22 21 på
701 597 16 37 3;
715 610 38 29 000
764 597 48 32 mark
822 597 65 33 stäldes
899 613 25 16 till
936 613 63 16 Finska

240 641 210 22 Vetenskapssocietetens
471 641 101 22 disposition
594 644 43 13 samt
657 641 27 17 två
704 642 66 16 literära
790 642 107 21 täflingspris,
917 643 82 15 hvardera

237 670 65 21 jemväl
317 669 9 16 å
339 674 51 16 3,000
408 670 52 19 mark,
480 670 18 16 af
515 670 76 15 Svenska
609 671 33 15 och
660 670 62 16 Finska
741 671 179 21 Literatursällskapen
937 676 62 15 genom

239 699 73 15 utsedda
324 698 101 21 delegerade
437 698 79 16 samfäldt
528 699 94 19 utdelades,
635 699 38 16 med
685 699 79 21 rättighet
776 699 45 16 dock
833 699 26 16 för
870 699 77 16 bemälde
957 705 42 10 sam-

239 727 43 16 fund
297 729 23 14 att
333 727 49 16 äfven
393 727 5 15 i
412 729 63 14 smärre
487 727 101 21 täflingspris
600 727 66 16 fördela
678 727 21 16 de
712 728 25 16 för
749 728 68 21 angifna
829 727 78 17 ändamål
919 728 81 21 anslagna

239 755 92 22 beloppen,
344 755 35 16 ifall
392 755 60 16 sådant
464 755 82 16 befunnes
558 756 18 15 af
587 756 165 21 omständigheterna
764 756 93 21 påkalladt.

310 784 37 16 Och
363 784 53 21 jemte
432 785 28 15 det
478 784 94 16 Ständerna
584 785 52 15 funno
648 785 62 20 skäligt
722 785 79 16 förordna
814 787 23 14 att
849 785 122 21 förvaltningen
983 785 19 16 af

330 813 29 15 ska
378 813 180 16 testamentsfonderna
576 813 101 16 fortfarande
695 813 55 16 skulle
767 813 54 16 under
838 813 161 22 Bankfullmäktiges

239 841 82 16 inseende
338 841 105 16 handhafvas
462 841 19 16 af
496 841 111 16 Direktionen
625 841 26 16 för
667 841 81 16 Finlands
760 841 49 16 Bank
821 842 86 16 äfvensom
919 842 80 21 granskas

239 869 18 16 af
275 869 102 16 Ständernas
394 869 134 21 bankrevisorer,
546 869 51 16 hafva
614 870 93 16 Ständerna
719 870 80 15 anmodat
812 870 153 21 Bankfullmäktige
977 873 23 13 att

240 897 25 16 till
279 899 49 15 nästa
340 898 81 21 landtdag
432 898 86 16 inkomma
530 899 39 15 med
581 898 63 21 förslag
656 899 71 15 rörande
739 898 129 21 användningen
880 899 19 16 af
909 899 32 16 den
953 904 46 11 sum-

239 932 34 13 ma,
287 932 37 11 som
337 927 52 20 enligt
401 929 114 14 testamentets
527 927 127 16 bestämmelser
666 927 34 16 kan
707 922 23 30 af
737 927 94 16 Ständerna
839 927 25 16 för
872 926 126 22 derpäföljande

239 954 113 22 treärsperiod
364 955 104 21 disponeras.

309 984 8 15 I
336 983 91 21 anledning
444 983 49 16 häraf
510 983 16 16 få
545 983 160 22 Bankfullmäktige,
725 989 41 14 som,
785 983 22 22 pä
825 986 33 14 sätt
870 984 65 16 anföres
948 984 52 16 under

240 1010 11 23 &
264 1016 23 11 20
299 1017 51 11 mom.
363 1017 15 11 a.
396 1012 5 15 i
419 1012 122 21 Fullmäktiges
559 1012 24 16 till
596 1013 130 16 Bankutskottet
739 1012 63 21 afgifna
813 1013 94 18 berättelse,
920 1013 79 16 anmodat

239 1040 158 16 Bankdirektionen
414 1043 23 13 att
456 1040 34 16 låta
508 1041 24 15 till
550 1041 105 16 förbemälda
673 1041 78 16 samfund
767 1041 75 16 utbetala
854 1041 21 16 de
887 1041 38 16 dem
937 1041 5 16 i
954 1041 45 16 före-

239 1067 70 17 stäende
328 1068 52 16 mätto
399 1069 70 20 tillagda
487 1069 65 22 anslag,
565 1071 39 14 äran
617 1069 66 16 anmäla
695 1072 24 13 att
731 1069 121 21 Längmanska
864 1069 89 16 fondernas
965 1069 35 16 för-

239 1097 77 20 valtning
332 1097 90 16 handhafts
440 1097 18 16 af
475 1097 153 16 Bankdirektionen
644 1101 48 16 samt,
705 1097 22 22 pä
739 1098 163 21 Bankfullmäktiges
915 1097 83 22 anhällan,

239 1125 56 17 blifvit
313 1125 26 17 för
355 1125 39 17 ären
413 1125 48 21 1890,
477 1126 39 20 1891
532 1127 32 15 och
578 1126 42 20 1892
633 1127 18 16 af
662 1127 102 16 Ständernas
776 1126 131 17 Bankrevisorer
915 1127 85 21 granskad

239 1154 6 16 i
259 1155 122 20 sammanhang
393 1155 39 15 med
444 1155 94 16 revisionen
552 1155 18 16 af
579 1155 170 21 bankförvaltningen
761 1156 53 16 under
826 1156 110 16 nästnämnda
949 1155 22 17 år.

309 1183 23 15 Af
342 1183 86 16 närslutna
440 1183 110 17 summariska
563 1184 81 20 öfversigt
656 1184 18 16 af
682 1184 120 21 Längmanska
812 1184 187 16 testamentsfondernas

238 1211 42 16 Litt.
292 1212 20 15 A.
325 1212 32 15 och
369 1211 20 16 B.
401 1212 103 20 förvaltning
520 1212 38 16 ären
576 1212 111 20 1891—1893
700 1212 72 21 framgär
784 1214 24 14 att
819 1212 5 16 i
837 1212 110 16 nästnämnda
959 1212 41 16 fond

238 1239 61 17 ultimo
317 1240 95 16 December
432 1240 42 21 1893
492 1240 90 16 innestodo
602 1240 96 22 disponibla
716 1240 100 16 vinstmedel
834 1241 43 15 Fmk
889 1240 68 21 46,284:
973 1245 26 15 11,

239 1268 66 16 hvilket
324 1268 49 17 alltså
391 1271 50 19 utgör
460 1269 28 16 det
506 1269 69 21 belopp,
595 1274 36 11 som
644 1268 22 22 pä
677 1270 55 20 grund
744 1270 18 15 af
772 1269 147 21 bestämningama
930 1270 6 15 i
948 1272 51 14 testa-

239 1299 63 13 mentet
315 1297 33 15 kan
360 1297 26 16 för
398 1297 18 16 af
427 1300 69 13 testator
508 1298 69 15 afsedda
591 1297 77 17 ändamäl
681 1298 58 16 ställas
749 1298 25 15 till
784 1298 101 16 Ständernas
894 1298 105 20 förfogande.

310 1326 7 16 I
330 1326 80 16 afseende
423 1325 9 17 å
444 1326 130 21 användningen
586 1326 19 16 af
615 1327 109 15 förenämnda
737 1331 71 15 summa,
821 1327 49 15 hvars
878 1327 47 20 ringa
934 1326 64 22 belopp

239 1354 56 16 denna
312 1354 45 21 gång
379 1354 130 22 nödvändiggör
527 1355 82 15 särskilda
627 1355 139 21 inskränkningar
784 1355 5 15 i
808 1356 21 15 de
845 1356 98 18 understöd,
962 1360 37 11 som

239 1385 57 13 senast
313 1383 70 16 kommo
401 1388 21 11 en
440 1383 28 16 del
480 1384 78 15 samfund
571 1384 32 15 och
616 1384 64 20 företag
692 1384 26 15 till
730 1384 33 20 del,
776 1384 51 16 hafva
838 1383 160 22 Bankfullmäktige,

238 1411 41 16 med
291 1411 94 16 beaktande
403 1411 49 16 deraf
468 1414 28 18 att,
514 1412 52 20 enligt
578 1414 114 14 testamentets
705 1412 107 20 ordalydelse
824 1412 62 16 fonden
898 1412 40 16 Litt.
950 1412 19 16 B.
982 1414 17 14 är

237 1439 80 18 bestämd
329 1440 26 16 för
367 1440 115 21 befrämjande
494 1443 16 13 at
522 1446 6 10 »
532 1440 128 22 Wettenskaper
665 1441 33 15 och
705 1441 54 16 sköua
771 1441 29 15 kui

239 1470 29 13 ten
280 1468 32 16 och
325 1468 74 16 skrifters
411 1468 140 22 gratisutdelning
563 1469 25 15 till
601 1469 84 21 allmoge»
698 1472 47 13 enats
758 1474 28 11 om
799 1469 81 21 följande:

310 1502 138 16 Bankutskottets
460 1503 103 15 betänkande
574 1503 36 16 N:o
621 1508 17 15 4.

859 1440 7 8 T

840 1452 6 8 ,
858 1451 15 5 L
