1103 1700
262 127 28 21 26
469 126 75 22 Ständ.
560 126 52 22 Skr.
628 139 25 3 —
671 127 91 22 XXXII.

555 197 33 23 VI
602 198 72 22 KAP.

349 266 43 22 Om
407 266 104 22 bankens
528 267 123 22 direktion
667 267 46 22 och
728 266 150 29 tjenstemän.

586 338 28 20 45
630 338 20 25 8.

305 392 218 22 Bankdirektionen
538 394 90 28 äligger
644 395 43 19 att:

306 456 40 21 vid
362 455 145 29 beviljandet
522 456 26 21 af
562 456 78 21 kredit
656 456 43 22 och
715 456 63 22 inom
795 456 75 28 öfriga
880 462 83 22 grenar
973 455 25 21 af

237 490 106 21 bankens
367 490 148 22 verksamhet
538 491 24 21 sä
578 491 66 28 begä,
661 492 34 20 att
710 491 105 21 bankens
831 490 108 22 säkerhet
953 489 43 22 och

236 524 77 22 fördel
328 524 78 22 städse
421 525 127 28 iakttagas;

307 559 176 29 uppmärksamt
498 559 58 29 följa
570 560 104 21 rörelsen
690 559 40 22 vid
740 559 105 22 bankens
856 559 141 28 afdelnings-

239 593 86 22 kontor
348 594 43 21 och
415 597 129 26 agenturer,
566 594 9 21 i
598 594 93 21 hvilket
714 593 108 22 afseende
838 593 159 22 direktionens

239 628 140 21 ordförande
403 629 56 20 eller
481 629 76 28 nägon
579 628 53 21 dess
648 628 102 21 ledamot
765 628 80 21 tidtals
860 628 43 21 bör
917 628 30 28 pä
961 630 37 18 ort

238 663 45 21 och
306 663 67 21 ställe
390 663 100 28 granska
505 663 128 21 kontorens
650 663 154 27 verksamhet,
821 662 122 29 äliggande
959 662 39 21 det

239 697 150 22 direktionen
412 699 40 26 att,
476 697 28 21 dä
527 697 71 21 sädan
619 697 147 28 granskning
781 697 122 28 företages,
919 697 78 20 derom

239 732 171 28 ofördröjligen
425 732 41 21 hos
483 731 212 29 bankfullmäktige
712 732 99 27 anmäla;

310 766 132 28 öfvervaka,
472 768 34 19 att
528 766 106 21 bankens
658 766 108 29 samtliga
789 766 142 21 embetsmän
955 765 43 21 och

240 801 105 28 betjente
361 803 172 24 samvetsgrant
547 800 103 29 fullgöra
665 801 51 20 sina
732 800 148 29 åligganden;

310 835 69 28 tillse,
402 837 35 19 att
452 835 168 28 lagsökningar
636 835 43 21 och
694 835 151 28 rättegångar
859 837 49 19 mot
922 835 77 28 gälde-

240 873 68 18 närer
324 870 43 21 och
383 869 137 28 försumliga
536 869 131 28 sysslomän
682 871 57 20 utan
754 869 143 28 tidsutdrägt
910 868 89 21 utföras

241 903 44 22 och
300 904 125 27 fullföljas;
441 903 120 22 äfvensom

311 939 8 20 i
343 938 72 29 öfrigt
435 938 68 21 ställa
519 939 37 28 sig
570 938 39 21 till
625 938 155 22 efterrättelse
796 937 61 22 hvad
872 937 63 22 detta
949 944 50 21 reg-

241 973 103 21 lemente
360 973 130 21 innehåller
505 973 56 21 eller
577 972 124 22 framdeles
717 973 47 21 kan
779 972 72 21 varda
866 971 113 29 stadgadt.

591 1071 28 21 46
636 1072 19 25 8.

312 1129 155 21 Direktionen
490 1128 90 29 åligger
603 1128 80 22 vidare
701 1129 35 20 att
751 1128 7 21 i
775 1127 107 27 ärenden,
899 1133 48 15 som
963 1133 39 15 an-

243 1164 94 21 komma
361 1164 28 28 på
412 1163 224 28 bankfullmäktiges
652 1162 184 29 handläggning,
853 1161 88 29 afgifva
955 1163 47 26 ytt-

243 1199 90 21 randen
349 1198 43 21 och
408 1198 36 21 för
460 1197 72 29 öfrigt
543 1198 77 20 lemna
630 1197 213 28 bankfullmäktige
854 1196 45 21 alla
908 1196 95 28 upplys-

243 1233 86 29 ningar
352 1233 43 21 och
418 1232 163 28 förklaringar,
605 1232 81 21 hvilka
708 1232 66 21 desse
798 1238 55 14 anse
871 1230 82 28 nödigt
967 1230 36 21 in-

244 1268 87 27 fordra,
347 1267 121 21 äfvensom
484 1266 40 22 vid
539 1266 74 22 behof
626 1267 47 21 låta
688 1265 178 22 tillhandahålla
881 1265 51 21 dem
947 1264 56 21 ban-

244 1302 59 21 kens
319 1302 92 26 böcker,
427 1301 158 28 räkenskaper
601 1301 43 21 och
661 1300 75 28 öfriga
751 1300 146 28 handlingar.

314 1336 89 22 Finner
418 1336 147 21 direktionen
581 1334 72 22 sådan
668 1334 83 28 åtgärd
761 1342 55 13 vara
827 1334 25 21 af
860 1334 83 26 nöden,
954 1340 49 14 som

245 1372 30 28 på
297 1370 211 28 bankfullmäktige
532 1370 139 26 ankommer,
695 1370 37 20 må
755 1368 148 22 direktionen
925 1367 78 21 derom

245 1409 58 25 göra
319 1405 180 28 framställning.
529 1404 12 21 I
560 1404 117 28 vigtigare
693 1403 79 28 frågor
788 1403 42 21 bör
846 1402 158 22 direktionens

245 1439 175 28 framställning
435 1440 100 27 afgitvas
551 1438 142 28 skriftligen.
