1103 1700
251 136 27 20 58
478 134 28 22 U.
521 134 25 22 B.
561 134 157 22 III-XXXI.

290 204 10 21 I
323 204 94 27 enlighet
439 204 51 21 med
507 204 59 21 hvad
580 204 38 22 vid
633 204 132 28 föregående
780 204 130 27 landtdagar
925 206 56 19 varit

222 238 59 22 fallet
297 238 41 21 och
353 240 28 26 pä
397 239 37 21 det
449 242 33 18 att
496 238 126 22 Utskottets
634 238 156 22 ofvanstäende
804 238 179 27 framställningar

221 273 73 21 sävidt
316 273 28 21 de
367 273 25 21 af
410 272 123 22 Ständerna
556 272 135 28 godkännas,
715 274 35 19 mä
771 274 6 19 i
796 272 105 21 särskilda
924 272 59 21 delar

221 306 68 22 blifva
311 307 24 21 af
352 307 164 21 vederbörande
539 307 152 27 myndigheter
714 307 114 24 beaktade,
852 306 78 22 tilläter
949 308 33 26 sig

221 341 169 21 Statsutskottet
405 341 101 27 slutligen
520 341 113 21 vördsamt
649 342 78 20 föreslä

499 434 32 18 alt
554 432 125 21 Ständerna
701 432 50 21 ville
760 433 69 27 jemte
845 432 140 27 underdänig

428 466 114 28 skrifvelse
557 466 93 21 insända
660 467 59 20 detta
729 466 133 21 betänkande
873 466 36 21 till
916 466 67 21 Hans

429 500 125 28 Kejserliga
575 500 108 28 Majestät
702 501 51 20 med
772 500 106 21 anhällan
893 503 34 18 att
941 500 41 21 det-

429 542 85 13 samma
536 535 70 27 blefve
628 535 36 21 till
685 534 91 22 Senaten
800 535 158 27 öfverlemnadt
975 535 10 20 i

429 570 101 27 afseende
552 570 15 20 å
590 570 131 27 vidtagande
740 571 30 26 af
781 570 26 20 de
821 569 110 27 åtgärder,
949 570 36 20 till

429 604 75 20 hvilka
518 604 26 20 de
560 605 30 26 af
599 603 161 22 Statsutskottet
766 603 83 28 gjorda
860 603 125 27 erinringar

429 638 37 20 och
476 639 94 26 förslag
581 638 75 21 kunna
667 638 67 27 gifva
749 638 121 26 anledning.

293 781 9 20 I
317 781 158 27 behandlingen
498 781 24 20 af
543 781 61 21 detta
627 781 79 21 ärende
722 781 65 21 hafva
803 781 90 26 deltagit
909 781 72 20 ordfö-

223 816 83 20 randen
321 815 94 26 Donner,
431 815 148 21 ledamöterne
595 816 98 20 Friherre
709 823 43 13 von
768 815 64 24 Born,
849 814 23 21 C.
884 815 26 20 G.
919 815 62 20 Stan-

223 849 127 27 dertskjöld,
366 850 27 20 K.
409 849 81 26 Antell,
506 850 25 20 L.
543 849 113 26 Mechelin,
670 850 108 23 Kihlman,
792 849 18 26 J.
821 849 27 20 R.
856 849 124 24 Danielson,

223 884 137 25 Nordström,
391 884 82 25 Heikel,
500 885 103 24 Neovius,
632 877 92 32 Öhman,
751 883 109 27 Hallberg,
886 883 94 27 Kiipula,

223 918 119 25 Meurman,
366 918 28 21 A.
417 919 23 20 F.
464 918 119 21 Danielson
607 919 41 20 och
670 917 148 25 Tuomikoski,
842 921 56 17 samt
914 917 67 21 delvis

222 952 168 27 suppleanterne
406 952 134 27 Lagerborg,
556 952 18 27 J.
594 953 26 20 V.
637 952 140 27 Segersträle,
794 951 65 21 Alex.
876 951 103 25 Aminoff,

222 986 132 25 Durchman,
370 986 167 21 Tammelander
554 987 42 20 och
612 986 104 21 Oittinen.

293 1164 134 21 Ledamoten
442 1164 24 20 L.
483 1164 108 21 Mechelin
606 1164 38 20 har
654 1164 58 21 velat
723 1164 64 20 hafva
800 1163 137 26 antecknadt,
949 1166 32 18 att

222 1198 43 21 han
288 1198 47 21 icke
357 1198 89 27 deltagit
462 1200 6 19 i
483 1198 161 27 behandlingen
666 1198 24 20 af
710 1201 32 18 ett
763 1200 58 19 inom
837 1198 121 24 Utskottet,
975 1199 6 19 i

221 1232 117 27 anledning
353 1232 25 21 af
390 1240 26 13 en
431 1232 35 21 del
482 1236 62 17 extra
560 1234 121 25 pensioner,
698 1232 122 21 tramstäldt
836 1232 86 26 förslag,
933 1238 48 14 som

221 1266 115 22 resulterat
351 1268 6 19 i
373 1266 119 22 uttalandet
508 1268 12 19 ä
536 1274 16 13 s.
571 1266 83 27 15—16
668 1266 25 21 af
705 1267 61 21 detta
782 1266 143 21 betänkande.

291 1329 140 27 Helsingfors,
448 1330 42 20 den
504 1335 25 15 10
544 1329 54 28 april
616 1330 60 26 1894.

293 1479 129 15 Statsutskottets
434 1479 104 15 betänkande
549 1478 34 16 N:o
593 1483 18 16 3.
