1103 1700
5 211 50 8 LT
72 216 2 2 RA

272 130 27 22 28

243 188 38 23 der
299 188 37 27 två
354 188 57 28 oller
421 187 51 22 fore
487 189 45 23 äro
542 187 33 21 för
592 187 81 27 bristen
687 186 122 29 ansverige,
825 185 23 29 af
862 186 48 29 dem
926 185 81 31 erhålla

243 219 118 29 ersättning
376 212 38 31 för
425 221 56 22 hvad
496 210 43 32 han
554 220 8 22 i
577 220 53 28 följd
646 220 63 22 häraf
724 220 90 22 kommit
830 222 32 19 att
870 212 96 35 ”utgifva.

313 256 10 22 I
346 256 42 21 alla
411 256 26 21 de
455 256 45 25 fall,
517 256 27 21 då
565 255 256 28 ersättningsskyldighet
837 254 24 22 af
875 255 38 21 här
929 254 78 21 omför-

244 290 56 22 mäld
317 290 147 22 beskaffenhet
480 290 27 27 på
522 290 84 27 engång
621 290 81 28 åligger
717 290 58 25 flere,
788 292 38 18 äro
843 290 26 20 de
885 289 70 21 derför
970 294 37 15 an-

243 325 85 26 svariga
347 331 26 15 en
392 324 33 22 för
446 325 42 21 alla
504 324 39 22 och
559 325 43 21 alla
618 324 33 22 för
666 331 32 14 en.
730 324 48 21 Men
795 324 39 21 har
850 324 65 20 sådan
931 324 76 20 ersätt-

244 359 185 27 ningsskyldighet
452 358 70 22 blifvit
544 359 71 27 någon
639 358 85 22 åhvälfd
744 358 27 27 på
790 358 70 27 grund
880 357 22 22 af
915 357 91 21 försum-

244 393 65 21 melse
326 394 6 20 i
348 393 77 21 honom
442 394 113 26 åliggande
571 394 100 25 kontroll,
688 395 24 19 är
727 393 43 21 han
788 392 122 26 berättigad
926 393 32 20 att
973 390 34 22 för

244 427 55 21 hvad
323 428 42 21 han
388 428 7 21 i
414 428 76 21 sådant
510 428 102 21 afseende
630 428 87 26 utgifvit
736 427 82 21 erhålla
834 426 135 27 godtgörelse
985 425 24 21 af

245 462 49 26 den,
310 468 45 16 som
371 462 32 22 för
419 462 79 21 bristen
515 464 95 20 närmast
626 462 39 22 har
681 464 32 20 att
728 468 98 15 ansvara.

595 520 27 21 74
638 520 18 27 8.

314 566 72 27 Yppas
403 566 73 21 balans
492 566 40 21 och
548 566 76 21 varder
640 566 80 21 bristen
736 566 48 21 icke
799 566 77 26 genast
892 564 50 28 fyld,
957 570 50 21 eger

245 600 141 26 direktionen,
402 600 65 21 sedan
483 601 167 26 balansräkning
666 600 71 21 blifvit
749 600 106 27 uppgjord
867 601 55 20 samt
933 599 74 21 veder-

245 635 94 21 börande
355 635 127 26 redogörare
498 635 90 21 lemnats
605 635 84 21 tillfälle
704 638 33 18 att
748 635 32 26 sig
792 634 100 28 deröfver
903 633 102 26 förklara,

244 669 107 22 fastställa
371 669 91 21 bristens
481 669 78 28 belopp
578 676 77 20 genom
670 670 77 26 utslag,
763 669 114 21 hvaröfver
893 668 76 21 besvär
985 667 22 21 få

244 704 57 21 inom
322 704 72 21 trettio
414 703 66 28 dagar
496 704 54 21 efter
567 703 121 22 delfåendet
704 703 86 22 anföras
806 705 6 19 i
829 703 104 22 Senatens
949 702 57 21 Eko-

245 739 227 26 nomiedepartement.

594 796 28 22 175
638 796 17 27 $.

316 841 49 26 Mål,
389 841 59 21 hvari
474 841 188 28 bankfullmäktig,
685 841 121 22 komiterad
832 841 54 20 eller
912 839 95 22 bankens

245 875 92 22 embets-
357 877 50 20 eller
426 876 127 27 tjensteman
570 876 90 21 tilltalas
675 877 33 20 för
723 876 28 21 fel
767 875 53 22 eller
836 874 149 23 försummelse
1001 874 6 20 i

244 909 101 28 tjensten,
368 912 102 25 upptages
493 911 39 21 och
556 911 84 26 afgöres
663 911 22 20 af
701 911 41 20 den
763 909 89 26 hofrätt,
869 909 56 21 inom
945 908 63 21 hvars

245 945 110 26 domvärjo
378 945 52 21 felet
452 945 52 21 eller
527 945 162 21 försummelsen
709 947 36 26 egt
764 951 55 14 rum.
851 943 98 22 Embets-
969 943 39 20 och

245 979 129 26 tjenstemän
393 979 35 21 vid
446 980 100 21 kontoret
566 980 6 21 i
593 979 32 22 S:t
645 979 129 27 Petersburg
794 979 50 27 lyda
860 979 6 20 i
882 978 60 21 detta
957 977 51 21 hän-

245 1014 80 21 seende
341 1014 67 21 under
424 1014 98 27 Wiborgs
539 1014 87 21 hofrätt.

596 1073 27 20 16
639 1072 19 27 8.

316 1117 81 21 Genom
426 1117 60 22 detta
508 1119 129 27 reglemente
660 1118 120 28 upphäfvas
804 1118 44 21 alla
871 1116 138 22 härförinnan

245 1151 115 23 utfärdade
382 1152 134 28 stadganden
538 1153 91 21 rörande
652 1153 102 26 Finlands
779 1152 69 26 Bank,
869 1151 70 22 såvidt
957 1150 27 21 de
1003 1151 6 20 i

246 1186 142 26 reglementet
413 1187 46 21 icke
486 1187 112 27 åberopas.
631 1188 59 21 Dock
714 1188 61 21 skola
798 1187 44 21 alla
864 1186 91 27 tidigare
978 1185 31 21 in-

245 1220 86 28 gångna
347 1221 141 21 förbindelser
504 1222 39 21 och
559 1222 202 22 rättsförhållanden
777 1222 80 21 mellan
873 1220 84 22 banken
970 1219 39 21 och

246 1255 99 21 enskilda
368 1256 101 21 bedömas
492 1256 56 22 efter
571 1257 26 21 de
617 1257 51 21 aftal
688 1257 39 21 och
744 1256 142 27 stadganden,
903 1254 65 22 hvarå
983 1254 26 21 de

247 1290 38 20 äro
301 1290 116 27 grundade.
