1103 1700
487 112 20 21 x
838 114 14 20 3

117 192 156 25 kassamedlen
291 192 38 24 för
347 191 28 26 är
394 192 74 25 1889.

751 274 44 36 Try:
846 281 22 19 Tä.

322 330 175 16 Kredit.

362 386 95 27 Aff&ring.

135 437 95 18 Särskilda
248 437 82 23 afgifter,
347 436 63 19 hvilka
425 437 6 17 i
445 438 44 17 1888
501 437 31 17 ärs
544 436 80 24 räkning
636 436 51 19 öfver

157 471 272 23 Krigsmanshuskassamedlen
447 472 44 22 ingä
506 472 60 17 säsom
582 471 104 19 utbalanse-

157 506 33 18 rad
201 506 102 22 leverering
315 511 22 12 m.
350 511 29 17 m.,
390 511 41 12 men
443 506 49 18 först
504 506 58 18 under
574 506 21 18 är
608 506 45 18 1889
661 506 25 18 le-

156 542 82 16 vererats
255 540 30 18 till
303 540 116 18 ränterierna
437 540 34 18 och
488 540 56 18 sedan
557 540 129 23 författnings-

157 575 58 23 enligt
226 575 100 18 öfverförts
338 575 29 18 till
379 575 99 18 Allmänna
490 575 149 18 militiemedlen.
659 589 3 4 .
681 589 4 4 .
780 577 51 22 6,094|
844 578 22 17 82

376 663 69 27 Utgift.

134 713 96 18 Ordinarie
242 713 97 23 pensioner
360 727 3 4 .
382 727 4 4 .
406 727 3 4 .
428 727 4 4 .
451 728 4 3 .
474 728 4 4 .
498 727 4 5 i
520 727 27 5 00
571 710 45 31 a.K
636 710 25 31 KO5
681 727 4 4 8
768 715 62 21 30,757|
843 715 23 17 46

133 743 60 31 Extra
285 761 8 9 3
358 761 327 4 meters
565 743 57 31 rss
631 743 57 31 ket
769 749 62 22 13,930|
843 749 23 18 08

134 782 102 18 Understöd
249 782 29 17 till
289 781 98 18 afskedadt
396 781 109 19 underbefäl
514 781 34 18 och
556 782 90 23 manskap
654 781 30 18 vid

156 817 51 18 förra
219 816 70 19 indelta
301 817 34 17 och
347 816 86 18 värfvade
446 816 61 18 finska
518 816 94 18 militären
624 816 61 18 äfven-

156 856 39 13 som
213 851 67 22 gratial
298 851 29 18 till
345 851 101 18 afskedade
464 851 45 18 lots-
524 851 34 18 och
573 851 112 22 fyrbetjente

156 887 47 16 samt
216 886 53 17 deras
281 886 58 17 enkor
351 885 34 18 och
397 886 46 17 barn.
477 899 1 4 .
498 899 2 4 .
522 881 32 32 ss.
566 899 26 4 sc
612 899 26 4 sc
658 899 26 4 cc
768 887 62 21 52,472|
843 887 20 17 51

132 920 173 23 Lönetillökningar
315 920 30 17 till
357 920 156 18 underofficerare
522 920 33 17 och
564 919 83 18 soldater
655 919 30 18 vid

155 954 61 18 finska
223 955 93 17 militären
325 954 28 18 för
359 954 137 18 militärordens
505 954 179 18 utmärkelsetecken
779 957 51 21 2,694]
842 955 23 18 09

133 989 75 18 Diverse
220 1003 4 4 »
243 1003 4 4 x
267 1003 2 4 +
289 1003 257 4 «sets
403 985 9 32 4
425 985 8 32 x
449 985 8 32 x
470 985 27 32 no
513 985 38 32 ssa
565 1002 50 5 vs
634 1002 4 4 n
657 1002 4 5 no
680 1002 4 4 6
796 991 33 17 3231
842 990 22 17 72

316 1033 23 3 —
353 1024 78 21 100,177:
442 1024 30 17 86.
484 1034 22 2 —

344 1116 130 23 Restitution.

132 1162 197 23 Befordringsafgifter.
354 1176 5 4 .
379 1176 4 4 .
403 1176 3 3 .
425 1176 74 4 ....
518 1174 97 6 Mää
634 1174 4 6 8
657 1174 27 6 aN
797 1163 33 17 160]
842 1174 22 2 —

342 1244 134 33 Ötverföring.

131 1300 37 18 Till
180 1301 99 18 Allmänna
291 1300 117 19 statsfonden
427 1314 4 4 .
450 1314 4 5 .
542 1314 141 5 se
778 1301 51 21 2,219]
842 1302 22 16 75

148 1349 9 8 är
223 1349 9 9 5
291 1335 134 18 militiefonden
450 1349 4 4 .
474 1349 4 3 .
520 1348 163 5 oe
778 1336 51 20 2,376]
841 1336 23 18 98

147 1384 9 8 n»
181 1370 71 22 Fattig-
265 1370 33 18 och
310 1370 168 18 arbetshusfonden
496 1384 4 4 .
519 1383 4 4 .
542 1383 4 4 .
566 1383 49 4 ...
634 1382 4 5 a
657 1382 26 5 Pis
807 1370 22 17 72]
842 1370 22 17 25

326 1414 22 3 —
360 1405 57 21 4,668:
429 1405 29 17 98.
471 1415 22 3 —

582 1440 102 33 Transport
755 1446 72 21 111,101|
841 1445 22 17 66
