1103 1700
255 113 29 21 90
598 112 22 21 H

296 181 64 22 Antal
382 180 114 27 tilltalade,
512 180 113 28 angäende
644 180 75 22 hvilka
736 180 78 22 besvär
830 180 34 22 till
879 180 110 28 pröfning:

331 238 47 22 icke
393 238 118 28 upptagits,
527 244 52 15 var.
612 254 4 4 .
648 254 4 4 .
684 254 4 4 .
734 238 64 20 48=
821 237 66 23 6.17%

331 272 118 28 upptagits,
465 278 37 15 var
540 288 4 5 .
577 288 4 4 .
613 288 4 4 .
649 288 4 4 .
685 288 4 4 .
721 272 69 21 664=
808 272 46 21 93.3
869 288 10 12 ,

296 329 70 21 Bland
382 329 27 21 de
424 335 76 15 senare
515 334 51 16 voro
582 330 51 19 män
649 329 41 21 595
707 328 39 22 och
762 328 90 28 gvinnor
867 330 34 20 69.

299 375 65 21 Antal
379 375 67 27 brott,
461 374 34 21 för
510 374 82 21 hvilka:

226 421 25 27 a)
267 422 53 20 utan
335 420 90 28 ändring
440 420 24 22 af
478 420 151 27 öfverklagadt
644 420 82 22 beslut:

297 466 93 21 tilltalad
406 466 71 22 blifvit
492 465 46 21 icke
554 465 92 27 sakfäld,
662 472 37 15 var
717 482 4 5 .
754 466 77 22 132
842 466 44 22 =219.9
897 465 23 23 %

341 516 10 12 m
432 517 10 9 »
493 500 93 26 sakfäld,
602 506 39 16 var
681 517 4 4 .
718 517 4 4 .
753 501 156 26 457—6838,

226 552 24 27 &)
267 552 48 22 med
331 552 91 27 ändring
437 552 23 21 af
474 552 150 27 öfverklagadt
638 552 82 22 beslut:

298 598 101 27 tilltalad,
414 598 58 21 förut
487 597 93 28 sakfäld,
597 598 91 21 frikänts
719 615 4 4 .
769 599 64 20 42=81
856 599 31 21 6.3
898 598 23 23 %

337 628 13 34 »”
433 649 9 9 »
484 632 92 27 frikänd,
592 632 93 22 sakfälts
720 649 4 4 .
784 633 50 21 5—=
856 633 54 26 038,

341 683 9 10 =
411 667 69 21 blifvit
488 667 33 21 till
529 667 67 27 högre
605 667 63 21 straff
676 667 64 22 dömd
782 668 13 20 6
804 677 28 8 =
854 668 55 25 0.9,

341 718 9 9 ”
438 718 9 9 ”
495 718 9 9 »
529 701 59 27 lägre
628 718 10 11 ”
696 718 9 9 ”
768 702 64 21 22—
855 702 54 26 3.3,

298 759 121 21 Resultatet.
435 758 23 22 af
472 758 104 22 Senatens
591 759 100 27 pröfning
707 758 24 21 af
745 759 26 21 de
787 758 121 22 hemstälda
919 757 70 22 målen

226 799 41 15 var
283 793 101 27 följande.

298 844 30 21 Af
341 844 139 22 totalantalet
495 844 107 21 tilltalade
618 843 83 23 blefvo:

227 897 25 26 a)
268 898 53 19 utan
336 897 92 26 ändring
444 896 22 22 af
480 896 118 22 hemstäldt
613 896 82 27 utslag:

298 943 47 21 icke
360 943 109 21 sakfälde.
501 959 3 4 .
537 959 4 4 .
574 960 4 3 .
610 960 4 3 <
683 959 39 4 0.0.
784 943 103 21 5=13.5
897 942 24 23 %

313 994 10 8 »
358 977 112 22 Ssakfälle.
502 993 4 5 .
538 994 3 3 .
573 994 4 4 .
610 994 4 3 .
646 994 3 4 .
681 994 4 4 .
718 994 4 4 .
768 977 141 26 25—676,

227 1033 24 28 0)
267 1034 50 21 med
332 1034 90 27 ändring
437 1034 23 21 af
474 1034 117 21 hemstäldt
607 1034 81 27 utslag:

299 1080 58 22 förut
373 1081 103 26 sakfälde,
493 1081 47 21 icke
556 1081 100 21 sakfälde
682 1098 4 3 .
720 1098 4 3 .
784 1081 49 20 2=
855 1080 65 23 54%

297 1115 34 21 till
346 1115 60 27 lägre
422 1115 64 22 straff
500 1115 77 22 dömde
609 1132 4 4 .
646 1132 4 4 .
683 1132 3 4 .
718 1132 4 4 .
783 1115 127 27 5=133,;

299 1212 74 22 Säsom
390 1213 114 27 afslutning
520 1213 24 21 af
557 1213 64 21 ofvan
637 1212 82 28 afgifna
734 1212 136 28 redogörelse
885 1212 34 22 för
930 1213 59 21 dom-

227 1247 110 21 stolarnas
359 1247 136 21 verksamhet
517 1248 68 21 under
608 1247 24 21 är
657 1248 52 21 1891
736 1247 109 22 meddelas
864 1247 39 21 här
917 1247 72 22 nedan

226 1281 69 27 nägra
317 1288 59 15 mera
399 1281 132 27 detaljerade
553 1282 110 27 uppgifter
685 1282 95 21 rörande
796 1282 27 21 de
838 1282 69 21 under
923 1282 67 27 sagda

227 1315 25 22 är
268 1316 35 22 vid
320 1316 145 22 domstolarna
480 1317 6 20 i
502 1316 70 22 första
587 1317 83 21 instans
686 1316 34 22 för
733 1316 78 28 gröfre
821 1316 60 22 brott
891 1316 99 22 sakfälda

227 1356 145 21 personerna;
392 1351 40 21 och
447 1351 39 21 bör
502 1351 75 21 härvid
592 1351 120 26 bemärkas,
728 1352 34 21 att
778 1350 49 22 med
844 1350 71 28 gröfre
930 1351 59 21 brott

226 1384 42 22 här
285 1385 56 21 afses
357 1386 78 20 endast
450 1385 81 22 sådana
546 1386 66 26 brott,
628 1386 34 21 för
672 1386 74 21 hvilka
758 1384 122 28 dödsstraff,
890 1385 100 22 tukthus-

227 1420 67 18 straff
309 1420 51 18 eller
376 1419 120 29 afsättning
511 1420 48 21 från
575 1420 84 22 embete
675 1420 53 22 eller
743 1419 65 25 tjenst
824 1419 92 22 ädömts.
