1103 1700
780 132 26 20 13

149 186 30 22 Af
192 186 131 22 sistnämnda
337 186 55 27 goda
407 186 121 22 blanketter
543 187 142 22 levererades:

149 215 30 27 Är
202 220 61 22 1890.
297 221 38 21 ark
368 221 80 26 40,000
462 231 22 7 =
502 211 8 42 =
521 221 97 28 320,000|
632 222 128 22 blanketter.

157 272 12 10 »
205 255 60 21 1891.
311 271 12 10 ,,
353 255 93 27 245,000
461 266 23 6 =
500 256 113 26 1,960,000
697 273 11 10 »

157 306 12 9 »
204 288 61 22 1892.
381 290 63 25 9,225
460 300 22 6 =
534 290 78 25 73,800

199 329 86 22 Summa
300 330 39 21 ark
354 330 92 26 294,225
462 340 22 6 =
499 330 115 26 2,353,800
628 330 128 26 blanketter,
783 331 53 21 hvil-

81 364 36 21 ket
132 365 63 25 utgör
209 364 37 21 det
261 364 22 21 af
296 364 86 21 valören
395 364 27 21 10
432 364 68 26 mark,
512 370 42 21 nya
565 364 88 26 formen,
664 364 126 22 tillverkade
800 371 36 15 an-

81 398 53 21 talet
148 398 56 27 goda
218 398 127 22 blanketter.
368 398 11 21 I
395 398 26 21 de
436 398 24 21 är
475 398 55 22 1892
546 398 122 22 levererade
684 398 78 26 73,800
777 398 59 21 blan-

81 432 99 21 ketterna
195 432 49 27 ingä
259 432 7 21 i
281 433 40 21 och
331 432 33 22 för
371 432 134 22 betäckande
514 432 22 22 af
542 432 117 22 utfallande
669 432 123 22 makulatur
801 432 35 21 vid

81 466 148 27 numreringen
244 468 51 20 utan
311 467 119 26 ersättning
444 466 123 22 levererade
586 467 64 25 3,800
664 467 127 21 blanketter.

150 500 30 22 Af
193 500 142 22 makulaturet
349 501 143 21 levererades:

132 529 30 27 Är
178 535 61 21 1891.
266 535 38 21 ark
319 536 71 25 6,000.
407 535 149 21 motsvarande
567 536 79 26 48,000
660 536 127 22 blanketter.

142 585 12 9 »
179 569 60 22 1892.
285 586 12 9 =,
321 570 68 25 1,387.
484 587 12 8 44
568 571 76 24 11,096
714 587 12 10 5

169 609 86 22 Summa
271 610 38 21 ark
318 610 71 26 7,387.
404 611 149 20 motsvarande
563 611 79 25 59,096
656 611 128 21 blanketter.

82 643 237 22 Makulatur-förlusten
338 644 12 21 &
366 644 37 21 det
415 645 97 21 använda
525 645 154 27 sedelpappret,
690 645 38 21 ark
736 646 98 25 301,612,

83 680 23 19 är
121 677 83 22 säledes
219 679 6 20 i
242 679 35 20 det
291 680 108 20 närmaste
415 679 44 26 2,45
474 681 94 25 procent.

150 713 62 21 Hvad
227 713 84 21 arbetet
325 713 139 26 vidkommer,
479 713 77 27 pägick
571 713 165 28 koppartrycket
748 713 87 22 oafbru-

83 748 31 20 tet
129 747 55 21 intill
199 747 41 21 den
257 747 26 22 10
297 747 121 22 November
435 748 61 21 1891.
520 747 39 27 (Af
575 748 63 21 orsak
654 749 31 20 att
699 748 115 27 tryckeriet
828 748 8 20 i

83 781 99 22 afseende
197 782 12 21 &
224 781 164 27 tillverkningen
404 781 24 22 af
441 782 123 21 blanketter
574 782 69 21 skulle
655 783 91 26 stängas,
755 788 37 15 var
804 788 32 15 ar-

82 815 60 22 betet
156 816 68 21 under
239 822 118 16 sommaren
373 817 18 26 ej
407 817 103 26 nedlagdt
525 816 35 21 för
574 817 121 21 beredande
709 817 23 21 af
745 817 57 20 hvila
814 817 23 20 ät

82 849 234 28 tryckeripersonalen).
343 851 132 27 Boktrycket
492 850 118 22 afslutades
621 851 7 21 i
638 851 74 26 början
726 851 40 21 och
775 851 61 21 skär-

82 884 77 27 ningen
174 885 7 20 i
196 884 78 22 medlet
289 885 22 21 af
326 885 118 21 December
460 885 62 22 1891.
546 885 57 21 Sista
618 885 122 21 leveransen
748 884 24 22 af
778 885 56 26 goda

82 918 121 22 blanketter
218 919 79 21 skedde
313 919 40 21 den
369 919 13 22 9
398 919 89 21 Januari
505 919 75 22 1892.'*

151 959 101 21 Finlands
266 959 73 22 Banks
354 959 158 28 sedeltryckeri,
530 965 53 19 som,
599 961 52 19 enär
665 961 31 20 ett
711 959 125 28 tillräckligt

82 993 71 22 förräd
169 993 120 22 blanketter
304 994 23 21 af
344 993 98 27 samtliga
458 993 100 22 Bankens
578 993 142 22 sedelvalörer
734 993 101 25 förefans,

82 1028 55 21 varit
159 1028 87 27 stängdt
271 1029 64 20 sedan
355 1029 75 26 början
449 1028 23 21 af
494 1028 23 21 är
533 1028 62 26 1892,
611 1028 107 27 öppnades
733 1027 46 22 äter
794 1028 41 21 den

83 1063 11 21 1
119 1062 123 27 September
266 1063 60 21 1893.
364 1063 156 21 Föreständare
542 1065 24 18 är
588 1062 131 21 fortfarande
742 1061 50 22 herr
811 1062 24 20 F.

82 1097 118 26 Tilgmann.

151 1138 88 21 Arbetet
257 1138 92 27 begynte
368 1138 49 20 med
435 1137 161 27 proftryckning
613 1137 23 21 af
649 1138 31 20 ett
694 1136 48 21 frän
757 1136 78 22 Terva-

82 1172 63 22 koski
159 1172 64 21 Aktie
238 1172 68 27 Bolag
321 1172 32 21 till
368 1172 102 21 Finlands
485 1172 62 20 Bank
559 1171 119 21 levereradt
689 1170 146 27 sedelpapper,

82 1207 69 21 afsedt
173 1207 32 21 för
227 1213 42 21 nya
287 1207 28 21 20
333 1206 73 22 marks
425 1206 77 21 sedlar.
531 1206 99 21 Nämnda
647 1206 137 26 papperssort
798 1205 37 21 be-

81 1242 48 20 fans
148 1242 7 20 i
175 1241 42 21 alla
234 1241 135 21 hänseenden
389 1242 107 19 motsvara
514 1240 27 21 de
558 1239 126 28 fordringar,
701 1245 45 15 som
761 1238 74 22 ställas

81 1276 28 27 pä
131 1277 31 19 ett
183 1276 52 27 godt
253 1276 146 26 sedelpapper.
429 1275 57 21 Hela
503 1275 85 27 partiet,
606 1274 62 26 1,500
683 1273 45 25 ark,
744 1275 24 19 är
784 1273 51 21 alla-

82 1310 66 21 redan
163 1310 24 21 af
199 1310 160 21 föreständaren
376 1309 33 21 till
423 1309 140 27 förbränning
578 1308 119 22 äterstäldt.

151 1350 170 26 Tillverkningen
341 1349 22 21 af
373 1349 71 21 sedlar
458 1349 40 21 har
516 1348 99 22 omfattat
630 1348 73 21 endast
718 1347 80 21 sädana
814 1347 22 21 af

82 1384 13 22 5
118 1384 71 22 marks
212 1384 65 21 valör.
307 1384 29 21 Af
353 1384 74 20 härtill
443 1383 94 21 användt
554 1388 81 22 papper
650 1382 39 21 har
703 1382 132 21 Tervakoski

82 1419 65 21 Aktie
161 1419 68 26 Bolag
243 1419 68 21 under
325 1418 59 22 tiden
399 1418 47 21 frän
463 1418 41 20 den
520 1418 11 20 1
548 1417 124 27 September
679 1416 33 22 till
727 1416 57 21 ärets
792 1416 43 21 slut

82 1453 104 21 levererat
201 1453 78 27 73,432
295 1453 44 26 ark,
357 1452 77 22 hvaraf
447 1452 33 22 till
495 1452 116 27 tryckeriet
628 1451 114 21 utlemnats
757 1450 78 26 50,000
