1103 1700
246 96 40 22 136
588 96 22 21 II

219 164 216 28 svärsundervisning
449 164 49 22 med
514 164 116 27 anledning
646 164 23 22 af
682 164 94 22 berörda
791 163 79 28 beslut,
884 170 47 15 men
950 162 31 22 öf-

219 199 144 27 verstyreisen
384 198 106 22 förklarat
513 198 199 28 änäringssökande
730 198 47 22 icke
792 198 74 22 kunna
880 204 40 21 ega
934 203 47 17 rum

219 233 40 21 och
283 232 133 23 fördenskull
439 233 111 27 förvägrat
574 233 47 21 dem
646 233 41 21 den
706 232 81 22 äskade
803 232 178 25 underrättelsen,

219 268 138 21 understälde
379 268 99 22 bemälde
500 268 154 27 medsökande,
673 267 50 22 med
747 267 121 27 äberopadt
890 266 48 23 stöd
960 265 24 22 af

219 302 12 27 8
249 302 26 21 13
291 302 7 21 i
314 302 79 27 nådiga
415 302 153 27 förordningen
587 302 41 22 den
648 303 28 21 24
691 302 123 21 November
831 302 54 21 1869
901 306 34 16 om
950 300 32 21 in-

219 336 101 22 rättande
341 336 24 22 af
378 343 25 15 en
420 336 150 28 öfverstyrelse
586 336 34 22 för
636 336 156 26 skolväsendet,
808 336 76 28 frägan
897 335 85 27 Kejser-

222 371 45 27 liga
284 371 105 21 Senatens
405 371 100 27 pröfning
520 373 56 19 samt
590 371 82 27 yrkade
689 373 33 19 att
738 370 175 28 öfverstyrelsens
928 370 55 21 före-

220 405 96 21 nämnda
332 405 75 27 åtgärd
423 406 67 22 måtte
507 406 83 26 ogillas,
605 405 160 22 framhällande
782 404 74 22 dervid
872 406 31 20 att
921 406 62 20 nota-

222 440 47 21 rien
284 440 34 21 W.
334 439 46 22 icke
396 446 38 16 ens
449 440 56 22 visat
520 440 32 27 sig
568 446 52 16 vara
634 440 33 22 till
683 440 93 27 tjensten
792 440 130 26 kompetent.
944 438 39 22 Uti

220 474 73 27 utslag
316 474 23 21 af
357 474 41 22 den
414 475 13 21 4
442 474 44 28 Maj
508 475 54 21 1888
578 475 87 27 yttrade
681 475 32 27 sig
728 474 125 28 Kejserliga
868 474 91 21 Senaten
975 472 7 21 i

221 509 92 22 ärendet
336 511 38 25 att,
390 509 74 22 sävida
479 510 37 21 det
532 510 66 28 enligt
620 511 6 21 3
642 516 64 15 mom.
723 510 7 20 i
745 508 81 28 nädiga
840 507 143 28 kungörelsen

222 544 41 22 den
279 545 28 21 30
323 544 50 22 Juni
389 545 61 25 1887,
464 544 104 27 jemfördt
583 544 49 22 med
647 545 13 21 4
671 544 33 27 $:n
716 544 6 21 i
734 542 157 23 ofvannämnda
901 541 83 22 förord-

221 579 58 27 ning,
296 579 114 21 ankomme
425 579 13 21 å
452 579 168 27 öfverstyrelsen
636 579 33 21 för
685 578 153 22 skolväsendet
854 579 33 20 att
905 578 80 25 antaga

222 613 132 26 kamrerare,
371 619 48 16 men
435 613 37 22 det
487 613 7 22 i
510 615 26 20 13
551 613 33 28 8:n
600 613 24 22 af
635 613 143 21 nästberörda
788 611 129 27 författning
929 610 55 22 före-

222 647 83 28 fintliga
328 647 117 27 stadgande
466 648 46 21 icke
527 647 72 23 kunde
615 654 63 15 anses
693 653 52 16 vara
760 648 14 20 &
790 645 141 22 förevarande
946 644 38 22 fall

222 681 132 28 tillämpligt,
377 681 92 23 Senaten
488 682 46 21 icke
549 682 50 21 ville
615 682 33 21 till
664 681 100 28 pröfning
780 683 96 25 upptaga
890 679 57 22 hvad
963 678 24 22 af

222 716 149 21 besväranden
391 717 110 26 andragits
520 716 34 22 till
569 716 106 21 vinnande
690 716 24 21 af
727 715 94 27 ändring
836 715 32 21 uti
883 714 102 26 öfversty-

222 751 84 21 relsens
322 750 83 27 ätgärd,
421 751 85 21 hvilken
522 751 57 27 förty
590 751 70 21 skulle
671 750 65 22 lända
745 749 162 22 vederbörande
914 748 33 21 till
955 747 30 22 ef-

223 785 134 26 terrättelse;
373 785 54 22 dock
443 785 78 22 aktade
532 785 122 28 Kejserliga
665 785 94 22 Senaten
770 784 76 27 nödigt
856 783 129 22 öfverlemna

223 820 158 27 handlingarna
395 820 7 21 i
418 820 90 21 ärendet
530 819 34 22 till
584 819 150 23 Prokuratorn
750 820 7 21 i
774 818 100 22 afseende
889 817 13 22 &
916 817 69 22 vidta-

223 854 70 27 gande
309 853 23 22 af
347 854 40 21 den
410 854 83 27 åtgärd,
516 854 87 21 hvartill
626 853 216 28 omständigheterna
857 852 71 21 kunde
943 851 43 21 för-

224 889 85 21 anleda.

293 923 148 22 Prokuratorn
464 923 124 22 öfversände
610 923 68 27 derpä
699 923 67 27 jemte
782 921 111 22 skrifvelse
909 921 22 20 af
945 920 40 21 den

224 958 28 21 28
267 958 44 27 Maj
333 958 54 21 1888
403 958 33 21 till
451 957 183 22 advokatfiskalen
651 957 6 22 i
673 952 47 27 Äbo
735 957 84 22 hofrätt
832 955 156 27 handlingarna

224 993 7 20 i
247 992 90 21 ärendet
359 993 49 21 med
424 992 108 21 anmodan
551 992 33 21 för
604 992 188 21 advokatfiskalen
809 992 33 20 att
857 989 64 22 ställa
935 989 52 21 kon-

227 1027 104 21 sultativa
354 1027 120 21 ledamoten
490 1027 6 21 i
512 1026 164 28 öfverstyrelsen
700 1026 126 27 professorn
843 1025 25 21 E.
884 1026 57 19 samt
956 1023 31 22 öf-

226 1061 163 27 verinspektorn
404 1061 33 27 Y.,
460 1061 72 21 hvilka
555 1061 106 22 hvardera
682 1061 49 22 med
746 1061 47 21 sina
809 1061 71 20 röster
894 1058 94 27 bidragit

224 1095 35 22 till
275 1095 139 22 kamreraren
429 1096 44 21 W:s
488 1096 130 27 utnämning,
636 1095 68 22 under
719 1096 49 26 laga
785 1094 45 22 åtal
846 1093 33 22 för
894 1093 26 22 de
936 1093 29 21 fel
980 1092 7 21 i

225 1130 102 28 tjensten,
343 1131 26 21 de
384 1130 77 22 härvid
476 1129 50 23 lätit
541 1131 86 21 komma
642 1130 33 28 sig
690 1130 34 22 till
735 1130 49 22 last.
812 1129 46 22 Och
876 1127 113 22 framhölls

226 1165 6 21 i
249 1164 79 23 sädant
343 1165 100 22 afseende
458 1167 33 20 att
506 1166 48 21 med
570 1166 80 27 hänsyn
666 1165 32 21 till
714 1165 58 21 hvad
788 1164 8 22 i
812 1165 13 20 3
841 1169 63 15 mom.
919 1162 23 22 af
950 1163 39 20 nä-

226 1199 51 28 diga
300 1200 142 27 kungörelsen
466 1200 40 21 den
529 1201 28 21 30
572 1200 51 22 Juni
641 1200 53 21 1887
718 1201 58 19 samt
792 1200 13 20 4
822 1198 33 27 &:n
870 1197 23 21 af
906 1196 83 22 merbe-

226 1234 67 21 rörda
315 1234 80 26 nådiga
418 1234 125 27 förordning
566 1234 40 22 den
622 1235 28 21 24
664 1234 123 22 November
805 1233 54 21 1869
875 1231 115 28 stadgades

226 1274 35 16 om
277 1268 138 22 besättandet
430 1268 23 22 af
468 1268 25 22 de
508 1268 8 22 i
531 1269 43 21 alla
590 1268 115 22 afseenden
720 1268 106 22 likstälda
846 1266 144 22 sekreterare-

227 1303 40 21 och
283 1303 245 27 kamreraretjensterna
547 1303 36 22 vid
599 1303 166 27 öfverstyrelsen
782 1302 34 21 för
832 1300 157 26 skolväsendet,

227 1337 37 22 det
280 1343 51 16 vore
354 1337 158 27 otvifvelaktigt
534 1339 34 19 att
589 1337 133 21 sistnämnda
736 1337 71 27 tjenst
822 1336 68 21 hörde
904 1334 34 22 till
953 1340 37 16 an-

226 1372 56 22 talet
297 1371 24 22 af
335 1371 26 22 de
376 1372 152 28 befattningar,
549 1372 34 21 för
598 1372 83 21 hvilkas
696 1370 117 27 vinnande,
828 1370 84 27 jemlikt
927 1370 13 20 5
956 1368 35 28 $:n

227 1406 7 20 i
250 1406 80 28 nädiga
353 1406 153 28 förordningen
529 1408 41 21 den
594 1408 27 21 30
636 1408 43 26 Maj
705 1408 62 26 1871,
792 1405 143 26 ovilkorligen
957 1410 34 16 er-
