1103 1700
257 140 29 22 U.
302 140 28 22 B.
349 154 23 2 —
389 140 29 22 11.
435 140 25 22 F.
476 140 94 23 Antells
585 141 153 21 testamente.

397 514 268 22 Statsutskottets
680 514 197 22 betänkande

328 548 45 23 N:o
389 548 13 22 5
418 548 10 22 i
443 548 135 28 anledning
590 548 26 22 af
624 549 36 21 ett
670 548 27 22 af
705 548 89 22 aflidne
805 548 73 22 Medi-

327 583 56 21 eine
398 583 146 22 licentiaten
559 582 107 23 Herman
677 583 111 22 Frithiof
795 583 82 22 Antell

326 617 41 22 till
389 617 99 22 förmän
509 617 41 22 för
568 617 116 22 Finlands
702 617 54 22 folk
778 618 99 27 upprät-

327 651 54 22 tadt
391 652 153 22 testamente.

189 772 159 21 Statsutskottet
363 772 38 20 har
416 771 38 21 fått
465 773 105 26 emottaga
582 778 25 14 en
619 771 23 21 sä
652 771 92 26 lydande
754 771 122 21 skrifvelse:

286 869 40 21 Till
341 869 101 21 Finlands
458 869 100 21 Ständers
574 868 140 21 Statsutskott.

192 938 105 21 Medicine
319 937 132 22 Licentiaten
467 937 95 22 Herman
578 937 88 21 Frithiof
681 937 75 28 Antell,
772 944 46 14 som
834 939 42 19 den

121 973 12 20 6
149 973 101 20 sistvikne
266 972 60 27 April
342 972 54 21 afled
412 973 7 19 i
435 972 65 27 Paris,
512 972 54 21 hade
577 978 76 21 genom
666 974 125 19 testamente
804 972 21 20 af
836 972 40 21 den

122 1007 10 20 1
150 1007 93 20 Oktober
260 1007 53 20 1891
331 1007 88 20 donerat
434 1006 63 21 bland
514 1008 64 19 annat
594 1006 31 21 till
640 1006 101 21 Finlands
755 1006 45 21 folk
816 1008 30 19 att
856 1006 21 21 af

121 1041 101 21 Finlands
245 1041 90 20 Ständer
349 1041 119 27 öfvertagas
484 1041 39 20 och
538 1041 106 26 förvaltas,
658 1041 33 20 för
705 1042 30 19 att
750 1041 31 20 till
797 1042 29 19 ett
842 1047 36 14 na-

120 1075 165 21 tionalmuseum
307 1075 8 20 i
336 1075 91 21 Finland
442 1075 114 27 användas,
573 1075 18 26 ej
608 1075 81 20 mindre
705 1075 41 20 alla
762 1075 46 20 sina
823 1081 54 14 sam-

120 1109 69 28 lingar
203 1111 26 19 än
245 1109 62 21 äfven
324 1115 26 15 en
365 1109 193 27 penningesumma
574 1109 20 21 af
610 1115 26 15 en
646 1109 75 27 miljon
731 1109 66 27 mark,
808 1109 67 20 säsom

120 1146 97 18 närmare
232 1144 93 27 framgår
341 1144 20 20 af
376 1145 35 19 det
425 1144 7 20 i
448 1144 82 20 afskrift
545 1144 85 27 bilagda
640 1146 139 18 testamentet.
810 1143 68 27 Origi-

122 1178 47 21 nala
185 1180 134 19 testamentet
333 1178 54 20 hade
403 1178 73 21 Antell
492 1179 5 19 i
513 1178 93 21 lifstiden
623 1178 113 27 deponerat
751 1178 38 20 hos
801 1178 76 20 under-

121 1213 89 20 tecknad
227 1213 5 19 i
249 1215 29 18 ett
293 1212 114 28 försegladt
422 1213 102 21 konvolut
540 1213 40 21 och
596 1213 71 20 dervid
679 1212 100 21 anmodat
789 1212 44 27 mig
843 1214 34 25 att,

121 1248 6 19 i
143 1247 100 21 händelse
263 1247 41 20 han
321 1246 67 22 aflede
404 1247 44 21 före
464 1248 48 26 mig,
528 1249 75 25 genast
618 1247 26 20 dä
660 1247 166 21 underrättelsen
843 1253 33 14 om

122 1282 51 20 hans
189 1281 96 20 fränfälle
301 1281 69 21 nädde
386 1281 49 27 mig,
451 1281 42 21 läta
503 1282 56 20 inför
569 1281 137 27 Magistraten
719 1281 7 20 i
737 1281 62 21 Wasa
810 1283 68 25 öppna

121 1316 39 20 och
175 1316 6 20 i
198 1315 126 27 protokollet
338 1315 72 27 intaga
425 1316 91 20 nämnde
532 1318 131 18 testamente.
685 1315 75 21 Denna
771 1315 107 21 föreskrift

121 1350 113 20 efterkoms
257 1350 22 20 af
301 1350 43 26 mig
365 1349 41 21 den
431 1351 10 19 7
465 1350 61 27 April
542 1350 52 20 eller
609 1350 68 26 dagen
693 1350 52 20 efter
760 1350 118 20 dödsfallet.

120 1383 79 21 Dervid
222 1384 103 26 framgick
347 1386 31 18 att
400 1384 41 20 han
463 1384 109 20 förordnat
594 1384 44 27 mig
652 1384 31 20 till
699 1386 101 18 executor
816 1385 62 19 testa-

120 1418 71 20 menti.
221 1418 33 20 Då
276 1418 36 27 jag
326 1418 55 20 hade
396 1418 43 27 mig
457 1418 77 21 bekant
549 1420 30 19 att
594 1418 41 21 den
651 1418 149 21 värdefullaste
816 1418 60 20 delen

120 1452 21 20 af
163 1452 82 21 Antells
269 1452 162 27 yvarlätenskap
454 1452 122 21 förvarades
599 1452 45 21 dels
659 1452 5 20 i
681 1452 59 20 Paris
756 1452 38 20 och
811 1452 45 20 dels
871 1452 6 20 i

191 1492 138 17 Statsutskottets
341 1492 111 17 betänkande
464 1492 38 17 N:o
514 1493 18 16 5.
