1103 1700
254 125 14 19 4
574 123 71 22 XXIX

224 192 48 18 bron
290 191 49 19 invid
357 191 114 19 Tavasienus
490 191 47 18 siad.
564 191 69 18 Gemvm
652 191 92 18 särskilda
762 191 68 23 uädiga
849 190 137 19 förordaanden

224 226 35 18 har
278 226 113 22 ofvansagda
409 225 106 23 skyldighet
533 225 62 18 blifvit
612 226 93 17 utsträckt
717 226 29 17 till
759 226 37 17 alla
808 225 178 18 hemmansinnehaf-

223 266 45 12 vare
281 260 6 18 i
300 260 104 18 nuvarande
416 260 115 18 Tavastehus
544 260 37 17 län.

419 352 31 22 10.
482 352 66 28 Ryska
564 352 228 27 undsättningsfonden.

295 409 26 17 Af
331 409 36 18 den
379 408 29 18 del
421 408 41 18 utaf
474 408 21 18 de
508 408 115 18 Tavastehus
636 408 30 18 län
679 408 59 18 under
749 408 77 18 nödäret
839 409 44 17 1868
895 408 89 18 tillfallna

224 443 119 23 gäfvomedel,
363 448 37 12 som
419 443 40 17 icke
478 442 90 18 användts
584 443 30 17 till
628 442 73 18 direkta
714 442 100 18 understöd
827 444 45 16 utan
884 443 62 18 blifvit
958 443 27 17 sä-

224 483 39 12 som
276 478 31 17 län
319 477 41 18 med
373 477 254 23 äterbetalningsskyldighet
639 477 84 23 utgifven
735 477 35 18 har
782 478 68 17 bildats
863 483 22 12 en
898 478 50 21 fond,
959 478 27 17 af-

224 512 46 18 sedd
283 513 28 17 att
322 511 30 17 vid
365 510 111 18 inträffande
488 512 110 17 missväxtär
611 512 63 17 kunna
686 512 30 17 till
728 512 69 18 nödens
810 512 120 22 afhjelpande
941 512 45 18 eller

223 546 99 18 lindrande
334 546 73 18 utlänas
420 546 44 18 eller
473 546 113 23 disponeras.
604 546 70 18 Jemväl
683 546 60 18 denna
755 546 54 18 fonds
821 546 58 18 medel
892 548 32 16 äro
937 547 5 17 i
955 552 30 12 en-

224 582 52 17 skild
287 581 50 18 bank
349 583 48 16 emot
409 582 10 17 5
432 581 22 22 %),
468 583 54 16 ränta
535 581 120 23 deponerade.

449 675 27 20 11.
508 674 158 21 Boisonetteska
681 674 81 21 fonden.

295 731 36 17 Till
343 731 60 17 minne
416 730 20 18 af
447 730 69 18 hennes
529 731 5 16 i
547 730 84 18 lifstiden
644 731 58 17 säsom
715 730 158 23 grosshandlande
885 730 5 17 i
899 730 86 18 Tavaste-

223 765 36 18 hus
280 765 41 18 stad
340 765 90 18 inskrifne
446 770 43 13 man
505 765 56 17 Louis
574 765 107 18 Boisonette
693 764 85 18 förärade
790 764 78 18 enkefru
880 764 105 18 Boisonette

224 800 54 21 5,000
296 800 66 21 francs,
376 799 5 18 i
394 799 84 18 ändamäl
490 801 29 16 att
531 799 41 18 med
584 799 123 22 tillgängarna
720 799 6 18 i
739 799 73 21 fonden,
825 799 23 17 dä
860 799 69 17 allmän
941 799 45 18 eller

224 835 61 17 större
297 833 125 24 peningebrist
433 839 43 12 vore
488 833 109 22 förbanden,
610 833 63 18 kunna
685 833 85 18 anskaffa
783 833 65 18 utsäde
860 833 29 18 för
902 833 83 22 utlåning

223 869 21 17 åt
262 868 115 18 behöfvande
394 868 84 18 enskilda
495 868 45 17 eller
552 868 117 22 kommuner;
682 867 33 18 och
728 868 34 17 har
774 868 78 17 donator
864 868 63 17 tillika
939 867 46 18 före-

224 903 77 17 skrifvit
321 904 33 20 att,
372 903 61 17 derest
450 902 78 18 fondens
547 903 101 22 tillgångar
665 903 71 17 komme
754 904 29 16 att
801 903 61 22 uppgå
880 903 30 17 till
923 903 62 20 30,000

223 937 60 22 mark,
303 937 31 18 det
352 937 59 18 skulle
429 937 10 18 &
458 939 114 20 guvernören
585 937 5 18 i
603 937 51 18 länet
666 937 96 18 ankomma
775 938 29 17 att
816 942 22 12 ur
850 937 68 18 fonden
931 937 53 17 äfven

223 972 71 23 bevilja
306 972 69 17 sådana
387 971 90 18 räntefria
489 972 31 17 lån
533 972 34 17 och
580 971 73 18 direkta
665 971 107 22 understöd,
785 977 38 12 som
832 971 64 23 afsäge
904 972 80 17 kommu-

224 1011 68 13 nernas
304 1006 59 21 bästa,
375 1006 34 17 och
422 1005 96 19 deribland
531 1006 66 18 främst
610 1006 114 18 inrättandet
736 1006 21 18 af
769 1006 62 18 skolor
842 1006 30 17 för
884 1006 99 22 allmogens

223 1041 54 18 barn.
301 1041 84 18 Fondens
393 1041 101 22 tillgångar
504 1043 31 16 äro
544 1041 116 22 deponerade
668 1041 6 18 i
683 1041 71 18 enskild
764 1041 49 18 bank
822 1042 48 17 emot
877 1042 10 16 5
894 1041 23 22 ?/,
925 1042 59 16 ränta.

515 1168 119 26 Wiborgs
649 1168 47 20 län.

222 1219 39 18 Tre
275 1219 91 18 särskilda
378 1219 64 18 fonder
454 1219 29 18 för
495 1219 96 18 underhåll
604 1220 27 17 af:

295 1272 31 21 12.
357 1272 74 26 Papula
446 1272 36 21 bro
498 1272 5 20 i
519 1272 91 26 Wiborgs
626 1272 87 25 socken;

295 1312 32 20 13.
357 1312 51 21 Bron
425 1312 55 21 öfver
496 1312 108 27 Kymmene
620 1312 36 26 elf;
673 1314 57 18 samt

295 1352 32 20 14.
355 1351 95 22 Jernbron
468 1352 55 20 öfver
538 1352 100 21 Wuoksen
654 1352 66 21 floden
736 1352 5 20 i
757 1351 81 22 Jääskis
855 1352 83 21 socken.

296 1407 137 18 Ofvannämnda
454 1407 65 18 fonder
537 1407 56 18 hafva
611 1408 107 17 tillkommit
736 1408 104 22 derigenom
859 1410 28 16 att
906 1408 29 18 för
947 1408 38 17 vid-

223 1441 141 19 makthällande
375 1442 22 17 af
407 1442 53 18 dessa
472 1442 55 18 broar
539 1442 49 18 inom
600 1442 86 22 Wiborgs
698 1442 31 17 län
742 1442 99 22 uppburits
848 1442 65 21 medel,
922 1442 63 18 hvilka
