1103 1700
758 137 40 25 25

71 194 61 22 mark
147 194 33 20 för
195 194 161 26 ifrågavarande
372 193 157 21 kontorslokals
544 193 112 21 förseende
671 194 48 20 med
728 194 47 26 nytt
783 194 45 26 golf

71 228 23 22 af
107 230 83 19 cement
205 228 108 20 äfvensom
330 227 167 21 verkställandet
512 226 24 22 af
550 227 106 21 särskilda
671 227 66 21 andra
752 228 75 26 nödig-

71 262 93 21 befunna
179 261 153 27 reparationer.

139 296 10 20 1
165 296 112 26 anledning
293 295 62 21 deraf
368 296 32 20 att
415 295 41 21 den
472 295 30 21 tid
518 294 23 22 af
555 294 42 22 fem
612 295 30 25 är,
658 295 121 21 hvarunder
795 296 30 20 St.

71 330 95 26 Michels,
184 330 116 26 Jyväskylä
323 330 39 20 och
381 329 117 21 Sordavala
517 329 71 21 städer
608 328 110 22 förbundit
736 329 33 27 sig
792 331 32 19 att

70 363 151 22 kostnadsfritt
242 363 88 27 uppläta
352 363 82 21 lokaler
455 362 33 22 för
512 363 99 21 Bankens
632 359 77 25 kontor
728 362 13 22 &
763 363 63 21 dessa

71 400 64 24 orter,
153 397 72 26 utgick
245 397 40 21 den
307 398 8 20 1
336 397 45 21 Juli
397 397 61 25 1892,
474 397 63 21 hafva
552 397 200 26 Bankfullmäktige,
770 398 54 20 hvad

70 432 54 21 först
139 432 66 26 angär
219 432 100 20 kontoret
335 432 6 20 i
358 431 30 21 St.
405 431 83 26 Michel,
508 431 40 21 den
564 432 14 21 5
594 431 58 21 Mars
673 431 54 21 1892
742 431 84 21 förord-

70 468 38 19 nat
127 472 33 15 om
179 466 148 26 upphyrandet
347 465 24 21 af
387 471 27 21 ny
434 465 57 21 lokal
510 464 34 22 för
563 466 59 20 detta
638 466 78 20 kontor
730 466 7 20 i
753 466 73 20 Hand-

70 500 76 21 landen
163 500 22 21 C.
201 500 23 20 F.
241 499 121 21 Pöndinens
378 499 123 27 tvävänings
517 499 89 21 stenhus
625 499 6 21 i
647 499 79 27 gärden
742 499 40 21 N:o
797 500 28 20 46

70 534 35 21 vid
125 534 150 26 Nikolaigatan
295 534 6 20 i
320 535 49 19 näst
387 533 65 27 sagde
471 533 55 26 stad,
542 535 56 19 emot
614 539 26 15 en
655 533 99 27 betingad
772 533 54 27 årlig

71 569 52 27 hyra
145 568 23 21 af
190 569 63 25 2,000
275 568 66 26 mark,
361 568 70 21 deruti
449 567 131 21 inberäknad
600 567 118 22 kostnaden
737 567 34 22 för
786 568 39 21 ved

71 603 39 21 och
126 604 79 25 vatten,
222 602 84 21 hvilken
323 602 64 26 lokal,
403 602 115 21 bestäende
534 601 22 22 af
570 601 102 27 förstuga,
684 601 88 26 förrum,
786 603 40 20 toi-

71 637 106 26 letterum,
197 637 172 26 expeditionssal,
389 636 139 21 sessionsrum
550 638 54 19 samt
620 636 116 21 brandfritt
752 636 73 21 kassa-

71 671 60 21 hvalf
145 671 39 21 och
201 677 25 14 en
242 671 82 21 mindre
340 671 87 25 källare,
436 670 108 21 äfvensom
561 673 30 18 ett
606 677 46 14 rum
668 671 39 20 och
723 671 43 20 kök
777 671 48 20 med

70 705 129 21 tillhörande
215 705 110 21 skafferier
340 705 39 21 och
395 705 81 20 källare
492 704 33 21 för
541 705 164 26 vaktmästaren,
718 705 23 21 af
755 705 71 21 Bank-

71 739 134 21 direktionen
221 739 108 21 befunnits
345 739 90 26 erbjuda
450 739 114 26 tillräcklig
579 739 101 21 säkerhet
691 740 45 19 mot
744 739 82 21 eldfara

71 773 39 21 och
125 773 82 21 inbrott
222 775 55 19 samt
292 773 62 21 äfven
369 773 7 21 i
392 773 64 27 öfrigt
476 773 99 21 afseende
590 779 52 15 vara
655 773 33 21 för
703 773 123 21 ändamälet

70 807 50 21 fullt
135 807 91 27 lämplig.
249 807 170 21 Vidkommande
435 807 65 21 sedan
515 807 105 21 kontoren
636 807 7 21 i
658 807 116 27 Jyväskylä
785 807 39 21 och

71 841 117 22 Sordavala
202 841 128 27 upphyrdes,
346 842 7 20 i
368 841 94 28 enlighet
477 841 48 21 med
536 841 207 27 Bankfullmäktiges
752 841 71 21 derom

70 875 68 21 under
153 876 40 20 den
211 876 25 21 19
252 875 57 22 Mars
325 875 38 21 och
380 876 13 21 9
413 875 60 27 April
490 875 54 22 1892
560 875 125 21 meddelade
700 875 124 21 förordnan-

70 909 47 26 den,
127 909 26 21 de
164 909 23 21 af
197 909 61 22 dessa
269 909 76 21 kontor
356 909 141 27 disponerade
508 909 111 21 lokalerna
629 909 32 21 för
673 911 30 19 ett
714 909 23 21 är
748 909 78 20 framät

71 945 58 19 emot
147 949 26 14 en
192 943 53 26 ärlig
263 943 53 27 hyra
335 943 23 21 af
373 943 64 26 1,200
451 943 60 21 mark
529 943 33 21 för
577 943 173 21 kontorslokalen
765 943 7 20 i
788 943 37 27 Jy-

70 977 87 27 väskylä
181 977 39 21 och
244 978 62 24 1,000
328 977 61 21 mark
411 977 33 21 för
466 977 110 21 kontorets
595 977 7 20 i
622 977 116 21 Sordavala
760 977 64 21 lokal.

71 1011 125 22 Sedermera
219 1011 50 26 blef,
293 1012 48 21 med
363 1011 210 28 Bankfullmäktiges
596 1011 70 21 dertill
690 1011 40 21 den
749 1012 13 21 6
782 1011 43 26 Maj

72 1045 55 22 1893
149 1045 96 21 lemnade
267 1045 132 26 begifvande,
424 1045 187 27 hyreskontraktet
637 1051 34 15 om
693 1045 133 21 sistnämnda

69 1079 89 22 kontors
177 1079 57 21 lokal
253 1080 124 26 ytterligare
395 1079 151 27 prolongeradt
565 1079 33 21 för
617 1085 26 15 en
660 1079 32 21 tid
707 1079 23 21 af
744 1079 36 21 två
795 1079 29 21 är.

139 1114 94 21 Emedan
254 1114 40 21 den
314 1114 31 21 uti
364 1113 102 22 rädhuset
484 1114 7 20 i
509 1113 131 28 Björneborg
656 1113 90 27 belägna
761 1113 64 26 lokal,

70 1154 45 15 som
135 1148 22 21 af
174 1148 102 21 Finlands
292 1148 72 21 Banks
380 1148 78 21 kontor
478 1148 27 26 pä
521 1148 83 26 platsen
620 1148 123 25 innehades,
759 1148 67 26 enligt

71 1182 22 21 af
107 1182 194 26 stadsfulimäktige
316 1182 111 21 derstädes
442 1182 80 20 fattadt
537 1182 77 26 beslut,
630 1182 85 20 komme
731 1183 31 19 att
777 1181 46 21 frän

71 1216 40 21 den
129 1217 9 20 1
155 1216 51 21 Juni
223 1216 55 21 1893
293 1216 32 21 för
341 1211 216 26 drätselkammarens
573 1216 67 21 behof
654 1216 114 26 användas,
781 1215 46 22 blef

69 1250 195 21 Bankdirektionen
283 1251 41 20 den
345 1251 26 21 13
390 1250 58 21 Mars
468 1250 54 22 1892
540 1250 24 21 af
580 1249 194 28 Bankfullmäktige
791 1250 35 20 be-

69 1284 115 27 myndigad
194 1285 32 19 att
241 1284 34 21 för
289 1284 111 21 kontorets
415 1284 91 26 räkning
520 1284 53 27 hyra
588 1290 26 15 en
626 1284 6 21 i
648 1284 66 21 nedra
722 1284 104 26 väningen

69 1318 23 20 af
110 1319 32 19 ett
159 1318 88 21 stenhus
267 1318 12 21 &
297 1318 80 27 gården
395 1318 40 21 N:o
451 1319 13 20 4
480 1318 6 20 i
507 1319 53 20 1:sta
580 1318 120 21 stadsdelen
720 1318 22 21 af
760 1318 67 26 sagda

69 1352 48 21 stad
140 1352 88 26 belägen
252 1352 39 21 och
310 1352 23 21 af
350 1352 45 21 ätta
413 1358 54 20 rum,
487 1352 84 20 tambur
590 1352 39 21 och
649 1352 42 20 kök
712 1352 114 21 bestäende

69 1386 64 25 lokal,
150 1385 23 21 af
190 1386 85 21 hvilken
291 1388 31 19 ett
337 1392 46 15 rum
399 1386 85 21 komme
499 1388 32 18 att
546 1386 24 21 af
583 1386 143 27 gärdsegaren
742 1386 84 20 inredas

69 1419 33 21 till
125 1420 62 26 hvalf,
208 1422 31 19 ett
258 1422 31 19 att
309 1420 108 21 användas
435 1420 33 20 till
485 1419 79 22 bostad
579 1420 23 20 ät
616 1420 210 21 kontorsskrifvaren

69 1454 39 20 och
131 1455 32 20 ett
177 1454 48 21 med
258 1454 66 21 köket
346 1454 33 21 till
401 1454 241 26 vaktmästaresbostad,
664 1454 33 20 för
716 1460 26 15 en
757 1454 31 21 tid
804 1454 24 21 af
