1103 1700
237 103 42 21 140
582 102 22 22 I

210 172 105 21 nämdens
338 171 51 21 fälts
413 172 104 26 antingen
541 171 7 21 i
570 171 55 21 strid
648 174 45 19 mot
716 171 71 21 bättre
810 170 92 22 vetande
924 170 53 22 eller

211 206 132 21 åtminstone
358 206 25 21 af
395 206 113 27 uppenbar
522 206 138 22 vårdslöshet
674 206 41 22 och
724 205 60 28 groft
792 205 119 27 oförstånd,
921 206 56 20 samt

210 240 83 27 yrkade
316 240 186 22 advokatfiskalen
525 240 63 27 förty,
605 242 40 24 att,
661 242 54 19 enär
736 239 100 26 nämden,
853 239 67 27 enligt
935 240 13 20 4
965 238 13 28 $

211 275 28 21 23
254 274 50 26 kap.
320 274 25 22 R.
361 274 32 27 B.,
409 275 68 21 sädan
495 274 40 22 den
551 274 61 28 lyder
625 275 7 21 i
642 274 81 28 nädiga
733 274 153 27 förordningen
897 274 41 21 den
949 273 27 21 27

210 308 62 28 April
297 309 62 25 1868,
383 309 39 21 bör
441 315 63 15 svara
526 308 35 22 för
576 309 33 21 sin
625 309 56 27 dom,
704 308 170 22 nämdemännen
896 308 31 27 T.,
942 307 35 26 K.,

210 343 34 25 D.,
261 342 33 28 G.,
309 343 35 26 R.,
360 343 35 27 M.,
415 344 31 26 P.,
467 343 26 21 Y.
514 343 38 21 och
571 344 27 26 J.,
622 343 74 21 hvilka
719 343 40 21 fält
781 342 117 22 omordade
921 342 55 26 dom,

211 378 68 21 mätte
303 378 33 20 för
359 378 93 22 sälunda
476 377 106 28 begänget
601 378 29 21 fel
645 378 7 21 i
668 377 196 22 domareembetets
879 376 99 27 utöfning

213 412 63 21 fällas
292 412 34 21 till
342 418 78 16 ansvar
436 412 68 28 enligt
521 414 25 20 12
562 412 12 28 8
592 414 10 20 1
620 412 49 28 kap.
685 412 26 22 R.
727 412 25 22 B.

280 446 80 27 Utslag
374 447 8 21 i
397 446 67 22 mälet
486 446 140 22 meddelades
649 446 24 22 af
698 446 110 22 hofrätten
832 445 40 22 den
891 446 28 20 20
934 444 42 22 De-

211 480 86 22 cember
314 481 61 26 1888,
396 481 40 21 och
453 480 51 22 fann
528 480 110 22 hofrätten
653 481 36 21 det
708 482 80 20 stanna
805 480 172 21 nämdemännen

211 514 31 27 T.,
257 514 35 26 K.,
308 514 33 28 D.,
357 515 34 27 G.,
406 516 33 26 R.,
456 516 37 26 M,
508 515 33 27 P.,
557 515 25 21 Y.
599 515 40 22 och
654 515 28 27 J.,
698 514 75 22 hvilka
788 514 72 22 funnit
876 514 36 21 det
923 520 56 15 vara

211 549 82 26 utredt,
313 551 34 20 att
361 550 210 21 kronolänsmannen
587 550 28 21 H.
631 549 13 22 &
660 549 140 22 förenämnda
815 550 42 26 väg
872 548 65 27 slagit
951 548 27 21 A.

211 584 50 21 med
277 584 85 22 handen
379 585 39 21 och
434 587 32 19 ett
480 584 121 28 grimskaft,
626 585 94 21 derefter
736 584 96 27 fängslat
846 583 26 22 A.
887 583 41 22 och
943 583 34 21 sä-

212 618 65 22 lunda
292 618 45 22 fört
352 619 79 21 honom
446 619 34 21 till
496 619 39 21 H:s
550 619 101 22 hemman
661 621 57 20 samt
729 619 39 21 der
777 618 126 28 ytterligare
913 617 66 28 slagit

212 652 79 22 honom
307 653 50 21 med
373 659 26 15 en
415 653 69 27 piske,
499 653 34 22 till
548 653 44 22 last
608 655 33 20 att
655 653 25 22 de
691 655 73 20 ansett
775 653 61 21 detta
845 651 64 22 hafva
920 651 59 22 skett

212 687 68 22 under
295 687 82 22 sädana
393 688 190 27 omständigheter,
599 690 33 19 att
647 688 27 22 H.
689 688 49 21 haft
754 687 40 22 full
810 687 64 22 orsak
889 687 33 22 till
940 687 38 21 sitt

212 721 124 22 förfarande
355 722 40 21 och
411 722 74 21 derför
505 722 79 22 frikänt
599 722 35 27 H.,
650 723 91 21 oaktadt
757 722 75 27 dylika
847 721 132 27 omständig-

212 756 63 21 heter
298 756 48 21 icke
368 756 84 27 inlupit,
476 759 57 19 samt
552 757 99 21 bemälde
674 757 130 21 nämdemän
828 756 47 21 icke
896 755 82 22 kunnat

212 791 69 27 pästä,
305 794 32 19 att
361 792 46 21 icke
430 792 162 21 häradsrättens
616 792 131 22 ordförande
770 791 137 22 underrättat
929 790 47 21 dem

213 832 36 15 om
272 826 76 27 lagens
373 827 132 27 stadganden
520 827 8 21 i
544 829 82 24 ämnet;
650 827 101 21 hvarföre
774 825 42 22 och
838 831 46 16 som
898 825 24 22 T.
938 824 40 22 och

212 861 55 21 hans
285 860 140 23 förenämnda
440 861 124 28 medparter
579 861 90 22 sälunda
684 861 24 22 af
722 860 116 23 oförständ
848 860 39 21 fält
898 859 79 27 oriktig

213 895 56 26 dom,
293 895 117 28 hofrätten,
433 897 49 20 med
505 897 48 21 stöd
576 895 24 22 af
621 896 53 28 128
691 897 10 20 1
719 896 50 27 kap.
785 895 27 22 R.
827 894 34 27 B.,
876 893 103 28 pröfvade

212 929 89 22 rättvist
324 930 64 22 döma
411 931 47 21 dem
475 933 33 19 att
531 931 73 21 derför
627 931 51 22 böta
701 930 83 22 enhvar
809 930 25 21 10
854 929 60 22 daler
928 928 49 22 med

214 965 26 20 19
256 964 63 21 mark
335 965 28 21 20
377 965 65 26 penni
457 965 35 22 till
507 967 70 20 utsatt
592 965 129 27 fördelning.

282 999 157 27 Underdäniga
461 999 77 22 besvär
562 999 59 22 öfver
648 1000 60 21 detta
731 999 74 26 utslag
832 997 101 22 anfördes
956 996 24 22 af

213 1033 171 22 nämdemännen
406 1033 33 27 T.,
458 1033 34 27 K.,
519 1033 33 27 D.
570 1033 33 27 G.,
628 1034 32 26 R,
682 1034 37 27 M,
736 1034 30 26 P.,
783 1033 26 22 Y.
826 1032 39 22 och
880 1032 27 27 J.,
929 1037 49 16 men

213 1067 36 22 vid
263 1067 82 22 mälets
360 1067 155 28 föredragning
530 1068 40 22 den
587 1069 26 21 16
629 1069 123 22 November
770 1068 56 21 1889
842 1067 7 21 i
859 1066 120 28 Kejserliga

213 1101 106 22 Senatens
343 1102 246 27 Justitiedepartement,
612 1102 52 22 fann
686 1103 126 27 Kejserliga
834 1101 94 22 Senaten
942 1100 36 21 be-

214 1137 135 21 svärandene
373 1137 46 21 icke
442 1137 66 21 hafva
528 1137 71 21 anfört
618 1137 47 22 skäl
680 1138 34 21 till
729 1137 93 27 ändring
837 1136 7 21 i
859 1135 121 22 hofrättens

214 1171 77 27 utslag,
308 1171 92 21 hvarvid
415 1171 58 27 förty
488 1171 86 22 komme
589 1174 33 19 att
636 1172 58 21 bero.

283 1309 39 22 Uti
345 1315 26 15 en
393 1309 40 21 den
456 1310 28 21 23
503 1309 91 22 Januari
616 1310 54 21 1888
685 1310 35 21 till
735 1308 150 23 Prokuratorn
900 1307 79 22 afläten

214 1343 115 22 skrifvelse
353 1344 95 21 anmälte
471 1344 163 22 Bondeständet
656 1344 35 22 vid
713 1343 97 23 nämnda
825 1344 35 20 ärs
875 1342 106 26 landtdag

213 1380 40 24 att,
269 1378 69 27 enligt
353 1378 56 21 hvad
425 1378 40 22 hos
481 1379 87 21 ståndet
584 1378 186 28 tillkännagifvits,
783 1378 87 21 bonden
881 1377 34 26 K.,
926 1376 53 22 hvil-

213 1412 42 21 ken
280 1412 35 22 vid
340 1413 41 21 den
403 1413 25 21 17
449 1412 125 28 September
599 1414 53 20 1887
668 1413 7 21 i
691 1413 26 21 X.
741 1413 106 26 domsaga
862 1410 118 22 verkstäldt
