1103 1700
269 116 28 20 24
476 114 75 22 Ständ.
567 115 50 21 Skr.
634 127 26 3 —
677 114 90 22 XXXIL

310 180 153 28 Inventering
477 180 25 20 af
510 180 212 22 hufvndkantorets
734 179 138 23 kassahvalf
880 180 43 22 och
933 182 69 19 samt-

240 214 49 29 liga
303 214 82 22 kassor
400 214 120 22 äfvensom
534 214 62 22 läne-
612 214 44 22 och
667 214 265 29 säkerhetshandlingar
943 216 59 19 samt

241 249 160 28 depositioner
422 249 42 21 bör
481 249 73 21 minst
572 257 28 13 en
619 250 62 28 gäng
701 256 37 14 om
755 250 51 20 äret
824 249 138 21 verkställas
978 249 26 21 af

241 283 213 29 bankfullmäktige
473 286 59 19 samt
550 284 72 21 minst
640 291 29 14 en
687 284 65 28 gäng
769 291 37 14 om
823 284 49 21 äret
887 284 26 21 af
926 283 75 22 direk-

242 318 88 21 tionen.

312 352 47 22 Vid
376 352 115 22 kontoren
511 352 66 22 skola
595 353 86 27 vexlar,
698 352 150 22 skuldsedlar
863 353 42 21 och
920 354 82 27 panter

243 387 72 21 minst
333 389 35 19 tre
384 388 88 28 gänger
486 388 90 28 ärligen
591 388 134 21 inventeras
741 387 27 21 af
781 387 172 22 ofvannämnda
967 387 34 21 in-

243 422 198 28 venteringsmän.

312 456 153 28 Inventering
477 456 25 22 af
510 456 220 28 afdelningskontor
740 457 38 21 mä
788 456 70 21 äfven
868 456 57 28 eljes
935 456 67 21 verk-

243 490 79 22 ställas
339 490 26 22 af
377 490 204 29 bankfullmäktig,
598 491 99 21 medlem
714 491 8 21 i
738 490 149 22 direktionen
898 490 55 22 eller
964 498 38 20 ge-

242 532 55 14 nom
317 526 78 27 nägon
415 525 25 21 af
455 525 212 29 bankfullmäktige
687 525 57 21 eller
760 525 149 21 direktionen
925 525 77 21 dertill

242 558 128 23 förordnad
385 567 91 21 person.

312 593 43 22 Om
371 594 66 22 dessa
452 595 176 28 inventeringar
638 595 37 20 mä
687 594 28 21 de
727 594 275 28 redovisningsskyldige

242 629 52 20 icke
312 629 30 28 pä
359 628 100 22 förhand
474 629 56 22 eller
544 629 106 28 tidigare,
667 633 30 17 än
714 633 43 17 när
773 629 175 28 förrättningen
963 629 38 28 pä-

242 663 85 28 börjas,
347 663 88 22 erhälla
449 663 176 22 underrättelse.
655 663 147 22 Instrument
818 663 64 21 öfver
897 663 105 21 invente-

242 697 84 28 ringen
346 697 61 22 skall
422 698 166 29 ofördröjligen
606 700 122 27 upprättas
745 698 44 21 och
804 697 117 22 meddelas
939 697 63 21 säväl

242 732 214 29 bankfullmäktige
474 740 48 14 som
542 733 147 21 direktionen
708 733 37 21 för
761 732 141 29 vidtagande
919 732 25 21 af
958 731 43 22 den

243 767 88 28 ätgärd,
348 767 95 21 hvartill
457 767 173 28 förrättningen
646 767 47 21 kan
709 767 128 22 föranleda.

592 849 24 20 41
636 850 19 25 8.

312 899 110 22 Bankens
442 900 99 21 hufvud-
560 900 56 21 eller
636 899 221 29 afdelningskontor
874 899 72 29 jemte
963 899 39 21 der

242 933 122 22 förvarade
387 935 148 21 redbarheter
555 935 41 27 mä,
621 935 29 21 dä
667 934 108 21 bankens
797 933 109 22 säkerhet
921 933 82 22 sädant

242 968 97 28 fordrar,
355 968 117 29 förflyttas
487 969 37 21 till
540 976 76 14 annan
632 971 37 19 ort
684 969 64 21 inom
765 968 87 27 landet,
869 975 49 14 som
929 967 26 22 af
963 967 39 22 Se-

242 1005 83 19 natens
348 1003 295 29 Ekonomiedepartement,
667 1004 30 28 pä
716 1003 225 28 bankfullmäktiges
956 1002 46 21 för-

243 1037 57 28 slag,
316 1037 146 22 bestämmes.

568 1135 21 21 V
604 1135 71 21 KAP.

321 1198 42 23 Om
379 1198 105 22 bankens
500 1198 96 28 kontor,
612 1199 135 27 agenturer
762 1199 46 21 och
824 1198 95 22 ombud.

588 1263 28 21 42
632 1263 19 26 8.

312 1314 113 21 Rörelsen
441 1314 39 21 vid
495 1314 64 21 såväl
573 1314 105 21 bankens
695 1313 179 22 hufvudkontor
889 1320 49 14 som
951 1312 51 22 dess

242 1348 220 28 afdelningskontor
475 1348 63 22 inom
553 1348 81 22 landet
649 1348 113 22 omfattar
778 1348 28 21 de
818 1348 8 21 i
837 1349 13 20 2
860 1349 14 25 &
883 1348 120 28 upptagna

241 1382 255 29 verksamhetsgrenar;
524 1382 58 22 dock
609 1385 35 19 att
667 1390 12 13 &
702 1382 226 28 bankfullmäktiges
956 1384 47 18 sär-

243 1417 76 21 skilda
334 1417 111 29 pröfning
460 1417 73 28 beror,
550 1417 115 21 huruvida
681 1417 221 29 afdelningskontor
917 1416 37 20 mä
965 1415 37 20 he-
