1103 1700
270 154 13 20 2
466 152 84 24 Ständ.
566 152 56 24 Skr.
637 166 26 3 —
679 152 109 23 XXXII.

240 218 29 22 de
293 219 13 21 å
327 218 105 22 bankens
455 220 48 20 stat
518 220 121 27 upptagna
658 220 121 20 semester-
794 217 44 23 och
853 218 152 22 diskretions-

240 253 123 29 anslagen;

311 289 35 21 3:0
369 287 97 22 beslutit
489 289 35 19 att
546 287 26 21 af
592 287 114 21 Finlands
731 287 80 22 Banks
837 286 168 30 odisponerade

240 321 143 22 vinstmede]
405 324 34 19 ett
462 322 84 28 belopp
563 321 26 22 af
601 322 61 21 Fmk
679 322 120 28 1,844,231:
808 323 28 21 24
854 321 59 21 skall
929 320 76 23 öfver-

239 356 64 22 föras
325 356 38 22 till
385 356 105 22 bankens
506 356 144 28 reservfond,
673 357 92 21 säsnart
780 356 40 22 det
835 356 26 22 af
874 356 131 22 Ständerna

240 393 103 27 antagna
358 391 89 28 förslag
461 391 38 21 till
514 392 55 27 nytt
584 391 143 28 reglemente
742 390 44 22 och
800 398 33 21 ny
844 392 46 20 stat
900 390 38 22 för
948 390 57 22 Fin-

239 425 68 21 lands
323 425 69 21 Bank
407 425 81 21 blifvit
504 424 151 26 stadfästadt;

310 461 36 21 4:0
361 459 105 29 godkänt
480 459 199 21 Bankutskottets
695 459 138 29 beräkning,
855 459 75 29 enligt
945 458 60 22 hvil-

240 493 47 22 ken
311 494 26 21 af
357 493 157 22 vinstmedlen
537 493 41 22 vid
602 494 55 22 1893
673 494 36 21 ärs
725 494 91 28 utgäng
832 495 34 20 ett
880 493 85 29 belopp
981 494 26 21 af

240 528 62 22 Fmk
318 529 121 27 2,691,172:
451 530 27 20 14
488 535 56 15 vore
554 528 38 22 för
602 528 167 22 statsändamä!
780 528 148 28 disponibelt,
945 530 60 20 samt

240 563 38 22 till
300 563 144 22 betäckande
466 563 27 22 af
512 563 140 29 kalkylerad
669 563 60 22 brist
744 564 8 21 i
767 562 238 29 bevillningsmedlen

241 598 94 21 anvisat
349 597 159 29 nyssnämnda
524 605 95 20 summa,
639 597 60 22 dock
715 598 59 21 efter
790 597 82 29 afdrag
887 597 26 22 af
925 599 80 26 41,000

240 632 74 27 mark,
337 632 81 22 hvilka
441 632 26 21 af
484 632 132 22 Ständerna
631 633 103 21 anvisats
750 633 38 21 för
802 632 164 22 fullbordande
981 632 26 22 af

239 667 135 22 Alexander
388 667 43 21 II:s
446 669 73 26 staty;

311 703 36 20 5:o
371 701 13 21 å
406 701 114 22 Finlands
542 701 81 22 Banks
645 701 65 22 vinst
732 701 37 22 för
792 702 55 21 åren
862 703 141 21 1894—1897

240 736 122 21 eventuelt
378 736 91 21 anvisat
484 736 60 21 ända
558 736 36 21 till
611 737 94 27 500,000
719 736 67 22 mark
801 736 9 21 i
826 737 57 26 året;
901 738 60 19 samt

311 771 35 21 6:0
369 770 79 21 funnit
470 770 231 29 Bankfullmäktiges
724 771 95 28 förslag,
842 772 35 20 att
891 771 76 21 sedlar
981 771 26 22 af

240 805 144 28 längesedan
407 805 120 28 utgångna
550 805 113 28 upplagor
685 805 45 22 och
751 805 92 22 valörer
862 805 63 28 finge
940 805 64 22 inom

239 839 50 21 viss
313 839 35 22 tid
371 839 97 29 aflysas,
491 839 37 22 för
550 840 145 21 närvarande
718 839 52 22 icke
792 840 58 21 böra
870 839 37 22 till
922 839 83 29 åtgärd

239 873 130 22 föranleda.

311 907 118 29 Slutligen
444 908 71 21 hafva
530 908 136 28 Ständerna,
683 909 53 21 med
752 908 129 29 anledning
896 907 25 22 af
934 908 69 22 fram-

240 942 77 22 stälda
338 943 89 28 förslag
442 943 38 21 till
495 942 164 29 förändringar
674 943 8 21 i
698 943 134 28 grunderna
847 943 36 21 för
898 943 105 21 bankens

241 977 249 28 sedelutgifningsrätt
512 977 120 22 äfvensom
654 977 8 22 i
683 977 208 29 bestämningarna
905 977 98 22 rörande

240 1011 54 21 dess
309 1011 132 22 metalliska
456 1011 74 28 kassa,
548 1012 63 21 velat
626 1012 98 21 anmoda
739 1011 220 29 Bankfullmäktige
969 1014 35 19 att

240 1045 61 22 efter
311 1045 167 22 Direktionens
489 1045 104 22 hörande
603 1046 38 21 till
654 1045 271 22 nästsammanträdande
936 1045 68 23 Stän-

241 1079 41 22 der
297 1080 104 21 aflemna
416 1080 109 29 yttrande
540 1081 9 21 i
564 1082 79 20 ämnet
658 1081 43 21 och
716 1081 90 28 förslag
819 1080 38 22 till
867 1080 44 22 den
922 1081 82 28 åtgärd

239 1114 162 30 Fullmäktige
417 1115 79 22 kunna
510 1115 64 22 finna
589 1115 115 29 påkallad.

310 1150 105 28 Hvilket,
432 1150 52 22 med
500 1150 140 28 biläggande
656 1150 25 22 af
695 1150 174 22 ofvannämnda
881 1150 122 23 berättelse

240 1184 45 22 och
300 1184 154 28 betänkande,
469 1184 219 29 Bankfullmäktige
698 1185 38 21 till
746 1185 133 22 kännedom
890 1184 43 23 och
943 1185 60 21 iakt-

239 1218 103 29 tagande
357 1218 136 29 härigenom
508 1219 124 21 meddelas.

311 1282 155 28 Helsingfors,
482 1282 46 22 den
542 1284 26 20 31
585 1282 46 29 Maj
650 1284 61 21 1894.

372 1478 101 17 Helsingfors,
483 1478 58 14 Finska
551 1479 84 13 Litteratur
644 1478 96 18 Sällskapets
750 1478 74 18 tryckeri,
834 1478 40 14 1894.
