1103 1700
297 135 13 21 6

268 190 59 28 finge
344 191 39 23 hos
401 190 192 26 Banken..iunestå
610 190 55 24 juti
674 190 48 26 don
738 191 11 21 1
765 191 54 25 Juli
820 191 62 26 1992
897 191 51 25 eller
963 197 63 15 even-

271 226 54 20 tuelt
348 225 55 21 intill
426 226 39 21 den
486 226 10 20 1
516 225 119 21 December
654 231 81 15 samma
754 224 29 28 är,
803 228 45 19 mot
863 209 127 49 erläggande
1005 224 26 22 af

270 259 111 22 enahanda
397 260 113 26 räntesats,
526 264 44 16 som
587 258 143 27 derförinnan,
746 261 56 19 samt
815 260 49 21 med
879 260 102 26 rättighet
992 259 34 21 för

270 293 88 21 Banken
373 295 32 20 att
421 293 60 21 äfven
497 293 91 27 tidigare
602 295 53 25 göra
669 293 158 27 inbetalningar
839 289 9 36 &
869 294 62 22 lånet.

338 328 11 21 I
365 328 93 26 enlighet
472 328 88 20 härmed
576 327 45 21 blef
634 327 163 27 ifrågavarande
812 328 35 22 län
860 329 41 21 den
915 330 9 20 1
938 329 90 21 Decem-

270 362 39 22 ber
326 362 55 22 1892
396 362 32 21 till
442 362 129 21 statsverket
586 362 135 21 äterbetaldt.

624 448 12 27 8
652 448 20 21 4.

131 496 121 36 Uppnegocie-
342 500 35 22 Uti
400 500 110 21 skrifvelse
533 500 32 20 till
587 499 197 28 Bankfullmäktige
807 500 32 21 för
862 500 40 22 den
925 501 27 21 27
975 500 52 21 Juni

122 529 24 34 10
173 522 86 47 anera
273 534 55 22 1892
339 534 98 22 framhöll
449 534 203 27 Bankdirektionen,
665 534 101 21 hurusom
775 534 39 21 den
824 534 57 22 kalla
889 534 63 21 vären
961 534 67 27 sagda

121 565 138 48 Jasser
272 569 23 21 år
314 569 40 21 och
374 568 158 27 derpäföljande
551 569 86 26 regniga
656 568 100 21 väderlek
770 569 66 21 redan
853 569 34 20 vid
902 568 127 22 förberörda

117 587 37 49 jär
166 587 84 49 Linana
203 593 56 47 behof-
272 603 101 27 tidpunkt
396 603 43 21 läto
461 602 75 22 befara
554 604 32 20 att
605 603 56 21 årets
681 603 65 21 skörd
764 603 85 21 komme
864 604 33 20 att
911 603 70 21 lemna
996 605 31 19 ett

272 637 82 21 mindre
373 637 195 22 tillfredsställande
586 637 91 21 resultat
695 638 55 20 samt
768 638 32 21 att
815 637 7 21 i
838 637 113 26 anledning
966 637 64 22 häraf

273 677 26 16 en
317 671 50 22 vida
385 673 67 20 större
468 671 77 27 mängd
560 671 39 21 säd
614 673 27 19 än
657 671 81 28 vanligt
752 671 62 22 torde
829 671 90 22 behöfva
934 671 32 22 till
981 671 46 22 lan-

273 706 36 21 det
329 705 78 22 införas
426 705 32 22 för
473 707 31 20 att
519 705 52 28 fylla
586 706 94 21 vinterns
695 705 70 22 behof.
797 706 50 21 Med
861 706 98 21 afseende
975 706 52 21 härå

273 740 40 21 och
323 740 28 21 då
361 740 91 21 förutses
462 739 72 22 kunde
545 741 31 20 att
586 740 68 21 under
664 739 163 27 ifrågavarande
836 740 24 21 år
868 742 59 19 stora
934 741 93 26 anspråk

273 775 84 21 komme
375 776 32 19 att
426 774 72 21 ställas
518 774 27 27 på
560 773 102 22 Finlands
677 774 72 21 Banks
764 774 98 28 förmåga
877 776 32 20 att
923 774 106 22 förmedla

273 809 33 21 för
327 809 104 26 importen
450 809 76 27 nödiga
546 809 96 26 liqvider,
659 808 159 22 öfverlemnade
833 809 195 21 Bankdirektionen

273 843 32 21 till
325 842 206 28 Bankfullmäktiges
550 843 98 26 pröfning
666 843 105 21 huruvida
786 843 47 22 icke
848 843 65 28 några
929 843 100 28 åtgärder

273 877 67 22 borde
355 877 96 26 vidtagas
467 877 33 21 till
512 877 148 21 förstärkande
674 877 22 22 af
706 877 100 22 Bankens
818 878 120 21 metalliska
948 878 79 25 valuta,

273 911 56 22 helst
351 911 36 22 det
410 911 32 21 lån
466 911 23 21 af
506 912 14 21 5
539 911 97 28 miljoner
656 911 67 27 mark,
742 918 46 15 som
804 912 88 22 Banken
907 911 85 22 erhållit
1007 912 25 21 af

274 946 136 26 statsverket,
426 945 72 22 förföll
513 945 33 22 till
561 945 110 28 betalning
687 946 41 21 den
744 947 11 20 1
772 946 119 21 December
907 946 54 22 1892
973 947 56 20 samt

274 987 26 14 en
323 980 149 27 prolongation
496 979 60 22 deraf
578 980 48 21 icke
648 986 50 15 vore
718 981 32 20 att
768 980 113 27 påräknas,
900 980 47 21 ifall
965 982 64 19 stats-

275 1015 84 21 verkets
383 1015 111 26 tillgångar
517 1015 68 21 måste
607 1016 61 25 tagas
687 1015 7 20 i
714 1015 92 26 anspråk
822 1015 33 21 för
870 1015 159 26 undsättnings-

275 1049 106 27 åtgärder.
412 1049 44 22 Och
476 1049 66 26 ansåg
560 1049 140 21 Direktionen
719 1049 69 22 under
806 1049 62 22 dessa
882 1049 146 21 förhållanden

275 1083 36 22 det
326 1083 116 22 önskvärdt
456 1083 40 22 och
511 1083 47 22 med
574 1083 83 22 landets
672 1083 68 22 fördel
756 1083 229 22 öfverensstämmande
997 1085 34 20 att

275 1118 32 22 för
329 1118 102 21 Finlands
452 1117 72 23 Banks
546 1117 66 22 behof
634 1119 31 20 ett
683 1117 92 22 kreditiv
794 1118 13 22 &
825 1118 13 22 8
857 1118 97 27 miljoner
967 1117 62 22 mark

275 1152 70 22 blefve
367 1152 8 21 i
397 1152 98 22 utlandet
513 1154 110 26 upptaget,
643 1154 32 20 att
693 1152 57 21 inom
765 1152 36 22 två
817 1152 23 22 år
856 1152 135 27 återbetalas,
1007 1152 25 21 af

275 1186 73 22 hvilka
363 1186 68 22 medel
445 1186 7 21 i
468 1186 88 22 främsta
571 1188 92 20 rummet
675 1186 91 22 skulden
776 1187 34 21 till
822 1186 127 22 statsverket
960 1186 71 22 skulle

276 1221 119 26 liqvideras.

345 1255 33 21 Då
393 1255 161 27 ifrågavarande
570 1255 84 27 ärende,
671 1261 45 15 som
732 1255 23 21 af
768 1254 196 27 Bankfullmäktige
979 1255 51 21 lem-

276 1291 49 20 nats
340 1289 67 22 under
422 1289 69 27 någon
506 1289 31 21 tid
552 1289 107 22 beroende
670 1289 33 21 för
715 1290 105 20 vinnande
833 1289 23 22 af
864 1289 87 21 säkrare
962 1290 68 26 grund

276 1323 35 22 för
333 1323 143 22 bedömandet
494 1324 22 21 af
530 1324 36 20 det
582 1324 139 21 ekonomiska
736 1324 58 27 läget
810 1324 40 21 och
865 1324 117 26 utsigterna
996 1324 36 21 för

277 1358 134 26 årsskörden,
431 1358 40 21 den
490 1358 28 21 28
536 1358 44 22 Juli
600 1358 56 22 1892
671 1359 91 25 upptogs
778 1358 33 22 till
826 1364 121 21 gemensam
963 1358 68 21 öfver-

277 1392 99 27 läggning
395 1392 47 22 med
461 1392 204 26 Bankdirektionen,
685 1392 56 22 hade
756 1392 26 21 de
798 1392 24 22 af
835 1392 196 22 Bankdirektionen

277 1426 8 21 i
303 1426 113 22 förvervrd
434 1426 66 23 måtto
515 1426 86 28 yttrade
616 1426 130 28 farhägorna
760 1426 133 22 beträffande
909 1426 123 21 Arsväxtens

277 1460 98 27 resultat,
397 1462 49 20 enär
469 1460 128 22 väderleken
620 1442 132 40 fortfarande
770 1460 63 22 hållit
852 1461 31 27 sig
902 1460 73 28 regnig
991 1460 40 22 och
