<?xml version="1.0" encoding="UTF-8"?>
<alto xmlns="http://www.loc.gov/standards/alto/ns-v3#" xmlns:xlink="http://www.w3.org/1999/xlink" xmlns:xsi="http://www.w3.org/2001/XMLSchema-instance" xsi:schemaLocation="http://www.loc.gov/standards/alto/ns-v3# http://www.loc.gov/alto/v3/alto-3-0.xsd">
	<Description>
		<MeasurementUnit>pixel</MeasurementUnit>
		<sourceImageInformation>
			<fileName>/tmp/tess_tuxabbkn_input.PNG</fileName>
		</sourceImageInformation>
		<OCRProcessing ID="OCR_0">
			<ocrProcessingStep>
				<processingSoftware>
					<softwareName>tesseract 5.3.4</softwareName>
				</processingSoftware>
			</ocrProcessingStep>
		</OCRProcessing>
	</Description>
	<Layout>
		<Page WIDTH="1103" HEIGHT="1700" PHYSICAL_IMG_NR="0" ID="page_0">
			<PrintSpace HPOS="0" VPOS="0" WIDTH="1103" HEIGHT="1700">
				<ComposedBlock ID="cblock_0" HPOS="491" VPOS="108" WIDTH="368" HEIGHT="22">
					<TextBlock ID="block_0" HPOS="491" VPOS="108" WIDTH="368" HEIGHT="22">
						<TextLine ID="line_0" HPOS="491" VPOS="108" WIDTH="368" HEIGHT="22">
							<String ID="string_0" HPOS="491" VPOS="108" WIDTH="22" HEIGHT="21" WC="0.78" CONTENT="II"/><SP WIDTH="303" VPOS="108" HPOS="513"/>
							<String ID="string_1" HPOS="816" VPOS="110" WIDTH="43" HEIGHT="20" WC="0.96" CONTENT="203"/>
						</TextLine>
					</TextBlock>
				</ComposedBlock>
				<ComposedBlock ID="cblock_1" HPOS="119" VPOS="176" WIDTH="767" HEIGHT="1026">
					<TextBlock ID="block_1" HPOS="120" VPOS="176" WIDTH="766" HEIGHT="545">
						<TextLine ID="line_1" HPOS="122" VPOS="176" WIDTH="764" HEIGHT="28">
							<String ID="string_2" HPOS="122" VPOS="182" WIDTH="144" HEIGHT="22" WC="0.92" CONTENT="ogynsamma,"/><SP WIDTH="17" VPOS="182" HPOS="266"/>
							<String ID="string_3" HPOS="283" VPOS="176" WIDTH="75" HEIGHT="22" WC="0.92" CONTENT="sävida"/><SP WIDTH="15" VPOS="176" HPOS="358"/>
							<String ID="string_4" HPOS="373" VPOS="176" WIDTH="107" HEIGHT="27" WC="0.93" CONTENT="nämligen"/><SP WIDTH="16" VPOS="176" HPOS="480"/>
							<String ID="string_5" HPOS="496" VPOS="176" WIDTH="46" HEIGHT="22" WC="0.91" CONTENT="icke"/><SP WIDTH="16" VPOS="176" HPOS="542"/>
							<String ID="string_6" HPOS="558" VPOS="178" WIDTH="71" HEIGHT="26" WC="0.91" CONTENT="nägon"/><SP WIDTH="17" VPOS="178" HPOS="629"/>
							<String ID="string_7" HPOS="646" VPOS="176" WIDTH="90" HEIGHT="22" WC="0.93" CONTENT="domare"/><SP WIDTH="16" VPOS="176" HPOS="736"/>
							<String ID="string_8" HPOS="752" VPOS="178" WIDTH="50" HEIGHT="21" WC="0.93" CONTENT="med"/><SP WIDTH="11" VPOS="178" HPOS="802"/>
							<String ID="string_9" HPOS="813" VPOS="176" WIDTH="73" HEIGHT="23" WC="0.92" CONTENT="anled-"/>
						</TextLine>
						<TextLine ID="line_2" HPOS="121" VPOS="210" WIDTH="765" HEIGHT="28">
							<String ID="string_10" HPOS="121" VPOS="211" WIDTH="52" HEIGHT="27" WC="0.96" CONTENT="ning"/><SP WIDTH="22" VPOS="211" HPOS="173"/>
							<String ID="string_11" HPOS="195" VPOS="210" WIDTH="24" HEIGHT="22" WC="0.96" CONTENT="af"/><SP WIDTH="21" VPOS="210" HPOS="219"/>
							<String ID="string_12" HPOS="240" VPOS="211" WIDTH="41" HEIGHT="21" WC="0.93" CONTENT="sist"/><SP WIDTH="23" VPOS="211" HPOS="281"/>
							<String ID="string_13" HPOS="304" VPOS="210" WIDTH="121" HEIGHT="28" WC="0.89" CONTENT="äberopade"/><SP WIDTH="21" VPOS="210" HPOS="425"/>
							<String ID="string_14" HPOS="446" VPOS="210" WIDTH="139" HEIGHT="28" WC="0.91" CONTENT="författnings"/><SP WIDTH="15" VPOS="210" HPOS="585"/>
							<String ID="string_15" HPOS="600" VPOS="211" WIDTH="138" HEIGHT="27" WC="0.92" CONTENT="ordalydelse"/><SP WIDTH="16" VPOS="211" HPOS="738"/>
							<String ID="string_16" HPOS="754" VPOS="212" WIDTH="80" HEIGHT="26" WC="0.92" CONTENT="ansäge"/><SP WIDTH="16" VPOS="212" HPOS="834"/>
							<String ID="string_17" HPOS="850" VPOS="212" WIDTH="36" HEIGHT="22" WC="0.97" CONTENT="det"/>
						</TextLine>
						<TextLine ID="line_3" HPOS="122" VPOS="244" WIDTH="764" HEIGHT="29">
							<String ID="string_18" HPOS="122" VPOS="245" WIDTH="142" HEIGHT="28" WC="0.96" CONTENT="oundvikligt,"/><SP WIDTH="16" VPOS="245" HPOS="264"/>
							<String ID="string_19" HPOS="280" VPOS="247" WIDTH="33" HEIGHT="20" WC="0.96" CONTENT="att"/><SP WIDTH="14" VPOS="247" HPOS="313"/>
							<String ID="string_20" HPOS="327" VPOS="245" WIDTH="68" HEIGHT="22" WC="0.96" CONTENT="redan"/><SP WIDTH="16" VPOS="245" HPOS="395"/>
							<String ID="string_21" HPOS="411" VPOS="245" WIDTH="35" HEIGHT="21" WC="0.97" CONTENT="vid"/><SP WIDTH="17" VPOS="245" HPOS="446"/>
							<String ID="string_22" HPOS="463" VPOS="244" WIDTH="70" HEIGHT="23" WC="0.92" CONTENT="första"/><SP WIDTH="15" VPOS="244" HPOS="533"/>
							<String ID="string_23" HPOS="548" VPOS="246" WIDTH="172" HEIGHT="21" WC="0.95" CONTENT="sammanträdet"/><SP WIDTH="15" VPOS="246" HPOS="720"/>
							<String ID="string_24" HPOS="735" VPOS="246" WIDTH="55" HEIGHT="21" WC="0.96" CONTENT="höra"/><SP WIDTH="11" VPOS="246" HPOS="790"/>
							<String ID="string_25" HPOS="801" VPOS="252" WIDTH="27" HEIGHT="15" WC="0.93" CONTENT="en"/><SP WIDTH="10" VPOS="252" HPOS="828"/>
							<String ID="string_26" HPOS="838" VPOS="252" WIDTH="48" HEIGHT="20" WC="0.91" CONTENT="per-"/>
						</TextLine>
						<TextLine ID="line_4" HPOS="121" VPOS="279" WIDTH="764" HEIGHT="28">
							<String ID="string_27" HPOS="121" VPOS="285" WIDTH="46" HEIGHT="22" WC="0.93" CONTENT="son,"/><SP WIDTH="16" VPOS="285" HPOS="167"/>
							<String ID="string_28" HPOS="183" VPOS="279" WIDTH="86" HEIGHT="22" WC="0.92" CONTENT="hvilken"/><SP WIDTH="16" VPOS="279" HPOS="269"/>
							<String ID="string_29" HPOS="285" VPOS="279" WIDTH="126" HEIGHT="27" WC="0.91" CONTENT="uppehäller"/><SP WIDTH="14" VPOS="279" HPOS="411"/>
							<String ID="string_30" HPOS="425" VPOS="279" WIDTH="34" HEIGHT="27" WC="0.92" CONTENT="sig"/><SP WIDTH="24" VPOS="279" HPOS="459"/>
							<String ID="string_31" HPOS="483" VPOS="280" WIDTH="5" HEIGHT="20" WC="0.90" CONTENT="&amp;"/><SP WIDTH="16" VPOS="280" HPOS="488"/>
							<String ID="string_32" HPOS="504" VPOS="279" WIDTH="85" HEIGHT="27" WC="0.93" CONTENT="mycket"/><SP WIDTH="15" VPOS="279" HPOS="589"/>
							<String ID="string_33" HPOS="604" VPOS="279" WIDTH="95" HEIGHT="28" WC="0.92" CONTENT="aflägsen"/><SP WIDTH="11" VPOS="279" HPOS="699"/>
							<String ID="string_34" HPOS="710" VPOS="281" WIDTH="41" HEIGHT="20" WC="0.93" CONTENT="ort."/><SP WIDTH="24" VPOS="281" HPOS="751"/>
							<String ID="string_35" HPOS="775" VPOS="280" WIDTH="34" HEIGHT="21" WC="0.92" CONTENT="Dä"/><SP WIDTH="11" VPOS="280" HPOS="809"/>
							<String ID="string_36" HPOS="820" VPOS="280" WIDTH="65" HEIGHT="21" WC="0.92" CONTENT="emel-"/>
						</TextLine>
						<TextLine ID="line_5" HPOS="121" VPOS="313" WIDTH="764" HEIGHT="29">
							<String ID="string_37" HPOS="121" VPOS="314" WIDTH="72" HEIGHT="27" WC="0.87" CONTENT="lertid,"/><SP WIDTH="23" VPOS="314" HPOS="193"/>
							<String ID="string_38" HPOS="216" VPOS="314" WIDTH="28" HEIGHT="26" WC="0.96" CONTENT="pä"/><SP WIDTH="23" VPOS="314" HPOS="244"/>
							<String ID="string_39" HPOS="267" VPOS="315" WIDTH="44" HEIGHT="20" WC="0.93" CONTENT="sätt"/><SP WIDTH="22" VPOS="315" HPOS="311"/>
							<String ID="string_40" HPOS="333" VPOS="313" WIDTH="64" HEIGHT="22" WC="0.92" CONTENT="ofvan"/><SP WIDTH="15" VPOS="313" HPOS="397"/>
							<String ID="string_41" HPOS="412" VPOS="313" WIDTH="66" HEIGHT="22" WC="0.93" CONTENT="redan"/><SP WIDTH="17" VPOS="313" HPOS="478"/>
							<String ID="string_42" HPOS="495" VPOS="314" WIDTH="139" HEIGHT="28" WC="0.89" CONTENT="framhällits,"/><SP WIDTH="16" VPOS="314" HPOS="634"/>
							<String ID="string_43" HPOS="650" VPOS="314" WIDTH="90" HEIGHT="27" WC="0.92" CONTENT="mycken"/><SP WIDTH="17" VPOS="314" HPOS="740"/>
							<String ID="string_44" HPOS="757" VPOS="314" WIDTH="45" HEIGHT="28" WC="0.93" CONTENT="vigt"/><SP WIDTH="15" VPOS="314" HPOS="802"/>
							<String ID="string_45" HPOS="817" VPOS="314" WIDTH="68" HEIGHT="28" WC="0.96" CONTENT="ligger"/>
						</TextLine>
						<TextLine ID="line_6" HPOS="121" VPOS="348" WIDTH="764" HEIGHT="28">
							<String ID="string_46" HPOS="121" VPOS="348" WIDTH="97" HEIGHT="27" WC="0.92" CONTENT="deruppä"/><SP WIDTH="22" VPOS="348" HPOS="218"/>
							<String ID="string_47" HPOS="240" VPOS="350" WIDTH="33" HEIGHT="20" WC="0.92" CONTENT="att"/><SP WIDTH="22" VPOS="350" HPOS="273"/>
							<String ID="string_48" HPOS="295" VPOS="348" WIDTH="74" HEIGHT="28" WC="0.91" CONTENT="sjelfva"/><SP WIDTH="22" VPOS="348" HPOS="369"/>
							<String ID="string_49" HPOS="391" VPOS="348" WIDTH="144" HEIGHT="26" WC="0.91" CONTENT="häktningens"/><SP WIDTH="22" VPOS="348" HPOS="535"/>
							<String ID="string_50" HPOS="557" VPOS="348" WIDTH="152" HEIGHT="28" WC="0.91" CONTENT="rättmätighet"/><SP WIDTH="23" VPOS="348" HPOS="709"/>
							<String ID="string_51" HPOS="732" VPOS="348" WIDTH="153" HEIGHT="28" WC="0.88" CONTENT="otördröjligen"/>
						</TextLine>
						<TextLine ID="line_7" HPOS="121" VPOS="382" WIDTH="763" HEIGHT="28">
							<String ID="string_52" HPOS="121" VPOS="382" WIDTH="43" HEIGHT="22" WC="0.93" CONTENT="blir"/><SP WIDTH="13" VPOS="382" HPOS="164"/>
							<String ID="string_53" HPOS="177" VPOS="382" WIDTH="91" HEIGHT="22" WC="0.91" CONTENT="föremäl"/><SP WIDTH="15" VPOS="382" HPOS="268"/>
							<String ID="string_54" HPOS="283" VPOS="383" WIDTH="34" HEIGHT="21" WC="0.93" CONTENT="för"/><SP WIDTH="16" VPOS="383" HPOS="317"/>
							<String ID="string_55" HPOS="333" VPOS="382" WIDTH="102" HEIGHT="22" WC="0.92" CONTENT="domstols"/><SP WIDTH="15" VPOS="382" HPOS="435"/>
							<String ID="string_56" HPOS="450" VPOS="382" WIDTH="102" HEIGHT="28" WC="0.92" CONTENT="pröfning"/><SP WIDTH="14" VPOS="382" HPOS="552"/>
							<String ID="string_57" HPOS="566" VPOS="385" WIDTH="54" HEIGHT="20" WC="0.93" CONTENT="utan"/><SP WIDTH="16" VPOS="385" HPOS="620"/>
							<String ID="string_58" HPOS="636" VPOS="382" WIDTH="102" HEIGHT="22" WC="0.93" CONTENT="afseende"/><SP WIDTH="11" VPOS="382" HPOS="738"/>
							<String ID="string_59" HPOS="749" VPOS="383" WIDTH="59" HEIGHT="27" WC="0.92" CONTENT="derä,"/><SP WIDTH="11" VPOS="383" HPOS="808"/>
							<String ID="string_60" HPOS="819" VPOS="383" WIDTH="65" HEIGHT="21" WC="0.93" CONTENT="huru-"/>
						</TextLine>
						<TextLine ID="line_8" HPOS="121" VPOS="416" WIDTH="763" HEIGHT="28">
							<String ID="string_61" HPOS="121" VPOS="416" WIDTH="50" HEIGHT="22" WC="0.95" CONTENT="vida"/><SP WIDTH="20" VPOS="416" HPOS="171"/>
							<String ID="string_62" HPOS="191" VPOS="417" WIDTH="126" HEIGHT="27" WC="0.95" CONTENT="ytterligare"/><SP WIDTH="21" VPOS="417" HPOS="317"/>
							<String ID="string_63" HPOS="338" VPOS="416" WIDTH="160" HEIGHT="28" WC="0.93" CONTENT="undersökning"/><SP WIDTH="15" VPOS="416" HPOS="498"/>
							<String ID="string_64" HPOS="513" VPOS="417" WIDTH="47" HEIGHT="22" WC="0.92" CONTENT="frän"/><SP WIDTH="16" VPOS="417" HPOS="560"/>
							<String ID="string_65" HPOS="576" VPOS="417" WIDTH="128" HEIGHT="27" WC="0.92" CONTENT="äklagarens"/><SP WIDTH="16" VPOS="417" HPOS="704"/>
							<String ID="string_66" HPOS="720" VPOS="417" WIDTH="49" HEIGHT="21" WC="0.96" CONTENT="sida"/><SP WIDTH="15" VPOS="417" HPOS="769"/>
							<String ID="string_67" HPOS="784" VPOS="417" WIDTH="54" HEIGHT="22" WC="0.92" CONTENT="eller"/><SP WIDTH="14" VPOS="417" HPOS="838"/>
							<String ID="string_68" HPOS="852" VPOS="417" WIDTH="32" HEIGHT="21" WC="0.92" CONTENT="in-"/>
						</TextLine>
						<TextLine ID="line_9" HPOS="121" VPOS="451" WIDTH="763" HEIGHT="28">
							<String ID="string_69" HPOS="121" VPOS="451" WIDTH="146" HEIGHT="22" WC="0.92" CONTENT="förskaffande"/><SP WIDTH="16" VPOS="451" HPOS="267"/>
							<String ID="string_70" HPOS="283" VPOS="451" WIDTH="24" HEIGHT="21" WC="0.96" CONTENT="af"/><SP WIDTH="13" VPOS="451" HPOS="307"/>
							<String ID="string_71" HPOS="320" VPOS="451" WIDTH="73" HEIGHT="21" WC="0.93" CONTENT="vidare"/><SP WIDTH="14" VPOS="451" HPOS="393"/>
							<String ID="string_72" HPOS="407" VPOS="451" WIDTH="134" HEIGHT="22" WC="0.85" CONTENT="bevismedel"/><SP WIDTH="15" VPOS="451" HPOS="541"/>
							<String ID="string_73" HPOS="556" VPOS="458" WIDTH="63" HEIGHT="15" WC="0.93" CONTENT="anses"/><SP WIDTH="15" VPOS="458" HPOS="619"/>
							<String ID="string_74" HPOS="634" VPOS="452" WIDTH="80" HEIGHT="26" WC="0.96" CONTENT="nödiga"/><SP WIDTH="16" VPOS="452" HPOS="714"/>
							<String ID="string_75" HPOS="730" VPOS="451" WIDTH="35" HEIGHT="21" WC="0.93" CONTENT="för"/><SP WIDTH="15" VPOS="451" HPOS="765"/>
							<String ID="string_76" HPOS="780" VPOS="452" WIDTH="104" HEIGHT="27" WC="0.92" CONTENT="angifvel-"/>
						</TextLine>
						<TextLine ID="line_10" HPOS="121" VPOS="486" WIDTH="763" HEIGHT="27">
							<String ID="string_77" HPOS="121" VPOS="491" WIDTH="49" HEIGHT="17" WC="0.92" CONTENT="sens"/><SP WIDTH="14" VPOS="491" HPOS="170"/>
							<String ID="string_78" HPOS="184" VPOS="486" WIDTH="139" HEIGHT="26" WC="0.92" CONTENT="fullständiga"/><SP WIDTH="16" VPOS="486" HPOS="323"/>
							<String ID="string_79" HPOS="339" VPOS="486" WIDTH="123" HEIGHT="26" WC="0.91" CONTENT="styrkande,"/><SP WIDTH="17" VPOS="486" HPOS="462"/>
							<String ID="string_80" HPOS="479" VPOS="492" WIDTH="63" HEIGHT="21" WC="0.91" CONTENT="synes"/><SP WIDTH="17" VPOS="492" HPOS="542"/>
							<String ID="string_81" HPOS="559" VPOS="487" WIDTH="37" HEIGHT="21" WC="0.93" CONTENT="det"/><SP WIDTH="15" VPOS="487" HPOS="596"/>
							<String ID="string_82" HPOS="611" VPOS="486" WIDTH="19" HEIGHT="27" WC="0.93" CONTENT="ej"/><SP WIDTH="16" VPOS="486" HPOS="630"/>
							<String ID="string_83" HPOS="646" VPOS="486" WIDTH="74" HEIGHT="22" WC="0.96" CONTENT="kunna"/><SP WIDTH="14" VPOS="486" HPOS="720"/>
							<String ID="string_84" HPOS="734" VPOS="492" WIDTH="62" HEIGHT="15" WC="0.93" CONTENT="anses"/><SP WIDTH="11" VPOS="492" HPOS="796"/>
							<String ID="string_85" HPOS="807" VPOS="486" WIDTH="77" HEIGHT="27" WC="0.92" CONTENT="riktigt"/>
						</TextLine>
						<TextLine ID="line_11" HPOS="121" VPOS="520" WIDTH="763" HEIGHT="28">
							<String ID="string_86" HPOS="121" VPOS="522" WIDTH="33" HEIGHT="20" WC="0.96" CONTENT="att"/><SP WIDTH="15" VPOS="522" HPOS="154"/>
							<String ID="string_87" HPOS="169" VPOS="520" WIDTH="76" HEIGHT="22" WC="0.96" CONTENT="endast"/><SP WIDTH="15" VPOS="520" HPOS="245"/>
							<String ID="string_88" HPOS="260" VPOS="520" WIDTH="33" HEIGHT="21" WC="0.96" CONTENT="för"/><SP WIDTH="16" VPOS="520" HPOS="293"/>
							<String ID="string_89" HPOS="309" VPOS="526" WIDTH="25" HEIGHT="15" WC="0.93" CONTENT="en"/><SP WIDTH="17" VPOS="526" HPOS="334"/>
							<String ID="string_90" HPOS="351" VPOS="520" WIDTH="67" HEIGHT="21" WC="0.91" CONTENT="sädan"/><SP WIDTH="16" VPOS="520" HPOS="418"/>
							<String ID="string_91" HPOS="434" VPOS="520" WIDTH="90" HEIGHT="27" WC="0.92" CONTENT="aflägset"/><SP WIDTH="15" VPOS="520" HPOS="524"/>
							<String ID="string_92" HPOS="539" VPOS="521" WIDTH="99" HEIGHT="21" WC="0.92" CONTENT="vistande"/><SP WIDTH="15" VPOS="521" HPOS="638"/>
							<String ID="string_93" HPOS="653" VPOS="526" WIDTH="91" HEIGHT="22" WC="0.93" CONTENT="persons"/><SP WIDTH="16" VPOS="526" HPOS="744"/>
							<String ID="string_94" HPOS="760" VPOS="520" WIDTH="124" HEIGHT="22" WC="0.92" CONTENT="inkallande"/>
						</TextLine>
						<TextLine ID="line_12" HPOS="120" VPOS="554" WIDTH="763" HEIGHT="29">
							<String ID="string_95" HPOS="120" VPOS="554" WIDTH="116" HEIGHT="28" WC="0.91" CONTENT="uppskjuta"/><SP WIDTH="23" VPOS="554" HPOS="236"/>
							<String ID="string_96" HPOS="259" VPOS="554" WIDTH="166" HEIGHT="28" WC="0.92" CONTENT="ransakningens"/><SP WIDTH="23" VPOS="554" HPOS="425"/>
							<String ID="string_97" HPOS="448" VPOS="554" WIDTH="140" HEIGHT="29" WC="0.90" CONTENT="päbörjande."/><SP WIDTH="31" VPOS="554" HPOS="588"/>
							<String ID="string_98" HPOS="619" VPOS="555" WIDTH="121" HEIGHT="28" WC="0.89" CONTENT="Belysande"/><SP WIDTH="19" VPOS="555" HPOS="740"/>
							<String ID="string_99" HPOS="759" VPOS="554" WIDTH="34" HEIGHT="23" WC="0.93" CONTENT="för"/><SP WIDTH="15" VPOS="554" HPOS="793"/>
							<String ID="string_100" HPOS="808" VPOS="554" WIDTH="75" HEIGHT="28" WC="0.92" CONTENT="frägan"/>
						</TextLine>
						<TextLine ID="line_13" HPOS="121" VPOS="589" WIDTH="763" HEIGHT="28">
							<String ID="string_101" HPOS="121" VPOS="591" WIDTH="24" HEIGHT="19" WC="0.92" CONTENT="är"/><SP WIDTH="16" VPOS="591" HPOS="145"/>
							<String ID="string_102" HPOS="161" VPOS="589" WIDTH="46" HEIGHT="28" WC="0.92" CONTENT="ock,"/><SP WIDTH="15" VPOS="589" HPOS="207"/>
							<String ID="string_103" HPOS="222" VPOS="591" WIDTH="33" HEIGHT="20" WC="0.93" CONTENT="att"/><SP WIDTH="10" VPOS="591" HPOS="255"/>
							<String ID="string_104" HPOS="265" VPOS="589" WIDTH="85" HEIGHT="27" WC="0.93" CONTENT="längsta"/><SP WIDTH="9" VPOS="589" HPOS="350"/>
							<String ID="string_105" HPOS="359" VPOS="589" WIDTH="58" HEIGHT="22" WC="0.96" CONTENT="tiden"/><SP WIDTH="10" VPOS="589" HPOS="417"/>
							<String ID="string_106" HPOS="427" VPOS="589" WIDTH="34" HEIGHT="22" WC="0.92" CONTENT="för"/><SP WIDTH="11" VPOS="589" HPOS="461"/>
							<String ID="string_107" HPOS="472" VPOS="590" WIDTH="142" HEIGHT="27" WC="0.92" CONTENT="ransaknings"/><SP WIDTH="12" VPOS="590" HPOS="614"/>
							<String ID="string_108" HPOS="626" VPOS="589" WIDTH="140" HEIGHT="28" WC="0.92" CONTENT="företagande"/><SP WIDTH="12" VPOS="589" HPOS="766"/>
							<String ID="string_109" HPOS="778" VPOS="589" WIDTH="6" HEIGHT="21" WC="0.96" CONTENT="i"/><SP WIDTH="12" VPOS="589" HPOS="784"/>
							<String ID="string_110" HPOS="796" VPOS="589" WIDTH="88" HEIGHT="27" WC="0.96" CONTENT="Sverige"/>
						</TextLine>
						<TextLine ID="line_14" HPOS="121" VPOS="623" WIDTH="763" HEIGHT="28">
							<String ID="string_111" HPOS="121" VPOS="623" WIDTH="56" HEIGHT="22" WC="0.90" CONTENT="ända"/><SP WIDTH="23" VPOS="623" HPOS="177"/>
							<String ID="string_112" HPOS="200" VPOS="624" WIDTH="66" HEIGHT="21" WC="0.96" CONTENT="sedan"/><SP WIDTH="24" VPOS="624" HPOS="266"/>
							<String ID="string_113" HPOS="290" VPOS="623" WIDTH="24" HEIGHT="22" WC="0.96" CONTENT="är"/><SP WIDTH="23" VPOS="623" HPOS="314"/>
							<String ID="string_114" HPOS="337" VPOS="625" WIDTH="55" HEIGHT="20" WC="0.96" CONTENT="1810"/><SP WIDTH="15" VPOS="625" HPOS="392"/>
							<String ID="string_115" HPOS="407" VPOS="624" WIDTH="57" HEIGHT="21" WC="0.96" CONTENT="varit"/><SP WIDTH="16" VPOS="624" HPOS="464"/>
							<String ID="string_116" HPOS="480" VPOS="626" WIDTH="33" HEIGHT="19" WC="0.93" CONTENT="tre"/><SP WIDTH="15" VPOS="626" HPOS="513"/>
							<String ID="string_117" HPOS="528" VPOS="624" WIDTH="84" HEIGHT="27" WC="0.92" CONTENT="veckor,"/><SP WIDTH="18" VPOS="624" HPOS="612"/>
							<String ID="string_118" HPOS="630" VPOS="624" WIDTH="27" HEIGHT="21" WC="0.93" CONTENT="dä"/><SP WIDTH="14" VPOS="624" HPOS="657"/>
							<String ID="string_119" HPOS="671" VPOS="624" WIDTH="126" HEIGHT="27" WC="0.91" CONTENT="visserligen"/><SP WIDTH="16" VPOS="624" HPOS="797"/>
							<String ID="string_120" HPOS="813" VPOS="623" WIDTH="71" HEIGHT="22" WC="0.92" CONTENT="tillika"/>
						</TextLine>
						<TextLine ID="line_15" HPOS="120" VPOS="657" WIDTH="763" HEIGHT="28">
							<String ID="string_121" HPOS="120" VPOS="657" WIDTH="123" HEIGHT="28" WC="0.91" CONTENT="föreskrefs,"/><SP WIDTH="23" VPOS="657" HPOS="243"/>
							<String ID="string_122" HPOS="266" VPOS="660" WIDTH="32" HEIGHT="20" WC="0.97" CONTENT="att"/><SP WIDTH="15" VPOS="660" HPOS="298"/>
							<String ID="string_123" HPOS="313" VPOS="657" WIDTH="33" HEIGHT="22" WC="0.97" CONTENT="för"/><SP WIDTH="16" VPOS="657" HPOS="346"/>
							<String ID="string_124" HPOS="362" VPOS="658" WIDTH="106" HEIGHT="22" WC="0.93" CONTENT="särskilda"/><SP WIDTH="16" VPOS="658" HPOS="468"/>
							<String ID="string_125" HPOS="484" VPOS="658" WIDTH="88" HEIGHT="27" WC="0.91" CONTENT="aflägset"/><SP WIDTH="15" VPOS="658" HPOS="572"/>
							<String ID="string_126" HPOS="587" VPOS="658" WIDTH="92" HEIGHT="27" WC="0.91" CONTENT="belägna"/><SP WIDTH="16" VPOS="658" HPOS="679"/>
							<String ID="string_127" HPOS="695" VPOS="659" WIDTH="115" HEIGHT="26" WC="0.93" CONTENT="domsagor"/><SP WIDTH="15" VPOS="659" HPOS="810"/>
							<String ID="string_128" HPOS="825" VPOS="659" WIDTH="58" HEIGHT="20" WC="0.92" CONTENT="stän-"/>
						</TextLine>
						<TextLine ID="line_16" HPOS="121" VPOS="692" WIDTH="761" HEIGHT="29">
							<String ID="string_129" HPOS="121" VPOS="692" WIDTH="50" HEIGHT="27" WC="0.91" CONTENT="diga"/><SP WIDTH="10" VPOS="692" HPOS="171"/>
							<String ID="string_130" HPOS="181" VPOS="693" WIDTH="202" HEIGHT="22" WC="0.92" CONTENT="brottmälsdomare"/><SP WIDTH="10" VPOS="693" HPOS="383"/>
							<String ID="string_131" HPOS="393" VPOS="693" WIDTH="55" HEIGHT="28" WC="0.93" CONTENT="finge"/><SP WIDTH="12" VPOS="693" HPOS="448"/>
							<String ID="string_132" HPOS="460" VPOS="693" WIDTH="25" HEIGHT="22" WC="0.97" CONTENT="af"/><SP WIDTH="9" VPOS="693" HPOS="485"/>
							<String ID="string_133" HPOS="494" VPOS="693" WIDTH="161" HEIGHT="22" WC="0.93" CONTENT="vederbörande"/><SP WIDTH="10" VPOS="693" HPOS="655"/>
							<String ID="string_134" HPOS="665" VPOS="692" WIDTH="85" HEIGHT="23" WC="0.90" CONTENT="hofrätt"/><SP WIDTH="10" VPOS="692" HPOS="750"/>
							<String ID="string_135" HPOS="760" VPOS="693" WIDTH="122" HEIGHT="21" WC="0.92" CONTENT="förordnas."/>
						</TextLine>
					</TextBlock>
					<TextBlock ID="block_2" HPOS="119" VPOS="727" WIDTH="764" HEIGHT="400">
						<TextLine ID="line_17" HPOS="193" VPOS="727" WIDTH="689" HEIGHT="28">
							<String ID="string_136" HPOS="193" VPOS="727" WIDTH="11" HEIGHT="21" WC="0.96" CONTENT="I"/><SP WIDTH="15" VPOS="727" HPOS="204"/>
							<String ID="string_137" HPOS="219" VPOS="728" WIDTH="27" HEIGHT="21" WC="0.92" CONTENT="26"/><SP WIDTH="16" VPOS="728" HPOS="246"/>
							<String ID="string_138" HPOS="262" VPOS="727" WIDTH="11" HEIGHT="28" WC="0.76" CONTENT="&amp;"/><SP WIDTH="16" VPOS="727" HPOS="273"/>
							<String ID="string_139" HPOS="289" VPOS="727" WIDTH="24" HEIGHT="22" WC="0.93" CONTENT="af"/><SP WIDTH="13" VPOS="727" HPOS="313"/>
							<String ID="string_140" HPOS="326" VPOS="727" WIDTH="79" HEIGHT="28" WC="0.96" CONTENT="nådiga"/><SP WIDTH="14" VPOS="727" HPOS="405"/>
							<String ID="string_141" HPOS="419" VPOS="727" WIDTH="154" HEIGHT="28" WC="0.96" CONTENT="förordningen"/><SP WIDTH="16" VPOS="727" HPOS="573"/>
							<String ID="string_142" HPOS="589" VPOS="728" WIDTH="40" HEIGHT="21" WC="0.96" CONTENT="den"/><SP WIDTH="18" VPOS="728" HPOS="629"/>
							<String ID="string_143" HPOS="647" VPOS="729" WIDTH="25" HEIGHT="20" WC="0.96" CONTENT="19"/><SP WIDTH="16" VPOS="729" HPOS="672"/>
							<String ID="string_144" HPOS="688" VPOS="727" WIDTH="120" HEIGHT="22" WC="0.96" CONTENT="December"/><SP WIDTH="13" VPOS="727" HPOS="808"/>
							<String ID="string_145" HPOS="821" VPOS="727" WIDTH="61" HEIGHT="26" WC="0.96" CONTENT="1889,"/>
						</TextLine>
						<TextLine ID="line_18" HPOS="121" VPOS="761" WIDTH="762" HEIGHT="28">
							<String ID="string_146" HPOS="121" VPOS="767" WIDTH="34" HEIGHT="15" WC="0.96" CONTENT="om"/><SP WIDTH="16" VPOS="767" HPOS="155"/>
							<String ID="string_147" HPOS="171" VPOS="761" WIDTH="113" HEIGHT="22" WC="0.96" CONTENT="införande"/><SP WIDTH="16" VPOS="761" HPOS="284"/>
							<String ID="string_148" HPOS="300" VPOS="761" WIDTH="24" HEIGHT="22" WC="0.96" CONTENT="af"/><SP WIDTH="13" VPOS="761" HPOS="324"/>
							<String ID="string_149" HPOS="337" VPOS="768" WIDTH="28" HEIGHT="21" WC="0.96" CONTENT="ny"/><SP WIDTH="16" VPOS="768" HPOS="365"/>
							<String ID="string_150" HPOS="381" VPOS="762" WIDTH="80" HEIGHT="21" WC="0.93" CONTENT="allmän"/><SP WIDTH="16" VPOS="762" HPOS="461"/>
							<String ID="string_151" HPOS="477" VPOS="762" WIDTH="105" HEIGHT="27" WC="0.92" CONTENT="strafilag,"/><SP WIDTH="15" VPOS="762" HPOS="582"/>
							<String ID="string_152" HPOS="597" VPOS="761" WIDTH="146" HEIGHT="27" WC="0.93" CONTENT="föreskrifves,"/><SP WIDTH="9" VPOS="761" HPOS="743"/>
							<String ID="string_153" HPOS="752" VPOS="763" WIDTH="41" HEIGHT="24" WC="0.95" CONTENT="att,"/><SP WIDTH="12" VPOS="763" HPOS="793"/>
							<String ID="string_154" HPOS="805" VPOS="761" WIDTH="29" HEIGHT="21" WC="0.93" CONTENT="dä"/><SP WIDTH="10" VPOS="761" HPOS="834"/>
							<String ID="string_155" HPOS="844" VPOS="761" WIDTH="39" HEIGHT="21" WC="0.91" CONTENT="nä-"/>
						</TextLine>
						<TextLine ID="line_19" HPOS="120" VPOS="795" WIDTH="763" HEIGHT="29">
							<String ID="string_156" HPOS="120" VPOS="801" WIDTH="43" HEIGHT="21" WC="0.92" CONTENT="gon"/><SP WIDTH="14" VPOS="801" HPOS="163"/>
							<String ID="string_157" HPOS="177" VPOS="795" WIDTH="71" HEIGHT="22" WC="0.96" CONTENT="blifvit"/><SP WIDTH="15" VPOS="795" HPOS="248"/>
							<String ID="string_158" HPOS="263" VPOS="795" WIDTH="33" HEIGHT="22" WC="0.96" CONTENT="för"/><SP WIDTH="15" VPOS="795" HPOS="296"/>
							<String ID="string_159" HPOS="311" VPOS="796" WIDTH="59" HEIGHT="21" WC="0.93" CONTENT="brott"/><SP WIDTH="19" VPOS="796" HPOS="370"/>
							<String ID="string_160" HPOS="389" VPOS="796" WIDTH="89" HEIGHT="27" WC="0.93" CONTENT="häktad,"/><SP WIDTH="16" VPOS="796" HPOS="478"/>
							<String ID="string_161" HPOS="494" VPOS="796" WIDTH="132" HEIGHT="28" WC="0.91" CONTENT="ransakning"/><SP WIDTH="15" VPOS="796" HPOS="626"/>
							<String ID="string_162" HPOS="641" VPOS="798" WIDTH="52" HEIGHT="20" WC="0.93" CONTENT="utan"/><SP WIDTH="16" VPOS="798" HPOS="693"/>
							<String ID="string_163" HPOS="709" VPOS="796" WIDTH="103" HEIGHT="27" WC="0.95" CONTENT="dröjsmål"/><SP WIDTH="15" VPOS="796" HPOS="812"/>
							<String ID="string_164" HPOS="827" VPOS="795" WIDTH="56" HEIGHT="21" WC="0.96" CONTENT="skall"/>
						</TextLine>
						<TextLine ID="line_20" HPOS="120" VPOS="829" WIDTH="762" HEIGHT="29">
							<String ID="string_165" HPOS="120" VPOS="829" WIDTH="130" HEIGHT="22" WC="0.93" CONTENT="verkställas"/><SP WIDTH="15" VPOS="829" HPOS="250"/>
							<String ID="string_166" HPOS="265" VPOS="830" WIDTH="23" HEIGHT="21" WC="0.97" CONTENT="af"/><SP WIDTH="14" VPOS="830" HPOS="288"/>
							<String ID="string_167" HPOS="302" VPOS="830" WIDTH="41" HEIGHT="22" WC="0.96" CONTENT="den"/><SP WIDTH="16" VPOS="830" HPOS="343"/>
							<String ID="string_168" HPOS="359" VPOS="832" WIDTH="50" HEIGHT="25" WC="0.93" CONTENT="rätt,"/><SP WIDTH="16" VPOS="832" HPOS="409"/>
							<String ID="string_169" HPOS="425" VPOS="831" WIDTH="88" HEIGHT="21" WC="0.93" CONTENT="hvilken"/><SP WIDTH="15" VPOS="831" HPOS="513"/>
							<String ID="string_170" HPOS="528" VPOS="831" WIDTH="78" HEIGHT="21" WC="0.93" CONTENT="sädant"/><SP WIDTH="15" VPOS="831" HPOS="606"/>
							<String ID="string_171" HPOS="621" VPOS="830" WIDTH="87" HEIGHT="28" WC="0.92" CONTENT="äligger,"/><SP WIDTH="17" VPOS="830" HPOS="708"/>
							<String ID="string_172" HPOS="725" VPOS="831" WIDTH="57" HEIGHT="20" WC="0.96" CONTENT="samt"/><SP WIDTH="15" VPOS="831" HPOS="782"/>
							<String ID="string_173" HPOS="797" VPOS="831" WIDTH="33" HEIGHT="20" WC="0.93" CONTENT="att"/><SP WIDTH="15" VPOS="831" HPOS="830"/>
							<String ID="string_174" HPOS="845" VPOS="829" WIDTH="37" HEIGHT="22" WC="0.91" CONTENT="do-"/>
						</TextLine>
						<TextLine ID="line_21" HPOS="120" VPOS="864" WIDTH="761" HEIGHT="28">
							<String ID="string_175" HPOS="120" VPOS="871" WIDTH="59" HEIGHT="15" WC="0.91" CONTENT="mare"/><SP WIDTH="24" VPOS="871" HPOS="179"/>
							<String ID="string_176" HPOS="203" VPOS="864" WIDTH="18" HEIGHT="27" WC="0.96" CONTENT="ej"/><SP WIDTH="24" VPOS="864" HPOS="221"/>
							<String ID="string_177" HPOS="245" VPOS="865" WIDTH="7" HEIGHT="20" WC="0.93" CONTENT="i"/><SP WIDTH="15" VPOS="865" HPOS="252"/>
							<String ID="string_178" HPOS="267" VPOS="866" WIDTH="70" HEIGHT="25" WC="0.96" CONTENT="någon"/><SP WIDTH="17" VPOS="866" HPOS="337"/>
							<String ID="string_179" HPOS="354" VPOS="865" WIDTH="101" HEIGHT="22" WC="0.96" CONTENT="händelse"/><SP WIDTH="15" VPOS="865" HPOS="455"/>
							<String ID="string_180" HPOS="470" VPOS="865" WIDTH="36" HEIGHT="22" WC="0.93" CONTENT="mä"/><SP WIDTH="16" VPOS="865" HPOS="506"/>
							<String ID="string_181" HPOS="522" VPOS="865" WIDTH="87" HEIGHT="22" WC="0.93" CONTENT="dermed"/><SP WIDTH="15" VPOS="865" HPOS="609"/>
							<String ID="string_182" HPOS="624" VPOS="865" WIDTH="118" HEIGHT="27" WC="0.92" CONTENT="uppskjuta"/><SP WIDTH="15" VPOS="865" HPOS="742"/>
							<String ID="string_183" HPOS="757" VPOS="865" WIDTH="81" HEIGHT="26" WC="0.96" CONTENT="längre,"/><SP WIDTH="16" VPOS="865" HPOS="838"/>
							<String ID="string_184" HPOS="854" VPOS="865" WIDTH="27" HEIGHT="20" WC="0.96" CONTENT="än"/>
						</TextLine>
						<TextLine ID="line_22" HPOS="120" VPOS="898" WIDTH="762" HEIGHT="29">
							<String ID="string_185" HPOS="120" VPOS="899" WIDTH="7" HEIGHT="21" WC="0.96" CONTENT="i"/><SP WIDTH="16" VPOS="899" HPOS="127"/>
							<String ID="string_186" HPOS="143" VPOS="899" WIDTH="48" HEIGHT="21" WC="0.93" CONTENT="stad"/><SP WIDTH="25" VPOS="899" HPOS="191"/>
							<String ID="string_187" HPOS="216" VPOS="898" WIDTH="47" HEIGHT="22" WC="0.92" CONTENT="ätta"/><SP WIDTH="15" VPOS="898" HPOS="263"/>
							<String ID="string_188" HPOS="278" VPOS="899" WIDTH="55" HEIGHT="27" WC="0.96" CONTENT="dygn"/><SP WIDTH="15" VPOS="899" HPOS="333"/>
							<String ID="string_189" HPOS="348" VPOS="899" WIDTH="40" HEIGHT="22" WC="0.96" CONTENT="och"/><SP WIDTH="15" VPOS="899" HPOS="388"/>
							<String ID="string_190" HPOS="403" VPOS="900" WIDTH="28" HEIGHT="27" WC="0.96" CONTENT="pä"/><SP WIDTH="15" VPOS="900" HPOS="431"/>
							<String ID="string_191" HPOS="446" VPOS="899" WIDTH="74" HEIGHT="22" WC="0.96" CONTENT="landet"/><SP WIDTH="15" VPOS="899" HPOS="520"/>
							<String ID="string_192" HPOS="535" VPOS="905" WIDTH="25" HEIGHT="16" WC="0.93" CONTENT="en"/><SP WIDTH="15" VPOS="905" HPOS="560"/>
							<String ID="string_193" HPOS="575" VPOS="899" WIDTH="78" HEIGHT="22" WC="0.90" CONTENT="mänad"/><SP WIDTH="15" VPOS="899" HPOS="653"/>
							<String ID="string_194" HPOS="668" VPOS="899" WIDTH="48" HEIGHT="22" WC="0.92" CONTENT="frän"/><SP WIDTH="16" VPOS="899" HPOS="716"/>
							<String ID="string_195" HPOS="732" VPOS="899" WIDTH="42" HEIGHT="21" WC="0.96" CONTENT="den"/><SP WIDTH="16" VPOS="899" HPOS="774"/>
							<String ID="string_196" HPOS="790" VPOS="899" WIDTH="48" HEIGHT="26" WC="0.96" CONTENT="dag,"/><SP WIDTH="16" VPOS="899" HPOS="838"/>
							<String ID="string_197" HPOS="854" VPOS="898" WIDTH="28" HEIGHT="21" WC="0.96" CONTENT="dä"/>
						</TextLine>
						<TextLine ID="line_23" HPOS="120" VPOS="933" WIDTH="762" HEIGHT="28">
							<String ID="string_198" HPOS="120" VPOS="933" WIDTH="99" HEIGHT="22" WC="0.93" CONTENT="anmälan"/><SP WIDTH="17" VPOS="933" HPOS="219"/>
							<String ID="string_199" HPOS="236" VPOS="939" WIDTH="33" HEIGHT="15" WC="0.92" CONTENT="om"/><SP WIDTH="16" VPOS="939" HPOS="269"/>
							<String ID="string_200" HPOS="285" VPOS="933" WIDTH="132" HEIGHT="27" WC="0.92" CONTENT="häktningen"/><SP WIDTH="16" VPOS="933" HPOS="417"/>
							<String ID="string_201" HPOS="433" VPOS="934" WIDTH="86" HEIGHT="27" WC="0.96" CONTENT="gjordes"/><SP WIDTH="15" VPOS="934" HPOS="519"/>
							<String ID="string_202" HPOS="534" VPOS="934" WIDTH="40" HEIGHT="21" WC="0.96" CONTENT="hos"/><SP WIDTH="15" VPOS="934" HPOS="574"/>
							<String ID="string_203" HPOS="589" VPOS="933" WIDTH="87" HEIGHT="22" WC="0.95" CONTENT="honom."/><SP WIDTH="27" VPOS="933" HPOS="676"/>
							<String ID="string_204" HPOS="703" VPOS="933" WIDTH="45" HEIGHT="22" WC="0.93" CONTENT="Och"/><SP WIDTH="16" VPOS="933" HPOS="748"/>
							<String ID="string_205" HPOS="764" VPOS="933" WIDTH="69" HEIGHT="21" WC="0.93" CONTENT="ehuru"/><SP WIDTH="10" VPOS="933" HPOS="833"/>
							<String ID="string_206" HPOS="843" VPOS="933" WIDTH="39" HEIGHT="20" WC="0.96" CONTENT="vär"/>
						</TextLine>
						<TextLine ID="line_24" HPOS="119" VPOS="965" WIDTH="762" HEIGHT="30">
							<String ID="string_207" HPOS="119" VPOS="973" WIDTH="44" HEIGHT="22" WC="0.90" CONTENT="nya"/><SP WIDTH="14" VPOS="973" HPOS="163"/>
							<String ID="string_208" HPOS="177" VPOS="967" WIDTH="250" HEIGHT="28" WC="0.90" CONTENT="brottmälslagstiftning"/><SP WIDTH="15" VPOS="967" HPOS="427"/>
							<String ID="string_209" HPOS="442" VPOS="970" WIDTH="60" HEIGHT="19" WC="0.93" CONTENT="ännu"/><SP WIDTH="15" VPOS="970" HPOS="502"/>
							<String ID="string_210" HPOS="517" VPOS="968" WIDTH="19" HEIGHT="27" WC="0.93" CONTENT="ej"/><SP WIDTH="16" VPOS="968" HPOS="536"/>
							<String ID="string_211" HPOS="552" VPOS="967" WIDTH="42" HEIGHT="22" WC="0.91" CONTENT="fätt"/><SP WIDTH="16" VPOS="967" HPOS="594"/>
							<String ID="string_212" HPOS="610" VPOS="968" WIDTH="63" HEIGHT="21" WC="0.93" CONTENT="träda"/><SP WIDTH="15" VPOS="968" HPOS="673"/>
							<String ID="string_213" HPOS="688" VPOS="967" WIDTH="7" HEIGHT="21" WC="0.96" CONTENT="i"/><SP WIDTH="10" VPOS="967" HPOS="695"/>
							<String ID="string_214" HPOS="705" VPOS="967" WIDTH="101" HEIGHT="27" WC="0.96" CONTENT="gällande"/><SP WIDTH="10" VPOS="967" HPOS="806"/>
							<String ID="string_215" HPOS="816" VPOS="965" WIDTH="65" HEIGHT="28" WC="0.96" CONTENT="kraft,"/>
						</TextLine>
						<TextLine ID="line_25" HPOS="121" VPOS="1001" WIDTH="761" HEIGHT="28">
							<String ID="string_216" HPOS="121" VPOS="1001" WIDTH="41" HEIGHT="22" WC="0.95" CONTENT="har"/><SP WIDTH="17" VPOS="1001" HPOS="162"/>
							<String ID="string_217" HPOS="179" VPOS="1002" WIDTH="40" HEIGHT="21" WC="0.95" CONTENT="sist"/><SP WIDTH="11" VPOS="1002" HPOS="219"/>
							<String ID="string_218" HPOS="230" VPOS="1002" WIDTH="91" HEIGHT="21" WC="0.93" CONTENT="berörda"/><SP WIDTH="16" VPOS="1002" HPOS="321"/>
							<String ID="string_219" HPOS="337" VPOS="1002" WIDTH="120" HEIGHT="27" WC="0.92" CONTENT="stadgande"/><SP WIDTH="11" VPOS="1002" HPOS="457"/>
							<String ID="string_220" HPOS="468" VPOS="1002" WIDTH="55" HEIGHT="21" WC="0.93" CONTENT="dock"/><SP WIDTH="11" VPOS="1002" HPOS="523"/>
							<String ID="string_221" HPOS="534" VPOS="1002" WIDTH="81" HEIGHT="27" WC="0.93" CONTENT="utgjort"/><SP WIDTH="16" VPOS="1002" HPOS="615"/>
							<String ID="string_222" HPOS="631" VPOS="1008" WIDTH="26" HEIGHT="15" WC="0.97" CONTENT="en"/><SP WIDTH="14" VPOS="1008" HPOS="657"/>
							<String ID="string_223" HPOS="671" VPOS="1001" WIDTH="128" HEIGHT="28" WC="0.93" CONTENT="ytterligare"/><SP WIDTH="10" VPOS="1001" HPOS="799"/>
							<String ID="string_224" HPOS="809" VPOS="1001" WIDTH="73" HEIGHT="21" WC="0.93" CONTENT="anled-"/>
						</TextLine>
						<TextLine ID="line_26" HPOS="120" VPOS="1035" WIDTH="761" HEIGHT="28">
							<String ID="string_225" HPOS="120" VPOS="1036" WIDTH="50" HEIGHT="27" WC="0.96" CONTENT="ning"/><SP WIDTH="22" VPOS="1036" HPOS="170"/>
							<String ID="string_226" HPOS="192" VPOS="1038" WIDTH="33" HEIGHT="19" WC="0.92" CONTENT="att"/><SP WIDTH="23" VPOS="1038" HPOS="225"/>
							<String ID="string_227" HPOS="248" VPOS="1035" WIDTH="130" HEIGHT="28" WC="0.92" CONTENT="smäningom"/><SP WIDTH="23" VPOS="1035" HPOS="378"/>
							<String ID="string_228" HPOS="401" VPOS="1037" WIDTH="53" HEIGHT="20" WC="0.96" CONTENT="söka"/><SP WIDTH="20" VPOS="1037" HPOS="454"/>
							<String ID="string_229" HPOS="474" VPOS="1038" WIDTH="40" HEIGHT="25" WC="0.96" CONTENT="att,"/><SP WIDTH="24" VPOS="1038" HPOS="514"/>
							<String ID="string_230" HPOS="538" VPOS="1036" WIDTH="23" HEIGHT="21" WC="0.96" CONTENT="sä"/><SP WIDTH="15" VPOS="1036" HPOS="561"/>
							<String ID="string_231" HPOS="576" VPOS="1038" WIDTH="34" HEIGHT="20" WC="0.93" CONTENT="att"/><SP WIDTH="15" VPOS="1038" HPOS="610"/>
							<String ID="string_232" HPOS="625" VPOS="1038" WIDTH="58" HEIGHT="25" WC="0.92" CONTENT="säga,"/><SP WIDTH="16" VPOS="1038" HPOS="683"/>
							<String ID="string_233" HPOS="699" VPOS="1036" WIDTH="66" HEIGHT="27" WC="0.93" CONTENT="vänja"/><SP WIDTH="14" VPOS="1036" HPOS="765"/>
							<String ID="string_234" HPOS="779" VPOS="1035" WIDTH="102" HEIGHT="22" WC="0.92" CONTENT="vederbö-"/>
						</TextLine>
						<TextLine ID="line_27" HPOS="119" VPOS="1069" WIDTH="762" HEIGHT="29">
							<String ID="string_235" HPOS="119" VPOS="1071" WIDTH="67" HEIGHT="21" WC="0.96" CONTENT="rande"/><SP WIDTH="15" VPOS="1071" HPOS="186"/>
							<String ID="string_236" HPOS="201" VPOS="1071" WIDTH="88" HEIGHT="21" WC="0.95" CONTENT="domare"/><SP WIDTH="15" VPOS="1071" HPOS="289"/>
							<String ID="string_237" HPOS="304" VPOS="1071" WIDTH="35" HEIGHT="21" WC="0.93" CONTENT="vid"/><SP WIDTH="15" VPOS="1071" HPOS="339"/>
							<String ID="string_238" HPOS="354" VPOS="1071" WIDTH="143" HEIGHT="27" WC="0.96" CONTENT="iakttagande"/><SP WIDTH="15" VPOS="1071" HPOS="497"/>
							<String ID="string_239" HPOS="512" VPOS="1070" WIDTH="24" HEIGHT="22" WC="0.93" CONTENT="af"/><SP WIDTH="14" VPOS="1070" HPOS="536"/>
							<String ID="string_240" HPOS="550" VPOS="1071" WIDTH="90" HEIGHT="27" WC="0.93" CONTENT="behörig"/><SP WIDTH="14" VPOS="1071" HPOS="640"/>
							<String ID="string_241" HPOS="654" VPOS="1069" WIDTH="155" HEIGHT="29" WC="0.91" CONTENT="skyndsamhet"/><SP WIDTH="15" VPOS="1069" HPOS="809"/>
							<String ID="string_242" HPOS="824" VPOS="1070" WIDTH="7" HEIGHT="21" WC="0.78" CONTENT="i"/><SP WIDTH="11" VPOS="1070" HPOS="831"/>
							<String ID="string_243" HPOS="842" VPOS="1069" WIDTH="39" HEIGHT="21" WC="0.78" CONTENT="här"/>
						</TextLine>
						<TextLine ID="line_28" HPOS="120" VPOS="1105" WIDTH="212" HEIGHT="22">
							<String ID="string_244" HPOS="120" VPOS="1105" WIDTH="89" HEIGHT="22" WC="0.92" CONTENT="berördt"/><SP WIDTH="15" VPOS="1105" HPOS="209"/>
							<String ID="string_245" HPOS="224" VPOS="1105" WIDTH="108" HEIGHT="22" WC="0.92" CONTENT="afseende."/>
						</TextLine>
					</TextBlock>
					<TextBlock ID="block_3" HPOS="119" VPOS="1138" WIDTH="761" HEIGHT="64">
						<TextLine ID="line_29" HPOS="188" VPOS="1138" WIDTH="692" HEIGHT="30">
							<String ID="string_246" HPOS="188" VPOS="1141" WIDTH="144" HEIGHT="27" WC="0.91" CONTENT="Helsingfors,"/><SP WIDTH="16" VPOS="1141" HPOS="332"/>
							<String ID="string_247" HPOS="348" VPOS="1141" WIDTH="13" HEIGHT="21" WC="0.89" CONTENT="ä"/><SP WIDTH="14" VPOS="1141" HPOS="361"/>
							<String ID="string_248" HPOS="375" VPOS="1141" WIDTH="297" HEIGHT="27" WC="0.92" CONTENT="Prokuratorsexpeditionen"/><SP WIDTH="15" VPOS="1141" HPOS="672"/>
							<String ID="string_249" HPOS="687" VPOS="1140" WIDTH="7" HEIGHT="22" WC="0.93" CONTENT="i"/><SP WIDTH="15" VPOS="1140" HPOS="694"/>
							<String ID="string_250" HPOS="709" VPOS="1140" WIDTH="123" HEIGHT="28" WC="0.92" CONTENT="Kejserliga"/><SP WIDTH="10" VPOS="1140" HPOS="832"/>
							<String ID="string_251" HPOS="842" VPOS="1138" WIDTH="38" HEIGHT="23" WC="0.92" CONTENT="Se-"/>
						</TextLine>
						<TextLine ID="line_30" HPOS="119" VPOS="1175" WIDTH="515" HEIGHT="27">
							<String ID="string_252" HPOS="119" VPOS="1177" WIDTH="68" HEIGHT="20" WC="0.92" CONTENT="naten"/><SP WIDTH="16" VPOS="1177" HPOS="187"/>
							<String ID="string_253" HPOS="203" VPOS="1175" WIDTH="33" HEIGHT="23" WC="0.96" CONTENT="för"/><SP WIDTH="15" VPOS="1175" HPOS="236"/>
							<String ID="string_254" HPOS="251" VPOS="1176" WIDTH="98" HEIGHT="26" WC="0.96" CONTENT="Finland,"/><SP WIDTH="16" VPOS="1176" HPOS="349"/>
							<String ID="string_255" HPOS="365" VPOS="1176" WIDTH="41" HEIGHT="22" WC="0.96" CONTENT="den"/><SP WIDTH="17" VPOS="1176" HPOS="406"/>
							<String ID="string_256" HPOS="423" VPOS="1176" WIDTH="25" HEIGHT="21" WC="0.96" CONTENT="15"/><SP WIDTH="16" VPOS="1176" HPOS="448"/>
							<String ID="string_257" HPOS="464" VPOS="1176" WIDTH="90" HEIGHT="22" WC="0.96" CONTENT="Januari"/><SP WIDTH="18" VPOS="1176" HPOS="554"/>
							<String ID="string_258" HPOS="572" VPOS="1176" WIDTH="62" HEIGHT="21" WC="0.96" CONTENT="1894."/>
						</TextLine>
					</TextBlock>
				</ComposedBlock>
				<ComposedBlock ID="cblock_2" HPOS="385" VPOS="1249" WIDTH="425" HEIGHT="96">
					<TextBlock ID="block_4" HPOS="385" VPOS="1249" WIDTH="425" HEIGHT="96">
						<TextLine ID="line_31" HPOS="385" VPOS="1249" WIDTH="225" HEIGHT="23">
							<String ID="string_259" HPOS="385" VPOS="1250" WIDTH="28" HEIGHT="22" WC="0.95" CONTENT="W."/><SP WIDTH="23" VPOS="1250" HPOS="413"/>
							<String ID="string_260" HPOS="436" VPOS="1249" WIDTH="174" HEIGHT="23" WC="0.96" CONTENT="CALONIUS."/>
						</TextLine>
						<TextLine ID="line_32" HPOS="610" VPOS="1323" WIDTH="200" HEIGHT="22">
							<String ID="string_261" HPOS="610" VPOS="1323" WIDTH="81" HEIGHT="22" WC="0.90" CONTENT="Bernh."/><SP WIDTH="15" VPOS="1323" HPOS="691"/>
							<String ID="string_262" HPOS="706" VPOS="1324" WIDTH="104" HEIGHT="21" WC="0.96" CONTENT="Anthoni."/>
						</TextLine>
					</TextBlock>
				</ComposedBlock>
				<ComposedBlock ID="cblock_3" HPOS="396" VPOS="1404" WIDTH="207" HEIGHT="12">
					<TextBlock ID="block_5" HPOS="396" VPOS="1404" WIDTH="207" HEIGHT="12">
						<TextLine ID="line_33" HPOS="396" VPOS="1404" WIDTH="207" HEIGHT="12">
							<String ID="string_263" HPOS="396" VPOS="1404" WIDTH="207" HEIGHT="12" WC="0.52" CONTENT="—40p—"/>
						</TextLine>
					</TextBlock>
				</ComposedBlock>
			</PrintSpace>
		</Page>
	</Layout>
</alto>
