1103 1700
259 138 29 22 U.
303 138 29 22 B.
348 151 27 2 —
386 138 29 22 H.
432 137 25 23 F.
473 138 95 22 Antells
584 137 154 22 testamente.

398 527 156 22 Allmänna
582 526 299 24 Besvärsutskottets

328 561 194 23 betänkande
552 561 50 22 N:o
632 560 40 28 19,
701 560 124 28 angående
857 560 22 29 ej

328 596 101 22 mindre
444 596 93 22 vården
552 595 28 22 af
592 595 30 22 de
637 601 87 22 genom
734 595 147 22 testamente

328 630 28 23 af
372 630 137 24 framlidne!
524 630 122 22 medicine
661 629 146 22 licentiaten
821 629 61 22 Her-

328 671 58 16 man
405 664 113 23 Frithiof
529 665 84 22 Antell
628 663 118 23 Finlands
761 663 54 23 folk
830 663 51 22 till-

327 699 83 22 fallna
430 699 88 27 mynt-,
534 699 161 26 antikvitets-,
710 698 83 22 konst-
807 704 33 15 m.
857 697 24 22 fi.

331 733 142 28 samlingar,
484 734 32 21 än
527 733 46 22 ock
584 732 122 23 särskilda
716 732 9 21 i
735 731 146 23 Ridderska-

329 768 42 27 pet
380 767 143 28 och'Adeln,
530 767 95 22 Preste-
636 767 63 21 samt
709 765 172 28 Borgarestän-

329 801 43 22 det
401 801 88 22 väckta
518 801 212 28 petitionsförslag
756 806 41 17 om
822 807 60 21 upp-

328 835 105 22 förande
456 836 27 21 af
502 835 192 28 museibyggnad
714 835 66 22 såväl
796 834 40 23 för
852 834 30 22 de

329 869 138 22 Antell'ska
486 869 166 28 samlingarna
667 874 52 17 som
734 869 40 22 för
790 869 92 22 statens

330 904 181 27 arkeologiska,
541 903 134 23 historiska
699 903 47 22 och
770 903 111 27 etnogra-

328 937 62 23 fiska
406 938 142 27 samlingar.

191 1035 77 22 Sedan
290 1035 113 22 Finlands
428 1035 99 21 Ständer
542 1035 40 21 vid
597 1034 157 22 innevarande
768 1034 115 29 landtdag

121 1071 31 28 pä
173 1070 75 21 finska
272 1070 85 21 folkets
380 1073 89 25 vägnar
492 1069 95 22 beslutit
610 1072 34 19 att
666 1069 53 21 med
739 1069 144 21 tacksamhet

122 1107 118 26 emottaga
263 1104 28 21 de
317 1104 129 21 storartade
469 1103 130 29 föräringar
621 1103 123 22 framlidne
768 1103 115 21 medicine

121 1139 136 21 licentiaten
273 1139 103 21 Herman
391 1138 107 22 Frithiof
510 1138 80 22 Antell
606 1145 83 21 genom
705 1140 138 19 testamente
860 1137 25 21 af

122 1173 45 21 den
184 1175 10 20 1
212 1173 103 21 Oktober
332 1174 51 20 1891
401 1172 63 28 gjort
480 1172 36 22 till
530 1172 114 22 Finlands
660 1172 54 27 folk,
730 1172 70 21 hafva
816 1171 67 21 Stän-

122 1207 71 22 derna
219 1208 26 20 ät
273 1207 126 21 Allmänna
424 1207 215 21 Besvärsutskottet
665 1206 153 22 öfverlemnat
850 1208 33 19 att

122 1242 133 26 winkomma
278 1241 54 21 med
354 1241 88 28 förslag
460 1241 98 21 rörande
573 1240 87 22 vården
676 1240 26 22 af
715 1240 27 21 de
758 1248 31 13 nu
806 1240 77 28 dispo-

121 1276 65 21 nibla
201 1275 130 22 Antell'ska
346 1275 163 28 samlingarna,
526 1274 119 22 äfvensom
661 1274 97 22 rörande
769 1274 28 22 de
804 1274 79 22 vidare

123 1310 114 28 åtgärder,
261 1310 81 21 hvilka
362 1309 53 21 med
433 1309 128 29 anledning
576 1309 26 21 af
615 1309 108 21 donators
739 1308 144 22 föreskrifter

121 1344 38 22 för
173 1344 126 22 framtiden
315 1343 74 22 blifva
404 1343 87 29 nödiga
506 1344 53 21 med
574 1344 94 21 hänsikt
676 1344 37 20 till
721 1343 97 21 berörda
826 1350 57 14 sam-

121 1379 99 28 lingar";
236 1378 91 22 hvilket
343 1378 171 21 ständerbeslut
529 1385 84 21 genom
624 1377 113 22 särskilda
746 1377 138 29 protokolls-

121 1413 86 29 utdrag
229 1412 27 22 af
279 1412 45 22 den
349 1414 25 20 19
399 1412 42 22 och
464 1414 28 20 24
507 1412 67 29 April
592 1412 77 22 blifvit
683 1412 26 22 af
724 1412 103 21 Stånden
842 1411 42 23 Ut-

122 1447 89 22 skottet
226 1447 37 21 till
278 1446 132 22 kännedom
426 1446 139 22 meddeladt.

192 1487 104 18 Allmänna
310 1486 172 18 Besvärsutskottets
495 1486 110 18 betänkande
617 1486 35 18 N:o
664 1486 28 18 19.
