1103 1700
812 131 26 20 21

457 187 29 21 60
500 187 19 27 8.

179 233 92 27 Beviljas
290 233 94 27 ledighet
403 232 22 22 åt
442 233 214 26 bankkommissarie,
672 233 128 27 tjensteman
818 230 54 24 eller

109 268 80 26 betjent
214 268 6 20 i
244 267 84 21 banken
351 268 27 26 pä
397 268 69 26 grund
486 267 23 21 af
527 267 70 27 styrkt
612 267 106 27 sjukdom,
735 268 61 26 utgär
812 267 58 21 vika-

109 303 56 20 riens
189 302 78 20 arvode
289 301 32 21 för
343 308 26 14 en
389 302 30 20 tid
439 301 23 21 af
479 302 63 26 högst
560 304 33 18 tre
613 302 101 21 mänader
733 302 23 20 af
775 302 95 21 bankens

109 336 68 21 medel
200 336 32 21 till
256 336 84 26 belopp,
360 342 45 15 som
425 336 22 21 af
464 336 195 26 bankfullmäktige
677 336 28 28 pä
724 336 146 21 direktionens

108 370 156 27 framställning
283 370 42 24 kan
345 370 66 22 varda
427 370 115 22 faststäldt.
573 370 87 22 Fortfar
675 371 126 27 sjukdomen
817 370 53 21 efter

109 406 106 26 förloppet
241 404 22 22 af
287 405 92 21 nämnda
406 405 37 25 tid,
467 405 125 21 ankommer
615 405 28 27 pä
666 405 204 27 bankfullmäktiges

109 440 105 26 pröfning,
236 440 105 20 huruvida
363 439 40 21 och
423 439 33 21 till
476 439 82 21 hvilket
578 439 79 27 belopp
673 439 75 27 bidrag
764 439 32 21 till
813 438 56 21 vika-

109 474 56 21 riens
180 474 112 21 aflönande
303 474 34 20 mä
349 474 22 20 af
385 474 96 21 bankens
494 474 68 21 medel
578 473 95 27 beviljas.
698 473 67 21 Sökes
778 473 92 27 ledighet

109 508 33 21 för
156 508 98 21 enskilda
269 508 185 26 angelägenheter,
468 508 80 28 äligger
564 508 104 27 tjenstens
683 508 139 20 innehafvare
838 509 32 19 att

108 543 23 21 af
149 543 46 21 sina
214 542 157 22 löneförmoner
387 542 56 22 afstä
458 543 24 21 sä
498 543 90 27 mycket,
605 548 46 15 som
666 542 34 21 för
715 542 103 27 tjenstens
834 542 35 20 be-

108 577 74 28 höriga
198 577 137 21 bestridande
350 577 69 22 under
434 577 122 28 ledigheten
572 577 116 21 erfordras.

177 611 10 22 I
206 611 26 21 de
250 611 43 26 fall,
311 612 27 21 dä
356 612 173 21 bestämmandet
549 612 23 21 af
590 612 93 21 vikaries
699 611 85 25 arvode,
800 611 69 21 såsom

108 646 108 21 verkande
234 647 28 26 pä
281 646 137 22 Civilstatens
438 647 64 20 enke-
521 647 40 20 och
577 646 144 27 pupillkassas
738 648 49 24 rätt,
804 646 66 27 enligt

107 681 98 26 gällande
229 681 151 26 författningar
400 681 124 21 ankommer
543 681 28 27 pä
591 680 104 22 Senatens
716 680 154 21 Ekonomiede-

108 717 125 25 partement,
250 721 50 15 vare
315 715 195 27 bankfullmäktige
526 715 18 27 ej
558 715 121 21 förmenadt
693 717 32 19 att
738 715 22 21 af
774 715 96 20 bankens

109 749 68 22 medel
193 749 78 27 bevilja
286 749 77 22 sädant
378 749 188 28 tillskottsanslag,
583 756 45 15 som
645 749 143 27 tilläfventyrs
804 749 66 21 befin-

108 791 37 14 nes
160 784 131 27 nödvändigt
307 784 33 21 för
355 785 106 26 tjenstens
477 784 197 27 upprätthällande.

458 843 26 21 61
502 842 19 27 8.

179 887 201 27 Semesterledighet
411 887 33 22 för
475 888 146 21 direktionens
651 888 138 21 medlemmar
814 889 55 19 samt

109 922 245 22 bankkommissarierna
372 923 111 21 meddelas
498 923 24 21 af
537 922 200 27 bankfullmäktige,
753 922 27 27 pä
796 922 73 21 derom

109 956 22 21 af
145 957 134 21 direktionen
294 957 61 28 gjord
371 957 165 27 framställning,
549 964 49 15 men
614 957 32 21 för
661 957 69 27 öfriga
741 957 128 27 tjenstemän

109 991 22 21 af
148 991 141 22 direktionen.
320 991 39 22 Om
380 992 152 21 användandet
548 992 39 21 och
603 992 147 27 fördelningen
766 991 23 21 af
803 992 36 21 det
856 992 12 21 &

109 1025 95 22 bankens
219 1029 43 18 stat
277 1026 33 21 för
325 1026 164 27 ifrågavarande
505 1027 99 21 ändamål
620 1029 111 24 upptagna
746 1026 73 27 anslag
830 1033 40 21 ega

109 1060 192 27 bankfullmäktige
316 1061 28 26 på
359 1061 149 22 direktionens
524 1061 80 27 förslag
619 1061 91 22 besluta.

459 1119 28 22 62
503 1119 18 27 8.

177 1153 18 26 Å
211 1158 36 22 det
265 1158 28 27 på
313 1159 97 21 bankens
426 1162 44 18 stat
487 1162 109 24 upptagna
612 1159 204 27 diskretionsanslag
832 1165 39 21 ega

108 1193 193 27 bankfullmäktige
323 1194 28 26 på
373 1194 148 22 direktionens
541 1194 83 28 förslag
642 1194 82 21 tilldela
742 1194 128 27 tjenstemän

109 1228 38 21 och
166 1228 101 27 betjente,
284 1228 55 21 både
359 1228 111 22 ordinarie
488 1229 40 21 och
544 1231 67 24 extra,
628 1229 34 21 vid
678 1229 91 21 hufvud-
785 1229 39 21 och
840 1228 30 22 af-

109 1262 202 27 delningskontoren
327 1262 174 28 gratifikationer
516 1263 34 21 för
566 1264 116 27 synnerligt
697 1264 33 20 nit
742 1264 38 20 och
792 1262 78 22 välför-

108 1296 98 22 hållande
224 1296 117 28 äfvensom
362 1297 120 28 tillfälliga
500 1298 128 27 understöd,
644 1298 29 21 då
691 1298 111 21 särskilda
820 1300 48 18 öm-

109 1332 78 20 mande
203 1332 189 28 omständigheter
407 1332 77 22 dertill
498 1332 64 28 gifva
576 1332 129 28 anledning.

459 1390 28 22 63
502 1390 18 28 $.

175 1428 47 22 Den
243 1429 96 22 bankens
360 1430 109 22 ordinarie
489 1431 91 21 embets-
600 1431 52 21 eller
671 1430 127 27 tjensteman
818 1430 52 22 eller

107 1463 88 27 betjent,
218 1469 45 15 som
287 1464 28 26 pä
338 1470 53 22 egen
415 1464 95 27 begäran
534 1465 92 21 erhåller
644 1465 81 27 afsked,
746 1467 22 19 är
786 1465 33 21 för
838 1465 32 21 sin
