1103 1700
252 138 15 20 4
485 137 29 22 U.
530 136 28 23 B.
575 150 27 2 —
618 136 108 23 XXXII.

501 209 38 21 att
566 208 148 22 Ständerna
742 208 79 22 mätte
846 208 152 28 godkänna.

432 242 129 22 utskottets
586 242 79 23 ofvan
695 243 110 29 intagna
837 242 149 29 beräkning,

433 277 78 29 enligt
547 277 104 22 hvilken
685 277 32 22 af
743 277 170 22 vinstmedlen
943 277 44 22 vid

432 312 111 21 sistlidet
572 311 44 23 års
646 311 98 29 utgång
774 312 32 22 ett
837 312 90 28 belopp
959 311 32 22 af

433 346 137 26 2,691,172
598 346 74 22 mark
700 347 32 21 14
754 346 83 29 penni
864 352 58 16 vore
948 346 39 22 för

432 380 193 22 statsändamä!
644 380 156 29 disponibelt
821 381 67 21 samt
906 380 82 22 under

436 414 62 22 åren
526 415 182 22 1894—1896
736 415 74 29 högst
838 421 30 15 en
895 414 92 28 miljon

430 449 74 22 mark
531 456 41 15 om
600 448 54 23 året
682 449 40 22 för
745 449 96 22 sådant
860 448 127 23 ändamål

432 484 84 22 kunde
530 483 38 29 pä
588 484 113 22 bankens
720 484 68 22 vinst
804 483 106 22 anvisas
923 484 64 21 samt

502 519 36 21 att
571 518 147 22 Ständerna
750 518 27 22 åt
806 517 182 23 statsutskottet

433 552 157 23 öfverlemna
618 553 37 22 att
678 552 133 23 inkomma
833 552 58 22 med
911 552 76 22 fram-

433 587 126 28 ställning
586 587 132 22 huruvida
746 587 46 22 och
820 587 42 22 till
884 587 103 21 hvilken

434 621 40 22 del
505 621 93 29 anslag
634 621 31 22 af
693 621 113 22 bankens
837 621 150 22 vinstmedel

433 656 84 21 kunde
540 656 107 22 anvisas
669 656 41 21 till
730 655 157 23 betäckande
905 655 32 22 af
952 656 35 21 ut-

432 690 77 29 gifter
527 697 54 15 som
601 691 44 21 vid
663 690 179 22 innevarande
860 690 127 28 landtdag

435 725 45 22 äro
500 724 109 23 föremäl
629 725 40 22 för
683 724 161 23 Ständernas
853 724 133 29 pröfning.

296 872 12 22 I
327 873 118 22 ärendets
463 873 157 29 behandling
640 873 78 22 hafva
737 873 107 29 deltagit
858 873 130 22 ordföran-

225 906 50 22 den
295 906 138 30 Runeberg
452 909 64 20 samt
536 907 175 22 ledamöterna
730 908 57 21 frih.
814 907 172 27 Cedercreutz,

224 947 52 15 von
295 941 77 26 Julin,
393 941 26 22 af
430 941 126 27 Lindfors,
570 942 148 27 Bonsdorff,
736 942 102 26 Wallin,
852 942 134 26 Forselius,

225 975 138 29 Wegelius,
400 975 186 30 Schybergson,
620 976 121 27 Fellman,
779 976 130 29 Lindberg
941 977 46 22 och

224 1009 147 29 Landgren.

295 1079 159 28 Helsingfors
474 1079 49 22 den
542 1079 16 22 9
578 1079 64 28 april
663 1079 76 23 1894.

484 1456 4 7 jä

293 1488 146 18 Bankutskottets
451 1489 109 17 betänkande
570 1489 37 18 N:o
620 1491 17 15 3.
