1103 1700
261 147 30 22 U.
307 147 26 23 B.
352 160 23 3 —
392 147 30 22 H.
438 147 26 22 F.
480 148 94 22 Antells
589 148 154 22 testamente.
842 148 12 20 5

193 215 32 21 De
241 216 70 21 under
325 222 64 15 mom.
405 216 18 26 a)
440 216 92 21 nämnda
548 216 114 27 samlingar
677 216 51 21 böra
743 216 6 21 i
766 216 61 21 deras
839 216 44 21 hel-

125 250 36 20 het
182 250 39 21 och
244 250 25 21 de
294 250 67 21 under
382 257 63 14 mom.
464 250 20 26 b)
504 250 96 27 äsyftade
616 250 31 22 till
663 250 79 21 sädana
757 250 64 28 delar,
837 257 45 15 som

125 290 62 15 anses
210 285 86 27 värdiga
314 287 30 19 att
359 284 47 22 med
423 284 93 27 offentlig
532 285 91 27 samling
638 284 124 28 införlifvas,
778 292 104 14 samman-

125 318 56 21 föras
197 320 39 20 och
251 319 94 27 bevaras,
361 320 34 20 för
409 321 35 25 att,
460 326 34 14 om
506 320 88 26 tidigare
607 321 29 19 ett
647 319 193 21 nationalmuseum
852 319 31 21 för

125 352 90 22 Finland
237 354 47 20 icke
307 354 89 20 kommit
418 353 31 21 till
472 354 68 25 ständ,
563 354 56 20 bilda
634 360 26 14 en
677 354 60 26 ringa
753 353 129 28 begynnelse

125 387 32 21 till
180 389 30 19 ett
232 388 79 27 sädant,
327 388 57 26 eller,
401 388 37 20 der
452 390 30 18 ett
497 388 67 26 dylikt
579 388 120 26 förefinnes,
715 388 65 20 varda
796 388 85 20 dermed

125 422 106 21 förenade.

197 461 42 21 Det
254 462 68 21 under
336 468 63 14 mom.
415 463 17 25 c)
449 462 91 21 nämnda
556 462 79 28 kapital
650 462 53 21 skall
719 461 163 21 sammanhällas

126 502 45 14 som
195 496 86 21 stäende
303 496 58 28 fond,
383 496 49 21 med
448 496 62 21 hvars
525 498 71 19 räntor
611 498 92 19 museets
719 496 116 27 samlingar
848 496 35 20 mä

126 536 76 21 genom
218 530 120 28 inköpande
354 530 21 21 af
389 530 88 21 föremäl
493 531 45 21 utaf
552 531 90 27 verkligt
658 530 63 21 värde
736 530 90 21 tillökas.

198 570 73 21 Skulle
284 570 101 21 Finlands
401 571 89 21 Ständer
504 571 47 21 icke
566 573 56 19 inom
634 571 43 20 fem
690 571 23 20 är
723 570 53 21 efter
786 571 43 20 min
842 570 39 21 död

126 605 63 20 hafva
209 605 151 21 sammanträdt
375 605 52 21 eller
442 606 38 20 och
496 606 7 19 i
518 605 113 21 framtiden
646 605 47 21 icke
707 605 7 20 i
730 604 153 28 grundlagsen-

126 639 29 27 lig
171 639 90 28 ordning
277 639 71 22 vidare
364 639 168 28 sammankallas,
548 639 53 22 skall
617 639 156 27 förvaltningen
787 639 39 20 och
837 639 45 20 vär-

127 673 41 21 den
184 673 22 21 af
220 674 71 21 denna
307 674 98 21 donation
421 674 86 27 öfvergä
522 674 31 21 till
569 673 132 28 Helsingfors
717 673 108 21 kommun.

480 778 53 21 2:do.

198 839 38 21 Till
252 839 118 28 Kejserliga
385 840 296 21 Alexanders-Universitetet
695 841 6 20 i
718 840 120 21 Helsinfors
852 840 31 21 öf-

127 874 119 21 verlemnas
263 875 188 20 ättahundratusen
467 875 104 26 (800,000)
587 875 59 21 mark
661 875 7 20 i
683 875 65 20 finskt
763 875 119 27 guldmynt,

126 908 81 21 hvilket
228 909 75 27 belopp
319 909 118 27 öfvertages
453 909 37 21 och
507 909 100 21 förvaltas
623 909 21 21 af
660 909 152 21 Consistorium
828 909 54 21 Aca-

127 942 104 21 demicum
248 943 37 21 och
302 943 162 21 sammanhälles
480 943 69 21 såsom
565 943 86 21 stående
666 943 58 27 fond,
739 944 63 20 hvars
817 943 65 28 ärliga

126 979 71 18 räntor
212 977 20 20 af
248 978 91 21 nämnda
355 977 153 22 Consistorium
523 978 152 21 Academicum
692 978 92 21 fördelas
799 978 32 21 till
844 985 38 14 un-

127 1011 83 21 derstöd
229 1012 6 20 i
257 1012 153 27 vetenskapligt
425 1012 55 27 syfte
495 1012 95 27 sälunda,
606 1014 30 19 att
650 1012 119 27 stipendiat,
784 1019 46 14 som
845 1012 38 21 bör

126 1052 49 14 vara
190 1045 55 22 finsk
261 1047 137 26 medborgare
415 1047 37 20 och
469 1047 34 20 vid
519 1047 93 20 nämnda
627 1047 124 20 universitet
765 1046 116 21 inskrifven

126 1079 53 21 civis
195 1080 139 27 academicus,
350 1087 49 14 men
415 1081 30 20 till
458 1081 62 20 hvars
531 1081 47 26 kön,
590 1081 230 26 religionsbekännelse
832 1081 51 20 eller

126 1114 224 22 universitetsfakultet
372 1115 83 27 hänsyn
472 1115 47 21 icke
539 1115 32 21 fär
586 1117 64 25 tagas,
666 1115 78 26 ärligen
761 1115 54 21 skall
832 1121 50 21 upp-

126 1148 50 21 bära
192 1148 105 22 ättatusen
313 1150 76 27 (8,000)
404 1149 69 21 finska
488 1150 60 20 mark
563 1150 69 20 under
646 1151 31 19 tre
693 1150 27 26 (3)
736 1149 33 21 ärs
783 1149 36 27 tid,
830 1150 53 20 efter

125 1183 63 21 hvars
211 1183 81 28 förlopp
314 1184 111 27 stipendiet
445 1184 53 21 dock
516 1184 27 28 pä
558 1184 88 20 särskild
663 1184 115 27 anledning
794 1184 34 20 mä
844 1190 37 14 un-

126 1217 37 21 der
177 1218 122 27 ytterligare
315 1219 61 27 högst
390 1221 31 18 tre
437 1219 27 26 (3)
480 1218 23 21 är
518 1218 98 28 ätnjutas.

194 1314 33 21 Då
241 1315 36 27 jag
292 1322 77 20 genom
385 1316 43 20 min
444 1316 50 20 käre
509 1316 135 21 fosterfaders
660 1316 85 27 välvilja
761 1317 51 19 satts
823 1315 6 20 i
840 1315 41 21 till-

124 1348 49 22 fälle
197 1349 30 21 till
249 1349 130 21 förbemälda
401 1350 209 27 kapitaldonationer,
636 1352 22 18 är
682 1350 44 20 min
743 1350 49 27 vilja
808 1352 30 18 att
853 1349 26 21 de

124 1383 60 21 häraf
199 1383 84 21 bildade
299 1384 103 20 fonderna
417 1384 111 27 uppkallas
545 1384 174 21 »Kammarrädet
733 1384 95 20 Herman
839 1383 41 21 Ro-

125 1416 101 28 senbergs
248 1418 95 26 fonder»,
365 1424 50 15 men
431 1420 30 20 att
476 1420 46 19 mitt
537 1425 61 14 namn
615 1418 34 21 vid
665 1418 116 28 ingendera
796 1418 21 20 af
832 1417 48 21 dem

123 1450 70 22 fästes.

194 1492 141 17 Statsutskottets
347 1492 110 17 betänkande
471 1492 33 17 N:o
517 1493 17 16 5.
