1103 1700
470 108 41 20 VI
817 109 25 20 21

671 186 77 22 Litt.
764 187 40 22 B.

110 272 151 32 Förteckning
297 272 66 25 öfver
398 280 49 24 nya
482 272 114 26 stående
632 273 112 31 anslag,
782 274 97 24 hvarom.

179 312 130 32 Kejserliga
332 312 95 25 Senaten
451 313 163 24 nedannämnde
638 313 71 31 dagar
732 313 7 24 i
762 312 110 26 underdå-

179 353 77 31 nighet
273 352 104 26 hemstält
395 353 40 24 och
454 355 97 23 emotser
570 352 81 32 nådiga
669 360 63 18 svar.

112 527 2 37 |
134 536 44 18 1892
191 536 34 18 den
239 537 20 15 17
273 535 86 18 Oktober.
385 536 99 22 Angående
500 536 64 22 anslag
584 536 28 17 för
628 536 58 17 Juris-
830 549 1 7 i

112 570 1 4 |
388 571 96 22 utriusgue
490 571 110 18 kanditaten
606 571 81 17 Herman
701 583 1 3 :
830 569 1 26 !

386 605 71 18 Rudolf
462 605 102 23 Lindgrens
571 605 116 18 anställande
701 613 1 4 '
830 601 1 11 |
870 614 2 19 i

387 640 60 17 säsom
456 641 40 16 tolk
504 640 33 17 och
544 639 143 24 tjenstebiträde
870 635 2 26 |

387 674 30 17 vid
435 675 55 22 ryska
502 674 185 18 Generalkonsulatet
830 676 1 15 |

388 709 4 17 i
406 709 96 22 Newyork,
516 710 50 20 1,000
578 709 68 17 dollars
659 714 28 12 om
701 704 1 3 '
830 715 1 13 |

387 743 41 18 året
452 743 58 18 under
532 743 107 22 förslagsvis
659 745 44 16 tre
696 739 11 31 :

387 766 82 37 årstid
497 766 190 37 0.0.
776 778 85 21 5,000
848 765 16 38 —

135 813 42 16 1892
191 812 33 18 den
240 813 20 16 14
270 812 104 18 December.
387 813 101 22 Angående
495 812 107 18 tilldelande
609 812 20 17 af
636 813 52 16 extra
702 833 1 3 -
830 808 1 14 |

387 847 98 22 pensioner
504 847 33 18 och
556 846 100 18 understöd
668 847 20 17 ät

388 882 94 18 särskilda
500 887 87 17 personer
599 881 29 18 till
642 887 45 12 sam-

387 917 96 22 manlagdt
495 917 65 22 belopp
574 916 26 18 af.
626 929 3 4 .
655 929 3 4 .
683 930 4 3 .
776 916 85 21 8,445]
849 912 17 32 —

135 950 44 17 1892
191 949 34 18 den
238 951 22 16 20
270 950 104 18 December.
387 951 101 22 Angäende
512 951 64 22 anslag
596 951 30 17 för
645 950 42 18 aflö-

387 985 61 18 nande
472 985 20 18 af
515 985 116 23 kyrkoherde
654 985 34 17 och

387 1020 121 22 psalmläsare
529 1020 5 17 i
555 1020 81 17 Joensuu
658 1019 30 18 till

387 1055 107 17 inrättande
521 1055 105 22 föreslagna
653 1059 35 18 nya

386 1089 142 22 grekisk-ryska
540 1089 118 22 församling.
684 1102 3 3 .
777 1089 54 20 1,400;
845 1098 15 2 —

135 1123 42 17 1893
193 1123 34 18 den
244 1123 22 17 24
278 1123 84 19 Januari.
386 1123 102 23 Angående
501 1123 64 23 anslag
578 1123 58 18 under
644 1123 44 18 åren

389 1159 50 21 1893,
454 1160 44 16 1894
510 1158 34 18 och
558 1159 44 17 1895
616 1158 28 17 för
657 1163 31 12 un-
753 1160 3 4 N
830 1157 1 23 |

388 1192 114 23 dersökning
520 1192 34 18 och
568 1192 120 22 uppmätning

387 1226 21 18 af
427 1227 83 17 farleden
530 1227 5 17 i
554 1226 81 18 Nilakka
655 1226 34 18 och

387 1261 91 18 Pielavesi
491 1262 55 22 sjöar,
559 1261 70 22 ärligen

111 1289 2 6 |
134 1295 43 17 1893
190 1294 34 18 den
239 1296 20 16 13
271 1295 96 18 Februari.
387 1296 101 22 Angäende
512 1297 92 21 temporär
628 1296 61 16 tillök-

386 1330 45 22 ning
450 1330 21 17 af
487 1330 121 17 statsverkets
624 1329 65 23 bidrag

765 1261 66 21 58,815
840 1271 21 1 —

387 1364 30 18 för
434 1364 175 28 polisinrättningen
626 1364 5 17 i
644 1358 44 27 Äbo,

386 1399 78 22 ärligen,
483 1399 79 17 räknadt
575 1399 42 17 frän
630 1398 34 18 den
679 1400 7 15 1

587 1435 101 30 Transport
702 1429 1 32 |
764 1439 67 22 73,660]
840 1448 20 2 —
