1103 1700
244 105 41 21 148
587 105 22 21 I

217 174 34 21 för
267 174 78 21 honom
361 174 6 20 i
383 173 53 28 följd
451 173 64 22 häraf
529 173 144 27 tillskyndade
689 172 125 23 kostnader.
837 168 61 39 Efter
910 173 71 30 veder-

217 207 108 22 börandes
340 208 96 21 hörande
451 207 128 23 öfversände
594 208 150 21 Prokuratorn
759 208 55 21 härå
827 208 154 27 handlingarna

218 242 7 22 i
241 242 68 22 saken
331 242 34 22 till
385 242 185 22 advokatfiskalen
593 242 7 22 i
624 242 158 22 ofvannämnda
798 242 82 21 hofrätt
895 242 34 22 för
944 248 37 14 an-

218 276 108 22 ställande
341 276 24 22 af
379 277 40 21 den
436 277 66 27 talan,
519 276 87 22 hvartill
623 276 214 27 omständigheterna
852 276 70 22 kunde
937 275 43 21 för-

218 310 87 22 anleda.

287 346 12 21 I
321 346 115 27 anledning
459 345 64 22 häraf
543 345 83 28 yrkade
640 345 189 22 advokatfiskalen
844 346 30 21 uti
890 345 90 21 embets-

218 380 113 21 memorial
355 380 24 21 af
392 380 41 22 den
448 381 28 21 29
491 380 122 22 November
631 381 60 26 1889,
708 382 40 26 att,
765 380 138 21 alldenstund
918 380 62 21 kam-

218 413 110 23 marrådet
343 414 41 27 W.,
399 415 34 21 till
452 414 65 22 hvars
534 414 155 28 föredragning
704 414 64 22 äfven
784 413 145 28 nyssnämnda
943 420 37 15 an-

218 448 91 27 sökning
324 448 57 27 hört,
396 449 55 21 först
466 449 41 21 den
525 450 25 20 13
567 449 44 21 Juli
629 450 54 20 1889
699 449 39 21 hos
754 450 134 26 guvernören
899 448 81 22 anmält

218 482 90 22 ärendet
330 483 34 21 till
387 483 64 21 ofvan
474 483 143 22 omförmälda
632 483 165 22 interlokutorie
813 483 82 27 åtgärd,
911 482 69 22 ehuru

218 517 148 27 ansökningen
389 518 65 21 redan
477 518 39 21 den
540 519 26 20 21
588 517 181 28 derförutgångne
784 518 58 21 Mars
857 518 33 21 till
904 523 75 21 guver-

218 553 68 20 nören
297 551 102 28 ingifvits,
408 552 39 22 och
459 552 28 22 då
498 558 25 15 en
535 552 32 22 tid
578 552 23 22 af
618 553 4 21 3
634 552 104 22 månader
749 552 40 22 och
800 553 25 20 21
838 552 66 27 dagar
911 551 68 22 måste

218 592 63 15 anses
304 586 118 27 öfverstiga
444 587 42 21 den
506 587 172 27 expeditionstid,
694 587 88 22 hvilken
798 587 96 27 skäligen
908 586 72 21 kunde

218 620 179 27 tillgodokomma
420 627 26 15 en
469 621 156 27 föredragande
647 621 36 22 vid
697 621 156 28 länestyrelsen
868 621 34 21 för
917 621 62 21 affat-

219 655 64 21 tande
299 655 23 21 af
336 662 26 14 en
377 655 122 28 expedition
514 655 24 22 af
546 655 68 22 sådan
625 655 157 28 beskaffenhet,
793 661 45 16 som
849 655 41 22 den
901 655 78 27 ifråga-

217 689 104 28 varande,
335 690 161 22 kammarrådet
511 690 33 22 W.
560 690 67 22 måtte
647 690 62 22 äfven
725 690 35 22 för
775 690 41 21 här
830 690 92 21 berörda
936 689 43 22 för-

218 724 118 27 sumlighet
350 725 7 20 i
373 725 91 27 tjensten
480 725 64 22 fällas
560 725 34 22 till
609 731 80 16 ansvar
705 725 69 28 enligt
790 725 58 21 förut
858 724 121 27 åberopade

217 759 85 26 lagrum
326 759 110 22 äfvensom
455 760 87 27 åläggas
557 761 33 20 att
605 762 84 19 ersätta
703 760 24 21 P.
744 760 82 21 dennes
840 759 117 22 kostnader
972 759 6 20 i

217 793 70 22 saken
307 793 54 22 efter
379 793 99 28 pröfning
498 794 23 21 af
538 794 56 21 hvad
611 795 25 20 P.
651 795 7 20 i
677 793 79 23 sådant
775 793 99 22 afseende
890 793 89 22 fordrat.

287 827 72 28 Bägge
384 828 71 22 målen
480 828 108 28 afgjordes
613 829 24 21 af
660 828 112 22 hofrätten
797 829 8 20 i
828 827 151 27 sammanhang

217 862 50 21 med
290 864 32 19 ett
345 865 66 19 annat
433 865 63 24 emot,
521 863 66 21 bland
607 863 75 28 andra,
698 865 104 20 senatorn
818 863 24 21 T.
857 862 63 22 väckt
935 861 44 22 åtal

217 902 78 21 genom
318 897 78 27 utslag,
420 903 46 16 som
490 897 54 22 efter
566 898 77 27 anslag
665 897 72 28 utgafs
754 898 42 21 den
811 898 27 21 22
853 897 45 22 Juli
914 896 64 25 1890;

217 931 41 21 och
279 931 68 27 jemte
369 931 37 22 det
429 932 193 27 ansvarsyrkandet
642 932 13 21 &
669 931 110 23 öfversten
795 927 33 31 Ä.,
844 938 45 15 som
903 931 76 22 endast

217 971 27 15 en
267 965 87 22 kortare
377 965 32 22 tid
432 966 102 22 förestätt
550 967 214 27 guvernörsembetet
783 967 32 21 uti
829 966 150 27 ifrägakomna

217 999 42 27 län,
283 1000 109 21 lemnades
417 1002 53 20 utan
494 1000 108 29 afseende,
627 1003 52 20 enär
703 1001 73 27 nägon
800 1000 149 28 försumlighet
972 999 6 22 i

216 1035 79 27 antydt
317 1035 123 22 hänseende
463 1035 47 22 icke
534 1036 72 21 kunde
622 1036 110 22 öfversten
748 1031 26 27 Ä.
791 1035 120 28 tillräknas,
927 1035 51 22 fann

216 1069 110 22 hofrätten
349 1070 56 21 hvad
429 1070 13 21 &
457 1070 275 23 advokatfiskalsembetets
746 1073 84 25 vägnar
845 1072 58 20 emot
917 1076 61 16 sena-

216 1106 51 19 torn
283 1104 24 21 T.
323 1104 39 22 och
378 1105 161 22 kammarrädet
554 1105 33 22 W.
603 1105 7 22 i
626 1105 63 22 ofvan
704 1105 93 22 stäende
812 1106 68 21 mätto
895 1105 83 22 anförts

215 1141 80 19 stanna
318 1140 47 20 dem
389 1139 34 22 till
445 1140 43 21 last
509 1140 70 21 säsom
603 1140 30 22 fel
653 1140 7 22 i
681 1140 94 27 tjensten
798 1142 56 20 samt
877 1139 102 28 pröfvade

215 1172 59 28 förty
297 1174 94 26 rättvist,
412 1174 86 27 jemlikt
521 1175 25 21 12
570 1174 12 28 $
607 1176 9 20 1
636 1174 51 28 kap.
705 1175 26 21 R.
747 1175 33 26 B.,
797 1174 63 22 döma
879 1174 48 22 dem
946 1176 33 20 att

215 1206 59 28 böta,
299 1210 102 20 senatorn
424 1209 24 21 T.
467 1209 27 21 75
517 1209 61 21 daler
593 1210 50 21 med
667 1210 41 21 144
731 1209 64 22 mark
818 1209 39 21 och
872 1208 107 22 kammar-

215 1241 64 22 rädet
301 1242 34 22 W.
354 1243 43 21 200
420 1242 59 22 daler
501 1244 49 21 med
574 1244 42 21 384
639 1243 61 22 mark
716 1243 34 22 till
767 1245 71 20 utsatt
852 1242 126 28 fördelning.

214 1276 114 28 Härjemte
348 1276 74 22 älades
437 1278 161 22 kammarrädet
612 1278 34 22 W.
661 1280 33 20 att
709 1278 51 22 med
775 1278 153 27 skyndsamhet
942 1278 36 21 vid

214 1310 158 27 tjensteansvar
394 1312 121 28 handlägga
538 1313 38 21 och
595 1313 34 22 till
644 1314 44 21 slut
703 1313 105 22 befordra
822 1312 63 22 ofvan
900 1312 78 22 omför-

214 1346 74 21 mälda
310 1346 101 26 ärenden,
427 1346 114 23 hvaröfver
560 1347 37 22 det
611 1348 121 21 tillkomme
746 1349 137 26 guvernören
897 1347 7 21 i
919 1347 60 22 länet

214 1381 34 20 att
263 1380 75 22 utöfva
353 1380 104 28 tillbörlig
471 1381 100 28 eftersyn,
586 1382 110 22 äfvensom
714 1384 40 26 att,
771 1381 56 23 efter
843 1382 70 27 skälig
927 1382 51 21 ned-
