1103 1700
245 116 42 21 194
589 113 22 23 II

217 184 58 27 hröt,
290 185 7 21 i
314 184 57 22 kraft
386 184 24 22 af
423 184 78 27 nådiga
516 183 181 28 förordningarna
713 184 42 22 den
771 184 27 22 26
809 184 106 22 Februari
927 185 54 21 1773

218 218 40 23 och
275 214 40 27 den
331 220 12 21 7
358 218 59 23 Mars
427 218 61 23 1838
504 218 53 22 utan
574 213 169 33 åtnjutande
716 208 26 44 af
750 212 51 34 läga
811 214 76 33 fardag
895 219 86 22 komme

218 255 35 21 att
267 254 48 21 frän
331 254 207 27 landbolägenheten
547 253 93 27 afhysas,
651 253 121 27 hvarjemte
782 256 134 24 guvernören
926 254 55 21 före-

217 287 68 27 skref,
302 290 33 20 att
351 288 61 28 ,den,
429 293 45 17 som
490 287 24 22 af
527 287 79 23 landbo
622 288 107 26 olagligen
744 287 55 28 köpt
814 288 52 22 eller
875 290 50 20 utan
933 288 48 21 der-

217 322 36 21 till
278 320 24 22 af
323 324 133 25 guvernören
475 321 119 27 behörigen
609 322 117 21 utverkadt
741 321 100 23 tillstånd
856 321 125 23 arrenderat

218 356 183 27 landbolägenhet
419 356 53 22 eller
487 356 107 22 derunder
609 356 91 28 lydande
714 356 57 28 jord,
787 356 93 22 förlorar
893 356 29 22 all
937 358 44 20 rätt

218 391 34 21 till
275 390 182 28 köpeskillingens
472 390 126 22 äterfäende
614 390 39 22 och
668 390 35 22 till
719 391 123 27 ersättning
856 391 33 21 för
904 391 40 21 den
959 390 23 22 af

217 426 82 20 honom
323 426 12 20 å
358 425 166 27 arrendejorden
547 424 108 28 nedlagda
676 425 95 22 kostnad
794 425 53 22 eller
862 426 51 21 derä
928 431 53 21 upp-

218 459 63 21 förda
304 459 130 27 byggnader,
456 459 74 21 hvilka
552 461 54 19 utan
628 459 74 22 vidare
725 460 94 26 omgäng
841 460 85 21 komma
941 460 39 25 att,

219 494 74 21 derest
314 493 95 27 köparen
432 494 52 21 eller
507 494 144 22 arrendatorn
675 494 36 21 vid
729 493 69 22 första
813 494 130 27 tillsägelsen
958 493 25 21 af

218 527 161 22 vederbörande
402 528 166 21 kronolänsman
591 528 48 21 icke
654 527 155 22 undanskaffar
824 528 55 26 dem,
894 528 34 21 för
942 527 38 22 kö-

218 569 80 20 parens
314 562 53 22 eller
382 562 154 22 arrendatorns
552 562 44 22 risk
612 562 40 22 och
668 562 94 28 räkning
773 562 34 23 till
818 562 41 23 den
870 564 54 20 mest
933 562 47 27 bju-

219 597 69 21 dande
303 596 102 27 försäljas
419 597 33 22 till
468 597 133 22 betäckande
617 597 24 22 af
654 597 147 22 kostnaderna
816 597 34 22 för
866 597 60 22 deras
941 603 39 15 un-

219 631 175 22 danskaffande*.

289 665 70 22 Sedan
374 666 71 21 denna
459 666 130 27 kungörelse
604 666 91 21 kommit
711 666 33 21 till
760 665 157 23 Prokuratorns
927 665 53 22 kun-

218 701 62 27 skap,
297 700 78 22 aktade
390 701 149 21 Prokuratorn
554 700 77 27 nödigt
645 700 106 22 förskaffa
766 700 33 27 sig
813 702 99 20 närmare
927 700 52 21 kän-

218 735 78 21 nedom
320 740 34 16 om
373 735 27 21 de
415 735 49 21 med
480 735 134 21 tillkomsten
630 734 25 22 af
667 735 147 27 kungörelsen
830 734 150 22 sammanhän-

218 769 71 27 gande
311 769 184 28 omständigheter
517 769 40 22 och
572 769 73 22 anhöll
661 769 86 22 derföre
763 775 35 16 om
813 771 144 25 guvernörens
972 769 8 20 i

217 803 35 22 W.
275 803 36 22 län
330 804 99 27 yttrande
445 804 6 21 i
468 803 90 22 ärendet
570 803 68 27 jemte
654 804 43 21 alla
713 804 47 21 deri
776 804 135 27 tillgängliga
925 809 54 22 upp-

217 838 113 27 lysningar
345 837 109 23 äfvensom
470 838 85 27 uppgift
570 838 103 22 särskildt
689 838 28 27 pä
737 838 88 22 hvilken
836 839 68 26 grund
915 837 65 22 ofvan

218 872 97 22 citerade
338 872 110 22 föreskrift
470 872 42 22 fått
526 873 8 20 i
549 873 143 27 kungörelsen
716 873 84 27 inflyta;
822 873 67 21 hvarå
904 878 75 22 guver-

218 908 66 20 nören
301 907 32 21 uti
347 907 112 22 skrifvelse
475 907 24 21 af
512 907 42 22 den
569 908 13 20 9
598 907 92 27 Augusti
707 907 55 22 1892
771 907 132 26 meddelade,
915 906 64 22 bland

218 944 74 23 annat,
308 943 33 20 att
355 941 131 22 landboerne
501 941 8 22 i
524 941 24 22 T.
564 941 28 28 by
607 941 25 22 af
644 941 27 22 K.
686 941 81 22 socken
783 941 69 22 under
862 941 51 22 åren
925 942 54 21 1890

219 975 41 22 och
285 977 52 20 1891
354 975 102 23 bedrifvit
471 977 32 21 ett
518 976 90 28 olagligt
622 976 149 27 köpslagande
785 976 50 22 med
850 976 129 22 statsverket

218 1009 99 28 tillhörig
336 1010 50 27 jord
408 1011 109 21 äfvensom
533 1010 13 21 å
560 1010 239 27 landbolägenheterna
813 1012 53 20 utan
881 1009 98 28 behörigt

218 1044 99 22 tillstånd
339 1044 94 27 upplåtit
454 1045 110 27 parceller,
588 1045 14 21 å
624 1045 73 22 hvilka
720 1044 116 28 eldfarliga
858 1044 121 28 byggnader

217 1079 73 22 blifvit
305 1079 113 28 uppförda,
434 1081 53 20 utan
502 1081 32 20 att
549 1079 183 22 intressentskifte
750 1081 9 20 &
770 1079 153 28 lägenheterna
937 1079 42 22 för-

218 1113 89 27 siggått.
337 1113 50 22 Med
402 1113 114 28 anledning
532 1113 65 22 häraf
611 1113 55 23 hade
682 1115 143 27 guvernören,
841 1119 47 17 som
903 1113 34 23 för
947 1113 32 22 öf-

217 1148 44 27 rigt
276 1148 122 27 åberopade
413 1148 34 28 sig
462 1148 13 21 å
490 1148 18 27 ej
525 1148 83 22 mindre
623 1149 121 27 Kejserliga
760 1148 106 22 Senatens
876 1148 32 22 uti
916 1148 63 22 skrif-

217 1183 61 21 velse
301 1182 48 22 från
368 1182 230 28 Finansexpeditionen
616 1183 40 22 den
671 1184 12 21 5
699 1183 60 22 Mars
777 1184 54 21 1884
847 1184 131 26 guvernören

217 1216 128 22 meddelade
355 1216 111 22 föreskrift
476 1223 35 15 om
522 1216 159 23 öfvervakande
691 1217 65 22 deraf
764 1219 34 20 att
807 1217 50 27 ofog
867 1216 24 22 af
898 1216 81 28 ifråga-

216 1251 97 22 varande
328 1251 47 27 slag
389 1251 48 22 icke
452 1252 54 26 egde
521 1258 54 20 rum,
592 1254 28 19 än
636 1252 13 21 å
663 1252 64 22 ofvan
742 1252 98 22 nämnda
847 1251 80 28 nådiga
934 1251 44 22 för-

215 1286 121 27 ordningar
358 1286 41 21 den
423 1286 27 22 26
472 1286 106 22 Februari
599 1287 55 21 1773
669 1286 40 22 och
726 1287 11 21 7
753 1286 60 22 Mars
830 1287 61 26 1838,
907 1288 72 20 ansett

216 1320 35 28 sig
266 1320 54 22 böra
335 1326 74 21 genom
426 1320 139 22 utfärdandet
580 1320 24 22 af
617 1321 67 27 sagda
698 1320 132 28 kungörelse
838 1321 87 27 vidtaga
937 1321 41 22 den

217 1356 125 26 strängaste
357 1353 76 28 åtgärd
448 1354 33 22 till
496 1354 106 28 stäfjande
618 1355 24 22 af
655 1355 93 22 berörda
762 1355 149 28 olagligheter,
926 1357 52 20 utan

216 1390 35 20 att
273 1388 28 22 de
324 1388 46 22 deri
391 1388 105 28 ingående
519 1388 191 29 bestämningarna
733 1390 113 27 angående
865 1389 76 22 förlust
955 1389 26 21 af

217 1422 146 28 köpeskilling
385 1422 108 23 äfvensom
510 1423 24 22 af
548 1425 44 21 rätt
608 1424 34 22 till
658 1424 121 27 ersättning
794 1424 55 22 dock
863 1423 70 23 sknlla
947 1423 31 22 af-
