1103 1700
479 101 21 21 H
806 100 40 20 163

106 173 37 21 vid
165 171 101 27 Wiborgs
291 171 48 21 8:de
362 170 70 21 finska
451 168 238 28 skarpskyttebataljon
704 167 60 22 Elias
780 168 29 22 H.
824 167 48 22 med

107 206 71 23 enkan
193 205 103 22 Fredrika
311 205 34 25 N.,
361 204 47 21 från
423 203 69 27 sagda
508 202 55 27 stad,
580 202 68 22 ehuru
663 202 34 26 H.,
709 208 47 15 som
772 202 100 22 bekände

106 239 165 29 grekisk-ryska
294 238 115 27 trosläran,
433 237 139 22 derförinnan
595 236 47 22 icke
664 236 33 21 till
722 236 24 21 G.
771 236 102 22 aflemnat

109 275 77 21 sädant
209 273 60 27 intyg
292 273 59 21 öfver
373 272 150 21 hinderlöshet
538 271 33 21 till
588 270 127 27 äktenskap,
732 276 46 16 som
794 270 79 22 omför-

108 309 69 21 mäles
199 308 8 21 i
231 309 10 19 1
263 307 11 28 &
290 307 23 21 af
327 306 78 28 nådiga
420 306 153 26 förordningen
590 305 40 21 den
646 306 12 20 4
673 305 122 21 November
812 306 60 26 1836,

108 342 137 22 alldenstund
268 341 162 28 presterskapet
453 340 7 21 i
476 340 164 28 grekisk-ryska
655 339 154 27 församlingen
824 340 8 21 i
847 340 26 21 K.

109 377 57 25 stad,
182 376 87 22 hvilken
293 376 125 26 församling
433 375 29 21 H.
479 374 110 27 tillhörde,
605 374 55 21 först
675 374 41 21 den
734 375 26 20 13
776 374 97 22 Oktober

112 412 54 21 1889
189 411 105 21 verkstält
316 410 69 26 tredje
408 409 39 21 och
471 409 53 21 sista
547 408 112 28 lysningen
679 408 33 22 till
730 408 144 23 omförmälda

110 446 129 26 äktenskap.

179 480 38 22 Uti
236 478 101 22 häröfver
352 478 112 21 infordrad
480 477 120 27 förklaring
615 477 39 21 har
670 478 203 26 pastorsadjunkten

109 514 36 27 G.,
161 514 49 22 med
224 513 129 27 biläggande
369 512 23 22 af
405 512 72 28 styrkt
492 511 89 22 afskrift
592 511 23 21 af
624 513 31 20 ett
665 512 49 21 utaf
724 512 150 26 kyrkoherden

111 549 8 21 i
141 548 162 28 grekisk-ryska
325 547 151 27 församlingen
499 547 7 21 i
529 546 92 22 berörde
643 546 26 21 K.
690 546 49 22 stad
758 547 25 21 A.
800 546 41 23 den
862 548 12 21 2

112 583 91 28 Augusti
218 583 142 21 nästnämnda
375 583 25 20 är
415 581 114 22 utfärdadt
544 581 67 26 bevis,
625 580 79 28 anfört,
720 581 65 22 bland
800 584 73 24 annat,

111 620 34 19 att
167 617 59 21 Elias
250 617 33 26 H.
300 617 54 21 efter
374 619 32 18 att
426 616 94 27 tidigare
536 615 65 21 hafva
616 615 38 21 hos
669 615 26 22 G.
711 616 80 27 uttagit
806 619 68 25 prest-

112 652 60 21 bevis
192 651 110 27 angående
317 651 104 21 Fredrika
436 651 39 20 N:s
491 650 61 21 ålder
567 649 41 22 och
623 649 69 27 stånd,
709 650 33 21 till
759 650 26 22 G.
802 651 70 21 aflem-

113 688 36 19 nat
173 685 62 22 ofvan
251 685 92 22 berörda
359 685 24 22 af
397 685 149 27 kyrkoherden
565 685 25 20 A.
607 684 114 21 utfärdade
744 685 60 28 intyg
826 686 49 21 med

113 720 100 22 anhållan
237 721 33 20 att
293 719 66 22 blifva
374 720 33 21 till
423 719 121 27 äktenskap
560 719 49 20 med
624 719 105 21 Fredrika
744 720 27 21 N.
787 720 89 27 förelyst

112 755 40 21 och
169 754 157 27 sammanvigd;
343 756 40 24 att,
399 754 69 21 ehuru
484 753 32 22 uti
531 753 95 21 nämnda
642 753 58 27 intyg
716 754 124 27 visserligen
857 755 18 27 ej

113 789 70 27 ingätt
205 788 67 27 nägot
295 788 110 22 utlätande
429 794 35 15 om
487 787 39 22 H:s
545 787 147 22 hinderlöshet
707 788 33 21 till
757 789 118 27 äktenskap

114 823 48 22 med
185 822 70 28 nägon
278 823 49 26 viss,
344 822 137 27 namngifven
506 821 142 28 fästegvinna,
664 822 66 27 sagda
746 823 59 28 intyg
821 823 54 22 dock

113 858 68 27 enligt
201 857 36 22 G:s
253 857 140 22 förmenande
408 857 116 21 innehällit
540 857 43 20 alla
599 856 26 22 de
641 856 167 28 hufvudsakliga
824 864 53 21 upp-

113 892 73 27 gifter,
203 898 45 15 som
271 893 54 20 varit
349 891 142 27 erforderliga
514 890 34 22 för
563 893 33 19 att
612 891 82 27 lysning
709 891 33 22 till
758 892 118 27 äktenskap

115 927 79 21 mellan
216 926 60 21 Elias
298 927 27 20 H.
342 926 40 21 och
404 925 106 22 Fredrika
526 925 25 21 N.
567 925 83 22 kunnat
665 926 6 21 i
687 926 84 27 kyrkan
788 927 31 20 uti
836 927 39 21 den

115 961 126 26 församling
255 960 106 22 Fredrika
376 961 26 21 N.
415 960 104 21 tillhörde
529 959 119 26 afkunnas;
664 961 33 20 att
707 959 25 22 G.
743 961 7 20 i
761 961 116 27 anledning

115 995 62 22 häraf
199 995 108 22 afkunnat
329 995 85 27 lysning
436 995 34 21 till
494 994 162 27 ifrägavarande
679 995 119 27 äktenskap
823 998 55 19 samt

115 1029 100 27 derefter,
232 1029 28 22 dä
282 1029 55 22 intet
355 1029 33 27 jäf
402 1031 58 20 emot
477 1029 119 21 detsamma
612 1029 98 26 anmälts,
727 1029 104 27 uppgifna
847 1029 31 22 tid

114 1064 144 27 sammanvigt
273 1063 195 27 kontrahenterna;
484 1065 33 20 att
532 1063 25 22 G.
569 1063 23 21 sä
606 1063 85 28 mycket
701 1064 83 21 mindre
795 1065 84 20 kunnat

114 1098 99 22 förmoda
236 1100 33 19 att
291 1098 84 27 lysning
395 1098 18 27 ej
431 1097 28 22 dä
475 1098 67 21 redan
558 1098 58 21 skett
632 1098 6 21 i
654 1098 40 21 den
710 1098 126 27 församling
852 1099 26 20 H.

116 1133 107 27 tillhörde,
240 1139 47 15 som
307 1134 8 20 1
335 1133 34 27 $:n
384 1133 33 21 uti
433 1132 124 28 åberopade
572 1132 125 28 förordning
713 1132 24 22 af
751 1133 40 21 den
808 1134 13 20 4
837 1133 43 21 No-

117 1168 86 21 vember
228 1168 54 21 1836
305 1167 139 26 föreskrefve,
462 1169 33 19 att
518 1167 36 21 det
570 1167 45 21 deri
630 1167 116 21 omordade
761 1168 83 26 intyget
860 1168 18 26 ej

116 1202 56 26 finge
195 1202 22 21 af
238 1204 86 25 presten
347 1202 6 21 i
373 1202 155 26 församlingen
545 1201 103 27 utfärdas,
665 1201 73 21 förrän
755 1202 125 26 fullständig

117 1236 84 28 lysning
216 1238 53 20 utan
285 1236 89 22 klander
385 1236 126 27 försiggätt;
528 1236 40 21 och
579 1236 28 21 dä
618 1236 149 27 kyrkoherden
778 1237 32 27 A.,
821 1236 60 21 detta

117 1270 97 28 oaktadt,
230 1270 97 22 utfärdat
339 1270 159 22 ofvanberörda
508 1270 221 28 hinderlöshetsintyg
739 1270 33 22 för
782 1270 28 22 H.
822 1270 59 27 långt

117 1304 46 22 före
179 1304 36 21 det
230 1304 80 22 dennes
326 1304 187 28 äktenskapsaftal
529 1305 48 21 med
592 1304 106 22 Fredrika
713 1305 26 21 N.
751 1304 23 22 af
786 1306 95 26 prester-

117 1339 76 27 skapet
213 1339 6 21 i
239 1338 26 22 K.
283 1340 58 20 stads
357 1339 166 27 grekisk-ryska
538 1338 126 28 församling
679 1340 55 20 sista
749 1339 84 27 gängen
851 1339 30 21 af-

116 1374 101 26 kunnats,
242 1374 25 20 sä
289 1374 62 27 hade,
375 1374 66 27 enligt
465 1374 38 21 G:s
520 1374 145 26 förmenande,
681 1374 151 27 kyrkoherden
849 1374 31 24 A.,

118 1414 47 16 men
189 1408 18 27 ej
231 1408 25 21 G.
273 1409 56 21 varit
345 1409 99 21 vällande
461 1408 35 22 till
512 1408 39 22 den
566 1408 159 27 lagstridighet,
741 1414 46 15 som
804 1408 6 21 i
827 1407 54 21 före-
