1103 1700
277 134 26 21 16
480 132 76 23 Ständ.
572 133 50 22 Skr.
638 146 28 2 —
681 132 91 22 XXXII.

598 200 25 20 17
640 200 20 26 8.

319 251 112 21 Förutom
452 251 8 21 i
480 251 28 21 de
526 250 36 22 uti
582 252 26 20 15
626 252 14 26 8
656 249 139 23 omnämnda
809 249 48 28 fall,
874 248 109 23 förhålles
999 248 8 21 i

247 285 68 29 fråga
333 292 36 14 om
389 285 100 29 ändring
504 285 26 21 af
543 285 63 21 detta
620 285 144 28 reglemente
780 284 74 28 enligt
870 282 137 30 stadgandet

246 320 9 21 i
272 322 25 20 11
315 321 12 26 &
353 320 26 21 af
396 320 86 28 nådiga
499 320 176 28 förordningen,
697 318 120 29 angående
836 318 113 28 styrelsen
964 316 43 22 och

246 354 181 29 förvaltningen
442 354 26 22 af
481 354 113 22 Finlands
609 354 74 26 Bank,
700 353 82 29 gifven
798 352 44 22 den
858 353 13 21 9
881 351 126 23 December

247 390 63 21 1867.

570 485 25 21 H
608 485 71 21 KAP.

417 548 43 23 Om
474 549 107 22 bankens
597 547 199 29 sedelutgifning.

600 613 25 21 18
642 613 19 26 &.

318 664 116 29 Beloppet
448 664 25 21 af
481 664 105 21 bankens
596 664 141 29 utelöpande
748 664 76 21 sedlar
831 665 37 20 må
876 665 51 20 med
937 664 70 29 högst

246 699 131 21 trettiofem
392 699 118 21 millioner
520 699 66 21 mark
597 699 129 28 öfverstiga
736 699 52 21 dess
800 699 78 21 valuta
888 699 37 21 för
935 699 72 21 sedel-

246 733 193 28 utgifningsrätt,
454 733 96 21 hvartill
564 733 85 21 räknas
661 733 20 28 ej
693 733 61 22 blott
764 733 104 21 bankens
877 733 130 22 metalliska

247 767 69 22 kassa
332 767 74 29 jemte
425 767 87 28 silfver,
528 769 57 20 utan
601 767 43 22 ock
660 767 104 22 bankens
780 767 113 30 ostridiga
907 767 100 22 fordrin-

247 809 42 21 gar
310 802 43 21 hos
377 802 52 21 dess
449 802 125 21 utländska
594 802 87 21 ombud
698 804 60 19 samt
773 802 93 21 banken
881 802 124 29 tillhöriga,

247 837 13 20 å
275 836 125 22 utländskt
414 837 120 28 myntslag
548 836 101 29 lydande
660 836 162 29 obligationer,
833 837 120 28 kuponger
963 838 43 21 och

247 871 82 21 sedlar.

320 905 82 22 Såsom
423 905 140 29 utelöpande
583 905 75 22 sedlar
681 905 66 22 skola
764 905 88 30 jemväl
871 913 66 14 anses
951 905 56 22 ban-

247 939 59 22 kens
325 940 152 29 anvisningar
492 941 13 20 å
520 940 72 21 finskt
610 942 67 27 mynt
692 940 43 21 och
746 940 77 29 öfriga
833 940 40 21 vid
883 940 123 21 anfordran

246 974 113 21 förfallna
375 974 155 22 förbindelser
545 975 120 21 äfvensom
680 975 153 21 innestående
848 975 84 28 belopp
945 975 14 21 å
968 975 38 21 be-

246 1009 88 28 viljade
350 1009 178 22 kassakreditiv.

598 1079 26 21 19
640 1080 20 26 8.

321 1130 81 22 Såsom
417 1131 117 21 metallisk
550 1131 68 22 kassa
633 1139 76 14 anses:

319 1166 108 28 myntadt
442 1166 44 21 och
501 1166 122 28 omyntadt
637 1166 57 28 guld
709 1168 61 20 samt

321 1200 62 28 guld,
403 1207 49 14 som
467 1200 37 22 för
519 1200 103 22 bankens
638 1200 101 30 räkning
754 1201 106 21 innestår
874 1200 41 22 hos
931 1202 76 27 mynt-

246 1234 90 21 verket.

319 1268 111 22 Bankens
445 1269 132 21 metalliska
592 1270 68 21 kassa
674 1270 36 21 får
725 1270 53 21 icke
793 1270 127 21 bibehållas
933 1269 74 21 under

246 1302 71 29 tjugu
332 1303 109 28 miljoner
456 1304 70 20 mark.

319 1337 47 21 För
381 1338 45 21 den
441 1338 132 21 metalliska
588 1338 97 22 kassans
700 1338 164 22 förstärkande
880 1342 23 18 är
917 1338 89 22 landets

246 1372 116 28 regering
380 1372 132 28 berättigad
530 1374 41 26 att,
593 1372 60 22 efter
669 1373 114 29 pröfning
798 1373 26 21 af
836 1372 172 22 bankfullmäk-

246 1406 62 28 tiges
327 1406 79 22 derom
425 1407 83 28 gjorda
522 1407 179 29 framställning,
718 1408 30 28 på
763 1408 142 21 Ständernas
920 1411 87 25 vägnar

249 1442 126 26 garantera
393 1442 123 21 utländskt
533 1444 39 19 län
590 1445 56 19 eller
661 1442 79 22 kredit
754 1443 31 28 pä
799 1442 71 28 hogst
883 1442 34 22 tio
933 1442 75 28 miijo-
