1103 1700
787 137 28 21 43

91 193 68 21 nande
177 192 24 22 af
217 192 80 22 vikarie
315 192 33 22 för
368 192 105 22 ordinarie
491 193 97 21 direktör
606 193 58 21 såväl
680 193 7 21 i
702 199 28 15 nu
745 193 98 27 gällande

89 227 128 27 reglemente
232 233 45 15 som
293 226 39 22 ock
347 227 8 21 i
370 227 36 21 det
421 226 23 22 af
458 227 120 21 Ständerna
592 227 35 21 vid
643 229 84 19 senaste
742 227 101 27 landtdag

88 262 93 26 antagna
201 260 102 28 förslaget
324 261 33 21 till
379 262 48 26 nytt
448 261 128 27 reglemente
598 261 143 21 föreskrifves.
772 262 71 21 Jemte

89 296 36 21 det
147 295 194 26 Bankfullmäktige
363 295 72 21 derför
450 296 69 20 tillåta
537 296 32 27 sig
588 296 131 21 underställa
737 296 105 27 ifrågava-

90 330 65 22 rande
176 330 79 26 förslag
273 330 179 21 Bankutskottets
470 330 162 26 öfvervägande,
651 330 65 21 hafva
732 330 110 21 Bankfull-

90 364 92 28 mäktige
195 364 78 27 jemväl
284 365 53 20 trott
349 364 32 26 sig
391 364 53 21 böra
454 364 76 27 bringa
539 364 33 21 till
584 364 121 21 Utskottets
715 364 126 26 kännedom,

88 400 33 20 att
143 398 144 26 Direktionen,
308 404 44 16 som
371 400 71 19 ansett
459 398 74 27 frågan
552 404 34 16 om
606 399 48 21 dess
672 398 146 28 förstärkning
835 399 6 20 i

90 433 74 27 antydt
183 432 99 22 afseende
300 438 51 15 vara
369 432 22 21 af
410 432 40 21 den
465 432 135 22 brådskande
616 434 39 24 art,
671 434 32 20 att
719 432 122 22 densamma

87 467 68 21 borde
169 467 23 21 så
207 466 41 22 fort
263 473 46 15 som
324 466 83 28 möjligt
422 466 39 22 och
477 467 119 21 oberoende
610 466 24 22 af
646 467 67 21 andra
727 466 114 27 ändringar

87 502 32 21 uti
138 507 28 15 nu
185 501 98 27 gällande
301 500 185 28 bankreglemente
502 501 81 21 erhålla
598 501 32 21 sin
646 501 90 27 lösning,
752 501 88 21 anhållit

87 537 32 20 att
134 535 90 22 särskild
239 535 156 27 framställning
410 535 74 21 härom
500 535 69 21 skulle
584 535 38 21 hos
638 535 166 21 Bankutskottet
819 534 23 22 af

86 570 195 27 Bankfullmäktige
295 571 70 26 göras,
380 576 49 15 men
445 572 32 19 att
491 570 143 27 Fullmäktige
650 570 54 21 dock
714 570 47 21 icke
772 570 68 21 funnit

86 604 125 27 tillräckligt
225 604 47 21 skäl
288 603 70 22 dertill
371 603 138 22 förekomma.

154 639 9 20 I
183 638 58 21 detta
260 638 151 27 sammanhang
430 638 63 21 hafva
511 638 196 27 Bankfullmäktige
724 639 70 20 ansett
808 638 32 27 sig

85 673 47 22 icke
147 673 52 21 böra
214 673 111 21 underlåta
339 674 33 20 att
385 673 77 21 beröra
474 673 78 27 jemväl
564 673 40 21 den
615 673 23 22 af
646 673 193 21 Bankrevisorerne

86 707 77 22 väckta
178 707 81 28 frågan,
274 707 105 21 huruvida
397 713 76 21 genom
493 707 143 22 anställandet
650 707 23 21 af
687 713 25 16 en
727 707 67 27 fjerde
809 707 30 21 di-

85 742 74 21 rektör
181 742 7 21 i
203 742 88 21 Banken
310 741 39 22 den
369 741 7 21 i
394 741 37 21 det
449 747 41 22 nya
508 742 198 27 bankreglementet
720 741 120 27 föreslagna

86 776 295 27 bankkommissarietjensten
403 776 35 21 vid
458 776 182 21 hufvudkontoret
655 776 98 27 möjligen
768 775 71 22 kunde

85 811 112 21 undvaras.
229 810 41 21 Till
295 810 48 21 stöd
368 809 73 22 härför
467 809 43 22 kan
532 811 124 26 visserligen
678 810 105 27 åberopas
806 812 32 19 att

86 851 75 21 genom
185 845 150 21 Direktionens
357 843 145 29 förstärkning
521 845 47 21 med
590 845 132 21 förbemälde
744 845 94 21 ledamot

85 879 69 26 någon
173 879 82 21 lättnad
273 879 7 20 i
299 879 49 20 dess
367 878 88 21 arbeten
470 879 164 26 ästadkommes,
650 879 135 27 hvarigenom
801 879 36 20 det

83 913 109 22 befunnits
206 913 83 27 möjligt
303 915 38 23 att,
357 912 27 27 pä
399 914 43 20 sätt
458 913 39 21 här
507 913 68 21 nedan
586 915 97 19 närmare
694 913 142 25 omförmäles,

83 947 108 22 bibehålla
212 947 158 26 bestämningen
393 947 6 20 i
421 947 98 26 gällande
542 948 187 26 bankreglemente
748 953 34 16 om
803 949 33 19 ut-

84 981 101 22 öfvandet
204 981 22 22 af
243 981 120 22 kontrollen
381 981 59 22 öfver
458 981 100 22 Bankens
572 981 61 22 hvalf
646 988 75 20 genom
737 988 26 15 en
779 982 57 21 leda-

83 1017 45 20 mot
149 1016 8 21 i
175 1016 144 23 Direktionen,
339 1015 86 22 hvilken
444 1015 120 28 skyldighet
584 1016 64 27 enligt
664 1016 35 21 det
714 1022 41 21 nya
770 1016 66 21 bank-

84 1050 138 27 reglementet
247 1050 74 21 afsetts
346 1052 32 19 att
403 1049 28 28 pä
457 1050 218 22 bankkommissarien
698 1049 138 28 öfverflyttas.

84 1084 80 22 Härvid
183 1085 62 20 torde
264 1084 53 21 dock
340 1084 97 27 beaktas,
457 1086 33 19 att
509 1084 69 27 nägon
597 1085 104 27 väsentlig
716 1084 120 27 minskning

84 1118 23 22 af
134 1119 25 21 de
182 1119 106 21 ordinarie
311 1118 214 22 bankdirektörernes
547 1119 145 27 regelbundna
710 1119 88 21 arbeten
816 1119 19 27 ej

83 1153 69 21 skulle
180 1154 61 20 ernäs
263 1159 75 21 genom
360 1154 142 21 tillsättandet
524 1154 23 21 af
565 1154 40 21 den
624 1154 67 28 fjerde
709 1154 126 25 ledamoten,

83 1189 51 19 enär
157 1188 67 20 denne
243 1187 44 21 ofta
305 1193 50 15 vore
374 1189 108 25 upptagen
501 1188 23 21 af
541 1188 144 28 inspektioner
703 1188 40 22 och
761 1188 75 22 endast

83 1222 67 21 under
170 1222 56 21 vissa
244 1222 133 21 mellantider
396 1222 70 21 blefve
485 1223 7 20 i
508 1222 84 22 tillfälle
607 1224 32 20 att
654 1225 49 25 taga
718 1222 118 27 befattning

83 1256 50 21 med
148 1256 25 22 de
188 1256 7 21 i
205 1256 138 22 Direktionen
354 1256 140 22 förefallande
503 1257 127 27 göromälen,
642 1258 33 20 att
685 1257 73 21 vidare
768 1256 67 22 bank-

83 1290 160 22 kommissarien
257 1290 76 22 främst
347 1296 50 16 vore
413 1290 75 22 afsedd
498 1292 33 20 att
541 1298 51 15 vara
602 1292 50 21 chef
661 1291 33 22 för
704 1292 132 20 kamrerare-

84 1324 101 22 kontoret
207 1325 39 21 och
266 1325 8 21 i
295 1325 70 21 denna
383 1325 107 27 egenskap
510 1326 114 21 öfvervaka
640 1326 140 26 bokföringen
796 1325 39 21 och

82 1358 124 22 bokslutens
220 1359 137 27 uppgörande
373 1361 54 20 samt
442 1359 100 27 slutligen
558 1361 33 20 att
605 1360 130 21 inrättandet
750 1359 23 21 af
787 1360 48 21 sist-

82 1392 91 22 nämnda
192 1393 64 27 tjenst
271 1394 39 21 alls
325 1393 46 22 icke
386 1394 90 21 innebär
491 1394 70 26 nägon
577 1394 78 27 ökning
669 1394 22 21 af
704 1394 131 21 kamrerare-

82 1426 109 22 kontorets
207 1428 97 26 persona]
319 1429 50 20 utan
389 1428 56 21 blott
462 1434 26 15 en
503 1428 124 27 förändring
642 1428 22 22 af
677 1428 57 21 vissa
748 1428 87 27 tjenste-

82 1462 59 20 mäns
157 1462 106 26 ställning,
278 1462 7 21 i
305 1462 36 21 det
359 1463 31 20 att
405 1462 28 22 de
447 1462 104 28 vigtigare
566 1462 244 28 kamreraregöromälen
828 1462 7 22 i
