1103 1700
267 111 27 21 36
608 112 21 22 II

306 180 59 21 Inom
389 180 73 28 hvarje
485 180 81 21 hofrätt
588 180 48 28 har,
659 181 71 21 såsom
754 180 153 22 ofvanstäende
928 180 71 22 siffror

236 214 78 26 utvisa,
330 214 7 21 i
353 214 101 22 medeltal
469 220 39 22 per
523 214 25 22 år
562 215 70 22 under
647 214 167 28 ifrågavarande
824 210 105 37 tidrymds
941 210 62 37 sista

236 248 167 27 qvinqvennium
425 249 61 21 såväl
508 249 113 21 inkommit
645 256 47 15 som
714 250 89 27 afgjorts
818 249 52 21 flere
885 248 114 22 kriminela

236 282 133 22 besvärsmål
385 285 26 19 än
426 284 68 21 under
509 283 71 27 någon
596 284 92 27 tidigare
704 284 81 27 period.
811 284 42 21 Det
866 284 78 21 minsta
955 289 43 16 me-

236 316 92 23 deltalet
351 318 113 22 kriminela
486 318 133 22 besvärsmål
642 318 98 22 förekom
756 319 6 21 i
777 312 47 28 Åbo
845 318 39 22 och
899 318 100 27 Wiborgs

235 351 84 23 hofrätt
334 352 69 22 under
417 352 171 28 treårsperioden
606 354 148 26 1843—1845,
769 353 78 21 medan
858 353 7 21 i
876 352 65 22 Wasa
951 352 47 22 hof-

236 388 46 20 rätt
297 386 52 22 åren
367 388 139 22 1846—1850
530 387 64 22 hafva
610 390 32 19 att
657 388 92 27 uppvisa
764 388 27 21 de
806 388 71 26 lägsta
892 387 106 21 siffrorna.

235 420 190 22 Medeltalssiffran
450 421 34 22 för
510 421 96 28 afgjorda
632 422 114 22 kriminela
772 421 134 22 besvärsmål
930 421 68 21 under

235 455 105 27 perioden
357 456 141 22 1886—1890
514 456 127 28 öfverstiger
657 456 152 22 motsvarande
826 456 60 22 siffra
902 455 33 21 för
946 456 52 20 åren

238 490 143 22 1843—1845

342 547 7 22 i
364 542 47 27 Åbo
429 538 14 42 —
455 547 82 22 hofrätt
553 548 48 22 med
617 549 42 21 344
675 548 44 22 mål
735 548 52 22 eller
803 549 47 21 90.5
867 548 27 27 %,

341 599 10 9 n»
366 583 66 21 Wasa
490 599 10 10 a
572 599 10 10 n
615 583 42 21 2837
691 599 10 10 ,
754 599 10 10 n»
801 584 47 20 82.6
876 599 10 10 &

342 633 9 10 »
367 617 99 27 Wiborgs
491 634 9 10 ,
575 634 9 9 »
618 618 41 21 466
694 634 9 10 ,
756 634 9 10 »
790 618 59 21 1641
877 633 9 10 I

262 725 41 26 HI.
340 726 29 25 Af
384 726 174 25 wnderrätterna
576 726 127 32 handlagda
721 726 245 32 anmälningsärenden.

528 790 178 20 1843—1890.

547 845 135 28 Inteckning.

556 896 54 22 (Tab.
623 896 50 23 XV).

305 943 32 22 De
353 943 109 28 uppgifter
477 943 91 22 rörande
584 943 125 27 inteckning
725 943 7 22 i
748 943 43 21 fast
802 943 109 27 egendom,
923 943 74 21 hvilka

234 976 35 23 för
284 978 103 27 perioden
411 979 140 20 1843—1890
574 978 112 27 föreligga,
701 977 73 22 kunna
789 979 73 26 tyvärr
877 977 48 22 icke
939 977 58 27 gifva

234 1011 73 28 nägon
317 1011 66 22 exakt
393 1012 45 21 bild
448 1012 24 22 af
480 1012 225 27 inteckningsgäldens
716 1012 112 27 vexlingar
838 1011 69 22 under
915 1017 82 16 samma

234 1045 103 28 tidrymd.
367 1046 106 22 Fränsedt
495 1046 109 27 nämligen
627 1045 62 22 äfven
712 1046 40 21 den
775 1045 159 28 bristfällighet,
950 1051 47 16 som

234 1080 104 22 särskildt
350 1080 34 22 för
399 1081 56 21 vissa
470 1080 25 22 är
509 1081 123 27 pätagligen
648 1080 97 22 vidläder
760 1081 65 21 dessa
840 1079 115 28 uppgifter,
971 1081 26 20 sä

232 1114 91 28 angifva
346 1115 110 22 desamma
479 1115 77 22 endast
578 1115 105 28 beloppen
699 1115 24 21 af
736 1115 107 27 beviljade
858 1114 39 22 och
913 1114 83 22 dödade

233 1149 158 28 inteckningar,
414 1150 111 21 hvaremot
540 1149 104 28 förnyade
660 1149 82 22 sädana
757 1149 90 22 alldeles
863 1149 45 21 icke
924 1149 73 21 obser-

233 1186 75 19 verats
324 1184 7 21 i
347 1184 177 27 redogörelserna
547 1184 33 22 för
600 1184 26 22 de
646 1184 23 22 af
690 1184 168 22 underrätterna
873 1183 123 27 handlagda

233 1218 252 28 inteckningsärendena.
514 1218 75 28 Någon
616 1218 126 22 användbar
768 1218 70 28 grund
864 1218 34 22 för
920 1218 76 22 beräk-

233 1252 82 22 nandet
331 1253 29 27 af,
376 1253 7 21 i
398 1253 86 21 hvilken
500 1253 48 22 män
571 1253 213 27 inteckningsgälden
807 1252 67 22 under
889 1252 108 28 ifrägava-

233 1287 71 22 rande
327 1287 119 27 tidsperiod
468 1288 99 26 tillvuxit,
583 1288 90 27 erbjuda
697 1287 85 22 säledes
806 1288 62 20 dessa
887 1287 109 27 uppgifter

232 1322 57 22 icke.
320 1322 63 22 Trots
399 1323 68 21 denna
481 1323 55 21 brist
547 1322 28 28 pä
586 1323 171 27 fullständighet,
769 1329 41 21 ega
821 1323 109 21 desamma
941 1323 56 21 dock

232 1358 35 20 ett
283 1357 86 21 relativt
384 1357 65 22 värde
465 1357 70 22 säsom
551 1359 31 20 ett
598 1358 7 20 i
621 1358 42 21 viss
679 1357 49 22 män
743 1357 117 27 belysande
875 1357 77 27 bidrag
962 1357 35 21 till

232 1390 151 23 kännedomen
399 1398 34 15 om
450 1392 40 20 den
505 1392 139 22 ekonomiska
660 1392 150 26 utvecklingen
821 1392 7 20 i
839 1392 74 21 landet
929 1391 67 22 under

231 1425 105 11 maundnn
356 1427 24 10 10

231 1437 107 15 perioden
356 1427 70 21 1943
442 1427 61 21 1890.
