1103 1700
257 152 14 20 4
370 152 29 22 U.
415 152 27 22 B.
457 164 25 3 —
498 150 29 23 H.
543 151 27 22 F.
586 151 93 23 Antells
695 152 154 22 testamente.

228 220 39 21 bör
283 220 133 28 egendomen
433 220 21 21 af
469 220 103 22 executor
582 220 119 22 testamenti
711 220 99 22 förvaltas
822 220 55 22 intill
888 220 48 22 dess
947 220 40 21 alla

228 255 156 21 donationerna
404 254 74 22 kunna
492 255 49 21 fullt
556 255 110 21 utbetalas.
696 254 42 22 Det
753 255 80 27 äligger
847 256 44 26 mig
906 254 81 22 säledes

228 291 30 19 att
284 291 58 19 ännu
365 289 65 27 nägra
452 289 24 21 är
495 289 121 21 handhafva
636 290 156 27 förvaltningen
813 290 21 20 af
849 290 138 27 egendomen.

228 323 93 21 Landets
336 330 29 14 nu
381 323 127 21 församlade
524 323 89 21 Ständer
628 323 58 21 torde
697 324 37 20 det
744 324 116 24 emellertid
872 324 116 21 tillkomma

229 360 31 19 att
275 357 116 21 bestämma
407 364 33 14 om
456 358 117 20 värdandet
588 358 21 20 af
624 358 26 20 de
665 358 65 20 redan
747 364 28 14 nu
787 358 118 27 disponibla
916 358 72 20 värde-

228 392 55 20 fulla
305 392 142 27 samlingarna
468 392 39 20 och
523 392 31 20 till
570 392 63 21 hvem
648 392 35 27 jag
698 392 7 20 i
720 392 67 21 sinom
804 392 29 21 tid
849 399 50 20 eger
913 394 30 19 att
958 392 30 20 af-

229 426 73 21 lemna
317 426 36 21 det
369 426 31 21 till
415 426 101 21 Finlands
531 426 44 20 folk
590 426 107 21 donerade
712 426 106 28 kapitalet.

301 460 71 22 Jemte
388 460 35 21 det
437 461 35 27 jag
488 461 72 20 härom
576 462 68 19 ansett
655 461 44 27 mig
710 460 51 22 böra
771 461 32 21 till
816 461 99 21 Finlands
928 460 61 22 Stän-

231 495 49 21 ders
295 494 138 22 Statsutskott
448 497 50 25 göra
514 495 97 21 anmälan
628 495 36 21 har
678 495 36 27 jag
729 497 51 19 äran
795 495 126 21 framhärda.

610 569 49 21 Med
678 569 96 28 djupaste
790 569 95 21 vördnad

658 609 85 23 Joachim
759 609 75 24 Kurtén.

303 667 133 27 Helsingfors
451 667 42 20 den
509 667 12 20 5
536 666 102 21 Februari
654 667 60 20 1894.

304 735 43 22 Det
361 735 7 20 i
383 735 125 21 skrifvelsen
524 735 139 21 omförmälda
678 736 135 20 testamentet
823 737 28 26 är,
862 735 66 28 enligt
938 735 51 21 den-

232 777 82 14 samma
336 769 77 28 bilagd,
436 769 114 28 behörigen
566 769 68 27 styrkt
650 769 88 28 afskrift,
754 769 21 21 af
789 769 92 28 följande
896 769 92 28 lydelse:

539 849 9 8 n
552 832 126 25 Testamente.

303 884 59 21 Ledd
383 884 21 21 af
424 884 40 21 den
479 883 80 21 önskan
575 885 30 19 att
620 885 49 25 göra
685 885 29 20 ett
729 884 44 20 min
788 884 113 21 framlidne
915 884 75 21 foster-

230 919 61 21 fader
313 918 161 22 Kammarrädet
488 917 96 21 Herman
600 917 134 28 Rosenbergs
750 918 72 21 minne
838 919 81 26 värdigt
936 918 53 21 bruk

230 954 22 21 af
275 954 41 21 den
339 953 108 26 betydliga
468 952 152 27 förmögenhet,
643 953 74 20 hvaraf
736 953 36 26 jag
787 959 76 20 genom
879 953 52 20 hans
946 954 44 26 mig

231 988 73 21 visade
320 987 85 27 välvilja
420 987 88 20 kommit
523 987 7 20 i
546 987 129 26 ätnjutande,
691 987 38 20 har
743 987 35 27 jag
793 987 94 21 Herman
901 987 89 20 Frithiof

229 1023 82 26 Antell,
332 1022 85 21 hvilken
440 1021 57 21 säväl
520 1027 33 14 om
575 1021 69 21 denna
664 1020 148 28 förmögenhet
834 1027 44 15 som
894 1021 60 21 öfver
969 1022 21 20 af

232 1057 44 27 mig
292 1056 91 21 förvärfd
400 1055 112 27 tillökning
528 1055 31 20 till
572 1055 123 21 densamma
706 1062 50 20 eger
758 1051 13 37 i
786 1055 40 21 allo
843 1055 44 21 fritt
901 1056 88 27 förfoga,

232 1091 124 27 härigenom
373 1090 55 21 velat
443 1089 109 28 angäende
567 1089 130 21 förfarandet
712 1089 48 21 med
776 1089 27 21 all
815 1090 43 20 min
870 1090 119 26 gvarläten-

230 1125 53 28 skap
300 1125 52 21 efter
367 1125 44 20 min
427 1124 41 21 död
484 1123 90 21 sälunda
588 1124 110 20 förordna:

580 1187 60 20 1:mo.

304 1228 39 21 Till
366 1228 101 20 Finlands
482 1227 43 21 folk
542 1228 38 20 och
596 1229 30 19 att
641 1227 31 20 för
687 1227 58 21 detta
760 1227 118 27 öfvertagas
894 1227 39 21 och
948 1227 42 20 för-

230 1263 69 21 valtas
315 1262 21 21 af
351 1262 48 21 dess
415 1263 173 26 representanter,
604 1261 101 21 Finlands
722 1261 94 27 Ständer,
832 1261 89 21 föräras:

304 1321 24 26 a).
359 1320 57 20 mina
432 1321 70 25 mynt-
518 1319 39 21 och
572 1318 194 28 medaljsamlingar
781 1319 6 20 i
804 1319 60 20 deras
879 1318 76 27 helhet,

303 1378 26 25 b).
360 1377 41 21 alla
432 1377 57 20 mina
512 1376 66 27 öfriga
600 1376 115 27 samlingar
730 1376 21 20 af
766 1376 54 20 hvad
837 1376 45 26 slag
897 1376 26 20 de
940 1382 49 14 vara

231 1412 35 20 mä
282 1413 54 19 samt

303 1457 24 27 c).
357 1464 26 14 en
406 1457 72 27 miljon
494 1457 124 26 (1,000,000)
634 1456 58 21 mark
708 1456 8 20 i
730 1456 65 21 finskt
810 1456 118 27 guldmynt.

301 1496 141 18 Statsutskottets
454 1496 110 17 betänkande
578 1498 36 15 N:o
626 1496 18 17 5.
