1103 1700
374 145 28 22 U.
417 146 25 20 B.
458 158 27 3 —
500 144 103 23 XXXIIL
812 146 26 20 37

110 214 67 29 gäller
192 217 31 19 att
238 214 28 28 pä
280 214 66 22 basen
362 214 23 22 af
399 214 38 21 det
448 213 124 22 nuvarande
588 216 102 26 systemet
701 216 78 26 antaga
790 213 78 29 nödiga

111 248 165 29 bestämningar,
299 256 63 21 synes
385 248 59 22 detta
459 248 47 21 skäl
521 250 32 19 att
567 248 71 21 lemna
653 250 51 19 utan
720 248 102 21 afseende
838 250 32 19 ett

110 283 97 29 yrkande
221 284 7 20 i
243 283 91 21 berörda
349 283 57 29 syfte
421 282 48 22 icke
484 282 98 22 hällbart.
614 282 43 28 Jag
673 290 63 14 anser
751 282 118 22 detsamma

111 317 24 21 sä
151 318 85 28 mycket
251 325 58 14 mera
323 318 28 28 pä
366 318 32 21 sin
414 318 56 28 plats
490 324 52 20 som,
559 317 73 21 derest
646 316 140 22 innestående
802 318 68 20 vinst-

111 352 91 26 medlen,
217 360 45 13 som
279 352 22 21 af
311 352 121 22 Ständerna
447 352 71 20 kunna
533 352 28 28 pä
576 359 26 14 en
618 351 57 29 gäng
690 351 32 21 till
733 351 87 28 mycket
831 351 38 21 be-

111 386 82 29 tydliga
208 386 78 29 belopp
301 386 132 29 disponeras,
448 386 48 21 icke
511 386 61 21 skola
584 386 101 21 afräknas
701 385 28 29 pä
744 385 126 29 sedelutgif-

111 422 139 27 ningsrätien,
269 421 35 28 jag
326 420 49 22 icke
395 428 53 14 vore
467 420 81 22 beredd
563 420 117 22 medverka
695 419 71 22 dertill
781 422 32 19 att
828 419 42 22 den

111 455 114 21 obetäckta
240 454 197 29 sedelutgifningen
459 454 60 29 höjes
541 454 49 22 frän
612 455 73 21 trettio
704 454 33 21 till
752 454 118 22 trettiofem

111 490 98 28 miljoner
230 489 66 27 mark,
318 489 83 22 hvilket
423 489 133 22 sistnämnda
580 489 77 28 belopp
680 496 97 14 summan
800 488 23 22 af
843 488 27 22 de

112 524 92 21 faktiskt
213 524 128 28 utelöpande
357 523 97 23 sedlarna
470 524 24 20 sä
508 524 87 28 nyligen
612 531 45 13 som
672 524 7 20 i
694 524 45 28 juni
759 524 54 20 1879
832 531 38 13 un-

113 558 99 29 derstigit
223 558 49 22 med
287 559 57 22 circa
360 559 48 28 1'/,
425 558 72 29 miljon
514 558 41 22 och
572 560 58 19 ännu
647 559 54 20 1886
717 558 7 21 i
738 558 46 28 juni
799 558 71 22 öfver-

113 594 60 27 stigit
188 593 47 21 med
252 593 76 22 endast
342 593 67 29 något
423 593 62 22 öfver
500 593 48 27 3!/,
564 593 97 28 miljoner
676 592 66 21 mark.
821 611 18 4 så

182 627 33 22 På
228 628 70 28 grund
313 627 23 22 af
351 627 37 22 det
402 627 90 22 anförda
508 627 34 22 får
556 628 36 27 jag
608 627 110 21 vördsamt
732 627 86 26 föreslå,

390 699 33 19 att
437 703 77 15 senare
530 703 65 15 mom.
615 696 9 21 i
639 697 15 26 $
670 697 27 20 18
708 696 68 21 måtte
787 695 85 22 erhålla

320 731 95 28 följande
431 731 90 28 lydelse:

391 765 76 22 Såsom
484 766 130 27 utelöpande
634 765 71 21 sedlar
720 765 60 20 skola
787 764 85 28 jemväl

321 807 63 15 anses
407 800 96 21 bankens
526 800 149 27 anvisningar
696 799 14 21 å
725 799 68 28 finskt
808 800 64 27 mynt

322 835 38 20 och
375 834 73 28 öfriga
463 834 38 21 vid
515 834 126 27 anfordran
658 833 109 28 förfallna
782 833 87 28 förbin-

322 869 74 26 delser,
412 869 142 20 innestående
571 869 75 27 belopp
658 868 14 21 å
683 868 105 27 beviljade
799 868 73 21 kassa-

321 903 92 21 kreditiv
435 903 115 28 äfvensom
570 903 42 21 den
633 903 32 20 del
687 902 29 27 af
728 902 95 21 bankens
839 902 32 20 be-

322 937 77 22 hållna
423 937 65 28 vinst,
511 937 88 21 hvilken
616 937 90 28 jemlikt
728 937 14 26 $
760 937 14 20 5
789 937 43 20 kan
847 936 29 27 af

324 972 124 21 Ständerna
467 972 36 27 för
518 972 118 21 allmänna
652 971 162 22 statsändamål
828 977 42 14 an-

323 1006 65 21 visas.

613 1074 44 22 Th.
673 1073 131 28 Wegelius.

184 1138 12 21 I
211 1138 70 22 denna
296 1139 131 21 reservation
442 1139 124 20 instämmer

573 1200 85 22 Victor
673 1199 133 23 Forselius.

186 1300 42 21 Om
252 1299 136 22 förestäende
409 1299 132 21 reservation
567 1298 32 21 för
616 1298 25 21 sä
656 1297 47 22 vidt
718 1297 67 28 angär
800 1304 74 14 senare

118 1342 63 14 mom.
196 1335 7 20 i
218 1335 12 27 8
248 1335 25 21 18
290 1334 85 21 förenar
390 1334 32 27 sig

616 1378 79 23 Wald.
708 1372 100 28 Wallin.

188 1500 145 19 Bankutskottets
345 1499 110 21 betänkande
468 1501 36 16 N:o
516 1499 18 20 2.
