<?xml version="1.0" encoding="UTF-8"?>
<alto xmlns="http://www.loc.gov/standards/alto/ns-v3#" xmlns:xlink="http://www.w3.org/1999/xlink" xmlns:xsi="http://www.w3.org/2001/XMLSchema-instance" xsi:schemaLocation="http://www.loc.gov/standards/alto/ns-v3# http://www.loc.gov/alto/v3/alto-3-0.xsd">
	<Description>
		<MeasurementUnit>pixel</MeasurementUnit>
		<sourceImageInformation>
			<fileName>/tmp/tess_gh6qv7g0_input.PNG</fileName>
		</sourceImageInformation>
		<OCRProcessing ID="OCR_0">
			<ocrProcessingStep>
				<processingSoftware>
					<softwareName>tesseract 5.3.4</softwareName>
				</processingSoftware>
			</ocrProcessingStep>
		</OCRProcessing>
	</Description>
	<Layout>
		<Page WIDTH="1103" HEIGHT="1700" PHYSICAL_IMG_NR="0" ID="page_0">
			<PrintSpace HPOS="0" VPOS="0" WIDTH="1103" HEIGHT="1700">
				<ComposedBlock ID="cblock_0" HPOS="222" VPOS="156" WIDTH="596" HEIGHT="23">
					<TextBlock ID="block_0" HPOS="222" VPOS="156" WIDTH="596" HEIGHT="23">
						<TextLine ID="line_0" HPOS="222" VPOS="156" WIDTH="596" HEIGHT="23">
							<String ID="string_0" HPOS="222" VPOS="157" WIDTH="14" HEIGHT="21" WC="0.96" CONTENT="4"/><SP WIDTH="100" VPOS="157" HPOS="236"/>
							<String ID="string_1" HPOS="336" VPOS="156" WIDTH="30" HEIGHT="22" WC="0.90" CONTENT="U."/><SP WIDTH="16" VPOS="156" HPOS="366"/>
							<String ID="string_2" HPOS="382" VPOS="156" WIDTH="27" HEIGHT="22" WC="0.92" CONTENT="B."/><SP WIDTH="18" VPOS="156" HPOS="409"/>
							<String ID="string_3" HPOS="427" VPOS="169" WIDTH="23" HEIGHT="2" WC="0.90" CONTENT="—"/><SP WIDTH="17" VPOS="169" HPOS="450"/>
							<String ID="string_4" HPOS="467" VPOS="156" WIDTH="31" HEIGHT="22" WC="0.89" CONTENT="H."/><SP WIDTH="15" VPOS="156" HPOS="498"/>
							<String ID="string_5" HPOS="513" VPOS="156" WIDTH="27" HEIGHT="22" WC="0.91" CONTENT="F."/><SP WIDTH="15" VPOS="156" HPOS="540"/>
							<String ID="string_6" HPOS="555" VPOS="156" WIDTH="95" HEIGHT="22" WC="0.91" CONTENT="Antells"/><SP WIDTH="14" VPOS="156" HPOS="650"/>
							<String ID="string_7" HPOS="664" VPOS="157" WIDTH="154" HEIGHT="22" WC="0.95" CONTENT="testamente."/>
						</TextLine>
					</TextBlock>
				</ComposedBlock>
				<ComposedBlock ID="cblock_1" HPOS="195" VPOS="225" WIDTH="763" HEIGHT="454">
					<TextBlock ID="block_1" HPOS="195" VPOS="225" WIDTH="763" HEIGHT="53">
						<TextLine ID="line_1" HPOS="195" VPOS="225" WIDTH="763" HEIGHT="25">
							<String ID="string_8" HPOS="195" VPOS="226" WIDTH="46" HEIGHT="19" WC="0.96" CONTENT="ville"/><SP WIDTH="21" VPOS="226" HPOS="241"/>
							<String ID="string_9" HPOS="262" VPOS="228" WIDTH="47" HEIGHT="21" WC="0.96" CONTENT="taga"/><SP WIDTH="19" VPOS="228" HPOS="309"/>
							<String ID="string_10" HPOS="328" VPOS="226" WIDTH="7" HEIGHT="18" WC="0.96" CONTENT="i"/><SP WIDTH="18" VPOS="226" HPOS="335"/>
							<String ID="string_11" HPOS="353" VPOS="226" WIDTH="132" HEIGHT="19" WC="0.92" CONTENT="betraktande"/><SP WIDTH="21" VPOS="226" HPOS="485"/>
							<String ID="string_12" HPOS="506" VPOS="226" WIDTH="146" HEIGHT="24" WC="0.92" CONTENT="behöfligheten"/><SP WIDTH="21" VPOS="226" HPOS="652"/>
							<String ID="string_13" HPOS="673" VPOS="225" WIDTH="22" HEIGHT="20" WC="0.96" CONTENT="af"/><SP WIDTH="20" VPOS="225" HPOS="695"/>
							<String ID="string_14" HPOS="715" VPOS="232" WIDTH="24" HEIGHT="13" WC="0.91" CONTENT="en"/><SP WIDTH="19" VPOS="232" HPOS="739"/>
							<String ID="string_15" HPOS="758" VPOS="226" WIDTH="153" HEIGHT="24" WC="0.91" CONTENT="museibyggnad"/><SP WIDTH="15" VPOS="226" HPOS="911"/>
							<String ID="string_16" HPOS="926" VPOS="225" WIDTH="32" HEIGHT="19" WC="0.96" CONTENT="för"/>
						</TextLine>
						<TextLine ID="line_2" HPOS="195" VPOS="254" WIDTH="733" HEIGHT="24">
							<String ID="string_17" HPOS="195" VPOS="255" WIDTH="71" HEIGHT="19" WC="0.96" CONTENT="nämda"/><SP WIDTH="15" VPOS="255" HPOS="266"/>
							<String ID="string_18" HPOS="281" VPOS="255" WIDTH="112" HEIGHT="23" WC="0.96" CONTENT="samlingar,"/><SP WIDTH="17" VPOS="255" HPOS="393"/>
							<String ID="string_19" HPOS="410" VPOS="254" WIDTH="36" HEIGHT="20" WC="0.97" CONTENT="och"/><SP WIDTH="16" VPOS="254" HPOS="446"/>
							<String ID="string_20" HPOS="462" VPOS="255" WIDTH="62" HEIGHT="19" WC="0.95" CONTENT="redan"/><SP WIDTH="15" VPOS="255" HPOS="524"/>
							<String ID="string_21" HPOS="539" VPOS="260" WIDTH="26" HEIGHT="14" WC="0.93" CONTENT="nu"/><SP WIDTH="15" VPOS="260" HPOS="565"/>
							<String ID="string_22" HPOS="580" VPOS="255" WIDTH="91" HEIGHT="23" WC="0.92" CONTENT="begynna"/><SP WIDTH="16" VPOS="255" HPOS="671"/>
							<String ID="string_23" HPOS="687" VPOS="258" WIDTH="29" HEIGHT="16" WC="0.96" CONTENT="att"/><SP WIDTH="15" VPOS="258" HPOS="716"/>
							<String ID="string_24" HPOS="731" VPOS="254" WIDTH="106" HEIGHT="20" WC="0.96" CONTENT="förbereda"/><SP WIDTH="15" VPOS="254" HPOS="837"/>
							<String ID="string_25" HPOS="852" VPOS="254" WIDTH="76" HEIGHT="24" WC="0.95" CONTENT="frågan."/>
						</TextLine>
					</TextBlock>
					<TextBlock ID="block_2" HPOS="195" VPOS="283" WIDTH="762" HEIGHT="338">
						<TextLine ID="line_3" HPOS="265" VPOS="283" WIDTH="692" HEIGHT="24">
							<String ID="string_26" HPOS="265" VPOS="283" WIDTH="46" HEIGHT="19" WC="0.93" CONTENT="Den"/><SP WIDTH="19" VPOS="283" HPOS="311"/>
							<String ID="string_27" HPOS="330" VPOS="283" WIDTH="106" HEIGHT="19" WC="0.91" CONTENT="Antellska"/><SP WIDTH="19" VPOS="283" HPOS="436"/>
							<String ID="string_28" HPOS="455" VPOS="284" WIDTH="163" HEIGHT="23" WC="0.90" CONTENT="myntsamlingen"/><SP WIDTH="17" VPOS="284" HPOS="618"/>
							<String ID="string_29" HPOS="635" VPOS="285" WIDTH="28" HEIGHT="20" WC="0.97" CONTENT="är,"/><SP WIDTH="16" VPOS="285" HPOS="663"/>
							<String ID="string_30" HPOS="679" VPOS="289" WIDTH="42" HEIGHT="13" WC="0.96" CONTENT="som"/><SP WIDTH="16" VPOS="289" HPOS="721"/>
							<String ID="string_31" HPOS="737" VPOS="284" WIDTH="69" HEIGHT="22" WC="0.96" CONTENT="kändt,"/><SP WIDTH="15" VPOS="284" HPOS="806"/>
							<String ID="string_32" HPOS="821" VPOS="284" WIDTH="80" HEIGHT="23" WC="0.96" CONTENT="mycket"/><SP WIDTH="15" VPOS="284" HPOS="901"/>
							<String ID="string_33" HPOS="916" VPOS="285" WIDTH="41" HEIGHT="17" WC="0.96" CONTENT="stor"/>
						</TextLine>
						<TextLine ID="line_4" HPOS="196" VPOS="311" WIDTH="761" HEIGHT="25">
							<String ID="string_34" HPOS="196" VPOS="312" WIDTH="36" HEIGHT="18" WC="0.96" CONTENT="och"/><SP WIDTH="16" VPOS="312" HPOS="232"/>
							<String ID="string_35" HPOS="248" VPOS="311" WIDTH="105" HEIGHT="23" WC="0.93" CONTENT="värdefull,"/><SP WIDTH="17" VPOS="311" HPOS="353"/>
							<String ID="string_36" HPOS="370" VPOS="311" WIDTH="94" HEIGHT="20" WC="0.91" CONTENT="taflornas"/><SP WIDTH="16" VPOS="311" HPOS="464"/>
							<String ID="string_37" HPOS="480" VPOS="312" WIDTH="37" HEIGHT="19" WC="0.93" CONTENT="och"/><SP WIDTH="15" VPOS="312" HPOS="517"/>
							<String ID="string_38" HPOS="532" VPOS="312" WIDTH="224" HEIGHT="24" WC="0.90" CONTENT="bildhuggararbetenas"/><SP WIDTH="14" VPOS="312" HPOS="756"/>
							<String ID="string_39" HPOS="770" VPOS="312" WIDTH="72" HEIGHT="24" WC="0.96" CONTENT="mängd"/><SP WIDTH="10" VPOS="312" HPOS="842"/>
							<String ID="string_40" HPOS="852" VPOS="314" WIDTH="23" HEIGHT="17" WC="0.93" CONTENT="är"/><SP WIDTH="10" VPOS="314" HPOS="875"/>
							<String ID="string_41" HPOS="885" VPOS="312" WIDTH="72" HEIGHT="19" WC="0.91" CONTENT="visser-"/>
						</TextLine>
						<TextLine ID="line_5" HPOS="195" VPOS="340" WIDTH="761" HEIGHT="24">
							<String ID="string_42" HPOS="195" VPOS="341" WIDTH="52" HEIGHT="23" WC="0.95" CONTENT="ligen"/><SP WIDTH="16" VPOS="341" HPOS="247"/>
							<String ID="string_43" HPOS="263" VPOS="340" WIDTH="45" HEIGHT="19" WC="0.96" CONTENT="icke"/><SP WIDTH="16" VPOS="340" HPOS="308"/>
							<String ID="string_44" HPOS="324" VPOS="340" WIDTH="69" HEIGHT="19" WC="0.96" CONTENT="alltför"/><SP WIDTH="15" VPOS="340" HPOS="393"/>
							<String ID="string_45" HPOS="408" VPOS="343" WIDTH="42" HEIGHT="16" WC="0.96" CONTENT="stor"/><SP WIDTH="16" VPOS="343" HPOS="450"/>
							<String ID="string_46" HPOS="466" VPOS="346" WIDTH="32" HEIGHT="17" WC="0.95" CONTENT="nu,"/><SP WIDTH="16" VPOS="346" HPOS="498"/>
							<String ID="string_47" HPOS="514" VPOS="346" WIDTH="43" HEIGHT="14" WC="0.96" CONTENT="men"/><SP WIDTH="17" VPOS="346" HPOS="557"/>
							<String ID="string_48" HPOS="574" VPOS="341" WIDTH="87" HEIGHT="19" WC="0.96" CONTENT="kommer"/><SP WIDTH="10" VPOS="341" HPOS="661"/>
							<String ID="string_49" HPOS="671" VPOS="341" WIDTH="74" HEIGHT="23" WC="0.96" CONTENT="hastigt"/><SP WIDTH="11" VPOS="341" HPOS="745"/>
							<String ID="string_50" HPOS="756" VPOS="343" WIDTH="30" HEIGHT="17" WC="0.93" CONTENT="att"/><SP WIDTH="10" VPOS="343" HPOS="786"/>
							<String ID="string_51" HPOS="796" VPOS="341" WIDTH="81" HEIGHT="19" WC="0.91" CONTENT="tillväxa"/><SP WIDTH="10" VPOS="341" HPOS="877"/>
							<String ID="string_52" HPOS="887" VPOS="346" WIDTH="69" HEIGHT="18" WC="0.96" CONTENT="genom"/>
						</TextLine>
						<TextLine ID="line_6" HPOS="195" VPOS="368" WIDTH="761" HEIGHT="25">
							<String ID="string_53" HPOS="195" VPOS="370" WIDTH="24" HEIGHT="18" WC="0.96" CONTENT="de"/><SP WIDTH="16" VPOS="370" HPOS="219"/>
							<String ID="string_54" HPOS="235" VPOS="368" WIDTH="102" HEIGHT="24" WC="0.96" CONTENT="betydliga"/><SP WIDTH="16" VPOS="368" HPOS="337"/>
							<String ID="string_55" HPOS="353" VPOS="369" WIDTH="62" HEIGHT="23" WC="0.96" CONTENT="årliga"/><SP WIDTH="16" VPOS="369" HPOS="415"/>
							<String ID="string_56" HPOS="431" VPOS="368" WIDTH="93" HEIGHT="25" WC="0.96" CONTENT="inköpen,"/><SP WIDTH="11" VPOS="368" HPOS="524"/>
							<String ID="string_57" HPOS="535" VPOS="370" WIDTH="36" HEIGHT="19" WC="0.93" CONTENT="och"/><SP WIDTH="16" VPOS="370" HPOS="571"/>
							<String ID="string_58" HPOS="587" VPOS="370" WIDTH="61" HEIGHT="22" WC="0.92" CONTENT="utsigt"/><SP WIDTH="12" VPOS="370" HPOS="648"/>
							<String ID="string_59" HPOS="660" VPOS="368" WIDTH="70" HEIGHT="24" WC="0.95" CONTENT="finnes,"/><SP WIDTH="10" VPOS="368" HPOS="730"/>
							<String ID="string_60" HPOS="740" VPOS="371" WIDTH="29" HEIGHT="17" WC="0.93" CONTENT="att"/><SP WIDTH="11" VPOS="371" HPOS="769"/>
							<String ID="string_61" HPOS="780" VPOS="369" WIDTH="176" HEIGHT="23" WC="0.91" CONTENT="konstföreningen"/>
						</TextLine>
						<TextLine ID="line_7" HPOS="195" VPOS="397" WIDTH="761" HEIGHT="25">
							<String ID="string_62" HPOS="195" VPOS="397" WIDTH="32" HEIGHT="19" WC="0.96" CONTENT="till"/><SP WIDTH="16" VPOS="397" HPOS="227"/>
							<String ID="string_63" HPOS="243" VPOS="397" WIDTH="56" HEIGHT="19" WC="0.92" CONTENT="detta"/><SP WIDTH="15" VPOS="397" HPOS="299"/>
							<String ID="string_64" HPOS="314" VPOS="397" WIDTH="101" HEIGHT="20" WC="0.91" CONTENT="blifvande"/><SP WIDTH="16" VPOS="397" HPOS="415"/>
							<String ID="string_65" HPOS="431" VPOS="403" WIDTH="86" HEIGHT="13" WC="0.96" CONTENT="museum"/><SP WIDTH="15" VPOS="403" HPOS="517"/>
							<String ID="string_66" HPOS="532" VPOS="398" WIDTH="52" HEIGHT="19" WC="0.93" CONTENT="skall"/><SP WIDTH="16" VPOS="398" HPOS="584"/>
							<String ID="string_67" HPOS="600" VPOS="398" WIDTH="114" HEIGHT="24" WC="0.92" CONTENT="öfverflytta"/><SP WIDTH="16" VPOS="398" HPOS="714"/>
							<String ID="string_68" HPOS="730" VPOS="398" WIDTH="42" HEIGHT="19" WC="0.96" CONTENT="sina"/><SP WIDTH="16" VPOS="398" HPOS="772"/>
							<String ID="string_69" HPOS="788" VPOS="398" WIDTH="112" HEIGHT="23" WC="0.96" CONTENT="samlingar."/><SP WIDTH="26" VPOS="398" HPOS="900"/>
							<String ID="string_70" HPOS="926" VPOS="397" WIDTH="30" HEIGHT="19" WC="0.96" CONTENT="En"/>
						</TextLine>
						<TextLine ID="line_8" HPOS="195" VPOS="426" WIDTH="761" HEIGHT="24">
							<String ID="string_71" HPOS="195" VPOS="426" WIDTH="65" HEIGHT="23" WC="0.96" CONTENT="enkel,"/><SP WIDTH="17" VPOS="426" HPOS="260"/>
							<String ID="string_72" HPOS="277" VPOS="426" WIDTH="69" HEIGHT="23" WC="0.96" CONTENT="värdig"/><SP WIDTH="15" VPOS="426" HPOS="346"/>
							<String ID="string_73" HPOS="361" VPOS="426" WIDTH="91" HEIGHT="24" WC="0.96" CONTENT="byggnad"/><SP WIDTH="15" VPOS="426" HPOS="452"/>
							<String ID="string_74" HPOS="467" VPOS="426" WIDTH="6" HEIGHT="18" WC="0.96" CONTENT="i"/><SP WIDTH="16" VPOS="426" HPOS="473"/>
							<String ID="string_75" HPOS="489" VPOS="426" WIDTH="33" HEIGHT="19" WC="0.96" CONTENT="två"/><SP WIDTH="10" VPOS="426" HPOS="522"/>
							<String ID="string_76" HPOS="532" VPOS="427" WIDTH="101" HEIGHT="23" WC="0.95" CONTENT="våningar,"/><SP WIDTH="11" VPOS="427" HPOS="633"/>
							<String ID="string_77" HPOS="644" VPOS="426" WIDTH="37" HEIGHT="19" WC="0.96" CONTENT="den"/><SP WIDTH="12" VPOS="426" HPOS="681"/>
							<String ID="string_78" HPOS="693" VPOS="427" WIDTH="60" HEIGHT="18" WC="0.96" CONTENT="nedre"/><SP WIDTH="11" VPOS="427" HPOS="753"/>
							<String ID="string_79" HPOS="764" VPOS="426" WIDTH="31" HEIGHT="19" WC="0.96" CONTENT="för"/><SP WIDTH="11" VPOS="426" HPOS="795"/>
							<String ID="string_80" HPOS="806" VPOS="427" WIDTH="24" HEIGHT="18" WC="0.96" CONTENT="de"/><SP WIDTH="11" VPOS="427" HPOS="830"/>
							<String ID="string_81" HPOS="841" VPOS="426" WIDTH="115" HEIGHT="23" WC="0.96" CONTENT="historiska,"/>
						</TextLine>
						<TextLine ID="line_9" HPOS="196" VPOS="454" WIDTH="760" HEIGHT="24">
							<String ID="string_82" HPOS="196" VPOS="454" WIDTH="101" HEIGHT="24" WC="0.92" CONTENT="skulptur-"/><SP WIDTH="21" VPOS="454" HPOS="297"/>
							<String ID="string_83" HPOS="318" VPOS="454" WIDTH="38" HEIGHT="20" WC="0.91" CONTENT="och"/><SP WIDTH="20" VPOS="454" HPOS="356"/>
							<String ID="string_84" HPOS="376" VPOS="454" WIDTH="192" HEIGHT="24" WC="0.90" CONTENT="myntsamlingarna,"/><SP WIDTH="22" VPOS="454" HPOS="568"/>
							<String ID="string_85" HPOS="590" VPOS="456" WIDTH="38" HEIGHT="18" WC="0.92" CONTENT="den"/><SP WIDTH="27" VPOS="456" HPOS="628"/>
							<String ID="string_86" HPOS="655" VPOS="455" WIDTH="42" HEIGHT="19" WC="0.87" CONTENT="öfre"/><SP WIDTH="21" VPOS="455" HPOS="697"/>
							<String ID="string_87" HPOS="718" VPOS="455" WIDTH="32" HEIGHT="19" WC="0.95" CONTENT="för"/><SP WIDTH="21" VPOS="455" HPOS="750"/>
							<String ID="string_88" HPOS="771" VPOS="455" WIDTH="116" HEIGHT="23" WC="0.95" CONTENT="målningar,"/><SP WIDTH="22" VPOS="455" HPOS="887"/>
							<String ID="string_89" HPOS="909" VPOS="460" WIDTH="47" HEIGHT="14" WC="0.95" CONTENT="vore"/>
						</TextLine>
						<TextLine ID="line_10" HPOS="196" VPOS="482" WIDTH="759" HEIGHT="25">
							<String ID="string_90" HPOS="196" VPOS="482" WIDTH="69" HEIGHT="20" WC="0.96" CONTENT="derför"/><SP WIDTH="16" VPOS="482" HPOS="265"/>
							<String ID="string_91" HPOS="281" VPOS="484" WIDTH="106" HEIGHT="22" WC="0.96" CONTENT="önskvärd,"/><SP WIDTH="18" VPOS="484" HPOS="387"/>
							<String ID="string_92" HPOS="405" VPOS="483" WIDTH="36" HEIGHT="19" WC="0.93" CONTENT="och"/><SP WIDTH="16" VPOS="483" HPOS="441"/>
							<String ID="string_93" HPOS="457" VPOS="484" WIDTH="68" HEIGHT="23" WC="0.91" CONTENT="vigtigt"/><SP WIDTH="16" VPOS="484" HPOS="525"/>
							<String ID="string_94" HPOS="541" VPOS="489" WIDTH="54" HEIGHT="18" WC="0.96" CONTENT="vore,"/><SP WIDTH="17" VPOS="489" HPOS="595"/>
							<String ID="string_95" HPOS="612" VPOS="486" WIDTH="29" HEIGHT="16" WC="0.96" CONTENT="att"/><SP WIDTH="15" VPOS="486" HPOS="641"/>
							<String ID="string_96" HPOS="656" VPOS="484" WIDTH="58" HEIGHT="18" WC="0.96" CONTENT="huset"/><SP WIDTH="15" VPOS="484" HPOS="714"/>
							<String ID="string_97" HPOS="729" VPOS="489" WIDTH="31" HEIGHT="14" WC="0.97" CONTENT="om"/><SP WIDTH="16" VPOS="489" HPOS="760"/>
							<String ID="string_98" HPOS="776" VPOS="484" WIDTH="38" HEIGHT="18" WC="0.96" CONTENT="fem"/><SP WIDTH="15" VPOS="484" HPOS="814"/>
							<String ID="string_99" HPOS="829" VPOS="484" WIDTH="29" HEIGHT="23" WC="0.93" CONTENT="år,"/><SP WIDTH="16" VPOS="484" HPOS="858"/>
							<String ID="string_100" HPOS="874" VPOS="484" WIDTH="18" HEIGHT="18" WC="0.92" CONTENT="d."/><SP WIDTH="17" VPOS="484" HPOS="892"/>
							<String ID="string_101" HPOS="909" VPOS="490" WIDTH="17" HEIGHT="12" WC="0.95" CONTENT="v."/><SP WIDTH="14" VPOS="490" HPOS="926"/>
							<String ID="string_102" HPOS="940" VPOS="489" WIDTH="15" HEIGHT="13" WC="0.95" CONTENT="s."/>
						</TextLine>
						<TextLine ID="line_11" HPOS="196" VPOS="510" WIDTH="761" HEIGHT="26">
							<String ID="string_103" HPOS="196" VPOS="510" WIDTH="63" HEIGHT="26" WC="0.93" CONTENT="1899,"/><SP WIDTH="18" VPOS="510" HPOS="259"/>
							<String ID="string_104" HPOS="277" VPOS="512" WIDTH="56" HEIGHT="19" WC="0.93" CONTENT="stode"/><SP WIDTH="17" VPOS="512" HPOS="333"/>
							<String ID="string_105" HPOS="350" VPOS="512" WIDTH="79" HEIGHT="23" WC="0.93" CONTENT="färdigt."/><SP WIDTH="18" VPOS="512" HPOS="429"/>
							<String ID="string_106" HPOS="447" VPOS="523" WIDTH="25" HEIGHT="3" WC="0.92" CONTENT="—"/><SP WIDTH="12" VPOS="523" HPOS="472"/>
							<String ID="string_107" HPOS="484" VPOS="512" WIDTH="35" HEIGHT="19" WC="0.95" CONTENT="Att"/><SP WIDTH="15" VPOS="512" HPOS="519"/>
							<String ID="string_108" HPOS="534" VPOS="515" WIDTH="52" HEIGHT="16" WC="0.96" CONTENT="ännu"/><SP WIDTH="16" VPOS="515" HPOS="586"/>
							<String ID="string_109" HPOS="602" VPOS="512" WIDTH="57" HEIGHT="24" WC="0.96" CONTENT="länge"/><SP WIDTH="11" VPOS="512" HPOS="659"/>
							<String ID="string_110" HPOS="670" VPOS="512" WIDTH="51" HEIGHT="19" WC="0.97" CONTENT="efter"/><SP WIDTH="11" VPOS="512" HPOS="721"/>
							<String ID="string_111" HPOS="732" VPOS="512" WIDTH="121" HEIGHT="19" WC="0.96" CONTENT="sistnämnda"/><SP WIDTH="10" VPOS="512" HPOS="853"/>
							<String ID="string_112" HPOS="863" VPOS="512" WIDTH="94" HEIGHT="24" WC="0.95" CONTENT="tidpunkt"/>
						</TextLine>
						<TextLine ID="line_12" HPOS="196" VPOS="540" WIDTH="760" HEIGHT="24">
							<String ID="string_113" HPOS="196" VPOS="546" WIDTH="49" HEIGHT="14" WC="0.96" CONTENT="vara"/><SP WIDTH="20" VPOS="546" HPOS="245"/>
							<String ID="string_114" HPOS="265" VPOS="540" WIDTH="80" HEIGHT="24" WC="0.96" CONTENT="nödgad"/><SP WIDTH="21" VPOS="540" HPOS="345"/>
							<String ID="string_115" HPOS="366" VPOS="543" WIDTH="30" HEIGHT="17" WC="0.96" CONTENT="att"/><SP WIDTH="17" VPOS="543" HPOS="396"/>
							<String ID="string_116" HPOS="413" VPOS="540" WIDTH="69" HEIGHT="24" WC="0.95" CONTENT="inhysa"/><SP WIDTH="16" VPOS="540" HPOS="482"/>
							<String ID="string_117" HPOS="498" VPOS="541" WIDTH="24" HEIGHT="19" WC="0.93" CONTENT="de"/><SP WIDTH="15" VPOS="541" HPOS="522"/>
							<String ID="string_118" HPOS="537" VPOS="541" WIDTH="106" HEIGHT="19" WC="0.91" CONTENT="Antellska"/><SP WIDTH="16" VPOS="541" HPOS="643"/>
							<String ID="string_119" HPOS="659" VPOS="541" WIDTH="131" HEIGHT="23" WC="0.96" CONTENT="samlingarna"/><SP WIDTH="15" VPOS="541" HPOS="790"/>
							<String ID="string_120" HPOS="805" VPOS="541" WIDTH="7" HEIGHT="19" WC="0.93" CONTENT="i"/><SP WIDTH="16" VPOS="541" HPOS="812"/>
							<String ID="string_121" HPOS="828" VPOS="541" WIDTH="75" HEIGHT="19" WC="0.90" CONTENT="källrar"/><SP WIDTH="15" VPOS="541" HPOS="903"/>
							<String ID="string_122" HPOS="918" VPOS="540" WIDTH="38" HEIGHT="20" WC="0.96" CONTENT="och"/>
						</TextLine>
						<TextLine ID="line_13" HPOS="195" VPOS="569" WIDTH="761" HEIGHT="24">
							<String ID="string_123" HPOS="195" VPOS="571" WIDTH="53" HEIGHT="17" WC="0.93" CONTENT="inom"/><SP WIDTH="11" VPOS="571" HPOS="248"/>
							<String ID="string_124" HPOS="259" VPOS="569" WIDTH="69" HEIGHT="24" WC="0.92" CONTENT="lyckta"/><SP WIDTH="9" VPOS="569" HPOS="328"/>
							<String ID="string_125" HPOS="337" VPOS="570" WIDTH="76" HEIGHT="23" WC="0.96" CONTENT="dörrar,"/><SP WIDTH="17" VPOS="570" HPOS="413"/>
							<String ID="string_126" HPOS="430" VPOS="575" WIDTH="46" HEIGHT="13" WC="0.96" CONTENT="vore"/><SP WIDTH="16" VPOS="575" HPOS="476"/>
							<String ID="string_127" HPOS="492" VPOS="573" WIDTH="46" HEIGHT="16" WC="0.93" CONTENT="utan"/><SP WIDTH="17" VPOS="573" HPOS="538"/>
							<String ID="string_128" HPOS="555" VPOS="569" WIDTH="68" HEIGHT="20" WC="0.91" CONTENT="tvifvel"/><SP WIDTH="17" VPOS="569" HPOS="623"/>
							<String ID="string_129" HPOS="640" VPOS="575" WIDTH="23" HEIGHT="14" WC="0.93" CONTENT="en"/><SP WIDTH="17" VPOS="575" HPOS="663"/>
							<String ID="string_130" HPOS="680" VPOS="570" WIDTH="172" HEIGHT="23" WC="0.91" CONTENT="misshushållning"/><SP WIDTH="16" VPOS="570" HPOS="852"/>
							<String ID="string_131" HPOS="868" VPOS="570" WIDTH="43" HEIGHT="18" WC="0.96" CONTENT="med"/><SP WIDTH="16" VPOS="570" HPOS="911"/>
							<String ID="string_132" HPOS="927" VPOS="571" WIDTH="29" HEIGHT="17" WC="0.96" CONTENT="ett"/>
						</TextLine>
						<TextLine ID="line_14" HPOS="196" VPOS="597" WIDTH="295" HEIGHT="24">
							<String ID="string_133" HPOS="196" VPOS="597" WIDTH="83" HEIGHT="24" WC="0.93" CONTENT="dyrbart"/><SP WIDTH="16" VPOS="597" HPOS="279"/>
							<String ID="string_134" HPOS="295" VPOS="598" WIDTH="196" HEIGHT="23" WC="0.90" CONTENT="bildningsmaterial."/>
						</TextLine>
					</TextBlock>
					<TextBlock ID="block_3" HPOS="196" VPOS="626" WIDTH="759" HEIGHT="53">
						<TextLine ID="line_15" HPOS="264" VPOS="626" WIDTH="691" HEIGHT="25">
							<String ID="string_135" HPOS="264" VPOS="626" WIDTH="32" HEIGHT="19" WC="0.96" CONTENT="Då"/><SP WIDTH="18" VPOS="626" HPOS="296"/>
							<String ID="string_136" HPOS="314" VPOS="627" WIDTH="67" HEIGHT="24" WC="0.93" CONTENT="hvarje"/><SP WIDTH="19" VPOS="627" HPOS="381"/>
							<String ID="string_137" HPOS="400" VPOS="627" WIDTH="158" HEIGHT="24" WC="0.92" CONTENT="byggnadsfråga"/><SP WIDTH="21" VPOS="627" HPOS="558"/>
							<String ID="string_138" HPOS="579" VPOS="626" WIDTH="79" HEIGHT="20" WC="0.96" CONTENT="fordrar"/><SP WIDTH="15" VPOS="626" HPOS="658"/>
							<String ID="string_139" HPOS="673" VPOS="633" WIDTH="23" HEIGHT="12" WC="0.96" CONTENT="en"/><SP WIDTH="17" VPOS="633" HPOS="696"/>
							<String ID="string_140" HPOS="713" VPOS="627" WIDTH="79" HEIGHT="24" WC="0.96" CONTENT="mycket"/><SP WIDTH="15" VPOS="627" HPOS="792"/>
							<String ID="string_141" HPOS="807" VPOS="627" WIDTH="44" HEIGHT="24" WC="0.93" CONTENT="lång"/><SP WIDTH="17" VPOS="627" HPOS="851"/>
							<String ID="string_142" HPOS="868" VPOS="626" WIDTH="87" HEIGHT="19" WC="0.92" CONTENT="förbere-"/>
						</TextLine>
						<TextLine ID="line_16" HPOS="196" VPOS="655" WIDTH="251" HEIGHT="24">
							<String ID="string_143" HPOS="196" VPOS="655" WIDTH="61" HEIGHT="24" WC="0.96" CONTENT="delse,"/><SP WIDTH="16" VPOS="655" HPOS="257"/>
							<String ID="string_144" HPOS="273" VPOS="655" WIDTH="51" HEIGHT="24" WC="0.95" CONTENT="våga"/><SP WIDTH="15" VPOS="655" HPOS="324"/>
							<String ID="string_145" HPOS="339" VPOS="655" WIDTH="19" HEIGHT="20" WC="0.95" CONTENT="vi"/><SP WIDTH="15" VPOS="655" HPOS="358"/>
							<String ID="string_146" HPOS="373" VPOS="655" WIDTH="74" HEIGHT="20" WC="0.96" CONTENT="föreslå"/>
						</TextLine>
					</TextBlock>
				</ComposedBlock>
				<ComposedBlock ID="cblock_2" HPOS="330" VPOS="722" WIDTH="626" HEIGHT="171">
					<TextBlock ID="block_4" HPOS="330" VPOS="722" WIDTH="626" HEIGHT="171">
						<TextLine ID="line_17" HPOS="403" VPOS="722" WIDTH="552" HEIGHT="27">
							<String ID="string_147" HPOS="403" VPOS="725" WIDTH="31" HEIGHT="18" WC="0.93" CONTENT="att"/><SP WIDTH="16" VPOS="725" HPOS="434"/>
							<String ID="string_148" HPOS="450" VPOS="722" WIDTH="126" HEIGHT="27" WC="0.92" CONTENT="Höglofliga"/><SP WIDTH="15" VPOS="722" HPOS="576"/>
							<String ID="string_149" HPOS="591" VPOS="722" WIDTH="160" HEIGHT="27" WC="0.88" CONTENT="Ridderskapet"/><SP WIDTH="16" VPOS="722" HPOS="751"/>
							<String ID="string_150" HPOS="767" VPOS="722" WIDTH="38" HEIGHT="21" WC="0.93" CONTENT="och"/><SP WIDTH="13" VPOS="722" HPOS="805"/>
							<String ID="string_151" HPOS="818" VPOS="723" WIDTH="71" HEIGHT="20" WC="0.93" CONTENT="Adeln"/><SP WIDTH="10" VPOS="723" HPOS="889"/>
							<String ID="string_152" HPOS="899" VPOS="723" WIDTH="56" HEIGHT="24" WC="0.96" CONTENT="ville,"/>
						</TextLine>
						<TextLine ID="line_18" HPOS="330" VPOS="751" WIDTH="625" HEIGHT="27">
							<String ID="string_153" HPOS="330" VPOS="751" WIDTH="66" HEIGHT="27" WC="0.54" CONTENT="jemte"/><SP WIDTH="20" VPOS="751" HPOS="396"/>
							<String ID="string_154" HPOS="416" VPOS="751" WIDTH="25" HEIGHT="20" WC="0.93" CONTENT="de"/><SP WIDTH="15" VPOS="751" HPOS="441"/>
							<String ID="string_155" HPOS="456" VPOS="751" WIDTH="74" HEIGHT="27" WC="0.96" CONTENT="öfriga"/><SP WIDTH="16" VPOS="751" HPOS="530"/>
							<String ID="string_156" HPOS="546" VPOS="751" WIDTH="100" HEIGHT="26" WC="0.96" CONTENT="stånden,"/><SP WIDTH="20" VPOS="751" HPOS="646"/>
							<String ID="string_157" HPOS="666" VPOS="751" WIDTH="68" HEIGHT="20" WC="0.95" CONTENT="redan"/><SP WIDTH="20" VPOS="751" HPOS="734"/>
							<String ID="string_158" HPOS="754" VPOS="751" WIDTH="36" HEIGHT="20" WC="0.93" CONTENT="vid"/><SP WIDTH="19" VPOS="751" HPOS="790"/>
							<String ID="string_159" HPOS="809" VPOS="751" WIDTH="146" HEIGHT="20" WC="0.96" CONTENT="innevarande"/>
						</TextLine>
						<TextLine ID="line_19" HPOS="335" VPOS="779" WIDTH="621" HEIGHT="28">
							<String ID="string_160" HPOS="335" VPOS="779" WIDTH="106" HEIGHT="28" WC="0.91" CONTENT="landtdag"/><SP WIDTH="23" VPOS="779" HPOS="441"/>
							<String ID="string_161" HPOS="464" VPOS="779" WIDTH="88" HEIGHT="27" WC="0.96" CONTENT="vidtaga"/><SP WIDTH="20" VPOS="779" HPOS="552"/>
							<String ID="string_162" HPOS="572" VPOS="780" WIDTH="54" HEIGHT="20" WC="0.96" CONTENT="mått"/><SP WIDTH="21" VPOS="780" HPOS="626"/>
							<String ID="string_163" HPOS="647" VPOS="779" WIDTH="38" HEIGHT="21" WC="0.95" CONTENT="och"/><SP WIDTH="22" VPOS="779" HPOS="685"/>
							<String ID="string_164" HPOS="707" VPOS="782" WIDTH="43" HEIGHT="25" WC="0.89" CONTENT="steg"/><SP WIDTH="19" VPOS="782" HPOS="750"/>
							<String ID="string_165" HPOS="769" VPOS="779" WIDTH="42" HEIGHT="28" WC="0.96" CONTENT="för"/><SP WIDTH="19" VPOS="779" HPOS="811"/>
							<String ID="string_166" HPOS="830" VPOS="782" WIDTH="32" HEIGHT="18" WC="0.93" CONTENT="att"/><SP WIDTH="20" VPOS="782" HPOS="862"/>
							<String ID="string_167" HPOS="882" VPOS="779" WIDTH="74" HEIGHT="21" WC="0.91" CONTENT="åstad-"/>
						</TextLine>
						<TextLine ID="line_20" HPOS="334" VPOS="807" WIDTH="622" HEIGHT="28">
							<String ID="string_168" HPOS="334" VPOS="808" WIDTH="85" HEIGHT="21" WC="0.92" CONTENT="komma"/><SP WIDTH="20" VPOS="808" HPOS="419"/>
							<String ID="string_169" HPOS="439" VPOS="815" WIDTH="23" HEIGHT="12" WC="0.93" CONTENT="en"/><SP WIDTH="21" VPOS="815" HPOS="462"/>
							<String ID="string_170" HPOS="483" VPOS="807" WIDTH="170" HEIGHT="28" WC="0.92" CONTENT="museibyggnad"/><SP WIDTH="16" VPOS="807" HPOS="653"/>
							<String ID="string_171" HPOS="669" VPOS="807" WIDTH="41" HEIGHT="28" WC="0.96" CONTENT="för"/><SP WIDTH="20" VPOS="807" HPOS="710"/>
							<String ID="string_172" HPOS="730" VPOS="809" WIDTH="26" HEIGHT="20" WC="0.93" CONTENT="de"/><SP WIDTH="15" VPOS="809" HPOS="756"/>
							<String ID="string_173" HPOS="771" VPOS="808" WIDTH="114" HEIGHT="21" WC="0.92" CONTENT="Antellska"/><SP WIDTH="15" VPOS="808" HPOS="885"/>
							<String ID="string_174" HPOS="900" VPOS="815" WIDTH="56" HEIGHT="14" WC="0.92" CONTENT="sam-"/>
						</TextLine>
						<TextLine ID="line_21" HPOS="335" VPOS="836" WIDTH="620" HEIGHT="28">
							<String ID="string_175" HPOS="335" VPOS="837" WIDTH="109" HEIGHT="27" WC="0.95" CONTENT="lingarna,"/><SP WIDTH="24" VPOS="837" HPOS="444"/>
							<String ID="string_176" HPOS="468" VPOS="836" WIDTH="110" HEIGHT="27" WC="0.93" CONTENT="äfvensom"/><SP WIDTH="23" VPOS="836" HPOS="578"/>
							<String ID="string_177" HPOS="601" VPOS="838" WIDTH="100" HEIGHT="26" WC="0.91" CONTENT="uppgöra"/><SP WIDTH="22" VPOS="838" HPOS="701"/>
							<String ID="string_178" HPOS="723" VPOS="837" WIDTH="91" HEIGHT="27" WC="0.96" CONTENT="förslag"/><SP WIDTH="24" VPOS="837" HPOS="814"/>
							<String ID="string_179" HPOS="838" VPOS="837" WIDTH="34" HEIGHT="20" WC="0.92" CONTENT="till"/><SP WIDTH="25" VPOS="837" HPOS="872"/>
							<String ID="string_180" HPOS="897" VPOS="837" WIDTH="58" HEIGHT="20" WC="0.89" CONTENT="delta"/>
						</TextLine>
						<TextLine ID="line_22" HPOS="334" VPOS="865" WIDTH="591" HEIGHT="28">
							<String ID="string_181" HPOS="334" VPOS="872" WIDTH="107" HEIGHT="13" WC="0.96" CONTENT="museums"/><SP WIDTH="10" VPOS="872" HPOS="441"/>
							<String ID="string_182" HPOS="451" VPOS="865" WIDTH="113" HEIGHT="28" WC="0.96" CONTENT="framtida"/><SP WIDTH="16" VPOS="865" HPOS="564"/>
							<String ID="string_183" HPOS="580" VPOS="866" WIDTH="132" HEIGHT="27" WC="0.96" CONTENT="styrelsesätt"/><SP WIDTH="15" VPOS="866" HPOS="712"/>
							<String ID="string_184" HPOS="727" VPOS="865" WIDTH="38" HEIGHT="21" WC="0.96" CONTENT="och"/><SP WIDTH="12" VPOS="865" HPOS="765"/>
							<String ID="string_185" HPOS="777" VPOS="866" WIDTH="148" HEIGHT="27" WC="0.95" CONTENT="förvaltning."/>
						</TextLine>
					</TextBlock>
				</ComposedBlock>
				<ComposedBlock ID="cblock_3" HPOS="264" VPOS="933" WIDTH="621" HEIGHT="23">
					<TextBlock ID="block_5" HPOS="264" VPOS="933" WIDTH="621" HEIGHT="23">
						<TextLine ID="line_23" HPOS="264" VPOS="933" WIDTH="621" HEIGHT="23">
							<String ID="string_186" HPOS="264" VPOS="933" WIDTH="63" HEIGHT="22" WC="0.93" CONTENT="Eero"/><SP WIDTH="16" VPOS="933" HPOS="327"/>
							<String ID="string_187" HPOS="343" VPOS="933" WIDTH="130" HEIGHT="23" WC="0.92" CONTENT="Järnefelt."/><SP WIDTH="195" VPOS="933" HPOS="473"/>
							<String ID="string_188" HPOS="668" VPOS="934" WIDTH="85" HEIGHT="22" WC="0.93" CONTENT="Albert"/><SP WIDTH="15" VPOS="934" HPOS="753"/>
							<String ID="string_189" HPOS="768" VPOS="934" WIDTH="117" HEIGHT="22" WC="0.91" CONTENT="Edelfelt."/>
						</TextLine>
					</TextBlock>
				</ComposedBlock>
				<ComposedBlock ID="cblock_4" HPOS="264" VPOS="1066" WIDTH="152" HEIGHT="27">
					<TextBlock ID="block_6" HPOS="264" VPOS="1066" WIDTH="152" HEIGHT="27">
						<TextLine ID="line_24" HPOS="264" VPOS="1066" WIDTH="152" HEIGHT="27">
							<String ID="string_190" HPOS="264" VPOS="1066" WIDTH="152" HEIGHT="27" WC="0.88" CONTENT="(Öfversättning.)"/>
						</TextLine>
					</TextBlock>
				</ComposedBlock>
				<ComposedBlock ID="cblock_5" HPOS="359" VPOS="1142" WIDTH="442" HEIGHT="24">
					<TextBlock ID="block_7" HPOS="359" VPOS="1142" WIDTH="442" HEIGHT="24">
						<TextLine ID="line_25" HPOS="359" VPOS="1142" WIDTH="442" HEIGHT="24">
							<String ID="string_191" HPOS="359" VPOS="1142" WIDTH="49" HEIGHT="18" WC="0.92" CONTENT="Till"/><SP WIDTH="15" VPOS="1142" HPOS="408"/>
							<String ID="string_192" HPOS="423" VPOS="1142" WIDTH="163" HEIGHT="24" WC="0.90" CONTENT="Högvördiga"/><SP WIDTH="16" VPOS="1142" HPOS="586"/>
							<String ID="string_193" HPOS="602" VPOS="1142" WIDTH="199" HEIGHT="20" WC="0.90" CONTENT="Presteståndet."/>
						</TextLine>
					</TextBlock>
				</ComposedBlock>
				<ComposedBlock ID="cblock_6" HPOS="192" VPOS="1203" WIDTH="763" HEIGHT="315">
					<TextBlock ID="block_8" HPOS="192" VPOS="1203" WIDTH="763" HEIGHT="283">
						<TextLine ID="line_26" HPOS="266" VPOS="1203" WIDTH="687" HEIGHT="25">
							<String ID="string_194" HPOS="266" VPOS="1203" WIDTH="40" HEIGHT="19" WC="0.95" CONTENT="Vår"/><SP WIDTH="23" VPOS="1203" HPOS="306"/>
							<String ID="string_195" HPOS="329" VPOS="1204" WIDTH="38" HEIGHT="19" WC="0.96" CONTENT="tids"/><SP WIDTH="24" VPOS="1204" HPOS="367"/>
							<String ID="string_196" HPOS="391" VPOS="1210" WIDTH="84" HEIGHT="18" WC="0.96" CONTENT="museer,"/><SP WIDTH="16" VPOS="1210" HPOS="475"/>
							<String ID="string_197" HPOS="491" VPOS="1205" WIDTH="7" HEIGHT="18" WC="0.96" CONTENT="i"/><SP WIDTH="15" VPOS="1205" HPOS="498"/>
							<String ID="string_198" HPOS="513" VPOS="1205" WIDTH="67" HEIGHT="19" WC="0.93" CONTENT="hvilka"/><SP WIDTH="16" VPOS="1205" HPOS="580"/>
							<String ID="string_199" HPOS="596" VPOS="1204" WIDTH="138" HEIGHT="20" WC="0.91" CONTENT="sammanförts"/><SP WIDTH="17" VPOS="1204" HPOS="734"/>
							<String ID="string_200" HPOS="751" VPOS="1206" WIDTH="36" HEIGHT="19" WC="0.96" CONTENT="och"/><SP WIDTH="17" VPOS="1206" HPOS="787"/>
							<String ID="string_201" HPOS="804" VPOS="1206" WIDTH="81" HEIGHT="18" WC="0.93" CONTENT="bevaras"/><SP WIDTH="16" VPOS="1206" HPOS="885"/>
							<String ID="string_202" HPOS="901" VPOS="1205" WIDTH="52" HEIGHT="19" WC="0.91" CONTENT="före-"/>
						</TextLine>
						<TextLine ID="line_27" HPOS="197" VPOS="1231" WIDTH="756" HEIGHT="27">
							<String ID="string_203" HPOS="197" VPOS="1231" WIDTH="46" HEIGHT="23" WC="0.94" CONTENT="mål,"/><SP WIDTH="24" VPOS="1231" HPOS="243"/>
							<String ID="string_204" HPOS="267" VPOS="1238" WIDTH="42" HEIGHT="13" WC="0.93" CONTENT="som"/><SP WIDTH="22" VPOS="1238" HPOS="309"/>
							<String ID="string_205" HPOS="331" VPOS="1232" WIDTH="90" HEIGHT="24" WC="0.93" CONTENT="afspegla"/><SP WIDTH="22" VPOS="1232" HPOS="421"/>
							<String ID="string_206" HPOS="443" VPOS="1235" WIDTH="29" HEIGHT="17" WC="0.96" CONTENT="ett"/><SP WIDTH="22" VPOS="1235" HPOS="472"/>
							<String ID="string_207" HPOS="494" VPOS="1233" WIDTH="52" HEIGHT="19" WC="0.93" CONTENT="folks"/><SP WIDTH="24" VPOS="1233" HPOS="546"/>
							<String ID="string_208" HPOS="570" VPOS="1234" WIDTH="192" HEIGHT="24" WC="0.92" CONTENT="kulturständpunkt"/><SP WIDTH="21" VPOS="1234" HPOS="762"/>
							<String ID="string_209" HPOS="783" VPOS="1234" WIDTH="62" HEIGHT="19" WC="0.96" CONTENT="under"/><SP WIDTH="15" VPOS="1234" HPOS="845"/>
							<String ID="string_210" HPOS="860" VPOS="1234" WIDTH="39" HEIGHT="19" WC="0.93" CONTENT="alla"/><SP WIDTH="15" VPOS="1234" HPOS="899"/>
							<String ID="string_211" HPOS="914" VPOS="1234" WIDTH="39" HEIGHT="19" WC="0.93" CONTENT="för-"/>
						</TextLine>
						<TextLine ID="line_28" HPOS="195" VPOS="1260" WIDTH="759" HEIGHT="26">
							<String ID="string_212" HPOS="195" VPOS="1260" WIDTH="112" HEIGHT="20" WC="0.96" CONTENT="historiska"/><SP WIDTH="15" VPOS="1260" HPOS="307"/>
							<String ID="string_213" HPOS="322" VPOS="1261" WIDTH="37" HEIGHT="19" WC="0.92" CONTENT="och"/><SP WIDTH="15" VPOS="1261" HPOS="359"/>
							<String ID="string_214" HPOS="374" VPOS="1261" WIDTH="110" HEIGHT="19" WC="0.93" CONTENT="historiska"/><SP WIDTH="15" VPOS="1261" HPOS="484"/>
							<String ID="string_215" HPOS="499" VPOS="1262" WIDTH="124" HEIGHT="24" WC="0.92" CONTENT="tidsskeden,"/><SP WIDTH="16" VPOS="1262" HPOS="623"/>
							<String ID="string_216" HPOS="639" VPOS="1262" WIDTH="43" HEIGHT="20" WC="0.93" CONTENT="från"/><SP WIDTH="16" VPOS="1262" HPOS="682"/>
							<String ID="string_217" HPOS="698" VPOS="1262" WIDTH="125" HEIGHT="20" WC="0.65" CONTENT="stenälderns"/><SP WIDTH="11" VPOS="1262" HPOS="823"/>
							<String ID="string_218" HPOS="834" VPOS="1263" WIDTH="120" HEIGHT="19" WC="0.96" CONTENT="elementära"/>
						</TextLine>
						<TextLine ID="line_29" HPOS="194" VPOS="1288" WIDTH="761" HEIGHT="27">
							<String ID="string_219" HPOS="194" VPOS="1288" WIDTH="92" HEIGHT="20" WC="0.96" CONTENT="tillstånd"/><SP WIDTH="16" VPOS="1288" HPOS="286"/>
							<String ID="string_220" HPOS="302" VPOS="1289" WIDTH="31" HEIGHT="19" WC="0.95" CONTENT="till"/><SP WIDTH="15" VPOS="1289" HPOS="333"/>
							<String ID="string_221" HPOS="348" VPOS="1290" WIDTH="38" HEIGHT="18" WC="0.96" CONTENT="den"/><SP WIDTH="16" VPOS="1290" HPOS="386"/>
							<String ID="string_222" HPOS="402" VPOS="1290" WIDTH="95" HEIGHT="19" WC="0.96" CONTENT="moderna"/><SP WIDTH="15" VPOS="1290" HPOS="497"/>
							<String ID="string_223" HPOS="512" VPOS="1290" WIDTH="96" HEIGHT="20" WC="0.96" CONTENT="konstens"/><SP WIDTH="16" VPOS="1290" HPOS="608"/>
							<String ID="string_224" HPOS="624" VPOS="1292" WIDTH="77" HEIGHT="23" WC="0.96" CONTENT="höjder,"/><SP WIDTH="15" VPOS="1292" HPOS="701"/>
							<String ID="string_225" HPOS="716" VPOS="1291" WIDTH="60" HEIGHT="19" WC="0.96" CONTENT="hafva"/><SP WIDTH="15" VPOS="1291" HPOS="776"/>
							<String ID="string_226" HPOS="791" VPOS="1292" WIDTH="57" HEIGHT="23" WC="0.96" CONTENT="djupt"/><SP WIDTH="16" VPOS="1292" HPOS="848"/>
							<String ID="string_227" HPOS="864" VPOS="1292" WIDTH="91" HEIGHT="18" WC="0.96" CONTENT="inverkat"/>
						</TextLine>
						<TextLine ID="line_30" HPOS="194" VPOS="1317" WIDTH="760" HEIGHT="26">
							<String ID="string_228" HPOS="194" VPOS="1317" WIDTH="26" HEIGHT="24" WC="0.96" CONTENT="på"/><SP WIDTH="15" VPOS="1317" HPOS="220"/>
							<String ID="string_229" HPOS="235" VPOS="1317" WIDTH="26" HEIGHT="19" WC="0.96" CONTENT="de"/><SP WIDTH="16" VPOS="1317" HPOS="261"/>
							<String ID="string_230" HPOS="277" VPOS="1318" WIDTH="94" HEIGHT="18" WC="0.96" CONTENT="moderna"/><SP WIDTH="16" VPOS="1318" HPOS="371"/>
							<String ID="string_231" HPOS="387" VPOS="1318" WIDTH="77" HEIGHT="20" WC="0.92" CONTENT="folkens"/><SP WIDTH="16" VPOS="1318" HPOS="464"/>
							<String ID="string_232" HPOS="480" VPOS="1319" WIDTH="98" HEIGHT="19" WC="0.88" CONTENT="kulturlif."/><SP WIDTH="26" VPOS="1319" HPOS="578"/>
							<String ID="string_233" HPOS="604" VPOS="1320" WIDTH="42" HEIGHT="18" WC="0.96" CONTENT="Den"/><SP WIDTH="16" VPOS="1320" HPOS="646"/>
							<String ID="string_234" HPOS="662" VPOS="1320" WIDTH="6" HEIGHT="18" WC="0.96" CONTENT="i"/><SP WIDTH="17" VPOS="1320" HPOS="668"/>
							<String ID="string_235" HPOS="685" VPOS="1322" WIDTH="77" HEIGHT="21" WC="0.96" CONTENT="ögonen"/><SP WIDTH="13" VPOS="1322" HPOS="762"/>
							<String ID="string_236" HPOS="775" VPOS="1320" WIDTH="87" HEIGHT="19" WC="0.93" CONTENT="fallande"/><SP WIDTH="11" VPOS="1320" HPOS="862"/>
							<String ID="string_237" HPOS="873" VPOS="1320" WIDTH="81" HEIGHT="19" WC="0.92" CONTENT="utveck-"/>
						</TextLine>
						<TextLine ID="line_31" HPOS="195" VPOS="1346" WIDTH="759" HEIGHT="26">
							<String ID="string_238" HPOS="195" VPOS="1346" WIDTH="41" HEIGHT="22" WC="0.96" CONTENT="ling"/><SP WIDTH="17" VPOS="1346" HPOS="236"/>
							<String ID="string_239" HPOS="253" VPOS="1346" WIDTH="7" HEIGHT="18" WC="0.96" CONTENT="i"/><SP WIDTH="16" VPOS="1346" HPOS="260"/>
							<String ID="string_240" HPOS="276" VPOS="1347" WIDTH="32" HEIGHT="18" WC="0.96" CONTENT="stil"/><SP WIDTH="17" VPOS="1347" HPOS="308"/>
							<String ID="string_241" HPOS="325" VPOS="1346" WIDTH="36" HEIGHT="20" WC="0.96" CONTENT="och"/><SP WIDTH="19" VPOS="1346" HPOS="361"/>
							<String ID="string_242" HPOS="380" VPOS="1346" WIDTH="57" HEIGHT="26" WC="0.96" CONTENT="form,"/><SP WIDTH="11" VPOS="1346" HPOS="437"/>
							<String ID="string_243" HPOS="448" VPOS="1353" WIDTH="41" HEIGHT="13" WC="0.96" CONTENT="som"/><SP WIDTH="12" VPOS="1353" HPOS="489"/>
							<String ID="string_244" HPOS="501" VPOS="1348" WIDTH="110" HEIGHT="19" WC="0.95" CONTENT="industrins"/><SP WIDTH="13" VPOS="1348" HPOS="611"/>
							<String ID="string_245" HPOS="624" VPOS="1349" WIDTH="61" HEIGHT="19" WC="0.92" CONTENT="alster"/><SP WIDTH="10" VPOS="1349" HPOS="685"/>
							<String ID="string_246" HPOS="695" VPOS="1348" WIDTH="107" HEIGHT="24" WC="0.91" CONTENT="undergått"/><SP WIDTH="12" VPOS="1348" HPOS="802"/>
							<String ID="string_247" HPOS="814" VPOS="1349" WIDTH="36" HEIGHT="18" WC="0.96" CONTENT="allt"/><SP WIDTH="10" VPOS="1349" HPOS="850"/>
							<String ID="string_248" HPOS="860" VPOS="1348" WIDTH="49" HEIGHT="19" WC="0.93" CONTENT="ifrån"/><SP WIDTH="12" VPOS="1348" HPOS="909"/>
							<String ID="string_249" HPOS="921" VPOS="1354" WIDTH="33" HEIGHT="13" WC="0.91" CONTENT="ur-"/>
						</TextLine>
						<TextLine ID="line_32" HPOS="195" VPOS="1374" WIDTH="758" HEIGHT="26">
							<String ID="string_250" HPOS="195" VPOS="1374" WIDTH="66" HEIGHT="19" WC="0.92" CONTENT="äldsta"/><SP WIDTH="16" VPOS="1374" HPOS="261"/>
							<String ID="string_251" HPOS="277" VPOS="1374" WIDTH="144" HEIGHT="21" WC="0.89" CONTENT="förhelleniska"/><SP WIDTH="23" VPOS="1374" HPOS="421"/>
							<String ID="string_252" HPOS="444" VPOS="1376" WIDTH="58" HEIGHT="23" WC="0.96" CONTENT="tider,"/><SP WIDTH="16" VPOS="1376" HPOS="502"/>
							<String ID="string_253" HPOS="518" VPOS="1377" WIDTH="103" HEIGHT="23" WC="0.96" CONTENT="upphörde"/><SP WIDTH="23" VPOS="1377" HPOS="621"/>
							<String ID="string_254" HPOS="644" VPOS="1377" WIDTH="90" HEIGHT="23" WC="0.96" CONTENT="plötsligt"/><SP WIDTH="16" VPOS="1377" HPOS="734"/>
							<String ID="string_255" HPOS="750" VPOS="1383" WIDTH="69" HEIGHT="17" WC="0.96" CONTENT="genom"/><SP WIDTH="22" VPOS="1383" HPOS="819"/>
							<String ID="string_256" HPOS="841" VPOS="1382" WIDTH="112" HEIGHT="14" WC="0.95" CONTENT="museernas"/>
						</TextLine>
						<TextLine ID="line_33" HPOS="193" VPOS="1402" WIDTH="761" HEIGHT="27">
							<String ID="string_257" HPOS="193" VPOS="1402" WIDTH="98" HEIGHT="20" WC="0.96" CONTENT="inverkan"/><SP WIDTH="16" VPOS="1402" HPOS="291"/>
							<String ID="string_258" HPOS="307" VPOS="1404" WIDTH="60" HEIGHT="18" WC="0.96" CONTENT="redan"/><SP WIDTH="18" VPOS="1404" HPOS="367"/>
							<String ID="string_259" HPOS="385" VPOS="1404" WIDTH="24" HEIGHT="24" WC="0.96" CONTENT="på"/><SP WIDTH="17" VPOS="1404" HPOS="409"/>
							<String ID="string_260" HPOS="426" VPOS="1404" WIDTH="122" HEIGHT="20" WC="0.95" CONTENT="1830-talet."/><SP WIDTH="30" VPOS="1404" HPOS="548"/>
							<String ID="string_261" HPOS="578" VPOS="1405" WIDTH="32" HEIGHT="19" WC="0.93" CONTENT="Då"/><SP WIDTH="15" VPOS="1405" HPOS="610"/>
							<String ID="string_262" HPOS="625" VPOS="1405" WIDTH="83" HEIGHT="24" WC="0.92" CONTENT="begynte"/><SP WIDTH="17" VPOS="1405" HPOS="708"/>
							<String ID="string_263" HPOS="725" VPOS="1405" WIDTH="31" HEIGHT="20" WC="0.96" CONTENT="för"/><SP WIDTH="16" VPOS="1405" HPOS="756"/>
							<String ID="string_264" HPOS="772" VPOS="1406" WIDTH="97" HEIGHT="18" WC="0.96" CONTENT="industrin"/><SP WIDTH="17" VPOS="1406" HPOS="869"/>
							<String ID="string_265" HPOS="886" VPOS="1411" WIDTH="30" HEIGHT="17" WC="0.96" CONTENT="en,"/><SP WIDTH="16" VPOS="1411" HPOS="916"/>
							<String ID="string_266" HPOS="932" VPOS="1406" WIDTH="22" HEIGHT="19" WC="0.96" CONTENT="så"/>
						</TextLine>
						<TextLine ID="line_34" HPOS="192" VPOS="1432" WIDTH="762" HEIGHT="26">
							<String ID="string_267" HPOS="192" VPOS="1433" WIDTH="30" HEIGHT="17" WC="0.96" CONTENT="att"/><SP WIDTH="12" VPOS="1433" HPOS="222"/>
							<String ID="string_268" HPOS="234" VPOS="1434" WIDTH="57" HEIGHT="21" WC="0.93" CONTENT="säga,"/><SP WIDTH="11" VPOS="1434" HPOS="291"/>
							<String ID="string_269" HPOS="302" VPOS="1432" WIDTH="95" HEIGHT="20" WC="0.90" CONTENT="nationeii"/><SP WIDTH="10" VPOS="1432" HPOS="397"/>
							<String ID="string_270" HPOS="407" VPOS="1434" WIDTH="183" HEIGHT="24" WC="0.63" CONTENT="renässausperiod."/><SP WIDTH="26" VPOS="1434" HPOS="590"/>
							<String ID="string_271" HPOS="616" VPOS="1434" WIDTH="106" HEIGHT="20" WC="0.74" CONTENT="Muscerna"/><SP WIDTH="13" VPOS="1434" HPOS="722"/>
							<String ID="string_272" HPOS="735" VPOS="1434" WIDTH="152" HEIGHT="19" WC="0.92" CONTENT="tillhandahålla"/><SP WIDTH="10" VPOS="1434" HPOS="887"/>
							<String ID="string_273" HPOS="897" VPOS="1434" WIDTH="57" HEIGHT="19" WC="0.91" CONTENT="indu-"/>
						</TextLine>
						<TextLine ID="line_35" HPOS="194" VPOS="1460" WIDTH="760" HEIGHT="26">
							<String ID="string_274" HPOS="194" VPOS="1460" WIDTH="51" HEIGHT="18" WC="0.91" CONTENT="strin"/><SP WIDTH="24" VPOS="1460" HPOS="245"/>
							<String ID="string_275" HPOS="269" VPOS="1461" WIDTH="86" HEIGHT="23" WC="0.96" CONTENT="ständigt"/><SP WIDTH="20" VPOS="1461" HPOS="355"/>
							<String ID="string_276" HPOS="375" VPOS="1467" WIDTH="38" HEIGHT="17" WC="0.93" CONTENT="nya"/><SP WIDTH="16" VPOS="1467" HPOS="413"/>
							<String ID="string_277" HPOS="429" VPOS="1462" WIDTH="107" HEIGHT="19" WC="0.92" CONTENT="stilformer"/><SP WIDTH="16" VPOS="1462" HPOS="536"/>
							<String ID="string_278" HPOS="552" VPOS="1462" WIDTH="43" HEIGHT="19" WC="0.96" CONTENT="från"/><SP WIDTH="21" VPOS="1462" HPOS="595"/>
							<String ID="string_279" HPOS="616" VPOS="1466" WIDTH="44" HEIGHT="20" WC="0.96" CONTENT="eget"/><SP WIDTH="15" VPOS="1466" HPOS="660"/>
							<String ID="string_280" HPOS="675" VPOS="1462" WIDTH="53" HEIGHT="20" WC="0.96" CONTENT="folks"/><SP WIDTH="16" VPOS="1462" HPOS="728"/>
							<String ID="string_281" HPOS="744" VPOS="1462" WIDTH="82" HEIGHT="24" WC="0.96" CONTENT="forntid,"/><SP WIDTH="16" VPOS="1462" HPOS="826"/>
							<String ID="string_282" HPOS="842" VPOS="1462" WIDTH="38" HEIGHT="20" WC="0.96" CONTENT="och"/><SP WIDTH="15" VPOS="1462" HPOS="880"/>
							<String ID="string_283" HPOS="895" VPOS="1462" WIDTH="59" HEIGHT="20" WC="0.95" CONTENT="dessa"/>
						</TextLine>
					</TextBlock>
					<TextBlock ID="block_9" HPOS="263" VPOS="1498" WIDTH="499" HEIGHT="20">
						<TextLine ID="line_36" HPOS="263" VPOS="1498" WIDTH="499" HEIGHT="20">
							<String ID="string_284" HPOS="263" VPOS="1498" WIDTH="103" HEIGHT="18" WC="0.84" CONTENT="Allmänna"/><SP WIDTH="11" VPOS="1498" HPOS="366"/>
							<String ID="string_285" HPOS="377" VPOS="1498" WIDTH="170" HEIGHT="19" WC="0.92" CONTENT="Besvärsutskottets"/><SP WIDTH="13" VPOS="1498" HPOS="547"/>
							<String ID="string_286" HPOS="560" VPOS="1500" WIDTH="111" HEIGHT="18" WC="0.96" CONTENT="betänkande"/><SP WIDTH="13" VPOS="1500" HPOS="671"/>
							<String ID="string_287" HPOS="684" VPOS="1503" WIDTH="37" HEIGHT="15" WC="0.96" CONTENT="N:o"/><SP WIDTH="12" VPOS="1503" HPOS="721"/>
							<String ID="string_288" HPOS="733" VPOS="1501" WIDTH="29" HEIGHT="17" WC="0.96" CONTENT="19."/>
						</TextLine>
					</TextBlock>
				</ComposedBlock>
			</PrintSpace>
		</Page>
	</Layout>
</alto>
