1103 1700
460 153 72 21 XXXI
836 154 12 20 3

119 227 82 23 förhöjdt
219 228 28 17 till
261 228 62 21 50,000
335 228 58 20 mark,
409 227 71 18 hvilket
492 227 86 22 förhöjda
590 227 64 22 anslag
667 226 29 18 för
708 226 123 18 nästnämnda
843 226 34 18 och

118 262 83 22 påföljda
213 262 20 17 år
245 262 30 17 för
287 262 72 17 dermed
372 261 62 18 afsedt
446 261 84 18 ändamål
543 261 29 17 till
585 261 46 17 fullo
644 260 127 23 disponerats;
790 262 28 16 att
830 260 46 18 lika-

118 296 50 18 ledes
185 296 47 18 efter
249 298 70 16 senaste
332 296 93 22 landtdag,
439 296 23 22 på
474 296 89 18 Senatens
576 295 126 23 underdåniga
714 295 142 23 framställning,
870 296 5 16 i

118 330 57 18 nåder
192 330 85 22 beviljats
289 332 27 16 ett
329 331 56 21 årligt
397 330 64 22 anslag
473 330 21 18 af
504 330 64 22 20,000
579 330 58 21 mark,
651 331 28 16 att
691 329 45 23 utgå
748 330 6 16 i
767 329 26 17 tio
806 330 30 17 års
848 330 28 17 tid

118 364 41 18 från
179 364 33 18 och
226 364 41 18 med
280 365 21 17 år
314 366 41 17 1891
370 366 47 16 samt
430 364 92 18 användas
535 364 28 18 till
576 364 106 18 inrättande
695 364 48 17 inom
756 364 119 22 lappmarken

117 398 21 18 af
154 398 69 18 mindre
242 400 60 21 vägar,
320 400 107 22 gångstigar
446 400 33 16 ock
496 399 88 23 spångar;
601 401 46 15 samt
665 400 29 16 att
712 398 93 18 dessutom
817 398 58 18 under

117 433 122 17 sistförflutna
254 433 43 18 åren
310 434 5 17 i
328 434 45 22 följd
386 434 21 17 af
418 433 98 18 inträffade
528 434 109 17 missväxter
649 432 104 24 betydande
765 433 65 22 belopp
844 438 30 12 an-

117 467 64 22 slagits
194 473 21 11 ur
226 467 209 23 undsättningsfondens
447 468 57 17 medel
518 468 29 17 för
559 467 141 23 vägbyggnader
712 467 162 23 hufvudsakligast

116 501 5 17 i
135 501 22 18 de
169 501 104 23 nordligare
291 502 74 18 delarna
380 502 21 18 af
412 502 68 18 landet.
504 502 26 18 På
542 502 60 22 grund
615 502 21 18 af
647 502 77 18 anförda
738 502 135 22 omständighe-

116 537 28 16 ter
156 536 33 18 har
202 536 151 18 Statsutskottets
366 537 140 22 ifrågavarande
518 537 137 23 önskningsmål
668 537 29 17 för
710 536 114 19 närvarande
832 537 40 17 icke

116 571 91 17 föranledt
218 571 29 17 till
261 571 59 22 någon
332 572 75 21 åtgärd;

184 605 29 22 10)
226 607 29 16 att
267 605 82 22 Senaten,
363 606 5 17 i
381 606 65 23 frågan
460 612 27 11 om
501 606 153 18 Statsutskottets
667 606 70 22 förslag
749 607 27 16 att
789 607 32 16 den
832 612 13 12 s.
854 607 16 17 k.

111 639 160 22 Jjordbruksfonden
283 641 7 16 i
302 640 80 22 Nylands
394 640 39 17 läns
444 641 68 16 ränteri
524 640 53 17 måtte
588 640 112 17 sammansläs
713 641 37 16 med
763 641 32 16 den
807 641 27 16 uti
843 646 27 17 ge-

114 673 168 22 neralhufvudboken
294 675 49 21 öfver
354 676 111 17 statsverkets
480 676 64 21 fonder
556 675 82 23 ingäende
650 675 173 22 landtbruksfonden,
842 675 29 18 för

113 709 28 16 att
160 707 29 18 för
206 708 98 19 framtiden
322 709 88 18 förvaltas
429 710 21 17 af
467 709 143 22 Statskontoret,
628 709 33 18 den
679 710 20 17 16
712 709 100 18 November
826 711 43 16 1893

113 741 96 19 förordnat
220 745 29 16 att
261 743 125 19 förstnämnda
399 744 43 18 fond
456 745 46 18 skall
516 745 86 22 indragas
610 745 34 17 och
653 745 28 17 till
690 744 178 18 landtbruksfonden

113 775 100 19 Ofverföras
231 777 22 18 de
272 778 90 18 särskilda
380 779 69 22 anslag,
463 784 37 12 som
513 779 121 17 härförinnan
647 779 60 22 ingått
720 779 28 16 till
760 779 108 22 jordbruks-

112 809 75 24 fonden;

883 613 36 16 Pag.
930 613 21 12 17.

182 846 28 21 11)
226 847 29 16 att
271 846 143 19 Statsutskottet
426 847 102 18 framhållit
540 848 159 22 nödvändigheten
712 848 53 18 deraf
776 850 27 15 att
815 849 21 17 de
848 849 22 22 af
879 853 36 16 Pag.
927 853 20 13 18.

111 878 74 18 Senaten
198 880 82 23 vidtagna
291 882 125 21 förberedande
428 882 104 23 åtgärderna
544 883 30 22 för
586 889 20 11 en
614 883 81 22 reform
685 874 10 36 i
702 884 165 22 räkenskapsväsen-

111 913 28 17 det
157 913 52 18 måtte
227 916 84 21 energiskt
326 917 92 21 fullföljas
431 918 47 17 samt
490 919 28 16 att
530 917 31 18 det
573 917 19 18 af
604 917 73 18 enskild
689 923 66 17 person
768 918 23 22 på
804 919 62 22 styrel-

111 952 42 13 sens
166 948 83 23 uppdrag
261 949 65 23 gjorda
339 950 89 23 förslaget
439 951 29 17 till
481 952 186 22 statsräkenskapens
680 952 132 23 uppställning,
825 953 41 18 kas-

110 983 112 22 saväsendet,
241 983 120 24 bokföringen
376 985 34 18 och
428 985 104 19 kontrollen
546 988 44 16 utan
602 987 116 22 tidsutdrägt
730 987 59 18 blefve
802 987 63 18 under-

109 1016 76 18 kastadt
204 1019 112 22 granskning
337 1019 20 18 af
376 1020 120 23 sakkunnige,
518 1021 75 18 utsedde
612 1021 15 22 ej
647 1021 48 18 blott
714 1022 20 17 af
749 1022 115 23 tjenstemän,

109 1052 47 15 samt
173 1051 40 18 med
228 1052 21 17 de
262 1053 152 22 modifikationer,
427 1060 38 12 som
478 1055 61 18 kunde
552 1055 81 18 befinnas
647 1056 73 22 nödiga,
736 1058 72 16 snarast
821 1057 43 22 möj-

108 1084 34 22 ligt
156 1086 121 21 genomfördt.
301 1087 8 17 I
321 1088 98 23 anledning
437 1089 56 18 häraf
504 1090 92 17 meddelas
609 1092 28 16 att
650 1091 57 22 sagda
720 1091 74 23 förslag,
807 1092 57 22 enligt

107 1119 88 19 Senatens
213 1121 60 18 beslut
291 1123 20 17 af
328 1123 34 18 den
380 1124 21 17 19
412 1123 38 24 Maj
465 1125 49 21 1892,
527 1125 129 18 öfverlemnats
676 1125 29 18 till
726 1125 137 24 handläggning

107 1154 19 17 åt
144 1160 22 12 en
185 1156 72 22 komité,
277 1163 37 11 som
333 1158 36 18 fått
387 1159 28 22 sig
434 1160 102 22 uppdraget
554 1162 28 16 att
595 1160 85 18 utarbeta
694 1161 88 21 utförliga
794 1162 68 22 förslag

106 1188 29 18 till
152 1191 144 21 reorganisation
315 1193 20 17 af
352 1193 88 18 Finlands
458 1194 201 24 räkenskapsväsende;
679 1196 34 17 och
731 1196 39 21 har,
784 1196 5 17 i
802 1196 60 18 anled-

105 1223 44 23 ning
165 1224 21 18 af
203 1224 104 20 Utskottets
319 1227 88 23 derjemte
419 1228 65 22 gjorda
497 1229 100 22 uttalande,
610 1230 5 16 i
629 1230 34 17 den
680 1230 84 21 relation,
779 1236 37 12 som
833 1231 29 17 till

105 1262 24 12 nu
142 1260 170 18 sammanträdande
325 1261 78 18 Ständer
415 1262 92 22 aflemnas,
520 1263 77 22 intagits
616 1264 93 18 särskilda
725 1264 71 18 tablåer
812 1266 49 17 öfver

105 1292 84 23 samtliga
208 1295 149 19 statsinkomster
375 1297 33 17 och
421 1297 81 22 utgifter,
516 1298 10 17 å
538 1303 34 13 ena
585 1298 52 18 sidan
650 1299 57 22 enligt
720 1300 139 23 statsförslagen

104 1326 33 18 och
151 1328 10 16 å
173 1328 35 18 den
220 1329 58 18 andra
291 1330 58 18 såsom
363 1331 22 17 de
398 1332 4 16 i
416 1332 126 22 verkligheten
556 1333 77 23 utfallit;

173 1364 29 20 12)
220 1365 33 19 att,
272 1366 44 16 enär
334 1365 143 19 Statsutskottet
495 1367 30 17 vid
543 1368 94 17 verkstäld
654 1368 173 24 detaljgranskning
840 1370 20 18 af

102 1397 96 21 utgifterna
213 1398 30 21 för
261 1399 55 21 finska
335 1400 88 18 militären
442 1401 90 18 inhemtat
550 1402 68 22 attfde
631 1402 103 23 betydande
747 1399 111 32 differenser,

102 1436 37 12 som
152 1431 116 20 förekommit
281 1434 4 17 i
298 1434 124 19 kostnaderna
435 1436 29 18 för
476 1436 117 24 förplägning
612 1438 33 17 och
660 1438 32 17 ved
710 1438 41 18 icke
767 1439 47 17 blott
828 1440 30 16 vid

101 1465 22 17 de
136 1467 91 18 särskilda
240 1468 127 23 bataljonerna
380 1472 44 16 utan
435 1470 67 22 jemväl
516 1471 29 18 för
558 1477 67 13 samma
639 1472 82 23 bataljon
735 1473 57 18 under
806 1474 51 18 olika

872 1370 35 16 Pag.
917 1370 21 16 20,
