1103 1700
249 131 41 21 130
593 132 21 20 1

219 199 52 21 fann
293 199 120 27 Kejserliga
441 200 94 22 Senaten
557 200 35 22 väl
614 200 25 22 af
659 200 161 27 handiingarna
842 200 45 22 deri
902 200 83 28 framgå

219 235 33 20 att
274 234 35 21 till
331 234 165 28 öfverstyrelsen
518 234 46 21 icke
580 234 70 22 sällan
665 234 131 27 reqvirerats
812 235 69 20 större
897 235 87 27 pennin-

219 268 107 27 gebelopp
349 270 26 19 än
399 268 32 22 för
454 268 172 22 verkställandet
644 268 23 22 af
681 268 80 28 nödiga
777 268 160 28 utbetalningar
952 268 33 21 för

218 302 97 22 tillfället
329 303 124 26 erfordrats,
470 304 32 20 att
512 303 188 22 kassakontrollen
712 303 36 21 vid
760 302 166 27 öfverstyrelsen
937 302 48 22 icke

218 337 57 21 varit
298 338 28 26 på
349 339 31 20 ett
397 338 202 21 tillfredsställande
615 339 44 20 sätt
674 338 112 21 anordnad
803 339 56 19 samt
874 340 33 19 att
922 337 62 22 dessa

219 372 191 27 omständigheter,
433 372 74 21 hvilka
526 372 187 22 öfverdirektören
729 372 24 21 L.
770 371 129 21 åtminstone
917 372 68 21 delvis

218 406 83 21 kunnat
324 406 133 22 förekomma
480 406 39 22 och
542 406 103 28 afhjelpa,
661 406 6 21 i
683 406 109 27 väsentlig
815 405 56 27 mån,
887 412 34 15 om
937 406 48 21 icke

218 440 145 27 uteslutande,
386 442 56 20 varit
466 441 93 21 orsaken
582 440 33 22 till
634 442 33 20 att
683 441 41 21 den
740 440 129 27 kassabrist,
884 446 46 16 som
945 440 40 22 hos

219 475 140 21 kamreraren
381 475 34 21 W.
438 477 85 25 yppats,
546 475 82 21 kunnat
644 475 68 21 blifva
728 475 24 21 så
768 477 52 24 stor,
838 480 44 16 som
898 475 85 21 balans-

218 509 121 27 räkningen
354 510 104 21 utvisade.
483 509 50 21 Men
548 509 28 21 då
591 510 136 26 inventering
743 509 24 21 af
780 509 79 21 kassan
875 508 28 28 på
914 509 71 21 öfver-

219 543 134 22 direktörens
377 544 171 21 föranstaltande
565 544 83 27 årligen
665 544 65 26 skett,
748 544 41 21 och
805 543 35 21 vid
856 543 41 21 den
913 544 70 20 inven-

218 578 77 27 tering,
319 585 46 14 som
381 579 7 20 i
403 578 78 21 sådant
504 578 102 21 afseende
630 579 116 21 verkstälts
768 578 41 21 den
826 579 26 20 29
868 577 43 28 Maj
929 578 53 21 1886

219 612 52 22 eller
287 613 84 20 således
387 613 82 21 mindre
485 615 27 18 än
528 615 31 19 ett
575 613 23 20 år
615 613 64 21 innan
691 613 166 27 ifrågavarande
867 613 55 20 brist
932 619 52 20 upp-

218 647 92 26 täcktes,
334 647 41 22 den
398 647 103 22 kontanta
522 647 151 27 behållningen
688 648 7 21 i
711 648 79 21 kassan
807 647 109 22 befunnits
932 653 51 16 vara

218 681 67 28 riktig
297 681 67 27 jemte
381 682 36 21 det
431 682 176 26 räkenskaperna
623 682 23 21 af
656 682 135 21 revisorerne
803 681 118 22 vitsordats
932 687 51 15 vara

218 716 6 21 i
233 716 42 27 god
287 715 98 28 ordning,
394 716 115 27 äfvensom,
519 717 28 26 på
558 716 24 21 af
591 716 187 21 öfverdirektören
787 715 25 22 L.
821 715 94 22 derefter
922 715 61 27 gjord

219 749 164 28 framställning,
408 751 76 26 åtgärd
503 751 24 21 af
540 751 121 26 Kejserliga
677 751 95 21 Senaten
788 750 102 27 vidtagits
905 750 8 21 i
928 749 55 27 syfte

217 787 34 19 att
261 785 82 21 bereda
353 791 24 15 en
388 785 157 22 verksammare
555 785 95 22 kontroll
661 785 59 21 öfver
731 785 151 21 kamrerarens
893 784 90 21 förvalt-

218 819 52 27 ning
285 819 23 21 af
322 819 27 21 de
364 819 33 21 till
413 819 166 27 öfverstyrelsen
596 819 89 22 influtna
700 819 195 27 penningemedlen
906 824 76 20 genom

217 853 48 27 fyra
280 853 81 28 gånger
377 860 33 15 om
422 853 46 22 året
479 853 94 22 skeende
584 853 166 28 inventeringar,
762 853 74 22 hvilka
845 852 67 22 borde
922 852 61 22 verk-

217 888 76 21 ställas
317 888 24 21 af
361 888 184 22 öfverdirektören
566 889 67 26 jemte
649 888 163 21 vederbörande
828 887 154 27 föredragande

219 923 5 20 i
249 922 122 27 Kejserliga
395 922 104 22 Senatens
522 922 177 27 Civilexpedition
722 922 70 22 första
811 921 92 27 helgfria
919 922 64 26 dag
968 917 18 36 i

218 956 75 27 hvarje
317 957 92 28 gvartal,
428 957 69 21 ehuru
511 957 46 21 icke
573 963 37 15 ens
626 957 40 21 den
682 957 70 21 första
768 956 24 21 af
808 957 64 20 dessa
886 956 97 21 invente-

218 991 74 26 ringar
315 991 76 21 hunnit
413 997 40 22 ega
471 997 55 20 rum,
541 991 65 21 innan
621 991 33 21 W.
670 991 40 21 hos
726 990 167 27 öfverstyrelsen
908 989 74 28 gjorde

217 1025 102 22 anmälan
341 1031 35 16 om
399 1026 109 26 balansen,
526 1025 39 22 och
588 1026 28 21 dä
632 1025 72 22 vidare
721 1025 71 21 under
808 1024 41 21 den
864 1024 32 21 tid
912 1024 72 22 öfver-

217 1060 127 21 direktören
359 1060 24 21 L.
399 1060 114 21 handhade
528 1059 266 22 öfverdirektörsembetet
810 1061 101 19 närmare
926 1059 56 21 före-

217 1094 90 22 skrifter
332 1094 82 22 funnits
440 1094 126 21 meddelade
588 1094 95 21 hvarken
707 1100 36 15 om
765 1093 179 22 beskaffenheten
960 1093 24 21 af

219 1129 37 21 det
279 1129 108 27 inseende,
413 1129 190 27 öfverdirektören,
626 1129 86 27 jemlikt
734 1129 28 21 27
786 1128 12 28 &
814 1127 7 21 i
838 1127 41 21 den
901 1127 34 21 för
951 1127 31 21 öf-

217 1164 144 27 verstyrelsen
377 1164 99 27 gällande
492 1164 164 27 instruktionen,
672 1164 68 21 borde
756 1162 62 22 öfver
828 1162 155 21 kassaförvalt-

216 1198 79 27 ningen
318 1198 81 27 utöfva,
423 1198 53 22 eller
496 1198 56 22 hvad
574 1198 43 21 han
633 1198 8 21 i
656 1199 78 21 sädant
759 1196 105 22 afseende
879 1196 56 22 hade
950 1197 34 20 att

216 1232 99 28 iakttaga
337 1233 33 21 för
392 1232 125 28 undgäende
540 1233 23 21 af
581 1232 257 28 ersättningsskyldighet
853 1231 6 21 i
876 1231 40 21 den
930 1230 53 22 hän-

217 1267 58 21 delse
298 1268 33 20 att
353 1267 120 21 kassabrist
487 1267 39 21 hos
541 1267 138 21 kamreraren
693 1266 118 28 uppstode,
827 1266 52 20 eller
895 1271 36 15 ens
946 1265 37 21 be-

216 1302 107 21 träffande
345 1301 108 27 päföljden
473 1302 7 21 i
499 1301 38 21 fall
560 1301 24 21 af
604 1301 153 27 försumlighet
780 1300 130 22 derutinnan
934 1299 49 21 frän

217 1336 197 22 öfverdirektörens
436 1336 53 27 sida,
512 1336 66 27 ansäg
600 1336 122 27 Kejserliga
746 1335 97 22 Senaten
858 1334 125 26 tillförlitlig

218 1370 72 27 grund
315 1370 80 22 saknas
410 1370 33 22 för
458 1370 162 22 bestämmande
636 1370 67 27 deraf,
720 1376 35 16 om
766 1369 42 22 och
819 1369 8 21 i
837 1368 86 22 hvilken
934 1368 50 21 män

215 1404 186 23 Ofverdirektören
423 1405 23 21 L.
470 1405 72 22 kunde
564 1411 63 15 anses
650 1405 64 21 hafva
737 1404 71 22 vållat
829 1403 99 26 berörda,
943 1402 41 22 hos

215 1439 142 23 kamreraren
379 1439 34 22 W.
431 1440 83 27 yppade
530 1440 122 22 kassabrist
666 1440 40 21 och
721 1440 8 20 i
744 1438 88 22 hviiket
846 1437 137 23 Iörnäilande
