1103 1700
265 138 12 20 6
501 138 27 22 U.
543 138 25 21 B.
585 151 27 2 —
627 137 101 22 XXXIL

555 235 79 28 Förslag
650 234 27 24 till

285 286 136 24 Instruktion
437 286 33 24 för
484 286 107 24 Finlands
607 286 103 24 Ständers
726 286 207 30 Bankfullmäktige.

593 363 7 14 1
613 357 25 27 8.

304 414 194 27 Bankfullmäktige
514 414 82 27 äligger
611 418 32 17 att
665 414 50 21 med
738 414 141 27 iakttagande
899 414 24 20 af
935 414 58 21 säväl

234 448 71 20 denna
328 448 133 25 instruktion,
485 455 48 14 som
555 449 37 21 det
615 448 33 21 för
669 448 102 21 Finlands
794 448 61 21 Bank
879 448 113 21 utfärdade

234 482 133 27 reglemente
381 482 57 21 vaka
453 482 100 21 deröfver
564 486 32 18 att
608 482 95 21 bankens
717 482 131 28 förvaltning
858 482 133 21 handhafves

234 517 30 27 pä
279 517 77 21 sädant
371 517 50 25 sätt,
438 524 48 14 som
501 520 122 18 motsvarar
638 517 96 21 bankens
750 517 101 21 säkerhet
864 517 41 21 och
916 517 74 20 fördel.

589 614 11 15 2
610 609 27 26 8.

304 665 79 27 Hvarje
403 666 79 21 mänad
503 666 52 21 böra
570 665 193 28 bankfullmäktige
779 666 28 27 pä
822 666 69 27 grund
907 665 23 21 af
942 665 51 21 ban-

232 700 55 21 kens
309 700 80 21 böcker
412 701 42 20 och
474 700 146 27 räkenskaper
634 703 55 18 samt
705 703 144 24 rapporterna
865 700 44 21 frän
925 699 66 21 afdel-

232 734 171 27 ningskontoren
421 735 93 26 granska
529 735 103 20 huruvida
648 734 96 21 bankens
757 734 101 21 säkerhet
871 734 42 21 och
923 733 68 22 fördel

232 769 38 20 vid
285 769 120 26 beviljande
427 769 25 20 af
464 769 76 24 kredit,
562 769 37 20 vid
622 769 66 26 inköp
704 769 24 20 af
740 769 144 26 obligationer
899 768 42 21 och
955 768 37 21 vid

232 803 112 26 placering
362 803 21 20 af
397 803 97 20 bankens
509 803 216 26 tillgodohafvanden
740 804 5 19 i
762 803 97 20 utlandet
875 802 116 27 behörigen

232 836 119 27 iakttagits,
375 840 55 18 samt
450 837 101 20 meddela
573 837 193 20 bankdirektionen
789 837 28 20 de
839 836 153 21 föreskrifter
982 832 14 35 i

232 871 104 20 afseende
356 871 12 20 å
386 871 96 20 bankens
507 871 135 27 förvaltning,
661 877 47 14 som
723 871 37 20 vid
776 871 70 21 denna
861 871 130 26 granskning

232 905 79 21 funnits
327 912 51 13 vara
393 905 26 20 af
430 905 160 21 förhållandena
606 905 120 27 påkallade.

590 996 46 29 38.

302 1054 44 21 Vid
368 1054 72 27 hvarje
463 1054 104 27 landtdag
587 1054 61 21 skola
668 1054 192 27 bankfullmäktige
875 1054 31 21 till
927 1053 64 22 Stän-

232 1089 79 20 dernas
335 1089 142 20 bankutskott
498 1088 80 27 afgifva
594 1088 116 21 berättelse
726 1095 36 14 om
778 1088 96 21 bankens
888 1088 101 25 tillständ,

231 1123 82 21 rörelse
328 1123 41 21 och
385 1123 130 27 förvaltning
530 1126 56 18 samt
599 1123 27 21 de
642 1123 24 20 af
675 1122 192 28 bankfullmäktige
878 1122 110 22 törehafda

230 1157 108 27 viktigare
351 1157 94 21 ärenden
458 1157 66 20 under
535 1157 41 21 den
589 1157 55 21 efter
655 1157 131 27 föregäende
797 1157 128 21 berättelses
936 1164 54 20 upp-

230 1191 99 27 görande
344 1191 91 21 förlidna
450 1191 38 21 tid.

588 1276 48 29 48.

301 1340 182 27 Bankfullmäktig
509 1341 23 20 är
551 1341 78 27 pligtig
644 1345 32 17 att
691 1341 63 21 doldt
770 1341 43 20 och
828 1340 109 28 förtegadt
953 1340 26 21 be

229 1382 54 14 vara
298 1375 43 25 allt,
356 1382 49 13 som
420 1376 66 26 angär
503 1374 107 22 enskildes
626 1375 147 21 förhällanden
788 1375 32 21 till
835 1375 84 21 banken
934 1378 56 18 samt

230 1409 59 21 hvad
312 1410 6 20 i
340 1409 65 27 öfrigt
427 1409 36 21 vid
486 1409 158 27 förvaltningen
664 1409 43 21 kan
722 1409 98 21 förefalla
836 1409 24 21 af
872 1409 67 21 sädan
954 1409 36 21 be-

230 1442 123 22 skaffenhet
368 1446 33 18 att
415 1443 39 21 det
469 1443 47 21 icke
531 1450 73 20 yppas
619 1446 41 18 mä.

300 1483 139 16 Bankutskottets
451 1484 103 15 betänkande
567 1484 34 15 N:o
614 1488 15 16 7.
