1103 1700
514 319 20 25 I
550 314 7 40 =
570 319 70 25 Civila
659 318 50 26 mål.

537 394 141 20 1843—1890

493 462 21 27 a)
534 462 198 21 Häradsrätterna.

562 511 61 41 (Tab.
637 511 26 41 I).

299 589 74 21 Under
389 589 26 21 de
430 589 27 21 48
473 589 31 26 år,
520 588 165 27 ifrågavarande
701 588 95 28 tidrymd
806 588 109 28 omfattar,
926 588 65 22 hafva

227 623 38 22 vid
287 623 86 22 landets
395 623 152 22 häradsrätter
573 623 179 28 anhängiggjorts
777 623 77 22 inalles
878 624 112 26 2,783,692

227 658 118 27 tvistemål,
361 657 87 22 hvartill
466 657 97 22 kommer
582 664 27 15 en
628 657 106 28 ingående
748 657 76 22 balans
840 657 24 22 af
877 657 26 21 de
918 657 33 22 till
967 657 24 22 år

229 693 57 21 1843
302 692 131 27 uppskjutna
447 691 77 28 målen,
540 692 74 21 hvilka
629 692 84 27 utgjort
730 693 83 26 12,270.
839 692 55 21 Hela
909 692 82 21 antalet

227 726 116 27 tvistemål,
360 733 46 16 som
421 727 68 22 under
504 727 50 21 åren
573 727 141 22 1843—1890
730 727 113 27 handlagts
854 727 36 21 vid
900 727 90 21 härads-

226 763 108 25 rätterna,
357 761 39 22 har
419 761 89 22 sålunda
529 761 83 28 utgjort
634 762 120 26 2,795,962.
785 761 30 22 Af
835 761 62 22 dessa
919 761 71 22 blefvo

227 797 102 27 afgjorda
345 797 111 26 2,787,179
473 797 39 21 och
528 797 116 26 qvarstodo
660 797 35 21 vid
705 796 114 27 periodens
830 795 79 28 utgång
919 797 71 20 såsom

227 831 36 21 till
280 831 25 21 år
322 831 53 21 1891
391 831 131 27 uppskjutna
538 832 71 26 8,783.

298 865 157 22 Tvistemålens
478 866 61 21 antal
562 866 47 27 har,
632 865 110 28 sjelffallet
765 865 49 22 med
832 865 109 27 vexlingar
957 865 34 21 för

226 900 102 21 enskilda
350 900 31 27 år,
400 900 67 21 under
487 901 26 20 de
532 902 34 19 tre
581 900 69 22 första
665 900 141 22 decennierna
821 900 24 21 af
858 900 39 21 här
912 899 78 27 ifråga-

226 934 97 22 varande
342 935 94 27 tidrymd
456 935 99 21 befunnit
570 935 34 27 sig
619 935 6 21 i
641 935 91 26 tillväxt,
748 941 48 15 men
812 935 121 21 sedermera
948 934 43 27 röjt

225 975 28 15 en
270 969 90 21 tendens
374 971 33 19 att
417 969 100 22 minskas.
540 964 69 27 Äfven
620 969 147 22 tvistemålens
777 969 91 22 relativa
879 968 109 27 talrikhet,

226 1015 29 4 —
271 1003 68 22 sådan
354 1003 40 22 den
409 1004 130 21 framträder
554 1003 36 22 vid
605 1011 27 14 en
646 1003 124 28 jemförelse
786 1004 48 21 med
845 1003 144 27 folkmängds-

225 1037 105 22 siffrorna
345 1037 34 22 för
394 1044 55 21 resp.
464 1038 32 27 år,
507 1050 27 4 —
545 1038 64 26 visar,
622 1039 7 20 i
644 1040 55 20 stort
715 1038 54 27 sedt,
781 1045 26 14 en
822 1037 95 28 stegring
932 1037 57 22 intill

228 1072 132 22 1860-talets
382 1073 49 27 slut,
450 1072 109 22 hvarefter
582 1073 126 21 densamma
730 1072 97 27 nedgått,
843 1072 84 21 likvisst
942 1071 48 22 icke

225 1108 56 20 utan
304 1113 26 15 en
353 1107 110 28 märkbar,
479 1113 35 16 om
534 1109 27 20 än
581 1114 90 21 svagare
689 1107 89 28 höjning
793 1107 49 21 från
857 1106 82 22 midten
955 1106 34 22 till

225 1141 112 27 utgången
353 1142 24 21 af
392 1142 126 21 1870-talet.

297 1176 42 22 Till
362 1178 98 20 närmare
483 1176 114 27 belysande
620 1176 24 22 af
665 1177 37 21 det
718 1176 63 22 ofvan
796 1176 68 28 sagda
879 1176 110 21 meddelas

225 1210 43 21 här
291 1210 150 28 efterföljande
464 1211 78 27 siffror,
558 1211 114 21 utvisande
694 1211 155 21 medelantalet
873 1210 116 28 anhängig-

225 1244 78 28 gjorda
318 1245 109 21 tvistemål
442 1245 36 21 vid
493 1245 178 22 häradsrätterna
686 1246 67 21 under
766 1252 56 20 resp.
832 1247 44 20 tre-
887 1244 39 22 och
936 1245 53 21 fem-

224 1278 140 28 årsperioder
380 1279 23 22 af
416 1279 163 28 ifrågavarande
595 1280 94 27 tidrymd
699 1280 8 21 i
717 1280 137 21 förhållande
865 1279 34 21 till
910 1279 79 22 medel-

223 1312 157 29 folkmängden
395 1315 28 26 på
438 1314 148 27 landsbygden
602 1316 69 20 under
686 1320 84 16 samma
784 1314 110 27 perioder:
