1103 1700
258 142 15 20 4
494 141 27 22 U.
536 141 25 22 B.
577 154 28 3 —
620 141 103 22 XXXIL

299 210 45 21 Vid
359 210 144 28 uppgörande
518 210 25 21 af
554 212 38 20 sitt
607 210 81 28 förslag
698 210 33 22 till
740 210 129 22 instruktion
879 210 33 21 för
922 210 66 21 bank-

228 244 136 28 fullmäktige
379 245 38 20 har
432 244 106 22 utskottet
553 245 31 21 till
596 246 69 26 grund
676 245 32 21 för
719 245 121 21 detsamma
852 246 5 20 i
868 244 120 21 hufvudsak

229 279 46 27 lagt
298 279 42 20 den
362 279 37 21 vid
421 282 86 18 senaste
523 279 105 27 landtdag
647 282 94 24 antagna
760 279 161 25 instruktionen,
938 278 50 21 med

229 312 142 28 aflägsnande
392 313 134 27 naturligtvis
549 313 25 21 af
592 314 28 20 de
635 313 161 27 bestämningar
811 314 45 20 deri
871 320 48 14 som
933 319 54 14 voro

228 347 119 27 betingade
370 348 25 20 af
413 348 43 20 den
476 348 27 20 dä
525 348 98 20 beslutna
645 348 172 27 förstärkningen
840 348 25 20 af
883 347 104 21 bankfull-

228 382 239 27 mäktiginstitutionen.

298 416 73 20 Ehuru
393 416 107 21 utskottet
522 418 6 18 i
548 416 104 21 afseende
667 417 12 19 ä
695 416 42 20 den
752 416 30 27 pä
796 415 191 27 bankfullmäktige

230 450 159 20 ankommande
407 450 116 27 mänatliga
546 450 131 27 granskning
697 450 25 21 af
734 450 96 21 bankens
845 450 80 20 rörelse
940 450 47 20 icke

228 488 73 17 ansett
321 486 33 25 sig
369 491 41 20 ega
427 484 114 27 anledning
556 488 32 17 att
603 486 6 19 i
624 484 13 28 8
653 490 11 15 2
681 484 22 21 af
718 486 36 19 sitt
765 484 81 27 förslag
856 484 31 21 till
897 484 90 20 instruk-

228 520 47 19 tion
290 519 79 21 föreslä
384 520 65 26 nägra
465 526 42 19 nya
522 519 166 27 bestämningar,
700 519 38 20 har
749 519 107 21 utskottet
866 518 57 21 dock
934 522 53 17 trott

228 554 36 26 sig
279 553 53 21 böra
348 554 6 19 i
369 553 103 21 afseende
487 554 12 20 ä
515 554 67 21 sättet
593 554 42 20 och
646 554 119 26 ordningen
776 553 32 21 för
819 553 70 21 denna
899 552 88 27 gransk-

229 589 53 25 ning
297 588 77 20 nämna
385 589 66 26 nägra
460 589 46 19 ord.
521 588 41 21 Vid
570 588 176 27 genomgäendet
754 587 24 21 af
785 587 202 26 bankfullmäktiges

228 622 113 27 protokoll
362 622 38 20 har
422 622 106 21 utskottet
549 623 105 20 inhemtat
676 625 31 18 att
730 622 41 20 den
787 623 30 19 uti
832 621 155 21 instruktionen

228 656 129 21 föreskrifna
379 656 130 27 granskning
532 656 140 27 regelbundet
688 659 38 24 egt
740 663 52 17 rum,
809 659 51 18 utan
875 659 32 18 att
923 655 63 24 dock,

228 691 73 20 sävidt
316 691 23 20 af
353 690 137 27 protokollen
506 690 98 27 framgår,
621 691 70 20 denna
701 690 132 27 granskning
843 690 61 27 gifvit
915 689 72 21 anled-

228 725 53 26 ning
304 724 31 21 till
357 725 176 26 meningsutbyte
554 725 50 20 eller
619 725 77 26 ätgärd
712 725 45 20 frän
774 724 143 27 fullmäktiges
933 724 53 20 sida.

228 759 46 20 Det
290 765 65 20 synes
371 759 107 20 utskottet
493 766 47 13 som
556 766 34 13 om
607 760 5 19 i
628 759 75 26 sjelfva
718 759 76 20 verket
810 759 37 20 det
862 758 125 27 visserligen

228 793 145 27 fullständiga,
394 800 48 13 men
463 793 51 27 föga
534 793 159 26 öfverskädliga
709 793 103 24 material,
830 799 47 14 som
892 792 95 21 bankens

229 827 82 20 böcker
326 828 37 20 vid
378 827 183 21 hufvudkontoret
576 828 42 20 och
632 827 216 28 veckorapporterna
863 827 45 20 från
921 827 67 20 afdei-

228 862 172 27 ningskontoren
421 862 93 26 erbjuda,
530 869 52 14 vore
598 863 81 20 mindre
695 862 82 27 egnadt
792 865 32 17 att
840 861 32 21 för
887 861 100 20 bankfull-

228 896 98 27 mäktige
350 896 120 21 underlätta
493 897 41 20 den
556 897 12 20 å
592 897 133 26 fullmäktige
748 896 66 27 enligt
832 895 155 21 instruktionen

229 930 160 21 ankommande
412 931 131 27 granskning
565 931 103 20 huruvida
691 930 97 21 bankens
810 930 69 21 fördel
897 930 42 20 och
954 929 33 21 sä-

228 964 78 21 kerhet
321 965 37 20 vid
374 965 120 26 beviljande
509 965 25 20 af
545 965 70 20 kredit
626 965 118 26 behörigen
760 965 118 26 iakttagits.
908 964 79 21 Derest

228 1000 6 19 i
259 999 95 26 enlighet
377 1000 50 19 med
450 999 38 21 det
510 999 25 20 af
552 999 120 21 Ständerna
688 1003 94 23 antagna
798 1005 43 20 nya
856 998 131 27 reglemente

229 1033 34 20 för
282 1033 85 20 banken
390 1041 26 13 en
439 1033 67 26 tjerde
528 1033 95 21 direktör
646 1033 101 21 anställes
762 1033 51 20 med
828 1033 160 26 hufvudsakligt

228 1067 118 27 åliggande
357 1071 31 17 att
399 1067 130 21 kontrollera
539 1067 165 21 verksamheten
715 1067 36 21 vid
760 1067 227 27 afdelningskontoren

229 1101 43 20 och
281 1102 70 20 denne
360 1103 5 19 i
375 1103 46 19 sina
429 1102 128 20 berättelser
564 1102 61 20 ötver
633 1101 124 21 verkstälda
766 1101 147 27 inspektioner
921 1101 68 20 skulle

228 1136 45 20 låta
288 1136 74 27 inflyta
378 1137 110 27 uppgifter
503 1137 61 20 öfver
582 1136 96 21 enskilda
694 1136 71 21 firmor
778 1136 106 26 beviljade
894 1136 95 21 krediter

228 1170 32 21 till
271 1170 70 21 större
352 1171 89 27 belopp,
455 1171 111 20 äfvensom
578 1178 25 13 en
617 1171 97 20 närmare
722 1170 140 27 redogörelse
870 1170 32 21 för
909 1170 41 20 alla
961 1170 27 20 de

228 1204 63 22 konti
302 1205 71 20 hvilka
384 1205 42 20 han
437 1209 71 17 ansett
519 1205 85 27 påkalla
614 1205 91 21 särskild
713 1204 199 28 uppmärksamhet,
921 1204 68 21 skulle

230 1246 27 13 en
274 1239 60 27 dylik
350 1239 146 27 öfverskådlig
510 1239 197 27 sammanställning
723 1239 87 26 erbjuda
822 1246 26 13 en
860 1239 50 21 vida
921 1239 67 27 lämp-

230 1273 70 27 ligare
316 1274 163 27 utgångspunkt
494 1274 32 20 för
542 1274 138 26 fullmäktige,
697 1274 28 20 då
741 1274 64 20 desse
816 1273 61 21 skola
887 1273 58 21 bilda
955 1274 34 26 sig

230 1311 33 17 ett
280 1308 102 20 omdöme
397 1315 36 13 om
449 1308 37 21 det
501 1308 43 21 sätt
555 1308 82 27 hvarpå
648 1308 95 20 krediter
754 1307 105 27 beviljats.
889 1307 43 21 För
942 1308 47 20 huf-

228 1342 149 21 vudkontoret
387 1342 72 21 kunde
472 1342 22 26 ju
506 1346 50 17 utan
567 1342 118 27 synnerligt
696 1342 78 20 besvär
784 1343 66 26 några
862 1342 81 26 gånger
953 1349 35 13 om

228 1376 48 21 året
288 1377 29 26 på
330 1376 112 21 enahanda
458 1377 44 20 sätt
517 1376 166 21 sammanstälda
695 1376 112 27 uppgifter
817 1376 171 21 tillhandahållas

228 1410 135 27 fullmäktige
372 1411 112 27 angående
492 1411 66 25 konti,
568 1410 176 21 öfverskridande
756 1418 26 13 en
791 1410 100 21 bestämd
899 1417 88 18 summa,

229 1444 53 22 eller
309 1445 88 25 sådana,
422 1452 47 13 som
491 1445 133 27 fullmäktige
646 1452 77 14 annars
746 1446 68 19 funnit
836 1447 91 19 sarskild
952 1452 37 14 an-

299 1486 138 15 Bankutskottets
450 1486 102 15 betänkande
565 1486 34 15 N:o
612 1489 15 16 7.
