1103 1700
360 147 29 22 U.
404 148 24 20 B.
444 161 24 2 —
487 147 103 21 XXXIL
806 148 26 20 19

175 222 42 21 Om
241 222 26 20 de
291 222 159 27 förrättningar,
473 229 45 13 som
541 221 71 28 äligga
634 221 86 21 banken
743 220 35 22 för
800 222 64 20 stats-

104 256 87 21 verkets
217 256 96 28 räkning,
341 258 54 19 samt
420 263 34 13 om
478 256 161 27 förvaltningen
663 254 23 22 af
711 254 152 28 Längmanska

104 290 208 22 testamentsfonden
329 292 23 18 är
367 290 101 21 särskildt
483 289 107 28 stadgadt.

460 366 11 26 g
486 352 21 45 3.

173 416 102 21 Bankens
291 416 78 21 fonder
384 418 47 19 äro:

173 450 158 28 grundfonden,
354 458 46 13 som
423 450 54 28 skall
497 452 76 26 utgöra
588 450 30 20 tio
634 450 97 28 miljoner
746 449 60 21 mark
822 449 40 22 och

105 484 37 22 vid
158 484 59 21 detta
233 484 78 28 belopp
328 484 128 26 bibehållas;

175 518 162 26 reservfonden,
353 526 45 13 som
414 518 54 21 skall
484 518 132 28 uppbringas
627 518 32 20 till
669 518 85 27 femton
767 518 97 28 miljoner

105 552 66 27 mark,
194 552 77 22 värdet
289 552 22 21 af
327 552 95 22 bankens
438 552 131 28 fastigheter,
584 553 131 20 inventarier
730 552 41 21 och
786 552 77 22 osäkra

105 587 123 28 fordringar
243 587 45 21 deri
304 587 48 21 icke
368 587 148 21 inberäknadt.

173 621 60 21 Intill
253 621 49 21 dess
325 621 154 21 reservfonden
503 622 60 27 stigit
584 621 33 20 till
639 621 68 28 sagda
728 621 81 28 belopp,
826 621 38 21 bör

105 656 35 21 till
164 656 73 21 denna
259 655 56 28 fond
337 655 36 28 för
395 656 76 27 hvarje
492 655 27 21 år
540 655 123 28 öfverföras
679 663 26 13 en
720 655 103 28 fjerdedel
838 655 30 28 af

106 690 96 21 bankens
218 690 102 21 behållna
335 690 74 25 vinst;
426 689 155 22 ankommande
598 689 38 21 det
650 689 28 28 på
693 689 121 22 Ständerna
832 692 32 19 att

105 723 38 22 vid
166 723 73 29 hvarje
261 723 103 28 landtdag
379 723 85 29 pröfva,
479 723 106 22 huruvida
600 723 126 22 derutöfver
739 724 124 28 ytterligare

107 758 134 28 öfverföring
265 758 22 21 af
308 757 128 22 vinstmedel
458 758 32 21 till
512 757 155 22 reservfonden
688 758 54 21 skall
758 765 39 21 ega
812 765 52 14 rum.

423 827 25 27 $$
464 828 14 20 4
493 827 32 20 till
541 828 12 20 6

177 884 67 27 enligt
259 883 205 28 bankfullmäktiges
480 884 86 27 förslag.

462 953 11 26 8
491 953 17 20 7.

175 1009 102 21 Bankens
305 1009 132 28 förvaltning
463 1009 133 21 handhafves
622 1009 22 21 af
670 1009 135 21 direktionen
830 1009 35 21 för

106 1043 103 22 Finlands
225 1043 68 21 Bank.

175 1077 142 22 Direktionen
340 1079 85 26 utgöres
448 1078 23 21 af
490 1085 26 13 en
532 1077 130 21 ordförande
677 1079 60 19 samt
752 1078 36 20 två
803 1077 59 21 ordi-

106 1112 63 21 narie
185 1113 117 20 ledamöter
317 1112 38 21 och
371 1119 26 14 en
414 1113 94 20 ledamot
519 1112 31 28 pä
566 1114 62 19 extra
643 1113 50 20 stat.

175 1146 154 22 Ordföranden
344 1148 113 19 utnämnes
473 1146 23 21 af
510 1147 106 27 Kejsaren
632 1146 41 21 och
688 1146 134 21 Storfursten
835 1145 29 29 pä

106 1180 159 28 framställning
281 1180 22 21 af
319 1180 104 22 Senatens
439 1180 275 28 Ekonomiedepartement.

179 1215 117 21 Ordinarie
318 1214 152 27 ledamöterna,
493 1214 23 22 af
537 1215 74 21 hvilka
633 1214 40 21 den
690 1222 39 13 ene
745 1214 39 21 bör
799 1214 66 21 hafva

107 1248 114 28 ådagalagt
243 1250 64 27 insigt
330 1249 41 21 och
394 1249 122 21 erfarenhet
531 1250 6 20 i
553 1248 84 22 landets
660 1249 59 27 lagar
742 1248 40 22 och
800 1250 65 19 rätte-

106 1282 170 28 gängsväsende,
291 1285 112 19 utnämnas
420 1283 65 21 äfven
500 1283 24 21 af
538 1283 62 21 Hans
616 1283 121 28 Kejserliga
752 1282 112 29 Majestät;

107 1318 6 20 i
136 1316 83 22 hvilket
241 1317 101 21 afseende
366 1317 42 26 det,
431 1317 36 21 vid
491 1317 100 21 inträffad
613 1316 101 29 ledighet,
736 1317 130 21 tillkommer

106 1350 194 29 bankfullmäktige
324 1354 37 24 att,
377 1351 55 21 efter
447 1351 117 28 behörigen
579 1351 106 28 kungjord
701 1350 164 28 ansökningstid

107 1385 23 21 af
145 1385 115 21 femtiosex
275 1385 72 28 dagar,
362 1387 97 27 uppgöra
474 1385 144 28 underdänigt
634 1386 81 27 förslag
736 1385 41 21 och
799 1384 67 29 derpä

106 1419 93 29 uppföra
220 1423 33 18 tre
275 1420 23 21 af
319 1420 124 21 sökandena
458 1420 7 20 i
482 1420 41 21 den
547 1420 97 27 ordning,
660 1420 134 27 fullmäktige
809 1419 57 21 finna

107 1454 48 21 dem
172 1454 105 28 skicklige
292 1454 41 21 och
350 1454 84 21 erfarne
450 1457 56 18 samt
520 1454 32 21 till
568 1454 94 21 emhetet
678 1454 105 28 lämplige.
812 1453 54 21 För-

176 1493 145 18 Bankutskottets
335 1494 111 17 betänkande
459 1494 38 17 N:o
510 1494 17 17 2.
