1103 1700
251 129 25 19 12
479 130 108 19 Berättelse
598 130 25 23 af
635 130 137 23 Delegationen

247 202 46 27 pris
308 202 24 21 af
345 204 64 24 2,000
423 202 67 26 mark,
506 202 23 22 åt
544 203 40 21 den
599 204 110 20 nästbästa
724 206 31 18 ett
769 203 67 21 andra
850 202 81 28 pris.ai.
947 204 61 25 1,000

249 237 67 25 mark,
333 236 145 22 hvarförutom
494 237 151 27 Delegationen
661 238 70 20 kunde
747 238 72 21 utdela
834 237 22 21 ät
871 237 68 27 nägon
950 236 22 22 af
982 236 25 22 de

249 270 70 28 öfriga
334 271 92 21 täflande
441 274 30 18 ett
486 272 89 21 accessit
590 271 23 21 af
627 272 41 21 500
683 272 69 21 mark.
778 272 31 21 De
825 272 47 21 med
888 271 65 22 första
969 271 38 21 och

249 306 67 20 andra
331 306 66 26 priset
413 306 102 21 belönade
530 306 120 21 eskisserna
665 306 69 22 skulle
747 306 65 22 blifva
829 306 127 22 Ständernas
966 305 41 21 till-

248 340 105 26 hörighet.

318 374 40 21 Till
374 374 39 22 den
429 376 79 20 utsatta
522 374 58 22 tiden
593 374 130 22 inlämnades
734 374 41 22 fem
787 375 97 25 eskisser,
901 373 105 22 hvarefter

249 408 159 27 Delegationen,
429 408 103 22 förstärkt
549 409 47 21 med
615 408 92 28 följande
723 411 107 25 experter:
855 409 118 21 arkitekten
988 408 19 21 J.

250 442 130 28 Ahrenberg,
401 443 157 26 professorerne
575 443 31 22 El.
623 443 85 27 Aspelin
725 443 38 21 och
780 444 24 20 A.
820 450 40 14 von
876 444 85 25 Becker,
978 442 30 21 öf-

250 477 159 21 verdirektören
431 477 90 21 friherre
545 477 23 22 O.
586 477 20 21 S.
623 477 138 27 Gripenberg,
784 484 140 15 amanuensen
944 477 22 21 B.
984 477 23 21 O.

249 511 126 26 Schauman,
391 512 123 26 skulptören
530 511 22 22 C.
570 512 109 26 Sjöstrand
695 512 40 21 och
750 512 103 21 docenten
868 512 19 22 J.
902 512 19 21 J.
933 512 76 20 Tikka-

251 552 46 21 nen,
318 546 170 22 sammanträdde
508 553 45 15 som
572 547 91 27 prisjury
681 547 41 21 den
739 548 25 20 19
781 553 63 15 mars.
875 546 78 21 Därvid
969 546 40 20 till-

251 581 104 21 erkändes
378 581 66 21 första
466 581 66 27 priset
552 581 102 27 enhälligt
669 581 22 21 ät
706 584 31 19 ett
752 581 85 27 projekt
852 581 22 21 af
888 581 120 26 skulptören

250 615 56 21 Emil
321 615 123 27 Wikström,
460 615 159 22 framställande
634 616 81 27 ,Borgä
731 616 111 26 Landtdag
859 616 64 21 1809*
938 615 27 27 pä
980 617 30 19 ett

251 650 132 27 synnerligen
406 650 86 27 lyckligt
516 650 39 21 och
578 651 113 20 ansläende
714 652 48 24 sätt,
786 649 87 22 hvarför
893 649 38 22 ock
948 650 60 27 juryn

251 684 101 21 förenade
375 685 32 26 sig
429 691 34 15 om
484 687 32 19 att
535 685 27 27 pä
578 685 36 21 det
629 687 104 19 varmaste
757 685 173 21 rekommendera
953 685 57 20 detta

250 719 85 27 projekt
350 719 31 20 till
397 719 118 22 utförande.
548 720 39 21 Det
602 719 66 21 andra
681 720 67 26 priset
758 719 119 22 tilldelades
887 719 121 26 skulptören

251 753 82 21 Robert
348 753 73 27 Stigell
437 753 32 22 för
480 756 30 19 ett
520 754 90 27 projekt,
622 754 62 21 hvars
694 754 93 21 innehäll
798 753 23 22 af
831 753 127 21 konstnären
974 753 36 20 be-

249 787 98 22 tecknats
358 788 46 21 med
415 788 65 21 orden
495 788 55 27 ,Lag
563 788 38 21 och
612 787 81 26 frihet";
709 789 88 21 accessit
808 787 70 22 tillföll
888 787 122 27 skulptören

253 823 32 20 W.
304 822 111 27 Wallgren.

321 856 134 21 Beträffande
471 856 122 22 utförandet
610 856 23 21 af
647 857 131 21 förstnämda
798 856 101 27 figurrika
921 855 89 28 projekt,

251 890 145 21 innefattande
413 892 33 24 25,
461 891 45 20 dels
522 890 114 22 historiska
650 891 178 26 porträttfigurer,
845 891 44 21 dels
904 897 107 20 represen-

252 925 73 25 tativa,
341 925 31 20 till
388 927 67 19 större
472 925 50 21 eller
538 925 81 21 mindre
632 925 57 21 delar
705 925 82 28 synliga
802 925 84 27 figurer,
902 925 41 20 alla
959 925 6 20 i
981 924 30 21 öf-

252 959 131 27 vernaturlig
405 959 85 26 storlek,
515 959 37 22 har
568 960 135 24 konstnären,
720 960 65 27 enligt
803 966 25 15 en
846 959 140 27 specificerad,
1002 959 6 20 i

251 993 72 27 bilaga
338 994 110 21 meddelad
463 993 89 28 uppgift,
569 995 38 20 där
622 995 71 26 prisen
708 1001 63 20 synas
786 993 129 22 reducerade
929 993 32 22 till
976 993 35 21 det

252 1028 78 21 minsta
345 1028 91 27 möjliga,
452 1029 104 20 beräknat
571 1029 116 21 kostnaden
703 1029 32 21 till
751 1030 80 25 37,200
847 1028 60 21 mark
922 1027 32 22 för
965 1029 46 20 vär-

252 1062 37 21 ket
303 1063 32 20 till
351 1063 42 20 alla
409 1063 58 21 delar
482 1063 118 21 fulländadt
616 1063 29 26 så,
661 1070 44 15 som
722 1064 48 21 dess
785 1063 142 27 högtbelägna
942 1062 68 27 place-

251 1097 48 26 ring
315 1097 90 24 kräfver,
419 1099 53 20 samt
482 1097 82 22 utfördt
578 1098 6 21 i
599 1098 53 27 gips,
668 1098 39 21 och
723 1098 38 21 har
778 1098 122 26 skulptören
916 1097 93 27 kalkyle-

252 1133 34 20 rat
306 1133 32 20 att
357 1131 34 22 för
411 1132 57 21 detta
486 1132 72 22 arbete
574 1132 67 22 skulle
656 1133 49 27 åtgå
722 1139 24 15 en
762 1133 30 21 tid
808 1132 24 22 af
846 1132 63 21 minst
923 1132 42 21 fem
980 1131 30 22 år.

252 1166 42 21 För
310 1166 122 27 emballage,
448 1166 138 28 försändning
600 1167 40 21 och
655 1168 143 26 uppställning
811 1167 67 21 skulle
889 1166 121 22 därutöfver

252 1200 120 22 tillkomma
387 1208 25 14 en
428 1208 81 14 summa
524 1201 23 21 af
561 1204 63 24 4,000
640 1202 67 21 mark.

322 1235 11 21 I
348 1235 97 21 afseende
461 1236 13 21 &
489 1236 125 26 materialet,
638 1236 83 22 hvartill
744 1236 95 21 hvarken
862 1237 80 19 cement
962 1235 51 21 eller

252 1269 49 21 zink
317 1276 61 20 synes
394 1270 47 21 med
456 1270 68 22 fördel
540 1270 70 22 kunna
626 1271 112 26 användas,
755 1271 39 21 har
808 1276 75 21 genom
895 1270 118 21 arkitekten

253 1303 111 27 Nyströms
379 1304 84 28 försorg
478 1305 168 27 approximativa
661 1305 184 26 kostnadsförslag
860 1304 94 21 erhållits
966 1304 46 21 från

251 1337 76 21 firman
343 1337 103 23 Thiébaut
461 1338 67 22 freres
543 1340 6 20 i
566 1340 60 20 Paris
637 1339 32 21 för
681 1340 98 26 gjutning
790 1340 5 20 i
807 1339 71 26 brons,
888 1338 123 27 uppgående

251 1372 33 21 till
300 1374 78 24 44,800
393 1372 49 26 fres,
465 1374 39 20 och
519 1373 47 21 från
582 1374 74 21 firman
679 1374 26 22 N.
722 1374 78 26 Stange
819 1374 6 20 i
841 1374 31 20 S:t
887 1373 126 27 Petersburg

253 1406 34 21 för
303 1406 6 21 i
325 1406 82 28 koppar
423 1407 77 22 drifvet
515 1408 79 26 arbete,
608 1408 84 27 vidpass
707 1410 80 25 40,000
802 1408 40 21 rbl.

323 1441 33 21 Då
371 1441 88 22 sålunda
474 1442 32 21 till
522 1442 141 21 ofvannämda
679 1442 91 22 kostnad
786 1442 35 22 for
832 1442 134 26 skuipiöreus
981 1451 33 12 ar-

253 1474 49 22 bete
317 1475 39 21 och
379 1475 32 22 för
427 1476 175 27 uppställningen,
627 1477 139 21 tillsammans
784 1478 79 25 41,200
882 1476 41 26 mk,
946 1476 68 22 skulle
