1103 1700
363 136 29 22 U.
408 136 28 22 B.
453 150 25 2 —
496 137 106 22 XXXII.

386 378 188 29 Reservationer.

472 450 20 22 TF

170 519 89 21 Ehuru
277 519 122 22 utskottet
419 526 82 19 anser,
522 520 36 21 att
576 519 43 22 det
628 516 73 33 "vore
720 519 8 21 i
747 519 115 22 bankens

102 553 105 22 intresse
234 553 148 26 önskvärdt,
409 555 36 20 att
469 553 184 23 reservfonden
672 554 27 21 sä
720 555 70 21 snart
809 560 53 16 som

102 588 98 29 möjligt
217 588 85 22 kunde
320 588 160 29 uppbringas
499 589 36 21 till
556 589 31 21 15
602 589 116 28 miljoner
731 589 71 21 mark
816 589 46 22 och

102 623 85 21 derför
217 623 48 21 den
296 622 82 22 under
409 623 61 21 åren
500 623 175 22 1894—1896
702 623 160 28 uppstäende

102 657 99 22 vinsten
228 657 79 22 borde
325 657 8 21 i
351 657 102 22 banken
481 657 26 22 få
535 657 107 26 innestä,
671 657 47 22 har
741 657 122 22 utskottet

102 691 76 22 likväl
198 691 21 28 ej
241 693 82 20 ansett
341 691 90 29 nödigt
450 692 79 21 uttala
549 692 46 28 sig,
620 691 127 22 huruvida
769 692 93 21 nämda

102 726 148 22 vinstmedel
269 727 60 20 utan
349 726 80 21 skada
448 726 40 22 för
506 726 116 22 bankens
644 726 162 22 verksamhet
818 733 44 15 un-

102 760 44 21 der
164 760 112 29 följande
295 760 171 28 treårsperiod
485 761 87 21 kunna
590 761 58 21 från
666 760 102 22 banken
790 761 72 22 efter-

102 795 68 22 hand
188 796 109 27 uttagas.
335 795 38 21 Då
392 795 26 21 vi
438 801 61 16 anse
518 797 35 20 ett
572 795 91 22 sådant
687 795 130 22 uttalande
838 795 25 22 af

101 829 54 28 vigt
173 829 39 22 för
231 830 36 21 att
285 829 138 22 ständerna
442 829 40 22 må
501 829 87 22 kunna
607 829 98 28 pröfva,
734 829 128 23 huruvida

101 863 53 22 icke
173 863 119 29 möjligen
312 863 80 22 andra
411 865 111 28 utvägar
540 864 39 22 för
598 863 111 29 fyllande
730 864 25 21 af
776 864 86 21 bevill-

101 897 201 29 ningsbehofven
315 897 80 22 borde
407 898 151 29 föredragas
574 898 105 22 framför
701 899 35 21 ett
758 898 43 22 allt
823 898 39 22 för

101 932 80 22 starkt
201 932 128 22 anlitande
348 932 25 22 af
391 932 117 23 bankens
522 932 157 26 vinstmedel,
695 933 26 21 få
735 933 25 21 vi
773 933 7 21 i
793 933 68 22 detta

101 966 118 22 afseende
239 966 96 29 afgifva
353 967 114 28 följande
486 967 126 28 yttrande.

170 1001 85 22 Sedan
281 1001 69 22 lånet
376 1008 31 15 ur
435 1001 159 22 statsfonden
619 1001 25 22 af
667 1001 28 22 år
717 1001 75 26 1890,
812 1001 50 22 fem

99 1035 116 29 miljoner
241 1035 79 26 mark,
345 1042 107 15 numera
474 1036 154 26 återbetalts,
648 1036 80 21 skulle
747 1035 115 22 bankens

100 1076 65 22 egna
192 1069 97 27 fonder,
308 1070 43 21 lån
369 1070 67 22 ifrån
457 1071 154 21 statsverket
629 1070 46 22 och
693 1070 47 22 hos
759 1070 102 21 banken

99 1104 164 22 innestående
291 1104 151 22 vinstmedel
469 1105 82 22 under
578 1105 29 21 år
636 1105 67 22 1894
723 1104 83 29 nedgå
826 1104 36 22 till

99 1139 116 28 omkring
244 1139 33 21 24
304 1139 117 28 miljoner
440 1140 80 26 mark,
541 1140 92 22 medan
652 1139 110 22 nämnda
781 1139 81 21 medel

99 1173 81 22 under
199 1173 60 23 åren
280 1173 176 23 1891—1893
477 1174 69 28 stigit
558 1174 36 22 till
607 1174 117 28 omkring
737 1174 34 22 30
783 1173 79 29 miljo-

99 1214 44 15 ner
170 1209 79 21 mark.
288 1207 47 23 Om
363 1208 31 22 de
422 1208 83 22 under
524 1208 61 22 åren
606 1208 175 22 1894—1896
800 1214 62 22 upp-

98 1242 93 22 komna
219 1242 167 23 vinstmedlen
415 1243 104 21 anvisas
546 1243 40 21 för
614 1242 182 22 statsändamål
815 1242 46 22 och

98 1283 31 15 ur
155 1276 101 23 banken
284 1277 62 22 efter
373 1277 70 22 hand
462 1278 110 28 uttagas,
592 1277 71 22 torde
682 1276 115 22 bankens
816 1276 46 22 till-

98 1311 99 29 gångar
223 1312 81 22 under
331 1311 31 22 de
390 1312 130 21 närmaste
548 1315 37 19 tre
613 1312 60 21 åren
701 1311 101 22 komma
826 1312 36 21 att

97 1346 87 28 uppgå
203 1346 35 22 till
257 1346 90 22 endast
366 1346 107 22 24—25
493 1346 116 28 miljoner
622 1345 79 23 mark.
729 1345 48 22 Det
789 1345 72 22 torde

98 1380 136 22 emellertid
253 1380 86 22 kunna
358 1380 120 26 förutses,
500 1382 35 20 att
552 1380 115 22 bankens
686 1380 78 22 behof
783 1380 25 22 af
823 1380 38 21 rö-

96 1414 163 29 relsekapital
285 1414 140 29 ingalunda
453 1415 113 21 minskas
585 1416 62 20 utan
665 1415 109 21 tvärtom
798 1414 62 22 ökas

97 1448 45 22 och
161 1449 81 22 under
261 1449 91 22 sådant
370 1448 162 23 förhållande
545 1449 84 22 blefve
642 1449 42 22 det
696 1448 40 22 för
748 1448 103 22 banken

165 1486 143 18 Bankutskottets
321 1486 111 17 betänkande
446 1488 36 15 N:o
495 1486 17 17 3.
