1103 1700
195 108 24 19 10
599 105 30 21 IX

504 180 1 21 |
753 179 31 26 od

164 238 1 7 ]
389 224 102 23 Transport
504 205 2 45 |
554 235 22 2 —
614 211 26 37 [|
677 204 107 49 139,718/87]
833 235 20 2 —

614 249 1 17 i
753 250 1 18 |

620 304 20 2 —
688 294 62 20 29,689
759 281 21 45 70
834 304 19 2 —

620 338 20 2 —
689 328 91 20 19,472.18]
833 338 20 2 —

180 259 143 18 Löneförmäner
325 255 12 31 &
351 259 139 22 militieindrag-
504 251 2 22 I

203 294 117 22 ningsstaten.
346 307 7 4 .
373 307 2 3 .
395 307 4 3 .
418 307 3 3 .
440 306 26 5 om
555 303 21 3 —

181 328 74 18 Diverse
267 328 72 18 mindre
351 327 78 23 utgifter
440 341 3 4 .
463 341 3 3 .
486 341 4 3 .
555 337 22 3 —

164 360 1 30 |
417 368 73 18 Summa
504 357 2 34 |
555 379 21 2 —
614 371 24 19 =

231 436 49 18 Anm.
295 436 14 18 I.
333 436 37 18 För
388 436 107 23 utvidgning
514 437 20 17 af
551 437 124 22 lägerplatsen
693 437 30 17 vid
740 437 153 17 Willmanstrand
909 442 32 12 var
953 436 29 18 för
994 437 67 17 finans-

162 471 86 22 perioden
268 472 112 17 1889—1891
400 471 84 23 anslaget
501 472 63 21 50,000
581 472 58 17 mark.
664 472 61 17 Under
737 471 79 18 nämnda
828 472 63 22 period
904 471 115 18 utbetalades
1032 472 29 17 för

163 505 56 22 sagda
237 505 85 18 ändamål
341 506 62 20 40,042
418 505 52 18 mark
486 506 22 17 69
520 506 60 22 penni.
606 506 61 17 Under
679 506 21 17 är
713 507 43 17 1892
769 506 34 17 har
816 505 61 18 derför
889 505 107 23 ytterligare
1010 506 50 17 utbe-

164 540 57 17 talats
234 540 62 20 15,503
309 540 52 17 mark
374 540 21 16 35
408 540 60 22 penni,
481 539 75 18 hvilken
569 545 69 12 summa
651 540 4 16 i
669 540 59 17 denna
737 540 51 17 tablä
798 540 52 22 ingär
858 540 55 17 bland
922 540 102 22 utgifterna
1033 540 28 17 för

164 574 85 22 nDiverse
268 574 34 17 och
321 573 118 18 oförutsedda
455 573 73 22 behof*,
540 579 40 12 men
594 574 4 17 i
612 574 150 22 räkenskaperna
775 574 29 17 för
816 574 21 17 är
851 575 42 16 1892
906 574 115 17 observerats
1034 575 27 16 sä-

162 608 57 17 lunda
236 610 29 16 att
282 609 51 21 9,957
348 608 52 18 mark
413 609 20 17 31
447 608 54 23 penni
514 609 72 22 päförts
599 609 119 18 förenämnda
731 609 64 22 anslag
808 609 34 18 och
855 609 50 21 5,546
917 608 52 18 mark
982 610 11 15 4
1005 609 55 22 penni

163 643 94 22 upptagits
270 643 59 17 under
341 643 40 17 titel
395 643 86 22 ,Diverse
494 643 33 17 och
540 643 120 18 oförutsedda
673 643 94 22 utgifter".
789 643 47 18 Hela
848 643 102 18 kostnaden
963 643 29 17 för
1005 643 56 22 sagda

163 676 108 23 utvidgning
285 678 54 21 utgör
351 677 62 21 55,546
425 677 52 17 mark
490 678 10 16 4
512 677 61 22 penni.

230 711 49 18 Anm.
293 711 27 17 II.
340 711 37 18 För
389 711 114 23 uppförande
515 712 21 17 af
547 717 22 12 en
582 718 24 17 ny
618 712 141 23 flygelbyggnad
772 713 11 16 &
794 712 183 23 gardesbataljonens
987 712 73 17 kasern-

162 745 45 23 gärd
220 745 34 18 har
267 745 109 18 utbetalats:
390 745 56 18 under
458 746 22 17 är
492 747 45 17 1888
550 756 21 3 —
584 747 63 20 50,000
659 747 58 21 mark,
731 746 57 18 under
800 747 44 16 ären
859 747 42 16 1889
914 746 34 17 och
963 747 43 16 1890
1015 751 45 13 sam-

162 780 95 22 manlagdt
269 781 75 20 250,000
356 780 53 17 mark
422 780 33 17 och
468 780 58 18 under
538 781 21 17 är
572 781 44 17 1892
626 791 21 2 —
656 782 63 21 25,000
731 781 52 17 mark
794 781 45 17 eller
847 781 64 17 inalles
921 781 74 20 325,000
1003 781 57 17 mark.

231 849 49 17 Anm.
293 848 38 18 III.
355 849 36 18 För
406 849 137 22 expropriation
556 849 20 18 af
587 849 62 18 Melkö
661 849 60 18 holme
733 855 23 12 m.
768 855 23 12 m.
804 849 30 23 (en
847 849 88 22 tredjedel
950 849 21 18 af
982 849 78 18 Berthas

162 883 92 22 hemman)
273 883 76 18 utanför
366 883 115 22 Helsingfors
500 883 41 18 stad
560 885 47 16 samt
624 883 114 23 uppförande
750 884 21 17 af
782 883 125 18 försvarsverk
920 883 94 18 derstädes
1027 883 34 18 har

162 917 90 22 anslagits
265 918 134 22 sammanlagdt
411 919 75 20 229,000
498 919 57 17 mark.
574 918 47 18 Hela
634 918 59 18 denna
706 923 69 12 summa
784 920 21 16 är
814 918 52 17 äfven
876 923 74 12 numera
960 918 99 21 utbetalad,

162 952 89 22 nemligen
265 953 63 20 45,000
340 953 52 17 mark
405 952 57 18 under
474 953 21 17 år
508 953 50 21 1890,
570 954 64 20 80,000
646 953 52 18 mark
712 953 57 18 under
782 953 20 17 är
816 953 43 17 1892
871 954 46 16 samt
927 953 73 20 104,000
1009 953 50 17 mark

163 986 57 18 under
232 987 21 17 är
266 987 51 18 1893.

230 1021 49 17 Anm.
293 1021 33 17 1V.
351 1021 104 23 Utgifterna
474 1022 28 17 för
516 1022 184 23 Indragningsstaten
717 1023 44 22 utgå
774 1022 87 22 frän”och
874 1021 41 18 med
927 1021 22 18 är
963 1023 43 16 1892
1019 1022 41 17 från

163 1055 218 23 Krigsmanshuskassan.
405 1056 39 17 Den
460 1056 110 23 utgiftspost
582 1057 29 17 för
623 1057 190 22 Indragningsstaten,
826 1057 62 20 29,689
900 1056 52 18 mark
965 1058 22 16 70
999 1057 60 22 penni,

162 1090 73 17 hvilken
249 1090 6 17 i
268 1090 60 18 denna
343 1091 51 17 tablå
407 1091 51 22 ingår
470 1091 56 18 bland
539 1092 77 22 utgifter
628 1092 28 17 för
670 1092 86 22 ,Diverse
768 1091 34 18 och
815 1091 119 18 oförutsedda
947 1091 71 21 behot*,
1031 1092 27 16 ut-

162 1126 33 20 gör
214 1124 73 18 sentida
306 1125 96 22 uppburna
420 1125 133 19 löneförmäner
571 1126 29 18 för
616 1127 22 17 är
654 1127 49 17 1891.
727 1127 8 16 I
747 1126 151 22 räkenskaperna
911 1126 52 22 ingår
975 1125 86 23 beloppet

163 1158 58 18 under
239 1158 30 18 tit.
289 1159 31 22 ,F.
336 1159 17 17 d.
368 1159 197 23 Inspektörsstyrelsen
580 1160 30 18 för
624 1160 61 18 finska
696 1161 105 17 militären*
815 1160 33 18 och
862 1160 50 22 ,Den
925 1160 21 18 &r
960 1161 43 17 1868
1016 1165 44 17 upp-

162 1192 48 18 lösta
222 1192 61 18 finska
296 1194 110 18 militären*.
