1103 1700
250 152 27 21 64
481 152 28 22 U.
524 152 25 21 B.
579 152 158 21 111-XXXI.

219 221 79 21 utsäde
314 221 91 21 uthärda
421 221 60 21 säväl
496 228 27 14 en
538 220 76 28 längre
624 220 42 22 tids
679 222 166 26 magasinering,
858 227 47 14 som
915 227 65 20 egen-

219 255 90 21 heterna
324 256 6 20 i
346 255 83 21 landets
444 255 82 21 klimat.
557 255 44 21 Det
617 255 23 20 är
655 255 75 21 främst
746 262 23 13 ur
785 255 71 21 denna
870 254 110 28 synpunkt

218 296 52 14 man
285 290 69 20 mäste
370 290 67 20 uttala
448 290 34 26 sig
497 289 43 21 för
563 296 31 14 en
618 291 5 19 i
647 289 155 21 allmänhet
823 296 156 13 varsamare

218 323 191 27 hushällning
434 323 62 21 med
520 323 130 21 kronans
672 323 305 27 spanmälsintrader,

218 358 24 20 sä
259 361 32 17 att
306 358 66 20 under
383 357 154 27 förutsättning
547 357 25 21 af
581 357 146 27 regelbunden
740 358 133 26 omsättning
885 358 6 20 i
901 357 78 21 krono-

217 393 150 25 magasinerna
388 392 73 20 landet
482 392 68 21 mätte
573 392 92 20 beredas
690 393 68 26 nägot
783 392 69 20 större
876 391 101 21 säkerhet

218 430 61 17 emot
302 426 141 21 utsädesbrist
466 427 6 19 i
496 426 120 25 framtiden,
642 426 26 20 än
689 426 43 21 den
748 426 230 26 socknemagasinerna

217 460 44 20 och
277 460 107 21 enskildes
400 460 171 21 förtänksamhet
587 462 5 19 i
608 460 59 28 regel
683 460 95 26 erbjuda.

290 494 50 21 Icke
358 494 87 27 mycket
466 495 118 27 lyckligare
600 495 122 27 gestaltade
738 496 34 26 sig
787 494 111 21 resultatet
914 494 25 21 af
951 494 28 20 de

216 529 109 26 åtgärder,
349 536 48 13 som
418 529 106 21 hänförde
546 530 34 26 sig
599 529 31 21 till
648 529 141 21 anskaffande
808 528 24 21 af
845 528 50 21 föda
911 528 67 21 under

217 563 166 27 ifrägavarande
405 571 16 13 s.
443 563 21 21 k.
487 563 76 28 nödär;
586 566 25 24 ty
634 563 45 21 dels
699 571 54 13 voro
773 563 27 20 de
816 563 105 20 allmänna
937 562 41 21 och

217 597 72 21 lokala
298 597 107 21 behofven
416 597 25 21 af
448 597 40 21 säd
498 597 48 21 icke
554 598 53 21 lätta
618 601 32 17 att
661 598 81 24 utreda,
755 597 41 21 och
807 597 47 20 dels
865 596 113 27 skyndade

217 633 34 25 sig
273 632 41 20 den
335 632 96 20 enskilda
454 632 165 27 spekulationen
642 635 31 18 att
694 632 67 20 under
776 631 108 27 intrycket
899 631 25 20 af
936 631 42 20 den

219 665 113 28 nhausse*,
348 673 48 13 som
411 665 123 27 Styrelsens
550 666 127 27 ingripande
693 666 29 27 pä
738 666 38 21 det
791 665 126 21 merkantila
933 672 45 13 om-

218 700 62 21 rådet
296 700 144 25 framkallade,
454 702 63 25 gripa
532 700 92 21 tillfället
643 702 2 19 i
660 700 83 27 flykten
754 701 23 20 sä
792 700 96 27 kraftigt,
904 703 32 18 att
951 707 27 13 en

217 733 200 28 Ofverspekulation
439 735 106 24 inträdde,
568 734 93 25 hvilken,
677 738 56 17 trots
748 735 64 20 äfven
832 735 38 20 det
885 733 92 27 följande

217 768 47 21 året
287 768 62 21 vardt
372 771 31 18 ett
427 767 100 29 ,nödär*,
551 769 83 20 sträckt
656 770 45 19 sina
724 768 130 27 verkningar
875 768 56 21 ända
946 767 31 22 till

217 802 134 21 närvarande
367 803 69 20 stund.
459 803 65 20 Hvad
540 803 70 20 denna
625 802 123 27 Styrelsens
764 803 151 20 mellankomst
925 801 51 22 slut-

217 836 58 27 ligen
295 836 98 21 kommer
411 840 32 18 att
461 837 66 20 hafva
543 837 70 21 direkt
628 837 74 21 kostat
718 837 138 24 statsverket,
872 836 42 21 kan
929 836 48 21 icke

218 877 27 14 nu
262 870 134 27 fullständigt
411 871 93 25 utredas,
521 871 58 21 hvad
595 871 42 21 den
649 871 92 22 indirekt
752 872 73 20 kostat
838 871 73 20 landet
921 871 55 20 ännu

217 905 90 20 mindre.
331 905 277 28 Undantagsförhällanden
624 906 70 20 kunna
709 906 36 20 väl
760 905 77 28 gifvas,
854 905 27 21 dä
896 904 81 27 Styrel-

217 946 39 13 sen
279 939 82 21 kanske
376 941 69 20 mäste
460 941 84 26 ingripa
560 941 6 19 i
582 940 42 20 den
639 940 38 21 fria
693 939 204 28 spanmälshandeln
912 940 6 19 i
933 939 44 20 lan-

217 973 44 26 det,
285 980 49 14 men
357 974 70 21 denna
442 974 80 21 handel
536 974 43 21 kan
594 974 48 21 icke
657 977 65 18 annat
738 975 26 20 än
780 974 42 20 lida
839 974 42 20 och
897 975 6 19 i
918 973 59 28 läng-

216 1007 43 21 den
283 1008 27 27 gä
333 1008 67 21 under
422 1015 80 20 genom
525 1012 38 21 att,
585 1008 85 21 utöfver
693 1008 230 27 oberäkneligheterna
949 1008 28 27 pä

216 1041 213 27 verldsmarknaden,
449 1044 7 19 i
470 1043 60 27 goda
545 1043 23 20 är
582 1049 52 14 vara
649 1046 67 17 utsatt
732 1043 32 20 för
779 1049 27 14 en
822 1041 98 22 forcerad
935 1041 42 21 för-

215 1075 93 28 säljning
328 1083 24 14 ur
366 1076 101 21 Kronans
482 1077 176 24 reservförräder,
674 1077 42 20 och
732 1078 6 19 i
753 1076 71 27 däliga
840 1077 70 20 mästa
924 1075 53 21 kon-

215 1109 88 22 kurrera
326 1111 51 20 med
399 1117 26 14 en
440 1111 80 27 dyrbar
535 1112 136 26 statsimport
686 1111 52 20 eller
753 1118 27 13 en
795 1109 182 22 subventionerad

215 1144 76 25 sädan,
311 1145 37 20 vid
363 1144 63 21 hvars
441 1146 140 20 anordnande
597 1146 37 20 det
650 1147 6 19 i
671 1145 59 27 regel
745 1145 48 21 icke
808 1145 54 21 skall
877 1151 51 14 vara
944 1144 33 21 för

215 1178 114 27 Styrelsen
351 1179 82 27 möjligt
456 1183 32 17 att
510 1179 95 27 tillfylles
628 1180 71 20 känna
723 1179 253 28 spanmälstillgängarna

215 1214 59 19 inom
293 1212 84 22 landets
398 1213 56 21 olika
470 1213 60 21 delar
545 1214 42 20 och
602 1214 66 20 andra
683 1214 30 27 pä
728 1214 67 20 saken
810 1213 110 21 verkande
935 1212 42 21 för-

215 1246 152 28 utsättningar.

674 1304 27 22 V.
719 1304 29 22 M.
765 1310 47 16 von
828 1304 75 22 Born.

287 1492 130 16 Statsutskoitets
429 1492 103 17 betänkande
544 1494 34 16 N:o
587 1498 19 16 3.
