1103 1700
806 112 26 20 51

104 167 27 27 pä
149 168 44 20 sätt
210 168 39 20 här
268 167 61 21 ofvan
349 167 6 21 i
376 167 11 27 $
405 168 9 20 1
431 167 67 21 redan
514 167 138 26 omförmälts,
668 168 60 21 Hans
743 168 119 27 Kejserliga

104 201 106 27 Majestät,
233 201 36 21 vid
288 201 67 21 skedd
371 201 133 26 underdånig
522 201 151 28 föredragning
693 202 23 20 af
732 202 130 21 Ständernas

103 235 146 27 underdåniga
264 235 100 21 anhållan
380 241 34 15 om
429 235 139 27 kungörande
584 235 23 21 af
621 236 93 20 nämnda
724 236 137 26 instruktion,

104 275 44 15 som
165 269 117 21 emellertid
299 269 70 21 blifvit
385 269 26 21 de
422 269 90 21 sålunda
523 270 90 20 utsedde
624 269 196 29 Bankfullmäktige
830 271 32 21 till

104 303 144 21 efterrättelse
271 303 119 26 meddelad,
412 304 46 20 icke
479 303 57 21 velat
554 303 74 21 bifalla
647 304 69 21 denna
732 304 130 22 Ständernas

104 337 106 21 anhållan.
241 338 37 20 Uti
294 338 36 20 det
344 337 78 27 nådiga
437 337 53 27 bref,
506 337 138 27 hvarigenom
660 338 143 22 nästnämnda
813 340 47 25 väg-

103 378 39 14 ran
157 372 119 21 meddelats
291 372 201 26 Bankfullmäktige,
504 371 39 21 har
557 372 69 20 såsom
638 372 46 21 skäl
695 372 34 21 för
740 372 122 22 densamma

103 405 128 21 framhållits
254 406 32 20 att
312 405 4 27 $
335 406 14 21 4
367 406 7 20 i
393 405 79 27 nådiga
490 405 152 27 förordningen
658 406 41 21 den
715 406 13 21 9
744 406 118 22 December

105 440 61 25 1867,
182 440 109 26 angående
307 440 102 27 styrelsen
425 440 38 21 och
479 439 156 27 förvaltningen
648 440 23 21 af
681 440 103 22 Finlands
794 440 68 26 Bank,

104 474 109 26 stadgade,
232 474 37 21 det
284 475 80 20 antalet
379 474 197 26 Bankfullmäktige
591 474 55 21 skall
661 476 78 25 utgöra
754 474 52 27 fyra,
822 475 40 21 och

103 510 33 19 att
151 508 60 21 detta
226 508 81 26 lagrum
326 508 47 21 icke
389 514 50 15 vore
454 508 92 20 ändradt
561 514 76 20 genom
653 508 70 26 någon
736 515 71 15 annan
818 509 44 27 lag-

103 542 148 27 stiftningsakt
273 542 22 21 af
313 548 80 15 samma
415 542 63 27 kraft,
498 542 109 21 äfvensom
626 544 32 19 att
676 542 121 22 Ständerna
815 543 47 21 icke

103 577 112 21 inkommit
229 577 49 20 med
293 577 157 26 framställning
466 576 108 27 angående
590 576 150 27 upphäfvande
756 577 23 21 af
792 577 70 22 förbe-

103 611 64 21 rörda
182 611 78 26 nådiga
276 611 130 26 förordning.

171 645 73 27 Enligt
259 645 59 21 detta
334 645 79 26 nådiga
428 644 49 21 bref
491 645 69 20 skulle
576 644 84 22 således
675 645 187 26 bestämningarna

103 679 6 20 i
125 679 12 26 $
153 679 34 21 68.
217 679 24 20 L.
257 679 24 20 O.
298 679 79 25 derom,
393 681 32 18 att
440 679 121 21 Ständerna
576 685 39 20 ega
630 679 55 27 välja
700 679 162 21 Bankfullmäk-

102 713 43 26 tige
161 714 52 20 utan
228 719 69 15 annan
313 713 158 26 inskränkning,
487 715 27 19 än
530 713 32 20 att
572 713 145 27 Fullmäktige
728 713 66 21 borde
804 715 58 19 utses

103 747 33 20 till
151 747 43 21 lika
210 747 58 21 antal
284 747 33 21 för
333 747 72 26 hvarje
421 747 69 26 stånd,
507 749 55 19 samt
575 748 32 19 att
619 747 34 21 för
663 747 27 21 de
701 747 90 21 sålunda
800 747 62 21 valde

103 781 107 21 fastställa
224 781 137 26 instruktion,
376 781 47 21 icke
439 787 39 20 ega
493 781 39 21 full
548 781 105 27 giltighet,
670 781 66 21 innan
749 781 113 21 ofvanäbe-

103 815 81 27 ropade
203 815 11 27 $
230 815 7 21 i
255 815 53 22 1867
324 815 35 21 ärs
373 815 125 26 förordning
513 815 73 21 blifvit
600 815 144 27 uttryckligen
760 815 101 27 upphäfd.

173 849 78 22 Senast
276 849 128 22 församlade
431 849 91 22 Ständer
547 849 64 21 hafva
632 849 131 27 visserligen,
786 855 75 22 genom

103 883 156 28 godkännande
275 883 22 21 af
311 883 179 22 Bankutskottets
504 883 138 21 betänkande
658 884 6 20 i
680 885 77 24 ämnet,
773 884 89 21 anslutit

103 917 33 26 sig
154 917 33 21 till
202 917 41 21 den
259 917 22 22 af
295 917 110 21 Utskottet
421 917 44 21 deri
481 917 95 21 uttalade
592 917 144 27 uppfattning,
752 919 32 20 att
800 917 62 22 Stän-

103 951 66 21 derna
187 957 39 20 ega
246 951 105 22 definitivt
365 952 85 21 besluta
465 958 34 14 om
516 951 81 22 antalet
612 951 196 27 Bankfullmäktige
823 952 39 21 och

103 985 107 21 fastställa
224 986 131 21 instruktion
370 985 33 22 för
419 986 54 21 dem.
496 986 34 21 Då
546 985 70 21 denna
630 985 99 28 tolkning
744 985 118 22 emellertid

103 1019 48 21 icke
165 1020 76 21 vunnit
256 1020 59 21 Hans
330 1020 112 27 Majestäts
457 1019 163 28 godkännande,
633 1025 69 22 synes,
715 1020 65 26 enligt
791 1019 71 22 Bank-

103 1053 146 27 fullmäktiges
257 1054 92 26 mening,
358 1060 69 15 annan
437 1056 65 25 utväg
510 1054 46 21 icke
565 1053 87 26 återstå,
660 1055 27 19 än
696 1056 32 19 att
737 1053 125 26 Ständerna,

103 1087 34 21 för
157 1088 175 27 undanrödjande
353 1088 22 21 af
394 1088 36 21 det
448 1088 90 21 formela
558 1087 82 27 hinder,
660 1094 45 15 som
728 1088 133 27 Regeringen

103 1123 72 20 ansett
190 1122 115 22 förefinnas
317 1122 33 21 för
361 1122 138 27 fullständiga
511 1122 161 27 tillämpningen
684 1121 23 22 af
717 1121 11 28 $
742 1121 27 22 68
782 1121 38 21 iL.
830 1121 31 27 O.,

103 1156 33 21 för
155 1156 33 21 sin
208 1156 34 21 del
261 1156 142 28 uttryckligen
422 1156 90 26 besluta,
532 1158 32 19 att
582 1156 126 21 förberörda
723 1156 117 27 stadgande
856 1157 6 19 i

105 1190 54 22 1867
183 1190 35 21 års
240 1190 123 28 förordning
385 1190 126 28 upphäfves,
534 1192 54 19 samt
607 1190 40 21 hos
665 1190 59 21 Hans
744 1190 118 27 Kejserliga

105 1224 100 27 Majestät
227 1224 86 22 anhålla
334 1231 34 15 om
391 1224 136 22 stadfästelse
550 1224 22 21 af
590 1224 67 26 sagda
676 1224 78 26 beslut,
774 1224 88 21 hvarom

103 1264 49 15 man
171 1259 59 20 torde
250 1259 72 21 kunna
340 1259 53 26 hysa
408 1259 23 20 så
446 1258 84 28 mycket
546 1258 88 21 säkrare
649 1258 151 27 förhoppning,
816 1264 46 15 som

103 1292 37 21 det
155 1292 77 26 nådiga
248 1292 82 22 brefvet
345 1292 118 22 innehåller
478 1298 26 15 en
520 1292 112 28 anvisning
648 1292 32 21 till
696 1294 31 19 ett
742 1292 68 26 dylikt
820 1292 42 20 för-

103 1326 96 22 farande.
229 1326 196 27 Bankfullmäktige
447 1328 33 19 tro
500 1326 32 27 sig
551 1326 71 21 derför
641 1326 52 21 böra
716 1326 90 26 anhålla,
826 1325 37 21 det

103 1360 50 21 ville
172 1361 168 21 Bankutskottet
358 1361 39 21 hos
417 1360 119 22 Ständerna
555 1362 54 25 göra
621 1360 157 26 framställning
796 1360 7 20 i
818 1366 44 14 om-

103 1394 102 22 förmäldt
224 1394 61 28 syfte,
305 1395 116 27 hvarjemte
439 1394 144 26 Fullmäktige
603 1394 70 21 tillåta
692 1394 32 26 sig
743 1393 118 26 framhålla,

102 1430 33 19 att
151 1429 41 20 den
207 1425 146 30 ifrågakomna
369 1428 101 27 åtgärden
486 1428 123 27 lämpligast
624 1428 66 20 borde
706 1428 23 20 af
743 1427 119 21 Ständerna
