1103 1700
253 147 27 21 38
488 145 27 22 U.
531 145 25 21 B.
574 158 23 2 —
614 144 103 23 XXXIL

581 494 47 22 III.

294 565 162 28 Benämningen
472 565 103 22 Finlands
591 566 63 21 Bank
669 566 119 28 berättigar
802 566 33 21 till
850 566 41 22 den
904 566 79 22 förmo-

224 600 43 21 dan
291 602 31 19 att
343 600 170 28 tjenstemännen
536 600 38 21 vid
596 600 70 21 denna
683 601 119 28 inrättning
817 609 52 13 vore
884 601 99 28 skyldiga

224 637 32 18 att
279 634 71 21 känna
371 634 83 21 landets
479 634 56 21 båda
556 635 111 21 inhemska
689 635 71 28 språk.
791 635 65 22 Detta
880 637 23 19 är
917 635 66 21 likväl

224 669 50 21 icke
297 668 148 21 förhållandet.
477 669 134 28 Visserligen
635 669 112 22 fordrades
770 670 83 28 jämlikt
877 671 53 20 1865
949 670 34 21 års

224 703 195 28 språkförordning
434 703 64 28 insigt
513 704 6 19 i
535 703 69 22 finska
619 703 88 29 språket
725 703 23 22 af
762 703 27 22 de
805 705 125 27 tjenstemän
946 704 36 21 vid

224 737 105 21 Finlands
345 737 62 21 Bank
423 737 73 21 hvilka
511 737 85 22 komma
612 739 5 19 i
635 738 99 28 beröring
749 738 47 21 med
813 738 41 21 den
869 738 68 21 finska
947 738 36 21 be-

224 771 135 28 folkningen,
374 779 48 14 men
439 771 27 22 då
481 771 103 22 Finlands
601 772 61 21 Bank
679 774 54 19 1867
750 773 80 20 stäldes
842 773 67 21 under
921 773 62 21 Stän-

225 806 78 21 dernas
319 806 60 27 vård,
395 805 93 30 uppstod
503 806 96 21 ovisshet
614 806 104 22 huruvida
735 807 41 21 den
795 815 84 13 numera
897 815 37 13 var
944 815 38 11 nn-

224 840 117 22 derkastad
364 841 161 27 bestämningen
547 849 7 12 i
577 840 67 29 sagda
667 841 197 28 språkförordning.
894 842 39 20 Att
956 841 26 22 de

224 882 77 14 senare
324 875 126 21 emanerade
472 875 244 28 språkförordningarna
735 875 47 22 icke
798 875 89 22 hänföra
903 877 32 27 sig
951 876 31 21 till

224 909 106 22 Finlands
346 909 62 22 Bank
423 911 23 19 är
461 909 61 21 klart.

296 943 35 22 Då
353 952 29 13 nu
397 943 91 22 embets-
504 944 40 21 och
563 945 171 27 tjenstemännen
750 944 37 21 vid
802 944 103 21 Finlands
921 945 61 21 Bank

224 979 7 20 i
247 978 136 22 förhållande
405 979 32 20 till
459 977 83 23 landets
558 979 70 28 öfriga
644 979 128 28 tjenstemän
788 978 83 21 befinna
886 979 33 28 sig
934 980 7 20 i
957 987 26 13 en

224 1013 70 22 sådan
316 1013 228 28 undantagsställning,
567 1013 73 21 derför
662 1016 31 18 att
712 1013 26 21 de
754 1013 52 21 höra
821 1013 32 21 till
868 1021 27 13 en
910 1014 73 20 inrätt-

224 1048 54 27 ning
299 1055 47 14 som
369 1047 44 22 står
430 1047 68 22 under
514 1047 130 22 Ständernas
661 1047 59 27 vård,
735 1047 55 22 hade
806 1055 48 14 man
870 1047 49 21 med
934 1047 49 22 fullt

224 1082 49 21 skäl
296 1082 83 21 kunnat
400 1081 104 27 förvänta,
527 1085 31 18 att
574 1081 120 22 Ständerna
709 1081 66 22 redan
790 1081 35 22 för
840 1082 61 27 länge
917 1081 65 22 sedan

224 1116 71 22 skulle
309 1116 66 22 hafva
386 1116 114 29 undanröjt
510 1116 58 22 detta
580 1116 193 22 missförhållande.
795 1116 90 28 Förslag
895 1117 6 21 i
914 1116 69 22 denna

224 1151 98 29 riktning
343 1151 66 22 hafva
424 1151 126 28 visserligen
570 1151 73 21 blifvit
657 1151 76 28 gjorda
748 1151 23 21 af
786 1151 97 21 enskilda
899 1151 84 21 stånds-

224 1186 141 21 medlemmar
379 1185 37 22 vid
432 1185 155 29 landtdagarna
602 1186 24 20 år
642 1187 54 20 1885
713 1186 40 21 och
771 1187 60 25 1888,
846 1193 49 14 men
908 1186 75 20 ehuru-

225 1220 36 21 väl
285 1220 64 22 dessa
372 1220 72 21 blifvit
466 1222 93 26 antagna
582 1220 22 21 af
626 1220 105 21 särskilda
751 1220 69 26 stånd,
835 1220 38 21 har
888 1220 96 21 ständer-

225 1254 73 22 beslut
312 1256 6 20 i
335 1254 88 22 ärendet
438 1254 65 21 likväl
518 1254 48 22 icke
583 1254 86 22 ernåtts.
695 1255 10 20 I
722 1254 37 22 det
774 1254 81 28 förslag
871 1254 30 21 till
916 1254 67 28 regle-

225 1292 73 18 mente
314 1297 45 13 som
375 1289 192 28 bankfullmäktige
583 1288 83 29 bifogat
681 1290 32 20 sin
727 1289 32 21 till
772 1288 163 22 bankutskottet
948 1288 36 22 vid

225 1326 87 19 senaste
328 1323 103 28 landtdag
443 1323 83 28 afgifna
538 1323 114 21 berättelse
666 1323 71 28 ingick
750 1323 125 28 visserligen
886 1325 31 19 ett
927 1323 56 28 slags

225 1358 138 28 bestämning
372 1357 110 29 angående
493 1358 170 28 språkkunskap,
672 1357 87 21 hvilken
771 1357 134 28 bestämning
917 1357 66 21 bank-

226 1392 108 22 utskottet
356 1394 6 19 i
386 1392 145 29 omredigerad
548 1392 56 21 form
620 1392 95 28 föreslog
731 1392 31 20 till
778 1391 129 21 Ständernas
924 1394 59 18 anta-

225 1427 73 28 gande
322 1427 41 21 och
385 1437 46 11 sum
450 1426 64 22 älvev
532 1426 52 22 Gilör
602 1426 138 28 Ividigganga
756 1426 228 28 sammanjämkningur

225 1461 123 29 upphöjdes
371 1461 33 21 till
426 1460 162 22 ständerbeslut.
619 1460 35 22 Då
674 1460 165 28 ifrågavarande
855 1460 128 30 reglemente

297 1501 144 18 Bankutskottets
454 1500 111 18 betänkande
577 1500 36 18 N:o
626 1500 17 18 2.
