1103 1700
478 112 21 22 I
813 114 27 20 45

109 184 71 24 annat,
196 181 46 22 dels
265 183 31 21 ett
319 181 68 21 ökadt
409 181 60 22 antal
493 181 24 21 af
530 180 73 28 nägra,
619 181 46 21 dels
679 181 129 27 indragning
823 181 46 21 äter

109 216 24 21 af
146 216 67 22 andra
229 216 47 27 slag
291 216 23 22 af
328 216 124 21 domstolar.

176 250 138 22 Beträffande
332 250 55 22 först
403 250 225 26 underdomstolarna,
645 252 24 19 är
684 249 93 23 sälunda
791 250 77 22 härvid

108 288 34 19 att
157 285 81 27 märka,
255 285 36 21 det
305 285 8 21 i
328 284 53 28 följd
397 284 23 22 af
428 284 114 22 efterhand
552 284 154 28 försiggängna
717 284 152 28 förändringar

108 320 7 21 i
137 320 86 21 landets
243 319 101 28 judiciela
367 319 111 27 indelning
494 319 156 27 domsagornas
665 318 61 22 antal
742 319 70 21 under
826 319 42 21 tid-

108 354 88 27 rymden
215 355 77 21 1843—
301 354 53 22 1890
371 354 135 27 smäningom
522 354 62 21 ökats
600 353 48 21 frän
664 354 27 20 47
702 353 33 21 till
746 354 34 20 61.
804 353 64 21 Dom-

109 394 104 22 sagornas
229 388 60 22 antal
304 388 70 22 under
389 388 27 21 de
432 388 58 22 olika
505 388 52 22 ären
568 387 24 22 af
600 387 164 28 ifrägavarande
775 387 94 28 tidrymd

108 422 40 22 har
162 423 66 21 varit:

107 504 54 21 ären
179 504 140 21 1843—1845
351 521 4 4 .
387 520 4 5 .
422 504 27 20 47
530 504 25 21 år
573 504 54 21 1874
661 519 5 5 .
697 520 5 4 .
739 520 1 4 0
806 520 4 4 0.
841 504 27 20 58

129 561 10 10 v»
177 544 140 22 1846—1847
349 561 4 5 .
385 561 4 5 .
421 545 27 20 48
529 545 52 21 åren
599 544 140 22 1875—1885
770 561 4 4 .
806 560 4 5 .
841 544 27 21 59

128 602 10 9 »
176 585 139 22 1848—1863
347 602 4 5 .
383 602 4 5 .
419 586 27 21 49
548 602 9 9 »
598 585 140 22 1886—1889
770 602 4 4 .
806 602 4 4 .
841 585 27 21 60

128 642 10 9 n»
176 625 140 22 1864—1873
347 642 5 5 .
383 642 4 4 .
419 626 27 21 57
526 625 25 22 år
569 626 54 21 1890
661 641 4 5 .
697 642 4 4 .
734 641 4 5 .
769 642 5 4 .
790 621 4 37 0
805 641 4 5 .
840 625 26 21 61

178 711 223 22 Rädstufvurätterna
416 710 64 22 hafva
494 711 70 21 under
580 716 82 16 samma
676 710 32 22 tid
723 711 66 21 varit:

108 786 52 21 åren
179 785 139 22 1843—1859
350 803 4 4 .
386 802 5 5 .
422 786 26 21 27
528 786 51 21 ären
598 785 139 22 1865—1876
769 801 5 5 .
805 801 5 5 .
840 786 25 20 31

134 842 9 9 »
177 826 138 21 1860—1861
348 841 4 6 .
384 842 5 5 .
420 826 27 21 28
548 842 10 9 »
596 825 140 22 1877—1879
768 842 5 4 .
805 842 4 5 .
840 826 27 21 32

134 882 9 9 »
177 866 140 21 1862—1863
348 883 4 4 .
384 883 4 4 .
420 867 27 20 29
549 883 9 9 »
596 867 141 20 1880—1884
769 883 4 5 .
805 883 4 4 .
840 867 26 20 33

109 906 24 21 år
150 907 55 20 1864
240 923 4 4 .
276 923 4 4 .
312 923 5 4 .
348 923 4 4 .
384 923 5 4 .
420 907 28 21 30
548 924 10 9 »
596 907 141 21 1885—1890
768 924 4 4 .
804 924 5 4 .
840 907 26 21 34

177 991 216 23 Kämnersrätternas
409 992 60 22 antal
483 999 39 15 var
536 992 48 22 frän
601 993 25 21 är
643 993 53 21 1843
712 992 33 21 till
763 993 61 26 1868,
840 992 27 22 dä

109 1025 26 22 de
150 1025 109 28 indrogos,
275 1025 143 23 oförändradt
433 1027 20 21 9.

177 1059 40 22 Om
236 1066 49 15 man
302 1067 29 15 nu
346 1061 50 21 med
410 1060 124 23 beaktande
550 1061 22 22 af
586 1061 63 22 ofvan
665 1061 91 22 anförda
772 1063 96 20 omstän-

107 1094 99 27 digheter
221 1094 39 22 och
275 1095 48 21 med
339 1095 88 28 ledning
442 1095 24 22 af
479 1096 27 21 de
520 1096 6 21 i
537 1101 57 22 resp.
603 1095 149 28 tabellbilagor
762 1095 105 28 ingående

107 1128 220 28 specialuppgifterna
342 1129 59 23 öfver
411 1130 27 21 de
448 1129 124 29 handlagda
582 1130 82 22 mälens
675 1129 60 23 antal
745 1129 35 22 vid
788 1129 79 23 under-

107 1162 150 22 domstolarna
271 1163 33 21 för
320 1164 26 21 de
361 1164 108 22 särskilda
484 1166 50 25 tre-,
551 1171 55 21 resp.
623 1164 209 28 femärsperioderna
846 1164 24 22 af

107 1196 122 28 tidrymden
247 1198 141 22 1843—1890
403 1198 108 22 uträknar
521 1198 153 22 medelantalet
684 1205 39 21 per
734 1199 24 21 år
768 1198 24 22 af
800 1198 67 22 hand-

106 1231 65 27 lagda
186 1232 75 22 tviste-
272 1232 39 22 och
325 1232 105 22 brottmål
445 1234 36 21 vid
496 1234 90 21 härads-
597 1234 39 21 och
647 1232 219 28 rädstufvurätterna,

107 1265 96 27 framgär
218 1266 73 22 dervid
306 1266 95 28 följande
415 1268 101 21 resultat.
