1103 1700
808 122 28 21 25

173 182 73 21 dervid
269 182 18 27 ej
311 182 83 21 mindre
417 181 129 26 undersöka,
570 180 105 22 huruvida
698 180 141 26 tillgångarne
858 179 7 20 i

173 216 116 22 metalliskt
305 219 66 25 mynt,
387 216 78 25 sedlar,
478 216 148 27 obligationer,
639 214 135 27 deponerade
790 213 75 21 värde-

173 251 95 26 föremål,
284 251 79 26 vexlar,
380 250 135 23 skuldsedlar
530 250 40 21 och
586 249 125 21 säkerheter
727 250 56 20 samt
797 247 68 21 sedel-

173 285 120 21 blanketter
309 285 191 21 öfverensstämma
516 284 47 21 med
580 284 95 21 bankens
689 283 87 26 böcker,
788 284 26 19 än
826 282 39 21 ock

173 320 46 20 med
235 320 86 26 ledning
337 319 23 21 af
375 319 177 27 hvalfsspecialen
569 320 84 23 utröna,
665 318 105 20 huruvida
786 316 77 22 hvalfs-

174 354 75 21 kassan
269 354 34 20 vid
324 354 207 26 redovisningsårets
551 352 79 27 utgång
649 352 91 27 uppgått
759 351 32 21 till
807 351 59 20 det
854 347 15 37 i

174 388 109 21 bokslutet
298 390 109 24 upptagna
423 388 87 26 belopp:

104 424 31 19 att
155 422 84 27 efterse,
259 422 106 22 huruvida
387 422 129 22 föreskrifna
538 422 159 26 inventeringar
717 420 70 21 blifvit
804 419 62 21 verk-

173 457 80 26 stälda
243 453 14 34 ;

103 493 33 19 att
155 491 80 27 pröfva,
253 492 104 20 huruvida
374 492 97 20 bankens
487 491 101 21 säkerhet
604 490 38 22 och
659 490 69 21 fördel
744 489 35 21 vid
795 488 66 21 bevil-

170 526 75 26 jandet
261 526 22 20 af
298 526 71 21 kredit
385 525 110 22 äfvensom
511 526 6 20 i
534 525 64 27 öfrigt
614 524 116 28 behörigen
743 523 123 27 iakttagits;

103 562 33 19 att
151 560 92 27 granska
258 560 176 27 räkenskaperna
449 560 40 22 och
504 560 122 26 bokslutet;

104 597 32 18 att
158 595 93 26 granska
273 593 96 23 bankens
393 594 129 28 förvaltning
545 595 33 20 till
602 595 42 20 alla
663 594 49 21 dess
732 593 60 21 delar
811 594 56 19 samt

174 629 73 21 dervid
263 629 69 21 tillika
349 629 129 26 undersöka,
490 629 105 21 huruvida
611 629 95 21 bankens
722 628 91 21 embets-
826 627 39 21 och

174 660 125 31 tjenstemän
323 664 52 21 stält
397 664 32 27 sig
448 664 99 27 gällande
566 663 132 28 stadganden
715 663 39 21 och
771 661 94 22 erhållna

173 697 134 22 föreskrifter
327 699 33 20 till
379 698 153 27 efterrättelse,
548 698 111 21 äfvensom
675 704 34 15 om
725 697 141 27 utsökningar

174 732 38 21 och
232 732 138 28 rättegångar
390 733 71 21 blifvit
476 733 46 21 med
540 733 102 27 tillbörlig
658 731 152 28 skyndsamhet
826 730 39 21 och

174 773 85 20 omsorg
273 767 94 22 utförda.

456 825 28 22 70
499 825 19 28 8.

94 876 12 14 N
175 870 59 21 Efter
257 870 91 22 slutförd
372 871 94 20 revision
487 871 61 21 skola
562 871 134 21 revisorerna
711 870 32 21 till
759 869 108 22 bankfull-

104 905 95 26 mäktige
221 905 131 21 öfverlemna
374 905 39 22 sitt
432 905 108 27 protokoll
560 905 109 21 äfvensom
688 904 93 27 skriftlig
797 905 70 20 berät-

105 939 54 21 telse
174 945 33 15 om
223 939 131 22 revisionens
370 939 94 28 förlopp.
487 940 10 21 I
512 940 70 21 denna
598 939 116 22 berättelse
730 939 61 22 skola
802 939 65 20 fram-

106 973 69 22 hällas
195 973 80 22 sädana
290 974 191 27 omständigheter,
497 980 44 15 som
558 975 59 26 synts
632 974 134 21 revisorerna
780 979 51 15 vara
846 972 24 21 af

107 1008 145 21 beskaffenhet
265 1010 42 19 'att
329 1008 32 26 de,
385 1011 52 18 utan
458 1011 33 19 att
509 1006 112 23 föranleda
640 1007 146 27 anmärkning,
802 1007 65 21 likväl

106 1042 118 27 förtjenade
247 1043 207 26 uppmärksammas,
477 1045 56 20 samt
552 1043 102 21 särskildt
672 1042 114 22 anmärkas
802 1041 65 22 sädan

105 1076 76 27 ätgärd
197 1077 52 21 eller
261 1077 149 22 försummelse
423 1078 6 20 i
442 1077 163 28 förvaltningen,
615 1083 45 16 som
671 1077 135 21 revisorerna
817 1082 51 15 anse

106 1111 88 27 päkalla
217 1111 88 22 rättelse
328 1111 53 22 eller
404 1111 92 27 beifran,
516 1112 108 21 äfvensom
642 1112 133 21 revisorerna
790 1111 6 21 i
812 1117 56 15 sam-

106 1145 107 27 manhang
235 1146 88 21 härmed
346 1146 64 22 skola
433 1146 69 22 utläta
526 1147 32 27 sig
581 1153 33 15 om
634 1146 39 22 och
692 1146 7 21 i
718 1146 73 22 hvilka
809 1146 60 20 delar

106 1180 153 21 ansvarsfrihet
277 1180 34 22 för
330 1180 98 22 bankens
448 1181 130 27 förvaltning
594 1181 66 21 under
675 1180 194 27 redovisningsäret

107 1214 42 21 kan
164 1214 135 22 direktionen
314 1215 149 22 tillerkännas.

176 1249 153 21 Revisorernas
348 1250 120 21 berättelse
486 1250 61 22 skola
565 1250 193 26 bankfullmäktige
776 1249 94 27 delgifva

108 1283 95 22 bankens
222 1284 108 21 direktion
350 1287 57 19 samt
427 1284 71 22 tillika
512 1285 96 21 infordra
622 1284 146 22 direktionens
783 1284 39 21 och
838 1283 31 22 öf-

107 1318 46 26 riga
176 1318 171 22 vederbörandes
369 1319 121 28 förklaring
512 1319 18 27 ej
550 1319 82 21 mindre
651 1319 6 21 i
677 1318 114 28 anledning
806 1318 23 22 af
843 1318 27 22 de

107 1352 174 28 anmärkningar,
297 1359 46 15 som
359 1353 23 21 af
395 1354 136 21 revisorerna
546 1354 142 26 tilläfventyrs
703 1353 123 26 framstälts,
842 1354 26 20 än

107 1386 62 22 äfven
187 1387 7 21 i
213 1387 26 21 de
259 1387 123 27 afseenden,
398 1388 79 22 sädant
495 1394 78 16 annars
587 1388 43 22 kan
645 1395 52 15 vara
712 1388 80 26 nödigt,
807 1388 62 20 hvar-

108 1421 55 21 efter
183 1421 12 21 &
214 1422 195 27 bankfullmäktige
425 1423 125 21 ankommer
565 1424 32 21 att
612 1422 80 28 afgöra,
708 1422 106 22 huruvida
830 1422 39 22 och

107 1456 8 21 i
132 1456 73 22 hvilka
220 1456 61 22 delar
296 1457 157 21 ansvarsfrihet
468 1458 54 21 skall
539 1458 133 21 direktionen
687 1457 95 27 beviljas.
