1103 1700
204 135 82 23 Ständ.
303 135 52 23 Skr.
373 148 26 2 —
415 134 319 22 Alexandersmonumentet.

367 438 137 22 Finlands
534 437 133 23 Ständers
693 438 157 22 skrifvelse

299 473 39 21 till
353 473 172 27 Delegationen
540 472 40 22 för
594 472 150 28 uppresande
760 472 28 22 af
796 473 54 21 äre-

299 508 84 22 stoden
405 508 41 21 till
462 507 130 22 åminnelse
609 507 27 21 af
648 506 198 28 Kejsaren-Stor-

299 542 94 22 fursten
414 542 140 22 Alexander
568 542 28 21 II
611 541 120 28 angående
746 540 104 29 beviljad

300 577 176 22 ansvarsfrihet
491 576 40 22 för
545 577 181 26 förvaltningen
736 576 28 22 af
772 576 28 22 de
811 575 40 22 till

300 611 53 22 dess
368 611 144 28 förfogande
528 611 79 22 stälda
622 610 75 23 medel
711 617 31 15 m.
757 617 32 15 m.

94 744 52 38 Till
171 744 190 47 Delegationen
389 743 44 39 för
458 743 170 48 uppresande
654 742 27 39 af
706 742 144 39 ärestoden

174 797 43 38 till
242 797 145 38 åminnelse
413 797 28 38 af
466 796 306 49 Kejsaren-Storfursten

367 851 153 38 Mexander
545 850 33 39 II.

163 966 77 22 Sedan
260 966 129 22 Ständerna
412 966 40 22 vid
478 966 156 22 innevarande
656 965 118 29 landtdag,
798 965 53 22 med

93 1001 169 28 godkännande
277 1000 25 22 af
315 1002 34 20 ett
363 1000 53 22 utaf
429 1000 141 29 Skulptören
580 1000 63 21 Emil
653 1000 129 22 Wikström
794 1008 57 21 upp-

93 1035 78 30 gjordt
185 1035 92 29 projekt
291 1035 38 21 till
344 1035 163 28 skulpturverk
521 1035 37 21 för
576 1034 172 22 ständerhusets
764 1035 88 28 gafvel-

93 1070 44 22 fält
152 1071 23 20 ät
190 1069 169 29 Nikolaigatan,
375 1069 37 22 för
427 1069 64 22 detta
511 1069 89 22 arbetes
614 1069 122 22 utförande
752 1069 100 28 anslagit

94 1112 29 14 en
138 1112 88 14 summa
241 1104 26 21 af
279 1105 79 27 41,200
373 1104 65 21 mark
448 1106 60 19 samt
518 1104 95 21 beslutit
622 1104 119 29 uppdraga
751 1104 24 21 ät
785 1104 67 21 Dele-

93 1139 111 29 gationen
229 1141 34 19 att
287 1139 8 21 i
321 1139 90 21 samräd
437 1139 53 21 med
513 1138 171 22 ständerhusets
706 1138 102 22 arkitekt
830 1138 20 29 ej

93 1174 91 21 mindre
205 1176 104 26 uppgöra
328 1173 109 22 kontrakt
452 1174 54 20 med
521 1173 134 29 skulptören
669 1173 129 22 Wikström
814 1180 37 14 om

93 1208 162 22 konstverkets
277 1208 122 21 utförande
421 1208 8 21 i
452 1208 52 28 gips
524 1211 30 18 än
570 1208 68 21 äfven
654 1210 33 19 att
702 1210 51 19 utse
767 1207 84 29 nödigt

94 1242 63 22 antal
171 1249 114 22 personer,
301 1242 80 22 hvilka
395 1242 59 28 egde
470 1242 125 22 öfvervaka
609 1242 145 21 kontraktets
767 1242 85 28 fullgö-

93 1276 77 27 rande,
187 1276 59 22 efter
262 1276 63 22 hand
339 1276 81 29 afsyna
444 1277 88 21 arbetet
548 1278 59 20 samt
622 1276 37 22 till
673 1276 179 22 Statsutskottet

93 1311 41 21 vid
153 1313 68 19 nästa
241 1310 112 29 landtdag
372 1310 98 22 aflemna
485 1311 87 28 förslag
588 1310 118 29 angående
721 1310 131 22 materialet

93 1345 37 22 för
144 1345 155 28 konstverket,
311 1346 41 20 har
365 1345 171 29 Delegationen
548 1345 73 28 jemte
636 1352 29 14 en
674 1345 38 21 till
722 1344 130 22 Ständerna

94 1379 111 29 afgifven,
228 1380 46 21 den
293 1380 25 22 17
334 1380 158 21 innevarande
506 1379 46 29 Maj
569 1378 144 30 dagtecknad
728 1379 124 21 berättelse

94 1414 65 22 öfver
173 1414 118 22 verkstäld
305 1422 43 20 syn
363 1414 14 21 &
391 1414 29 22 de
435 1414 37 22 för
488 1414 121 22 ärestoden
623 1414 93 21 utförda
730 1415 61 20 sten-
806 1413 44 21 och

93 1448 264 29 bronseringsarbetena,
379 1452 55 18 enär
449 1448 82 22 endast
554 1456 28 13 en
597 1448 25 22 af
636 1448 27 22 de
678 1448 37 21 till
730 1447 121 23 ärestoden
