1103 1700
86 212 128 16 Bankfullmäk-

86 235 42 21 tiges
135 235 79 16 berättel-

86 263 18 11 se
110 257 21 23 $$
141 262 6 12 I
157 258 32 16 och
200 263 15 11 2.

255 150 12 20 2
515 150 26 22 U.
557 150 25 22 B.
596 150 103 22 XXXIL

293 212 45 22 Vid
354 216 86 18 senaste
450 213 105 27 landtdag
565 213 65 21 funno
641 213 121 22 Ständerna
772 214 80 27 skäligt
864 214 42 21 öka
920 214 68 21 bank-

224 246 147 28 fullmäktiges
386 247 58 21 antal
458 247 32 21 till
504 248 52 24 ätta,
573 248 25 20 af
609 248 72 20 hvilka
697 248 47 27 fyra
759 248 68 21 skulle
843 249 72 20 säsom
930 248 58 21 ordi-

224 282 60 20 narie
307 282 97 26 ständigt
421 282 121 26 tjenstgöra
558 282 42 20 och
616 282 28 20 de
659 282 69 27 öfrige
744 286 135 23 gemensamt
894 283 49 20 med
959 282 30 21 de

225 315 58 21 förra
304 315 77 27 utgöra
404 316 116 20 förstärkte
543 316 198 27 bankfullmäktige,
757 316 93 21 hvarhos
866 316 121 21 Ständerna

226 349 33 21 för
275 350 64 20 desse
355 351 45 19 sina
415 350 193 27 bankfullmäktige
624 350 113 21 faststälde
748 358 27 13 en
790 350 134 25 instruktion,
941 351 48 20 deri

225 383 67 21 bland
315 388 64 16 annat
400 384 124 21 bestämdes
547 384 73 20 hvilka
642 384 95 21 ärenden
757 384 61 21 skola
835 384 25 21 af
872 384 117 21 förstärkte

225 417 194 28 bankfullmäktige
442 418 134 27 handläggas
600 418 42 21 och
660 418 72 21 hvilka
756 419 94 20 ärenden
872 420 33 19 mä
926 419 13 20 å
960 419 28 20 de

227 452 108 20 ordinarie
358 452 133 27 fullmäktige
514 452 121 21 ankomma.
665 452 77 21 Tillika
765 453 86 21 beslöto
867 453 121 21 Ständerna

226 489 33 18 att
283 486 40 20 hos
344 486 60 21 Hans
425 486 122 28 Kejserliga
569 486 103 27 Majestät
687 487 155 27 underdänigst
858 487 83 21 anhälla
956 490 34 18 att

227 520 71 21 denna
313 520 128 21 instruktion
456 521 68 21 mätte
538 521 32 21 till
585 521 128 21 efterlefnad
728 521 115 27 kungöras.

296 554 9 21 I
321 554 95 27 enlighet
431 555 51 20 med
497 555 69 27 sagda
582 555 127 21 instruktion
725 554 115 29 fullgjorde
856 556 27 20 de
893 555 24 21 af
926 554 64 22 Stän-

227 589 68 21 derna
317 589 92 21 utsedde
432 589 191 28 bankfullmäktige
646 591 46 19 sina
715 590 129 27 äligganden
867 590 52 21 intill
939 590 50 20 dess

227 630 80 20 genom
329 623 74 27 nädigt
425 623 51 21 bref
493 623 26 21 af
537 629 13 21 7
570 631 56 13 mars
652 625 52 25 1892
728 624 50 21 dem
796 624 140 21 meddelades
957 627 32 18 att

228 657 61 20 Hans
312 657 122 28 Kejserliga
456 657 102 27 Majestät
582 658 47 21 icke
649 658 58 21 velat
722 658 72 21 bifalla
809 658 32 21 till
856 657 134 22 Ständernas

227 691 126 21 förberörda
376 692 146 27 underdäniga
544 692 98 21 anhällan
663 699 36 14 om
721 692 160 27 promulgation
904 692 25 21 af
947 692 42 21 den

228 726 33 21 för
277 726 193 27 bankfullmäktige
485 730 94 23 antagna
594 733 42 20 nya
652 726 134 26 instruktion,
799 727 59 20 hvari
867 726 123 27 stadgande

229 767 36 13 om
281 760 117 21 förstärkte
414 760 133 27 fullmäktige
562 761 82 20 införts.
674 761 68 21 Detta
757 761 144 20 meddelande
917 761 73 20 äfven-

228 801 49 14 som
293 798 100 17 senatens
409 796 6 19 i
430 794 115 27 anledning
560 795 24 20 af
596 795 69 27 sagda
680 795 79 27 nädiga
774 795 51 20 bref
836 795 42 20 den
899 800 25 15 10
934 801 56 14 mars

231 829 54 26 1892
307 829 84 21 fattade
414 829 76 25 beslut,
512 832 32 18 att
559 830 155 26 handlingarna
730 829 112 27 angäende
860 829 37 21 det
913 829 24 20 af
949 829 42 20 för-

228 863 85 21 stärkte
328 863 190 27 bankfullmäktige
534 863 122 28 uppgjorda
672 863 81 28 förslag
768 863 31 21 till
814 863 177 21 äterbesättande

229 897 26 21 af
267 897 72 27 lediga
353 897 102 26 juridiska
472 897 321 22 direktörsembetet
684 893 10 37 i
706 897 84 22 bankens
807 897 106 21 direktion
923 897 67 21 skulle

228 931 32 21 till
276 931 192 28 bankfullmäktige
484 932 131 25 ätersändas,
632 932 91 21 försatte
744 932 27 20 de
787 932 25 20 af
824 931 120 22 Ständerna
960 935 33 18 ut-

229 965 70 21 sedde
321 965 191 28 bankfullmäktige
535 967 6 19 i
562 973 27 13 en
611 966 103 26 brydsam
736 966 138 27 belägenhet.
907 959 22 27 Ä
952 973 40 13 ena

229 1000 63 21 sidan
307 999 72 22 kunde
395 1000 327 27 bankfullmäktiginstitutionen
737 1002 7 19 i
755 1001 41 20 den
808 1000 55 21 form
872 1000 121 21 Ständerna

230 1034 63 27 gifvit
313 1035 125 20 densamma
453 1034 48 21 icke
516 1034 141 26 funktionera,
673 1035 102 20 särskildt
791 1036 5 19 i
812 1035 73 26 frägor
900 1035 38 20 der
954 1034 38 21 det

230 1069 87 26 slutliga
333 1069 129 26 afgörandet
477 1069 79 20 ankom
572 1069 12 20 å
599 1070 133 26 regeringen,
749 1069 86 20 hvilken
851 1069 47 20 icke
913 1068 32 21 till
956 1069 36 20 be-

230 1103 105 27 handling
355 1106 86 24 upptog
456 1104 66 26 nägra
538 1103 180 27 framställningar
733 1103 45 21 frän
794 1103 116 20 förstärkte
926 1103 63 20 bank-

231 1137 141 27 fullmäktige,
396 1138 12 21 &
434 1138 66 20 andra
516 1138 61 20 sidan
593 1138 67 20 skulle
675 1139 83 26 vigtiga
775 1139 104 19 intressen
894 1137 100 27 äfventy-

230 1175 51 22 rats,
299 1172 73 20 derest
395 1172 71 26 frägor
482 1172 80 20 sädana
577 1178 48 14 som
641 1172 27 20 de
683 1172 113 27 angäende
812 1172 96 20 bankens
923 1172 71 20 ränte-

230 1209 79 22 satser,
332 1206 27 20 de
382 1206 32 20 för
437 1207 49 23 viss,
510 1207 64 19 innan
596 1206 93 26 följande
708 1206 104 27 landtdag
828 1206 118 27 utlöpande
961 1206 33 20 tid

231 1240 110 26 inrättade
364 1240 146 26 provisoriska
530 1240 118 21 kontorens
671 1240 102 21 fortsatta
793 1240 144 25 verksamhet,
962 1243 32 17 ut-

231 1275 83 20 seende
337 1274 25 21 af
381 1274 222 21 diskontkomiterade
618 1275 36 20 vid
670 1274 234 27 afdelningskontoren,
921 1274 74 22 besät-

231 1308 68 22 tande
315 1308 24 21 af
346 1308 124 27 ledigblifna
481 1308 189 27 ledamotsplatser
680 1310 6 19 i
698 1309 141 24 direktionen,
852 1309 143 26 upptagande

232 1343 25 21 af
269 1342 112 22 utländskt
396 1342 34 21 län
445 1342 33 20 för
493 1342 41 20 den
549 1342 109 27 betydligt
677 1343 130 27 nedgångna
823 1342 120 21 metalliska
958 1350 37 13 va-

232 1377 71 21 lutans
319 1376 151 22 förstärkande
484 1384 28 13 m.
528 1376 19 21 fl.
564 1376 47 21 icke
626 1378 73 20 vunnit
716 1378 31 19 sin
763 1377 91 27 lösning.

303 1411 44 21 Vid
370 1410 115 22 förstärkte
507 1410 202 28 bankfullmäktiges
734 1411 159 21 sammanträde
916 1411 42 20 den
982 1417 12 14 2

232 1444 42 28 maj
294 1446 52 26 1892
362 1444 119 21 handlades
496 1445 74 27 frågan
586 1445 112 27 angående
714 1445 38 21 det
764 1446 123 20 förfarande
898 1447 97 19 tullmak-

305 1486 136 15 Bankutskottets
454 1485 102 16 betänkande
568 1485 34 16 N:o
612 1490 19 15 5.
