1103 1700
187 218 35 22 87

196 1395 33 23 88

305 216 114 22 Alltsedan
433 211 79 33 nådiga
528 212 141 32 reglementet
683 216 36 22 för
733 216 106 22 Finlands
849 216 148 22 Bank'af'den

236 252 27 20 26
286 251 44 21 Juli
351 252 54 20 1875
421 250 75 22 trädde
512 252 6 20 i
534 251 99 27 gällande
649 252 58 20 kraft
723 252 38 20 har
776 251 97 21 bankens
889 251 108 22 direktion

234 286 93 28 utgjorts
343 286 22 20 af
381 293 27 13 en
423 285 131 21 ordförande
571 286 41 20 och
629 286 38 21 tvä
677 286 123 21 ledamöter.
831 285 71 21 Scdan
921 285 77 21 nämda

234 319 104 29 tidpunkt
358 319 39 21 har
418 319 116 21 emellertid
551 319 96 21 bankens
663 320 80 21 rörelse
758 320 86 21 tillväxt
858 320 8 21 i
880 320 43 28 hög
938 319 59 29 grad.

236 354 248 28 Afdelningskontorens
509 354 57 20 antal
588 354 39 20 har
645 354 62 21 ökats
723 354 48 21 frän
787 355 33 27 sju
836 354 32 21 till
883 354 47 26 tolf,
945 354 52 21 ban-

235 388 54 21 kens
312 388 128 21 länerörelse
463 388 143 27 fördubblats,
628 388 78 21 ombud
724 389 92 27 antagits
832 388 28 28 pä
875 388 50 21 flere
941 391 58 19 orter

235 423 7 20 i
265 422 98 21 utlandet
386 422 40 21 och
448 422 98 21 bankens
575 422 141 21 inkassoaffär
746 422 85 21 erhällit
860 424 68 19 större
953 430 45 13 om-

236 456 54 28 fäng
312 458 27 19 än
360 456 50 21 förr.
442 456 149 26 Direktionen,
617 456 62 22 hvars
705 456 149 22 medlemmars
879 456 32 21 tid
933 457 64 27 tagits

236 491 31 21 alt
290 498 57 14 mera
369 491 7 20 i
399 490 93 29 anspräk
516 490 22 21 af
562 490 26 21 de
604 490 92 29 löpande
711 491 124 27 göromälen
851 490 36 22 vid
904 490 94 22 hufvud-

236 525 107 26 kontoret,
366 525 38 21 har
425 524 101 22 särskildt
542 524 76 22 endast
634 525 47 21 med
698 527 78 19 största
792 525 110 28 svärighet
917 525 82 21 kunnat

237 566 55 21 egna
310 559 41 22 den
367 559 126 28 tilltagande
508 559 96 22 rörelsen
620 559 36 22 vid
673 560 105 21 kontoren
794 560 7 21 i
817 559 124 22 landsorten
956 559 42 22 den

236 601 126 21 noggranna
377 593 93 22 kontroll
483 593 123 22 densamma
619 594 141 28 ovilkorligen
773 594 103 28 päkallar.
906 594 93 21 Beteck-

237 628 71 21 nande
332 629 7 20 i
362 627 59 22 detta
443 628 103 21 afseende
562 630 23 19 är
600 631 36 23 alt,
652 628 27 29 pä
695 631 43 18 sätt
753 629 136 20 revisorerna
905 628 22 21 af
943 629 54 20 1892

238 662 34 21 års
288 662 145 29 räkenskaper
447 662 123 27 framhållit,
586 662 68 21 under
664 663 67 28 sagda
742 663 28 26 är,
783 663 127 27 visserligen
920 663 78 28 jemväl

237 696 109 21 beroende
368 696 28 29 på
411 696 107 28 tillfälliga
534 697 196 21 sammanstötande
746 697 189 28 omständigheter,
951 696 47 21 icke

238 733 31 18 ett
285 731 55 21 enda
355 731 24 20 af
394 731 95 20 bankens
505 731 201 28 afdelningskontor
721 731 83 21 kunnat
819 731 23 21 af
857 731 70 28 någon
940 730 59 21 med-

237 765 43 20 lem
296 766 7 20 i
320 765 134 21 direktionen
470 765 140 28 inspekteras.

308 799 10 21 I
348 799 140 21 betraktande
511 799 23 21 af
557 799 90 22 anförda
670 799 184 28 omständigheter
876 799 68 21 finner
965 802 34 18 ut-

239 833 82 21 skottet
343 841 27 13 en
394 833 146 27 förstärkning
555 833 23 21 af
593 833 184 22 arbetskrafterna
792 835 58 20 inom
864 835 135 20 direktionen

239 868 136 27 synnerligen
393 867 97 28 behöflig.
512 868 142 21 Direktionen
669 868 42 21 och
723 868 194 27 bankfullmäktige
934 867 66 22 hafva

239 903 7 20 i
269 902 60 21 detta
353 902 101 21 afseende
477 902 112 28 föreslagit
611 905 32 18 att
658 902 37 21 vid
712 903 85 20 banken
814 902 68 21 skulle
898 902 101 21 anställas

239 943 27 14 en
282 936 69 28 fjerde
367 936 99 26 direktör,
479 936 64 21 hvars
554 936 168 28 hufvudsakliga
733 936 115 29 åliggande
859 936 69 21 skulle
939 936 61 21 bestå

239 971 32 20 uti
287 971 121 20 kontrollen
423 971 23 20 af
461 971 104 20 kontoren
582 972 6 19 i
603 971 131 26 landsorten,
746 979 50 13 men
807 971 88 21 hvilken
908 971 92 20 embets-

239 1013 56 18 man,
314 1005 27 20 då
357 1005 40 21 han
414 1005 47 21 icke
477 1012 51 14 vore
545 1005 63 21 stadd
624 1005 28 29 på
666 1005 203 28 inspektionsresor,
885 1005 53 28 egde
954 1007 45 19 säte

239 1039 42 21 och
297 1041 90 19 stämma
402 1040 6 20 i
424 1039 134 21 direktionen
574 1043 55 17 samt
644 1039 69 22 skulle
729 1039 86 28 deltaga
827 1040 7 20 i
845 1039 49 21 dess
907 1039 93 21 arbeten.

239 1073 150 22 Bemärkande
412 1077 31 18 att
465 1073 69 22 denne
557 1073 69 29 fjerde
649 1073 96 22 direktör
767 1074 67 21 äfven
857 1073 77 21 mellan
955 1074 46 20 sina

240 1108 68 21 besök
325 1108 35 21 vid
377 1108 104 21 kontoren
497 1107 67 22 borde
580 1116 54 20 egna
650 1108 116 21 kontorens
783 1111 113 25 rapporter
907 1115 25 14 en
944 1115 57 14 mera

241 1142 148 29 systematiskt
415 1142 126 28 genomförd
565 1142 94 22 kontroll
681 1144 26 20 än
733 1142 49 21 med
809 1142 41 21 den
878 1142 123 21 nuvarande

241 1177 160 28 arbetsstyrkan
417 1178 7 20 i
436 1176 133 22 direktionen
580 1177 83 21 kunnat
673 1177 164 28 ifrågakomma,
848 1176 39 21 har
897 1176 105 22 utskottet

241 1215 72 18 ansett
327 1212 33 27 sig
376 1212 6 20 i
398 1212 41 20 allo
455 1211 51 21 böra
522 1211 107 29 tillstyrka
644 1211 170 28 godkännandet
826 1211 23 21 af
860 1211 66 28 sagda
937 1211 65 21 fram-

241 1246 102 27 ställning
359 1246 89 20 likasom
464 1245 64 21 äfven
544 1245 104 28 förslaget
663 1248 32 18 att
710 1246 99 21 bemälde
827 1245 69 28 fjerde
907 1245 96 21 direktör

240 1280 75 21 blefve
337 1280 28 28 på
384 1282 59 18 extra
458 1282 43 18 stat
516 1279 89 22 anstäld.
635 1280 139 21 Beträffande
791 1280 158 27 benämningen
965 1279 38 21 har

241 1314 108 21 utskottet
371 1316 70 19 ansett
463 1314 114 28 uttrycken
592 1314 106 21 ordinarie
719 1314 40 21 och
776 1314 28 28 på
820 1316 61 19 extra
896 1316 43 18 stat
954 1314 48 21 sak-

241 1348 95 28 enligare
352 1350 26 18 än
395 1348 55 21 äldre
464 1348 40 21 och
514 1356 72 20 yngre.

312 1382 46 22 Vid
376 1383 53 20 1891
446 1382 34 21 års
491 1382 103 28 landtdag
604 1382 96 28 föreslog
711 1382 172 26 bankutskottet,
895 1382 29 28 på
936 1382 67 21 bank-

242 1416 147 28 follmäktiges
405 1416 156 28 framställning
576 1419 37 21 att,
622 1418 51 19 enär
681 1417 160 27 omsättningen
850 1416 36 21 vid
895 1416 26 21 de
931 1417 72 27 provi-

243 1450 85 22 soriska
343 1451 104 21 kontoren
462 1450 6 21 i
484 1450 124 28 Jyväskylä,
624 1450 32 22 S:t
670 1450 81 22 Michel
764 1450 42 22 och
820 1450 118 22 Sordavala
948 1451 57 20 varit

312 1490 144 18 Bankutskottets
469 1490 19 18 be
496 1490 83 18 änkande
591 1490 37 18 N:o
641 1491 17 17 2.
