1103 1700
763 142 27 21 47

67 199 91 27 mäktige
177 200 38 24 att,
234 198 53 21 efter
302 198 115 27 behörigen
433 199 104 27 kungjord
552 199 162 27 ansökningstid
730 199 24 21 af
767 199 52 21 fem-

65 234 67 20 tiosex
147 233 72 27 dagar,
235 235 95 25 uppgöra
345 233 142 27 underdånigt
501 233 80 27 förslag
596 233 40 21 och
652 233 66 27 derpå
729 234 90 27 uppföra

65 270 32 18 tre
113 267 22 21 af
148 267 122 21 sökandena
284 267 7 21 i
307 268 40 20 den
363 268 96 27 ordning,
474 267 132 27 fullmäktige
621 267 58 21 finna
689 268 49 20 dem
750 268 69 21 skick-

65 302 41 26 lige
121 301 40 21 och
177 301 84 21 erfarne
275 304 56 18 samt
346 302 33 20 till
394 302 93 20 embetet
502 302 106 26 lämplige.
630 302 120 27 Förslaget,
761 302 58 22 öfver

65 336 81 20 hvilket
169 336 76 20 besvär
265 336 18 26 ej
302 335 21 21 få
341 336 92 26 anföras,
452 336 99 21 insändes
566 336 33 20 till
614 336 104 21 Senatens
734 336 85 21 Ekono-

65 370 194 27 miedepartement,
276 376 45 15 som
337 370 90 28 afgifver
442 370 142 26 underdånigt
599 370 112 22 utlåtande
725 371 7 20 i
742 371 76 25 ämnet,

65 404 106 22 hvarefter
190 404 59 22 Hans
264 404 119 28 Kejserliga
399 405 100 27 Majestät
515 407 111 19 utnämner
642 411 25 15 en
685 404 23 22 af
722 405 27 21 de
764 405 55 21 före-

65 439 78 27 slagne.
518 461 3 3 .

133 473 72 27 Yngre
222 473 119 21 ledamoten
361 473 112 22 förordnas
492 474 39 21 och
546 474 117 27 entledigas
679 474 23 21 af
717 474 102 22 Senatens

65 508 118 21 Ekonomie
198 508 151 26 Departement
365 508 27 27 på
407 508 205 27 Bankfullmäktiges
628 508 161 27 framställning.

417 577 47 28 88.

133 623 86 21 Banken
234 623 39 21 har
288 623 37 21 sitt
339 623 159 22 hufvudkontor
513 623 7 21 i
535 623 132 27 Helsingfors
684 625 55 20 samt
754 624 64 21 afdel-

64 657 137 27 ningskontor
223 657 7 21 i
253 651 54 32 Åbo,
326 657 87 27 Viborg,
432 657 141 27 Nikolaistad,
593 657 114 28 Uleåborg,
727 657 91 28 Kuopio,

64 691 138 28 Björneborg,
217 691 148 27 Tammerfors,
379 692 103 26 Joensuu,
495 692 121 27 Jyväskylä,
630 691 31 22 S:t
672 692 85 26 Michel,
770 692 48 21 Sor-

64 726 81 26 davala,
161 725 72 22 Kotka
249 726 40 21 och
305 726 32 21 S:t
351 726 137 27 Petersburg.

133 760 40 21 Om
194 760 140 27 provisoriskt
354 761 122 21 inrättande
496 761 51 20 eller
568 761 126 26 indragning
713 761 23 21 af
752 760 66 22 afdel-

64 795 139 26 ningskontor
224 795 28 26 pä
277 795 67 21 andra
362 797 27 18 än
409 795 155 21 ofvannämnda
584 796 56 20 orter
655 795 113 22 förordnar
782 795 37 21 Se-

64 832 74 19 natens
167 829 267 27 Ekonomiedepartement
463 829 28 27 pä
520 829 205 27 Bankfullmäktiges
755 829 63 22 fram-

64 863 105 27 ställning.

411 921 25 21 17
452 921 18 27 $.

131 972 102 21 Förutom
249 972 6 21 i
271 972 25 21 de
311 973 31 20 uti
366 973 4 26 $
388 973 26 22 15
429 973 128 21 omnämnda
572 973 45 26 fall,
628 973 102 21 förhälles
741 973 7 20 i
758 973 60 26 fråga

65 1013 33 15 om
116 1007 89 27 ändring
224 1006 22 22 af
264 1007 58 21 detta
337 1007 129 26 reglemente
482 1007 65 28 enligt
562 1007 127 27 stadgandet
704 1007 7 21 i
727 1007 11 28 $
756 1008 25 21 11
797 1007 23 21 af

64 1041 77 27 nädiga
155 1041 155 26 förordningen,
326 1041 109 26 angäende
450 1042 103 26 styrelsen
568 1042 40 21 och
623 1041 158 28 förvaltningen
796 1042 23 21 af

64 1075 100 22 Finlands
179 1075 66 27 Bank,
261 1075 69 27 gifven
347 1075 39 22 den
402 1077 13 20 9
431 1076 118 21 December
565 1076 61 21 1867.

409 1145 28 21 32
452 1144 19 28 &.

132 1196 43 22 Det
192 1196 72 21 tillhör
282 1196 196 27 Bankfullmäktige
496 1198 32 20 att
546 1197 28 26 pä
588 1196 151 21 Direktionens
753 1196 63 21 fram-

64 1230 99 27 ställning
179 1231 128 21 bestämma:

132 1265 98 21 Bankens
253 1265 148 21 diskontränta
423 1267 56 19 samt
497 1266 159 20 räntesatserna
673 1264 34 22 för
726 1265 35 21 län
777 1265 39 21 och

63 1299 91 21 kreditiv
170 1299 108 21 äfvensom
293 1299 166 27 kreditivafgift
452 1295 10 35 ;

132 1334 83 26 längsta
233 1333 146 22 förfallotiden
397 1334 33 20 för
450 1334 32 20 in-
500 1334 39 21 och
557 1334 114 20 utländska
690 1334 72 20 vexlar
778 1333 37 21 och

64 1368 66 22 andra
144 1368 157 27 kreditpapper,
317 1374 45 15 som
377 1368 8 21 i
403 1368 86 21 banken
508 1368 140 26 diskonteras,
664 1370 55 19 samt
734 1368 83 26 längsta

63 1403 64 26 tiden,
143 1402 27 27 pä
185 1402 85 22 hvilken
285 1402 35 22 län
336 1402 39 22 och
390 1402 92 22 kreditiv
497 1402 35 22 mä
546 1402 24 22 af
583 1402 88 22 Banken
688 1402 98 27 beviljas;

131 1437 95 21 vilkoren
245 1436 38 22 och
302 1437 135 27 provisionen
455 1437 34 21 för
503 1437 137 21 förvarandet
654 1437 23 21 af
691 1438 71 26 öppna
777 1437 38 21 och

64 1471 70 21 slutna
149 1471 152 27 depositioner;
317 1473 55 19 samt
