1103 1700
268 124 13 21 2
586 126 72 21 XXIX

251 198 23 22 3.
305 199 79 22 Fonden
399 200 33 21 för
447 200 109 22 utöfvande
572 200 22 22 af
609 200 84 22 kontroll
709 202 57 21 öfver
782 203 109 20 utländska
906 202 80 22 törsäk-

399 240 170 28 ringsanstalters
585 241 129 22 verksamhet
730 242 5 20 i
753 242 88 21 Finland.

307 296 77 18 Jemlikt
407 296 5 23 $
430 297 11 17 8
460 296 5 18 i
484 302 16 12 n.
519 296 123 23 kungörelsen
660 297 35 18 den
715 299 19 16 11
748 297 45 18 Juni
807 299 49 21 1891,
869 298 93 22 angående
975 298 26 18 de

236 330 67 22 vilkor,
316 330 57 18 under
385 330 63 18 hvilka
461 330 100 19 utländska
573 331 208 23 försäkringsanstalter
793 332 29 18 mä
834 332 5 18 i
848 332 80 18 Finland
936 332 61 18 drifva

236 365 192 23 försäkringsrörelse,
446 365 71 23 äligger
529 365 31 18 det
572 366 187 22 försäkringsanstalt
770 368 30 16 att
812 367 29 17 till
854 366 31 18 det
897 367 30 17 för
939 366 57 18 öfver-

236 400 85 18 vakande
339 399 21 19 af
376 400 103 18 anstaltens
497 400 117 18 verksamhet
626 400 6 18 i
645 400 62 18 landet
719 400 21 18 af
751 400 105 24 Kejserliga
868 401 80 18 Senaten
960 401 36 18 för-

236 434 83 18 ordnade
337 434 96 23 offentliga
444 434 67 18 ombud
523 435 84 18 utbetala
620 434 35 19 den
667 436 108 22 ersättning,
789 435 80 19 Senaten
881 436 114 18 bestämmer.

236 468 61 19 Dessa
308 469 159 23 kontrollafgifter
479 469 110 18 inlevereras
602 470 21 18 af
634 469 232 23 försäkringsanstalterna
875 470 30 18 till
913 470 83 23 Nylands

236 503 43 18 läns
297 504 74 22 ränteri,
389 503 75 19 hvarest
481 504 71 18 medlen
569 504 89 18 bokföras
675 504 60 18 säsom
752 510 23 12 en
788 504 81 18 särskild
881 504 45 18 fond
939 504 57 18 under

236 538 118 18 förestäende
366 538 114 23 benämning.

373 631 22 21 4.
421 631 187 28 Hangö—Hyvinge
622 631 233 28 jernvägsmedelsfond.

305 687 64 18 Denna
381 687 50 22 fond,
438 693 38 12 som
489 687 72 18 tillkom
573 687 35 18 den
620 689 11 16 6
643 687 43 18 Juni
700 688 50 21 1872,
762 687 84 18 bildades
859 687 21 18 af
890 687 64 22 medel,
968 687 26 18 in-

235 722 106 18 levererade
359 721 21 19 af
396 722 116 18 direktionen
525 721 29 18 för
566 721 172 24 Hangö—Hyvinge
748 722 78 23 jernväg
838 722 30 17 för
879 721 113 19 bekostande

234 756 22 18 af
267 755 106 24 inspektion
385 755 41 18 från
439 757 71 16 statens
522 755 41 18 sida
575 755 21 18 af
606 755 78 19 nämnde
694 751 84 27 jernväg.
798 755 133 24 Tillgängarna
939 756 6 17 i
954 756 40 17 fon-

234 790 43 22 den,
294 795 38 14 som
350 791 56 18 sedan
424 791 21 17 är
464 791 44 18 1876
520 791 121 18 oförändradt
653 791 71 22 utgjort
737 792 49 21 1,725
798 791 58 22 mark,
869 790 55 19 hafva
936 791 58 22 enligt

234 825 314 23 Kommunikationsexpeditionens
568 827 29 16 till
617 830 114 18 guvernören
750 825 6 18 i
776 825 84 23 Nylands
878 825 31 18 län
924 824 69 19 ailäina

234 859 99 19 skrifvelse
345 859 35 18 den
392 861 22 16 22
426 859 100 19 December
538 861 44 17 1893
595 860 99 18 öfverförts
706 860 29 17 till
748 859 117 23 deponerade
877 859 58 18 medel
948 859 6 17 i
966 859 26 18 lä-

234 896 43 16 nets
289 894 74 18 ränteri,

333 959 20 21 5.
383 958 74 22 Simola
473 954 174 36 —-Willmanstrand
662 958 232 27 jernvägsmedelsfond.

304 1014 66 18 Bildad
388 1014 35 18 den
441 1015 22 17 17
480 1014 102 18 November
600 1015 45 17 1880
662 1015 21 17 af
696 1015 64 21 medel,
774 1020 38 13 som
824 1014 35 18 den
872 1014 29 18 för
913 1014 79 18 nämnda

232 1049 51 18 bana
301 1049 78 18 utsedda
395 1049 92 18 direktion
499 1049 110 18 inlevererat
620 1049 30 18 till
662 1049 90 18 ränteriet
767 1049 2 18 i
782 1049 83 23 Nylands
878 1049 30 18 län
921 1049 29 17 för
961 1048 33 19 be-

233 1083 97 19 stridande
346 1083 21 18 af
377 1083 125 18 kostnaderna
514 1083 30 18 för
556 1084 153 23 statsinspektion
721 1084 21 18 af
753 1084 60 17 denna
823 1083 168 24 jernvägssträcka,

231 1118 37 18 har
287 1118 78 18 fondens
385 1117 110 24 behällning,
520 1123 38 13 som
576 1118 91 18 alltsedan
685 1118 21 18 är
725 1119 44 17 1882
785 1118 63 23 belöpt
866 1118 29 23 sig
913 1118 30 18 till
955 1118 38 18 430

232 1153 60 22 mark,
305 1158 75 13 numera
393 1152 97 18 öfverförts
502 1153 29 17 till
545 1152 115 24 deponerade
671 1153 59 18 medel
742 1153 6 17 i
760 1152 149 18 landtränteriet.

385 1245 20 21 6.
436 1244 158 28 Borgä—Kervo
609 1245 231 27 jernvägsmedelsfond.

301 1301 9 17 I
329 1301 59 18 likhet
407 1301 41 18 med
466 1301 122 18 nästnämnda
607 1303 66 16 tvänne
692 1301 66 18 fonder
775 1301 35 18 har
821 1300 60 18 denna
893 1300 45 18 fond
952 1300 39 18 till-

230 1335 79 18 kommit
321 1336 103 22 derigenom
436 1337 29 17 att
476 1336 23 18 de
510 1336 64 22 medel,
587 1342 38 12 som
637 1336 6 18 i
656 1336 33 18 och
707 1336 30 18 för
751 1336 114 18 bekostande
879 1336 20 18 af
912 1336 77 23 behörig

231 1370 106 22 inspektion
357 1370 117 18 inlevererats
491 1370 29 18 till
538 1371 142 18 landtränteriet
697 1371 21 18 af
735 1371 117 18 direktionen
864 1370 29 18 för
905 1370 84 23 Borgä—

230 1404 63 18 Kervo
304 1404 82 23 jernväg,
398 1404 62 18 blifvit
473 1405 89 17 särskilät
574 1405 95 18 bokförda.
688 1405 82 21 Fonden,
782 1410 38 13 som
833 1405 83 18 förvaras
929 1405 6 17 i
947 1406 42 16 rän-

228 1438 59 18 teriet
299 1438 56 19 sedan
366 1439 22 18 är
400 1440 50 21 1872,
462 1439 68 19 anlitas
542 1440 115 18 fortfarande
668 1441 30 17 för
709 1442 34 16 sitt
754 1442 93 17 ändamä!.
