1103 1700
255 141 14 21 8
488 140 30 23 U.
534 140 27 23 B.
578 154 27 3 —
621 141 107 23 XXXII.

227 212 111 30 sökning
357 212 73 22 öfver
448 213 76 22 sättet
541 212 99 29 hvarpä
660 213 94 29 nödiga
773 213 82 22 medel
869 212 39 23 för
921 214 71 21 stats-

227 247 140 29 utgifterna
385 247 88 22 kunna
493 247 131 22 anskaffas
644 248 53 21 icke
717 254 63 16 vara
799 247 96 22 bundet
915 248 25 21 af
958 249 34 20 ett

228 281 244 27 ständeruttalande,
502 288 53 16 som
582 288 54 16 mer
655 283 32 21 än
706 282 194 22 förhällandena
923 282 69 29 gifva

229 316 138 29 anledning
380 316 44 26 till,
435 316 106 22 betonar
553 316 116 22 bankens
679 316 78 22 behof
769 318 128 27 gentemot
913 316 79 22 andra

228 350 169 28 synpunkter,
421 350 119 22 hvarföre
560 351 51 29 jag,
632 351 160 22 hänvisande
811 350 40 22 till
870 351 69 22 hvad
957 353 36 19 ut-

229 384 95 24 skottet
347 385 8 21 i
375 384 42 22 sitt
435 385 161 22 betänkande
617 385 47 22 N:o
683 386 15 21 2
718 386 90 22 uttalat
828 385 165 22 beträffande

228 420 117 22 bankens
365 419 97 27 fonder,
482 420 40 22 fär
540 420 132 22 vördsamt
690 420 93 22 föreslä

508 490 37 20 att
564 488 147 23 Ständerna
729 489 61 22 ville
809 489 58 22 med
880 488 112 29 godkän-

439 523 86 22 nande
552 523 10 21 i
590 523 79 29 öfrigt
695 523 33 22 af
756 523 131 23 Utskottets
909 523 84 22 betän-

438 557 84 23 kande
542 557 115 23 förkasta
680 558 132 23 Utskottets
830 557 38 29 pä
889 557 50 23 sid.
969 558 22 22 3.

439 592 127 29 ingäende
584 593 136 21 uttalande
732 599 42 16 om
790 593 203 21 önskvärdheten

440 628 36 21 att
488 626 180 23 reservfonden
677 628 105 21 snarast
794 627 103 28 möjligt
909 627 84 22 kunde

439 661 161 28 uppdringas
620 661 41 22 till
679 661 42 22 det
739 661 33 22 af
787 661 147 22 Ständerna
949 661 45 22 vid

440 697 98 20 senaste
558 695 128 30 landtdag
706 696 135 22 bestämda
861 695 90 29 belopp
966 695 31 22 af

441 730 177 26 15,000,000
636 730 75 22 mark
729 731 46 21 och
789 731 38 21 att
844 730 86 21 derför
946 730 48 22 den

440 765 82 21 under
546 764 62 22 åren
633 765 183 22 1894—1896
832 764 162 29 uppstäende

440 799 169 22 bankvinsten
628 799 77 22 borde
718 799 42 22 till
772 799 78 22 nästa
864 799 130 28 landtdag

441 833 81 22 blifva
550 833 10 22 i
588 833 100 22 banken
707 833 174 23 innestående.

692 900 24 22 J.
732 900 37 22 W.
785 899 140 28 Runeberg.

303 965 95 22 Härom
417 965 87 22 förena
523 965 49 29 sig:

230 1031 65 22 Axel
311 1031 169 22 Cedercreutz.
700 1032 55 22 Jarl
772 1032 26 21 A.
815 1031 29 22 R.
861 1031 132 28 Lindberg.

230 1088 89 23 Vietor
334 1088 132 23 Forselius.
697 1089 65 22 Emil
780 1089 180 28 Schybergson.

514 1146 44 23 Th.
577 1146 139 28 Wegelius.

339 1481 4 1 i
356 1481 9 2 —
375 1477 118 40 Helsingfors,
498 1478 115 39 Helsingfors
630 1478 163 40 Central-Tryckeri
807 1481 85 27 1894.
