1103 1700
333 122 76 23 Ständ.
426 123 50 22 Skr.
493 136 27 2 —
536 123 90 22 XXXII.
802 124 28 21 23

169 188 220 22 Hufvudkontorets
405 188 165 29 vexelportfölj
583 188 104 22 förvaras
698 188 74 22 under
783 188 75 22 direk-

99 223 94 21 tionens
209 222 114 22 särskilda
337 222 57 22 vård
409 223 8 21 i
433 222 53 22 dess
501 222 141 28 kassahvalf,
658 223 37 21 till
706 223 92 21 hvilket
808 223 50 21 ord-

99 257 114 22 föranden
224 257 43 22 och
277 264 28 14 en
316 257 26 21 af
350 257 158 21 ledamöterna
518 257 127 21 innehafva
655 257 59 21 hvar
722 258 35 21 sin
766 258 92 28 nyckel.

169 292 110 22 Bankens
300 292 152 27 skuldsedlar,
472 294 84 26 panter
572 292 44 21 och
631 292 228 21 säkerhetshandlin-

99 334 41 21 gar
156 328 36 20 stå
207 326 40 21 vid
262 326 201 22 hufvudkontoret
478 326 74 22 under
562 326 73 22 förste
646 327 158 21 kamrerarens
816 326 43 22 och

100 362 41 21 vid
166 361 249 28 afdelningskontoren
437 361 75 21 under
534 361 190 21 kommissariens
744 361 56 21 vård
816 361 42 21 och

100 396 84 28 tillsyn
200 397 60 19 samt
275 395 104 21 förvaras
394 396 9 20 i
417 395 121 22 brandfria
553 395 71 28 hvalf,
640 396 96 21 hvartill
751 403 43 14 ena
804 402 55 22 nyc-

100 430 56 22 keln
172 430 207 22 omhänderhafves
396 430 26 21 af
433 438 88 14 samma
536 430 131 22 kamrerare
682 430 57 22 eller
749 430 110 21 kommis-

99 465 60 21 sarie
181 464 42 22 och
242 464 44 22 den
305 464 72 22 andra
391 465 41 21 vid
446 465 204 21 hufvudkontoret
665 465 25 21 af
703 464 155 22 öfverkamre-

99 506 68 14 raren
185 500 43 21 och
247 499 40 21 vid
306 499 250 29 afdelningskontoren
572 500 26 21 af
610 500 118 22 kassören.
757 500 34 21 På
806 506 52 14 ena-

100 533 77 22 handa
199 536 47 19 sätt
265 533 103 22 förvaras
389 534 40 21 vid
448 534 203 22 hufvudkontoret
665 534 105 21 bankens
786 534 72 21 sedel-

100 569 134 21 blanketter
257 569 42 21 och
320 569 40 21 vid
380 569 250 28 afdelningskontoren
644 569 117 21 derstädes
776 569 82 21 befint-

99 603 49 28 liga
162 603 87 21 vexlar.

170 632 81 34 Öppna
267 638 43 21 och
326 639 77 20 slutna
419 638 164 29 depositioner,
600 645 49 14 som
660 638 92 21 banken
762 638 9 21 i
781 638 78 21 förvar

101 673 129 28 emottagit,
247 673 36 21 stå
297 673 74 21 under
386 675 118 19 närmaste
519 673 83 28 tillsyn
618 673 42 21 och
675 672 58 22 vård
747 672 26 21 af
784 671 74 22 öfver-

100 706 154 29 kamreraren,
271 707 43 22 och
329 707 105 22 förvaras
450 708 35 21 uti
502 708 111 21 särskildt
628 707 70 28 hvalf,
710 707 96 22 hvartill
816 713 43 14 ena

102 741 104 28 nyckeln
226 742 209 22 omhänderhafves
458 743 26 21 af
505 743 87 21 honom
614 742 43 21 och
681 742 44 21 den
745 741 72 22 andra
835 741 27 21 af

100 776 183 22 öfverkassören.

169 811 54 21 Alla
246 812 151 28 uttagningar
420 811 54 22 från
498 811 43 22 och
559 811 157 28 insättningar
731 811 8 20 i
754 809 105 22 hvalfvet

101 845 25 21 af
139 846 130 28 penningar
288 846 56 21 eller
359 846 124 29 omyntadt
497 846 57 29 guld
570 846 57 21 eller
642 846 81 21 silfver
738 845 66 22 skola
818 844 41 22 vid

101 880 64 21 såväl
187 880 202 22 hufvudkontoret
412 888 50 14 som
482 881 250 28 afdelningskontoren
749 879 109 22 bokföras

100 914 8 21 i
125 921 26 14 en
169 914 8 21 i
193 914 104 22 hvalfvet
312 914 109 23 förvarad
435 915 173 28 hvalfsspecial.

169 949 36 21 De
226 949 25 22 af
269 949 102 22 bankens
392 950 99 21 embets-
507 950 43 21 och
566 949 146 29 tjenstemän,
729 956 49 15 som
794 949 65 21 inne-

101 983 70 22 hafva
190 984 99 28 nycklar
307 984 38 21 till
363 984 107 21 bankens
489 984 68 21 hvalf
574 984 56 21 eller
648 983 132 29 kassaskåp,
796 983 62 27 böra,

101 1025 37 14 om
161 1018 28 21 de
212 1017 108 30 aflägsna
343 1019 36 28 sig
397 1019 52 21 från
466 1019 88 27 staden,
574 1019 143 21 öfverlemna
732 1018 127 29 nycklarna

101 1052 75 22 under
199 1053 130 28 försegling
351 1053 37 21 till
412 1061 78 14 annan
513 1053 105 22 bankens
641 1054 13 20 å
671 1055 67 20 orten
752 1052 106 22 vistande

102 1087 141 28 tjensteman
259 1087 60 22 efter
334 1087 162 22 direktionens
512 1087 180 22 bestämmande.

444 1142 29 21 40
488 1142 20 26 8.

170 1186 155 22 Kassörernas
346 1186 40 22 vid
404 1187 202 21 hufvudkontoret
621 1187 144 21 handkassor
780 1186 79 21 äfven-

101 1228 49 14 som
166 1221 174 22 handkassorna
355 1221 43 21 och
414 1221 113 22 hvalfven
542 1221 40 22 vid
596 1221 105 22 bankens
717 1220 142 29 afdelnings-

101 1256 86 22 kontor
209 1256 43 21 och
276 1258 125 26 agenturer
424 1256 67 21 skola
513 1256 133 21 inventeras
663 1256 72 21 minst
752 1263 29 13 en
796 1256 64 28 gång

101 1290 82 29 hvarje
203 1290 89 28 månad,
314 1290 178 22 handkassorna
510 1290 41 22 vid
569 1290 245 22 hufvudkontoret'
788 1285 24 38 af
826 1289 33 21 di-

101 1324 137 22 rektionens
254 1324 139 22 ordförande
410 1325 58 21 eller
483 1325 45 21 den
544 1324 25 22 af
581 1324 163 28 ledamöterna,
762 1331 48 15 som
826 1324 34 21 di-

100 1359 123 21 rektionen
242 1358 78 22 dertill
337 1362 70 25 utser,
428 1360 113 21 kassorna
556 1360 40 21 vid
610 1359 249 29 afdelningskontoren

101 1393 57 22 eller
173 1396 155 26 agenturerna
343 1394 26 21 af
383 1394 145 22 komiterade
542 1394 56 22 eller
608 1394 72 21 andra
690 1394 170 28 inventerings-

100 1431 62 24 män,
179 1436 49 14 som
245 1428 25 22 af
282 1428 215 29 bankfullmäktige
512 1428 177 22 tillförordnats.
