1103 1700
176 514 10 23 8
196 514 25 23 30

175 721 10 22 8
197 721 22 18 32

175 1175 10 22 8
198 1174 21 17 34

175 1243 10 23 8
197 1243 23 17 39

266 138 26 20 10
503 138 27 22 U.
544 138 26 22 B.
588 152 23 2 —
629 139 103 21 XXXII

234 206 83 21 skottet
335 206 129 22 'bibehällna
478 207 169 29 formuleringen
663 208 69 28 enligt
744 208 118 21 utskottets
877 209 65 20 tanke
958 210 39 19 bör

234 240 71 22 tolkas
321 241 90 21 sälunda
427 245 30 18 att
473 242 225 28 bankförvaltningen,
714 242 72 22 derest
800 242 131 28 guldkassan
943 241 53 21 ned-

234 274 48 28 gätt
296 275 69 21 under
380 276 100 28 stadgadt
498 276 84 28 belopp,
597 276 48 22 icke
661 276 131 22 omedelbart
808 276 52 22 eller
875 276 71 21 förrän
962 275 34 21 sä-

235 308 54 22 dant
310 310 114 28 lämpligen
450 310 41 21 kan
508 310 38 22 ske
563 310 105 22 behöfver
683 311 73 21 skrida
771 311 33 21 till
820 310 74 28 ätgärd
910 310 34 21 för
959 317 37 13 an-

235 343 112 22 skaffande
363 344 24 21 af
402 344 36 21 det
453 344 110 22 bristande
578 345 107 29 beloppet.

305 378 133 28 Pröfningen
453 379 23 21 af
491 379 70 21 sedels
576 379 101 28 giltighet
691 379 29 21 dä
734 379 78 21 tvifvel
824 378 71 22 derom
907 377 89 30 uppstär

234 412 63 22 torde
312 416 51 18 utan
379 413 172 28 betänkligheter
566 414 73 20 kunna
654 414 48 20 frän
719 413 192 28 bankfullmäktige
928 412 27 29 pä
963 412 33 21 di-

234 446 114 22 rektionen
367 447 139 29 öfverflyttas,
521 448 139 28 hvarigenom
676 448 118 28 omgängar
809 447 41 21 och
865 446 130 28 tidsutdrägt

234 481 70 21 skulle
320 481 101 29 besparas
437 482 149 21 allmänheten.

305 516 36 20 Då
356 516 108 28 uttrycket
481 524 58 13 «som
556 516 113 21 exekutivt
683 516 112 27 försäljes»
813 516 101 28 möjligen
923 514 71 22 kunde

234 558 64 13 anses
324 550 49 21 icke
389 550 111 29 inbegripa
515 550 128 29 försäljning
658 550 28 29 på
701 550 193 26 konkursauktion,
909 550 38 21 har
962 552 33 18 ut-

234 585 83 20 skottet
337 588 71 17 ansett
428 586 32 27 sig
481 585 51 21 böra
548 585 60 28 gifva
625 585 70 21 denna
712 586 12 26 $
740 593 26 12 en
782 584 49 21 med
845 583 128 29 stadgandet
988 584 7 20 i

234 620 13 27 8
269 620 13 20 6
305 619 23 21 af
350 619 78 28 nådiga
453 619 153 28 förordningen
631 619 41 22 den
697 621 26 20 10
746 620 40 27 maj
814 620 54 20 1886
884 617 111 29 angående

234 653 145 27 bankrörelse,
405 661 44 14 som
473 654 23 21 af
520 654 64 27 bolag
603 654 67 26 idkas,
686 661 57 14 mera
759 652 235 23 öfverensstämmande

233 687 148 29 formulering.

304 722 61 21 Inom
383 722 105 21 utskottet
502 723 38 20 har
555 722 102 29 påyrkats
673 725 31 18 att
719 723 139 28 provisionen
870 721 34 21 för
912 721 23 21 af
943 721 52 20 ban-

234 756 43 21 ken
303 757 134 28 ombesörjda
459 757 159 28 inkasseringar
640 758 6 19 i
669 757 94 28 enlighet
779 756 49 21 med
844 756 37 21 det
895 755 24 21 af
933 757 60 19 stän-

234 791 68 21 derna
319 791 38 21 vid
381 794 83 18 senaste
485 791 102 28 landtdag
603 795 92 24 antagna
710 791 132 28 reglemente
858 790 68 21 skulle
941 789 54 21 fast-

234 825 74 22 ställas
331 827 46 20 icke
400 828 23 19 af
445 825 192 22 bankdirektionen
661 829 51 18 utan
730 825 22 21 ai
768 825 199 26 baukfulimäktige,
982 823 13 21 &

233 859 76 22 hvilka
331 860 37 21 det
391 860 122 21 ankommer
534 863 32 18 att
586 860 117 21 bestämma
720 860 40 21 alla
776 859 70 28 öfriga
862 858 133 29 provisioner

234 894 41 21 och
299 895 66 20 andra
381 895 75 25 vilkor,
471 902 46 13 som
532 895 23 20 af
570 895 86 20 banken
673 897 109 25 gentemot
803 893 142 22 allmänheten
960 892 35 21 til-

234 928 88 29 lämpas.
342 929 113 21 Utskottet
470 929 38 20 har
516 929 56 21 dock
580 929 48 20 ieke
635 929 69 20 häruti
714 928 72 21 funnit
796 927 115 28 tillräcklig
922 926 73 22 anled-

234 963 53 28 ning
310 966 31 18 att
362 963 80 21 föreslä
466 963 90 28 ändring
572 964 5 19 i
594 963 207 27 bankfullmäktiges
817 970 28 13 nu
861 961 74 28 gjorda
951 961 44 21 för-

234 997 47 28 slag
309 1001 31 18 att
364 998 147 21 förstberörda
535 998 117 27 provision,
675 998 5 19 i
705 996 225 22 öfverensstämmelse
945 995 49 21 med

233 1031 86 22 härtills
334 1031 55 29 följd
405 1033 76 27 praxis,
497 1031 34 22 mä
546 1031 23 22 af
586 1031 136 22 direktionen
739 1032 135 21 bestämmas.

305 1067 48 20 Den
377 1066 173 28 omformulering
572 1066 22 21 af
614 1067 51 20 sista
690 1068 124 22 momentet,
830 1072 45 14 som
890 1064 106 21 utskottet

233 1100 100 29 vidtagit,
358 1103 24 18 är
406 1100 112 21 föranledd
541 1101 23 20 af
588 1100 41 21 den
656 1099 130 22 förändrade
807 1099 122 27 stilisering,
950 1105 45 14 som

232 1135 109 21 utskottet
356 1135 111 28 föreslagit
482 1135 34 21 för
532 1136 12 26 $
560 1136 18 20 2.

305 1170 75 21 Orden
398 1170 17 20 «i
431 1170 49 27 laga
502 1169 104 28 ordning»
624 1169 65 21 hafva
704 1169 71 21 såsom
791 1167 143 28 öfverflödiga
949 1170 46 18 ute-

233 1204 78 21 slutits.

304 1238 12 21 I
331 1238 222 21 öfverensstämmelse
576 1238 49 21 med
650 1238 115 21 utskottets
789 1237 82 27 förslag
886 1236 37 21 vid
939 1237 12 26 $
968 1236 25 21 51

232 1272 41 22 har
288 1273 62 21 ordet
365 1273 146 21 kommissarie
527 1273 81 28 utbytts
624 1276 45 18 mot
677 1272 191 22 öfverkamrerare.

293 1306 35 22 Då
343 1306 160 28 emottagandet
518 1308 7 19 i
540 1307 74 21 förvar
629 1306 36 22 vid
681 1306 204 28 afdelningskontor
897 1305 23 21 af
928 1304 67 22 hand-

233 1341 77 28 lingar,
330 1341 148 28 värdepapper
500 1341 41 21 och
564 1341 140 28 dyrbarheter
719 1340 86 21 medför
821 1339 122 29 betydande
959 1347 37 13 an-

233 1382 52 14 svar
308 1375 40 21 och
367 1376 44 20 risk
426 1375 34 21 för
476 1375 90 26 banken,
582 1383 62 13 anser
660 1375 105 21 utskottet
781 1374 38 21 det
833 1374 47 21 icke
897 1374 50 20 böra
963 1373 32 21 öf-

233 1409 122 21 verlemnas
379 1409 22 21 ät
423 1409 133 21 direktionen
574 1413 51 17 utan
642 1410 113 20 ankomma
771 1408 13 22 ä
800 1408 195 27 bankfullmäktige

233 1446 34 18 att
281 1444 30 28 pä
325 1443 147 22 direktionens
486 1443 158 29 framställning
657 1445 83 19 besluta
747 1442 108 22 huruvida
864 1442 133 28 afdeinings-

305 1484 143 17 Bankutskottets
461 1484 110 17 betänkande
584 1483 38 18 N:o
635 1484 17 17 2.
