1103 1700
243 137 80 23 Ständ.
340 138 54 22 Skr.
416 150 20 2 --
455 137 317 22 Alexandersmonumentet.
847 138 13 20 3

314 216 130 36 Förslag
465 216 48 30 till
534 216 177 30 ceremoniel

498 277 28 17 vid

178 323 133 28 högtidliga
326 323 148 21 aftäckandet
490 322 25 22 af
529 322 122 22 ärestoden
666 323 36 21 till
719 322 127 22 åminnelse

503 375 21 17 af

269 420 280 28 Kejsaren-Storfursten
565 420 136 22 Alexander
716 420 35 22 II.

338 484 170 28 Högtidligheten
526 484 102 27 begynner
645 484 7 21 i
666 484 172 27 Nikolaikyrkan,
854 484 36 20 der

269 519 39 21 bön
322 520 31 26 på
363 518 83 22 landets
457 519 55 21 båda
521 519 65 27 språk
593 519 103 26 förrättas
705 519 27 26 af
738 518 150 26 erkebiskopen.

269 553 60 22 Från
351 553 80 28 kyrkan
453 553 79 27 begifva
555 552 33 28 sig
612 553 120 22 Ständerna
748 553 8 21 i
768 553 121 26 procession

270 588 31 21 till
313 588 84 27 platsen
413 588 33 26 för
462 588 117 26 ärestoden,
596 588 36 21 der
647 588 24 21 de
686 587 100 28 inbjudne
800 587 89 21 emeller-

270 622 31 21 tid
315 622 111 27 församlat
440 623 40 26 sig,
496 623 80 26 hvarpå
591 621 82 22 Finska
681 621 209 28 gardesbataljonens

270 657 35 21 och
328 657 98 28 Nylands
441 657 103 27 bataljons
561 657 136 26 musikkårer,
713 657 116 26 förstärkta
844 657 47 20 med

269 692 102 26 manskap
385 692 52 27 från
452 692 68 21 andra
534 692 70 27 finska
619 691 125 28 bataljoners
753 691 136 26 musikkårer,

269 726 100 27 uppspela
385 733 25 14 en
425 725 63 28 hymn
504 728 55 19 samt
575 726 123 22 omedelbart
714 726 66 26 derpå
790 733 25 14 en
825 726 64 21 koral.

269 760 96 27 Derefter
380 761 81 21 vänder
476 761 33 26 sig
524 760 190 22 landtmarskalken
726 761 31 20 till
764 760 64 21 Hans
839 760 49 27 Kej-

269 795 76 28 serliga
365 795 104 28 Majestät
492 795 47 21 eller
562 795 46 25 den,
628 802 45 14 som
689 795 73 21 dervid
776 802 46 20 eger
836 795 54 26 förc-

269 829 62 22 träda
347 829 56 21 Dess
419 829 62 27 Höga
493 837 85 19 person,
596 829 36 22 och
648 829 93 22 anhåller
757 830 14 20 å
788 829 101 22 Ständer-

269 871 40 14 nas
331 865 81 26 vägnar
435 864 7 21 i
464 866 28 19 ett
512 864 45 21 kort
580 864 29 21 tal
629 865 31 20 att
675 863 97 22 täckelset
787 864 64 21 måtte
866 863 24 28 få

269 898 58 26 falla.
359 898 71 22 Sedan
445 898 56 21 detta
516 899 53 20 skett
580 898 36 21 och
626 905 25 14 en
659 898 176 21 honnörsmarsch
845 905 45 20 spe-

270 933 45 24 lats,
333 933 54 21 tolka
403 933 193 26 Borgareständets
612 933 36 21 och
663 933 173 21 Bondeständets
852 933 38 22 tal-

270 969 56 24 män,
343 967 39 21 den
396 967 56 27 förre
465 968 32 25 pä
512 967 87 22 svenska
610 967 36 21 och
655 967 38 21 den
702 974 74 15 senare
781 968 32 25 pä
821 967 69 26 finska

270 1002 90 26 spräket,
377 1004 151 19 monumentets
545 1001 98 22 tillkomst
660 1001 35 22 och
711 1001 108 28 betydelse,
831 1001 60 22 hvar-

269 1037 52 26 efter
343 1036 168 27 Kojsarhymnen
530 1036 36 21 och
583 1054 8 9 ,
599 1036 53 21 Vårt
667 1036 64 21 land"
746 1036 28 27 af
784 1036 105 21 musikkä-

269 1078 62 15 rerna
346 1071 89 27 utföras.
464 1071 65 21 Härä
549 1071 136 26 öfverlemnar
699 1071 191 21 landtmarskalken

269 1106 8 20 i
291 1107 28 20 ett
335 1106 29 21 tal
374 1107 30 25 pä
416 1106 82 21 landets
511 1105 55 22 båda
574 1105 65 27 språk
649 1105 149 28 Kejsarstatyn
807 1105 7 21 i
822 1105 68 26 finska

268 1140 74 26 folkets
365 1140 37 21 och
424 1140 103 21 särskilät
548 1140 168 26 hufvudstadens
731 1140 64 27 hägn,
810 1140 80 26 hvarpä

269 1182 24 14 en
309 1176 14 19 ä
339 1174 87 22 stadens
441 1176 81 25 vägnar
537 1174 132 22 närvarande
679 1181 78 19 person
768 1174 48 21 med
823 1175 67 26 några

270 1209 39 21 ord
324 1209 8 20 i
346 1208 122 22 samhällets
484 1209 132 21 omvårdnad
630 1211 111 25 emottager
756 1209 121 21 densamma
883 1215 7 20 ;

271 1244 35 20 och
321 1243 80 21 lemnas
416 1242 99 28 slutligen
530 1244 161 20 studentkårens
707 1244 92 26 sångare
810 1243 81 27 tillfälle

271 1280 30 19 att
323 1278 36 21 vid
373 1278 111 21 ärestoden
500 1278 71 26 utföra
586 1279 70 26 någon
671 1278 143 26 fosterländsk
829 1278 61 26 sång.

270 1312 34 21 På
319 1312 84 26 aftonen
425 1312 130 21 illumineras
569 1312 123 26 festplatsen
708 1312 36 21 och
760 1312 131 27 omgifvande

271 1346 126 28 byggnader.

338 1380 15 21 I
365 1380 98 22 händelse
479 1380 27 27 af
516 1380 73 27 förfall
598 1380 34 27 för
643 1380 190 22 landtmarskalken
844 1380 47 22 eller

269 1414 78 22 talman
370 1422 46 20 eger
438 1414 232 22 vicelandtmarskalken
693 1414 47 22 eller
768 1414 122 22 vicetalman

270 1449 63 21 träda
348 1450 7 20 i
370 1449 78 21 stället.
