1103 1700
249 135 12 19 20

480 134 108 20 Berättelse
603 134 25 24 af
639 134 138 24 Delegationen

506 208 247 26 Borgareständet:

318 248 159 22 Ledamöter:
494 248 193 21 öfverintendenten
704 247 23 23 C.
744 248 25 21 G.
786 248 116 26 Sanmark,

492 282 130 22 kanslirädet
637 282 23 22 C.
677 282 25 21 G.
719 282 132 25 Estlander;

319 316 178 27 Suppleanter:
513 316 205 22 maskindirektören
734 316 28 21 K.
780 316 26 21 A.
823 315 120 27 Nordman,

512 351 98 21 hofrädet
626 350 22 22 C.
664 351 22 21 J.
703 350 143 26 Nummelin
836 346 12 34 ;

520 413 217 22 Bondeständet:

319 454 157 22 Ledamöter:
492 454 181 21 kommunalrädet
688 453 27 22 A.
731 454 127 26 Meurman,

492 488 99 22 redaktör
608 488 23 21 V.
647 488 109 28 Löfgren;

318 523 176 27 Suppleanter:
509 523 121 27 professorn
646 523 21 21 J.
684 522 116 27 Forsman,

511 557 121 28 professorn
647 557 35 22 El.
699 557 98 27 Aspelin.

317 592 75 22 Såsom
411 592 127 21 ordförande
557 592 39 21 har
611 592 97 27 fungerat
724 592 115 21 statsrådet
854 591 150 28 Pippingsköld

248 626 54 21 intill
324 626 31 21 sin
378 626 40 21 den
442 628 24 19 12
488 633 56 15 mars
560 628 54 20 1892
630 627 77 21 timade
724 626 48 27 död,
789 626 106 21 hvarefter
911 626 31 21 till
957 626 48 21 ord-

248 661 88 21 förande
356 661 71 21 valdes
447 661 129 22 kanslirådet
591 661 118 22 Estlander.
740 657 198 25 Öfverintendenten
954 660 51 21 San-

249 695 60 21 mark
332 695 38 21 har
393 695 129 22 fortfarande
540 695 58 22 skött
613 695 112 22 kassörens
740 695 125 27 åligganden
880 695 39 21 och
934 697 71 24 proto-

248 729 65 22 kollet
329 729 34 21 vid
379 730 161 27 Delegationens
551 729 168 22 sammanträden
730 729 38 22 har
779 729 53 22 förts
843 729 22 20 af
875 729 129 21 kommunal-

247 763 62 22 rådet
323 763 116 22 Meurman.

318 799 74 20 Denna
410 799 124 26 Delegation
553 798 94 21 anhåller
662 801 31 18 att
708 798 33 21 till
756 798 101 21 Finlands
872 804 27 15 nu
915 797 89 22 försam-

247 833 48 20 lade
318 832 90 22 Ständer
429 833 22 21 få
473 833 107 21 vördsamt
602 833 78 26 afgifva
699 832 135 27 redogöreise
848 832 33 21 för
897 832 31 21 sin
943 831 61 22 värk-

248 867 88 21 samhet.

317 964 74 22 Såsom
406 964 92 27 framgår
513 964 23 21 af
548 965 162 26 Delegationens
721 964 114 22 berättelse
846 964 31 21 till
887 964 118 21 Ständerna

247 999 34 21 vid
299 1001 51 19 1891
369 999 34 22 års
418 999 106 27 landtdag,
540 999 40 22 har
595 999 25 22 H.
638 999 27 21 M.
681 999 104 28 Kejsaren
801 999 40 21 den
857 1000 26 19 16
894 998 109 22 december

248 1035 62 25 1889,
326 1033 34 22 vid
380 1033 66 22 skedd
465 1034 128 27 granskning
608 1033 23 22 af
644 1034 94 21 utkastet
753 1033 32 22 till
801 1033 117 26 ärestoden,
934 1033 69 21 täckts

247 1068 67 21 uttala
336 1068 31 21 sin
387 1068 75 27 nådiga
481 1068 184 22 tillfredsställelse
684 1069 48 20 med
752 1068 126 26 eskisserna,
898 1067 105 22 hvarefter

246 1103 152 25 Delegationen
421 1102 39 21 den
484 1105 26 19 19
533 1109 55 15 mars
613 1105 52 19 1891
688 1103 48 21 med
752 1103 123 26 skulptören
891 1101 113 27 Runeberg

246 1138 99 27 uppgjort
360 1137 101 21 kontrakt
476 1144 33 14 om
525 1138 61 20 deras
601 1137 118 21 utförande.
749 1137 29 21 Af
792 1138 154 20 monumentets
961 1136 42 21 fem

246 1172 122 25 bronsverk,
384 1172 104 26 nämligen
503 1171 145 27 kejsarstoden
664 1173 42 25 3,35
723 1174 67 19 meter
805 1172 43 26 hög
860 1171 74 27 (inber.
950 1171 53 27 plin-

245 1206 45 26 ten)
313 1208 54 18 samt
382 1205 157 27 sidofigurerna,
558 1206 131 27 ,Rättvisans
704 1206 70 26 vård",
792 1223 8 10 ,
802 1206 147 26 Vetenskapen
965 1205 38 21 och

245 1240 111 26 Konsten",
372 1240 102 27 ,Freden*
489 1240 39 22 och
543 1241 114 27 ,Arbetet*,
673 1241 79 21 enhvar
764 1242 43 25 2,30
818 1242 66 19 meter
895 1240 41 26 hög
947 1239 56 28 (med

244 1274 69 27 plint),
330 1274 123 22 hemsändes
468 1275 7 21 i
490 1276 112 20 november
622 1275 65 27 sagda
702 1276 24 20 är
742 1274 169 28 hufvudfiguren,
928 1274 75 27 Kejsar

244 1308 119 22 Alexander
385 1309 38 21 II:s
446 1309 97 27 bildstod,
566 1310 72 26 gjuten
653 1310 7 20 i
675 1310 65 21 brons
760 1309 23 21 af
797 1309 104 21 Thiöbaut
915 1308 66 22 fröres
997 1308 6 21 i

244 1343 66 26 Paris,
327 1343 83 21 hvilken
429 1344 90 21 bekanta
538 1344 61 21 firma
618 1344 23 21 af
659 1344 125 27 skulptören
799 1344 85 21 anlitats
899 1343 33 21 för
948 1344 55 26 gjut-

243 1378 78 26 ningen
337 1378 22 20 af
373 1378 62 21 dessa
449 1378 59 22 värk.

314 1412 29 21 Pä
365 1413 95 25 uppdrag
482 1413 23 21 af
526 1414 150 26 Delegationen
699 1413 123 21 värkstälde
842 1412 121 27 ingeniören
978 1412 24 22 E.

243 1446 107 27 Berggren
367 1447 38 21 och
421 1447 121 27 skulptören
552 1448 82 21 Robert
644 1447 73 27 Stigell
728 1449 131 25 granskning
869 1447 21 21 af
900 1447 35 21 det
946 1447 57 21 hem-

243 1481 66 21 sända
324 1482 79 26 värket,
420 1482 105 21 hvarefter
540 1482 26 21 de
581 1482 102 27 intygade,
700 1484 32 19 att
748 1484 44 19 mot
808 1484 79 24 statyns
901 1481 100 21 utseende
