1103 1700
264 121 13 20 4
305 116 20 39 —
337 120 84 23 Ständ.
437 120 54 23 Skr.
511 134 21 2 —
550 120 101 23 XXXII
668 134 23 3 —
709 121 185 23 Bankinstrukt.

592 195 13 21 3
619 196 21 26 8.

305 250 82 22 Säsom
402 250 226 30 bankfullmäktiges
644 251 79 23 beslut
738 252 62 29 gälle
811 252 45 22 den
864 252 67 29 äsigt,
948 260 49 14 som

234 285 103 22 biträdes
361 285 26 22 af
407 285 66 22 flesta
494 287 114 21 rösterna.
638 286 46 22 Vid
705 286 50 22 lika
777 287 64 21 antal
865 288 74 20 röster
961 286 36 22 för

235 319 64 22 olika
314 320 123 29 meningar
452 320 42 22 har
509 320 156 22 ordföranden
674 321 129 29 afgörande
813 323 56 20 röst.
891 321 106 22 Emellan

235 354 59 28 dem,
311 362 50 14 som
377 354 40 22 vid
433 355 37 22 val
485 354 94 22 erhällit
593 354 49 23 lika
658 356 84 28 mänga
757 357 81 27 röster,
862 356 82 29 skiljes
959 363 39 22 ge-

235 396 55 14 nom
305 389 111 29 lottning.

305 423 36 21 Dä
363 423 79 29 frägor
461 424 121 28 angäende
598 424 86 22 ackord
699 424 53 22 med
767 424 106 22 bankens
889 425 108 29 gäldenä-

234 465 39 14 rer
288 458 42 22 hos
345 458 215 29 bankfullmäktige
575 458 151 29 förekomma,
744 459 116 29 iakttages
876 459 66 28 dock,
958 460 39 22 vid

234 492 50 22 lika
300 492 64 22 antal
379 495 75 19 röster
468 493 37 22 för
521 493 63 22 olika
599 494 129 28 meningar,
752 496 35 20 att
802 494 45 22 den
862 494 67 29 äsigt,
948 502 49 14 som

234 529 105 20 närmast
353 527 220 23 öfverensstämmer
588 528 54 22 med
652 528 226 22 bankdirektionens
889 528 108 30 yttrande

235 562 9 21 i
259 561 80 29 saken,
355 562 74 29 gäller
444 563 77 22 säsom
536 562 227 30 bankfullmäktiges
779 563 84 23 beslut.

596 639 13 21 9
624 639 20 26 8.

305 696 218 29 Bankfullmäktige
551 698 85 27 antaga
658 704 30 14 en
711 696 151 28 sekreterare,
891 703 50 14 som
962 696 37 21 för

235 731 145 28 protokollet
402 731 40 22 vid
464 731 162 28 fullmäktiges
650 731 188 21 sammanträden
860 732 60 20 samt
942 737 56 22 upp-

235 767 74 20 sätter
325 765 44 22 och
386 765 190 29 kontrasignerar
591 765 46 22 alla
651 765 117 29 utgående
784 765 168 29 expeditioner.

307 800 113 27 Samtlige
435 800 213 29 bankfullmäktige
661 800 91 29 justera
767 800 28 21 de
811 799 41 22 vid
863 799 66 22 deras
941 807 57 14 sam-

235 834 140 22 manträden
389 834 67 22 förda
470 835 120 28 protokoll
605 835 44 21 och
663 834 167 22 underskrifva
846 834 28 21 de
885 833 53 22 från
947 834 51 21 dem

235 868 124 23 utfärdade
375 869 166 28 expeditioner.
564 869 220 22 Bankdirektionen
799 869 42 21 bör
854 869 88 21 lemnas
951 868 46 22 till-

236 903 58 22 fälle
317 905 41 26 att,
384 903 8 22 i
415 904 36 21 sin
467 904 79 21 helhet
560 904 56 21 eller
632 911 84 21 genom
731 904 79 28 någon
826 903 52 22 dess
893 903 106 28 medlem,

236 937 94 30 deltaga
353 938 8 21 i
381 938 149 29 justeringen
553 938 26 21 af
598 938 119 29 protokoll
732 937 64 22 fördt
811 937 41 22 vid
866 945 132 21 gemensam

236 972 183 29 öfverläggning
434 973 86 22 mellan
535 973 150 28 fullmäktige
701 972 45 23 och
762 971 155 23 direktionen.

590 1049 27 22 10
632 1049 20 27 8.

306 1100 206 29 Bankfullmäktig
534 1103 26 18 är
582 1100 20 29 ej
626 1099 133 22 förmenadt
774 1100 35 21 att
824 1100 117 27 emottaga
956 1098 43 21 och

239 1135 128 22 innehafva
383 1135 115 22 ordinarie
514 1135 74 29 tjenst
602 1135 58 21 eller
667 1133 183 23 extraordinarie
860 1133 139 29 befattning,

237 1170 26 21 så
285 1170 52 22 vidt
358 1170 58 22 hans
438 1170 162 29 skyldigheter
614 1170 9 21 i
638 1170 162 22 förstnämnda
816 1168 117 30 egenskap
949 1168 52 22 icke

238 1204 136 30 derigenom
405 1204 149 28 åsidosättas;
584 1204 60 22 dock
667 1205 37 21 må
726 1203 201 29 bankfullmäktig
948 1203 53 21 icke

238 1239 79 22 tillika
337 1247 56 14 vara
415 1241 93 20 senator
528 1239 56 22 eller
599 1239 100 21 medlem
715 1239 26 21 af
754 1238 94 22 enskild
861 1238 75 21 banks
952 1239 48 27 sty-

241 1274 61 21 relse
318 1274 44 22 och
377 1274 151 28 förvaltning,
544 1274 20 28 ej
582 1274 73 22 heller
669 1274 143 28 tjensteman
827 1273 8 21 i
850 1272 70 22 bank.

591 1350 24 20 11
633 1350 21 26 8.

307 1401 49 22 Har
383 1400 206 29 bankfullmäktig,
620 1400 83 22 medan
727 1400 65 22 detta
814 1399 57 22 hans
895 1398 105 30 uppdrag

237 1443 74 21 varar,
342 1436 79 22 blifvit
444 1435 61 23 stald
528 1435 74 22 under
627 1442 89 15 annans
739 1432 261 31 förmyndareinseende
