<?xml version="1.0" encoding="UTF-8"?>
<alto xmlns="http://www.loc.gov/standards/alto/ns-v3#" xmlns:xlink="http://www.w3.org/1999/xlink" xmlns:xsi="http://www.w3.org/2001/XMLSchema-instance" xsi:schemaLocation="http://www.loc.gov/standards/alto/ns-v3# http://www.loc.gov/alto/v3/alto-3-0.xsd">
	<Description>
		<MeasurementUnit>pixel</MeasurementUnit>
		<sourceImageInformation>
			<fileName>/tmp/tess_2gsazcbg_input.PNG</fileName>
		</sourceImageInformation>
		<OCRProcessing ID="OCR_0">
			<ocrProcessingStep>
				<processingSoftware>
					<softwareName>tesseract 5.3.4</softwareName>
				</processingSoftware>
			</ocrProcessingStep>
		</OCRProcessing>
	</Description>
	<Layout>
		<Page WIDTH="1103" HEIGHT="1700" PHYSICAL_IMG_NR="0" ID="page_0">
			<PrintSpace HPOS="0" VPOS="0" WIDTH="1103" HEIGHT="1700">
				<ComposedBlock ID="cblock_0" HPOS="388" VPOS="136" WIDTH="464" HEIGHT="22">
					<TextBlock ID="block_0" HPOS="388" VPOS="136" WIDTH="464" HEIGHT="22">
						<TextLine ID="line_0" HPOS="388" VPOS="136" WIDTH="464" HEIGHT="22">
							<String ID="string_0" HPOS="388" VPOS="136" WIDTH="27" HEIGHT="22" WC="0.92" CONTENT="U."/><SP WIDTH="16" VPOS="136" HPOS="415"/>
							<String ID="string_1" HPOS="431" VPOS="137" WIDTH="24" HEIGHT="21" WC="0.90" CONTENT="B."/><SP WIDTH="17" VPOS="137" HPOS="455"/>
							<String ID="string_2" HPOS="472" VPOS="150" WIDTH="26" HEIGHT="2" WC="0.92" CONTENT="—"/><SP WIDTH="15" VPOS="150" HPOS="498"/>
							<String ID="string_3" HPOS="513" VPOS="136" WIDTH="104" HEIGHT="21" WC="0.89" CONTENT="XXXIL"/><SP WIDTH="223" VPOS="136" HPOS="617"/>
							<String ID="string_4" HPOS="840" VPOS="138" WIDTH="12" HEIGHT="19" WC="0.96" CONTENT="3"/>
						</TextLine>
					</TextBlock>
				</ComposedBlock>
				<ComposedBlock ID="cblock_1" HPOS="108" VPOS="205" WIDTH="772" HEIGHT="1225">
					<TextBlock ID="block_1" HPOS="118" VPOS="205" WIDTH="762" HEIGHT="576">
						<TextLine ID="line_1" HPOS="126" VPOS="205" WIDTH="754" HEIGHT="28">
							<String ID="string_5" HPOS="126" VPOS="206" WIDTH="50" HEIGHT="26" WC="0.93" CONTENT="1891"/><SP WIDTH="19" VPOS="206" HPOS="176"/>
							<String ID="string_6" HPOS="195" VPOS="207" WIDTH="33" HEIGHT="19" WC="0.90" CONTENT="ärs"/><SP WIDTH="13" VPOS="207" HPOS="228"/>
							<String ID="string_7" HPOS="241" VPOS="206" WIDTH="105" HEIGHT="27" WC="0.91" CONTENT="landtdag"/><SP WIDTH="15" VPOS="206" HPOS="346"/>
							<String ID="string_8" HPOS="361" VPOS="210" WIDTH="84" HEIGHT="23" WC="0.92" CONTENT="antogs,"/><SP WIDTH="17" VPOS="210" HPOS="445"/>
							<String ID="string_9" HPOS="462" VPOS="206" WIDTH="56" HEIGHT="20" WC="0.92" CONTENT="blott"/><SP WIDTH="15" VPOS="206" HPOS="518"/>
							<String ID="string_10" HPOS="533" VPOS="206" WIDTH="51" HEIGHT="20" WC="0.93" CONTENT="med"/><SP WIDTH="15" VPOS="206" HPOS="584"/>
							<String ID="string_11" HPOS="599" VPOS="206" WIDTH="66" HEIGHT="26" WC="0.92" CONTENT="nägra"/><SP WIDTH="16" VPOS="206" HPOS="665"/>
							<String ID="string_12" HPOS="681" VPOS="206" WIDTH="24" HEIGHT="20" WC="0.96" CONTENT="af"/><SP WIDTH="12" VPOS="206" HPOS="705"/>
							<String ID="string_13" HPOS="717" VPOS="205" WIDTH="111" HEIGHT="27" WC="0.93" CONTENT="praktiska"/><SP WIDTH="10" VPOS="205" HPOS="828"/>
							<String ID="string_14" HPOS="838" VPOS="205" WIDTH="42" HEIGHT="21" WC="0.93" CONTENT="för-"/>
						</TextLine>
						<TextLine ID="line_2" HPOS="123" VPOS="240" WIDTH="756" HEIGHT="27">
							<String ID="string_15" HPOS="123" VPOS="240" WIDTH="113" HEIGHT="21" WC="0.91" CONTENT="hällanden"/><SP WIDTH="16" VPOS="240" HPOS="236"/>
							<String ID="string_16" HPOS="252" VPOS="240" WIDTH="113" HEIGHT="27" WC="0.93" CONTENT="påkallade"/><SP WIDTH="16" VPOS="240" HPOS="365"/>
							<String ID="string_17" HPOS="381" VPOS="240" WIDTH="221" HEIGHT="27" WC="0.84" CONTENT="detaljförändringar,"/><SP WIDTH="16" VPOS="240" HPOS="602"/>
							<String ID="string_18" HPOS="618" VPOS="240" WIDTH="114" HEIGHT="26" WC="0.93" CONTENT="äsyftande"/><SP WIDTH="12" VPOS="240" HPOS="732"/>
							<String ID="string_19" HPOS="744" VPOS="240" WIDTH="46" HEIGHT="20" WC="0.96" CONTENT="dels"/><SP WIDTH="10" VPOS="240" HPOS="790"/>
							<String ID="string_20" HPOS="800" VPOS="243" WIDTH="32" HEIGHT="17" WC="0.93" CONTENT="att"/><SP WIDTH="11" VPOS="243" HPOS="832"/>
							<String ID="string_21" HPOS="843" VPOS="240" WIDTH="36" HEIGHT="20" WC="0.93" CONTENT="be-"/>
						</TextLine>
						<TextLine ID="line_3" HPOS="123" VPOS="274" WIDTH="757" HEIGHT="27">
							<String ID="string_22" HPOS="123" VPOS="275" WIDTH="78" HEIGHT="26" WC="0.92" CONTENT="gränsa"/><SP WIDTH="8" VPOS="275" HPOS="201"/>
							<String ID="string_23" HPOS="209" VPOS="274" WIDTH="27" HEIGHT="21" WC="0.93" CONTENT="de"/><SP WIDTH="11" VPOS="274" HPOS="236"/>
							<String ID="string_24" HPOS="247" VPOS="274" WIDTH="116" HEIGHT="21" WC="0.90" CONTENT="förstärkta"/><SP WIDTH="10" VPOS="274" HPOS="363"/>
							<String ID="string_25" HPOS="373" VPOS="274" WIDTH="145" HEIGHT="27" WC="0.91" CONTENT="fullmäktiges"/><SP WIDTH="11" VPOS="274" HPOS="518"/>
							<String ID="string_26" HPOS="529" VPOS="274" WIDTH="131" HEIGHT="27" WC="0.96" CONTENT="deltagande"/><SP WIDTH="9" VPOS="274" HPOS="660"/>
							<String ID="string_27" HPOS="669" VPOS="274" WIDTH="32" HEIGHT="21" WC="0.96" CONTENT="till"/><SP WIDTH="11" VPOS="274" HPOS="701"/>
							<String ID="string_28" HPOS="712" VPOS="274" WIDTH="76" HEIGHT="21" WC="0.93" CONTENT="endast"/><SP WIDTH="11" VPOS="274" HPOS="788"/>
							<String ID="string_29" HPOS="799" VPOS="274" WIDTH="81" HEIGHT="20" WC="0.92" CONTENT="sädana"/>
						</TextLine>
						<TextLine ID="line_4" HPOS="122" VPOS="308" WIDTH="757" HEIGHT="28">
							<String ID="string_30" HPOS="122" VPOS="309" WIDTH="73" HEIGHT="27" WC="0.92" CONTENT="frägor"/><SP WIDTH="22" VPOS="309" HPOS="195"/>
							<String ID="string_31" HPOS="217" VPOS="316" WIDTH="48" HEIGHT="13" WC="0.93" CONTENT="som"/><SP WIDTH="22" VPOS="316" HPOS="265"/>
							<String ID="string_32" HPOS="287" VPOS="309" WIDTH="64" HEIGHT="21" WC="0.92" CONTENT="rörde"/><SP WIDTH="22" VPOS="309" HPOS="351"/>
							<String ID="string_33" HPOS="373" VPOS="310" WIDTH="42" HEIGHT="20" WC="0.93" CONTENT="den"/><SP WIDTH="16" VPOS="310" HPOS="415"/>
							<String ID="string_34" HPOS="431" VPOS="309" WIDTH="164" HEIGHT="27" WC="0.92" CONTENT="hufvudsakliga"/><SP WIDTH="15" VPOS="309" HPOS="595"/>
							<String ID="string_35" HPOS="610" VPOS="308" WIDTH="121" HEIGHT="27" WC="0.92" CONTENT="riktningen"/><SP WIDTH="15" VPOS="308" HPOS="731"/>
							<String ID="string_36" HPOS="746" VPOS="308" WIDTH="26" HEIGHT="20" WC="0.93" CONTENT="af"/><SP WIDTH="11" VPOS="308" HPOS="772"/>
							<String ID="string_37" HPOS="783" VPOS="308" WIDTH="96" HEIGHT="21" WC="0.91" CONTENT="bankens"/>
						</TextLine>
						<TextLine ID="line_5" HPOS="122" VPOS="342" WIDTH="757" HEIGHT="28">
							<String ID="string_38" HPOS="122" VPOS="343" WIDTH="209" HEIGHT="25" WC="0.96" CONTENT="affärsverksamhet,"/><SP WIDTH="21" VPOS="343" HPOS="331"/>
							<String ID="string_39" HPOS="352" VPOS="343" WIDTH="47" HEIGHT="21" WC="0.96" CONTENT="dels"/><SP WIDTH="20" VPOS="343" HPOS="399"/>
							<String ID="string_40" HPOS="419" VPOS="346" WIDTH="31" HEIGHT="18" WC="0.93" CONTENT="att"/><SP WIDTH="20" VPOS="346" HPOS="450"/>
							<String ID="string_41" HPOS="470" VPOS="343" WIDTH="96" HEIGHT="21" WC="0.96" CONTENT="anordna"/><SP WIDTH="16" VPOS="343" HPOS="566"/>
							<String ID="string_42" HPOS="582" VPOS="343" WIDTH="58" HEIGHT="21" WC="0.96" CONTENT="valet"/><SP WIDTH="15" VPOS="343" HPOS="640"/>
							<String ID="string_43" HPOS="655" VPOS="342" WIDTH="25" HEIGHT="21" WC="0.93" CONTENT="af"/><SP WIDTH="11" VPOS="342" HPOS="680"/>
							<String ID="string_44" HPOS="691" VPOS="342" WIDTH="140" HEIGHT="28" WC="0.96" CONTENT="suppleanter"/><SP WIDTH="15" VPOS="342" HPOS="831"/>
							<String ID="string_45" HPOS="846" VPOS="342" WIDTH="33" HEIGHT="21" WC="0.96" CONTENT="för"/>
						</TextLine>
						<TextLine ID="line_6" HPOS="123" VPOS="377" WIDTH="756" HEIGHT="27">
							<String ID="string_46" HPOS="123" VPOS="378" WIDTH="26" HEIGHT="20" WC="0.96" CONTENT="de"/><SP WIDTH="18" VPOS="378" HPOS="149"/>
							<String ID="string_47" HPOS="167" VPOS="377" WIDTH="31" HEIGHT="21" WC="0.93" CONTENT="till"/><SP WIDTH="19" VPOS="377" HPOS="198"/>
							<String ID="string_48" HPOS="217" VPOS="377" WIDTH="145" HEIGHT="27" WC="0.92" CONTENT="förstärkning"/><SP WIDTH="15" VPOS="377" HPOS="362"/>
							<String ID="string_49" HPOS="377" VPOS="377" WIDTH="25" HEIGHT="21" WC="0.93" CONTENT="af"/><SP WIDTH="11" VPOS="377" HPOS="402"/>
							<String ID="string_50" HPOS="413" VPOS="377" WIDTH="107" HEIGHT="21" WC="0.92" CONTENT="ordinarie"/><SP WIDTH="15" VPOS="377" HPOS="520"/>
							<String ID="string_51" HPOS="535" VPOS="377" WIDTH="191" HEIGHT="27" WC="0.92" CONTENT="bankfullmäktige"/><SP WIDTH="15" VPOS="377" HPOS="726"/>
							<String ID="string_52" HPOS="741" VPOS="377" WIDTH="64" HEIGHT="21" WC="0.92" CONTENT="valde"/><SP WIDTH="15" VPOS="377" HPOS="805"/>
							<String ID="string_53" HPOS="820" VPOS="377" WIDTH="59" HEIGHT="21" WC="0.92" CONTENT="leda-"/>
						</TextLine>
						<TextLine ID="line_7" HPOS="121" VPOS="411" WIDTH="758" HEIGHT="27">
							<String ID="string_54" HPOS="121" VPOS="412" WIDTH="98" HEIGHT="20" WC="0.92" CONTENT="möterna"/><SP WIDTH="15" VPOS="412" HPOS="219"/>
							<String ID="string_55" HPOS="234" VPOS="412" WIDTH="29" HEIGHT="26" WC="0.92" CONTENT="pä"/><SP WIDTH="15" VPOS="412" HPOS="263"/>
							<String ID="string_56" HPOS="278" VPOS="412" WIDTH="77" HEIGHT="20" WC="0.92" CONTENT="sädant"/><SP WIDTH="15" VPOS="412" HPOS="355"/>
							<String ID="string_57" HPOS="370" VPOS="412" WIDTH="45" HEIGHT="20" WC="0.96" CONTENT="sätt"/><SP WIDTH="15" VPOS="412" HPOS="415"/>
							<String ID="string_58" HPOS="430" VPOS="415" WIDTH="31" HEIGHT="17" WC="0.93" CONTENT="att"/><SP WIDTH="16" VPOS="415" HPOS="461"/>
							<String ID="string_59" HPOS="477" VPOS="411" WIDTH="102" HEIGHT="21" WC="0.92" CONTENT="afseende"/><SP WIDTH="16" VPOS="411" HPOS="579"/>
							<String ID="string_60" HPOS="595" VPOS="411" WIDTH="75" HEIGHT="21" WC="0.92" CONTENT="dervid"/><SP WIDTH="13" VPOS="411" HPOS="670"/>
							<String ID="string_61" HPOS="683" VPOS="412" WIDTH="70" HEIGHT="20" WC="0.93" CONTENT="kunde"/><SP WIDTH="11" VPOS="412" HPOS="753"/>
							<String ID="string_62" HPOS="764" VPOS="412" WIDTH="68" HEIGHT="20" WC="0.92" CONTENT="fästas"/><SP WIDTH="10" VPOS="412" HPOS="832"/>
							<String ID="string_63" HPOS="842" VPOS="411" WIDTH="37" HEIGHT="20" WC="0.97" CONTENT="vid"/>
						</TextLine>
						<TextLine ID="line_8" HPOS="121" VPOS="445" WIDTH="757" HEIGHT="27">
							<String ID="string_64" HPOS="121" VPOS="452" WIDTH="82" HEIGHT="14" WC="0.91" CONTENT="samma"/><SP WIDTH="21" VPOS="452" HPOS="203"/>
							<String ID="string_65" HPOS="224" VPOS="446" WIDTH="170" HEIGHT="26" WC="0.91" CONTENT="gvalifikationer"/><SP WIDTH="15" VPOS="446" HPOS="394"/>
							<String ID="string_66" HPOS="409" VPOS="452" WIDTH="47" HEIGHT="14" WC="0.96" CONTENT="som"/><SP WIDTH="16" VPOS="452" HPOS="456"/>
							<String ID="string_67" HPOS="472" VPOS="445" WIDTH="32" HEIGHT="21" WC="0.93" CONTENT="för"/><SP WIDTH="16" VPOS="445" HPOS="504"/>
							<String ID="string_68" HPOS="520" VPOS="446" WIDTH="64" HEIGHT="20" WC="0.93" CONTENT="desse"/><SP WIDTH="16" VPOS="446" HPOS="584"/>
							<String ID="string_69" HPOS="600" VPOS="445" WIDTH="75" HEIGHT="21" WC="0.93" CONTENT="främst"/><SP WIDTH="15" VPOS="445" HPOS="675"/>
							<String ID="string_70" HPOS="690" VPOS="447" WIDTH="66" HEIGHT="25" WC="0.93" CONTENT="tagits"/><SP WIDTH="16" VPOS="447" HPOS="756"/>
							<String ID="string_71" HPOS="772" VPOS="447" WIDTH="6" HEIGHT="19" WC="0.93" CONTENT="i"/><SP WIDTH="15" VPOS="447" HPOS="778"/>
							<String ID="string_72" HPOS="793" VPOS="445" WIDTH="85" HEIGHT="21" WC="0.92" CONTENT="betrak-"/>
						</TextLine>
						<TextLine ID="line_9" HPOS="120" VPOS="480" WIDTH="758" HEIGHT="26">
							<String ID="string_73" HPOS="120" VPOS="480" WIDTH="73" HEIGHT="20" WC="0.96" CONTENT="tande."/><SP WIDTH="30" VPOS="480" HPOS="193"/>
							<String ID="string_74" HPOS="223" VPOS="480" WIDTH="52" HEIGHT="20" WC="0.93" CONTENT="Med"/><SP WIDTH="23" VPOS="480" HPOS="275"/>
							<String ID="string_75" HPOS="298" VPOS="480" WIDTH="102" HEIGHT="20" WC="0.96" CONTENT="afseende"/><SP WIDTH="16" VPOS="480" HPOS="400"/>
							<String ID="string_76" HPOS="416" VPOS="480" WIDTH="57" HEIGHT="20" WC="0.92" CONTENT="dock"/><SP WIDTH="16" VPOS="480" HPOS="473"/>
							<String ID="string_77" HPOS="489" VPOS="480" WIDTH="12" HEIGHT="20" WC="0.90" CONTENT="ä"/><SP WIDTH="16" VPOS="480" HPOS="501"/>
							<String ID="string_78" HPOS="517" VPOS="480" WIDTH="171" HEIGHT="26" WC="0.91" CONTENT="oförenligheten"/><SP WIDTH="16" VPOS="480" HPOS="688"/>
							<String ID="string_79" HPOS="704" VPOS="480" WIDTH="91" HEIGHT="20" WC="0.93" CONTENT="emellan"/><SP WIDTH="15" VPOS="480" HPOS="795"/>
							<String ID="string_80" HPOS="810" VPOS="480" WIDTH="12" HEIGHT="20" WC="0.92" CONTENT="å"/><SP WIDTH="16" VPOS="480" HPOS="822"/>
							<String ID="string_81" HPOS="838" VPOS="486" WIDTH="40" HEIGHT="14" WC="0.96" CONTENT="ena"/>
						</TextLine>
						<TextLine ID="line_10" HPOS="120" VPOS="514" WIDTH="756" HEIGHT="27">
							<String ID="string_82" HPOS="120" VPOS="514" WIDTH="62" HEIGHT="20" WC="0.93" CONTENT="sidan"/><SP WIDTH="22" VPOS="514" HPOS="182"/>
							<String ID="string_83" HPOS="204" VPOS="514" WIDTH="131" HEIGHT="27" WC="0.92" CONTENT="stadgandet"/><SP WIDTH="22" VPOS="514" HPOS="335"/>
							<String ID="string_84" HPOS="357" VPOS="516" WIDTH="5" HEIGHT="18" WC="0.93" CONTENT="i"/><SP WIDTH="23" VPOS="516" HPOS="362"/>
							<String ID="string_85" HPOS="385" VPOS="514" WIDTH="12" HEIGHT="27" WC="0.54" CONTENT="&amp;"/><SP WIDTH="17" VPOS="514" HPOS="397"/>
							<String ID="string_86" HPOS="414" VPOS="520" WIDTH="15" HEIGHT="20" WC="0.96" CONTENT="4"/><SP WIDTH="16" VPOS="520" HPOS="429"/>
							<String ID="string_87" HPOS="445" VPOS="514" WIDTH="25" HEIGHT="20" WC="0.96" CONTENT="af"/><SP WIDTH="17" VPOS="514" HPOS="470"/>
							<String ID="string_88" HPOS="487" VPOS="514" WIDTH="53" HEIGHT="26" WC="0.93" CONTENT="1867"/><SP WIDTH="16" VPOS="514" HPOS="540"/>
							<String ID="string_89" HPOS="556" VPOS="514" WIDTH="34" HEIGHT="20" WC="0.96" CONTENT="års"/><SP WIDTH="16" VPOS="514" HPOS="590"/>
							<String ID="string_90" HPOS="606" VPOS="514" WIDTH="130" HEIGHT="27" WC="0.96" CONTENT="förordning,"/><SP WIDTH="17" VPOS="514" HPOS="736"/>
							<String ID="string_91" HPOS="753" VPOS="520" WIDTH="48" HEIGHT="14" WC="0.96" CONTENT="som"/><SP WIDTH="15" VPOS="520" HPOS="801"/>
							<String ID="string_92" HPOS="816" VPOS="514" WIDTH="60" HEIGHT="20" WC="0.96" CONTENT="Hans"/>
						</TextLine>
						<TextLine ID="line_11" HPOS="120" VPOS="548" WIDTH="758" HEIGHT="27">
							<String ID="string_93" HPOS="120" VPOS="548" WIDTH="102" HEIGHT="27" WC="0.94" CONTENT="Majestät"/><SP WIDTH="16" VPOS="548" HPOS="222"/>
							<String ID="string_94" HPOS="238" VPOS="548" WIDTH="101" HEIGHT="21" WC="0.96" CONTENT="förklarat"/><SP WIDTH="16" VPOS="548" HPOS="339"/>
							<String ID="string_95" HPOS="355" VPOS="548" WIDTH="133" HEIGHT="21" WC="0.96" CONTENT="fortfarande"/><SP WIDTH="18" VPOS="548" HPOS="488"/>
							<String ID="string_96" HPOS="506" VPOS="548" WIDTH="106" HEIGHT="27" WC="0.96" CONTENT="gällande,"/><SP WIDTH="24" VPOS="548" HPOS="612"/>
							<String ID="string_97" HPOS="636" VPOS="552" WIDTH="55" HEIGHT="17" WC="0.93" CONTENT="samt"/><SP WIDTH="16" VPOS="552" HPOS="691"/>
							<String ID="string_98" HPOS="707" VPOS="549" WIDTH="12" HEIGHT="20" WC="0.86" CONTENT="ä"/><SP WIDTH="15" VPOS="549" HPOS="719"/>
							<String ID="string_99" HPOS="734" VPOS="548" WIDTH="67" HEIGHT="21" WC="0.96" CONTENT="andra"/><SP WIDTH="15" VPOS="548" HPOS="801"/>
							<String ID="string_100" HPOS="816" VPOS="548" WIDTH="62" HEIGHT="21" WC="0.96" CONTENT="sidan"/>
						</TextLine>
						<TextLine ID="line_12" HPOS="119" VPOS="582" WIDTH="758" HEIGHT="29">
							<String ID="string_101" HPOS="119" VPOS="582" WIDTH="13" HEIGHT="29" WC="0.81" CONTENT="8"/><SP WIDTH="21" VPOS="582" HPOS="132"/>
							<String ID="string_102" HPOS="153" VPOS="583" WIDTH="26" HEIGHT="20" WC="0.94" CONTENT="68"/><SP WIDTH="16" VPOS="583" HPOS="179"/>
							<String ID="string_103" HPOS="195" VPOS="583" WIDTH="26" HEIGHT="21" WC="0.93" CONTENT="L."/><SP WIDTH="16" VPOS="583" HPOS="221"/>
							<String ID="string_104" HPOS="237" VPOS="583" WIDTH="34" HEIGHT="25" WC="0.91" CONTENT="O.,"/><SP WIDTH="21" VPOS="583" HPOS="271"/>
							<String ID="string_105" HPOS="292" VPOS="583" WIDTH="86" HEIGHT="21" WC="0.96" CONTENT="hvilken"/><SP WIDTH="15" VPOS="583" HPOS="378"/>
							<String ID="string_106" HPOS="393" VPOS="583" WIDTH="87" HEIGHT="20" WC="0.96" CONTENT="innebär"/><SP WIDTH="21" VPOS="583" HPOS="480"/>
							<String ID="string_107" HPOS="501" VPOS="583" WIDTH="43" HEIGHT="21" WC="0.96" CONTENT="rätt"/><SP WIDTH="18" VPOS="583" HPOS="544"/>
							<String ID="string_108" HPOS="562" VPOS="583" WIDTH="32" HEIGHT="20" WC="0.93" CONTENT="för"/><SP WIDTH="16" VPOS="583" HPOS="594"/>
							<String ID="string_109" HPOS="610" VPOS="583" WIDTH="120" HEIGHT="21" WC="0.91" CONTENT="Ständerna"/><SP WIDTH="16" VPOS="583" HPOS="730"/>
							<String ID="string_110" HPOS="746" VPOS="587" WIDTH="32" HEIGHT="17" WC="0.93" CONTENT="att"/><SP WIDTH="15" VPOS="587" HPOS="778"/>
							<String ID="string_111" HPOS="793" VPOS="583" WIDTH="84" HEIGHT="20" WC="0.96" CONTENT="besluta"/>
						</TextLine>
						<TextLine ID="line_13" HPOS="119" VPOS="617" WIDTH="759" HEIGHT="28">
							<String ID="string_112" HPOS="119" VPOS="624" WIDTH="36" HEIGHT="14" WC="0.95" CONTENT="om"/><SP WIDTH="15" VPOS="624" HPOS="155"/>
							<String ID="string_113" HPOS="170" VPOS="617" WIDTH="81" HEIGHT="21" WC="0.93" CONTENT="antalet"/><SP WIDTH="23" VPOS="617" HPOS="251"/>
							<String ID="string_114" HPOS="274" VPOS="617" WIDTH="191" HEIGHT="28" WC="0.92" CONTENT="bankfullmäktige"/><SP WIDTH="18" VPOS="617" HPOS="465"/>
							<String ID="string_115" HPOS="483" VPOS="621" WIDTH="51" HEIGHT="18" WC="0.96" CONTENT="utan"/><SP WIDTH="15" VPOS="621" HPOS="534"/>
							<String ID="string_116" HPOS="549" VPOS="624" WIDTH="70" HEIGHT="14" WC="0.91" CONTENT="annan"/><SP WIDTH="15" VPOS="624" HPOS="619"/>
							<String ID="string_117" HPOS="634" VPOS="617" WIDTH="153" HEIGHT="28" WC="0.91" CONTENT="inskränkning"/><SP WIDTH="15" VPOS="617" HPOS="787"/>
							<String ID="string_118" HPOS="802" VPOS="618" WIDTH="26" HEIGHT="20" WC="0.96" CONTENT="än"/><SP WIDTH="16" VPOS="618" HPOS="828"/>
							<String ID="string_119" HPOS="844" VPOS="621" WIDTH="34" HEIGHT="17" WC="0.96" CONTENT="att"/>
						</TextLine>
						<TextLine ID="line_14" HPOS="119" VPOS="651" WIDTH="758" HEIGHT="27">
							<String ID="string_120" HPOS="119" VPOS="652" WIDTH="110" HEIGHT="20" WC="0.92" CONTENT="desamma"/><SP WIDTH="23" VPOS="652" HPOS="229"/>
							<String ID="string_121" HPOS="252" VPOS="651" WIDTH="61" HEIGHT="21" WC="0.90" CONTENT="skola"/><SP WIDTH="22" VPOS="651" HPOS="313"/>
							<String ID="string_122" HPOS="335" VPOS="655" WIDTH="60" HEIGHT="18" WC="0.90" CONTENT="utses"/><SP WIDTH="21" VPOS="655" HPOS="395"/>
							<String ID="string_123" HPOS="416" VPOS="652" WIDTH="31" HEIGHT="21" WC="0.96" CONTENT="till"/><SP WIDTH="15" VPOS="652" HPOS="447"/>
							<String ID="string_124" HPOS="462" VPOS="652" WIDTH="42" HEIGHT="21" WC="0.96" CONTENT="lika"/><SP WIDTH="16" VPOS="652" HPOS="504"/>
							<String ID="string_125" HPOS="520" VPOS="652" WIDTH="58" HEIGHT="21" WC="0.96" CONTENT="antal"/><SP WIDTH="15" VPOS="652" HPOS="578"/>
							<String ID="string_126" HPOS="593" VPOS="652" WIDTH="33" HEIGHT="21" WC="0.93" CONTENT="för"/><SP WIDTH="15" VPOS="652" HPOS="626"/>
							<String ID="string_127" HPOS="641" VPOS="652" WIDTH="72" HEIGHT="26" WC="0.92" CONTENT="hvarje"/><SP WIDTH="15" VPOS="652" HPOS="713"/>
							<String ID="string_128" HPOS="728" VPOS="653" WIDTH="70" HEIGHT="24" WC="0.91" CONTENT="ständ,"/><SP WIDTH="17" VPOS="653" HPOS="798"/>
							<String ID="string_129" HPOS="815" VPOS="659" WIDTH="62" HEIGHT="13" WC="0.96" CONTENT="anser"/>
						</TextLine>
						<TextLine ID="line_15" HPOS="119" VPOS="686" WIDTH="756" HEIGHT="27">
							<String ID="string_130" HPOS="119" VPOS="688" WIDTH="33" HEIGHT="25" WC="0.93" CONTENT="sig"/><SP WIDTH="19" VPOS="688" HPOS="152"/>
							<String ID="string_131" HPOS="171" VPOS="686" WIDTH="107" HEIGHT="21" WC="0.91" CONTENT="utskottet"/><SP WIDTH="20" VPOS="686" HPOS="278"/>
							<String ID="string_132" HPOS="298" VPOS="693" WIDTH="87" HEIGHT="14" WC="0.92" CONTENT="numera"/><SP WIDTH="16" VPOS="693" HPOS="385"/>
							<String ID="string_133" HPOS="401" VPOS="686" WIDTH="47" HEIGHT="21" WC="0.92" CONTENT="icke"/><SP WIDTH="15" VPOS="686" HPOS="448"/>
							<String ID="string_134" HPOS="463" VPOS="686" WIDTH="71" HEIGHT="21" WC="0.93" CONTENT="kunna"/><SP WIDTH="16" VPOS="686" HPOS="534"/>
							<String ID="string_135" HPOS="550" VPOS="686" WIDTH="78" HEIGHT="21" WC="0.92" CONTENT="föreslä"/><SP WIDTH="15" VPOS="686" HPOS="628"/>
							<String ID="string_136" HPOS="643" VPOS="690" WIDTH="64" HEIGHT="17" WC="0.96" CONTENT="annat"/><SP WIDTH="16" VPOS="690" HPOS="707"/>
							<String ID="string_137" HPOS="723" VPOS="687" WIDTH="27" HEIGHT="20" WC="0.96" CONTENT="än"/><SP WIDTH="16" VPOS="687" HPOS="750"/>
							<String ID="string_138" HPOS="766" VPOS="689" WIDTH="32" HEIGHT="18" WC="0.93" CONTENT="att"/><SP WIDTH="15" VPOS="689" HPOS="798"/>
							<String ID="string_139" HPOS="813" VPOS="686" WIDTH="62" HEIGHT="21" WC="0.92" CONTENT="Stän-"/>
						</TextLine>
						<TextLine ID="line_16" HPOS="119" VPOS="720" WIDTH="756" HEIGHT="27">
							<String ID="string_140" HPOS="119" VPOS="720" WIDTH="65" HEIGHT="21" WC="0.93" CONTENT="derna"/><SP WIDTH="15" VPOS="720" HPOS="184"/>
							<String ID="string_141" HPOS="199" VPOS="721" WIDTH="37" HEIGHT="20" WC="0.93" CONTENT="vid"/><SP WIDTH="15" VPOS="721" HPOS="236"/>
							<String ID="string_142" HPOS="251" VPOS="721" WIDTH="144" HEIGHT="20" WC="0.91" CONTENT="innevarande"/><SP WIDTH="16" VPOS="721" HPOS="395"/>
							<String ID="string_143" HPOS="411" VPOS="721" WIDTH="104" HEIGHT="26" WC="0.92" CONTENT="landtdag"/><SP WIDTH="10" VPOS="721" HPOS="515"/>
							<String ID="string_144" HPOS="525" VPOS="720" WIDTH="67" HEIGHT="21" WC="0.93" CONTENT="skulle"/><SP WIDTH="11" VPOS="720" HPOS="592"/>
							<String ID="string_145" HPOS="603" VPOS="724" WIDTH="48" HEIGHT="17" WC="0.93" CONTENT="utse"/><SP WIDTH="10" VPOS="724" HPOS="651"/>
							<String ID="string_146" HPOS="661" VPOS="721" WIDTH="77" HEIGHT="20" WC="0.93" CONTENT="endast"/><SP WIDTH="11" VPOS="721" HPOS="738"/>
							<String ID="string_147" HPOS="749" VPOS="720" WIDTH="47" HEIGHT="27" WC="0.91" CONTENT="fyra"/><SP WIDTH="13" VPOS="720" HPOS="796"/>
							<String ID="string_148" HPOS="809" VPOS="720" WIDTH="66" HEIGHT="21" WC="0.91" CONTENT="bank-"/>
						</TextLine>
						<TextLine ID="line_17" HPOS="118" VPOS="754" WIDTH="406" HEIGHT="27">
							<String ID="string_149" HPOS="118" VPOS="754" WIDTH="139" HEIGHT="27" WC="0.91" CONTENT="fullmäktige,"/><SP WIDTH="17" VPOS="754" HPOS="257"/>
							<String ID="string_150" HPOS="274" VPOS="761" WIDTH="27" HEIGHT="14" WC="0.93" CONTENT="en"/><SP WIDTH="15" VPOS="761" HPOS="301"/>
							<String ID="string_151" HPOS="316" VPOS="754" WIDTH="45" HEIGHT="21" WC="0.92" CONTENT="frän"/><SP WIDTH="16" VPOS="754" HPOS="361"/>
							<String ID="string_152" HPOS="377" VPOS="754" WIDTH="62" HEIGHT="21" WC="0.91" CONTENT="hvart"/><SP WIDTH="15" VPOS="754" HPOS="439"/>
							<String ID="string_153" HPOS="454" VPOS="755" WIDTH="70" HEIGHT="21" WC="0.92" CONTENT="ständ."/>
						</TextLine>
					</TextBlock>
					<TextBlock ID="block_2" HPOS="108" VPOS="788" WIDTH="768" HEIGHT="642">
						<TextLine ID="line_18" HPOS="186" VPOS="788" WIDTH="689" HEIGHT="28">
							<String ID="string_154" HPOS="186" VPOS="788" WIDTH="61" HEIGHT="21" WC="0.92" CONTENT="Inom"/><SP WIDTH="12" VPOS="788" HPOS="247"/>
							<String ID="string_155" HPOS="259" VPOS="789" WIDTH="107" HEIGHT="20" WC="0.92" CONTENT="utskottet"/><SP WIDTH="16" VPOS="789" HPOS="366"/>
							<String ID="string_156" HPOS="382" VPOS="789" WIDTH="37" HEIGHT="20" WC="0.93" CONTENT="har"/><SP WIDTH="16" VPOS="789" HPOS="419"/>
							<String ID="string_157" HPOS="435" VPOS="789" WIDTH="125" HEIGHT="27" WC="0.92" CONTENT="visserligen"/><SP WIDTH="16" VPOS="789" HPOS="560"/>
							<String ID="string_158" HPOS="576" VPOS="796" WIDTH="26" HEIGHT="13" WC="0.96" CONTENT="en"/><SP WIDTH="15" VPOS="796" HPOS="602"/>
							<String ID="string_159" HPOS="617" VPOS="789" WIDTH="94" HEIGHT="21" WC="0.93" CONTENT="medlem"/><SP WIDTH="15" VPOS="789" HPOS="711"/>
							<String ID="string_160" HPOS="726" VPOS="791" WIDTH="101" HEIGHT="25" WC="0.93" CONTENT="upptagit"/><SP WIDTH="16" VPOS="791" HPOS="827"/>
							<String ID="string_161" HPOS="843" VPOS="792" WIDTH="32" HEIGHT="18" WC="0.96" CONTENT="ett"/>
						</TextLine>
						<TextLine ID="line_19" HPOS="117" VPOS="822" WIDTH="759" HEIGHT="29">
							<String ID="string_162" HPOS="117" VPOS="822" WIDTH="36" HEIGHT="21" WC="0.93" CONTENT="vid"/><SP WIDTH="23" VPOS="822" HPOS="153"/>
							<String ID="string_163" HPOS="176" VPOS="822" WIDTH="153" HEIGHT="28" WC="0.91" CONTENT="föredragning"/><SP WIDTH="21" VPOS="822" HPOS="329"/>
							<String ID="string_164" HPOS="350" VPOS="823" WIDTH="25" HEIGHT="20" WC="0.92" CONTENT="af"/><SP WIDTH="23" VPOS="823" HPOS="375"/>
							<String ID="string_165" HPOS="398" VPOS="823" WIDTH="203" HEIGHT="28" WC="0.92" CONTENT="bankfullmäktiges"/><SP WIDTH="23" VPOS="823" HPOS="601"/>
							<String ID="string_166" HPOS="624" VPOS="823" WIDTH="117" HEIGHT="22" WC="0.92" CONTENT="berättelse"/><SP WIDTH="22" VPOS="823" HPOS="741"/>
							<String ID="string_167" HPOS="763" VPOS="825" WIDTH="7" HEIGHT="19" WC="0.91" CONTENT="i"/><SP WIDTH="22" VPOS="825" HPOS="770"/>
							<String ID="string_168" HPOS="792" VPOS="827" WIDTH="84" HEIGHT="23" WC="0.91" CONTENT="preste-"/>
						</TextLine>
						<TextLine ID="line_20" HPOS="116" VPOS="857" WIDTH="759" HEIGHT="28">
							<String ID="string_169" HPOS="116" VPOS="857" WIDTH="87" HEIGHT="20" WC="0.92" CONTENT="ständet"/><SP WIDTH="22" VPOS="857" HPOS="203"/>
							<String ID="string_170" HPOS="225" VPOS="857" WIDTH="121" HEIGHT="21" WC="0.92" CONTENT="framstäldt"/><SP WIDTH="21" VPOS="857" HPOS="346"/>
							<String ID="string_171" HPOS="367" VPOS="857" WIDTH="81" HEIGHT="27" WC="0.96" CONTENT="förslag"/><SP WIDTH="22" VPOS="857" HPOS="448"/>
							<String ID="string_172" HPOS="470" VPOS="865" WIDTH="36" HEIGHT="13" WC="0.95" CONTENT="om"/><SP WIDTH="21" VPOS="865" HPOS="506"/>
							<String ID="string_173" HPOS="527" VPOS="861" WIDTH="32" HEIGHT="18" WC="0.93" CONTENT="att"/><SP WIDTH="15" VPOS="861" HPOS="559"/>
							<String ID="string_174" HPOS="574" VPOS="857" WIDTH="190" HEIGHT="28" WC="0.93" CONTENT="bankfullmäktige"/><SP WIDTH="16" VPOS="857" HPOS="764"/>
							<String ID="string_175" HPOS="780" VPOS="858" WIDTH="36" HEIGHT="20" WC="0.92" CONTENT="vid"/><SP WIDTH="22" VPOS="858" HPOS="816"/>
							<String ID="string_176" HPOS="838" VPOS="858" WIDTH="37" HEIGHT="20" WC="0.92" CONTENT="be-"/>
						</TextLine>
						<TextLine ID="line_21" HPOS="116" VPOS="890" WIDTH="757" HEIGHT="29">
							<String ID="string_177" HPOS="116" VPOS="890" WIDTH="130" HEIGHT="27" WC="0.92" CONTENT="handlingen"/><SP WIDTH="23" VPOS="890" HPOS="246"/>
							<String ID="string_178" HPOS="269" VPOS="891" WIDTH="24" HEIGHT="20" WC="0.93" CONTENT="af"/><SP WIDTH="18" VPOS="891" HPOS="293"/>
							<String ID="string_179" HPOS="311" VPOS="891" WIDTH="72" HEIGHT="27" WC="0.93" CONTENT="frägor"/><SP WIDTH="22" VPOS="891" HPOS="383"/>
							<String ID="string_180" HPOS="405" VPOS="892" WIDTH="92" HEIGHT="21" WC="0.92" CONTENT="rörande"/><SP WIDTH="23" VPOS="892" HPOS="497"/>
							<String ID="string_181" HPOS="520" VPOS="892" WIDTH="43" HEIGHT="21" WC="0.96" CONTENT="den"/><SP WIDTH="22" VPOS="892" HPOS="563"/>
							<String ID="string_182" HPOS="585" VPOS="892" WIDTH="109" HEIGHT="27" WC="0.93" CONTENT="egentliga"/><SP WIDTH="16" VPOS="892" HPOS="694"/>
							<String ID="string_183" HPOS="710" VPOS="892" WIDTH="163" HEIGHT="27" WC="0.93" CONTENT="bankpolitiken"/>
						</TextLine>
						<TextLine ID="line_22" HPOS="116" VPOS="925" WIDTH="758" HEIGHT="28">
							<String ID="string_184" HPOS="116" VPOS="925" WIDTH="68" HEIGHT="20" WC="0.93" CONTENT="borde"/><SP WIDTH="16" VPOS="925" HPOS="184"/>
							<String ID="string_185" HPOS="200" VPOS="925" WIDTH="85" HEIGHT="20" WC="0.92" CONTENT="rädföra"/><SP WIDTH="15" VPOS="925" HPOS="285"/>
							<String ID="string_186" HPOS="300" VPOS="927" WIDTH="33" HEIGHT="26" WC="0.96" CONTENT="sig"/><SP WIDTH="12" VPOS="927" HPOS="333"/>
							<String ID="string_187" HPOS="345" VPOS="926" WIDTH="50" HEIGHT="21" WC="0.93" CONTENT="med"/><SP WIDTH="16" VPOS="926" HPOS="395"/>
							<String ID="string_188" HPOS="411" VPOS="926" WIDTH="118" HEIGHT="21" WC="0.91" CONTENT="tillkallade"/><SP WIDTH="15" VPOS="926" HPOS="529"/>
							<String ID="string_189" HPOS="544" VPOS="930" WIDTH="109" HEIGHT="23" WC="0.93" CONTENT="experter,"/><SP WIDTH="12" VPOS="930" HPOS="653"/>
							<String ID="string_190" HPOS="665" VPOS="927" WIDTH="71" HEIGHT="20" WC="0.92" CONTENT="hvilka"/><SP WIDTH="12" VPOS="927" HPOS="736"/>
							<String ID="string_191" HPOS="748" VPOS="927" WIDTH="56" HEIGHT="26" WC="0.92" CONTENT="egde"/><SP WIDTH="11" VPOS="927" HPOS="804"/>
							<String ID="string_192" HPOS="815" VPOS="930" WIDTH="59" HEIGHT="23" WC="0.92" CONTENT="yttra"/>
						</TextLine>
						<TextLine ID="line_23" HPOS="115" VPOS="959" WIDTH="757" HEIGHT="28">
							<String ID="string_193" HPOS="115" VPOS="960" WIDTH="35" HEIGHT="25" WC="0.95" CONTENT="sig"/><SP WIDTH="21" VPOS="960" HPOS="150"/>
							<String ID="string_194" HPOS="171" VPOS="959" WIDTH="31" HEIGHT="21" WC="0.93" CONTENT="till"/><SP WIDTH="19" VPOS="959" HPOS="202"/>
							<String ID="string_195" HPOS="221" VPOS="959" WIDTH="132" HEIGHT="27" WC="0.92" CONTENT="protokollet"/><SP WIDTH="16" VPOS="959" HPOS="353"/>
							<String ID="string_196" HPOS="369" VPOS="967" WIDTH="49" HEIGHT="14" WC="0.93" CONTENT="men"/><SP WIDTH="15" VPOS="967" HPOS="418"/>
							<String ID="string_197" HPOS="433" VPOS="960" WIDTH="48" HEIGHT="21" WC="0.93" CONTENT="icke"/><SP WIDTH="15" VPOS="960" HPOS="481"/>
							<String ID="string_198" HPOS="496" VPOS="962" WIDTH="6" HEIGHT="19" WC="0.95" CONTENT="i"/><SP WIDTH="16" VPOS="962" HPOS="502"/>
							<String ID="string_199" HPOS="518" VPOS="961" WIDTH="98" HEIGHT="21" WC="0.93" CONTENT="besluten"/><SP WIDTH="16" VPOS="961" HPOS="616"/>
							<String ID="string_200" HPOS="632" VPOS="961" WIDTH="94" HEIGHT="26" WC="0.91" CONTENT="deltaga."/><SP WIDTH="31" VPOS="961" HPOS="726"/>
							<String ID="string_201" HPOS="757" VPOS="961" WIDTH="115" HEIGHT="21" WC="0.91" CONTENT="Utskottet"/>
						</TextLine>
						<TextLine ID="line_24" HPOS="115" VPOS="993" WIDTH="755" HEIGHT="29">
							<String ID="string_202" HPOS="115" VPOS="993" WIDTH="38" HEIGHT="20" WC="0.96" CONTENT="har"/><SP WIDTH="16" VPOS="993" HPOS="153"/>
							<String ID="string_203" HPOS="169" VPOS="993" WIDTH="57" HEIGHT="21" WC="0.93" CONTENT="dock"/><SP WIDTH="15" VPOS="993" HPOS="226"/>
							<String ID="string_204" HPOS="241" VPOS="993" WIDTH="47" HEIGHT="21" WC="0.93" CONTENT="icke"/><SP WIDTH="19" VPOS="993" HPOS="288"/>
							<String ID="string_205" HPOS="307" VPOS="993" WIDTH="80" HEIGHT="22" WC="0.93" CONTENT="kunnat"/><SP WIDTH="16" VPOS="993" HPOS="387"/>
							<String ID="string_206" HPOS="403" VPOS="994" WIDTH="74" HEIGHT="21" WC="0.93" CONTENT="förena"/><SP WIDTH="15" VPOS="994" HPOS="477"/>
							<String ID="string_207" HPOS="492" VPOS="996" WIDTH="34" HEIGHT="26" WC="0.96" CONTENT="sig"/><SP WIDTH="15" VPOS="996" HPOS="526"/>
							<String ID="string_208" HPOS="541" VPOS="1002" WIDTH="36" HEIGHT="13" WC="0.93" CONTENT="om"/><SP WIDTH="16" VPOS="1002" HPOS="577"/>
							<String ID="string_209" HPOS="593" VPOS="995" WIDTH="103" HEIGHT="32" WC="0.90" CONTENT="förslaget"/><SP WIDTH="15" VPOS="995" HPOS="696"/>
							<String ID="string_210" HPOS="711" VPOS="999" WIDTH="32" HEIGHT="17" WC="0.96" CONTENT="att"/><SP WIDTH="15" VPOS="999" HPOS="743"/>
							<String ID="string_211" HPOS="758" VPOS="997" WIDTH="7" HEIGHT="18" WC="0.93" CONTENT="i"/><SP WIDTH="15" VPOS="997" HPOS="765"/>
							<String ID="string_212" HPOS="780" VPOS="995" WIDTH="90" HEIGHT="21" WC="0.91" CONTENT="instruk-"/>
						</TextLine>
						<TextLine ID="line_25" HPOS="114" VPOS="1029" WIDTH="755" HEIGHT="27">
							<String ID="string_213" HPOS="114" VPOS="1029" WIDTH="74" HEIGHT="19" WC="0.89" CONTENT="tionen"/><SP WIDTH="22" VPOS="1029" HPOS="188"/>
							<String ID="string_214" HPOS="210" VPOS="1031" WIDTH="98" HEIGHT="24" WC="0.92" CONTENT="upptaga"/><SP WIDTH="23" VPOS="1031" HPOS="308"/>
							<String ID="string_215" HPOS="331" VPOS="1035" WIDTH="26" HEIGHT="14" WC="0.93" CONTENT="en"/><SP WIDTH="23" VPOS="1035" HPOS="357"/>
							<String ID="string_216" HPOS="380" VPOS="1029" WIDTH="136" HEIGHT="27" WC="0.92" CONTENT="bestämning"/><SP WIDTH="15" VPOS="1029" HPOS="516"/>
							<String ID="string_217" HPOS="531" VPOS="1029" WIDTH="81" HEIGHT="20" WC="0.92" CONTENT="härom."/><SP WIDTH="31" VPOS="1029" HPOS="612"/>
							<String ID="string_218" HPOS="643" VPOS="1023" WIDTH="73" HEIGHT="27" WC="0.90" CONTENT="Äfven"/><SP WIDTH="15" VPOS="1023" HPOS="716"/>
							<String ID="string_219" HPOS="731" VPOS="1033" WIDTH="51" HEIGHT="18" WC="0.96" CONTENT="utan"/><SP WIDTH="15" VPOS="1033" HPOS="782"/>
							<String ID="string_220" HPOS="797" VPOS="1030" WIDTH="72" HEIGHT="26" WC="0.92" CONTENT="nägon"/>
						</TextLine>
						<TextLine ID="line_26" HPOS="113" VPOS="1061" WIDTH="757" HEIGHT="29">
							<String ID="string_221" HPOS="113" VPOS="1061" WIDTH="91" HEIGHT="21" WC="0.93" CONTENT="särskild"/><SP WIDTH="18" VPOS="1061" HPOS="204"/>
							<String ID="string_222" HPOS="222" VPOS="1061" WIDTH="108" HEIGHT="22" WC="0.93" CONTENT="föreskrift"/><SP WIDTH="15" VPOS="1061" HPOS="330"/>
							<String ID="string_223" HPOS="345" VPOS="1063" WIDTH="69" HEIGHT="20" WC="0.93" CONTENT="mäste"/><SP WIDTH="15" VPOS="1063" HPOS="414"/>
							<String ID="string_224" HPOS="429" VPOS="1063" WIDTH="192" HEIGHT="27" WC="0.92" CONTENT="bankfullmäktige"/><SP WIDTH="15" VPOS="1063" HPOS="621"/>
							<String ID="string_225" HPOS="636" VPOS="1071" WIDTH="63" HEIGHT="13" WC="0.93" CONTENT="anses"/><SP WIDTH="17" VPOS="1071" HPOS="699"/>
							<String ID="string_226" HPOS="716" VPOS="1063" WIDTH="154" HEIGHT="21" WC="0.92" CONTENT="oförhindrade"/>
						</TextLine>
						<TextLine ID="line_27" HPOS="113" VPOS="1095" WIDTH="757" HEIGHT="28">
							<String ID="string_227" HPOS="113" VPOS="1099" WIDTH="38" HEIGHT="21" WC="0.96" CONTENT="att,"/><SP WIDTH="24" VPOS="1099" HPOS="151"/>
							<String ID="string_228" HPOS="175" VPOS="1095" WIDTH="32" HEIGHT="21" WC="0.96" CONTENT="för"/><SP WIDTH="15" VPOS="1095" HPOS="207"/>
							<String ID="string_229" HPOS="222" VPOS="1096" WIDTH="43" HEIGHT="21" WC="0.93" CONTENT="den"/><SP WIDTH="14" VPOS="1096" HPOS="265"/>
							<String ID="string_230" HPOS="279" VPOS="1096" WIDTH="104" HEIGHT="21" WC="0.92" CONTENT="händelse"/><SP WIDTH="16" VPOS="1096" HPOS="383"/>
							<String ID="string_231" HPOS="399" VPOS="1097" WIDTH="27" HEIGHT="20" WC="0.92" CONTENT="de"/><SP WIDTH="15" VPOS="1097" HPOS="426"/>
							<String ID="string_232" HPOS="441" VPOS="1104" WIDTH="53" HEIGHT="14" WC="0.92" CONTENT="anse"/><SP WIDTH="14" VPOS="1104" HPOS="494"/>
							<String ID="string_233" HPOS="508" VPOS="1098" WIDTH="47" HEIGHT="20" WC="0.93" CONTENT="skäl"/><SP WIDTH="15" VPOS="1098" HPOS="555"/>
							<String ID="string_234" HPOS="570" VPOS="1098" WIDTH="70" HEIGHT="21" WC="0.92" CONTENT="dertill"/><SP WIDTH="16" VPOS="1098" HPOS="640"/>
							<String ID="string_235" HPOS="656" VPOS="1105" WIDTH="50" HEIGHT="14" WC="0.96" CONTENT="vara"/><SP WIDTH="16" VPOS="1105" HPOS="706"/>
							<String ID="string_236" HPOS="722" VPOS="1098" WIDTH="32" HEIGHT="20" WC="0.93" CONTENT="för"/><SP WIDTH="24" VPOS="1098" HPOS="754"/>
							<String ID="string_237" HPOS="778" VPOS="1098" WIDTH="92" HEIGHT="25" WC="0.93" CONTENT="handen,"/>
						</TextLine>
						<TextLine ID="line_28" HPOS="113" VPOS="1129" WIDTH="756" HEIGHT="31">
							<String ID="string_238" HPOS="113" VPOS="1129" WIDTH="84" HEIGHT="21" WC="0.91" CONTENT="rädföra"/><SP WIDTH="23" VPOS="1129" HPOS="197"/>
							<String ID="string_239" HPOS="220" VPOS="1131" WIDTH="33" HEIGHT="26" WC="0.96" CONTENT="sig"/><SP WIDTH="22" VPOS="1131" HPOS="253"/>
							<String ID="string_240" HPOS="275" VPOS="1131" WIDTH="50" HEIGHT="20" WC="0.93" CONTENT="med"/><SP WIDTH="19" VPOS="1131" HPOS="325"/>
							<String ID="string_241" HPOS="344" VPOS="1131" WIDTH="134" HEIGHT="27" WC="0.92" CONTENT="sakkunnige"/><SP WIDTH="22" VPOS="1131" HPOS="478"/>
							<String ID="string_242" HPOS="500" VPOS="1132" WIDTH="42" HEIGHT="20" WC="0.93" CONTENT="och"/><SP WIDTH="22" VPOS="1132" HPOS="542"/>
							<String ID="string_243" HPOS="564" VPOS="1132" WIDTH="107" HEIGHT="22" WC="0.92" CONTENT="utskottet"/><SP WIDTH="21" VPOS="1132" HPOS="671"/>
							<String ID="string_244" HPOS="692" VPOS="1132" WIDTH="36" HEIGHT="21" WC="0.96" CONTENT="vill"/><SP WIDTH="21" VPOS="1132" HPOS="728"/>
							<String ID="string_245" HPOS="749" VPOS="1132" WIDTH="33" HEIGHT="21" WC="0.96" CONTENT="för"/><SP WIDTH="22" VPOS="1132" HPOS="782"/>
							<String ID="string_246" HPOS="804" VPOS="1134" WIDTH="65" HEIGHT="26" WC="0.96" CONTENT="ingen"/>
						</TextLine>
						<TextLine ID="line_29" HPOS="113" VPOS="1164" WIDTH="755" HEIGHT="29">
							<String ID="string_247" HPOS="113" VPOS="1164" WIDTH="35" HEIGHT="20" WC="0.93" CONTENT="del"/><SP WIDTH="14" VPOS="1164" HPOS="148"/>
							<String ID="string_248" HPOS="162" VPOS="1164" WIDTH="97" HEIGHT="27" WC="0.93" CONTENT="afstyrka"/><SP WIDTH="16" VPOS="1164" HPOS="259"/>
							<String ID="string_249" HPOS="275" VPOS="1168" WIDTH="31" HEIGHT="18" WC="0.93" CONTENT="ett"/><SP WIDTH="16" VPOS="1168" HPOS="306"/>
							<String ID="string_250" HPOS="322" VPOS="1166" WIDTH="77" HEIGHT="20" WC="0.93" CONTENT="sådant"/><SP WIDTH="14" VPOS="1166" HPOS="399"/>
							<String ID="string_251" HPOS="413" VPOS="1166" WIDTH="181" HEIGHT="27" WC="0.82" CONTENT="tillvägagäende."/><SP WIDTH="24" VPOS="1166" HPOS="594"/>
							<String ID="string_252" HPOS="618" VPOS="1167" WIDTH="50" HEIGHT="20" WC="0.93" CONTENT="Men"/><SP WIDTH="15" VPOS="1167" HPOS="668"/>
							<String ID="string_253" HPOS="683" VPOS="1167" WIDTH="108" HEIGHT="21" WC="0.96" CONTENT="utskottet"/><SP WIDTH="12" VPOS="1167" HPOS="791"/>
							<String ID="string_254" HPOS="803" VPOS="1167" WIDTH="65" HEIGHT="21" WC="0.95" CONTENT="finner"/>
						</TextLine>
						<TextLine ID="line_30" HPOS="112" VPOS="1198" WIDTH="758" HEIGHT="30">
							<String ID="string_255" HPOS="112" VPOS="1198" WIDTH="37" HEIGHT="21" WC="0.90" CONTENT="det"/><SP WIDTH="22" VPOS="1198" HPOS="149"/>
							<String ID="string_256" HPOS="171" VPOS="1199" WIDTH="118" HEIGHT="21" WC="0.90" CONTENT="emellertid"/><SP WIDTH="23" VPOS="1199" HPOS="289"/>
							<String ID="string_257" HPOS="312" VPOS="1199" WIDTH="51" HEIGHT="27" WC="0.92" CONTENT="föga"/><SP WIDTH="20" VPOS="1199" HPOS="363"/>
							<String ID="string_258" HPOS="383" VPOS="1200" WIDTH="99" HEIGHT="27" WC="0.96" CONTENT="lämpligt"/><SP WIDTH="15" VPOS="1200" HPOS="482"/>
							<String ID="string_259" HPOS="497" VPOS="1204" WIDTH="32" HEIGHT="18" WC="0.96" CONTENT="att"/><SP WIDTH="15" VPOS="1204" HPOS="529"/>
							<String ID="string_260" HPOS="544" VPOS="1201" WIDTH="143" HEIGHT="27" WC="0.93" CONTENT="uttryckligen"/><SP WIDTH="16" VPOS="1201" HPOS="687"/>
							<String ID="string_261" HPOS="703" VPOS="1201" WIDTH="70" HEIGHT="21" WC="0.92" CONTENT="lemna"/><SP WIDTH="15" VPOS="1201" HPOS="773"/>
							<String ID="string_262" HPOS="788" VPOS="1208" WIDTH="27" HEIGHT="14" WC="0.93" CONTENT="en"/><SP WIDTH="15" VPOS="1208" HPOS="815"/>
							<String ID="string_263" HPOS="830" VPOS="1201" WIDTH="40" HEIGHT="27" WC="0.91" CONTENT="dy-"/>
						</TextLine>
						<TextLine ID="line_31" HPOS="111" VPOS="1232" WIDTH="764" HEIGHT="30">
							<String ID="string_264" HPOS="111" VPOS="1232" WIDTH="29" HEIGHT="21" WC="0.95" CONTENT="lik"/><SP WIDTH="23" VPOS="1232" HPOS="140"/>
							<String ID="string_265" HPOS="163" VPOS="1232" WIDTH="114" HEIGHT="26" WC="0.94" CONTENT="föreskrift,"/><SP WIDTH="24" VPOS="1232" HPOS="277"/>
							<String ID="string_266" HPOS="301" VPOS="1234" WIDTH="56" HEIGHT="20" WC="0.93" CONTENT="helst"/><SP WIDTH="22" VPOS="1234" HPOS="357"/>
							<String ID="string_267" HPOS="379" VPOS="1234" WIDTH="107" HEIGHT="21" WC="0.91" CONTENT="hörandet"/><SP WIDTH="15" VPOS="1234" HPOS="486"/>
							<String ID="string_268" HPOS="501" VPOS="1234" WIDTH="25" HEIGHT="21" WC="0.93" CONTENT="af"/><SP WIDTH="18" VPOS="1234" HPOS="526"/>
							<String ID="string_269" HPOS="544" VPOS="1238" WIDTH="109" HEIGHT="24" WC="0.93" CONTENT="experter,"/><SP WIDTH="24" VPOS="1238" HPOS="653"/>
							<String ID="string_270" HPOS="677" VPOS="1236" WIDTH="91" HEIGHT="20" WC="0.92" CONTENT="utsedde"/><SP WIDTH="19" VPOS="1236" HPOS="768"/>
							<String ID="string_271" HPOS="787" VPOS="1236" WIDTH="47" HEIGHT="20" WC="0.96" CONTENT="icke"/><SP WIDTH="16" VPOS="1236" HPOS="834"/>
							<String ID="string_272" HPOS="850" VPOS="1235" WIDTH="25" HEIGHT="21" WC="0.97" CONTENT="af"/>
						</TextLine>
						<TextLine ID="line_32" HPOS="111" VPOS="1266" WIDTH="757" HEIGHT="30">
							<String ID="string_273" HPOS="111" VPOS="1266" WIDTH="121" HEIGHT="21" WC="0.92" CONTENT="Ständerna"/><SP WIDTH="23" VPOS="1266" HPOS="232"/>
							<String ID="string_274" HPOS="255" VPOS="1271" WIDTH="51" HEIGHT="17" WC="0.96" CONTENT="utan"/><SP WIDTH="26" VPOS="1271" HPOS="306"/>
							<String ID="string_275" HPOS="332" VPOS="1268" WIDTH="24" HEIGHT="20" WC="0.93" CONTENT="af"/><SP WIDTH="24" VPOS="1268" HPOS="356"/>
							<String ID="string_276" HPOS="380" VPOS="1268" WIDTH="197" HEIGHT="28" WC="0.91" CONTENT="bankfullmäktige,"/><SP WIDTH="24" VPOS="1268" HPOS="577"/>
							<String ID="string_277" HPOS="601" VPOS="1269" WIDTH="47" HEIGHT="21" WC="0.91" CONTENT="icke"/><SP WIDTH="28" VPOS="1269" HPOS="648"/>
							<String ID="string_278" HPOS="676" VPOS="1270" WIDTH="28" HEIGHT="26" WC="0.93" CONTENT="pä"/><SP WIDTH="28" VPOS="1270" HPOS="704"/>
							<String ID="string_279" HPOS="732" VPOS="1270" WIDTH="67" HEIGHT="26" WC="0.92" CONTENT="nägot"/><SP WIDTH="25" VPOS="1270" HPOS="799"/>
							<String ID="string_280" HPOS="824" VPOS="1270" WIDTH="44" HEIGHT="20" WC="0.96" CONTENT="sätt"/>
						</TextLine>
						<TextLine ID="line_33" HPOS="110" VPOS="1300" WIDTH="760" HEIGHT="30">
							<String ID="string_281" HPOS="110" VPOS="1300" WIDTH="42" HEIGHT="21" WC="0.96" CONTENT="kan"/><SP WIDTH="22" VPOS="1300" HPOS="152"/>
							<String ID="string_282" HPOS="174" VPOS="1308" WIDTH="62" HEIGHT="14" WC="0.96" CONTENT="anses"/><SP WIDTH="23" VPOS="1308" HPOS="236"/>
							<String ID="string_283" HPOS="259" VPOS="1305" WIDTH="110" HEIGHT="18" WC="0.92" CONTENT="motsvara"/><SP WIDTH="23" VPOS="1305" HPOS="369"/>
							<String ID="string_284" HPOS="392" VPOS="1303" WIDTH="57" HEIGHT="20" WC="0.92" CONTENT="hvad"/><SP WIDTH="19" VPOS="1303" HPOS="449"/>
							<String ID="string_285" HPOS="468" VPOS="1310" WIDTH="47" HEIGHT="13" WC="0.93" CONTENT="som"/><SP WIDTH="16" VPOS="1310" HPOS="515"/>
							<String ID="string_286" HPOS="531" VPOS="1303" WIDTH="77" HEIGHT="21" WC="0.93" CONTENT="afsetts"/><SP WIDTH="15" VPOS="1303" HPOS="608"/>
							<String ID="string_287" HPOS="623" VPOS="1310" WIDTH="79" HEIGHT="20" WC="0.96" CONTENT="genom"/><SP WIDTH="16" VPOS="1310" HPOS="702"/>
							<String ID="string_288" HPOS="718" VPOS="1304" WIDTH="58" HEIGHT="20" WC="0.96" CONTENT="valet"/><SP WIDTH="15" VPOS="1304" HPOS="776"/>
							<String ID="string_289" HPOS="791" VPOS="1303" WIDTH="25" HEIGHT="21" WC="0.93" CONTENT="af"/><SP WIDTH="12" VPOS="1303" HPOS="816"/>
							<String ID="string_290" HPOS="828" VPOS="1304" WIDTH="42" HEIGHT="20" WC="0.92" CONTENT="för-"/>
						</TextLine>
						<TextLine ID="line_34" HPOS="109" VPOS="1334" WIDTH="760" HEIGHT="30">
							<String ID="string_291" HPOS="109" VPOS="1334" WIDTH="82" HEIGHT="22" WC="0.93" CONTENT="stärkte"/><SP WIDTH="16" VPOS="1334" HPOS="191"/>
							<String ID="string_292" HPOS="207" VPOS="1335" WIDTH="133" HEIGHT="28" WC="0.93" CONTENT="fullmäktige"/><SP WIDTH="15" VPOS="1335" HPOS="340"/>
							<String ID="string_293" HPOS="355" VPOS="1337" WIDTH="51" HEIGHT="21" WC="0.93" CONTENT="eller"/><SP WIDTH="15" VPOS="1337" HPOS="406"/>
							<String ID="string_294" HPOS="421" VPOS="1337" WIDTH="61" HEIGHT="27" WC="0.92" CONTENT="gifva"/><SP WIDTH="10" VPOS="1337" HPOS="482"/>
							<String ID="string_295" HPOS="492" VPOS="1337" WIDTH="95" HEIGHT="21" WC="0.92" CONTENT="bankens"/><SP WIDTH="13" VPOS="1337" HPOS="587"/>
							<String ID="string_296" HPOS="600" VPOS="1338" WIDTH="91" HEIGHT="26" WC="0.92" CONTENT="styrelse"/><SP WIDTH="10" VPOS="1338" HPOS="691"/>
							<String ID="string_297" HPOS="701" VPOS="1344" WIDTH="82" HEIGHT="14" WC="0.93" CONTENT="samma"/><SP WIDTH="11" VPOS="1344" HPOS="783"/>
							<String ID="string_298" HPOS="794" VPOS="1338" WIDTH="75" HEIGHT="26" WC="0.93" CONTENT="styrka"/>
						</TextLine>
						<TextLine ID="line_35" HPOS="109" VPOS="1369" WIDTH="760" HEIGHT="29">
							<String ID="string_299" HPOS="109" VPOS="1375" WIDTH="48" HEIGHT="14" WC="0.95" CONTENT="som"/><SP WIDTH="22" VPOS="1375" HPOS="157"/>
							<String ID="string_300" HPOS="179" VPOS="1370" WIDTH="42" HEIGHT="20" WC="0.96" CONTENT="den"/><SP WIDTH="22" VPOS="1370" HPOS="221"/>
							<String ID="string_301" HPOS="243" VPOS="1369" WIDTH="72" HEIGHT="21" WC="0.93" CONTENT="kunde"/><SP WIDTH="22" VPOS="1369" HPOS="315"/>
							<String ID="string_302" HPOS="337" VPOS="1372" WIDTH="64" HEIGHT="20" WC="0.96" CONTENT="vinna"/><SP WIDTH="22" VPOS="1372" HPOS="401"/>
							<String ID="string_303" HPOS="423" VPOS="1378" WIDTH="80" HEIGHT="20" WC="0.96" CONTENT="genom"/><SP WIDTH="16" VPOS="1378" HPOS="503"/>
							<String ID="string_304" HPOS="519" VPOS="1372" WIDTH="49" HEIGHT="20" WC="0.93" CONTENT="med"/><SP WIDTH="16" VPOS="1372" HPOS="568"/>
							<String ID="string_305" HPOS="584" VPOS="1372" WIDTH="46" HEIGHT="20" WC="0.96" CONTENT="fullt"/><SP WIDTH="16" VPOS="1372" HPOS="630"/>
							<String ID="string_306" HPOS="646" VPOS="1379" WIDTH="76" HEIGHT="13" WC="0.96" CONTENT="ansvar"/><SP WIDTH="16" VPOS="1379" HPOS="722"/>
							<String ID="string_307" HPOS="738" VPOS="1374" WIDTH="6" HEIGHT="18" WC="0.93" CONTENT="i"/><SP WIDTH="15" VPOS="1374" HPOS="744"/>
							<String ID="string_308" HPOS="759" VPOS="1372" WIDTH="110" HEIGHT="21" WC="0.93" CONTENT="beslutens"/>
						</TextLine>
						<TextLine ID="line_36" HPOS="108" VPOS="1402" WIDTH="405" HEIGHT="28">
							<String ID="string_309" HPOS="108" VPOS="1402" WIDTH="98" HEIGHT="22" WC="0.92" CONTENT="fattande"/><SP WIDTH="14" VPOS="1402" HPOS="206"/>
							<String ID="string_310" HPOS="220" VPOS="1404" WIDTH="131" HEIGHT="26" WC="0.96" CONTENT="deltagande"/><SP WIDTH="15" VPOS="1404" HPOS="351"/>
							<String ID="string_311" HPOS="366" VPOS="1405" WIDTH="147" HEIGHT="21" WC="0.95" CONTENT="medlemmar."/>
						</TextLine>
					</TextBlock>
				</ComposedBlock>
				<ComposedBlock ID="cblock_2" HPOS="175" VPOS="1477" WIDTH="329" HEIGHT="23">
					<TextBlock ID="block_3" HPOS="175" VPOS="1477" WIDTH="329" HEIGHT="23">
						<TextLine ID="line_37" HPOS="175" VPOS="1477" WIDTH="329" HEIGHT="23">
							<String ID="string_312" HPOS="175" VPOS="1477" WIDTH="138" HEIGHT="17" WC="0.77" CONTENT="Bankutskottets"/><SP WIDTH="12" VPOS="1477" HPOS="313"/>
							<String ID="string_313" HPOS="325" VPOS="1479" WIDTH="104" HEIGHT="16" WC="0.95" CONTENT="betänkande"/><SP WIDTH="12" VPOS="1479" HPOS="429"/>
							<String ID="string_314" HPOS="441" VPOS="1480" WIDTH="35" HEIGHT="16" WC="0.96" CONTENT="N:o"/><SP WIDTH="13" VPOS="1480" HPOS="476"/>
							<String ID="string_315" HPOS="489" VPOS="1484" WIDTH="15" HEIGHT="16" WC="0.96" CONTENT="7."/>
						</TextLine>
					</TextBlock>
				</ComposedBlock>
			</PrintSpace>
		</Page>
	</Layout>
</alto>
