1103 1700
420 176 28 23 U.
464 177 28 22 B.
508 190 27 2 —
551 176 107 23 XXXII.

432 400 126 28 Tillägg
585 400 50 22 till
665 400 250 23 bankutskottets

362 434 186 22 betänkande
564 434 49 23 N:o
625 434 23 28 3,
659 434 125 28 angående
797 434 118 23 Finlands

363 468 82 23 Banks
460 468 180 29 odisponerade
656 468 156 24 vinstmedel.

225 569 11 22 I
256 569 146 28 anslutning
420 569 36 22 till
474 569 70 22 hvad
561 569 122 22 utskottet
702 569 14 22 å
730 569 64 22 sidd.
809 569 15 22 2
838 569 46 23 och
897 569 15 23 3

155 604 8 21 i
186 603 42 23 sitt
249 603 162 23 betänkande
430 603 48 22 N:o
498 603 16 22 3
534 603 132 29 angående
684 603 122 22 Finlands
825 604 87 22 Banks

155 638 186 29 odisponerade
365 637 150 23 vinstmedel
538 637 56 23 haft
618 638 62 22 äran
702 638 97 26 anföra,
819 638 39 22 får
876 639 36 22 ut-

155 673 94 22 skottet
271 672 47 23 hos
347 672 143 23 Ständerna
515 672 131 23 vördsamt
666 672 93 23 föreslå
778 672 44 23 det
840 672 72 23 Stän-

155 707 78 22 derna
252 707 58 22 ville
328 707 99 22 besluta

427 793 37 22 att
491 792 32 23 af
550 792 128 23 Finlands
705 792 89 22 Banks
812 792 99 29 odispo-

359 827 95 22 nerade
488 827 151 22 vinstmedel
677 827 33 22 ett
746 827 89 28 belopp
882 826 33 22 af

361 861 138 26 1,844,231
516 861 76 22 mark
610 861 35 22 24
659 861 81 29 penni
754 861 68 22 skall
832 860 79 23 öfver-

361 895 71 22 föras
450 895 42 23 till
511 895 113 23 bankens
633 895 155 26 reservfond,
807 894 104 23 säsnart

359 929 42 22 det
430 929 33 23 af
489 929 147 24 Ständerna
665 931 117 28 antagna
812 929 98 29 förslag

359 964 41 22 till
429 965 56 28 nytt
505 964 150 29 reglemente
667 964 46 23 och
731 971 35 22 ny
793 965 51 21 stat
871 963 40 23 för

359 998 129 23 Finlands
524 999 75 22 Bank
636 999 86 22 blifvit
750 997 160 24 stadfästadt

359 1034 65 21 samt

428 1101 38 22 att
492 1101 91 22 härom
611 1101 151 22 underrätta
782 1100 127 23 banktull-

359 1135 119 29 mäktige.

219 1220 168 30 Helsingfors,
407 1222 49 22 den
476 1222 32 22 22
528 1222 59 29 maj,
609 1221 77 23 1894.

216 1514 145 19 Bankutskottets
375 1516 111 18 betänkande
497 1515 37 19 N:o
546 1516 18 18 8.
