1103 1700
468 116 22 21 I
805 116 25 21 51

94 186 74 21 målen
184 185 7 22 i
206 187 91 25 procent
312 184 23 22 af
349 185 26 21 de
390 184 36 22 vid
441 184 171 22 underrätterna
628 184 69 22 under
707 184 155 22 motsvarande

94 220 29 21 år
139 220 32 21 till
187 219 74 27 slutlig
277 220 77 27 åtgärd
369 219 130 22 befordrade
513 218 133 22 brottmålen
661 219 92 27 utgjort:

205 288 51 22 åren
274 288 141 22 1843—1845
454 304 4 5 .
490 304 4 5 .
526 305 4 4 .
562 304 4 5 .
598 304 4 4 .
635 304 5 5 .
684 288 73 26 8.2%,

227 340 9 8 »
276 324 140 21 1846—1850
455 340 3 4 .
492 340 3 4 .
527 340 4 4 .
563 340 5 4 .
608 340 1 3 0
636 339 4 5 .
686 324 61 24 91,

227 374 10 9 »
276 358 140 22 1851—1855
455 374 3 4 .
491 375 4 3 .
563 374 3 4 0.
636 374 4 4 0.
685 358 62 24 93,

227 409 9 8 »
275 392 141 22 1856—1860
454 409 4 4 .
490 409 4 4 .
526 409 3 4 .
564 408 2 4 .
605 408 1 4 .
635 408 5 4 .
686 392 60 26 78,

228 444 9 9 »
276 427 139 21 1861—1865
454 443 4 4 .
491 444 4 4 .
532 444 1 3 .
563 443 5 5 .
636 442 5 5 0.
685 426 62 25 81,

229 478 10 8 »
276 462 141 20 1866—1870
455 478 4 4 .
491 478 4 4 .
528 478 3 4 .
564 478 3 3 .
604 478 1 3 .
635 477 3 4 .
685 461 62 25 88,

229 512 9 9 »
277 496 140 20 1871—1875
455 512 4 4 .
492 512 4 4 .
530 512 1 4 .
564 512 4 4 .
600 512 4 4 .
637 512 4 4 .
674 496 74 24 103,

229 546 9 9 »
276 530 140 21 1876—1880
454 546 4 4 .
492 546 3 4 .
563 546 4 4 ..
636 546 4 4 ..
686 530 62 24 8,7,

228 581 10 8 »
277 564 139 21 1881—1885
456 581 3 3 .
491 581 4 3 .
530 580 2 4 .
564 580 4 5 .
600 581 4 3 -
637 580 4 5 .
686 564 62 25 9,6,

229 615 10 9 »
277 599 141 20 1886—1890
457 615 4 4 .
494 615 3 4 .
530 615 3 4 .
565 615 5 4 .
602 615 4 4 .
638 615 4 4 .
676 599 72 25 108,

172 667 76 27 Någon
268 667 64 21 exakt
351 667 118 21 måttstock
488 666 33 22 för
536 667 135 22 bedömande
686 666 23 22 af
723 667 36 21 det
774 667 90 21 relativa

99 701 65 22 antal
184 701 49 26 mål,
249 701 7 21 i
274 701 72 22 hvilka
365 701 41 22 vad
421 701 81 28 erlagts
519 701 51 22 eller
584 701 79 22 besvär
678 701 90 27 anförts,
785 703 37 20 äro
838 701 26 22 de

103 735 94 22 anförda
212 735 191 28 procentsiffrorna
418 736 119 21 emellertid
547 736 53 21 icke.
627 735 40 22 Till
677 736 71 27 grund
757 735 34 22 för
802 736 62 21 deras

102 770 142 22 beräknande
259 770 40 21 har
314 770 113 28 nämligen,
439 783 27 3 —
482 771 91 21 likasom
588 771 93 27 tidigare
695 770 34 22 för
743 771 121 21 beräknan-

99 805 42 22 det
163 805 24 21 af
207 805 190 27 procentsiffrorna
419 805 94 22 rörande
536 805 36 22 det
595 805 91 22 relativa
708 805 84 22 antalet
810 812 55 21 upp-

104 839 89 28 skjutna
212 839 49 27 mål,
278 851 27 4 —
320 840 56 21 måst
398 839 75 28 läggas
496 839 140 28 uppgifterna
658 839 59 22 öfver
740 839 82 22 antalet
845 839 23 22 af

104 873 102 28 samtliga
222 873 97 28 afgjorda
334 873 49 27 mål,
398 873 104 22 inclusive
517 873 83 22 således
616 873 62 22 äfven
694 874 26 21 de
735 873 49 28 mål,
795 873 71 22 hvilka

104 907 24 22 af
142 914 26 15 en
185 907 52 22 eller
253 914 73 15 annan
343 908 64 21 orsak
423 908 67 21 redan
506 907 46 22 före
567 908 133 22 inställelsen
715 907 89 22 förfallit
815 908 51 22 eller

104 943 31 27 på
149 942 73 27 grund
238 941 23 22 af
274 942 128 21 underlåten
413 942 92 27 fullföljd
516 942 54 22 efter
581 943 150 27 upptagandet
742 943 122 22 afskrifvits.

105 977 33 21 De
153 977 90 27 erlagda
257 977 69 21 vaden
343 978 65 27 (resp.
419 977 115 28 besvären)
544 977 52 22 eller
608 977 26 22 de
645 977 134 28 uppskjutna
789 978 76 26 målen,

100 1011 112 28 jemförda
234 1011 48 22 med
305 1011 83 22 antalet
404 1011 23 22 af
440 1013 84 20 ensamt
539 1011 27 22 de
580 1011 50 27 mål,
646 1012 7 21 i
667 1011 72 22 hvilka
754 1012 112 27 ändrings-

103 1045 99 22 sökande
225 1045 141 22 öfverhufvud
388 1046 86 21 kunnat
496 1045 133 22 förekomma
645 1045 50 22 eller
710 1046 96 27 uppskof
819 1047 48 21 med

105 1080 77 21 målets
197 1080 131 28 behandling
343 1082 70 20 sättas
428 1081 7 21 i
450 1080 68 28 fråga,
533 1082 79 26 utgöra
626 1081 58 27 förty
699 1081 114 27 rätteligen
829 1081 37 22 nå-

105 1116 38 26 got
153 1115 67 27 högre
231 1116 114 26 procenter
357 1117 27 20 än
396 1115 26 22 de
432 1115 96 22 anförda.
548 1115 44 22 Det
603 1115 133 28 tillgängliga
745 1115 122 23 statistiska

105 1149 123 22 materialet
245 1150 82 21 tillåter
345 1150 118 22 emellertid
483 1152 73 25 tyvärr
571 1150 47 22 icke
634 1152 32 20 ett
681 1150 150 22 fastställande
846 1151 23 21 af

101 1184 120 21 desamma.

180 1218 172 22 Vidkommande
377 1219 66 21 sedan
468 1219 147 28 hofrätterna,
640 1219 63 22 hafva
728 1219 69 22 under
821 1220 47 22 hela

106 1252 104 27 perioden
236 1254 141 21 1843—1890
399 1253 36 22 vid
450 1254 64 22 dessa
530 1254 119 22 domstolar
665 1254 56 21 varit
736 1254 131 28 anhängiga,

104 1286 139 23 oberäknadt
265 1286 110 23 fiskaliska
399 1288 107 26 aktioner,
529 1288 159 27 sammanlagdt
713 1288 89 27 193,417
818 1288 49 26 mål,

105 1321 64 22 deraf
190 1323 77 25 99,289
291 1322 62 22 civila
376 1322 39 22 och
437 1323 79 27 94,128
539 1323 120 21 kriminela.
689 1323 11 21 I
716 1323 70 21 denna
804 1322 64 22 total-

104 1362 87 16 summa
209 1356 52 28 ingä
276 1357 26 21 de
317 1357 58 21 olika
390 1357 147 22 hofrätterna:
560 1350 46 28 Äbo
622 1357 83 22 hofrätt
720 1357 48 22 med
784 1358 83 26 73,487,

106 1390 67 22 Wasa
183 1390 84 23 hofrätt
277 1391 48 22 med
336 1392 78 26 46,956
426 1392 39 21 och
473 1392 100 27 Wiborgs
583 1392 83 21 hofrätt
676 1392 49 22 med
734 1393 77 26 72,974
819 1392 48 22 mäl.
