1103 1700
373 138 27 21 U.
415 138 26 21 B.
454 137 157 22 111-XXXI.
832 138 13 20 5

335 209 23 20 är
376 208 50 20 1881
445 208 48 27 Ing
508 212 98 22 709,097!
622 207 34 26 65.

376 243 53 20 1882
462 259 10 11 ,
508 242 98 26 837,398:
622 242 34 26 78.

339 259 10 11 ”

335 292 12 10 »
373 277 54 26 1883
457 292 12 9 »
506 277 98 25 797,248:
620 276 34 20 68.

339 328 10 10 n
376 312 55 24 1884
459 326 12 10 »
508 310 98 27 688,702:
622 315 34 22 77.

339 362 10 11 n
373 345 60 27 1885
461 360 12 10 »
507 351 101 20 551502
624 351 35 21 90.

341 396 9 11 n
377 380 54 20 1886
462 396 10 11 »
510 380 95 26 537,879:
622 385 34 15 21.

339 431 9 11 »
376 414 53 26 1887
460 430 10 11 n
509 414 96 26 518,018:
623 413 32 27 56.

338 465 10 11 n
376 449 53 19 1888
458 464 12 9 »
508 448 97 26 528,593!:
624 454 31 19 14.

339 500 9 10 n
376 483 54 26 1889
461 499 9 11 »
509 483 97 25 528,248:
622 482 34 26 96.

337 534 10 10 n
372 517 59 27 1890
462 534 10 11 »
502 516 106 28 477,960:
622 516 35 21 60.

337 567 12 10 »
373 551 57 28 1891
460 567 11 9 »
502 550 107 29 458,965:
622 558 35 20 04.

372 586 59 28 1892
459 602 11 9 »
502 586 106 28 498.459:
621 591 34 22 75-

338 603 9 11 SI

185 667 48 20 Den
247 668 128 26 minskning,
391 674 48 13 som
455 667 55 26 egde
527 673 45 14 rum
589 667 59 26 1885,
665 666 109 21 hvarefter
789 665 81 22 inkom-

115 703 48 18 sten
185 701 44 20 höll
250 702 33 26 sig
303 701 103 27 temligen
426 701 58 26 jemn
503 701 31 21 till
549 701 41 20 och
606 701 50 20 med
674 701 60 26 1889,
750 700 64 21 torde
829 700 42 21 för-

114 735 114 27 nämligast
243 737 54 19 varit
313 743 26 13 en
354 735 52 27 följd
421 735 25 21 af
458 736 120 27 temporärt
589 735 106 26 beviljade
707 735 164 26 nedsättningar

114 771 7 19 i
143 769 177 28 kanalafgifterna
335 770 33 20 för
383 770 97 20 trävaror
496 771 12 19 ä
523 769 73 21 Saima
610 769 70 21 kanal.
710 769 160 21 Inkomsternas

114 803 125 28 ytterligare
252 804 128 27 nedgäende
393 804 46 21 frän
452 805 54 25 1890
514 805 23 19 är
545 805 45 20 äter
597 804 95 21 närmast
701 811 26 13 en
736 803 52 26 följd
796 803 24 20 af
830 803 42 20 den

114 845 43 19 nya
163 838 113 27 lindrigare
284 841 53 18 taxa
345 838 32 21 för
385 838 100 27 samtliga
493 838 93 25 kanaler,
595 838 86 21 hvilken
690 838 126 21 utfärdades
829 837 42 20 den

113 872 14 20 6
152 879 56 14 mars
233 873 54 26 1890
305 876 32 17 att
352 873 57 27 gälla
424 873 31 20 till
470 873 42 20 och
527 873 50 20 med
593 873 23 20 är
634 873 59 26 1894.
724 873 35 20 Dä
774 871 95 22 kanaler-

113 913 39 13 nas
175 907 86 26 uppgift
283 907 48 20 icke
353 909 6 18 i
379 907 89 20 främsta
484 911 90 17 rummet
590 907 23 20 är
629 907 41 20 den
685 910 33 17 att
733 907 59 26 gifva
808 909 63 18 stats-

113 940 100 25 inkomst,
229 948 49 13 men
296 941 34 20 väl
347 945 32 17 att
394 941 101 20 befordra
510 941 153 25 varurörelsen,
680 942 70 20 mäste
766 948 26 13 en
808 941 63 20 mätt-

114 975 30 26 lig
159 975 116 21 kanaltaxa
290 983 62 13 anses
368 975 175 27 ändamälsenlig.

182 1009 135 20 Postverkets
331 1010 118 20 inkomster
462 1010 63 20 hafva
536 1010 67 20 under
615 1011 50 19 åren
679 1010 107 25 1889—091
801 1009 69 20 öfver-

113 1044 61 25 stigit
181 1043 115 27 utgifterna
303 1044 50 20 med
363 1051 58 20 resp.
430 1043 82 27 57,627:
524 1044 56 20 16
588 1045 130 25 —193,151:18
726 1044 42 20 och
779 1043 89 27 169,193

112 1082 35 20 40.
179 1077 51 21 Med
245 1078 121 27 anslutning
381 1078 31 21 till
428 1078 41 20 den
485 1078 24 20 af
521 1078 168 21 Statsutskottet
705 1079 23 19 är
746 1079 50 25 1891
810 1079 60 20 med-

113 1111 78 21 delade
213 1112 94 21 statistik
329 1112 60 21 öfver
405 1113 133 27 postverket,
554 1113 82 20 lemnas
652 1113 38 20 här
706 1112 93 27 följande
815 1119 54 14 sam-

112 1146 159 27 manställning
262 1142 13 35 :

135 1227 24 15 Ar
205 1227 49 15 Antal
267 1230 47 18 post-
338 1227 50 16 Antal
401 1228 75 20 postför-
547 1228 82 16 Inkomst.
758 1228 58 20 Utgift.

220 1246 83 29 anstalter.
363 1250 87 16 sändelser

358 1272 5 17 i
375 1272 82 18 tusental.

115 1307 52 20 1882
249 1312 39 21 143
382 1313 60 20 9,211
526 1312 98 21 902,594!
641 1308 23 20 81
720 1308 98 26 783,379:
837 1312 31 21 15.

114 1341 53 25 1889
249 1342 37 25 385
371 1341 74 26 16,428
507 1346 117 22 1,413,957:
642 1347 22 21 31
701 1341 116 27 1,356,330:
836 1346 31 22 15.

114 1371 53 35 1890
247 1381 38 19 421
370 1376 76 25 18,240
507 1376 116 25 1,608,482:
640 1381 26 21 23
700 1381 117 21 1,415,331:
834 1380 34 22 05.

114 1409 49 26 1891
246 1414 42 21 477
368 1409 78 25 20,266
466 1405 18 41 —
508 1410 116 26 1,738,537:
640 1410 29 25 64
701 1410 117 26 1,569,344:
834 1415 34 20 24.

113 1444 52 25 1892
248 1448 37 21 541
367 1449 79 20 22,144
506 1444 117 26 1,808,899:
640 1444 26 26 87
700 1444 116 26 1,748,356:
832 1444 35 26 96:

180 1483 131 16 Statsutskottets
323 1483 104 16 betänkande
440 1484 34 15 N:o
484 1488 18 15 3.
