1103 1700
293 135 28 21 44

265 192 95 28 Danken,
375 197 46 16 som
438 191 34 23 för
487 191 131 23 närvaxande
634 191 130 28 ombesörjas
778 190 24 22 af
814 190 73 28 förste,
903 192 64 21 andre
979 190 42 24 och

265 226 68 27 tredje
351 226 143 25 kamreraren,
517 225 69 22 skulle
605 224 84 28 jemlikt
712 225 36 21 det
766 232 40 20 nya
823 205 196 51 bankreglementet

266 260 65 21 blifva
349 260 109 21 fördelade
477 260 89 21 emellan
586 260 217 21 bankkommissarien
822 262 55 19 samt
894 259 67 22 förste
980 259 39 21 och

266 294 66 22 andre
347 294 143 22 kamreraren.
520 294 31 21 Pä
568 294 68 26 grund
654 294 64 21 häraf
731 300 50 15 anse
796 294 201 27 Bankfullmäktige,
1012 293 7 21 i

265 329 68 21 likhet
352 328 48 21 med
414 328 202 26 Bankdirektionen,
631 330 32 19 att
681 328 161 27 ifrägavarande
863 328 156 21 bankkommis-

267 363 120 27 sarietjenst
409 368 73 22 genom
506 362 131 22 inrättandet
656 362 22 22 af
695 364 31 20 ett
744 362 67 28 fjerde
830 362 190 22 direktörsembete

266 397 115 27 ingalunda
397 397 39 21 blir
450 396 131 27 öfverflödig.

335 431 95 21 Emedan
450 431 40 21 den
506 431 31 21 tid
553 431 22 21 af
589 431 42 21 fem
646 431 30 27 &r,
692 431 33 21 för
740 431 84 21 hvilken
841 431 95 21 tillständ
953 430 67 22 erhäl-

267 466 36 21 lits
327 467 32 19 att
381 466 6 20 i
409 465 73 22 Kotka
504 466 47 21 stad
570 466 126 26 öppenhälla
716 467 31 20 ett
766 465 138 27 provisionelt
919 464 101 22 Finlands

267 500 71 21 Banks
361 500 83 25 kontor,
466 500 68 21 under
556 500 24 20 är
600 500 55 22 1895
673 500 134 26 tilländagär,
825 499 22 21 fä
862 498 158 22 Bankfullmäk-

267 534 43 27 tige
325 534 118 26 hemställa,
452 535 32 20 att
498 534 92 21 nämnda
606 534 140 26 bankkontor,
762 540 44 15 som
817 534 55 21 visat
882 533 32 27 sig
925 533 34 21 väl
970 533 51 21 bära

268 568 283 27 förvaltningskostnaderna
568 570 56 20 samt
642 569 96 27 uppfylla
756 570 31 20 ett
806 568 91 27 verkligt
915 567 66 22 behof
994 566 27 28 pä

268 605 67 24 orten,
349 602 56 27 finge
419 603 27 27 pä
460 603 106 21 ordinarie
581 603 31 21 fot
627 603 74 21 ställas
716 605 54 19 samt
786 603 73 21 dervid
875 602 81 21 erhälla
971 607 48 16 ena-

269 637 70 22 handa
358 637 146 28 aflöningsstat
520 643 44 15 som
580 637 104 22 kontoren
699 637 6 21 i
720 638 102 25 Joensuu,
838 637 32 21 S:t
885 636 84 26 Michel,
984 636 37 27 Jy-

269 671 88 27 väskylä
375 672 39 21 och
434 672 123 21 Sordavala.
587 672 9 21 I
612 672 76 21 sådant
703 672 98 22 afseende
816 671 38 22 har
870 671 30 21 till
917 671 26 21 de
959 671 6 20 i
981 670 11 27 $
1008 671 13 20 8

269 705 23 22 af
309 706 36 21 det
363 712 42 21 nya
423 706 197 27 bankreglementet
635 706 139 27 uppräknade
789 705 106 22 ordinarie
912 705 109 21 bankkon-

269 743 61 18 toren
345 741 123 26 ytterligare
483 740 69 27 fogats
567 741 100 20 kontoret
681 741 7 20 i
704 740 78 21 Kotka.

338 775 72 26 Enligt
433 775 11 27 $
470 775 39 21 138
532 775 6 20 i
561 781 28 14 nu
611 775 98 27 gällande
727 775 129 26 reglemente
874 773 33 22 för
921 773 100 22 Finlands

272 809 59 20 Bank
351 809 44 26 bör.
414 809 7 21 i
439 809 101 21 händelse
554 809 66 21 behof
633 809 139 27 uppkommer
787 810 33 19 att
835 808 67 21 ändra
917 808 69 26 nägon
1001 807 23 22 af

271 843 27 21 de
315 843 33 21 för
367 843 89 22 Banken
472 843 98 27 gällande
588 843 139 26 föreskrifter,
746 843 73 21 dervid
837 842 100 22 förhällas
957 841 67 28 enligt

271 877 127 28 stadgandet
413 878 6 20 i
435 877 11 28 $
463 878 23 20 11
504 877 24 22 af
540 877 78 27 nådiga
632 877 156 27 förordningen,
798 876 107 28 angående
921 876 103 27 styrelsen

271 912 40 21 och
329 911 155 26 förvaltningen
499 912 23 21 af
534 912 101 21 Finlands
650 912 68 26 Bank,
733 911 72 27 gifven
821 911 41 21 den
878 911 12 20 9
905 910 118 21 December

274 946 59 23 1867,
352 946 7 21 i
378 946 85 21 hvilken
479 946 11 27 &
506 946 45 21 åter
566 947 99 20 hänvisas
680 947 33 20 till
728 946 56 21 hvad
800 945 24 28 $$
839 946 34 26 40,
889 946 35 25 41,
939 945 28 22 42
983 945 39 21 och

271 981 28 20 43
315 980 23 21 af
353 981 55 21 1772
423 981 33 21 års
471 981 171 27 Regeringsform
658 987 33 15 om
701 980 107 28 lagfrägor
819 980 82 26 stadga.
928 979 95 22 Bestäm-

271 1014 104 27 ningarna
393 1015 7 20 i
415 1015 132 21 förstnämda
561 1015 11 27 $
587 1015 64 22 hafva
665 1015 117 21 emellertid
797 1015 7 20 i
820 1015 36 20 det
872 1014 21 21 af
907 1013 118 22 Ständerna

272 1050 93 25 antagna
383 1049 78 28 förslag
478 1049 33 22 till
529 1051 47 26 nytt
590 1049 129 28 reglemente
734 1049 70 21 blifvit
818 1048 183 26 omformulerade,
1016 1048 7 21 i

273 1083 36 21 det
323 1083 107 27 nämligen
444 1084 147 21 motsvarande
607 1084 18 27 8,
641 1084 50 21 eller
707 1083 11 28 8
731 1085 32 25 17,
776 1083 22 21 af
806 1083 129 21 Ständernas
945 1082 79 26 förslag

272 1117 86 28 stadgar
381 1119 32 20 att
435 1118 20 26 ,i
474 1118 60 28 fräga
552 1124 33 16 om
601 1118 89 27 ändring
708 1119 8 21 i
735 1118 145 26 reglementet,
899 1117 67 21 ehvad
981 1116 42 22 för-

273 1152 67 26 slaget
355 1152 72 21 dertill
440 1152 62 27 utgär
516 1153 47 21 frän
578 1153 103 27 Kejsaren
696 1153 40 21 och
751 1152 132 22 Storfursten
899 1152 50 21 eller
961 1151 62 21 Stän-

272 1186 71 27 derna,
363 1187 62 26 gälle,
443 1189 59 19 utom
520 1188 8 20 i
546 1187 26 21 de
588 1188 31 20 uti
635 1188 26 20 15
676 1187 11 27 &
703 1186 139 22 omförmälda
857 1186 45 26 fall,
918 1185 56 22 hvad
989 1191 34 15 om

272 1220 111 22 stiftandet
401 1221 22 21 af
440 1222 78 20 allmän
534 1222 34 26 lag
583 1224 24 18 är
622 1222 119 26 stadgadt.'*
772 1221 75 21 Ehuru
862 1220 69 21 denna
946 1220 78 21 formu-

273 1254 67 28 lering
358 1255 48 21 icke
424 1256 88 20 innebär
530 1256 51 21 eller
600 1256 63 21 afsett
678 1256 69 26 nägon
763 1255 69 27 saklig
847 1255 89 26 ändring
951 1254 24 21 af
989 1254 36 21 be-

273 1290 158 26 stämningarna
452 1290 8 20 i
478 1290 183 27 ofvanäberopade
679 1289 175 29 lagstadganden,
873 1288 71 22 kunde
962 1288 63 27 dock,

272 1326 51 20 enär
339 1324 66 28 enligt
419 1324 12 28 &
446 1325 27 21 76
488 1325 23 21 af
519 1324 137 28 lagförslaget
667 1325 42 21 alla
720 1324 46 22 deri
776 1324 48 21 icke
835 1323 120 27 åberopade
967 1323 57 21 stad-

272 1359 84 27 ganden
371 1359 90 21 rörande
475 1358 100 22 Finlands
585 1359 60 21 Bank
655 1365 51 15 vore
716 1358 116 28 upphäfda,
843 1358 39 21 hos
892 1357 132 27 Regeringen

272 1400 27 14 en
317 1394 90 20 motsatt
425 1392 135 28 uppfattning
578 1395 52 25 göra
649 1394 32 26 sig
698 1393 99 27 gällande
813 1392 39 22 och
867 1392 100 27 möjligen
982 1392 43 21 för-

271 1427 78 21 anleda
363 1427 33 21 till
404 1427 86 27 vägrad
504 1427 134 22 staafästelse
655 1427 22 22 af
690 1427 145 28 lagförslaget.
860 1426 49 21 Med
925 1426 100 21 afseende

271 1460 53 22 härä
345 1461 65 22 hafva
424 1444 201 46 Bankfullmäktige
647 1447 77 37 ansett
740 1457 39 38 att,
793 1448 42 35 till
853 1460 136 22 undvikande
1003 1460 24 22 af
