1103 1700
372 136 28 22 U.
415 136 25 21 B.
456 136 156 21 II[-XXXI.
821 138 27 20 13

113 212 75 20 garna
203 205 53 21 eller
264 206 33 26 pä
312 205 83 27 nädiga
405 205 167 27 förordnanden
585 205 122 27 grundade,
724 212 47 14 men
786 206 10 20 i
806 208 70 18 staten

123 240 37 20 cke
181 242 110 24 upptagna
306 239 66 27 behof,
389 240 127 20 observeras
533 241 5 19 i
554 240 201 27 kapitalräkningen
771 240 105 27 tillfälliga

116 274 42 20 och
181 274 140 20 oförutsedda
342 274 89 27 utgifter
455 273 27 21 af
499 273 147 27 hvarjehanda
661 274 53 26 slag,
731 274 46 20 dels
793 274 83 20 sädana

115 315 49 13 som
185 308 29 27 pä
228 308 69 27 grund
312 308 25 21 af
349 308 137 27 stadganden
502 309 5 19 i
523 308 60 27 lagar
599 308 42 20 och
656 308 151 27 förordningar
822 308 53 21 böra

115 344 6 19 i
144 342 177 21 förekommande
337 342 35 21 fall
387 342 114 25 bestridas,
518 342 46 20 dels
581 342 28 20 de
624 342 172 21 extraordinarie
811 343 63 27 utgif-

115 380 39 22 ter,
170 376 32 21 till
217 376 71 21 hvilka
303 377 60 20 Hans
378 376 103 26 Majestät
496 376 76 21 bifallit
587 378 102 25 antingen
699 376 37 21 vid
746 376 130 28 pröfningen

115 411 26 20 af
159 411 42 20 den
223 418 17 12 s.
263 410 20 21 k.
307 410 157 27 statskalkylen
487 410 33 21 för
535 411 46 20 äret
597 410 42 20 och
654 410 28 20 de
697 412 7 18 i
719 411 156 27 sammanhang

116 445 89 21 dermed
226 444 25 21 af
262 444 95 22 Senaten
372 444 76 28 gjorda
464 444 158 28 utgiftsförslag
638 444 51 21 eller
704 445 42 20 ock
762 446 29 26 pä
806 446 69 26 grund

117 480 25 20 af
161 479 105 21 särskilda
289 479 185 27 framställningar.
505 478 103 21 Summan
630 479 25 20 af
674 479 27 20 de
718 479 93 27 utgifter,
827 486 48 14 som

115 514 68 20 under
203 514 92 20 berörda
317 513 72 21 rubrik
411 513 99 21 bokförts
534 514 50 20 ären
609 513 145 27 1889—1891,
775 514 99 26 utgjorde

115 556 57 20 resp.
191 549 116 26 1,353,834:
325 552 32 23 57,
374 560 27 2 —
417 547 121 27 2,176.927!
556 553 32 20 14,
604 560 27 2 —
647 545 41 23 och
707 553 117 22 1,013,231:
842 554 32 15 11.

115 583 9 20 I
146 583 75 26 sjelfva
236 583 160 26 statsförslaget
412 583 92 20 svarade
519 582 99 21 häremot
634 583 76 20 endast
726 586 31 17 ett
773 583 101 27 förslags-

115 617 76 27 anslag
215 617 26 20 af
263 622 77 21 50,000
362 616 67 25 mark,
452 616 83 21 hvilket
557 617 50 20 med
630 616 47 21 skäl
698 616 43 21 kan
755 617 119 21 betecknas

115 652 73 20 såsom
203 658 27 13 en
246 651 147 27 oegentlighet
409 652 6 19 i
430 651 265 26 budgetuppställningen.
726 651 51 20 Men
793 653 4 18 i
805 653 69 19 stats-

115 685 107 27 förslagen
245 685 33 20 för
303 686 53 25 1892
386 685 42 20 och
446 685 53 26 1893
516 685 24 20 är
555 685 42 20 den
612 685 93 20 nämnda
720 685 154 28 anslagsrubri-

115 719 42 22 ken
179 719 51 26 höjd
253 719 31 21 till
309 725 90 19 100,000
421 719 61 20 mark
504 719 43 20 och
570 719 124 21 derutöfver
717 727 26 13 en
758 727 29 19 ny
803 719 71 21 rubrik

115 753 77 26 införd,
208 753 108 27 nämligen
335 753 124 27 Tillfälliga
474 753 89 26 nädigst
577 753 107 28 beviljade
694 754 81 26 anslag
776 755 45 26 för
828 755 45 19 sär-

114 788 72 20 skilda
211 787 166 25 statsändamä!,
404 787 31 21 till
458 787 82 28 belopp
563 788 21 20 af
606 793 93 20 400,000
713 788 67 21 mark.
798 800 24 3 —
838 788 35 21 De

113 825 56 18 mest
185 822 125 26 betydande
325 822 25 20 af
362 822 27 20 de
405 821 105 28 tillfälliga
525 822 115 27 utgifterna
658 823 108 26 1889—091
785 823 38 20 äro
834 822 38 21 föl-

110 857 75 26 jande:
216 856 33 21 för
271 856 140 21 anskaffande
434 856 26 21 af
478 856 249 27 isbrytareängfartyget
752 856 118 27 ,Murtaja*

113 891 100 26 781,343!
228 890 34 26 46,
279 891 128 20 subvention
423 891 22 20 ät
461 890 79 21 Finska
552 891 278 26 ängfartygsaktiebolaget
840 891 32 20 för

112 925 191 26 upprätthällande
315 925 24 20 af
344 925 147 26 regelbunden
499 925 224 26 ängbätsförbindelse
731 925 50 20 med
792 925 79 20 Frank-

113 959 45 20 rike
181 959 41 20 och
246 958 101 28 Spanien,
371 960 6 19 i
393 962 32 17 ett
441 959 32 20 för
489 959 37 20 allt
542 964 98 19 200,000:
656 971 33 13 —,
706 959 120 27 ersättning
840 959 32 21 till

114 993 101 20 Finlands
230 993 61 20 Bank
307 993 32 20 för
355 993 76 20 förlust
441 994 12 19 ä
465 993 126 20 realisation
602 993 24 20 af
636 993 134 27 silfvermynt
780 998 89 21 797,501

112 1032 34 21 73,
163 1029 100 25 rensning
279 1027 24 20 af
315 1027 67 21 farled
398 1028 12 19 ä
426 1027 111 20 Puulavesi
553 1027 31 26 sjö
600 1032 83 21 73,000:
700 1039 34 13 —,
750 1027 32 21 till
792 1028 79 20 undan-

112 1061 112 20 skaffande
239 1061 25 20 af
275 1062 93 26 grundet
383 1061 91 20 Lonnan
487 1063 5 18 i
509 1061 135 27 Helsingfors
659 1061 53 21 redd
728 1066 94 21 105,200:
836 1073 34 14 —,

112 1095 88 27 (hvilket
222 1095 76 21 arbete
319 1095 58 21 kräft
397 1095 127 27 ytterligare
547 1095 193 28 tillskottsanslag),
764 1096 66 27 inköp
850 1096 25 21 af

111 1130 142 27 Ristseppälä
264 1130 172 27 donationsgods
447 1129 99 27 639,977:
558 1134 33 22 75,
603 1129 140 28 sjöfällnings-
752 1130 41 21 och
803 1138 67 13 moss-

111 1164 226 27 uttorkningsarbeten
353 1165 98 25 209,008:
469 1170 32 20 34,
518 1164 66 27 inköp
600 1164 24 20 af
637 1168 31 17 ett
683 1165 143 20 mudderverk
840 1164 31 22 till

110 1198 79 28 Hangö
215 1203 95 22 125,000:
333 1210 34 9 —.
390 1198 139 21 Beträffande
552 1199 28 20 de
604 1199 81 20 mindre
708 1202 103 24 posterna
832 1199 39 21 har

111 1233 211 27 uppmärksammats
340 1236 32 18 att
388 1233 98 27 anslaget
498 1234 46 26 för
560 1233 155 27 briljanterade
731 1234 77 26 ringar
821 1234 53 20 eller

111 1268 72 20 andra
198 1267 192 21 nådevedermälen
405 1268 23 20 år
446 1268 51 26 1891
520 1269 55 19 varit
591 1268 109 27 betydligt
715 1268 68 27 högre
801 1268 27 21 än
843 1268 28 21 de

110 1302 132 27 föregående
257 1303 58 19 åren.
345 1302 68 21 Detta
428 1302 64 20 beror
508 1302 74 27 derpå,
600 1306 31 16 att
647 1302 69 21 större
731 1302 140 27 gratifikatio-

110 1343 38 13 ner
169 1336 103 21 tilldelats
293 1336 66 27 några
382 1336 55 26 högt
458 1336 90 21 stående
568 1336 141 21 embetsmän.
725 1348 28 4 —
768 1336 103 28 Angåen-

110 1370 28 20 de
165 1370 38 21 det
224 1371 24 19 år
273 1371 54 25 1890
351 1370 107 26 beviljade
483 1370 99 26 anslaget
606 1376 79 19 20,000
709 1370 61 21 mark
792 1371 32 20 för
843 1378 27 14 en

104 1404 177 27 Jrysinrättning
300 1404 9 20 i
324 1404 82 26 Hangö
423 1404 43 20 kan
484 1404 128 25 framhållas,
631 1408 32 17 att
683 1404 123 22 ändamålet
823 1405 47 21 der-

179 1479 132 16 Statsutskottets
324 1479 104 16 betänkande
440 1479 35 15 N:o
485 1483 18 16 3.
