1103 1700
258 144 27 20 26
491 142 27 22 U.
534 142 25 22 B.
575 142 157 22 III-XXXI.

228 212 32 27 af
277 212 41 20 den
326 212 129 27 disponibla
470 211 148 28 behållningen
640 212 11 20 i
662 212 115 20 kontanter
789 212 67 21 skildt
868 212 55 24 från
938 212 51 20 vär-

229 246 37 20 det
283 247 30 27 af
323 246 213 28 statsjernvägarnes
545 246 137 27 fastigheter,
699 254 27 13 m.
743 254 27 13 m.

299 280 79 25 Ehuru,
402 280 49 20 med
474 280 116 27 anledning
612 280 25 21 af
649 280 179 22 Statsutskottets
843 280 37 21 vid
902 283 87 18 senaste

229 314 106 27 landtdag
357 314 76 27 gjorda
455 314 147 27 anmärkning,
626 315 36 20 vid
686 315 154 27 uppgörandet
862 315 25 20 af
897 314 92 28 kapital-

229 348 144 27 räkningarna
388 348 45 21 frän
448 348 42 20 och
506 348 32 21 för
554 349 22 20 är
595 350 53 25 1890
661 349 193 27 uppmärksamhet
869 352 76 24 egnats
961 348 28 21 de

229 383 127 26 betydande
377 383 176 27 skiljaktigheter,
576 390 48 13 som
639 384 93 26 tidigare
747 383 136 21 förekommit
899 383 90 21 emellan

228 417 105 21 inkomst-
356 418 41 20 och
418 418 153 26 utgiftsposter
592 418 32 20 för
644 417 142 28 jernvägarne
802 420 6 18 i
823 417 166 27 kapitalräknin-

227 458 68 20 garna
323 452 42 20 och
385 451 225 27 Jernvägsstyrelsens
635 447 169 30 ärsberättelser,
828 452 44 20 har
889 452 54 20 dock
965 458 24 14 en

224 486 141 26 fullständig
386 486 220 26 öfverensstämmelse
628 486 9 20 i
656 486 62 20 dessa
739 488 58 18 ännu
817 486 44 20 icke
881 486 107 26 uppnåtts.

228 519 96 21 Sälunda
341 520 102 26 päträffas
460 520 134 27 exempelvis
612 520 42 20 den
669 522 5 18 i
685 520 224 27 Jernvägsstyrelsens
918 520 71 20 berät-

228 554 56 21 telse
305 557 112 24 upptagna
440 554 140 21 slutsumman
595 554 26 21 af
632 555 117 26 utgifterna
765 554 32 21 för
812 554 177 27 statsjernvägar-

227 595 40 14 nes
290 589 111 20 underhäll
423 589 97 20 fördelad
544 590 6 19 i
572 589 226 27 kapitalräkningarna
819 590 29 26 pä
866 589 122 20 rubrikerna

228 623 71 26 utgift,
317 623 91 26 afföring
423 623 42 20 och
481 623 120 27 leverering
616 627 60 16 utom
691 623 81 22 verket.
796 623 26 27 Ej
838 623 66 20 heller
919 623 70 20 öfver-

228 657 145 21 ensstämmer
388 657 175 27 uppställningen
578 659 6 19 i
603 658 27 20 de
648 657 135 27 jemförande
802 657 110 21 tabläerna
927 657 61 26 (XIV

228 692 41 19 sid.
289 691 90 27 12—27)
395 691 49 20 med
460 692 140 26 uppgifterna
611 693 6 19 i
630 691 231 28 kapitalräkningarna.
887 691 28 20 Sä
927 695 15 16 t.
953 699 34 13 ex.

229 725 165 21 sammanfattas
416 727 5 18 i
437 726 27 20 de
480 725 149 21 förstnämnda
644 726 146 21 kostnaderna
806 726 33 20 för
855 725 133 21 underhället

229 760 51 20 med
308 759 116 28 utgifterna
450 760 32 20 för
507 761 164 26 nybyggnader,
697 767 48 13 som
770 760 42 21 öka
834 760 153 26 jernvägarnes

228 794 158 27 kapitalvärde,
411 794 40 20 och
474 794 33 21 för
526 795 96 24 arbeten,
639 794 71 21 hvilka
726 795 77 20 utförts
818 794 50 20 med
883 794 104 20 särskilda

229 831 83 24 anslag.

300 863 49 20 Den
372 863 113 26 betydliga
506 863 109 27 ökningen
630 865 6 18 i
652 863 76 20 värdet
745 863 24 20 af
781 863 207 26 statsjernvägarnes

229 897 129 27 fastigheter
378 898 41 20 och
439 899 129 19 inventarier
583 898 67 20 under
666 898 27 19 de
709 899 22 19 är
746 897 118 21 relationen
880 897 107 24 omfattar,

229 931 88 21 hvilken
340 932 80 26 ökning
440 932 92 26 framgär
553 939 23 12 ur
592 932 41 19 den
649 932 109 26 utgäende
773 931 108 25 balansen,
895 931 93 26 jemförd

229 966 52 20 med
297 966 42 20 den
355 966 111 27 ingående,
482 966 64 20 beror
562 965 47 21 icke
624 965 56 21 blott
695 967 29 26 pä
740 966 27 20 de
778 965 111 27 ansenliga
900 965 87 27 belopp»

229 1006 50 14 som
300 1000 25 20 af
343 1000 247 27 exploatationsvinsten
606 1000 106 21 användts
727 1000 31 20 till
773 1000 158 26 nybyggnader
947 999 42 20 och

230 1033 67 28 rörlig
318 1034 102 25 materiel,
440 1037 51 18 utan
510 1034 80 26 jemväl
611 1035 74 26 derpä,
701 1037 33 18 att
749 1033 192 28 tastighetsvärdet
957 1033 32 21 för

231 1068 102 25 Vasklot,
351 1068 66 21 Wasa
433 1069 41 20 och
490 1068 103 27 Wiborgs
608 1068 123 27 hamnspär,
743 1068 105 21 särskilda
859 1067 130 28 komplette-

230 1103 151 26 ringsarbeten
396 1106 55 17 samt
467 1102 105 21 Savolaks
589 1103 42 20 och
646 1103 74 20 Kotka
736 1103 68 20 banor
820 1102 111 21 äfvensom
942 1102 47 21 vär-

230 1136 40 22 det
292 1137 25 20 af
335 1137 64 27 rörlig
417 1137 97 21 materiel
529 1138 33 20 för
577 1138 132 20 sistnämnda
725 1138 37 20 två
778 1138 68 20 banor
860 1137 129 27 uppdebite-

229 1174 46 18 rats
291 1171 31 21 till
337 1172 27 20 de
374 1171 88 27 belopp,
472 1178 47 14 som
528 1172 97 26 angifvas
634 1173 6 19 i
649 1175 89 17 noterna
751 1172 32 20 till
791 1171 66 21 tabell
865 1171 14 20 I.
893 1171 48 27 (sid.
952 1171 37 26 28)

301 1205 34 21 Af
347 1206 108 20 bokslutet
471 1206 60 26 (XIV
544 1213 28 13 ss.
588 1206 20 24 6,
620 1211 18 21 7,
651 1207 20 25 8)
687 1206 99 26 framgår,
796 1209 31 17 att
843 1205 146 21 kommunika-

230 1240 153 20 tionsfondens
407 1240 85 20 skulder
513 1240 31 20 till
567 1240 96 20 enskilda
679 1244 56 16 samt
750 1240 32 21 till
797 1240 135 26 bevillnings-
947 1239 42 20 och

231 1274 144 20 statsverkets
397 1274 75 20 fonder
487 1274 37 20 vid
539 1275 109 26 utgången
663 1274 25 20 af
700 1275 23 20 är
742 1275 52 25 1892
810 1274 50 20 med
879 1274 106 26 1,018,851

231 1308 62 20 mark
315 1308 28 26 69
364 1309 64 25 penni
450 1308 125 26 öfverstego
597 1308 90 21 fondens
712 1308 121 28 disponibla
855 1308 134 26 tillgångar
974 1304 18 36 i

230 1342 118 20 kontanter
368 1342 41 20 och
425 1342 148 26 obligationer,
590 1343 78 19 medan
683 1343 77 20 värdet
776 1342 25 20 af
812 1342 178 27 statsjärnvägar-

232 1383 40 13 nes
295 1376 133 26 fastighetar,
452 1378 128 18 inventarier
599 1380 55 17 samt
673 1377 116 27 uppköpta
805 1376 127 21 materialier
948 1376 41 20 och

231 1411 6 19 i
257 1410 90 20 arbeten
368 1410 84 20 bundna
472 1410 94 21 förskott
578 1410 68 26 jemte
660 1410 122 28 fordringar
796 1411 51 20 med
862 1410 124 26 83,996,651

304 1485 130 15 Statsutskoltets
446 1484 103 16 betänkande
562 1484 34 16 N:o
605 1489 19 15 3.
