1103 1700
476 116 22 21 H
801 117 39 20 115

107 184 21 21 S.
144 184 46 22 utfä
213 184 40 22 den
269 185 125 26 ersättning,
412 184 87 22 hvartill
514 184 32 26 L.,
563 184 72 22 derest
650 184 53 22 hans
721 185 58 21 talan
796 185 72 22 befun-

106 225 37 15 nes
166 219 104 26 grundad,
293 218 71 22 blefve
379 218 131 28 berättigad,
526 220 57 20 samt
598 220 34 20 att
647 219 221 27 medicinalstyrelsen

107 253 25 21 sä
147 253 85 27 mycket
247 253 68 22 hellre
330 253 55 26 bort,
402 254 7 20 i
425 253 95 27 enlighet
536 254 48 20 med
601 254 11 26 $
623 254 27 20 22
662 254 6 20 i
679 253 79 27 nådiga
774 254 94 22 instruk-

106 288 72 20 tionen
201 287 33 21 för
256 288 112 26 collegium
391 288 107 20 medicum
515 287 23 21 af
553 288 39 20 den
609 288 13 20 8
637 288 104 21 Februari
758 289 54 21 1816
828 288 39 22 och

107 322 11 27 8
136 323 25 19 19
177 322 7 20 i
199 322 80 26 nådiga
300 322 153 26 förordningen
477 322 41 22 den
534 323 12 20 7
562 322 62 27 April
642 323 54 20 1830
712 324 109 25 angående
837 323 31 20 öf-

107 356 140 27 verstyrelsen
263 356 33 22 för
315 356 197 28 medicinalverket,
529 356 131 22 öfverlemna
671 357 67 21 saken
748 358 34 20 till
793 357 75 21 veder-

107 390 70 28 börlig
199 391 103 22 domstols
325 391 140 27 behandling,
489 398 46 14 som
558 391 37 21 det
615 392 66 21 redan
696 391 24 21 af
734 392 26 21 de
776 392 33 21 till
825 397 43 15 me-

108 424 183 28 dicinalstyrelsen
307 426 7 20 i
330 425 117 27 anledning
470 425 22 21 af
513 426 36 20 L:s
573 425 81 27 klagan
672 426 102 21 inkomna
789 426 79 21 förkla-

107 459 100 27 ringarna
223 462 72 25 syntes
315 459 65 22 hafva
395 459 112 27 framgätt,
523 462 33 19 att
572 460 23 21 L.
612 460 129 21 ätminstone
756 460 19 27 ej
791 460 77 27 ifräga-

107 494 93 22 varande
215 495 32 21 tid
263 495 55 20 varit
333 494 103 22 behäftad
451 495 50 21 med
516 494 101 22 venerisk
632 494 80 26 smitta,
728 500 47 16 som
784 494 84 27 jemlikt

107 529 12 27 $
135 530 12 20 5
163 529 7 21 i
185 528 78 27 nådiga
285 529 157 21 instruktionen
459 529 33 21 för
508 529 223 27 provincialläkarene
748 529 23 21 af
786 529 39 21 den
842 530 24 19 17

107 564 89 21 Januari
220 564 54 21 1832
297 564 68 21 skulle
388 564 35 21 för
438 563 231 22 medicinelicentiaten
685 563 22 22 S.
723 564 82 27 utgjort
820 564 48 26 laga

107 598 47 21 skäl
177 599 33 20 till
233 598 26 21 de
281 599 24 20 af
325 599 79 20 honom
421 601 58 18 emot
494 599 26 20 L.
536 598 102 27 vidtagna
654 598 213 27 tvängsätgärderna.

107 633 42 20 För
164 632 65 28 öfrigt
244 633 55 21 hade
314 633 220 27 medicinalstyrelsen
550 633 87 21 förfarit
652 632 99 28 felaktigt
768 633 52 26 deri,
836 635 32 19 att

108 666 128 28 densamma,
253 669 51 19 utan
321 670 32 19 att
369 667 65 21 hafva
449 667 85 22 lemnat
548 667 24 21 L.
588 667 87 21 tiilfälle
686 669 32 19 att
729 667 87 22 bemöta
826 667 42 20 för-

107 702 92 21 berörda
214 702 144 27 förklaringar
373 703 39 20 och
429 702 121 27 yttranden,
567 702 108 21 meddelat
691 702 144 21 resolutionen
846 701 23 22 af

108 735 39 22 den
163 737 13 20 5
191 737 91 27 Augusti
300 738 60 25 1885,
376 737 88 21 hvilken
480 737 117 21 innefattat
612 736 75 27 slutlig
697 736 76 27 ätgärd
784 737 6 20 i
801 736 67 21 saken

108 772 39 21 och
162 772 136 27 hvarigenom
314 772 23 21 L.
354 771 79 22 vällats
449 772 92 27 onödiga
557 771 123 22 kostnader.

177 807 49 20 Med
249 806 115 27 anledning
379 806 65 21 häraf
457 806 82 27 yrkade
555 805 187 25 advokatfiskalen,
759 808 33 19 att
807 805 61 21 verk-

108 841 43 27 lige
171 841 116 21 statsrådet
310 841 25 21 Y.
352 841 110 21 äfvensom
479 841 184 21 medicinalräden
679 841 24 20 B.
719 840 39 21 och
773 841 23 20 F.
812 842 56 19 samt

108 882 110 15 assessorn
241 872 32 31 Ö.,
291 875 24 22 af
328 876 72 21 hvilka
422 876 33 25 Y.,
471 876 24 21 F.
512 875 40 22 och
568 871 25 26 Ö.
609 875 88 22 beslutit
712 875 156 21 ofvanberörda

108 911 116 21 resolution
247 913 55 19 samt
325 911 30 26 B.,
378 911 24 20 F.
427 910 40 21 och
488 906 24 25 Ö.
529 910 87 21 affattat
639 910 93 26 utslaget
748 909 23 22 af
785 909 40 22 den
842 910 25 20 13

107 945 121 22 November
245 946 60 26 1886,
314 945 66 21 mätte
395 945 64 21 fällas
476 945 34 21 till
526 951 78 15 ansvar
617 944 86 27 jemlikt
720 945 25 20 12
762 944 11 27 $
791 945 9 20 1
818 944 49 26 kap.

107 980 26 21 R.
155 980 24 21 B.
203 979 109 22 äfvensom
335 979 169 28 skyldigkännas
520 982 32 19 att
567 979 61 21 hälla
642 979 23 21 L.
682 979 112 21 skadeslös
810 978 58 21 säväl

108 1015 32 20 för
163 1015 26 20 de
211 1014 147 27 underdäniga
381 1014 104 21 besvären
501 1013 60 22 öfver
576 1013 97 22 nämnda
689 1013 118 22 resolution
823 1019 44 15 som

108 1050 33 21 för
156 1050 25 21 de
197 1049 125 27 kostnader,
331 1049 79 21 honom
427 1049 88 26 äbragts
530 1049 7 21 i
553 1049 53 26 följd
622 1047 23 22 af
658 1047 210 27 ändringssökandet

108 1084 30 21 uti
154 1084 67 27 sagda
235 1084 78 27 utslag,
329 1084 39 21 allt
383 1083 56 21 efter
454 1083 100 27 pröfning
571 1083 23 21 af
608 1083 56 20 hvad
679 1083 23 20 L.
719 1082 7 21 i
742 1082 64 21 dessa
816 1081 52 21 hän-

107 1118 92 22 seenden
221 1119 72 21 kunde
315 1118 52 22 äska
390 1117 40 22 och
453 1117 114 22 hvaröfver
590 1115 182 23 advokatfiskalen
795 1115 74 21 anhöll

107 1155 32 20 att
154 1153 84 27 uppgift
253 1154 68 21 mätte
336 1153 23 21 L.
375 1153 7 21 i
398 1153 74 26 vanlig
487 1152 91 27 ordning
594 1152 111 21 affordras.

177 1188 69 22 Sedan
262 1188 24 22 L.
302 1188 121 21 emellertid
439 1187 69 21 aflidit
524 1187 39 21 och
578 1187 54 21 hans
647 1186 77 21 hustru
740 1185 49 21 Lisa
804 1184 24 21 L.
838 1184 30 21 af-

107 1224 47 25 sagt
170 1223 32 27 sig
217 1223 30 21 all
262 1222 120 27 ersättning
397 1224 56 19 samt
469 1221 161 22 vederbörande
644 1220 71 22 blifvit
725 1219 74 27 hörde,
810 1218 58 22 med-

107 1257 76 21 delade
199 1257 109 22 hofrätten
323 1258 72 26 utslag
411 1256 42 22 den
471 1258 27 20 20
514 1256 42 26 Maj
578 1256 54 21 1889
650 1255 40 21 och
701 1254 51 22 fann
763 1254 35 21 väl
808 1253 61 22 verk-

107 1292 42 26 lige
171 1292 117 21 statsrädet
306 1292 32 26 Y.,
354 1291 183 22 medicinalräden
551 1291 24 21 B.
592 1290 39 21 och
646 1290 23 21 F.
686 1290 56 20 samt
758 1293 111 16 assessorn

107 1322 25 26 Ö.
148 1326 36 21 vid
200 1326 157 28 behandlingen
372 1326 23 21 af
409 1325 183 22 ofvanomordade
608 1325 79 21 ärende
703 1324 65 20 hafva
784 1321 86 22 förfarit

107 1361 99 27 felaktigt
221 1360 28 28 pä
265 1362 43 20 sätt
323 1360 64 22 ofvan
407 1360 119 26 anmärkts,
542 1366 48 15 men
606 1358 95 22 nämnda
718 1356 93 27 oriktiga
825 1355 43 21 för-

107 1396 90 21 farande
220 1396 65 21 likväl
308 1396 46 21 icke
377 1401 53 15 vara
453 1394 24 22 af
491 1394 150 22 beskaffenhet
656 1395 33 19 att
704 1397 78 17 ansvar
797 1389 73 22 derför

107 1431 53 27 egde
175 1437 54 20 rum,
245 1430 99 22 hvarföre
360 1430 31 26 Y.,
407 1430 33 27 B.,
456 1430 25 20 F.
498 1429 39 21 och
553 1425 25 26 Ö.
594 1428 48 22 frän
659 1428 36 21 det
705 1428 13 20 &
730 1426 46 22 dem
787 1424 81 28 yrkade
