1103 1700
455 124 71 22 XXIX

375 292 229 41 Relation

468 352 50 18 öfver

117 394 84 24 sådana
219 394 36 22 vid
271 394 187 28 länestyrelserna
473 394 8 22 i
497 393 75 23 landet
586 393 125 23 förvaltade
726 393 84 28 fonder,
826 393 35 23 för

208 434 76 23 hvilka
299 434 140 28 redogörelse
453 434 51 22 icke
518 433 66 29 ingår
599 434 8 22 i
620 434 26 22 de
662 434 111 22 allmänna

331 475 181 29 räkenskaperna
527 474 35 23 för
577 475 73 22 länen.

405 554 109 27 Nylands
532 554 46 21 län.

372 613 16 21 1.
418 612 192 22 Jordbruksfonden.

180 669 36 18 Till
234 669 60 18 denna
306 669 49 22 fond,
368 669 74 18 hvilken
455 668 83 18 bildades
550 673 65 18 genom
632 668 96 18 skrifvelse
740 668 42 18 frän
795 660 76 26 Finans-

108 703 132 23 expeditionen
258 703 21 18 af
295 703 35 18 den
348 704 22 16 24
390 703 49 18 Mars
455 704 48 20 1873,
516 703 55 18 hafva
583 703 48 18 varit
644 703 104 17 öfverförda
761 703 4 16 i
779 703 91 17 allmänna

111 737 128 23 utgiftsstaten
252 737 30 18 för
294 737 63 18 landet
370 739 94 21 upptagna
479 737 64 23 anslag
557 737 27 18 för
595 737 111 23 jordbruket
719 737 34 18 och
766 737 41 18 dess
820 737 50 18 binä-

109 773 74 22 ringars
201 771 136 23 upphjelpande
356 773 48 16 samt
423 771 21 18 de
463 771 132 23 odisponerade
614 771 90 23 beloppen
723 771 5 18 i
741 771 87 23 anslagen
842 771 28 18 för

109 806 108 23 jordbruks-
228 806 34 17 och
272 806 133 23 mejeriskolor,
418 806 28 18 för
455 806 222 22 landtbrukssällskapen,
683 805 29 18 för
721 805 149 23 slöjäkunnighe-

111 843 40 16 tens
170 840 126 23 befrämjande
311 840 34 18 och
358 841 29 17 till
400 840 104 18 hästafveln
517 846 23 12 m.
554 845 22 12 m.
589 840 75 18 Fonden
677 840 34 18 har
723 845 75 13 numera
811 840 59 17 indra-

110 875 43 23 gits,
172 875 5 17 i
196 875 31 18 det
239 875 42 18 dess
295 875 102 22 tillgängar
413 875 67 22 blifvit,
491 875 74 23 jemlikt
583 874 104 23 Kejserliga
704 875 89 18 Senatens
810 875 61 17 beslut

111 910 21 17 af
149 909 34 18 den
203 910 20 17 16
236 909 100 18 December
349 910 50 20 1893,
412 909 104 18 öfverförda
529 909 29 18 till
571 909 179 18 landtbruksfonden
763 909 6 17 i
782 909 88 18 Finlands

111 945 125 17 Statskontor.

150 1036 20 21 2.
201 1036 80 22 Fonden
297 1037 30 21 för
343 1036 134 22 anskaffande
494 1037 21 20 af
531 1036 113 21 beklädnad
661 1035 21 22 ät
698 1035 5 22 i
719 1035 64 28 tjenst
799 1041 35 16 an-

411 1076 63 27 tagne
491 1076 81 27 poliser.

180 1133 48 17 Frän
241 1138 22 12 en
275 1133 30 17 till
318 1132 101 18 understöd
431 1133 19 17 ät
463 1132 67 18 aflidne
542 1132 167 23 poliskonstaplars
718 1132 57 18 enkor
783 1132 34 18 och
825 1132 45 18 barn

111 1167 82 18 inrättad
212 1166 45 18 fond
275 1166 114 18 öfverfördes
405 1166 35 18 den
453 1168 21 16 21
488 1166 50 18 Mars
553 1168 43 16 1874
609 1167 29 17 till
651 1172 22 12 en
685 1166 81 18 särskild
778 1166 50 22 fond,
840 1167 30 17 be-

111 1202 68 18 nämnd
198 1201 77 23 ,fonden
288 1201 29 17 för
329 1201 121 18 anskaffande
464 1202 21 17 af
495 1201 104 18 beklädnad
612 1202 20 17 åt
644 1202 6 16 i
662 1202 58 22 tjenst
733 1202 79 22 antagne
824 1201 45 23 poli-

112 1237 45 21 ser",
169 1237 34 17 800
215 1236 58 21 mark,
286 1236 29 18 för
327 1238 28 16 att
367 1236 31 17 vid
410 1236 60 18 första
482 1236 136 22 anställningen
630 1236 49 18 förse
688 1236 134 22 polisbetjente,
832 1241 38 12 som

112 1271 62 17 därtill
187 1276 42 12 vore
241 1270 112 23 oförmögne,
365 1270 42 18 med
419 1270 179 23 tjenstebeklädnad.
617 1270 51 18 Enär
681 1270 129 18 erfarenheten
818 1270 52 18 emel-

111 1305 56 18 lertid
179 1305 47 17 visat
239 1306 28 16 att
279 1304 78 18 fondens
369 1305 101 22 tillgångar
483 1305 29 17 för
524 1305 52 17 detta
592 1305 91 21 ändamål,
696 1305 41 17 icke
749 1304 64 18 behöft
825 1305 45 17 anli-

110 1341 35 20 tas,
164 1339 34 18 har
216 1339 78 18 fondens
312 1339 111 23 behällning,
443 1344 38 13 som
500 1339 30 17 vid
549 1340 92 22 utgängen
659 1339 20 18 af
694 1340 21 17 är
728 1340 44 17 1892
785 1340 85 22 utgjorde

112 1375 50 21 1,152
173 1374 52 18 mark
238 1375 22 17 94
272 1374 61 22 penni,
346 1374 99 18 öfverförts
458 1374 29 17 till
500 1374 134 18 ofvannämnda
647 1374 18 18 at
680 1374 123 22 Magistraten
812 1374 6 17 i
827 1374 43 18 Hel-

111 1408 80 23 singfors
210 1408 41 18 stad
269 1408 103 18 förvaltade
388 1408 44 18 fond
450 1408 30 18 för
498 1409 165 22 poliskonstaplars
683 1409 66 17 enkors
768 1408 34 18 och
814 1408 55 18 barns

111 1443 134 23 pensionering.
