1103 1700
257 120 12 20 6
604 118 11 22 I

226 189 47 19 stät
288 188 47 21 icke
350 188 59 21 velat
420 188 108 21 stadfästa
539 187 36 21 det
591 187 23 21 af
628 187 122 23 Ständerna
766 191 96 25 antagna
877 188 110 28 lagförsla-

226 224 44 24 get,
293 222 119 27 hvarjemte
435 222 94 22 Senaten
549 222 107 22 anbefalts
672 224 33 20 att
720 223 110 21 inkomma
845 223 48 21 med
908 223 81 27 förslag

226 256 34 20 till
276 263 28 20 ny
319 256 253 28 landtdagsproposition
588 256 7 21 i
610 256 94 22 berörda
720 259 68 25 ämne,
804 258 101 26 grundad
916 258 28 26 på
955 264 32 20 sy-

226 291 80 21 stemet
321 290 23 22 af
357 290 121 28 Styrelsens
494 291 102 21 sanktion
613 292 13 20 å
638 291 134 27 aktiebolags
784 292 99 27 stadgar;
899 292 39 22 och
948 292 40 21 har

226 325 68 27 nådig
316 326 136 26 proposition
477 326 111 26 angående
610 326 36 26 lag
661 332 34 15 om
712 326 122 27 aktiebolag
850 326 68 22 blifvit
933 332 55 21 upp-

225 360 65 26 gjord
305 361 58 20 samt
377 360 124 21 Ständerna
516 360 36 20 vid
567 360 72 21 denna
654 360 104 28 landtdag
773 360 103 28 förelagd.

296 394 109 27 Derjemte
427 394 40 22 har
489 394 62 22 Hans
571 394 121 28 Kejserliga
707 395 103 27 Majestät
825 395 49 21 låtit
889 397 98 25 uppgöra

225 428 83 27 förslag
330 429 33 21 till
387 429 135 27 stadganden
546 430 112 26 angående
681 430 183 27 handelsregister
881 432 57 19 samt
953 436 34 15 om

224 462 64 22 firma
299 463 39 21 och
348 464 103 27 prokura,
460 464 81 21 hvilket
551 463 81 29 förslag
648 464 123 22 Ständerna
786 464 37 21 vid
831 471 29 15 nu
868 464 119 28 påstående

225 497 108 27 landtdag
355 498 33 21 uti
412 498 65 27 nådig
496 498 136 27 proposition
650 498 109 28 förelagts.
790 498 90 28 Förslag
895 499 32 21 till
942 499 45 27 lag-

225 531 192 28 stiftningsåtgärd
431 532 135 22 beträffande
582 534 73 26 öppna
671 533 38 21 och
725 533 198 27 kommanditbolag
931 535 56 19 samt

225 566 27 21 de
269 566 140 22 ekonomiska
424 566 154 29 föreningarna
594 569 25 19 är
635 568 97 21 deremot
745 569 29 26 på
785 568 78 27 åtgärd
873 568 112 21 beroende.

298 603 52 20 11:0.
382 602 10 21 I
407 602 135 27 underdånig
558 602 111 22 skrifvelse
680 603 23 20 af
712 603 40 21 den
764 603 27 20 26
802 603 43 26 Maj
859 603 52 21 1891
922 602 65 22 hafva

224 635 125 22 Ständerna
367 636 39 21 hos
425 637 61 20 Hans
505 636 120 27 Kejserliga
640 637 102 27 Majestät
758 637 89 26 anmält,
864 638 33 20 att
913 637 26 21 de
954 637 32 21 uti

224 670 82 27 nådiga
321 671 162 26 propositionen
503 670 123 22 Ständerna
644 671 111 27 förelagda
771 671 108 27 förslagen
895 671 32 21 till
943 671 43 22 för-

224 704 121 27 ordningar
368 705 110 26 angående
496 705 140 27 tillverkning
652 705 38 22 och
707 705 128 27 distillering
852 705 23 22 af
887 705 98 27 bränvin,

223 738 136 27 försäljning,
375 739 90 27 forsling
481 739 38 21 och
534 739 82 27 upplag
632 739 23 22 af
667 740 92 21 bränvin
772 739 40 22 och
824 740 68 21 andra
902 740 84 21 brända

224 773 53 21 eller
301 773 132 22 distillerade
455 774 148 26 spritdrycker
618 776 57 19 samt
690 774 102 21 tillåtelse
807 774 7 21 i
830 774 57 21 vissa
901 775 84 20 undan-

223 807 89 27 tagsfall
328 807 34 22 för
376 807 78 22 handel
469 809 29 26 på
508 808 74 21 landet
594 809 47 20 med
652 809 122 26 spritvaror
785 809 39 20 och
835 809 150 26 maltdrycker,

223 841 71 22 blifvit
318 841 23 22 af
362 841 122 22 Ständerna
507 844 96 25 antagna
626 843 49 21 med
696 843 58 22 vissa
773 843 7 21 i
800 843 26 22 de
845 843 57 22 båda
920 843 65 22 först-

223 876 82 21 nämda
327 876 107 27 förslagen
458 877 162 26 nödigansedda
644 878 124 27 ändringar,
785 877 118 28 hvarjemte
922 877 63 22 Stän-

224 911 69 20 derna
309 911 31 21 uti
356 911 92 21 berörda
459 911 149 27 underdåniga
619 911 111 22 skrifvelse
742 911 61 22 äfven
815 911 81 28 afgifvit
907 912 78 21 äskadt

222 945 106 27 yttrande
339 945 59 22 öfver
409 947 31 20 ett
448 946 7 21 i
464 952 81 15 samma
556 946 79 27 nådiga
645 947 137 26 proposition
791 946 106 27 ingående
905 946 80 27 förslag

222 979 34 21 till
273 980 183 27 ordningsstadga
474 980 34 21 för
526 981 157 21 brännerierna
702 981 40 21 och
758 981 225 27 distilleringsverken.

293 1013 11 22 I
320 1014 221 22 öfverensstämmelse
556 1015 49 21 med
620 1015 27 22 de
663 1015 22 21 af
699 1015 124 22 Ständerna
839 1017 95 25 antagna
941 1015 43 21 för-

221 1048 78 27 slagen
315 1048 40 21 har
370 1049 60 22 Hans
449 1049 119 28 Kejserliga
586 1049 104 28 Majestät
708 1050 50 21 låtit
775 1049 41 22 den
832 1051 12 20 9
860 1050 52 21 Juni
930 1051 53 20 1892

221 1083 92 22 utfärda
329 1085 24 26 a)
368 1084 125 27 förordning
512 1085 112 27 angående
644 1085 138 26 tillverkning
802 1085 39 21 och
858 1085 126 26 distillering

222 1117 24 22 af
259 1118 100 27 bränvin,
376 1119 23 27 b)
414 1118 126 28 förordning
555 1119 112 27 angående
682 1119 134 28 försäljning,
828 1119 89 27 forsling
927 1121 56 20 samt

221 1153 85 27 upplag
322 1153 23 21 af
358 1153 90 21 bränvin
464 1154 39 20 och
520 1154 68 21 andra
603 1154 84 21 brända
703 1154 52 22 eller
771 1154 132 21 distillerade
919 1154 64 27 sprit-

222 1187 100 27 drycker,
346 1187 108 22 äfvensom
478 1189 20 26 c)
517 1188 127 27 förordning
660 1188 113 27 angående
789 1188 101 22 tillåtelse
905 1188 7 21 i
927 1189 57 21 vissa

221 1221 166 28 undantagsfall
402 1222 33 21 för
450 1222 78 22 handel
543 1224 29 26 på
588 1223 74 21 landet
676 1223 49 21 med
739 1222 122 28 spritvaror
872 1223 38 21 och
921 1223 63 21 malt-

221 1255 103 27 drycker;
341 1256 92 22 hvarhos
450 1257 39 21 den
507 1258 25 20 10
549 1256 97 22 Oktober
663 1258 54 20 1892
733 1256 111 22 utfärdats
860 1257 64 27 nådig
935 1258 49 21 ord-

221 1290 146 27 ningsstadga
382 1290 34 22 för
430 1291 260 21 bränvinsbrännerierna
705 1292 40 21 och
757 1291 225 27 distilleringsverken.

293 1324 10 21 I
318 1324 52 28 följd
391 1325 22 21 af
427 1325 131 22 Ständernas
574 1326 33 20 uti
623 1326 62 21 ofvan
702 1326 94 21 berörda
812 1326 172 21 svarsskrifvelse

220 1358 73 22 tillika
316 1360 75 26 gjorda
411 1360 100 21 anhållan
532 1360 73 21 derom
622 1362 32 20 att
669 1360 61 22 Hans
746 1360 121 27 Kejserliga
881 1360 103 28 Majestät

220 1393 89 21 täcktes
325 1394 46 22 låta
386 1394 87 39 utfärda
488 1394 139 28 erforderliga
642 1394 137 22 föreskrifter
795 1394 112 27 angående
919 1394 64 22 dena-

220 1429 23 10 ta
346 1428 22 11 of
388 1429 26 10 hu
494 1430 55 10 samt
565 1429 95 11 willsaman
678 1429 34 11 fu
727 1429 77 11 handal
822 1429 46 11 mad
885 1428 89 13 huinein

221 1428 101 27 turoring
345 1435 21 15 ai
390 1430 88 20 bränvin
494 1435 56 15 samt
568 1442 94 9 vilkoren
677 1442 31 8 för
726 1442 79 9 handel
822 1442 48 8 mod
887 1442 96 14 Oranvin,
