1103 1700
77 516 105 44 edan
200 536 81 21 landets
305 536 35 20 vid
363 539 85 17 senaste
468 536 102 26 landtdag
589 535 128 22 församlade
738 536 94 21 Ständer

80 577 47 20 med
143 577 49 21 stöd
211 575 23 22 af
251 576 11 27 $
278 576 27 21 68
324 575 6 21 i
349 575 241 27 Landtdagsordningen
608 576 93 21 beslutat
717 576 57 27 välja
789 576 45 21 åtta

81 615 202 28 Bankfullmäktige,
299 615 36 21 två
349 615 38 21 för
406 615 62 21 hvart
484 615 68 26 stånd,
573 615 23 21 af
614 616 72 21 hvilka
703 616 46 27 fyra
764 616 70 21 skulle

79 657 70 20 såsom
165 655 106 22 ordinarie
289 655 191 26 bankfullmäktige
500 655 94 26 ständigt
612 655 118 27 tjenstgöra
750 655 39 22 och
808 656 26 20 de

78 696 68 26 öfrige
162 695 92 22 inkallas
270 695 33 21 för
319 696 32 20 att
365 697 133 25 gemensamt
512 695 49 21 med
577 695 47 21 dem
636 695 70 21 såsom
718 695 116 22 förstärkte

79 735 136 26 fullmäktige
238 735 107 20 behandla
367 735 103 27 vigtigare
493 735 93 21 ärenden
606 735 65 27 enligt
689 741 27 15 en
734 735 24 21 af
772 735 62 21 Stän-

80 775 66 21 derna
162 775 70 21 tillika
245 774 111 21 meddelad
368 775 136 25 instruktion,
517 775 71 21 blefvo
600 775 32 21 till
643 775 191 27 bankfullmäktige

79 815 91 21 utsedde
190 814 173 22 undertecknade
379 815 121 26 Stjernvall,
509 815 93 26 Donner,
611 815 98 21 Lindelöf
716 815 40 21 och
764 815 71 21 Meur-

81 861 50 14 man
149 857 32 18 att
196 855 117 26 tjenstgöra
328 855 7 20 i
350 854 153 27 förstnämnda,
512 856 56 19 samt
582 855 81 20 Herrar
673 854 33 21 W.
718 855 117 26 Hackman,

78 895 27 20 H.
126 889 93 32 Åström,
240 895 23 20 F.
284 895 32 20 W.
337 895 111 20 Rosenlew
464 895 39 20 och
520 894 24 20 O.
560 895 24 20 A.
601 894 65 21 Malm
681 895 7 20 i
704 895 132 21 sistnämnda

83 935 113 26 egenskap,
220 934 108 21 hvarefter
351 935 107 20 ordinarie
472 934 133 27 fullmäktige
618 934 85 27 jemlikt
719 935 13 25 8
750 935 14 21 5
780 935 6 20 i
804 935 31 20 in-

79 975 138 21 struktionen
244 975 56 20 inom
327 974 32 27 sig
384 974 62 21 valde
468 975 32 20 till
526 974 128 21 ordförande
676 975 159 20 undertecknad

78 1015 102 21 Lindelöf
190 1015 39 21 och
241 1015 33 21 till
286 1014 176 22 viceordförande
473 1014 160 21 undertecknad
645 1015 93 20 Donner.
765 1015 70 20 Bank-

79 1055 136 27 fullmäktige
237 1054 90 21 fortforo
351 1055 120 20 sedermera
494 1056 32 19 att
544 1054 89 27 fungera
651 1055 6 20 i
673 1054 163 22 öfverensstäm-

79 1095 69 20 melse
163 1094 48 21 med
226 1094 65 26 sagde
305 1094 130 21 instruktion
452 1094 56 21 intill
526 1094 48 21 dess
589 1093 134 27 fullmäktige
738 1094 7 21 i
760 1094 76 26 början

77 1134 24 22 af
115 1134 43 27 Maj
173 1134 54 22 1892
239 1134 81 21 erhöllo
330 1134 33 21 del
372 1133 23 22 af
400 1133 60 22 Hans
470 1133 120 27 Kejserliga
600 1133 112 27 Majestäts
719 1133 39 21 här
766 1133 69 21 nedan

77 1174 7 20 i
107 1174 11 27 8
143 1175 10 20 1
177 1174 130 21 omnämnda
326 1173 77 27 nådiga
423 1173 53 26 bref,
492 1173 108 21 hvarefter
616 1173 40 21 den
671 1173 164 27 arbetsordning

79 1214 64 26 följts,
159 1220 45 15 som
220 1214 7 20 i
243 1220 80 15 samma
339 1214 11 27 $
366 1215 98 19 närmare
484 1213 102 26 angifves.
617 1212 69 22 Sedan
701 1213 111 21 Rosenlew
828 1213 7 21 i

77 1254 62 26 April
163 1254 55 21 1892
238 1253 73 27 aflidit,
330 1253 99 21 inträdde
446 1253 7 21 i
468 1252 54 21 hans
538 1252 62 22 ställe
614 1252 66 22 förste
695 1253 140 27 suppleanten

78 1293 32 21 för
134 1293 191 27 Borgareständets
348 1292 193 27 bankfullmäktige
560 1292 56 21 Herr
631 1293 64 20 Ernst
710 1292 124 21 Dahlström

77 1333 70 21 säsom
170 1333 90 21 medlem
279 1333 22 21 af
317 1332 118 22 förstärkte
450 1332 142 26 fullmäktige.

147 1446 41 22 Vid
207 1446 75 27 början
301 1446 23 21 af
342 1446 41 21 den
402 1446 150 26 treärsperiod,
573 1452 44 14 som
634 1446 69 20 denna
719 1445 115 21 berättelse

79 1486 105 26 omfattar,
201 1492 37 15 var
254 1486 39 20 den
313 1486 139 21 ekonomiska
470 1486 128 26 ställningen
617 1485 7 21 i
640 1485 72 21 landet
728 1485 46 21 icke
790 1491 45 15 mer
