1103 1700
374 146 25 20 U.
415 146 24 20 B.
455 145 146 21 1II-XXXI.
812 146 26 19 47

109 215 139 20 innestäende
263 214 40 20 hos
319 214 115 21 utländska
449 214 115 21 bankirhus
580 216 113 25 upptagits
708 214 66 26 1,581:
786 214 24 26 38
826 214 41 20 och

109 250 6 19 i
137 248 143 27 obligationer
305 249 118 26 3,858,811:
441 254 31 20 39,
496 248 72 21 hvilka
587 248 70 21 siffror
672 248 53 21 böra
740 255 52 13 vara
808 255 56 20 resp.

111 283 66 25 1,881:
195 283 24 26 38
236 283 42 20 och
295 284 117 25 3,858,511:
431 288 32 21 39.

177 317 154 27 Behällningen
347 318 6 19 i
369 317 153 20 reservfonden
538 317 22 20 är
576 316 102 28 placerad
693 318 6 19 i
716 316 148 27 obligationer,

109 351 24 20 af
152 351 70 21 hvilka
242 351 67 20 finnas
328 351 40 20 hos
385 351 29 20 M.
432 350 28 21 A.
477 358 42 13 von
535 351 129 21 Rothschild
682 350 112 25 1,626,000
810 351 56 20 Rmk

109 387 6 19 i
134 385 49 27 4/,
204 385 121 27 preussiska
350 385 86 20 consols
456 389 56 17 samt
533 385 40 20 hos
589 385 26 20 N.
632 385 29 20 M.
678 392 44 13 von
737 385 129 21 Rothschild

109 425 77 21 74,000
201 419 16 21 £
230 421 5 19 i
252 420 47 26 23/,
309 419 28 27 ?/,
353 419 102 27 engelska
473 419 92 21 consols.

307 579 160 29 Statsverkets
486 579 180 35 utläningsfond.

176 655 51 20 Med
251 655 127 27 hänvisning
400 655 31 20 till
445 655 41 20 den
507 655 66 20 tabell
594 655 81 26 (Bilaga
692 655 34 25 G),
744 661 48 14 som
808 662 54 19 upp-

107 689 67 27 gjorts
190 689 60 21 öfver
266 689 201 27 utläningsrörelsen
485 689 67 20 under
571 690 51 19 åren
637 689 109 26 1891—93
758 689 42 20 och
812 689 49 20 dess

107 723 120 28 fördelning
248 725 28 26 pä
295 724 56 20 olika
367 724 105 24 ändamäl,
489 724 37 20 har
542 724 116 20 Utskottet
673 727 71 18 ansett
760 725 33 25 sig
809 723 53 21 böra

107 758 38 20 här
161 758 76 21 endast
252 758 117 25 framhälla,
378 758 113 21 huruledes
507 758 123 27 utläningen
640 758 31 21 till
681 758 184 21 fabriksindustrin

107 793 54 20 varit
182 793 6 19 i
210 792 69 21 starkt
301 793 123 26 aftagande,
448 793 77 20 medan
552 793 98 20 deremot
672 793 127 20 kommuner
822 793 40 20 och

105 825 99 28 kyrkliga
226 826 149 27 församlingar
394 828 6 19 i
416 827 68 20 större
500 827 130 26 omfattning
645 827 27 20 än
687 826 43 21 förr
745 828 55 25 tagit
816 827 45 20 fon-

107 860 52 21 dens
182 868 93 13 resurser
297 862 5 19 i
325 861 98 26 anspräk.
455 855 72 26 Äfven
550 861 62 20 länen
634 861 31 20 till
687 861 177 26 skeppsrederier

106 896 73 25 intaga
194 895 67 20 under
276 895 63 20 dessa
355 896 22 19 är
393 902 26 13 en
435 895 49 20 vida
500 895 82 20 mindre
598 895 62 27 plats,
677 895 27 20 än
720 895 141 21 derförinnan.

174 929 33 20 En
225 929 136 27 förteckning
381 929 60 20 öfver
459 930 127 20 utestäende
607 929 34 20 län
656 929 74 21 ultimo
746 929 115 21 december

108 963 53 26 1893
176 964 60 26 ingär
251 965 6 18 i
273 963 85 27 bilagan
374 963 51 21 Litt.
442 963 26 20 H.

354 1106 258 34 Undsättningsfonden.

172 1174 109 27 Ingäende
302 1175 103 21 balansen
423 1178 5 18 i
445 1176 70 20 denna
531 1176 51 20 fond
602 1176 106 27 utgjorde,
725 1176 66 28 enligt
807 1177 53 21 rela-

104 1210 73 19 tionen
192 1209 79 27 (XXI),
288 1210 42 20 den
348 1216 7 14 1
371 1210 81 26 januari
471 1211 53 25 1890
536 1210 153 26 5,532,737:
667 1205 22 37 76
700 1211 41 20 och
752 1212 108 26 utgäende

104 1243 102 21 balansen
223 1244 74 20 ultimo
314 1244 115 20 december
447 1245 52 25 1892
518 1244 118 26 3,681,664:
654 1251 32 21 39.
718 1245 75 21 Under
809 1247 50 19 ären

106 1278 138 26 1890—1892
275 1278 123 20 minskades
428 1278 80 21 fonden
530 1279 63 21 alltsä
615 1280 50 20 med
692 1280 116 26 1,851,073:
827 1285 31 21 37.

104 1311 84 21 Värdet
207 1312 24 20 af
246 1312 91 20 fondens
354 1312 142 27 obligationer
512 1313 93 27 nedgick
621 1314 66 20 under
703 1314 23 20 är
744 1314 54 26 1890
814 1314 46 21 frän

105 1346 117 26 5,358,088:
238 1347 25 25 85
279 1346 32 21 till
327 1346 118 26 3,926,074:
462 1352 26 15 22
504 1348 7 19 i
526 1347 52 26 följd
594 1348 65 20 deraf
667 1351 32 17 att
712 1348 67 20 under
790 1349 68 26 sagda

103 1380 23 20 år
147 1380 32 20 till
197 1380 102 21 Finlands
321 1380 57 21 bank
391 1380 71 21 såldes
481 1382 111 26 1,815,500
608 1382 69 20 francs
693 1383 6 19 i
715 1382 144 27 obligationer

103 1414 24 20 af
142 1415 53 26 1889
213 1415 34 20 års
263 1414 65 27 ryska
343 1421 14 19 4
367 1415 27 27 ?/,
408 1415 136 27 jernvägslän
560 1416 32 20 för
610 1421 108 21 1,724,725
736 1417 66 20 mark.
828 1417 35 21 Af

102 1448 91 21 fondens
209 1448 67 21 under
291 1449 72 21 rubrik
378 1449 86 27 ,balans
480 1450 31 20 till
526 1450 23 20 år
564 1451 66 25 1893"
645 1454 112 24 upptagna
769 1451 90 21 fordrin-

172 1489 131 16 Statsutskottets
315 1490 104 15 betänkande
432 1490 34 15 N:o
476 1494 18 16 3.
