1103 1700
259 102 27 21 26
606 101 10 21 I

301 172 39 20 6:0.
371 170 37 22 Uti
432 170 111 22 skrifvelse
566 170 23 21 af
611 170 41 22 den
673 172 26 20 26
716 171 42 27 Maj
778 172 52 20 1891
849 170 63 22 hafva
927 170 64 22 Stän-

230 204 69 22 derna
313 204 8 21 i
336 204 172 28 underdånighet
532 204 97 27 anhållit,
650 206 33 20 att
706 205 62 21 Hans
791 205 120 27 Kejserliga
925 204 66 28 Maje-

230 240 52 24 stät,
306 238 48 22 med
377 239 92 27 ändring
492 239 23 21 af
537 246 29 14 nu
586 239 99 27 gällande
701 240 163 26 bestämningar
881 239 110 27 angående

230 272 218 28 terminsafgifternas
464 274 78 27 belopp
558 274 7 21 i
581 273 253 23 fruntimmersskolorna
845 274 38 21 och
894 273 97 22 fortbild-

230 307 198 27 ningsläroverken,
450 309 7 21 i
478 309 68 21 nåder
568 308 50 22 ville
640 308 98 27 förodna,
764 310 33 20 att
820 309 63 21 dessa
907 308 84 27 afgifter

230 342 63 21 skola
317 342 140 26 nedsättas,
453 338 14 35 i
478 342 252 22 fruntimmersskolorna
753 343 33 21 till
809 349 82 15 samma
913 342 77 27 belopp

231 382 47 15 som
294 376 7 22 i
317 376 244 22 elementarläroverken
584 377 34 21 för
641 383 76 21 gossar
736 379 57 20 samt
807 378 8 20 i
830 377 161 27 fortbildnings-

232 410 141 22 läroverkens
388 410 68 22 första
472 411 39 21 och
527 411 69 21 andra
610 412 84 21 klasser
710 412 33 20 till
759 412 27 20 40
802 412 68 20 mark.

301 445 10 21 I
327 445 115 28 anledning
458 446 23 21 af
495 446 70 21 denna
581 446 92 26 petition
689 446 40 21 har
744 446 62 21 Hans
817 445 118 28 Kejserliga
946 445 45 21 Ma-

228 479 70 27 jestät
313 486 76 20 genom
405 480 65 27 nådig
485 480 130 27 kungörelse
632 480 40 22 den
689 482 27 20 22
732 481 52 21 Juni
802 482 54 20 1892
872 480 118 21 förordnat,

231 514 34 20 att
281 514 46 21 elev
343 514 12 21 å
370 514 68 22 första
454 514 38 22 och
513 515 68 21 andra
600 514 86 22 klassen
703 515 23 21 af
740 514 251 28 fortbildningsläroverk

231 548 56 21 skall
303 548 6 21 i
325 548 75 28 början
417 548 22 22 af
452 549 74 28 hvarje
541 549 124 22 läsetermin
681 548 34 23 för
726 549 183 27 undervisningen
919 548 72 22 betala

231 583 28 20 50
275 583 68 22 mark.
374 584 102 21 Deremot
491 584 40 21 har
546 584 61 21 Hans
623 584 119 27 Kejserliga
758 584 102 27 Majestät
875 584 46 21 icke
935 583 55 22 velat

231 617 33 21 till
281 618 119 26 petitionen
416 619 7 20 i
439 619 64 26 öfrigt
519 618 79 21 bifalla.

303 653 40 20 7:0.
373 652 123 22 Ständerna
519 653 63 21 hafva
597 653 7 21 i
620 653 136 27 underdånig
780 653 110 22 skrifvelse
910 653 22 20 af
951 653 40 21 den

231 687 28 20 28
276 687 42 26 Maj
338 688 51 21 1891
408 687 90 22 anhållit
514 688 36 21 det
566 688 84 21 täcktes
665 687 62 22 Hans
743 687 120 28 Kejserliga
873 687 118 27 Majestät
980 683 15 36 i

231 721 70 21 nåder
315 721 46 21 låta
376 721 87 28 vidtaga
480 722 101 27 åtgärder
597 722 87 27 derhän,

303 757 32 20 att
351 756 26 21 de
392 756 231 27 fortsättningskurser
638 757 32 20 till
685 756 129 27 folkskolan,
830 756 88 21 hvarom
933 755 59 22 stad-

231 795 40 22 gas
288 790 6 21 i
312 791 39 20 125
368 791 11 26 $
396 791 23 20 af
431 791 153 27 förordningen
602 791 40 21 den
660 792 23 20 11
701 791 43 27 Maj
764 792 54 21 1866
834 791 110 26 angående
959 797 33 14 or-

232 825 124 26 ganisation
373 825 23 21 af
409 825 209 22 folkskoleväsendet
638 826 8 21 i
661 825 210 22 Storfurstendömet
893 825 98 26 Finland,

231 859 75 21 kunde
321 859 7 21 i
343 860 168 21 vidsträcktaste
531 861 50 20 mån
600 860 109 21 anordnas
727 860 39 21 och
782 860 36 21 det
834 860 48 21 med
898 860 46 21 dem
961 859 31 22 af-

232 893 69 22 sedda
316 893 65 27 syftet
397 895 28 26 på
440 896 32 19 ett
487 894 200 22 tillfredsställande
703 896 45 19 sätt
763 895 87 25 vinnas;

304 929 33 20 att
360 929 144 26 uppkomsten
520 928 23 22 af
557 929 108 22 särskilda
680 929 78 22 kurser
774 929 48 21 med
838 928 54 27 syfte
908 931 33 19 att
956 928 36 21 be-

232 963 56 21 reda
303 963 122 27 ungdomen
444 963 66 22 bland
529 963 215 28 landtbefolkningen
761 963 83 22 tillfälle
860 965 33 20 att
908 963 85 22 utöfver

232 996 134 23 folkskolans
381 998 53 21 kurs
449 998 96 21 inhemta
563 998 113 27 gagneliga
691 999 133 26 kunskaper,
840 997 152 22 företrädesvis

233 1031 90 22 afsedda
338 1032 33 21 för
386 1033 99 26 praktisk
503 1033 156 26 tillämplighet,
675 1032 150 27 befordrades;
842 1034 56 19 samt

304 1068 33 19 att
361 1067 119 21 understöd
502 1067 69 21 skulle
594 1066 55 22 efter
671 1067 103 27 pröfning
792 1066 93 27 utgifvas
901 1067 23 20 åt
939 1066 53 21 folk-

232 1100 106 27 högskola
362 1101 51 22 eller
435 1107 72 16 annan
530 1101 95 22 likartad
640 1101 138 26 läroanstalt,
795 1107 45 16 som
857 1101 28 27 på
900 1101 93 21 enskildt

232 1135 97 22 initiativ
345 1136 128 22 tillkommit.

303 1170 110 28 Derjemte
427 1170 63 21 hafva
506 1170 123 22 Ständerna
645 1170 85 22 anvisat
746 1176 27 16 en
789 1176 84 16 summa
883 1170 24 21 af
915 1171 78 25 90,000

232 1204 64 21 mark
312 1206 33 20 att
361 1204 68 22 under
445 1206 51 20 åren
515 1206 60 25 1892,
594 1206 54 20 1893
665 1204 39 22 och
722 1206 55 20 1894
792 1205 54 27 utgå
856 1204 48 22 med
915 1206 78 25 30,000

232 1240 65 20 mark
313 1239 87 27 årligen,
416 1239 77 21 hvaraf
509 1240 75 26 15,000
600 1240 61 20 mark
676 1239 34 21 för
725 1239 150 27 folkhögskola
891 1238 50 22 eller
956 1245 37 15 an-

233 1280 46 14 nan
294 1274 95 21 likartad
404 1274 130 21 läroanstalt
554 1274 39 21 och
608 1274 69 27 öfriga
696 1275 76 25 15,000
788 1274 61 21 mark
864 1274 34 21 för
913 1274 26 21 de
954 1273 39 22 här

234 1308 65 21 ofvan
314 1308 7 21 i
337 1308 68 22 första
429 1308 37 22 och
490 1308 68 22 andra
577 1311 123 19 momenten
717 1311 115 25 upptagna
846 1308 147 28 bildningsan-

233 1342 85 22 stalter.

303 1376 60 22 Efter
389 1378 36 20 det
450 1377 105 21 Senatens
585 1377 271 27 Ekonomiedepartement
881 1377 112 21 inkommit

232 1411 51 21 med
307 1411 118 22 affordradt
447 1412 146 26 underdånigt
616 1412 103 26 yttrande
734 1412 7 20 i
758 1411 60 21 detta
843 1411 79 21 ärende
937 1413 57 19 samt
