1103 1700
397 160 28 22 U.
440 160 25 22 B.
479 160 105 22 XXXII.
815 160 27 23 19

107 223 106 23 visoriska
234 224 109 21 kontoren
365 226 6 19 i
393 224 126 28 Jyväskylä,
541 224 33 22 S:t
589 224 80 22 Michel
684 225 44 21 och
742 224 128 26 Sordavala,

108 261 57 18 samt
179 257 122 29 förhöjning
315 258 24 21 af
351 258 28 21 de
395 258 12 21 ä
417 258 96 21 bankens
524 262 44 18 stat
580 261 113 25 upptagna
703 262 115 18 semester-
828 258 43 22 och

107 292 241 28 diskretionsanslagen.

176 326 36 21 Dä
236 326 108 22 utskottet
368 326 67 22 redan
457 327 93 27 tidigare
564 327 37 21 vid
616 327 160 27 behandlingen
791 327 26 21 af
828 327 13 27 $
859 333 8 15 1

108 361 43 21 och
165 366 12 16 2
189 362 6 20 i
203 360 204 28 bankfullmäktiges
421 361 117 21 berättelse
548 361 78 21 uttalat
636 363 33 26 sig
679 361 115 27 angående
804 361 66 21 bank-

107 395 147 28 fullmäktiges
276 395 134 28 befogenhet
432 399 33 17 att
485 395 91 28 vidtaga
600 396 29 21 de
643 396 103 27 ätgärder
763 402 54 20 som,
834 403 36 14 en-

108 430 39 27 ligt
162 430 43 20 den
220 430 25 20 af
252 429 121 22 Ständerna
385 430 38 20 vid
435 430 51 26 1891
499 430 34 21 ärs
544 430 115 27 landtdtag
669 433 95 24 antagna
778 430 92 22 instruk-

107 465 81 24 tionen,
204 464 50 21 bort
275 464 116 21 ankomma
403 460 15 36 ä
441 464 117 21 förstärkte
572 464 133 28 fullmäktige
721 467 57 19 samt
794 464 28 22 dä
837 467 33 19 ut-

108 498 83 22 skottet
205 500 7 19 i
226 499 37 21 sitt
278 498 26 21 af
314 498 122 22 Ständerna
452 499 6 20 i
473 498 61 22 detta
550 498 104 22 afseende
668 498 68 22 redan
750 498 120 28 godkända

107 532 82 28 förslag
203 532 31 22 till
249 540 29 20 ny
293 536 44 18 stat
352 532 33 21 för
400 532 85 21 banken
500 534 102 26 upptagit
618 532 165 28 ifrägavarande
794 532 76 28 anslag

107 566 32 22 till
154 573 82 15 samma
254 566 82 29 belopp
351 574 49 14 som
414 574 28 14 nu
457 566 69 22 blifvit
541 567 143 28 provisoriskt
699 567 123 26 bestämda,
838 567 32 21 fär

108 601 108 22 utskottet
232 601 112 22 vördsamt
361 601 87 22 föreslä:

385 661 34 18 att
429 658 125 21 Ständerna
568 659 50 21 ville
629 659 119 27 godkänna
764 659 26 20 de
802 659 67 21 sedan

314 695 84 18 senaste
420 693 108 28 landtdag
545 693 107 28 vidtagna
667 693 109 28 åtgärder
782 694 45 27 för
839 693 30 21 bi-

315 727 128 21 behållande
469 728 30 27 af
521 727 27 21 de
564 727 152 28 provisoriska
738 727 101 22 kontoren
861 728 10 20 i

315 761 129 28 Fyväskylä,
469 761 35 22 S:t
521 762 85 21 Michel
617 762 38 21 och
671 761 126 22 Sordavala
811 765 59 18 samt

308 796 134 28 förhöjning
462 797 30 26 af
508 796 26 21 de
554 796 15 20 ä
590 796 93 21 bankens
698 799 45 18 stat
757 799 111 24 upptagna

315 833 107 18 semester-
437 830 38 21 och
490 830 237 27 diskretionsanslagen.

176 1042 10 20 I
201 1043 37 20 sitt
253 1042 140 21 betänkande
408 1043 41 20 N:o
465 1048 13 15 2
494 1043 113 26 angäende
622 1045 49 24 nytt
681 1042 134 27 reglemente
826 1042 42 21 och

108 1083 29 20 ny
159 1079 44 18 stat
225 1076 34 21 för
280 1076 103 21 Finlands
406 1076 61 21 Bank
482 1077 38 20 har
535 1077 107 21 utskottet
657 1077 37 20 vid
709 1078 159 26 motiveringen

108 1110 26 21 af
153 1110 26 28 88
204 1111 24 20 18
251 1111 43 20 och
319 1116 25 22 19
359 1112 6 19 i
380 1111 93 20 berörda
488 1111 132 27 reglemente
635 1110 111 28 redogjort
762 1111 33 20 för
809 1112 59 20 inom

108 1144 107 22 utskottet
236 1144 126 22 framstälda
385 1145 80 27 förslag
490 1145 31 21 till
542 1145 121 27 väsentliga
689 1145 150 27 förändringar
861 1146 7 20 i

107 1178 122 28 grunderna
247 1179 33 21 för
295 1178 96 22 bankens
407 1179 223 27 sedelutgifningsrätt
644 1179 114 21 äfvensom
774 1179 94 21 bestäm-

107 1214 104 26 ningarna
226 1213 92 21 rörande
333 1214 51 20 dess
399 1213 120 21 metalliska
534 1213 71 26 kassa,
621 1213 72 21 hvilka
709 1213 81 27 förslag
805 1216 62 24 synts

107 1246 108 22 utskottet
234 1247 106 21 innehälla
355 1247 173 21 beaktansvärda
544 1248 141 27 synpunkter,
695 1254 50 15 men
760 1249 7 19 i
781 1248 87 21 betrak-

107 1281 67 21 tande
194 1281 26 21 af
239 1282 62 20 deras
317 1284 60 18 stora
392 1282 91 21 bärvidd
498 1282 48 21 icke
561 1285 83 18 ansetts
659 1282 54 21 böra
727 1282 88 20 komma
830 1288 38 14 un-

107 1315 39 21 der
170 1316 72 27 slutlig
263 1316 138 27 ompröfning
416 1317 64 20 innan
495 1316 111 21 desamma
622 1316 153 22 underkastats
790 1316 77 21 bered-

107 1350 51 27 ning
172 1350 96 21 närmast
283 1350 25 20 af
319 1350 97 21 bankens
431 1356 57 21 egna
502 1350 159 28 myndigheter.

176 1384 53 21 Med
251 1384 129 28 hänvisning
403 1384 31 21 till
454 1384 59 21 hvad
528 1384 92 21 berörda
635 1384 141 22 betänkande
790 1384 77 22 härom

108 1418 101 22 närmare
232 1418 117 22 innehäller
373 1418 32 22 fär
430 1418 107 22 utskottet
557 1419 41 21 hos
613 1418 122 22 Ständerna
754 1418 113 22 vördsamt

106 1451 79 22 föreslä

175 1504 138 16 Bankutskottets
325 1504 105 16 betänkande
442 1504 35 16 N:o
488 1509 16 17 5.
