1103 1700
496 101 22 21 II
823 103 40 20 175

124 168 57 22 skild
205 168 109 28 egendom,
338 174 47 16 som
408 168 27 22 H.
452 168 40 22 och
508 169 22 21 S.
545 168 111 22 fränstulit
671 169 33 27 K.,
722 170 68 21 ehuru
805 170 20 22 J.
841 170 48 22 bort

125 202 45 22 inse
193 204 33 20 att
241 202 27 21 H.
289 203 38 21 och
343 203 21 21 S.
380 202 47 22 icke
442 202 30 28 pä
487 203 65 27 ärligt
568 205 44 20 sätt
628 203 115 22 ätkommit
758 204 130 27 densamma,

124 238 58 20 samt
204 236 81 28 yrkade
303 237 56 27 förty
375 239 32 19 att
422 238 20 21 J.
458 237 69 21 mätte
543 237 63 22 fällas
622 238 34 21 till
671 244 79 15 ansvar
764 238 34 22 för
814 238 74 22 delak-

123 271 71 27 tighet
209 271 7 21 i
231 270 116 28 tjufnaden.

193 305 92 21 Medelst
301 306 71 27 utslag
387 306 40 21 den
445 307 25 20 17
488 306 61 27 April
566 307 52 21 1891
631 306 125 22 förklarade
766 306 122 23 rädstufvu-

123 342 72 19 rätten
222 340 35 21 det
272 340 73 22 utredt
360 347 58 20 vara,
434 342 34 20 att
483 341 194 21 mälaremästaren
692 341 21 21 J.
728 342 103 26 uppgifne
847 342 41 26 dag

124 374 55 21 isin
202 374 77 22 bostad
302 375 123 21 tillhandlat
449 375 35 27 sig
504 375 25 21 af
546 375 26 21 H.
589 375 39 21 och
650 375 21 22 S.
687 376 95 21 särskild
797 376 90 21 mälare-

124 410 108 20 mästaren
248 409 26 21 K.
290 409 23 21 af
326 409 27 21 H.
369 409 48 22 med
433 409 35 22 S:s
484 410 92 27 vetskap
592 409 98 27 olofligen
706 410 108 22 fränhänd
825 416 62 21 egen-

124 443 56 27 dom,
197 443 111 21 deribland
324 445 27 25 !/;
366 444 107 27 kilogram
489 444 150 27 naturkoppar
654 444 39 22 och
709 445 13 21 9
737 445 88 27 stycken
836 451 50 20 pen-

122 478 52 27 slar,
191 477 109 22 äfvensom
309 480 31 19 att
355 478 195 22 mälaremästaren
566 479 26 26 J.,
609 485 46 15 som
671 478 84 22 säledes
772 479 72 21 inlätit
855 479 32 27 sig

123 512 7 20 i
146 512 78 21 handel
247 518 34 15 om
304 512 94 22 berörda
421 513 113 27 egendom,
557 513 68 21 ehuru
643 513 42 21 han
701 513 51 21 bort
768 513 118 22 misstänka

124 548 32 20 att
180 546 124 22 densamma
326 546 23 22 af
370 547 27 22 H.
413 547 40 22 och
470 547 21 22 S.
508 547 46 22 icke
570 547 92 28 lagligen
680 547 132 26 ätkommits,
830 549 56 20 ännu

122 581 56 22 efter
201 582 73 21 derom
297 582 96 21 erhällen
415 582 101 27 kunskap
540 581 23 22 af
584 583 37 20 det
641 582 91 21 sälunda
747 582 67 27 köpta
829 582 57 21 velat

121 616 92 27 tillegna
236 617 32 26 sig
291 616 139 22 förenämnda
452 617 150 26 naturkoppar
624 616 40 22 och
687 617 94 26 penslar,
800 616 85 22 hvilken

124 651 103 26 egendom
251 651 191 21 mälaremästaren
466 651 20 21 J.
502 651 112 27 medgifvit
636 657 51 15 vara
711 651 60 26 värd,
787 650 97 28 kopparn

124 686 11 20 7
151 685 62 21 mark
228 686 27 21 50
272 685 63 27 penni
359 685 40 22 och
421 685 116 27 penslarne
559 685 159 27 sammanlagdt
739 686 26 19 14
781 685 62 20 mark
858 686 27 20 22

122 719 71 28 penni,
216 721 57 20 samt
295 719 91 22 sälunda
409 719 88 27 främjat
512 719 119 27 tjufnaden,
647 719 99 21 hvarföre
761 718 124 22 rädstufvu-

122 755 72 20 rätten
216 754 49 21 med
288 753 48 22 stöd
359 753 23 22 af
398 755 9 19 1
425 753 11 28 &
455 754 29 21 40
500 753 58 28 kap.,
576 755 12 20 3
604 753 12 28 &
632 754 25 21 41
675 753 50 27 kap.
746 754 40 21 och
804 755 9 19 1
830 753 12 28 8
857 753 27 21 49

121 788 50 27 kap.
187 788 26 22 U.
228 788 25 21 B.
277 788 78 21 dömde
378 788 192 21 mälaremästaren
590 788 21 21 J.
626 790 33 19 att
681 787 53 22 böta
756 787 34 22 för
805 787 79 22 handel

123 823 48 20 med
187 822 114 22 misstänkt
320 828 77 21 person
419 823 25 20 10
461 822 61 21 daler
537 822 49 21 med
604 823 25 20 19
645 822 60 21 mark
722 823 27 20 20
765 822 63 27 penni
845 822 39 21 och

122 856 70 22 säsom
207 856 34 22 för
257 857 67 21 första
339 863 63 14 resan
427 856 58 21 stöld
501 857 41 20 den
557 856 24 21 af
594 856 78 21 honom
689 856 117 27 tillegnade
822 862 62 21 egen-

120 891 90 22 domens
232 891 66 21 värde
321 891 25 21 21
368 890 61 21 mark
445 891 28 21 72
488 891 64 26 penni
570 893 34 19 tre
619 890 80 27 gänger
715 891 49 21 med
780 891 27 21 65
822 891 62 20 mark

123 926 26 20 16
164 925 64 27 penni
244 925 52 21 eller
311 925 90 21 sälunda
417 925 160 27 sammanlagdt
592 925 28 21 84
631 925 61 21 mark
703 925 27 21 36
742 925 70 27 penni.
835 919 48 27 Äbo

121 959 88 27 hofrätt,
226 959 37 22 der
279 959 150 22 stadsfiskalen
444 959 30 21 M.
491 959 49 21 sökt
556 959 91 27 ändring
660 959 6 21 i
685 959 197 21 rädstufvurättens

121 994 78 27 utslag,
215 994 56 21 utlät
286 994 32 26 sig
341 999 77 21 genom
441 995 33 19 ett
490 993 40 21 den
546 993 27 22 28
588 993 44 22 Juli
656 993 52 22 1891
726 993 67 27 gifvet
813 993 70 27 utslag

121 1027 38 22 och
175 1027 51 22 fann
243 1027 149 22 stadsfiskalen
408 1027 29 21 M.
451 1027 49 22 icke
515 1027 65 21 hafva
595 1027 72 22 anfört
682 1027 48 21 skäl
746 1027 34 22 till
792 1027 90 27 ändring

120 1062 7 21 i
143 1061 125 22 förberörda
283 1061 76 28 utslag,
374 1061 35 22 vid
427 1061 85 22 hvilket
527 1061 63 27 förty,
601 1061 40 22 och
652 1061 27 21 dä
690 1061 191 22 mälaremästaren

119 1096 20 21 J.
156 1096 87 21 dermed
260 1096 88 27 ätnöjts,
367 1096 86 21 komme
473 1097 33 20 att
522 1096 58 26 bero,
597 1102 49 15 men
661 1095 160 22 öfverlemnade
836 1096 47 21 hof-

119 1132 72 20 rätten
215 1130 119 22 emellertid
357 1130 159 27 handlingarna
532 1131 6 21 i
554 1130 66 22 mälet
643 1130 32 22 till
700 1129 181 23 advokatfiskals-

119 1165 96 21 embetet
229 1165 34 21 för
278 1164 113 22 utförande
404 1164 23 22 af
437 1164 41 22 den
491 1165 67 27 talan,
569 1164 87 22 hvartill
667 1165 215 27 omständigheterna

119 1199 71 21 kunde
205 1199 117 21 föranleda.

188 1234 11 21 I
215 1233 113 27 anledning
347 1233 64 21 häraf
427 1233 103 21 framhöll
546 1233 183 22 advokatfiskalen
746 1234 31 20 uti
795 1234 31 20 ett
842 1234 40 21 den

121 1269 26 20 15
163 1268 118 21 December
305 1268 53 21 1891
383 1268 35 21 till
440 1267 111 22 hofrätten
574 1268 89 27 ingifvet
679 1267 202 27 embetsmemorial,

117 1304 34 20 att
173 1302 184 22 rådstufvurätten
381 1302 41 21 fält
447 1302 193 21 målaremästaren
663 1302 20 21 J.
704 1302 35 21 till
754 1308 79 15 ansvar
848 1302 34 21 för

118 1336 36 22 det
169 1336 43 22 han
235 1336 72 21 inlåtit
330 1337 31 27 sig
377 1336 6 21 i
399 1336 79 22 handel
494 1343 35 15 om
545 1336 126 22 förberörda
687 1336 110 28 egendom,
814 1336 67 21 ehuru

117 1371 43 21 han
176 1371 50 21 bort
248 1371 120 21 misstänka
388 1373 32 19 att
436 1371 125 21 densamma
576 1371 46 21 icke
638 1371 94 27 lagligen
749 1370 132 28 åtkommits,

117 1412 49 15 men
182 1405 71 21 tillika
269 1406 74 21 ådömt
358 1406 20 21 J.
401 1405 65 21 straff
480 1405 33 21 för
530 1405 132 27 delaktighet
678 1406 6 20 i
700 1405 85 27 tjufnad
801 1405 80 21 beträf-
