1103 1700
303 132 28 21 42

274 191 50 25 taga
342 190 8 20 i
369 189 48 22 doss
436 190 95 21 arboton.
560 189 96 22 Emedan
675 190 36 20 det
730 189 134 21 erfordrades
883 188 86 22 alldeles
985 190 43 20 sär-

274 223 70 21 skilda
363 223 130 27 egenskaper
511 223 33 21 för
562 225 33 19 att
613 223 48 21 med
679 222 115 28 framgång
808 222 72 22 kunna
897 222 66 22 verka
981 222 6 22 i
1003 228 25 15 en

275 257 58 27 dylik
356 257 118 28 befattning
492 258 39 20 och
551 258 36 20 det
605 264 51 14 vore
675 257 24 21 af
715 258 45 27 vigt
778 258 32 20 att
830 257 40 21 den
885 263 82 21 person,
983 263 44 15 som

274 291 83 22 komme
379 292 8 20 i
409 291 65 28 fråga,
494 292 68 21 under
580 292 70 26 någon
669 292 31 21 tid
719 292 55 27 finge
794 292 91 26 pröfvas,
905 292 62 21 innan
986 291 42 21 han

274 326 70 21 blefve
363 326 126 21 ordinariter
507 326 35 21 vid
561 326 88 22 Banken
664 326 48 27 fäst,
728 328 55 20 samt
796 326 80 27 jemväl
890 326 69 26 någon
975 325 53 22 erfa-

276 360 75 21 renhet
374 360 65 21 borde
457 361 75 21 vinnas
551 360 56 22 huru
625 360 139 22 Direktionen
782 360 50 21 med
852 360 39 22 den
910 360 119 27 föreslagna

275 395 217 26 sammansättningen
510 394 170 26 funktionerade,
701 394 44 22 förr
765 396 27 19 än
807 400 50 15 man
873 394 63 22 skred
951 394 32 21 till
999 396 30 19 ett

276 428 105 22 definitivt
398 428 148 22 fastställande
564 428 24 22 af
601 429 92 21 nämnda
709 429 125 26 anordning,
850 428 68 22 skulle
932 428 96 22 bemälde

275 462 67 28 fjerde
361 463 95 21 direktör
474 463 117 21 tillsvidare
609 463 102 21 anställas
734 463 28 27 på
781 464 60 20 extra
859 464 42 20 stat
919 464 57 20 emot
998 464 31 20 ett

275 498 78 21 arvode
369 498 22 20 af
405 498 77 26 10,000
496 498 60 20 mark
571 504 34 15 om
620 498 53 21 året.

343 532 83 26 Frågan
447 538 34 15 om
500 532 134 21 anställande
649 532 22 21 af
685 538 26 15 en
726 532 68 27 fjerde
810 531 94 21 direktör
918 531 7 21 i
941 531 86 21 Banken

275 566 39 21 har
335 566 79 27 jemväl
432 566 55 21 varit
505 566 89 21 föremål
613 566 33 21 för
665 566 159 27 öfverläggning
843 566 39 21 hos
901 565 127 22 Ständernas

275 601 165 21 Bankrevisorer
455 601 35 21 vid
506 601 54 21 1893
577 601 34 21 års
623 601 157 21 bankrevision.
803 600 38 21 Uti
852 600 40 21 den
905 599 58 22 öfver
971 602 57 19 näst-

274 635 93 21 nämnda
385 635 91 21 revision
496 635 80 26 afgifna
594 635 113 21 berättelse
726 635 125 21 framhålles
870 635 103 26 nemligen
993 634 35 21 det

274 669 140 26 förhållande,
426 671 31 19 att
470 669 68 21 under
548 669 46 21 året
610 669 55 22 1892
676 669 70 28 någon
758 669 123 27 inspektion
893 669 22 21 af
925 669 102 21 kontoren

275 704 7 20 i
297 703 122 22 landsorten
435 703 46 21 från
496 703 99 22 Bankens
611 703 224 27 centralförvaltnings
850 703 47 22 sida
912 703 47 21 icke
973 703 54 21 före-

274 737 96 22 kommit.
397 737 49 22 Med
460 738 40 21 den
514 738 122 27 utveckling
651 738 62 21 dessa
728 738 78 21 kontor
822 737 118 22 emellertid
955 738 73 21 vunnit

274 772 24 21 så
313 772 32 21 till
360 772 58 21 antal
433 778 45 15 som
488 772 86 26 rörelse,
585 778 51 15 vore
651 772 61 27 dock,
728 773 68 26 enligt
806 772 150 21 Revisorernes
966 772 61 27 åsigt,

275 812 26 15 en
316 806 53 26 årlig
384 806 120 27 inspektion
519 806 23 21 af
555 806 104 22 kontoren
674 807 136 26 synnerligen
822 806 93 27 önsklig;
930 805 97 22 hvarföre

275 840 40 22 och
337 840 28 21 då
383 840 41 21 den
442 841 83 20 lättnad
544 841 7 20 i
566 841 150 21 Direktionens
735 840 70 22 ökade
824 840 93 27 arbeten,
936 846 45 16 som
997 840 30 22 af-

275 876 54 20 setts
346 875 48 21 med
415 874 130 22 inrättandet
563 875 23 21 af
603 881 25 15 en
643 875 273 27 bankkommissarietjenst
930 875 35 21 vid
980 875 47 20 huf-

276 909 147 26 vudkontoret,
439 915 76 21 genom
530 909 41 22 den
585 909 104 22 uteblifna
705 909 152 22 stadfästelsen
872 909 23 21 af
904 909 123 26 bankregle-

275 945 80 20 mentet
373 943 48 22 icke
439 943 89 22 kommit
546 944 32 21 till
593 944 68 25 stånd,
677 944 143 21 Revisorerne
838 944 71 21 ansett
927 943 32 28 sig
976 943 52 22 böra

275 978 118 27 framlägga
411 978 37 21 det
462 978 110 27 spörsmål,
587 978 105 21 huruvida
706 978 47 21 icke
768 984 77 21 genom
861 978 132 21 anställande
1007 977 22 22 af

275 1018 26 15 en
320 1012 68 27 fjerde
401 1012 95 21 direktör
508 1013 35 21 vid
553 1013 88 20 Banken
652 1013 111 21 enahanda
775 1012 83 21 förmån
871 1018 85 18 vunnes,
961 1012 67 27 jemte

276 1047 37 21 det
328 1053 25 15 en
369 1047 144 27 regelbunden
528 1047 122 26 inspektion
668 1047 23 21 af
705 1047 100 27 samtliga
820 1046 77 21 kontor
912 1052 75 21 genom
1002 1053 26 14 en

276 1081 23 21 af
316 1081 100 21 Bankens
431 1081 119 21 direktörer
564 1081 164 27 möjliggjordes.

344 1115 51 22 Med
417 1115 193 23 Bankrevisorerne
633 1116 38 22 och
690 1115 196 22 Bankdirektionen
904 1117 37 19 äro
958 1115 70 22 Bank-

276 1150 133 28 fullmäktige
424 1150 48 22 fullt
488 1156 50 16 ense
553 1150 109 28 angående
677 1150 158 27 behöfligheten
850 1150 23 22 af
886 1156 25 16 en
927 1156 58 15 mera
1000 1150 29 21 ef-

275 1184 68 22 fektiv
357 1184 94 22 kontroll
466 1184 58 22 öfver
539 1184 235 27 afdelningskontorens
790 1184 141 26 verksamhet,
946 1186 27 19 än
983 1190 45 15 som

275 1219 49 21 med
339 1219 151 21 Direktionens
505 1219 122 21 nuvarande
642 1219 190 26 sammansättning
847 1218 82 22 kunnat
939 1218 89 26 utöfvas,

277 1255 54 19 samt
353 1259 34 15 om
405 1253 102 27 förslaget
525 1255 37 24 att,
581 1253 33 21 för
633 1253 169 27 möjliggörande
817 1253 7 21 i
840 1253 75 21 sådant
930 1252 99 22 afseende

277 1287 23 21 af
313 1287 115 22 kontorens
438 1288 145 26 regelbundna
592 1288 120 26 inspektion
723 1293 78 22 genom
812 1293 26 15 en
849 1286 23 22 af
880 1286 149 22 Direktionens

275 1322 144 26 medlemmar,
437 1322 107 21 förstärka
562 1322 139 21 Direktionen
718 1328 78 21 genom
811 1321 142 22 anställandet
967 1320 23 22 af
1003 1326 26 16 en

276 1362 65 21 yngre
359 1356 101 26 direktör,
479 1356 115 22 tillsvidare
612 1356 28 27 på
658 1359 60 19 extra
736 1358 44 20 stat
799 1357 57 19 emot
876 1362 25 14 en
916 1354 91 29 aflöning
1022 1356 7 20 i

277 1391 31 20 ett
322 1390 33 21 för
371 1390 44 26 allt,
431 1392 59 19 utom
504 1390 277 26 resekostnadsersättning,
790 1390 24 21 af
829 1390 76 26 10,000
921 1389 59 21 mark
995 1395 34 15 om

277 1424 50 21 äret
358 1424 46 22 Och
419 1424 61 22 torde
495 1424 33 22 vid
546 1424 134 22 hesättandet
696 1424 24 20 af
733 1424 61 20 detta
811 1425 59 19 extra
881 1423 148 21 direktörsem-

276 1458 49 21 bete
344 1453 112 27 enahanda
470 1458 122 22 förfarande
607 1459 53 21 böra
674 1458 115 27 iakttagas,
806 1464 45 15 som
866 1458 35 21 vid
915 1456 114 22 tillförord-
