1103 1700
236 148 29 22 U.
281 148 27 22 B.
325 161 26 2 —
367 148 29 22 H.
413 147 25 22 F.
454 148 96 22 Antells
566 149 153 21 testamente.
802 150 25 20 13

97 216 64 22 riska
173 216 144 28 flyttningar,
329 223 48 14 som
388 216 61 21 visat
460 216 36 28 sig
508 224 55 13 vara
576 216 36 21 till
624 216 150 29 oberäknelig
784 216 72 22 skada

97 251 38 21 för
157 250 162 28 samlingarna,
343 250 76 29 ligger
439 250 118 22 dessutom
576 254 56 18 nära
647 251 37 21 till
699 250 81 22 hands.
810 251 46 21 Det

98 285 145 22 närvarande
259 284 142 22 tillständets
417 287 62 19 stora
495 285 155 28 olägenheter,
664 285 73 28 jämte
752 285 104 21 insikten

98 327 38 14 om
151 319 136 28 betydelsen
302 319 27 21 af
341 322 35 18 att
390 318 49 22 låta
449 318 67 22 dessa
528 319 127 28 samlingar
665 320 8 20 i
684 327 28 13 en
723 326 133 21 gemensam

98 353 185 29 museibyggnad
299 353 65 22 träda
379 354 59 20 fram
454 360 27 14 ur
496 353 66 21 deras
578 353 184 29 undanskymda,
778 353 78 29 kring-

101 388 95 28 spridda
211 388 58 28 läge,
285 388 120 21 förmådde
411 383 13 37 i
439 387 83 29 sjelfva
530 388 81 21 verket
622 388 25 21 är
659 389 52 21 1891
724 388 130 28 Kejserliga

100 423 103 21 Senaten
225 425 35 18 att
281 422 9 21 i
312 422 104 29 enlighet
437 422 52 21 med
512 425 34 18 ett
564 422 26 22 af
602 422 168 28 Arkeologiska
784 422 72 22 Kom-

98 457 125 21 missionen
239 456 128 29 uppgjordt
381 464 107 21 program
504 456 48 22 läta
565 452 185 33 Öfverstyrelsen
761 456 35 22 för
807 457 49 21 All-

99 495 86 17 männa
200 491 173 29 Byggnaderna
387 491 107 21 utarbeta
514 491 153 28 fullständiga
683 491 115 28 ritningar
813 491 43 21 och

100 525 201 29 kostnadsförslag
315 526 36 21 för
367 533 28 13 en
409 525 65 29 dylik
484 525 191 29 museibyggnad.
699 525 83 29 Enligt
792 525 64 21 detta

98 560 92 29 projekt
213 560 74 21 skulle
310 560 147 29 byggnaden,
474 560 30 29 pä
525 567 29 14 en
569 560 78 21 härför
663 559 25 22 af
701 559 154 29 Helsingfors'

97 595 53 20 stad
173 595 111 28 uppläten
299 595 60 28 plats
375 595 13 20 ä
403 602 69 14 norra
488 595 146 28 sluttningen
649 594 26 21 af
688 594 168 21 Observatorii-

98 629 93 28 bergen,
208 632 61 18 öster
285 637 36 13 om
337 629 78 28 Tyska
430 629 97 28 kyrkan,
538 629 110 28 uppföras
660 629 7 21 i
677 629 179 28 högrenässans-

97 663 40 22 stil
161 663 49 27 och,
230 663 53 22 med
303 671 28 14 en
353 663 65 22 fasad
441 663 27 22 af
488 665 27 20 54
537 671 22 14 m
582 663 79 29 längd,
684 663 118 21 innehålla
821 665 34 19 tre

102 698 120 28 väningar,
249 698 26 21 af
296 698 81 21 hvilka
399 697 44 22 den
465 698 107 21 nedersta
592 705 56 14 vore
670 697 80 22 afsedd
773 697 36 22 för
827 697 28 22 de

99 732 168 29 arkeologiska,
291 733 44 20 den
356 733 117 20 mellersta
494 733 36 20 för
552 733 28 20 de
603 732 125 21 historiska
751 732 43 21 och
810 731 45 22 den

97 766 102 22 Ofversta
221 767 37 21 för
281 767 27 21 de
331 767 155 28 etnografiska
510 767 166 28 samlingarna;
699 766 155 21 kostnadsför-

99 801 76 28 slaget
197 801 102 28 uppgick
322 802 37 21 till
381 802 93 26 550,000
489 802 71 21 mark.
590 802 12 21 I
632 801 146 28 underdänig
792 801 62 22 hem-

97 835 86 22 ställan
205 835 25 22 af
251 835 44 22 den
319 837 28 21 30
369 837 62 20 Mars
451 837 54 20 1892
522 836 77 21 anhöll
616 836 102 21 Senaten
733 835 41 22 hos
791 835 63 22 Hans

96 870 133 28 Kejserliga
249 870 110 29 Majestät
382 878 36 14 om
441 870 107 21 tillständ
564 873 35 18 att
614 870 117 21 inkomma
746 869 53 22 med
814 870 40 21 rit-

97 904 115 28 ningarna
227 904 36 21 för
275 908 34 18 att
320 905 66 21 dessa
397 905 71 21 mätte
480 905 8 21 i
498 905 72 21 näder
581 905 123 21 stadfästas
716 904 42 22 och
770 904 39 21 det
819 904 36 21 för

97 938 157 29 uppförandet
274 939 150 28 erforderliga
440 939 106 28 anslaget
560 939 104 28 beviljas.
694 939 83 21 Denna
792 939 62 20 hem-

98 973 87 20 ställan
207 973 42 21 har
265 973 129 22 emellertid
411 974 46 21 tills
473 973 80 22 vidare
568 973 52 22 icke
635 973 49 21 ledt
699 973 37 21 till
751 972 104 29 äsyftadt

96 1007 105 27 resultat,
211 1007 42 22 och
262 1007 28 22 de
302 1007 180 29 ifrägavarande
494 1008 158 28 samlingarna
664 1010 70 18 vänta
744 1007 26 22 af
779 1007 76 21 denna

97 1041 68 21 orsak
176 1041 42 22 allt
228 1042 143 21 fortfarande
382 1043 30 28 pä
423 1050 28 13 en
462 1042 36 21 för
509 1042 65 21 deras
585 1041 73 22 behof
663 1041 108 29 afpassad
782 1041 73 29 bygg-

97 1075 52 22 nad.
181 1076 46 21 Vid
243 1076 83 21 sädant
341 1076 151 27 förhällande,
510 1076 42 21 och
568 1076 30 21 dä
613 1076 39 21 det
667 1076 36 21 för
718 1076 72 28 öfrigt
804 1076 51 21 icke

96 1112 67 26 synts
178 1110 122 22 Utskottet
315 1111 126 29 oförenligt
455 1111 53 21 med
523 1111 205 21 nationalmuseets
740 1110 114 27 karakter,

99 1147 36 19 att
145 1152 29 14 en
190 1145 121 29 afdelning:
326 1146 25 21 af
365 1146 127 21 detsamma
507 1146 49 21 tills
567 1146 79 21 vidare
658 1146 139 20 åtminstone
808 1145 47 21 för-

95 1179 82 29 lägges
199 1180 8 20 i
229 1182 34 19 ett
286 1180 81 21 enbart
389 1180 79 22 därför
491 1180 76 21 afsedt
589 1180 49 26 hus,
665 1179 136 29 isynnerhet
826 1179 30 21 dä

96 1213 77 21 denna
197 1214 121 29 afdelning
339 1214 105 29 erbjuder
460 1217 34 18 ett
509 1214 147 28 väsentligen
671 1216 71 19 annat
757 1214 98 20 intresse

96 1251 30 18 än
141 1251 16 18 t.
174 1256 34 13 ex.
224 1248 230 29 konstafdelningen,
470 1248 42 22 har
527 1248 121 22 Utskottet
664 1250 76 20 ansett
752 1248 36 28 sig
799 1248 56 21 böra

96 1282 119 28 tillstyrka
239 1286 33 18 ett
287 1286 90 18 snarast
393 1283 93 29 möjligt
501 1283 101 21 skeende
616 1282 145 29 uppförande
777 1282 26 22 af
816 1282 39 22 det

96 1316 161 29 projekterade
272 1317 73 21 huset.

164 1350 37 22 Då
211 1351 122 22 Utskottet
344 1352 108 21 omfattat
462 1352 65 21 detta
537 1351 93 29 förslag,
641 1351 42 21 har
693 1351 122 22 Utskottet
824 1351 30 28 pä

96 1392 88 14 samma
193 1386 63 28 gäng
264 1386 114 21 förkastat
387 1386 86 21 tanken
482 1386 30 28 pä
520 1388 35 19 att
562 1393 84 21 genom
658 1393 29 14 en
697 1385 99 29 förnyad
808 1392 47 14 om-

95 1419 112 29 pröfning
221 1420 86 28 planen
322 1420 37 21 för
374 1420 76 22 denna
460 1420 186 28 museibyggnad
659 1420 110 28 möjligen
780 1419 75 21 skulle

95 1453 113 21 ombildas
232 1454 94 28 därhän,
350 1457 35 19 att
407 1454 69 22 äfven
500 1454 28 22 de
549 1454 129 22 Antell'ska
697 1454 158 28 samlingarna

165 1494 104 18 Allmänna
281 1494 169 18 Besvärsutskottets
463 1494 112 18 betänkande
587 1494 37 18 N:o
636 1494 28 18 19.
