1103 1700
237 108 42 21 122
582 108 21 21 H

210 176 49 21 stöd
283 176 24 22 af
329 177 25 21 12
377 177 12 27 $
414 178 9 20 1
447 176 49 28 kap.
520 177 25 21 R.
568 176 33 28 B.,
626 177 63 21 döma
713 176 48 22 dem
784 178 34 19 att
832 176 58 27 böta,
906 177 25 21 A.
947 177 28 21 20

209 210 62 23 daler
292 211 51 24 med
358 214 27 19 38
401 211 62 22 mark
485 214 29 20 40.
519 214 144 24 penni..samt
678 214 25 19 U.
717 214 44 19 och
771 211 33 27 F,
820 210 113 27 hvardera,
943 211 32 27 10

210 244 63 22 daler
289 245 48 21 med
355 246 24 20 19
395 245 61 21 mark
472 246 28 20 20
516 245 70 27 penni,
601 245 34 21 till
651 247 70 20 utsatt
736 244 128 27 fördelning.

281 278 100 28 Utslaget
396 279 39 22 har
450 278 42 23 fätt
507 280 64 20 vinna
587 279 49 27 laga
652 279 65 22 kraft.

282 417 70 21 Sedan
376 417 158 22 krukmakaren
557 417 34 27 N.
614 424 47 14 som
681 418 68 26 jemte
765 417 33 22 sin
814 417 77 21 hustru
906 417 69 21 Maria

211 451 27 21 N.
262 451 56 21 varit
341 452 72 21 bosatt
428 452 7 20 i
450 452 26 21 G.
498 452 56 25 stad,
573 458 49 15 men
638 452 24 21 är
679 452 55 21 1882
750 458 74 16 ensam
840 451 88 27 begifvit
943 451 32 27 sig

213 486 32 21 till
268 485 25 21 B.
309 485 54 26 stad,
379 486 94 22 derifrän
488 487 43 21 han
546 486 77 22 hösten
642 488 54 20 1885
713 487 140 21 äterkommit
869 486 32 22 till
916 486 59 22 hem-

212 522 70 24 orten,
299 521 70 26 nägon
385 521 32 21 tid
433 521 54 21 efter
502 521 33 21 sin
547 521 122 21 hemkomst
679 521 81 26 erfarit,
770 524 34 19 att
813 521 54 22 hans
878 521 98 21 bemälda

212 554 78 22 hustru
313 555 40 21 och
375 555 34 21 för
428 555 59 22 tiden
503 555 67 27 ogifte
585 555 269 28 telegraftjenstemannen
868 556 25 21 A.
909 556 67 21 under

212 589 55 21 hans
283 589 116 22 bortavaro
415 590 47 21 frän
481 590 111 21 hemorten
608 590 112 21 derstädes
737 591 49 21 med
802 590 123 21 hvarandra
940 590 36 21 be-

213 624 74 21 drifvit
310 624 45 26 hor,
371 625 81 26 yrkade
467 625 27 21 N.
510 625 55 21 efter
581 625 117 26 stämning,
714 631 46 15 som
777 624 71 22 blifvit
864 624 112 22 meddelad

213 659 54 20 hans
283 659 76 21 hustru
376 659 40 21 den
432 660 26 20 29
474 659 91 26 Augusti
587 660 55 21 1886
658 659 40 21 och
714 659 25 22 A.
757 659 40 21 den
813 660 26 20 27
856 659 121 27 päföljande

213 693 103 26 Oktober,
344 693 55 22 inför
425 693 183 22 rädstufvurätten
632 694 7 21 i
663 693 25 22 G.
716 693 48 22 stad
788 693 73 22 dessas
884 693 92 21 fällande

213 727 34 22 till
272 734 77 15 ansvar
374 727 33 22 för
434 728 116 27 horsbrott,
571 728 67 26 jemte
662 728 37 21 det
721 728 27 21 N.
771 728 74 21 anhöll
868 734 33 15 om
925 727 51 22 skil-

213 762 43 21 nad
272 763 5 20 i
294 762 142 27 äktenskapet
450 763 49 20 med
514 762 70 21 Maria
599 763 35 25 N.,
650 762 109 21 hvarefter
774 762 42 21 och
832 762 66 21 sedan
908 762 69 21 Maria

213 797 27 20 N.
257 797 40 21 och
312 797 25 21 A.
353 797 70 21 blifvit
439 797 5 20 i
461 797 67 21 saken
544 797 68 21 hörda
628 799 55 19 samt
699 797 41 21 den
756 797 135 21 sistnämnde
903 797 73 21 dervid

213 831 72 21 tillika
300 831 95 27 invändt,
404 833 33 20 att
452 831 69 21 åtalet
531 837 51 15 vore
593 831 85 21 sentida
689 831 71 26 väckt,
770 830 110 22 äfvensom
891 831 86 21 vittnes-

214 865 74 22 förhör
304 865 6 21 i
326 865 66 22 målet
414 865 120 27 försiggått,
554 865 186 22 rådstufvurätten
756 871 78 21 genom
850 865 71 27 utslag
937 865 40 21 den

214 901 25 20 21
264 900 59 21 Mars
349 901 52 20 1887
425 900 51 21 fann
502 900 36 21 det
561 906 53 15 vara
637 900 80 26 utredt,
734 902 34 19 att
783 899 69 22 Maria
868 900 25 21 N.
909 900 69 21 under

214 934 52 22 åren
293 935 54 20 1883
370 934 39 21 och
431 935 60 26 1884,
508 934 76 21 medan
600 935 26 20 N.
643 935 56 20 varit
715 934 47 21 från
779 937 61 18 orten
856 934 98 22 bortrest,
970 933 7 22 i

214 969 113 21 hemorten
343 968 99 22 bedrifvit
457 969 39 21 hor
512 969 48 21 med
575 970 88 26 A.,som
680 969 35 21 vid
728 969 40 20 den
780 969 60 21 tiden
851 968 56 21 varit
917 968 60 27 ogift,

213 1005 58 20 samt
294 1003 77 21 dömde
394 1003 62 28 förty,
472 1003 6 21 i
494 1003 48 21 stöd
566 1003 23 21 af
610 1005 8 19 1
636 1003 12 26 $
665 1004 26 20 55
707 1003 51 26 kap.
774 1003 30 21 M.
820 1003 31 26 B.,
867 1003 70 21 Maria
951 1003 26 20 N.

215 1040 34 19 att
263 1037 34 22 för
313 1037 69 22 första
399 1044 63 15 resan
478 1038 82 21 enfaldt
576 1037 39 22 hor
630 1038 53 21 böta
693 1038 28 21 80
732 1038 62 21 daler
805 1037 47 22 med
866 1038 39 20 153
916 1037 62 21 mark

214 1073 28 21 60
266 1073 71 26 penni,
361 1073 33 20 till
418 1074 68 19 utsatt
509 1072 122 27 fördelning
647 1072 38 21 och
701 1071 144 28 förvandling,
862 1071 116 26 hvarjemte

215 1107 40 21 och
279 1109 50 19 enär
353 1107 103 21 makarna
479 1107 32 25 N.,
531 1106 55 21 efter
602 1107 36 20 det
654 1106 70 21 Maria
738 1107 40 20 N:s
794 1106 59 21 brott
867 1105 70 22 blifvit
952 1106 26 21 N.

215 1142 96 27 kunnigt,
337 1142 47 21 icke
409 1142 55 21 varit
484 1142 6 20 i
506 1141 90 27 köttslig
620 1141 136 21 beblandelse
780 1141 49 21 med
852 1140 126 27 hvarandra,

215 1176 185 22 rädstufvurätten
419 1176 76 21 dömde
511 1176 33 21 till
560 1176 86 21 skilnad
662 1176 6 21 i
685 1176 108 21 makarna
808 1175 37 21 N:s
861 1175 118 27 äktenskap

215 1213 57 19 samt
294 1211 124 22 förklarade
440 1211 69 21 Maria
529 1211 26 21 N.
571 1210 65 22 hafva
652 1210 111 22 förverkat
779 1210 32 21 sin
828 1209 152 27 morgongäfva

215 1245 40 21 och
277 1245 82 22 hälften
375 1245 22 21 af
411 1245 32 21 sin
459 1245 99 27 giftorätt
577 1246 3 20 i
595 1245 104 21 makarna
714 1245 39 21 N:s
769 1250 162 21 gemensamma
945 1244 34 26 bo,

215 1286 48 16 men
287 1282 68 25 ansåg
378 1280 184 21 rädstufvurätten
585 1279 134 22 beträffande
742 1279 69 21 åtalet
826 1281 58 19 emot
899 1278 25 22 A.
940 1280 39 24 att,

216 1316 90 20 emedan
323 1315 68 21 denne
407 1314 49 22 ären
474 1316 54 20 1883
544 1314 40 22 och
605 1316 55 20 1884
677 1314 57 21 varit
745 1314 41 21 och
796 1313 136 21 fortfarande
943 1319 38 15 var

215 1350 87 21 anstäld
325 1350 69 21 säsom
417 1349 130 27 tjensteman
562 1350 36 20 vid
613 1349 65 27 ryska
693 1348 169 27 telegrafverket
877 1348 7 21 i
899 1348 81 25 landet,

216 1385 68 21 mälet
299 1385 7 21 i
323 1385 39 21 den
386 1384 60 22 delen
460 1384 86 27 jemlikt
562 1384 164 22 föreskrifterna
741 1384 6 21 i
764 1383 82 26 nädiga
861 1382 120 22 förordnin-

216 1425 50 21 gen,
276 1419 111 27 angäende
404 1419 140 27 rättegängen
561 1419 32 21 uti
611 1414 49 36 mäl,
674 1414 39 36 som
729 1420 52 20 röra
796 1418 185 26 militärpersoner
