1103 1700
372 123 24 21 U.
413 123 23 21 B.
458 119 36 36 TIL
487 123 111 21 —XXXI.
807 122 26 21 41

177 192 77 20 Härtill
274 191 98 21 kommer
393 194 118 24 yttermera
534 192 58 20 skatt
612 191 33 21 för
661 190 89 21 försåldt
766 192 6 19 i
788 190 76 27 beslag

105 229 61 23 taget
181 226 89 20 bränvin

338 278 23 20 år
379 278 54 25 1890
447 278 48 26 Fmy
512 278 68 25 8,191:
599 282 31 15 12.

342 328 11 8 »
380 312 50 25 1891
464 328 11 8 ,
549 317 33 20 44:
598 317 34 20 43-

341 362 13 9 »
381 346 52 26 1892
464 362 12 8 ,,
539 345 43 27 136:
598 351 35 20 42.

175 403 56 20 Från
247 402 132 28 föregående
395 403 93 21 inkomst
504 403 60 27 afgär
581 403 56 20 dock
653 402 107 28 beloppet
771 402 25 21 af
804 404 60 18 resti-

107 437 76 21 tuerad
198 437 168 25 bränvinsskatt,
383 437 120 27 utgörande
518 437 33 21 för

325 490 24 19 är
366 490 54 25 1890
435 489 48 27 Fm
501 490 95 25 103,581:
612 494 34 21 93.

329 540 12 8 »
367 524 50 25 1891
451 539 12 9 ,,
503 522 95 27 111,638:
613 528 35 21 07.

329 574 12 9 »
368 558 51 26 1892
451 574 12 9 ,,
503 562 94 21 117,175:
613 557 34 20 62.

178 615 48 20 Den
249 615 95 27 verkliga
365 615 121 20 inkomsten
514 615 26 20 af
556 615 187 20 bränvinsskatten
767 614 99 27 utgjorde

110 649 88 21 sälunda

316 707 23 20 är
358 707 53 26 1890
426 706 48 27 Fmye
489 711 119 22 4,712,172:
626 707 32 25 85.

320 757 12 9 »
357 741 50 26 1891
440 757 12 8 ,,
489 741 119 26 4,807,634:
625 741 34 20 06.

320 791 11 8 »
358 775 51 26 1892
442 791 11 8 ,
492 780 117 21 3,934.295:
626 775 33 20 68.

373 814 87 21 Summa
479 820 130 21 13,454,102:
628 820 32 21 59.

183 873 194 20 Medelinkomsten
394 873 33 20 för
438 873 22 20 är
471 873 38 20 har
516 873 88 20 sälunda
613 873 94 26 uppgätt
715 872 31 21 till
753 873 115 26 4,484,700

111 906 60 21 mark
187 907 27 20 86
229 908 35 25 pii,
281 907 80 20 hvilket
377 908 80 19 utvisar
473 914 26 13 en
514 908 97 25 stegring
626 907 25 20 af
663 907 91 26 818,458
770 907 60 20 mark
843 912 25 15 10

111 942 29 25 pii
163 948 39 20 per
217 941 22 20 är
255 945 45 16 mot
316 941 122 20 inkomsten
453 941 67 20 under
536 941 27 20 de
578 941 95 20 närmast
688 941 133 26 föregäende
836 945 32 17 tre

111 975 57 25 ären,
190 982 47 13 som
253 977 6 18 i
275 975 62 27 ärligt
352 975 102 21 medeltal
470 975 98 27 utgjorde
586 975 111 26 3,666,242
714 975 61 20 mark
790 975 28 26 76
833 977 35 25 pii.

112 1009 41 20 Till
174 1009 124 26 jemförelse
318 1010 35 19 mä
368 1009 118 21 antecknas
502 1013 32 17 att
549 1009 194 21 medelinkomsten
759 1009 33 21 för
808 1009 60 21 hvart

112 1043 24 20 af
148 1044 51 20 åren
217 1043 138 26 1884—1886
371 1050 38 13 var
424 1043 115 26 4,858,636
554 1043 60 21 mark
632 1049 24 21 17
672 1045 35 26 pi.

180 1077 41 21 Till
249 1077 122 22 kontrollen
402 1077 60 21 öfver
490 1078 264 27 bränvinstillverkningen
778 1077 91 27 anslogo

112 1111 120 21 Ständerna
241 1112 36 20 vid
288 1113 52 19 1888
351 1112 42 20 och
405 1113 49 25 1891
466 1113 34 19 ärs
508 1112 128 27 landtdagar
644 1112 125 27 förslagsvis
778 1117 92 19 200,000

112 1146 61 21 mark
195 1146 80 27 årligen
297 1146 33 21 för
353 1147 50 19 åren
429 1147 146 25 1890—1892.
605 1146 9 20 I
637 1146 148 27 verkligheten
806 1146 64 20 hafva

111 1181 246 25 kontrollkostnaderna,
375 1184 60 17 utom
453 1186 59 19 1,022
529 1181 36 20 mk
581 1182 25 19 28
624 1188 21 20 p.
658 1181 32 20 för
705 1180 83 21 inlösen
804 1180 66 20 under

112 1216 23 20 är
155 1216 50 26 1891
224 1215 25 21 af
260 1215 90 27 ibeslag
365 1218 66 24 tagen
445 1214 319 28 bränvinsbränningsredskap,
780 1214 89 27 utgjort:

330 1274 22 19 år
371 1273 54 26 1890
440 1273 48 27 Fe
505 1272 97 27 220,678:
619 1273 33 25 78.

338 1324 12 8 »
375 1307 49 26 1891
458 1323 13 9 ,
506 1306 97 26 226,849:
619 1312 34 21 74-

339 1358 11 8 »
374 1342 52 25 1892
460 1357 11 9 ,
507 1342 97 25 209,581:
619 1341 35 25 65.

113 1398 43 22 Om
177 1398 46 21 frän
238 1399 63 20 dessa
320 1398 82 28 belopp
418 1398 101 27 afdragas
535 1398 27 21 de
577 1398 186 26 kontrollafgifter,
779 1404 48 14 som
843 1398 28 26 pä

113 1433 29 27 pä
164 1433 68 26 grund
251 1432 25 21 af
287 1432 100 28 gällande
403 1432 125 27 förordning
544 1432 24 21 af
580 1432 220 27 distilleringsverken
814 1432 57 20 leve-

183 1473 130 15 Statsutskottets
325 1472 104 16 betänkande
441 1472 35 16 N:o
486 1477 18 15 3.
