<?xml version="1.0" encoding="UTF-8"?>
<alto xmlns="http://www.loc.gov/standards/alto/ns-v3#" xmlns:xlink="http://www.w3.org/1999/xlink" xmlns:xsi="http://www.w3.org/2001/XMLSchema-instance" xsi:schemaLocation="http://www.loc.gov/standards/alto/ns-v3# http://www.loc.gov/alto/v3/alto-3-0.xsd">
	<Description>
		<MeasurementUnit>pixel</MeasurementUnit>
		<sourceImageInformation>
			<fileName>/tmp/tess_fe874al2_input.PNG</fileName>
		</sourceImageInformation>
		<OCRProcessing ID="OCR_0">
			<ocrProcessingStep>
				<processingSoftware>
					<softwareName>tesseract 5.3.4</softwareName>
				</processingSoftware>
			</ocrProcessingStep>
		</OCRProcessing>
	</Description>
	<Layout>
		<Page WIDTH="1103" HEIGHT="1700" PHYSICAL_IMG_NR="0" ID="page_0">
			<PrintSpace HPOS="0" VPOS="0" WIDTH="1103" HEIGHT="1700">
				<ComposedBlock ID="cblock_0" HPOS="252" VPOS="102" WIDTH="357" HEIGHT="21">
					<TextBlock ID="block_0" HPOS="252" VPOS="102" WIDTH="357" HEIGHT="21">
						<TextLine ID="line_0" HPOS="252" VPOS="102" WIDTH="357" HEIGHT="21">
							<String ID="string_0" HPOS="252" VPOS="102" WIDTH="27" HEIGHT="21" WC="0.95" CONTENT="24"/><SP WIDTH="319" VPOS="102" HPOS="279"/>
							<String ID="string_1" HPOS="598" VPOS="102" WIDTH="11" HEIGHT="21" WC="0.96" CONTENT="I"/>
						</TextLine>
					</TextBlock>
				</ComposedBlock>
				<ComposedBlock ID="cblock_1" HPOS="220" VPOS="170" WIDTH="769" HEIGHT="62">
					<TextBlock ID="block_1" HPOS="220" VPOS="170" WIDTH="769" HEIGHT="62">
						<TextLine ID="line_1" HPOS="220" VPOS="170" WIDTH="769" HEIGHT="28">
							<String ID="string_2" HPOS="220" VPOS="170" WIDTH="68" HEIGHT="28" WC="0.96" CONTENT="jemte"/><SP WIDTH="22" VPOS="170" HPOS="288"/>
							<String ID="string_3" HPOS="310" VPOS="170" WIDTH="61" HEIGHT="22" WC="0.96" CONTENT="Hans"/><SP WIDTH="22" VPOS="170" HPOS="371"/>
							<String ID="string_4" HPOS="393" VPOS="170" WIDTH="121" HEIGHT="28" WC="0.95" CONTENT="Kejserliga"/><SP WIDTH="18" VPOS="170" HPOS="514"/>
							<String ID="string_5" HPOS="532" VPOS="170" WIDTH="103" HEIGHT="28" WC="0.96" CONTENT="Majestät"/><SP WIDTH="16" VPOS="170" HPOS="635"/>
							<String ID="string_6" HPOS="651" VPOS="171" WIDTH="6" HEIGHT="21" WC="0.96" CONTENT="i"/><SP WIDTH="16" VPOS="171" HPOS="657"/>
							<String ID="string_7" HPOS="673" VPOS="171" WIDTH="68" HEIGHT="21" WC="0.93" CONTENT="nåder"/><SP WIDTH="22" VPOS="171" HPOS="741"/>
							<String ID="string_8" HPOS="763" VPOS="170" WIDTH="115" HEIGHT="22" WC="0.91" CONTENT="förordnat"/><SP WIDTH="22" VPOS="170" HPOS="878"/>
							<String ID="string_9" HPOS="900" VPOS="172" WIDTH="33" HEIGHT="20" WC="0.93" CONTENT="att"/><SP WIDTH="16" VPOS="172" HPOS="933"/>
							<String ID="string_10" HPOS="949" VPOS="170" WIDTH="40" HEIGHT="22" WC="0.90" CONTENT="be-"/>
						</TextLine>
						<TextLine ID="line_2" HPOS="222" VPOS="204" WIDTH="692" HEIGHT="28">
							<String ID="string_11" HPOS="222" VPOS="204" WIDTH="77" HEIGHT="28" WC="0.96" CONTENT="loppet"/><SP WIDTH="16" VPOS="204" HPOS="299"/>
							<String ID="string_12" HPOS="315" VPOS="204" WIDTH="55" HEIGHT="22" WC="0.96" CONTENT="skall"/><SP WIDTH="15" VPOS="204" HPOS="370"/>
							<String ID="string_13" HPOS="385" VPOS="205" WIDTH="33" HEIGHT="21" WC="0.93" CONTENT="till"/><SP WIDTH="15" VPOS="205" HPOS="418"/>
							<String ID="string_14" HPOS="433" VPOS="204" WIDTH="134" HEIGHT="22" WC="0.91" CONTENT="Ständernas"/><SP WIDTH="15" VPOS="204" HPOS="567"/>
							<String ID="string_15" HPOS="582" VPOS="205" WIDTH="200" HEIGHT="27" WC="0.89" CONTENT="Bankfullmäktige"/><SP WIDTH="16" VPOS="205" HPOS="782"/>
							<String ID="string_16" HPOS="798" VPOS="204" WIDTH="116" HEIGHT="22" WC="0.96" CONTENT="utbetalas."/>
						</TextLine>
					</TextBlock>
				</ComposedBlock>
				<ComposedBlock ID="cblock_2" HPOS="224" VPOS="332" WIDTH="763" HEIGHT="106">
					<TextBlock ID="block_2" HPOS="224" VPOS="332" WIDTH="763" HEIGHT="106">
						<TextLine ID="line_3" HPOS="224" VPOS="332" WIDTH="762" HEIGHT="32">
							<String ID="string_17" HPOS="224" VPOS="337" WIDTH="44" HEIGHT="23" WC="0.91" CONTENT="D."/><SP WIDTH="25" VPOS="337" HPOS="268"/>
							<String ID="string_18" HPOS="293" VPOS="332" WIDTH="99" HEIGHT="32" WC="0.92" CONTENT="Ärenden,"/><SP WIDTH="17" VPOS="332" HPOS="392"/>
							<String ID="string_19" HPOS="409" VPOS="338" WIDTH="28" HEIGHT="21" WC="0.96" CONTENT="uti"/><SP WIDTH="24" VPOS="338" HPOS="437"/>
							<String ID="string_20" HPOS="461" VPOS="337" WIDTH="64" HEIGHT="22" WC="0.93" CONTENT="hvilka"/><SP WIDTH="19" VPOS="337" HPOS="525"/>
							<String ID="string_21" HPOS="544" VPOS="337" WIDTH="116" HEIGHT="22" WC="0.92" CONTENT="Ständerna"/><SP WIDTH="15" VPOS="337" HPOS="660"/>
							<String ID="string_22" HPOS="675" VPOS="337" WIDTH="28" HEIGHT="21" WC="0.96" CONTENT="till"/><SP WIDTH="19" VPOS="337" HPOS="703"/>
							<String ID="string_23" HPOS="722" VPOS="337" WIDTH="55" HEIGHT="22" WC="0.93" CONTENT="Hans"/><SP WIDTH="17" VPOS="337" HPOS="777"/>
							<String ID="string_24" HPOS="794" VPOS="337" WIDTH="113" HEIGHT="27" WC="0.93" CONTENT="Kejserliga"/><SP WIDTH="16" VPOS="337" HPOS="907"/>
							<String ID="string_25" HPOS="923" VPOS="337" WIDTH="63" HEIGHT="27" WC="0.92" CONTENT="Maje-"/>
						</TextLine>
						<TextLine ID="line_4" HPOS="295" VPOS="376" WIDTH="692" HEIGHT="28">
							<String ID="string_26" HPOS="295" VPOS="377" WIDTH="55" HEIGHT="22" WC="0.93" CONTENT="stäts"/><SP WIDTH="25" VPOS="377" HPOS="350"/>
							<String ID="string_27" HPOS="375" VPOS="376" WIDTH="73" HEIGHT="28" WC="0.93" CONTENT="nådiga"/><SP WIDTH="24" VPOS="376" HPOS="448"/>
							<String ID="string_28" HPOS="472" VPOS="377" WIDTH="136" HEIGHT="27" WC="0.91" CONTENT="bepröfvande"/><SP WIDTH="20" VPOS="377" HPOS="608"/>
							<String ID="string_29" HPOS="628" VPOS="377" WIDTH="104" HEIGHT="22" WC="0.92" CONTENT="framstält"/><SP WIDTH="17" VPOS="377" HPOS="732"/>
							<String ID="string_30" HPOS="749" VPOS="376" WIDTH="140" HEIGHT="28" WC="0.90" CONTENT="underdåniga"/><SP WIDTH="15" VPOS="376" HPOS="889"/>
							<String ID="string_31" HPOS="904" VPOS="377" WIDTH="83" HEIGHT="27" WC="0.90" CONTENT="petitio-"/>
						</TextLine>
						<TextLine ID="line_5" HPOS="295" VPOS="422" WIDTH="42" HEIGHT="16">
							<String ID="string_32" HPOS="295" VPOS="422" WIDTH="42" HEIGHT="16" WC="0.96" CONTENT="ner."/>
						</TextLine>
					</TextBlock>
				</ComposedBlock>
				<ComposedBlock ID="cblock_3" HPOS="224" VPOS="480" WIDTH="769" HEIGHT="954">
					<TextBlock ID="block_3" HPOS="224" VPOS="480" WIDTH="762" HEIGHT="131">
						<TextLine ID="line_6" HPOS="297" VPOS="480" WIDTH="686" HEIGHT="27">
							<String ID="string_33" HPOS="297" VPOS="481" WIDTH="39" HEIGHT="20" WC="0.72" CONTENT="1:0."/><SP WIDTH="30" VPOS="481" HPOS="336"/>
							<String ID="string_34" HPOS="366" VPOS="480" WIDTH="38" HEIGHT="21" WC="0.92" CONTENT="Uti"/><SP WIDTH="23" VPOS="480" HPOS="404"/>
							<String ID="string_35" HPOS="427" VPOS="480" WIDTH="135" HEIGHT="27" WC="0.91" CONTENT="underdänig"/><SP WIDTH="23" VPOS="480" HPOS="562"/>
							<String ID="string_36" HPOS="585" VPOS="480" WIDTH="110" HEIGHT="22" WC="0.95" CONTENT="skrifvelse"/><SP WIDTH="27" VPOS="480" HPOS="695"/>
							<String ID="string_37" HPOS="722" VPOS="480" WIDTH="23" HEIGHT="21" WC="0.96" CONTENT="af"/><SP WIDTH="21" VPOS="480" HPOS="745"/>
							<String ID="string_38" HPOS="766" VPOS="480" WIDTH="41" HEIGHT="21" WC="0.96" CONTENT="den"/><SP WIDTH="16" VPOS="480" HPOS="807"/>
							<String ID="string_39" HPOS="823" VPOS="481" WIDTH="12" HEIGHT="20" WC="0.96" CONTENT="9"/><SP WIDTH="16" VPOS="481" HPOS="835"/>
							<String ID="string_40" HPOS="851" VPOS="480" WIDTH="58" HEIGHT="21" WC="0.96" CONTENT="Mars"/><SP WIDTH="22" VPOS="480" HPOS="909"/>
							<String ID="string_41" HPOS="931" VPOS="480" WIDTH="52" HEIGHT="21" WC="0.96" CONTENT="1891"/>
						</TextLine>
						<TextLine ID="line_7" HPOS="224" VPOS="514" WIDTH="762" HEIGHT="22">
							<String ID="string_42" HPOS="224" VPOS="514" WIDTH="66" HEIGHT="21" WC="0.92" CONTENT="hafva"/><SP WIDTH="23" VPOS="514" HPOS="290"/>
							<String ID="string_43" HPOS="313" VPOS="514" WIDTH="122" HEIGHT="22" WC="0.91" CONTENT="Ständerna"/><SP WIDTH="19" VPOS="514" HPOS="435"/>
							<String ID="string_44" HPOS="454" VPOS="514" WIDTH="90" HEIGHT="22" WC="0.92" CONTENT="anhällit"/><SP WIDTH="16" VPOS="514" HPOS="544"/>
							<String ID="string_45" HPOS="560" VPOS="516" WIDTH="33" HEIGHT="20" WC="0.96" CONTENT="att"/><SP WIDTH="15" VPOS="516" HPOS="593"/>
							<String ID="string_46" HPOS="608" VPOS="515" WIDTH="36" HEIGHT="21" WC="0.93" CONTENT="vid"/><SP WIDTH="15" VPOS="515" HPOS="644"/>
							<String ID="string_47" HPOS="659" VPOS="514" WIDTH="133" HEIGHT="22" WC="0.92" CONTENT="Alexanders"/><SP WIDTH="16" VPOS="514" HPOS="792"/>
							<String ID="string_48" HPOS="808" VPOS="514" WIDTH="155" HEIGHT="22" WC="0.93" CONTENT="Universitetet"/><SP WIDTH="15" VPOS="514" HPOS="963"/>
							<String ID="string_49" HPOS="978" VPOS="514" WIDTH="8" HEIGHT="21" WC="0.96" CONTENT="i"/>
						</TextLine>
						<TextLine ID="line_8" HPOS="224" VPOS="548" WIDTH="761" HEIGHT="28">
							<String ID="string_50" HPOS="224" VPOS="548" WIDTH="137" HEIGHT="28" WC="0.92" CONTENT="Helsingfors"/><SP WIDTH="16" VPOS="548" HPOS="361"/>
							<String ID="string_51" HPOS="377" VPOS="550" WIDTH="68" HEIGHT="21" WC="0.92" CONTENT="mätte"/><SP WIDTH="15" VPOS="550" HPOS="445"/>
							<String ID="string_52" HPOS="460" VPOS="550" WIDTH="94" HEIGHT="21" WC="0.96" CONTENT="inrättas"/><SP WIDTH="16" VPOS="550" HPOS="554"/>
							<String ID="string_53" HPOS="570" VPOS="556" WIDTH="26" HEIGHT="15" WC="0.93" CONTENT="en"/><SP WIDTH="17" VPOS="556" HPOS="596"/>
							<String ID="string_54" HPOS="613" VPOS="549" WIDTH="109" HEIGHT="22" WC="0.92" CONTENT="ordinarie"/><SP WIDTH="16" VPOS="549" HPOS="722"/>
							<String ID="string_55" HPOS="738" VPOS="548" WIDTH="126" HEIGHT="28" WC="0.93" CONTENT="professur"/><SP WIDTH="-6" VPOS="548" HPOS="864"/>
							<String ID="string_56" HPOS="858" VPOS="544" WIDTH="13" HEIGHT="37" WC="0.92" CONTENT="i"/><SP WIDTH="4" VPOS="544" HPOS="871"/>
							<String ID="string_57" HPOS="875" VPOS="549" WIDTH="110" HEIGHT="22" WC="0.92" CONTENT="romanisk"/>
						</TextLine>
						<TextLine ID="line_9" HPOS="226" VPOS="583" WIDTH="278" HEIGHT="28">
							<String ID="string_58" HPOS="226" VPOS="583" WIDTH="40" HEIGHT="22" WC="0.93" CONTENT="och"/><SP WIDTH="16" VPOS="583" HPOS="266"/>
							<String ID="string_59" HPOS="282" VPOS="584" WIDTH="123" HEIGHT="27" WC="0.92" CONTENT="germanisk"/><SP WIDTH="15" VPOS="584" HPOS="405"/>
							<String ID="string_60" HPOS="420" VPOS="583" WIDTH="84" HEIGHT="28" WC="0.96" CONTENT="filologi."/>
						</TextLine>
					</TextBlock>
					<TextBlock ID="block_4" HPOS="225" VPOS="618" WIDTH="761" HEIGHT="97">
						<TextLine ID="line_10" HPOS="296" VPOS="618" WIDTH="690" HEIGHT="28">
							<String ID="string_61" HPOS="296" VPOS="618" WIDTH="42" HEIGHT="21" WC="0.92" CONTENT="Vid"/><SP WIDTH="15" VPOS="618" HPOS="338"/>
							<String ID="string_62" HPOS="353" VPOS="619" WIDTH="68" HEIGHT="21" WC="0.91" CONTENT="skedd"/><SP WIDTH="10" VPOS="619" HPOS="421"/>
							<String ID="string_63" HPOS="431" VPOS="619" WIDTH="135" HEIGHT="27" WC="0.92" CONTENT="underdänig"/><SP WIDTH="11" VPOS="619" HPOS="566"/>
							<String ID="string_64" HPOS="577" VPOS="619" WIDTH="155" HEIGHT="27" WC="0.91" CONTENT="föredragning"/><SP WIDTH="10" VPOS="619" HPOS="732"/>
							<String ID="string_65" HPOS="742" VPOS="618" WIDTH="24" HEIGHT="21" WC="0.93" CONTENT="af"/><SP WIDTH="8" VPOS="618" HPOS="766"/>
							<String ID="string_66" HPOS="774" VPOS="618" WIDTH="91" HEIGHT="21" WC="0.91" CONTENT="ärendet"/><SP WIDTH="10" VPOS="618" HPOS="865"/>
							<String ID="string_67" HPOS="875" VPOS="618" WIDTH="40" HEIGHT="21" WC="0.96" CONTENT="har"/><SP WIDTH="10" VPOS="618" HPOS="915"/>
							<String ID="string_68" HPOS="925" VPOS="618" WIDTH="61" HEIGHT="21" WC="0.96" CONTENT="Hans"/>
						</TextLine>
						<TextLine ID="line_11" HPOS="225" VPOS="652" WIDTH="761" HEIGHT="28">
							<String ID="string_69" HPOS="225" VPOS="652" WIDTH="122" HEIGHT="27" WC="0.90" CONTENT="Kejserliga"/><SP WIDTH="15" VPOS="652" HPOS="347"/>
							<String ID="string_70" HPOS="362" VPOS="653" WIDTH="102" HEIGHT="27" WC="0.92" CONTENT="Majestät"/><SP WIDTH="18" VPOS="653" HPOS="464"/>
							<String ID="string_71" HPOS="482" VPOS="653" WIDTH="71" HEIGHT="22" WC="0.92" CONTENT="täckts"/><SP WIDTH="16" VPOS="653" HPOS="553"/>
							<String ID="string_72" HPOS="569" VPOS="653" WIDTH="7" HEIGHT="21" WC="0.93" CONTENT="i"/><SP WIDTH="15" VPOS="653" HPOS="576"/>
							<String ID="string_73" HPOS="591" VPOS="653" WIDTH="69" HEIGHT="21" WC="0.92" CONTENT="näder"/><SP WIDTH="15" VPOS="653" HPOS="660"/>
							<String ID="string_74" HPOS="675" VPOS="653" WIDTH="111" HEIGHT="26" WC="0.92" CONTENT="förordna,"/><SP WIDTH="17" VPOS="653" HPOS="786"/>
							<String ID="string_75" HPOS="803" VPOS="654" WIDTH="33" HEIGHT="20" WC="0.93" CONTENT="att"/><SP WIDTH="16" VPOS="654" HPOS="836"/>
							<String ID="string_76" HPOS="852" VPOS="652" WIDTH="134" HEIGHT="22" WC="0.92" CONTENT="Ständernas"/>
						</TextLine>
						<TextLine ID="line_12" HPOS="225" VPOS="687" WIDTH="698" HEIGHT="28">
							<String ID="string_77" HPOS="225" VPOS="687" WIDTH="98" HEIGHT="21" WC="0.90" CONTENT="nämnda"/><SP WIDTH="14" VPOS="687" HPOS="323"/>
							<String ID="string_78" HPOS="337" VPOS="687" WIDTH="92" HEIGHT="26" WC="0.90" CONTENT="petition"/><SP WIDTH="15" VPOS="687" HPOS="429"/>
							<String ID="string_79" HPOS="444" VPOS="687" WIDTH="47" HEIGHT="22" WC="0.91" CONTENT="icke"/><SP WIDTH="17" VPOS="687" HPOS="491"/>
							<String ID="string_80" HPOS="508" VPOS="687" WIDTH="53" HEIGHT="22" WC="0.96" CONTENT="skall"/><SP WIDTH="15" VPOS="687" HPOS="561"/>
							<String ID="string_81" HPOS="576" VPOS="688" WIDTH="33" HEIGHT="21" WC="0.93" CONTENT="till"/><SP WIDTH="16" VPOS="688" HPOS="609"/>
							<String ID="string_82" HPOS="625" VPOS="688" WIDTH="71" HEIGHT="27" WC="0.92" CONTENT="nägon"/><SP WIDTH="18" VPOS="688" HPOS="696"/>
							<String ID="string_83" HPOS="714" VPOS="687" WIDTH="77" HEIGHT="28" WC="0.92" CONTENT="ätgärd"/><SP WIDTH="15" VPOS="687" HPOS="791"/>
							<String ID="string_84" HPOS="806" VPOS="687" WIDTH="117" HEIGHT="21" WC="0.92" CONTENT="föranleda."/>
						</TextLine>
					</TextBlock>
					<TextBlock ID="block_5" HPOS="225" VPOS="721" WIDTH="766" HEIGHT="510">
						<TextLine ID="line_13" HPOS="297" VPOS="721" WIDTH="688" HEIGHT="28">
							<String ID="string_85" HPOS="297" VPOS="723" WIDTH="40" HEIGHT="20" WC="0.92" CONTENT="2:0."/><SP WIDTH="32" VPOS="723" HPOS="337"/>
							<String ID="string_86" HPOS="369" VPOS="721" WIDTH="70" HEIGHT="22" WC="0.93" CONTENT="Sedan"/><SP WIDTH="15" VPOS="721" HPOS="439"/>
							<String ID="string_87" HPOS="454" VPOS="721" WIDTH="122" HEIGHT="22" WC="0.92" CONTENT="Ständerna"/><SP WIDTH="16" VPOS="721" HPOS="576"/>
							<String ID="string_88" HPOS="592" VPOS="722" WIDTH="33" HEIGHT="21" WC="0.92" CONTENT="uti"/><SP WIDTH="15" VPOS="722" HPOS="625"/>
							<String ID="string_89" HPOS="640" VPOS="722" WIDTH="136" HEIGHT="27" WC="0.92" CONTENT="underdänig"/><SP WIDTH="16" VPOS="722" HPOS="776"/>
							<String ID="string_90" HPOS="792" VPOS="721" WIDTH="111" HEIGHT="22" WC="0.93" CONTENT="skrifvelse"/><SP WIDTH="10" VPOS="721" HPOS="903"/>
							<String ID="string_91" HPOS="913" VPOS="721" WIDTH="22" HEIGHT="22" WC="0.96" CONTENT="af"/><SP WIDTH="10" VPOS="721" HPOS="935"/>
							<String ID="string_92" HPOS="945" VPOS="721" WIDTH="40" HEIGHT="22" WC="0.96" CONTENT="den"/>
						</TextLine>
						<TextLine ID="line_14" HPOS="226" VPOS="755" WIDTH="761" HEIGHT="28">
							<String ID="string_93" HPOS="226" VPOS="757" WIDTH="13" HEIGHT="20" WC="0.93" CONTENT="3"/><SP WIDTH="16" VPOS="757" HPOS="239"/>
							<String ID="string_94" HPOS="255" VPOS="756" WIDTH="63" HEIGHT="27" WC="0.96" CONTENT="April"/><SP WIDTH="18" VPOS="756" HPOS="318"/>
							<String ID="string_95" HPOS="336" VPOS="757" WIDTH="52" HEIGHT="20" WC="0.93" CONTENT="1891"/><SP WIDTH="18" VPOS="757" HPOS="388"/>
							<String ID="string_96" HPOS="406" VPOS="756" WIDTH="95" HEIGHT="27" WC="0.90" CONTENT="anhållit,"/><SP WIDTH="17" VPOS="756" HPOS="501"/>
							<String ID="string_97" HPOS="518" VPOS="757" WIDTH="36" HEIGHT="20" WC="0.93" CONTENT="det"/><SP WIDTH="19" VPOS="757" HPOS="554"/>
							<String ID="string_98" HPOS="573" VPOS="757" WIDTH="85" HEIGHT="20" WC="0.96" CONTENT="täcktes"/><SP WIDTH="15" VPOS="757" HPOS="658"/>
							<String ID="string_99" HPOS="673" VPOS="757" WIDTH="61" HEIGHT="21" WC="0.93" CONTENT="Hans"/><SP WIDTH="15" VPOS="757" HPOS="734"/>
							<String ID="string_100" HPOS="749" VPOS="756" WIDTH="121" HEIGHT="27" WC="0.96" CONTENT="Kejserliga"/><SP WIDTH="14" VPOS="756" HPOS="870"/>
							<String ID="string_101" HPOS="884" VPOS="755" WIDTH="103" HEIGHT="28" WC="0.96" CONTENT="Majestät"/>
						</TextLine>
						<TextLine ID="line_15" HPOS="225" VPOS="790" WIDTH="761" HEIGHT="28">
							<String ID="string_102" HPOS="225" VPOS="790" WIDTH="7" HEIGHT="21" WC="0.93" CONTENT="i"/><SP WIDTH="17" VPOS="790" HPOS="232"/>
							<String ID="string_103" HPOS="249" VPOS="790" WIDTH="70" HEIGHT="21" WC="0.93" CONTENT="nåder"/><SP WIDTH="15" VPOS="790" HPOS="319"/>
							<String ID="string_104" HPOS="334" VPOS="790" WIDTH="94" HEIGHT="28" WC="0.61" CONTENT="päbjuda"/><SP WIDTH="11" VPOS="790" HPOS="428"/>
							<String ID="string_105" HPOS="439" VPOS="791" WIDTH="67" HEIGHT="21" WC="0.96" CONTENT="sådan"/><SP WIDTH="12" VPOS="791" HPOS="506"/>
							<String ID="string_106" HPOS="518" VPOS="791" WIDTH="92" HEIGHT="27" WC="0.96" CONTENT="ändring"/><SP WIDTH="11" VPOS="791" HPOS="610"/>
							<String ID="string_107" HPOS="621" VPOS="791" WIDTH="7" HEIGHT="21" WC="0.93" CONTENT="i"/><SP WIDTH="10" VPOS="791" HPOS="628"/>
							<String ID="string_108" HPOS="638" VPOS="791" WIDTH="145" HEIGHT="27" WC="0.96" CONTENT="kungörelsen"/><SP WIDTH="13" VPOS="791" HPOS="783"/>
							<String ID="string_109" HPOS="796" VPOS="791" WIDTH="40" HEIGHT="21" WC="0.96" CONTENT="den"/><SP WIDTH="12" VPOS="791" HPOS="836"/>
							<String ID="string_110" HPOS="848" VPOS="791" WIDTH="12" HEIGHT="20" WC="0.96" CONTENT="7"/><SP WIDTH="11" VPOS="791" HPOS="860"/>
							<String ID="string_111" HPOS="871" VPOS="791" WIDTH="42" HEIGHT="26" WC="0.96" CONTENT="Maj"/><SP WIDTH="12" VPOS="791" HPOS="913"/>
							<String ID="string_112" HPOS="925" VPOS="791" WIDTH="61" HEIGHT="26" WC="0.96" CONTENT="1888,"/>
						</TextLine>
						<TextLine ID="line_16" HPOS="226" VPOS="825" WIDTH="761" HEIGHT="28">
							<String ID="string_113" HPOS="226" VPOS="826" WIDTH="35" HEIGHT="19" WC="0.93" CONTENT="att"/><SP WIDTH="16" VPOS="826" HPOS="261"/>
							<String ID="string_114" HPOS="277" VPOS="825" WIDTH="72" HEIGHT="21" WC="0.92" CONTENT="lärare"/><SP WIDTH="16" VPOS="825" HPOS="349"/>
							<String ID="string_115" HPOS="365" VPOS="825" WIDTH="51" HEIGHT="22" WC="0.92" CONTENT="eller"/><SP WIDTH="14" VPOS="825" HPOS="416"/>
							<String ID="string_116" HPOS="430" VPOS="825" WIDTH="118" HEIGHT="28" WC="0.90" CONTENT="lärarinna,"/><SP WIDTH="16" VPOS="825" HPOS="548"/>
							<String ID="string_117" HPOS="564" VPOS="831" WIDTH="46" HEIGHT="16" WC="0.96" CONTENT="som"/><SP WIDTH="15" VPOS="831" HPOS="610"/>
							<String ID="string_118" HPOS="625" VPOS="826" WIDTH="7" HEIGHT="21" WC="0.93" CONTENT="i"/><SP WIDTH="16" VPOS="826" HPOS="632"/>
							<String ID="string_119" HPOS="648" VPOS="825" WIDTH="66" HEIGHT="27" WC="0.92" CONTENT="öfrigt"/><SP WIDTH="9" VPOS="825" HPOS="714"/>
							<String ID="string_120" HPOS="723" VPOS="825" WIDTH="104" HEIGHT="27" WC="0.92" CONTENT="uppfylde"/><SP WIDTH="11" VPOS="825" HPOS="827"/>
							<String ID="string_121" HPOS="838" VPOS="825" WIDTH="26" HEIGHT="21" WC="0.95" CONTENT="de"/><SP WIDTH="10" VPOS="825" HPOS="864"/>
							<String ID="string_122" HPOS="874" VPOS="825" WIDTH="8" HEIGHT="21" WC="0.95" CONTENT="i"/><SP WIDTH="10" VPOS="825" HPOS="882"/>
							<String ID="string_123" HPOS="892" VPOS="825" WIDTH="95" HEIGHT="21" WC="0.90" CONTENT="nämnda"/>
						</TextLine>
						<TextLine ID="line_17" HPOS="226" VPOS="859" WIDTH="761" HEIGHT="28">
							<String ID="string_124" HPOS="226" VPOS="859" WIDTH="131" HEIGHT="26" WC="0.90" CONTENT="kungörelse"/><SP WIDTH="22" VPOS="859" HPOS="357"/>
							<String ID="string_125" HPOS="379" VPOS="859" WIDTH="115" HEIGHT="22" WC="0.90" CONTENT="faststälda"/><SP WIDTH="22" VPOS="859" HPOS="494"/>
							<String ID="string_126" HPOS="516" VPOS="859" WIDTH="158" HEIGHT="28" WC="0.91" CONTENT="fordringarna,"/><SP WIDTH="24" VPOS="859" HPOS="674"/>
							<String ID="string_127" HPOS="698" VPOS="859" WIDTH="56" HEIGHT="28" WC="0.93" CONTENT="finge"/><SP WIDTH="14" VPOS="859" HPOS="754"/>
							<String ID="string_128" HPOS="768" VPOS="859" WIDTH="8" HEIGHT="22" WC="0.93" CONTENT="i"/><SP WIDTH="16" VPOS="859" HPOS="776"/>
							<String ID="string_129" HPOS="792" VPOS="859" WIDTH="99" HEIGHT="22" WC="0.90" CONTENT="afseende"/><SP WIDTH="16" VPOS="859" HPOS="891"/>
							<String ID="string_130" HPOS="907" VPOS="860" WIDTH="12" HEIGHT="20" WC="0.90" CONTENT="&amp;"/><SP WIDTH="15" VPOS="860" HPOS="919"/>
							<String ID="string_131" HPOS="934" VPOS="865" WIDTH="53" HEIGHT="21" WC="0.92" CONTENT="pen-"/>
						</TextLine>
						<TextLine ID="line_18" HPOS="226" VPOS="893" WIDTH="761" HEIGHT="28">
							<String ID="string_132" HPOS="226" VPOS="893" WIDTH="49" HEIGHT="21" WC="0.93" CONTENT="sion"/><SP WIDTH="17" VPOS="893" HPOS="275"/>
							<String ID="string_133" HPOS="292" VPOS="893" WIDTH="158" HEIGHT="28" WC="0.92" CONTENT="tillgodoräkna"/><SP WIDTH="16" VPOS="893" HPOS="450"/>
							<String ID="string_134" HPOS="466" VPOS="895" WIDTH="32" HEIGHT="26" WC="0.96" CONTENT="sig"/><SP WIDTH="14" VPOS="895" HPOS="498"/>
							<String ID="string_135" HPOS="512" VPOS="894" WIDTH="48" HEIGHT="22" WC="0.97" CONTENT="hela"/><SP WIDTH="16" VPOS="894" HPOS="560"/>
							<String ID="string_136" HPOS="576" VPOS="895" WIDTH="41" HEIGHT="20" WC="0.96" CONTENT="den"/><SP WIDTH="16" VPOS="895" HPOS="617"/>
							<String ID="string_137" HPOS="633" VPOS="895" WIDTH="31" HEIGHT="20" WC="0.96" CONTENT="tid"/><SP WIDTH="16" VPOS="895" HPOS="664"/>
							<String ID="string_138" HPOS="680" VPOS="894" WIDTH="43" HEIGHT="21" WC="0.96" CONTENT="han"/><SP WIDTH="17" VPOS="894" HPOS="723"/>
							<String ID="string_139" HPOS="740" VPOS="894" WIDTH="51" HEIGHT="21" WC="0.97" CONTENT="eller"/><SP WIDTH="15" VPOS="894" HPOS="791"/>
							<String ID="string_140" HPOS="806" VPOS="894" WIDTH="43" HEIGHT="21" WC="0.93" CONTENT="hon"/><SP WIDTH="12" VPOS="894" HPOS="849"/>
							<String ID="string_141" HPOS="861" VPOS="894" WIDTH="126" HEIGHT="27" WC="0.90" CONTENT="tjenstgjort"/>
						</TextLine>
						<TextLine ID="line_19" HPOS="226" VPOS="927" WIDTH="765" HEIGHT="28">
							<String ID="string_142" HPOS="226" VPOS="927" WIDTH="36" HEIGHT="21" WC="0.96" CONTENT="vid"/><SP WIDTH="23" VPOS="927" HPOS="262"/>
							<String ID="string_143" HPOS="285" VPOS="928" WIDTH="72" HEIGHT="27" WC="0.93" CONTENT="privat"/><SP WIDTH="23" VPOS="928" HPOS="357"/>
							<String ID="string_144" HPOS="380" VPOS="928" WIDTH="105" HEIGHT="26" WC="0.96" CONTENT="läroverk,"/><SP WIDTH="17" VPOS="928" HPOS="485"/>
							<String ID="string_145" HPOS="502" VPOS="929" WIDTH="54" HEIGHT="21" WC="0.93" CONTENT="dock"/><SP WIDTH="19" VPOS="929" HPOS="556"/>
							<String ID="string_146" HPOS="575" VPOS="929" WIDTH="47" HEIGHT="21" WC="0.93" CONTENT="icke"/><SP WIDTH="18" VPOS="929" HPOS="622"/>
							<String ID="string_147" HPOS="640" VPOS="928" WIDTH="85" HEIGHT="22" WC="0.92" CONTENT="utöfver"/><SP WIDTH="15" VPOS="928" HPOS="725"/>
							<String ID="string_148" HPOS="740" VPOS="929" WIDTH="31" HEIGHT="20" WC="0.96" CONTENT="tio"/><SP WIDTH="17" VPOS="929" HPOS="771"/>
							<String ID="string_149" HPOS="788" VPOS="929" WIDTH="30" HEIGHT="26" WC="0.96" CONTENT="är,"/><SP WIDTH="16" VPOS="929" HPOS="818"/>
							<String ID="string_150" HPOS="834" VPOS="930" WIDTH="57" HEIGHT="19" WC="0.93" CONTENT="samt"/><SP WIDTH="15" VPOS="930" HPOS="891"/>
							<String ID="string_151" HPOS="906" VPOS="928" WIDTH="85" HEIGHT="27" WC="0.87" CONTENT="dervid,"/>
						</TextLine>
						<TextLine ID="line_20" HPOS="226" VPOS="962" WIDTH="761" HEIGHT="29">
							<String ID="string_152" HPOS="226" VPOS="962" WIDTH="137" HEIGHT="22" WC="0.88" CONTENT="beträffande"/><SP WIDTH="24" VPOS="962" HPOS="363"/>
							<String ID="string_153" HPOS="387" VPOS="963" WIDTH="40" HEIGHT="21" WC="0.96" CONTENT="den"/><SP WIDTH="18" VPOS="963" HPOS="427"/>
							<String ID="string_154" HPOS="445" VPOS="963" WIDTH="7" HEIGHT="21" WC="0.93" CONTENT="i"/><SP WIDTH="15" VPOS="963" HPOS="452"/>
							<String ID="string_155" HPOS="467" VPOS="963" WIDTH="144" HEIGHT="28" WC="0.92" CONTENT="kungörelsen"/><SP WIDTH="25" VPOS="963" HPOS="611"/>
							<String ID="string_156" HPOS="636" VPOS="963" WIDTH="106" HEIGHT="28" WC="0.91" CONTENT="ingäende"/><SP WIDTH="23" VPOS="963" HPOS="742"/>
							<String ID="string_157" HPOS="765" VPOS="963" WIDTH="164" HEIGHT="27" WC="0.92" CONTENT="bestämningen"/><SP WIDTH="24" VPOS="963" HPOS="929"/>
							<String ID="string_158" HPOS="953" VPOS="969" WIDTH="34" HEIGHT="14" WC="0.96" CONTENT="om"/>
						</TextLine>
						<TextLine ID="line_21" HPOS="227" VPOS="997" WIDTH="760" HEIGHT="28">
							<String ID="string_159" HPOS="227" VPOS="997" WIDTH="86" HEIGHT="22" WC="0.93" CONTENT="antalet"/><SP WIDTH="14" VPOS="997" HPOS="313"/>
							<String ID="string_160" HPOS="327" VPOS="998" WIDTH="160" HEIGHT="26" WC="0.92" CONTENT="veckotimmar,"/><SP WIDTH="9" VPOS="998" HPOS="487"/>
							<String ID="string_161" HPOS="496" VPOS="998" WIDTH="96" HEIGHT="21" WC="0.92" CONTENT="beräkna"/><SP WIDTH="16" VPOS="998" HPOS="592"/>
							<String ID="string_162" HPOS="608" VPOS="998" WIDTH="62" HEIGHT="21" WC="0.92" CONTENT="äfven"/><SP WIDTH="17" VPOS="998" HPOS="670"/>
							<String ID="string_163" HPOS="687" VPOS="997" WIDTH="101" HEIGHT="28" WC="0.93" CONTENT="samtidig"/><SP WIDTH="12" VPOS="997" HPOS="788"/>
							<String ID="string_164" HPOS="800" VPOS="997" WIDTH="143" HEIGHT="27" WC="0.92" CONTENT="tjenstgöring"/><SP WIDTH="9" VPOS="997" HPOS="943"/>
							<String ID="string_165" HPOS="952" VPOS="997" WIDTH="35" HEIGHT="21" WC="0.96" CONTENT="vid"/>
						</TextLine>
						<TextLine ID="line_22" HPOS="228" VPOS="1031" WIDTH="759" HEIGHT="28">
							<String ID="string_166" HPOS="228" VPOS="1031" WIDTH="109" HEIGHT="22" WC="0.89" CONTENT="särskilda"/><SP WIDTH="22" VPOS="1031" HPOS="337"/>
							<String ID="string_167" HPOS="359" VPOS="1032" WIDTH="80" HEIGHT="26" WC="0.89" CONTENT="skolor,"/><SP WIDTH="15" VPOS="1032" HPOS="439"/>
							<String ID="string_168" HPOS="454" VPOS="1032" WIDTH="40" HEIGHT="21" WC="0.95" CONTENT="har"/><SP WIDTH="22" VPOS="1032" HPOS="494"/>
							<String ID="string_169" HPOS="516" VPOS="1032" WIDTH="61" HEIGHT="22" WC="0.92" CONTENT="Hans"/><SP WIDTH="15" VPOS="1032" HPOS="577"/>
							<String ID="string_170" HPOS="592" VPOS="1032" WIDTH="121" HEIGHT="27" WC="0.92" CONTENT="Kejserliga"/><SP WIDTH="15" VPOS="1032" HPOS="713"/>
							<String ID="string_171" HPOS="728" VPOS="1032" WIDTH="104" HEIGHT="27" WC="0.93" CONTENT="Majestät"/><SP WIDTH="14" VPOS="1032" HPOS="832"/>
							<String ID="string_172" HPOS="846" VPOS="1031" WIDTH="49" HEIGHT="22" WC="0.92" CONTENT="lätit"/><SP WIDTH="16" VPOS="1031" HPOS="895"/>
							<String ID="string_173" HPOS="911" VPOS="1037" WIDTH="76" HEIGHT="22" WC="0.96" CONTENT="genom"/>
						</TextLine>
						<TextLine ID="line_23" HPOS="226" VPOS="1066" WIDTH="762" HEIGHT="27">
							<String ID="string_174" HPOS="226" VPOS="1066" WIDTH="68" HEIGHT="27" WC="0.91" CONTENT="nädig"/><SP WIDTH="23" VPOS="1066" HPOS="294"/>
							<String ID="string_175" HPOS="317" VPOS="1067" WIDTH="129" HEIGHT="26" WC="0.92" CONTENT="kungörelse"/><SP WIDTH="22" VPOS="1067" HPOS="446"/>
							<String ID="string_176" HPOS="468" VPOS="1066" WIDTH="23" HEIGHT="22" WC="0.96" CONTENT="af"/><SP WIDTH="17" VPOS="1066" HPOS="491"/>
							<String ID="string_177" HPOS="508" VPOS="1067" WIDTH="41" HEIGHT="21" WC="0.96" CONTENT="den"/><SP WIDTH="19" VPOS="1067" HPOS="549"/>
							<String ID="string_178" HPOS="568" VPOS="1068" WIDTH="13" HEIGHT="19" WC="0.96" CONTENT="4"/><SP WIDTH="17" VPOS="1068" HPOS="581"/>
							<String ID="string_179" HPOS="598" VPOS="1067" WIDTH="97" HEIGHT="21" WC="0.96" CONTENT="Oktober"/><SP WIDTH="25" VPOS="1067" HPOS="695"/>
							<String ID="string_180" HPOS="720" VPOS="1067" WIDTH="54" HEIGHT="21" WC="0.93" CONTENT="1892"/><SP WIDTH="16" VPOS="1067" HPOS="774"/>
							<String ID="string_181" HPOS="790" VPOS="1066" WIDTH="101" HEIGHT="26" WC="0.93" CONTENT="förklara,"/><SP WIDTH="18" VPOS="1066" HPOS="891"/>
							<String ID="string_182" HPOS="909" VPOS="1068" WIDTH="32" HEIGHT="19" WC="0.93" CONTENT="att"/><SP WIDTH="15" VPOS="1068" HPOS="941"/>
							<String ID="string_183" HPOS="956" VPOS="1066" WIDTH="32" HEIGHT="21" WC="0.92" CONTENT="lä-"/>
						</TextLine>
						<TextLine ID="line_24" HPOS="226" VPOS="1100" WIDTH="761" HEIGHT="29">
							<String ID="string_184" HPOS="226" VPOS="1106" WIDTH="52" HEIGHT="16" WC="0.96" CONTENT="rare"/><SP WIDTH="17" VPOS="1106" HPOS="278"/>
							<String ID="string_185" HPOS="295" VPOS="1101" WIDTH="38" HEIGHT="21" WC="0.93" CONTENT="och"/><SP WIDTH="16" VPOS="1101" HPOS="333"/>
							<String ID="string_186" HPOS="349" VPOS="1101" WIDTH="111" HEIGHT="21" WC="0.92" CONTENT="lärarinna"/><SP WIDTH="15" VPOS="1101" HPOS="460"/>
							<String ID="string_187" HPOS="475" VPOS="1107" WIDTH="50" HEIGHT="22" WC="0.93" CONTENT="eger"/><SP WIDTH="15" VPOS="1107" HPOS="525"/>
							<String ID="string_188" HPOS="540" VPOS="1101" WIDTH="6" HEIGHT="22" WC="0.93" CONTENT="i"/><SP WIDTH="16" VPOS="1101" HPOS="546"/>
							<String ID="string_189" HPOS="562" VPOS="1101" WIDTH="124" HEIGHT="22" WC="0.92" CONTENT="förberördt"/><SP WIDTH="15" VPOS="1101" HPOS="686"/>
							<String ID="string_190" HPOS="701" VPOS="1101" WIDTH="102" HEIGHT="22" WC="0.93" CONTENT="afseende"/><SP WIDTH="15" VPOS="1101" HPOS="803"/>
							<String ID="string_191" HPOS="818" VPOS="1101" WIDTH="97" HEIGHT="21" WC="0.91" CONTENT="beräkna"/><SP WIDTH="10" VPOS="1101" HPOS="915"/>
							<String ID="string_192" HPOS="925" VPOS="1100" WIDTH="62" HEIGHT="21" WC="0.93" CONTENT="äfven"/>
						</TextLine>
						<TextLine ID="line_25" HPOS="226" VPOS="1134" WIDTH="765" HEIGHT="29">
							<String ID="string_193" HPOS="226" VPOS="1136" WIDTH="104" HEIGHT="27" WC="0.93" CONTENT="samtidig"/><SP WIDTH="22" VPOS="1136" HPOS="330"/>
							<String ID="string_194" HPOS="352" VPOS="1136" WIDTH="144" HEIGHT="27" WC="0.92" CONTENT="tjenstgöring"/><SP WIDTH="22" VPOS="1136" HPOS="496"/>
							<String ID="string_195" HPOS="518" VPOS="1136" WIDTH="35" HEIGHT="21" WC="0.96" CONTENT="vid"/><SP WIDTH="23" VPOS="1136" HPOS="553"/>
							<String ID="string_196" HPOS="576" VPOS="1136" WIDTH="108" HEIGHT="22" WC="0.93" CONTENT="särskilda"/><SP WIDTH="15" VPOS="1136" HPOS="684"/>
							<String ID="string_197" HPOS="699" VPOS="1136" WIDTH="80" HEIGHT="26" WC="0.93" CONTENT="skolor,"/><SP WIDTH="17" VPOS="1136" HPOS="779"/>
							<String ID="string_198" HPOS="796" VPOS="1137" WIDTH="56" HEIGHT="19" WC="0.93" CONTENT="samt"/><SP WIDTH="15" VPOS="1137" HPOS="852"/>
							<String ID="string_199" HPOS="867" VPOS="1134" WIDTH="124" HEIGHT="26" WC="0.87" CONTENT="förordnat,."/>
						</TextLine>
						<TextLine ID="line_26" HPOS="227" VPOS="1170" WIDTH="760" HEIGHT="28">
							<String ID="string_200" HPOS="227" VPOS="1171" WIDTH="34" HEIGHT="20" WC="0.93" CONTENT="att"/><SP WIDTH="17" VPOS="1171" HPOS="261"/>
							<String ID="string_201" HPOS="278" VPOS="1170" WIDTH="134" HEIGHT="22" WC="0.92" CONTENT="Ständernas"/><SP WIDTH="16" VPOS="1170" HPOS="412"/>
							<String ID="string_202" HPOS="428" VPOS="1170" WIDTH="90" HEIGHT="22" WC="0.92" CONTENT="anförda"/><SP WIDTH="16" VPOS="1170" HPOS="518"/>
							<String ID="string_203" HPOS="534" VPOS="1171" WIDTH="91" HEIGHT="27" WC="0.93" CONTENT="petition"/><SP WIDTH="17" VPOS="1171" HPOS="625"/>
							<String ID="string_204" HPOS="642" VPOS="1171" WIDTH="6" HEIGHT="21" WC="0.92" CONTENT="i"/><SP WIDTH="17" VPOS="1171" HPOS="648"/>
							<String ID="string_205" HPOS="665" VPOS="1170" WIDTH="65" HEIGHT="28" WC="0.92" CONTENT="öfrigt"/><SP WIDTH="15" VPOS="1170" HPOS="730"/>
							<String ID="string_206" HPOS="745" VPOS="1171" WIDTH="47" HEIGHT="21" WC="0.93" CONTENT="icke"/><SP WIDTH="16" VPOS="1171" HPOS="792"/>
							<String ID="string_207" HPOS="808" VPOS="1170" WIDTH="55" HEIGHT="22" WC="0.96" CONTENT="skall"/><SP WIDTH="10" VPOS="1170" HPOS="863"/>
							<String ID="string_208" HPOS="873" VPOS="1170" WIDTH="32" HEIGHT="21" WC="0.93" CONTENT="till"/><SP WIDTH="12" VPOS="1170" HPOS="905"/>
							<String ID="string_209" HPOS="917" VPOS="1170" WIDTH="70" HEIGHT="27" WC="0.93" CONTENT="nägon"/>
						</TextLine>
						<TextLine ID="line_27" HPOS="228" VPOS="1204" WIDTH="212" HEIGHT="27">
							<String ID="string_210" HPOS="228" VPOS="1204" WIDTH="79" HEIGHT="27" WC="0.96" CONTENT="åtgärd"/><SP WIDTH="15" VPOS="1204" HPOS="307"/>
							<String ID="string_211" HPOS="322" VPOS="1204" WIDTH="118" HEIGHT="23" WC="0.96" CONTENT="föranleda."/>
						</TextLine>
					</TextBlock>
					<TextBlock ID="block_6" HPOS="226" VPOS="1238" WIDTH="767" HEIGHT="196">
						<TextLine ID="line_28" HPOS="299" VPOS="1238" WIDTH="689" HEIGHT="28">
							<String ID="string_212" HPOS="299" VPOS="1240" WIDTH="41" HEIGHT="20" WC="0.87" CONTENT="3:0."/><SP WIDTH="31" VPOS="1240" HPOS="340"/>
							<String ID="string_213" HPOS="371" VPOS="1239" WIDTH="10" HEIGHT="21" WC="0.96" CONTENT="I"/><SP WIDTH="16" VPOS="1239" HPOS="381"/>
							<String ID="string_214" HPOS="397" VPOS="1240" WIDTH="115" HEIGHT="26" WC="0.96" CONTENT="anledning"/><SP WIDTH="23" VPOS="1240" HPOS="512"/>
							<String ID="string_215" HPOS="535" VPOS="1239" WIDTH="23" HEIGHT="22" WC="0.93" CONTENT="af"/><SP WIDTH="17" VPOS="1239" HPOS="558"/>
							<String ID="string_216" HPOS="575" VPOS="1239" WIDTH="134" HEIGHT="22" WC="0.92" CONTENT="Ständernas"/><SP WIDTH="16" VPOS="1239" HPOS="709"/>
							<String ID="string_217" HPOS="725" VPOS="1239" WIDTH="33" HEIGHT="22" WC="0.93" CONTENT="uti"/><SP WIDTH="16" VPOS="1239" HPOS="758"/>
							<String ID="string_218" HPOS="774" VPOS="1238" WIDTH="136" HEIGHT="28" WC="0.92" CONTENT="underdänig"/><SP WIDTH="15" VPOS="1238" HPOS="910"/>
							<String ID="string_219" HPOS="925" VPOS="1238" WIDTH="63" HEIGHT="22" WC="0.93" CONTENT="skrif-"/>
						</TextLine>
						<TextLine ID="line_29" HPOS="226" VPOS="1273" WIDTH="765" HEIGHT="28">
							<String ID="string_220" HPOS="226" VPOS="1273" WIDTH="59" HEIGHT="22" WC="0.92" CONTENT="velse"/><SP WIDTH="16" VPOS="1273" HPOS="285"/>
							<String ID="string_221" HPOS="301" VPOS="1273" WIDTH="24" HEIGHT="22" WC="0.96" CONTENT="af"/><SP WIDTH="14" VPOS="1273" HPOS="325"/>
							<String ID="string_222" HPOS="339" VPOS="1274" WIDTH="40" HEIGHT="21" WC="0.96" CONTENT="den"/><SP WIDTH="17" VPOS="1274" HPOS="379"/>
							<String ID="string_223" HPOS="396" VPOS="1276" WIDTH="12" HEIGHT="18" WC="0.97" CONTENT="9"/><SP WIDTH="16" VPOS="1276" HPOS="408"/>
							<String ID="string_224" HPOS="424" VPOS="1274" WIDTH="60" HEIGHT="27" WC="0.96" CONTENT="April"/><SP WIDTH="22" VPOS="1274" HPOS="484"/>
							<String ID="string_225" HPOS="506" VPOS="1275" WIDTH="51" HEIGHT="21" WC="0.93" CONTENT="1891"/><SP WIDTH="18" VPOS="1275" HPOS="557"/>
							<String ID="string_226" HPOS="575" VPOS="1274" WIDTH="73" HEIGHT="22" WC="0.92" CONTENT="derom"/><SP WIDTH="16" VPOS="1274" HPOS="648"/>
							<String ID="string_227" HPOS="664" VPOS="1274" WIDTH="76" HEIGHT="27" WC="0.92" CONTENT="gjorda"/><SP WIDTH="16" VPOS="1274" HPOS="740"/>
							<String ID="string_228" HPOS="756" VPOS="1273" WIDTH="101" HEIGHT="22" WC="0.92" CONTENT="anhällan"/><SP WIDTH="15" VPOS="1273" HPOS="857"/>
							<String ID="string_229" HPOS="872" VPOS="1273" WIDTH="40" HEIGHT="22" WC="0.96" CONTENT="har"/><SP WIDTH="15" VPOS="1273" HPOS="912"/>
							<String ID="string_230" HPOS="927" VPOS="1273" WIDTH="64" HEIGHT="21" WC="0.96" CONTENT="Hans"/>
						</TextLine>
						<TextLine ID="line_30" HPOS="226" VPOS="1307" WIDTH="767" HEIGHT="28">
							<String ID="string_231" HPOS="226" VPOS="1307" WIDTH="123" HEIGHT="28" WC="0.95" CONTENT="Kejserliga"/><SP WIDTH="15" VPOS="1307" HPOS="349"/>
							<String ID="string_232" HPOS="364" VPOS="1308" WIDTH="102" HEIGHT="27" WC="0.96" CONTENT="Majestät"/><SP WIDTH="15" VPOS="1308" HPOS="466"/>
							<String ID="string_233" HPOS="481" VPOS="1308" WIDTH="71" HEIGHT="22" WC="0.96" CONTENT="funnit"/><SP WIDTH="16" VPOS="1308" HPOS="552"/>
							<String ID="string_234" HPOS="568" VPOS="1308" WIDTH="53" HEIGHT="27" WC="0.96" CONTENT="godt"/><SP WIDTH="16" VPOS="1308" HPOS="621"/>
							<String ID="string_235" HPOS="637" VPOS="1309" WIDTH="39" HEIGHT="25" WC="0.96" CONTENT="att,"/><SP WIDTH="17" VPOS="1309" HPOS="676"/>
							<String ID="string_236" HPOS="693" VPOS="1308" WIDTH="49" HEIGHT="22" WC="0.96" CONTENT="med"/><SP WIDTH="15" VPOS="1308" HPOS="742"/>
							<String ID="string_237" HPOS="757" VPOS="1308" WIDTH="93" HEIGHT="26" WC="0.96" CONTENT="ändring"/><SP WIDTH="14" VPOS="1308" HPOS="850"/>
							<String ID="string_238" HPOS="864" VPOS="1307" WIDTH="23" HEIGHT="22" WC="0.92" CONTENT="af"/><SP WIDTH="8" VPOS="1307" HPOS="887"/>
							<String ID="string_239" HPOS="895" VPOS="1307" WIDTH="98" HEIGHT="22" WC="0.86" CONTENT="bestäm--"/>
						</TextLine>
						<TextLine ID="line_31" HPOS="227" VPOS="1342" WIDTH="766" HEIGHT="28">
							<String ID="string_240" HPOS="227" VPOS="1342" WIDTH="109" HEIGHT="27" WC="0.92" CONTENT="ningarna"/><SP WIDTH="15" VPOS="1342" HPOS="336"/>
							<String ID="string_241" HPOS="351" VPOS="1343" WIDTH="6" HEIGHT="21" WC="0.95" CONTENT="i"/><SP WIDTH="17" VPOS="1343" HPOS="357"/>
							<String ID="string_242" HPOS="374" VPOS="1343" WIDTH="26" HEIGHT="21" WC="0.96" CONTENT="de"/><SP WIDTH="22" VPOS="1343" HPOS="400"/>
							<String ID="string_243" HPOS="422" VPOS="1349" WIDTH="76" HEIGHT="21" WC="0.93" CONTENT="genom"/><SP WIDTH="23" VPOS="1349" HPOS="498"/>
							<String ID="string_244" HPOS="521" VPOS="1343" WIDTH="79" HEIGHT="27" WC="0.92" CONTENT="nädiga"/><SP WIDTH="22" VPOS="1343" HPOS="600"/>
							<String ID="string_245" HPOS="622" VPOS="1342" WIDTH="155" HEIGHT="28" WC="0.96" CONTENT="förordningen"/><SP WIDTH="24" VPOS="1342" HPOS="777"/>
							<String ID="string_246" HPOS="801" VPOS="1342" WIDTH="23" HEIGHT="22" WC="0.96" CONTENT="af"/><SP WIDTH="21" VPOS="1342" HPOS="824"/>
							<String ID="string_247" HPOS="845" VPOS="1342" WIDTH="40" HEIGHT="22" WC="0.96" CONTENT="den"/><SP WIDTH="17" VPOS="1342" HPOS="885"/>
							<String ID="string_248" HPOS="902" VPOS="1343" WIDTH="27" HEIGHT="21" WC="0.92" CONTENT="23"/><SP WIDTH="16" VPOS="1343" HPOS="929"/>
							<String ID="string_249" HPOS="945" VPOS="1342" WIDTH="48" HEIGHT="21" WC="0.90" CONTENT="Au-"/>
						</TextLine>
						<TextLine ID="line_32" HPOS="226" VPOS="1376" WIDTH="766" HEIGHT="28">
							<String ID="string_250" HPOS="226" VPOS="1377" WIDTH="61" HEIGHT="27" WC="0.93" CONTENT="gusti"/><SP WIDTH="18" VPOS="1377" HPOS="287"/>
							<String ID="string_251" HPOS="305" VPOS="1378" WIDTH="54" HEIGHT="20" WC="0.95" CONTENT="1883"/><SP WIDTH="17" VPOS="1378" HPOS="359"/>
							<String ID="string_252" HPOS="376" VPOS="1378" WIDTH="38" HEIGHT="21" WC="0.96" CONTENT="och"/><SP WIDTH="17" VPOS="1378" HPOS="414"/>
							<String ID="string_253" HPOS="431" VPOS="1378" WIDTH="40" HEIGHT="21" WC="0.96" CONTENT="den"/><SP WIDTH="17" VPOS="1378" HPOS="471"/>
							<String ID="string_254" HPOS="488" VPOS="1378" WIDTH="25" HEIGHT="21" WC="0.96" CONTENT="27"/><SP WIDTH="16" VPOS="1378" HPOS="513"/>
							<String ID="string_255" HPOS="529" VPOS="1378" WIDTH="121" HEIGHT="21" WC="0.96" CONTENT="November"/><SP WIDTH="21" VPOS="1378" HPOS="650"/>
							<String ID="string_256" HPOS="671" VPOS="1378" WIDTH="54" HEIGHT="21" WC="0.93" CONTENT="1885"/><SP WIDTH="16" VPOS="1378" HPOS="725"/>
							<String ID="string_257" HPOS="741" VPOS="1377" WIDTH="117" HEIGHT="21" WC="0.92" CONTENT="faststälda"/><SP WIDTH="16" VPOS="1377" HPOS="858"/>
							<String ID="string_258" HPOS="874" VPOS="1376" WIDTH="118" HEIGHT="27" WC="0.88" CONTENT="aflönings-"/>
						</TextLine>
						<TextLine ID="line_33" HPOS="227" VPOS="1411" WIDTH="765" HEIGHT="23">
							<String ID="string_259" HPOS="227" VPOS="1412" WIDTH="72" HEIGHT="20" WC="0.95" CONTENT="stater"/><SP WIDTH="15" VPOS="1412" HPOS="299"/>
							<String ID="string_260" HPOS="314" VPOS="1411" WIDTH="33" HEIGHT="21" WC="0.93" CONTENT="för"/><SP WIDTH="16" VPOS="1411" HPOS="347"/>
							<String ID="string_261" HPOS="363" VPOS="1412" WIDTH="243" HEIGHT="21" WC="0.92" CONTENT="elementarläroverken"/><SP WIDTH="18" VPOS="1412" HPOS="606"/>
							<String ID="string_262" HPOS="624" VPOS="1412" WIDTH="39" HEIGHT="21" WC="0.93" CONTENT="och"/><SP WIDTH="14" VPOS="1412" HPOS="663"/>
							<String ID="string_263" HPOS="677" VPOS="1411" WIDTH="259" HEIGHT="23" WC="0.86" CONTENT="fruntimmersskolorna,"/><SP WIDTH="17" VPOS="1411" HPOS="936"/>
							<String ID="string_264" HPOS="953" VPOS="1416" WIDTH="39" HEIGHT="18" WC="0.91" CONTENT="ge-"/>
						</TextLine>
					</TextBlock>
				</ComposedBlock>
			</PrintSpace>
		</Page>
	</Layout>
</alto>
