1103 1700
291 140 30 22 U.
337 140 27 22 B.
381 153 26 2 —
424 140 29 22 H.
468 140 27 22 F.
511 140 94 22 Antells
620 140 155 22 testamente.
869 140 12 20 7

223 208 38 22 Om
290 208 44 21 åter
359 208 174 28 förmögenheten
559 208 34 20 vid
620 208 113 20 dödsfallet
757 208 70 21 skulle
842 208 68 21 öfver-

153 244 70 26 skjuta
240 243 151 27 totalbeloppet
406 243 21 21 af
442 243 159 26 donationerna,
616 242 38 28 gär
669 242 138 21 öfverskottet
822 242 32 21 till
869 242 41 22 den

153 278 69 20 under
237 278 94 27 punkten
349 278 10 20 1
376 284 63 14 mom.
455 278 18 26 c)
489 277 129 21 omnämnda
633 276 136 22 musei-fond.

221 312 40 20 Till
283 314 102 19 executor
407 312 22 20 af
443 312 57 20 detta
516 312 47 20 mitt
578 312 125 20 testamente
720 311 39 21 och
775 311 134 27 utrednings-

154 353 48 14 man
225 346 7 20 i
255 346 47 21 mitt
324 346 27 21 bo
375 346 108 21 äfvensom
499 346 33 21 till
546 345 113 21 förvaltare
675 345 21 21 af
711 345 147 27 tillgängarne,
873 346 38 20 der

154 380 60 22 desse
237 380 32 21 för
291 382 30 20 att
336 380 61 21 täcka
412 380 153 22 donationerna
580 380 59 20 skola
656 380 67 20 under
738 379 70 28 någon
824 380 29 20 tid
869 380 41 20 till-

153 415 55 27 hopa
223 416 109 26 förräntas,
349 417 57 19 utser
420 416 36 26 jag
470 415 56 21 Herr
542 414 184 22 Commercerädet
740 414 98 21 Joachim
854 413 55 22 Kur-

154 450 35 20 tön
211 449 52 21 eller
285 449 70 21 derest
373 450 42 20 han
431 449 44 21 före
490 449 44 27 mig
550 448 72 28 aflidit,
638 449 52 21 hans
706 455 38 15 son
760 448 52 21 Karl
827 448 82 21 Henrik

153 483 88 26 Kurtén;
269 484 39 21 och
333 484 71 20 anslår
427 484 36 27 jag
486 484 68 20 såsom
570 483 133 28 godtgörelse
719 483 33 21 för
766 482 87 22 härmed
868 483 41 21 för-

153 518 65 21 enadt
240 518 71 21 arbete
333 518 130 28 Tjugotusen
485 518 90 27 (20,000)
596 518 59 20 mark
676 518 6 20 i
699 520 29 18 ett
743 518 33 20 för
791 517 43 27 allt,
849 518 60 20 hvar-

153 552 94 21 förutom
262 554 236 20 testamentsexecutors
514 552 114 21 kostnader
644 552 38 21 och
698 552 88 27 utgifter
800 552 6 20 i
824 552 39 21 och
878 552 32 21 för

154 587 117 27 uppdraget
286 587 51 21 böra
352 587 31 20 till
399 587 77 21 honom
492 589 93 19 ersättas.

222 637 79 28 Skulle,
326 640 44 19 mot
392 638 116 27 förmodan,
531 638 156 27 förvaltningen
711 638 21 21 af
754 637 155 28 egendomen
893 633 18 36 i

153 672 48 21 dess
216 673 77 26 helhet,
308 672 32 21 till
355 672 94 27 fyllande
465 673 21 20 af
502 672 157 21 ofvannämnda
674 672 130 27 donationer,
816 672 93 21 erfordra

153 713 27 14 en
196 707 29 20 tid
242 707 21 20 af
277 707 51 20 flere
345 707 28 27 är,
381 707 34 20 mä
431 707 89 20 särskild
536 706 51 21 aftal
602 706 71 21 träffas
687 706 77 21 mellan
776 708 133 19 testaments-

154 743 70 25 tagare
250 741 39 21 och
314 743 102 19 executor
440 741 89 21 rörande
554 741 116 27 ersättning
688 741 32 21 till
736 741 69 21 denne
821 741 32 21 för
868 741 41 21 den

153 775 110 28 förlängda
283 775 169 22 administration
468 776 20 21 af
503 775 173 28 förmögenheten
692 775 79 21 honom
786 775 122 28 härigenom

153 810 113 21 ähvälfves.

224 857 29 20 Att
283 856 133 21 förestäende
439 856 163 27 förordnanden,
624 855 72 22 hvilka
716 855 22 22 af
752 856 44 27 mig
810 855 45 21 fritt
870 856 39 20 och

153 892 102 26 otvunget
284 893 54 18 samt
367 891 54 20 efter
450 891 46 20 klar
514 891 40 20 och
569 897 77 21 mogen
662 890 161 27 öfverläggning
838 891 71 26 gjorts,

152 925 103 21 innefatta
280 925 44 20 min
349 927 88 25 ytterstä
462 925 51 27 vilja
535 925 77 20 varder
626 925 76 21 härhos
718 925 48 20 med
782 925 47 20 mitt
844 931 63 14 namn

152 959 39 21 och
207 959 56 28 sigill
279 959 123 21 bekräftadt.
432 959 65 22 Wasa
512 959 41 22 den
570 959 10 21 1
598 959 93 21 Oktober
707 959 60 21 1891.

564 1005 78 23 Herman
668 1005 79 23 Frithiof
773 1004 67 23 Antell.

581 1039 105 22 Medicine
701 1039 119 22 Licentiat.»

662 1073 66 28 Sigill.

254 858 8 19 =

220 1136 100 22 Förutom
336 1136 151 22 ofvanstäende
503 1137 128 27 handlingar
645 1138 38 20 har
699 1137 158 21 Statsutskottet
865 1137 44 21 haft

153 1171 35 21 del
203 1172 21 20 af
239 1177 26 15 en
282 1171 31 21 till
329 1171 117 21 Ständerna
461 1172 99 27 afgifven,
576 1172 22 20 af
612 1172 118 27 respektive
746 1171 61 21 ständ
823 1172 31 20 till
871 1172 37 20 Ut-

151 1206 77 20 skottet
251 1205 121 22 remitterad
394 1205 112 21 berättelse
522 1212 34 15 om
574 1206 120 27 Styrelsens
709 1206 126 28 tillgörande
850 1206 7 20 i
872 1212 36 14 an-

151 1240 88 27 ledning
254 1240 21 20 af
289 1240 36 20 det
340 1240 45 21 utaf
400 1240 105 21 Medicine
520 1240 122 21 licentiaten
658 1240 72 22 Antell
746 1241 30 21 uti
791 1240 118 22 förberördt

151 1274 101 21 afseende
267 1274 74 28 gjorda
357 1274 182 21 testamentariska
554 1274 147 22 förordnande.

222 1308 70 22 Jemte
308 1309 35 21 det
359 1309 107 21 Utskottet
481 1311 69 19 ansett
565 1309 32 27 sig
612 1309 51 21 böra
678 1309 98 21 meddela
791 1310 117 21 Ständerna

150 1342 64 21 ofvan
230 1343 87 27 intagna
331 1345 131 25 testamente,
478 1343 138 27 hvarigenom
632 1350 26 14 en
669 1343 107 27 donation,
788 1344 6 20 i
806 1344 41 28 hög
856 1345 51 27 grad

150 1377 68 27 egnad
228 1379 30 19 att
266 1377 74 27 främja
348 1377 26 21 de
383 1377 150 27 konstnärliga,
544 1378 26 20 de
581 1378 195 20 konstindustriella
791 1379 39 20 och
846 1379 59 21 äfven

150 1411 26 21 de
193 1411 158 28 vetenskapliga
363 1412 119 21 intressena
497 1412 7 20 i
520 1412 45 21 värt
581 1412 55 27 land,
652 1412 88 21 kommit
752 1412 101 22 Finlands
864 1413 43 21 folk

149 1446 32 20 till
197 1446 40 27 del,
253 1446 32 20 fär
302 1446 105 21 Utskottet
423 1446 107 21 vördsamt
545 1446 85 21 föreslä:

219 1484 141 18 Statsutskottets
373 1485 110 17 betänkande
496 1485 36 18 N:o
544 1486 18 17 5.
