1103 1700
367 138 29 22 U.
411 138 26 21 B.
451 138 157 22 11]-XXXIL
830 139 12 21 9

322 208 23 20 år
363 208 50 26 1891
432 208 43 26 Fiy
490 207 120 27 6,142,368:
626 212 34 22 77.

322 276 23 20 är
363 276 50 20 1881
433 276 42 25 Fiy
491 275 119 27 5,183,866:
626 281 34 21 91.

298 314 116 22 Skilnaden
430 315 42 26 mg
509 316 99 26 958,501:
624 316 28 20 86

112 244 66 22 emot,

111 378 115 20 innefattar
242 384 26 14 en
283 379 98 26 stegring
396 378 68 20 under
480 378 64 21 dessa
559 380 31 19 tio
602 379 23 19 är
636 378 24 20 af
670 378 56 27 181/,
737 378 34 27 %/o,
786 378 84 20 således

114 416 39 21 1,85
168 412 27 27 9/,
212 413 6 19 i
233 412 62 27 årligt
307 412 109 20 medeltal.

181 446 51 21 Men
255 446 66 27 enligt
345 446 141 21 summariska
508 447 119 27 räkningen
649 447 32 20 för
704 448 24 20 år
753 448 53 25 1892
822 450 49 24 steg

111 487 82 14 samma
217 480 26 20 H.
259 480 32 25 T.,
307 480 56 22 efter
378 481 113 20 enahanda
507 481 77 27 afdrag
598 488 48 14 som
662 481 28 21 de
706 481 65 21 ofvan
787 480 82 28 gjorda,

111 515 31 21 till
164 515 119 26 6,705,901:
306 515 35 25 46,
357 516 114 20 utvisande
487 523 26 13 en
528 516 81 26 ökning
624 519 45 17 mot
686 516 37 20 det
738 516 132 26 föregående

111 550 46 21 året
183 550 50 26 1891
257 549 24 21 af
293 550 42 26 Fm
351 549 97 27 563,532:
464 550 28 27 69
508 550 51 21 eller
574 550 48 21 icke
637 550 83 21 mindre
736 550 27 21 än
778 550 42 27 91/5
836 550 33 26 %o.

111 583 107 28 Omkring
232 583 83 22 hälften
331 584 25 20 af
367 584 71 21 denna
454 584 80 27 ökning
550 584 59 21 faller
620 585 67 20 under
698 588 79 23 posten
790 584 80 21 Guver-

111 619 94 19 nörerna
230 618 37 20 och
283 618 138 25 landsstaten,
438 619 86 20 hvilken
540 622 52 23 post
607 619 45 20 från
670 623 118 22 1,509,290:
804 623 25 22 45
848 619 22 20 är

113 653 51 26 1891
183 654 61 19 vuxit
259 652 31 21 till
308 657 117 22 1,793,431:
441 653 29 20 66
485 653 23 20 är
526 653 60 26 1892.
616 653 68 20 Detta
699 653 64 20 beror
779 653 91 20 förnäm-

111 687 64 26 ligast
195 687 29 26 pä
239 688 199 25 reorganisationen
454 687 26 20 af
491 687 145 27 landtpolisen
652 687 66 27 enligt
734 687 79 27 nädiga
829 687 41 21 för-

111 721 119 26 ordningen
255 721 42 20 den
323 727 25 14 10
369 720 92 21 februari
487 722 59 25 1891.
577 721 129 21 Kostnaden
722 721 32 21 för
770 721 42 20 den
828 728 42 20 nya

111 755 145 27 landtpolisen
279 755 96 27 uppgick
393 756 53 25 1892
463 755 31 21 till
509 760 97 22 254,259:
622 755 34 27 96.
686 756 85 20 Inemot
787 763 27 13 en
828 759 42 17 tre-

111 789 72 27 djedel
203 789 25 20 af
247 789 69 21 denna
331 789 64 27 utgift
411 789 105 21 betäckes
532 790 56 20 dock
604 797 79 20 genom
699 790 27 20 de
742 789 31 22 till
788 790 82 21 kronan

111 824 104 26 indragna
230 823 49 21 bro-
295 823 41 21 och
351 823 242 28 skallfogdekapparna,
610 831 47 13 som
673 825 6 19 i
697 825 53 25 1893
761 825 34 19 ärs
806 827 64 18 stats-

111 857 82 27 förslag
215 857 104 21 beräknas
344 858 98 27 inbringa
465 859 78 24 80,000
564 858 66 20 mark.
668 858 202 27 Uppmärksamhet

111 893 92 26 ädrager
224 893 34 26 sig
277 892 80 26 jemväl
372 892 42 20 den
431 892 128 27 fortgäende
574 893 125 26 stegringen
714 894 6 19 i
736 892 87 27 utgifter
838 892 32 21 för

112 926 113 20 tullverket
246 926 66 20 under
337 926 142 21 förevarande
498 927 28 20 är.
557 927 33 19 En
605 926 107 27 väsentlig
728 926 34 21 del
778 927 25 20 af
814 930 56 23 steg-

111 961 75 26 ringen
208 960 74 21 härrör
305 961 25 20 af
349 961 28 20 de
397 961 148 26 älderstillägg
566 961 32 20 för
616 965 8 22 5
642 961 33 20 års
691 961 70 26 tjenst,
778 961 92 20 räknadt

111 994 46 21 från
173 995 42 20 den
223 990 13 35 1
256 995 37 26 juli
311 995 59 26 1885,
387 995 72 20 hvilka
474 995 86 20 tillfallit
576 995 170 25 tjienstemännen
762 996 29 25 pä
802 995 68 26 grund

111 1029 26 20 af
156 1032 71 17 staten
250 1029 25 20 af
294 1029 42 21 den
361 1035 26 20 23
405 1029 45 26 juni
469 1030 59 25 1885.
559 1029 134 21 Inrättandet
708 1029 24 20 af
744 1030 66 26 nägra
826 1036 42 19 nya

110 1063 142 21 tullanstalter
276 1063 37 20 har
330 1063 81 27 jemväl
433 1064 93 26 bidragit
542 1067 32 17 att
590 1063 41 20 öka
647 1063 97 27 utgiften.
775 1064 37 26 Af
823 1063 47 20 tull-

109 1097 121 20 kamrarna
245 1098 74 26 förete
341 1098 77 26 några,
434 1098 74 20 såsom
523 1099 6 19 i
545 1097 126 26 Nykarleby
687 1097 42 20 och
744 1097 125 27 isynnerhet

110 1133 6 19 i
131 1131 96 27 Nyslott,
243 1139 25 13 en
282 1132 156 20 kostsammare
453 1131 145 27 organisation
614 1133 28 19 än
653 1131 40 21 den
705 1131 64 27 ringa
778 1132 91 27 trafiken

111 1166 14 20 å
140 1169 65 21 orien,
220 1166 68 20 sådan
303 1167 42 20 den
361 1166 93 27 framgår
470 1166 24 20 af
506 1166 174 27 tulluppbörden,
696 1173 61 19 synes
768 1166 100 27 påkalla.

109 1200 43 20 För
162 1201 131 26 forststaten
309 1208 36 12 var
361 1200 92 27 utgiften
469 1200 67 26 enligt
551 1200 139 20 summariska
705 1200 118 27 räkningen
837 1200 33 20 för

113 1234 52 26 1892
182 1236 81 19 inemot
281 1240 90 19 100,000
385 1234 61 21 mark
462 1234 68 27 högre
541 1234 27 20 än
578 1234 88 27 vanligt.
692 1234 68 21 Detta
771 1234 97 20 berodde

110 1268 29 27 på
149 1268 106 27 tillfälliga
266 1268 94 25 orsaker,
373 1268 112 21 deribland
496 1268 247 27 undsättningsarbeten,
755 1268 33 21 för
798 1268 71 21 hvilka

109 1302 93 27 utgiften
224 1302 66 27 enligt
313 1302 100 27 gällande
433 1302 211 27 bokföringssystem
660 1309 64 20 synes
740 1302 65 21 hafva
820 1303 49 21 bort

109 1336 127 21 observeras
253 1337 66 20 under
335 1337 49 26 7:de
400 1337 27 20 H.
444 1337 25 20 T.

178 1371 71 20 Femte
269 1371 30 20 H.
323 1371 22 20 7.
361 1371 38 21 har
414 1371 46 21 från
475 1371 120 26 4,846,314:
612 1376 26 21 37
653 1372 22 19 år
693 1372 54 25 1889
762 1372 62 20 vuxit
838 1370 31 22 till

110 1407 118 24 5,182,705:
247 1406 24 25 38
288 1406 23 20 är
329 1406 59 26 1892.
419 1405 183 27 Aftillökningen
615 1405 94 26 336,391:
720 1410 24 16 01
760 1406 27 25 (=
804 1410 9 21 7
825 1405 41 27 9),

109 1439 90 27 belöper
224 1440 34 26 sig
273 1440 67 26 något
356 1440 61 20 öfver
436 1445 90 21 133,000
541 1439 60 21 mark
616 1440 29 26 pä
660 1440 208 20 e/ementarlärover-

179 1479 130 16 Statsutskottets
322 1480 103 15 betänkande
438 1480 34 15 N:o
481 1484 19 16 3.
