1103 1700
247 148 14 21 8
359 147 29 23 U.
403 147 29 22 B.
448 160 26 2 —
490 146 30 23 H.
536 146 26 23 F.
578 147 94 22 Antells
687 147 154 22 testamente.

431 215 125 21 Ständerna
578 215 144 28 organiserad
744 215 94 27 styrelse,
857 214 124 29 åtfhvilken

427 244 65 27 äfven
516 244 64 20 borde
603 244 115 28 anförtros
741 244 81 21 vården
846 244 31 28 af
888 244 91 27 ilandets

424 273 186 27 Jornlemningar.

288 337 49 19 Med
360 337 92 19 afseende
476 337 12 19 &
509 337 93 19 ärendets
617 336 121 24 behandling
754 336 85 20 föreslär
853 338 40 22 jag,
908 340 29 16 att
953 337 24 19 de

220 365 65 24 öfriga
308 366 83 19 stånden
414 366 91 23 inbjudas
528 368 30 16 att
578 365 70 19 förena
669 366 29 24 sig
720 371 32 13 om
775 366 55 18 detta
851 365 75 25 förslag
941 366 37 19 och

219 394 151 20 vederbörande
382 395 83 23 utskott,
476 394 114 24 förslagsvis
601 394 104 19 Allmänna
716 394 191 25 Besvärsutskottet,
918 394 60 20 mätte

219 422 21 20 få
263 423 6 18 i
293 424 90 23 uppdrag
405 425 30 17 att
453 424 44 18 med
520 423 101 19 anlitande
644 422 21 20 af
678 423 74 23 nödiga
767 424 92 22 experter
874 423 105 19 förbereda

220 451 84 19 ärendet
327 452 37 19 och
386 452 56 19 äfven
458 453 89 23 uppgöra
562 451 74 24 förslag
651 452 30 18 till
697 452 36 18 den
750 457 143 18 gemensamma
908 452 70 18 musei-

220 480 159 24 förvaltningens
396 480 140 24 organisation.

291 536 132 24 Helsingfors,
439 537 37 19 den
493 537 12 19 5
521 537 95 19 Februari
634 536 61 20 1894.

738 598 64 22 Eero
817 598 92 23 Erkko.

290 706 82 28 Enligt
402 706 160 28 ordalydelsen
590 706 8 21 i
622 705 74 22 framl.
727 706 135 22 licentiaten
887 707 91 21 Antells

220 742 141 19 testamente
377 740 54 21 böra
446 740 29 21 de
490 740 27 21 af
529 740 85 21 honom
630 741 36 21 till
681 740 114 22 Finlands
811 741 50 21 folk
873 740 105 22 förärade

219 775 160 28 samlingarna
400 775 180 25 ,sammanföras
596 775 42 21 och
654 775 96 21 bevaras
765 774 37 22 för
817 777 42 25 att,
875 782 33 14 om
924 775 53 21 tidi-

217 816 54 21 gare
287 812 28 18 ett
330 810 196 20 nationalmuseum
538 810 42 27 för
595 810 100 21 Finland
705 810 48 20 icke
763 809 89 21 kommit
862 810 35 21 till
907 810 72 25 stånd,

219 843 62 21 bilda
297 851 25 13 en
337 844 66 27 ringa
418 843 124 28 begynnelse
558 844 35 21 till
608 846 28 19 ett
651 844 87 25 sådant,
754 843 62 26 eller,
833 843 41 22 där
889 846 34 19 ett
938 843 41 29 dy-

219 877 46 22 likt
287 877 131 28 förefinnes,
437 877 72 22 varda
527 877 94 22 därmed
636 877 128 26 förenade";
781 877 43 22 och
840 877 39 22 det
891 877 89 29 jämväl

219 911 37 22 till
279 911 113 22 Finlands
415 912 49 21 folk
486 912 115 21 testerade
616 912 114 29 kapitalet
745 911 27 22 af
786 913 113 27 1,000,000
913 913 66 20 mark

219 945 69 28 skall,
303 946 66 21 heter
384 946 39 21 det
433 946 8 21 i
452 949 154 23 testamentet,
618 946 194 25 ,sammanhällas
824 953 49 14 som
883 946 96 21 stående

219 979 59 22 fond
296 980 186 28 [Kammarrädet
496 981 103 21 Herman
614 981 148 28 Rosenbergs
772 980 74 29 fond],
857 981 48 21 med
914 975 66 27 hvars

219 1017 79 18 räntor
319 1017 89 18 museets
423 1015 122 28 samlingar
560 1016 34 20 mä
609 1022 76 21 genom
699 1015 129 28 inköpande
844 1016 30 27 af
882 1015 98 28 föremål

219 1049 57 27 utaf
288 1049 91 28 verkligt
394 1049 65 21 värde
474 1049 105 21 tillökast.
604 1049 93 28 Frågan
714 1056 36 14 om
765 1049 89 21 vården
870 1049 26 21 af
906 1049 28 21 de
947 1056 33 14 nu

220 1082 133 29 disponibla
375 1083 130 22 Antell'ska
527 1083 156 29 samlingarna
699 1085 61 20 samt
774 1090 38 15 om
828 1083 28 22 de
872 1083 26 22 af
910 1086 69 19 testa-

219 1119 91 20 mentet
331 1117 9 21 i
355 1117 67 29 fräga
437 1125 37 15 om
490 1117 66 22 dessa
572 1118 126 28 samlingar
713 1117 36 22 för
764 1117 126 23 framtiden
906 1117 73 22 betin-

219 1152 62 28 gade
303 1152 108 28 ätgärder
433 1160 69 20 synes
524 1152 121 22 Utskottet
666 1152 40 21 vid
729 1152 84 22 sädant
834 1152 146 22 förhällande

219 1186 129 29 lämpligen
370 1186 80 22 kunna
467 1186 125 22 behandlas
612 1186 9 22 i
634 1188 35 20 ett
678 1186 168 29 sammanhang
856 1186 53 22 med
921 1186 59 22 före-

220 1220 104 22 varande
338 1220 237 29 petitionsmemoria!,
591 1220 80 22 hvilka
686 1220 110 29 samtliga
810 1220 9 22 i
834 1228 30 14 en
874 1220 55 22 eller
940 1228 40 14 an-

219 1261 49 15 nan
291 1254 66 28 form,
379 1254 42 22 och
443 1254 105 22 fränsedt
570 1257 33 19 ett
625 1256 30 28 pä
677 1254 67 23 sidan
762 1254 90 29 gäende
868 1254 111 29 yrkande,

219 1291 106 26 upptaga
340 1288 45 22 den
400 1288 9 22 i
423 1288 91 22 Antells
530 1291 137 19 testamente
683 1288 117 22 bestämdt
814 1289 103 21 uttalade
928 1291 53 19 tan-

220 1322 47 22 ken
283 1324 30 28 pä
329 1322 215 23 ästadkommandet
560 1323 26 21 af
598 1325 34 19 ett
647 1323 210 21 nationalmuseum
873 1323 36 22 för
923 1323 57 21 Fin-

219 1357 64 21 land.

292 1489 103 18 Allmänna
407 1488 169 19 Besvärsutskottets
588 1489 110 18 betänkande
710 1490 36 16 N:o
758 1489 28 17 19.
