1103 1700
253 136 13 21 6
507 136 29 22 U.
552 136 28 22 B.
596 150 28 2 —
640 136 106 23 XXXII.

223 206 54 23 ifall
296 207 31 22 de
340 207 143 29 disponibla
496 207 169 23 vinstmedlen
678 208 21 28 ej
714 208 70 29 finge
797 207 83 23 säsom
893 209 93 27 tempo-

225 242 59 21 rära
311 242 106 22 tillskott
435 242 107 26 innestä,
562 242 128 22 mähända
709 242 89 29 nödigt
818 244 35 20 att
872 242 53 22 äter
945 249 41 15 an-

223 276 45 22 lita
287 276 90 22 kredit.

295 310 31 22 Vi
345 310 25 22 fä
389 310 122 30 derjemte
530 310 141 26 framhälla,
692 312 36 21 att
746 311 80 29 enligt
841 311 69 22 hvad
923 311 63 22 erfa-

224 344 122 22 renheten
365 345 74 26 visat,
459 345 143 22 räntefoten
624 345 8 21 i
654 345 86 23 landet
765 345 67 22 varit
859 345 126 23 beroende

225 379 26 22 af
275 379 50 22 den
343 380 81 26 ränta,
444 379 167 23 statsbanken
630 381 102 21 noterar
751 380 39 22 för
810 380 38 21 sin
862 380 122 29 utläning.

225 413 41 22 En
284 414 186 28 inskränkning
490 414 24 22 af
533 414 115 22 bankens
668 414 138 29 tillgångar
825 414 112 22 minskar
950 416 35 20 ut-

224 448 113 28 sigterna
355 448 40 22 för
414 455 30 15 en
463 448 245 29 räntenedsättning,
728 455 58 15 men
806 455 30 15 en
855 448 42 29 låg
913 450 73 20 ränta

224 482 29 22 är
272 482 187 30 otvifvelaktigt
484 484 34 20 ett
538 482 24 22 af
581 482 114 22 vilkoren
715 483 39 22 för
774 484 36 21 att
828 482 93 23 handel
940 483 45 22 och

223 516 123 30 näringar
364 517 8 21 i
390 517 86 22 landet
494 517 72 22 skola
584 517 87 22 kunna
693 517 184 29 uppblomstra.

293 551 36 22 På
348 551 107 23 anförda
474 551 56 22 skäl
558 558 59 15 anse
645 552 33 25 vi,
708 553 36 21 att
767 553 62 21 utan
848 552 80 22 skada
947 552 39 21 för

221 585 104 22 banken
343 586 86 29 någon
448 586 136 29 anvisning
602 586 33 28 på
655 586 30 22 de
704 587 83 22 under
806 586 61 22 åren
882 586 103 22 1894—

223 619 69 24 1896
320 620 146 28 uppkomna
493 621 150 21 vinstmedel
661 621 22 28 ej
704 621 72 22 torde
795 621 88 22 kunna
901 621 83 28 göras.

222 654 31 22 Vi
272 655 26 22 få
317 655 86 22 derför
421 655 131 22 vördsamt
570 655 103 22 föreslå:

498 724 37 21 att
562 723 146 22 Ständerna
739 723 79 22 måtte
846 723 141 29 godkänna

429 758 129 21 utskottets
586 757 78 23 ofvan
694 758 111 29 intagna
837 758 148 29 beräkning,

430 792 79 29 enligt
527 792 104 23 hvilken
650 792 32 22 af
691 792 171 23 bankvinsten
875 792 45 22 vid
932 793 55 21 sist-

431 827 71 22 lidne
520 826 44 23 ärs
582 827 52 22 slut
652 828 33 21 ett
703 827 91 28 beiopp
809 826 33 23 af
851 827 137 26 2,691,172

429 861 74 22 mark
531 862 31 21 14
584 868 28 21 p.
641 867 58 16 vore
727 861 41 22 för
794 860 193 23 stalsändamål

429 895 167 29 disponibelt;

497 931 37 21 att
564 930 148 23 Ständerna
746 929 28 23 åt
806 929 181 23 statsutskottet

431 964 161 23 öfverlämna
620 965 37 22 att
679 965 135 22 inkomma
832 964 58 22 med
909 964 77 22 fram-

425 999 134 29 ställning,
587 999 131 22 huruvida
746 999 47 22 och
822 998 41 22 till
883 999 103 22 hvilken

429 1033 41 22 del
497 1034 93 28 anslag
608 1033 33 22 af
656 1033 113 22 bankens
788 1033 198 22 ofvannämnda

429 1067 150 23 vinstmedel
606 1068 85 22 kunde
718 1068 108 22 anvisas
848 1067 41 22 till
907 1067 79 22 betäc-

429 1101 85 23 kande
540 1102 32 23 af
596 1102 111 29 utgifter,
736 1109 56 15 som
820 1101 46 22 vid
884 1102 103 21 inneva-

429 1137 82 22 rande
530 1137 128 29 landtdag
674 1138 46 21 äro
736 1136 111 23 föremål
860 1136 41 22 för
915 1136 72 23 Stän-

429 1171 93 22 dernas
537 1172 126 28 pröfning
683 1173 64 21 samt

497 1207 37 21 att
552 1206 86 29 någon
656 1206 142 29 anvisning
814 1204 38 30 på
876 1205 111 22 bankens

429 1240 150 22 vinstmedel
607 1240 40 22 för
674 1240 62 22 åren
764 1240 183 23 1894—1896
964 1240 23 28 ej

429 1274 77 22 måtte
524 1274 32 23 af
572 1274 146 23 Ständerna
738 1275 122 22 beslutas.

291 1332 28 23 E.
334 1333 138 23 Bonsdorff.
697 1335 82 23 Wald.
795 1334 102 23 Wallin.

291 1373 93 28 August
398 1373 119 23 Fellman.
695 1374 30 23 H.
741 1374 143 28 Landgren.

291 1486 144 18 Bankutskottets
447 1487 110 18 betänkande
570 1487 38 18 N:o
620 1488 18 17 3.
