1103 1700
262 133 15 20 4
508 132 29 23 U.
552 133 29 22 B.
598 132 107 23 XXXII.

573 205 88 27 18.

303 266 218 30 Borgareständet
544 267 48 22 har
610 267 116 29 godkänt
744 266 38 23 Hr
802 266 192 30 Schybergsons

232 302 168 26 reservation,
420 302 78 29 enligt
516 301 104 23 hvilken
639 302 42 22 det
693 301 94 29 belopp
799 301 124 23 hvarmed
934 300 61 23 ban-

232 336 65 22 kens
316 336 154 28 utelöpande
488 336 84 22 sedlar
590 336 26 22 fä
629 336 139 29 öfverstiga
782 335 58 23 dess
852 335 142 23 metalliska

234 370 89 23 valuta
345 370 80 23 borde
449 370 153 23 bestämmas
621 370 37 22 till
676 370 84 22 trettio
778 370 117 29 miljoner
913 370 80 22 mark.

303 404 39 23 Då
361 407 38 20 tre
409 404 75 24 stånd
497 405 166 23 oförändradt
673 404 115 30 godkänt
797 404 135 23 utskottets
946 404 48 22 för-

233 438 57 30 slag
308 439 73 23 torde
399 439 85 30 någon
504 439 90 29 åtgärd
613 439 54 23 icke
685 439 124 29 påkallas.

579 531 15 29 8
614 531 42 23 25.

302 593 218 30 Borgareståndet
545 595 47 22 har
620 595 194 22 återremitterat
832 601 73 16 mom.
928 595 11 22 1
960 595 33 28 på

233 628 44 23 det
296 629 36 22 att
350 629 154 29 stadgandet
522 635 39 16 om
580 631 113 27 pantsatt
712 630 64 29 gods
804 629 123 23 ställande
949 636 44 15 un-

233 662 47 23 der
299 663 85 29 tillsyn
403 663 46 22 cch
468 663 64 23 vård
552 664 25 22 af
594 664 160 29 kronofogde
767 663 60 23 eller
839 664 154 29 magistrats-

232 697 113 23 ledamot
372 698 76 22 måtte
475 698 61 29 utgå
556 700 65 20 samt
638 698 103 23 banken
759 698 8 22 i
786 698 69 23 detta
874 698 119 23 afseende

233 731 125 23 likställas
377 732 57 23 med
452 732 85 29 privat
554 733 206 29 låneinrättning.

302 766 39 23 Då
370 766 75 23 äfven
474 767 46 22 här
547 768 89 21 trenne
663 767 75 22 stånd
762 768 62 21 utan
843 767 150 29 förändring

233 801 116 28 godkänt
372 801 134 22 utskottets
525 801 103 30 förslag,
648 802 144 22 föranleder
810 801 182 30 Borgarestån-

233 835 57 22 dets
309 835 83 22 beslut
410 835 54 23 icke
482 835 86 30 någon
587 836 98 29 åtgärd.

580 922 14 29 8
615 921 41 23 40.

302 984 195 23 Presteständen
515 985 78 22 hafva
606 985 132 23 förändrat
750 985 135 23 utskottets
897 985 96 30 förslag

230 1018 9 22 i
258 1025 75 16 mom.
353 1019 16 22 2
389 1019 96 22 derhän
505 1021 35 21 att
558 1020 31 22 de
609 1020 26 22 af
652 1020 160 23 direktionen
827 1020 166 29 företagande

230 1053 227 30 inventeringarna
484 1054 54 22 icke
566 1055 81 22 skulle
671 1054 111 23 behöfva
806 1055 75 28 göras
905 1055 88 22 »minst

232 1093 32 16 en
292 1087 70 30 gång
381 1095 40 15 om
440 1089 66 22 äret»
526 1090 62 21 utan
609 1089 45 22 »då
673 1089 160 22 direktionen
852 1089 82 22 finner
955 1089 38 22 så-

232 1121 65 23 dant
314 1122 111 30 nödigt».

302 1156 39 22 Då
359 1158 155 28 paragrafen
532 1158 128 29 godkänts
679 1158 25 22 af
722 1159 38 21 tre
779 1158 75 22 stånd
870 1159 62 21 utan
945 1158 47 22 för-

233 1191 111 29 ändring
362 1191 112 23 förfaller
494 1192 32 22 all
544 1192 91 30 åtgärd
654 1192 162 23 härutinnan.

571 1278 15 29 8
609 1279 41 22 45.

302 1340 94 22 Preste-
414 1340 46 22 och
471 1341 224 29 Borgareständen
707 1342 79 22 hafva
799 1342 193 24 äterremitterat

235 1374 157 29 paragrafen
410 1375 57 22 med
486 1376 127 22 anmodan
632 1378 35 20 att
685 1377 123 22 utskottet
827 1377 80 23 skulle
920 1378 71 22 verk-

234 1408 76 22 ställa
329 1415 31 15 en
379 1408 187 31 förtydligande
585 1411 176 23 omredaktion
781 1411 25 23 af
820 1412 79 22 andra
917 1419 73 16 mom.

230 1442 9 22 i
258 1442 156 23 densamma.

301 1479 144 19 Bankutskottets
458 1481 110 19 betänkande
579 1482 39 18 N:o
630 1482 18 18 2.
