<?xml version="1.0" encoding="UTF-8"?>
<alto xmlns="http://www.loc.gov/standards/alto/ns-v3#" xmlns:xlink="http://www.w3.org/1999/xlink" xmlns:xsi="http://www.w3.org/2001/XMLSchema-instance" xsi:schemaLocation="http://www.loc.gov/standards/alto/ns-v3# http://www.loc.gov/alto/v3/alto-3-0.xsd">
	<Description>
		<MeasurementUnit>pixel</MeasurementUnit>
		<sourceImageInformation>
			<fileName>/tmp/tess_78779cz4_input.PNG</fileName>
		</sourceImageInformation>
		<OCRProcessing ID="OCR_0">
			<ocrProcessingStep>
				<processingSoftware>
					<softwareName>tesseract 5.3.4</softwareName>
				</processingSoftware>
			</ocrProcessingStep>
		</OCRProcessing>
	</Description>
	<Layout>
		<Page WIDTH="1103" HEIGHT="1700" PHYSICAL_IMG_NR="0" ID="page_0">
			<PrintSpace HPOS="0" VPOS="0" WIDTH="1103" HEIGHT="1700">
				<ComposedBlock ID="cblock_0" HPOS="147" VPOS="1076" WIDTH="96" HEIGHT="23">
					<TextBlock ID="block_0" HPOS="147" VPOS="1076" WIDTH="96" HEIGHT="23">
						<TextLine ID="line_0" HPOS="147" VPOS="1076" WIDTH="96" HEIGHT="23">
							<String ID="string_0" HPOS="147" VPOS="1076" WIDTH="96" HEIGHT="29" WC="0.90" CONTENT="Bankfull-"/>
						</TextLine>
					</TextBlock>
				</ComposedBlock>
				<ComposedBlock ID="cblock_1" HPOS="310" VPOS="131" WIDTH="27" HEIGHT="21">
					<TextBlock ID="block_1" HPOS="310" VPOS="131" WIDTH="27" HEIGHT="21">
						<TextLine ID="line_1" HPOS="310" VPOS="131" WIDTH="27" HEIGHT="21">
							<String ID="string_1" HPOS="310" VPOS="131" WIDTH="27" HEIGHT="21" WC="0.96" CONTENT="38"/>
						</TextLine>
					</TextBlock>
				</ComposedBlock>
				<ComposedBlock ID="cblock_2" HPOS="965" VPOS="191" WIDTH="69" HEIGHT="16">
					<TextBlock ID="block_2" HPOS="965" VPOS="191" WIDTH="69" HEIGHT="16">
						<TextLine ID="line_2" HPOS="965" VPOS="191" WIDTH="69" HEIGHT="16">
							<String ID="string_2" HPOS="965" VPOS="191" WIDTH="69" HEIGHT="16" WC="0.91" CONTENT="Rank-"/>
						</TextLine>
					</TextBlock>
				</ComposedBlock>
				<ComposedBlock ID="cblock_3" HPOS="281" VPOS="190" WIDTH="673" HEIGHT="16">
					<TextBlock ID="block_3" HPOS="281" VPOS="190" WIDTH="673" HEIGHT="16">
						<TextLine ID="line_3" HPOS="281" VPOS="190" WIDTH="673" HEIGHT="16">
							<String ID="string_3" HPOS="281" VPOS="188" WIDTH="110" HEIGHT="14" WC="0.76" CONTENT="missarian"/><SP WIDTH="13" VPOS="188" HPOS="391"/>
							<String ID="string_4" HPOS="404" VPOS="190" WIDTH="100" HEIGHT="12" WC="0.52" CONTENT="Ramastin"/><SP WIDTH="21" VPOS="190" HPOS="504"/>
							<String ID="string_5" HPOS="525" VPOS="193" WIDTH="7" HEIGHT="9" WC="0.90" CONTENT="+"/><SP WIDTH="20" VPOS="193" HPOS="532"/>
							<String ID="string_6" HPOS="552" VPOS="191" WIDTH="10" HEIGHT="12" WC="0.91" CONTENT="£"/><SP WIDTH="14" VPOS="191" HPOS="562"/>
							<String ID="string_7" HPOS="576" VPOS="192" WIDTH="194" HEIGHT="13" WC="0.59" CONTENT="Danllammianavi."/><SP WIDTH="37" VPOS="192" HPOS="770"/>
							<String ID="string_8" HPOS="807" VPOS="192" WIDTH="80" HEIGHT="14" WC="0.20" CONTENT="Nuvmoan"/><SP WIDTH="13" VPOS="192" HPOS="887"/>
							<String ID="string_9" HPOS="900" VPOS="193" WIDTH="54" HEIGHT="13" WC="0.95" CONTENT="samt"/>
						</TextLine>
					</TextBlock>
				</ComposedBlock>
				<ComposedBlock ID="cblock_4" HPOS="278" VPOS="198" WIDTH="757" HEIGHT="804">
					<TextBlock ID="block_4" HPOS="280" VPOS="198" WIDTH="595" HEIGHT="49">
						<TextLine ID="line_4" HPOS="281" VPOS="198" WIDTH="594" HEIGHT="22">
							<String ID="string_10" HPOS="281" VPOS="203" WIDTH="112" HEIGHT="7" WC="0.58" CONTENT="missarion"/><SP WIDTH="10" VPOS="203" HPOS="393"/>
							<String ID="string_11" HPOS="403" VPOS="204" WIDTH="109" HEIGHT="16" WC="0.91" CONTENT="Ramstön,"/><SP WIDTH="14" VPOS="204" HPOS="512"/>
							<String ID="string_12" HPOS="526" VPOS="205" WIDTH="14" HEIGHT="8" WC="0.46" CONTENT="t."/><SP WIDTH="12" VPOS="205" HPOS="540"/>
							<String ID="string_13" HPOS="552" VPOS="205" WIDTH="15" HEIGHT="7" WC="0.88" CONTENT="£"/><SP WIDTH="8" VPOS="205" HPOS="567"/>
							<String ID="string_14" HPOS="575" VPOS="198" WIDTH="223" HEIGHT="18" WC="0.65" CONTENT="Pankkommissarion"/><SP WIDTH="8" VPOS="198" HPOS="798"/>
							<String ID="string_15" HPOS="806" VPOS="208" WIDTH="69" HEIGHT="5" WC="0.0" CONTENT="Nymo!"/>
						</TextLine>
						<TextLine ID="line_5" HPOS="280" VPOS="208" WIDTH="556" HEIGHT="39">
							<String ID="string_16" HPOS="280" VPOS="220" WIDTH="161" HEIGHT="25" WC="0.91" CONTENT="kommissarien"/><SP WIDTH="15" VPOS="220" HPOS="441"/>
							<String ID="string_17" HPOS="456" VPOS="224" WIDTH="73" HEIGHT="23" WC="0.96" CONTENT="Niska."/><SP WIDTH="297" VPOS="224" HPOS="529"/>
							<String ID="string_18" HPOS="826" VPOS="208" WIDTH="10" HEIGHT="12" WC="0.58" CONTENT="”"/>
						</TextLine>
					</TextBlock>
					<TextBlock ID="block_5" HPOS="278" VPOS="258" WIDTH="757" HEIGHT="335">
						<TextLine ID="line_6" HPOS="349" VPOS="258" WIDTH="686" HEIGHT="30">
							<String ID="string_19" HPOS="349" VPOS="258" WIDTH="114" HEIGHT="22" WC="0.96" CONTENT="Dessutom"/><SP WIDTH="22" VPOS="258" HPOS="463"/>
							<String ID="string_20" HPOS="485" VPOS="260" WIDTH="39" HEIGHT="21" WC="0.92" CONTENT="har"/><SP WIDTH="19" VPOS="260" HPOS="524"/>
							<String ID="string_21" HPOS="543" VPOS="261" WIDTH="160" HEIGHT="27" WC="0.91" CONTENT="tjenstledighet"/><SP WIDTH="18" VPOS="261" HPOS="703"/>
							<String ID="string_22" HPOS="721" VPOS="261" WIDTH="23" HEIGHT="21" WC="0.93" CONTENT="af"/><SP WIDTH="16" VPOS="261" HPOS="744"/>
							<String ID="string_23" HPOS="760" VPOS="260" WIDTH="194" HEIGHT="28" WC="0.91" CONTENT="Bankfullmäktige"/><SP WIDTH="15" VPOS="260" HPOS="954"/>
							<String ID="string_24" HPOS="969" VPOS="260" WIDTH="66" HEIGHT="21" WC="0.92" CONTENT="bevil-"/>
						</TextLine>
						<TextLine ID="line_7" HPOS="278" VPOS="292" WIDTH="757" HEIGHT="26">
							<String ID="string_25" HPOS="278" VPOS="292" WIDTH="43" HEIGHT="26" WC="0.92" CONTENT="jats"/><SP WIDTH="16" VPOS="292" HPOS="321"/>
							<String ID="string_26" HPOS="337" VPOS="292" WIDTH="41" HEIGHT="22" WC="0.96" CONTENT="den"/><SP WIDTH="16" VPOS="292" HPOS="378"/>
							<String ID="string_27" HPOS="394" VPOS="294" WIDTH="27" HEIGHT="20" WC="0.96" CONTENT="13"/><SP WIDTH="16" VPOS="294" HPOS="421"/>
							<String ID="string_28" HPOS="437" VPOS="294" WIDTH="94" HEIGHT="22" WC="0.96" CONTENT="Oktober"/><SP WIDTH="17" VPOS="294" HPOS="531"/>
							<String ID="string_29" HPOS="548" VPOS="296" WIDTH="54" HEIGHT="21" WC="0.96" CONTENT="1892"/><SP WIDTH="16" VPOS="296" HPOS="602"/>
							<String ID="string_30" HPOS="618" VPOS="296" WIDTH="40" HEIGHT="21" WC="0.96" CONTENT="och"/><SP WIDTH="19" VPOS="296" HPOS="658"/>
							<String ID="string_31" HPOS="677" VPOS="296" WIDTH="40" HEIGHT="21" WC="0.96" CONTENT="den"/><SP WIDTH="15" VPOS="296" HPOS="717"/>
							<String ID="string_32" HPOS="732" VPOS="296" WIDTH="27" HEIGHT="20" WC="0.96" CONTENT="21"/><SP WIDTH="16" VPOS="296" HPOS="759"/>
							<String ID="string_33" HPOS="775" VPOS="295" WIDTH="89" HEIGHT="21" WC="0.96" CONTENT="Januari"/><SP WIDTH="17" VPOS="295" HPOS="864"/>
							<String ID="string_34" HPOS="881" VPOS="295" WIDTH="55" HEIGHT="21" WC="0.96" CONTENT="1893"/><SP WIDTH="15" VPOS="295" HPOS="936"/>
							<String ID="string_35" HPOS="951" VPOS="294" WIDTH="23" HEIGHT="22" WC="0.93" CONTENT="åt"/><SP WIDTH="14" VPOS="294" HPOS="974"/>
							<String ID="string_36" HPOS="988" VPOS="296" WIDTH="15" HEIGHT="20" WC="0.92" CONTENT="t."/><SP WIDTH="16" VPOS="296" HPOS="1003"/>
							<String ID="string_37" HPOS="1019" VPOS="294" WIDTH="16" HEIGHT="21" WC="0.70" CONTENT="fe"/>
						</TextLine>
						<TextLine ID="line_8" HPOS="280" VPOS="326" WIDTH="753" HEIGHT="29">
							<String ID="string_38" HPOS="280" VPOS="326" WIDTH="222" HEIGHT="24" WC="0.92" CONTENT="Bankkommissarien"/><SP WIDTH="16" VPOS="326" HPOS="502"/>
							<String ID="string_39" HPOS="518" VPOS="329" WIDTH="35" HEIGHT="21" WC="0.96" CONTENT="vid"/><SP WIDTH="15" VPOS="329" HPOS="553"/>
							<String ID="string_40" HPOS="568" VPOS="330" WIDTH="101" HEIGHT="21" WC="0.96" CONTENT="kontoret"/><SP WIDTH="15" VPOS="330" HPOS="669"/>
							<String ID="string_41" HPOS="684" VPOS="330" WIDTH="7" HEIGHT="20" WC="0.96" CONTENT="i"/><SP WIDTH="15" VPOS="330" HPOS="691"/>
							<String ID="string_42" HPOS="706" VPOS="330" WIDTH="73" HEIGHT="21" WC="0.96" CONTENT="Kotka"/><SP WIDTH="19" VPOS="330" HPOS="779"/>
							<String ID="string_43" HPOS="798" VPOS="330" WIDTH="56" HEIGHT="20" WC="0.96" CONTENT="Emil"/><SP WIDTH="14" VPOS="330" HPOS="854"/>
							<String ID="string_44" HPOS="868" VPOS="330" WIDTH="48" HEIGHT="20" WC="0.93" CONTENT="Ivar"/><SP WIDTH="16" VPOS="330" HPOS="916"/>
							<String ID="string_45" HPOS="932" VPOS="328" WIDTH="101" HEIGHT="27" WC="0.92" CONTENT="Grönvik,"/>
						</TextLine>
						<TextLine ID="line_9" HPOS="280" VPOS="360" WIDTH="754" HEIGHT="31">
							<String ID="string_46" HPOS="280" VPOS="360" WIDTH="34" HEIGHT="22" WC="0.96" CONTENT="för"/><SP WIDTH="23" VPOS="360" HPOS="314"/>
							<String ID="string_47" HPOS="337" VPOS="362" WIDTH="26" HEIGHT="20" WC="0.96" CONTENT="de"/><SP WIDTH="22" VPOS="362" HPOS="363"/>
							<String ID="string_48" HPOS="385" VPOS="362" WIDTH="56" HEIGHT="22" WC="0.96" CONTENT="tider"/><SP WIDTH="21" VPOS="362" HPOS="441"/>
							<String ID="string_49" HPOS="462" VPOS="369" WIDTH="26" HEIGHT="15" WC="0.96" CONTENT="en"/><SP WIDTH="16" VPOS="369" HPOS="488"/>
							<String ID="string_50" HPOS="504" VPOS="363" WIDTH="24" HEIGHT="21" WC="0.97" CONTENT="af"/><SP WIDTH="16" VPOS="363" HPOS="528"/>
							<String ID="string_51" HPOS="544" VPOS="364" WIDTH="120" HEIGHT="27" WC="0.96" CONTENT="Kejserliga"/><SP WIDTH="21" VPOS="364" HPOS="664"/>
							<String ID="string_52" HPOS="685" VPOS="366" WIDTH="88" HEIGHT="20" WC="0.96" CONTENT="senaten"/><SP WIDTH="23" VPOS="366" HPOS="773"/>
							<String ID="string_53" HPOS="796" VPOS="364" WIDTH="85" HEIGHT="21" WC="0.93" CONTENT="nedsatt"/><SP WIDTH="18" VPOS="364" HPOS="881"/>
							<String ID="string_54" HPOS="899" VPOS="363" WIDTH="86" HEIGHT="25" WC="0.92" CONTENT="komité,"/><SP WIDTH="16" VPOS="363" HPOS="985"/>
							<String ID="string_55" HPOS="1001" VPOS="362" WIDTH="33" HEIGHT="22" WC="0.96" CONTENT="för"/>
						</TextLine>
						<TextLine ID="line_10" HPOS="279" VPOS="397" WIDTH="754" HEIGHT="28">
							<String ID="string_56" HPOS="279" VPOS="397" WIDTH="139" HEIGHT="25" WC="0.91" CONTENT="uppgörande"/><SP WIDTH="15" VPOS="397" HPOS="418"/>
							<String ID="string_57" HPOS="433" VPOS="397" WIDTH="22" HEIGHT="21" WC="0.96" CONTENT="af"/><SP WIDTH="13" VPOS="397" HPOS="455"/>
							<String ID="string_58" HPOS="468" VPOS="397" WIDTH="78" HEIGHT="27" WC="0.96" CONTENT="förslag"/><SP WIDTH="16" VPOS="397" HPOS="546"/>
							<String ID="string_59" HPOS="562" VPOS="398" WIDTH="33" HEIGHT="21" WC="0.96" CONTENT="till"/><SP WIDTH="14" VPOS="398" HPOS="595"/>
							<String ID="string_60" HPOS="609" VPOS="404" WIDTH="28" HEIGHT="21" WC="0.96" CONTENT="ny"/><SP WIDTH="15" VPOS="404" HPOS="637"/>
							<String ID="string_61" HPOS="652" VPOS="398" WIDTH="125" HEIGHT="27" WC="0.96" CONTENT="förordning"/><SP WIDTH="14" VPOS="398" HPOS="777"/>
							<String ID="string_62" HPOS="791" VPOS="404" WIDTH="34" HEIGHT="16" WC="0.93" CONTENT="om"/><SP WIDTH="9" VPOS="404" HPOS="825"/>
							<String ID="string_63" HPOS="834" VPOS="397" WIDTH="199" HEIGHT="27" WC="0.91" CONTENT="stämpelbevillnin-"/>
						</TextLine>
						<TextLine ID="line_11" HPOS="280" VPOS="430" WIDTH="753" HEIGHT="29">
							<String ID="string_64" HPOS="280" VPOS="435" WIDTH="47" HEIGHT="21" WC="0.96" CONTENT="gen,"/><SP WIDTH="16" VPOS="435" HPOS="327"/>
							<String ID="string_65" HPOS="343" VPOS="430" WIDTH="7" HEIGHT="21" WC="0.96" CONTENT="i"/><SP WIDTH="15" VPOS="430" HPOS="350"/>
							<String ID="string_66" HPOS="365" VPOS="430" WIDTH="85" HEIGHT="22" WC="0.93" CONTENT="hvilken"/><SP WIDTH="16" VPOS="430" HPOS="450"/>
							<String ID="string_67" HPOS="466" VPOS="432" WIDTH="79" HEIGHT="22" WC="0.92" CONTENT="komité"/><SP WIDTH="16" VPOS="432" HPOS="545"/>
							<String ID="string_68" HPOS="561" VPOS="432" WIDTH="96" HEIGHT="22" WC="0.92" CONTENT="Grönvik"/><SP WIDTH="14" VPOS="432" HPOS="657"/>
							<String ID="string_69" HPOS="671" VPOS="434" WIDTH="56" HEIGHT="20" WC="0.96" CONTENT="varit"/><SP WIDTH="15" VPOS="434" HPOS="727"/>
							<String ID="string_70" HPOS="742" VPOS="433" WIDTH="99" HEIGHT="26" WC="0.96" CONTENT="ledamot,"/><SP WIDTH="11" VPOS="433" HPOS="841"/>
							<String ID="string_71" HPOS="852" VPOS="432" WIDTH="111" HEIGHT="22" WC="0.93" CONTENT="härstädes"/><SP WIDTH="16" VPOS="432" HPOS="963"/>
							<String ID="string_72" HPOS="979" VPOS="437" WIDTH="54" HEIGHT="16" WC="0.92" CONTENT="sam-"/>
						</TextLine>
						<TextLine ID="line_12" HPOS="280" VPOS="465" WIDTH="753" HEIGHT="27">
							<String ID="string_73" HPOS="280" VPOS="465" WIDTH="115" HEIGHT="27" WC="0.92" CONTENT="manträdt,"/><SP WIDTH="16" VPOS="465" HPOS="395"/>
							<String ID="string_74" HPOS="411" VPOS="465" WIDTH="108" HEIGHT="23" WC="0.96" CONTENT="äfvensom"/><SP WIDTH="17" VPOS="465" HPOS="519"/>
							<String ID="string_75" HPOS="536" VPOS="467" WIDTH="40" HEIGHT="21" WC="0.96" CONTENT="den"/><SP WIDTH="21" VPOS="467" HPOS="576"/>
							<String ID="string_76" HPOS="597" VPOS="468" WIDTH="25" HEIGHT="21" WC="0.96" CONTENT="17"/><SP WIDTH="20" VPOS="468" HPOS="622"/>
							<String ID="string_77" HPOS="642" VPOS="468" WIDTH="39" HEIGHT="20" WC="0.96" CONTENT="och"/><SP WIDTH="19" VPOS="468" HPOS="681"/>
							<String ID="string_78" HPOS="700" VPOS="468" WIDTH="28" HEIGHT="21" WC="0.96" CONTENT="22"/><SP WIDTH="17" VPOS="468" HPOS="728"/>
							<String ID="string_79" HPOS="745" VPOS="467" WIDTH="120" HEIGHT="21" WC="0.96" CONTENT="November"/><SP WIDTH="15" VPOS="467" HPOS="865"/>
							<String ID="string_80" HPOS="880" VPOS="468" WIDTH="55" HEIGHT="20" WC="0.96" CONTENT="samt"/><SP WIDTH="14" VPOS="468" HPOS="935"/>
							<String ID="string_81" HPOS="949" VPOS="466" WIDTH="40" HEIGHT="21" WC="0.96" CONTENT="den"/><SP WIDTH="17" VPOS="466" HPOS="989"/>
							<String ID="string_82" HPOS="1006" VPOS="466" WIDTH="27" HEIGHT="20" WC="0.96" CONTENT="15"/>
						</TextLine>
						<TextLine ID="line_13" HPOS="281" VPOS="498" WIDTH="750" HEIGHT="25">
							<String ID="string_83" HPOS="281" VPOS="498" WIDTH="118" HEIGHT="22" WC="0.96" CONTENT="December"/><SP WIDTH="16" VPOS="498" HPOS="399"/>
							<String ID="string_84" HPOS="415" VPOS="500" WIDTH="55" HEIGHT="22" WC="0.96" CONTENT="1892"/><SP WIDTH="15" VPOS="500" HPOS="470"/>
							<String ID="string_85" HPOS="485" VPOS="500" WIDTH="23" HEIGHT="22" WC="0.93" CONTENT="åt"/><SP WIDTH="14" VPOS="500" HPOS="508"/>
							<String ID="string_86" HPOS="522" VPOS="501" WIDTH="169" HEIGHT="22" WC="0.88" CONTENT="Kommissarien"/><SP WIDTH="18" VPOS="501" HPOS="691"/>
							<String ID="string_87" HPOS="709" VPOS="502" WIDTH="36" HEIGHT="21" WC="0.96" CONTENT="vid"/><SP WIDTH="15" VPOS="502" HPOS="745"/>
							<String ID="string_88" HPOS="760" VPOS="502" WIDTH="100" HEIGHT="20" WC="0.96" CONTENT="kontoret"/><SP WIDTH="14" VPOS="502" HPOS="860"/>
							<String ID="string_89" HPOS="874" VPOS="501" WIDTH="7" HEIGHT="21" WC="0.96" CONTENT="i"/><SP WIDTH="14" VPOS="501" HPOS="881"/>
							<String ID="string_90" HPOS="895" VPOS="501" WIDTH="95" HEIGHT="21" WC="0.93" CONTENT="Joensuu"/><SP WIDTH="15" VPOS="501" HPOS="990"/>
							<String ID="string_91" HPOS="1005" VPOS="500" WIDTH="26" HEIGHT="20" WC="0.92" CONTENT="K."/>
						</TextLine>
						<TextLine ID="line_14" HPOS="279" VPOS="528" WIDTH="752" HEIGHT="35">
							<String ID="string_92" HPOS="279" VPOS="533" WIDTH="20" HEIGHT="20" WC="0.92" CONTENT="J."/><SP WIDTH="16" VPOS="533" HPOS="299"/>
							<String ID="string_93" HPOS="315" VPOS="528" WIDTH="114" HEIGHT="33" WC="0.95" CONTENT="Åkerman,"/><SP WIDTH="15" VPOS="528" HPOS="429"/>
							<String ID="string_94" HPOS="444" VPOS="534" WIDTH="33" HEIGHT="22" WC="0.96" CONTENT="för"/><SP WIDTH="15" VPOS="534" HPOS="477"/>
							<String ID="string_95" HPOS="492" VPOS="536" WIDTH="96" HEIGHT="21" WC="0.96" CONTENT="enskilda"/><SP WIDTH="10" VPOS="536" HPOS="588"/>
							<String ID="string_96" HPOS="598" VPOS="536" WIDTH="182" HEIGHT="27" WC="0.96" CONTENT="angelägenheter,"/><SP WIDTH="12" VPOS="536" HPOS="780"/>
							<String ID="string_97" HPOS="792" VPOS="536" WIDTH="47" HEIGHT="21" WC="0.96" CONTENT="från"/><SP WIDTH="14" VPOS="536" HPOS="839"/>
							<String ID="string_98" HPOS="853" VPOS="536" WIDTH="40" HEIGHT="20" WC="0.96" CONTENT="den"/><SP WIDTH="12" VPOS="536" HPOS="893"/>
							<String ID="string_99" HPOS="905" VPOS="536" WIDTH="26" HEIGHT="20" WC="0.93" CONTENT="16"/><SP WIDTH="10" VPOS="536" HPOS="931"/>
							<String ID="string_100" HPOS="941" VPOS="536" WIDTH="90" HEIGHT="20" WC="0.93" CONTENT="Novem-"/>
						</TextLine>
						<TextLine ID="line_15" HPOS="279" VPOS="567" WIDTH="435" HEIGHT="26">
							<String ID="string_101" HPOS="279" VPOS="567" WIDTH="38" HEIGHT="22" WC="0.96" CONTENT="ber"/><SP WIDTH="16" VPOS="567" HPOS="317"/>
							<String ID="string_102" HPOS="333" VPOS="568" WIDTH="55" HEIGHT="22" WC="0.96" CONTENT="1892"/><SP WIDTH="15" VPOS="568" HPOS="388"/>
							<String ID="string_103" HPOS="403" VPOS="569" WIDTH="32" HEIGHT="21" WC="0.96" CONTENT="till"/><SP WIDTH="15" VPOS="569" HPOS="435"/>
							<String ID="string_104" HPOS="450" VPOS="569" WIDTH="40" HEIGHT="22" WC="0.96" CONTENT="den"/><SP WIDTH="17" VPOS="569" HPOS="490"/>
							<String ID="string_105" HPOS="507" VPOS="571" WIDTH="26" HEIGHT="20" WC="0.96" CONTENT="16"/><SP WIDTH="14" VPOS="571" HPOS="533"/>
							<String ID="string_106" HPOS="547" VPOS="571" WIDTH="90" HEIGHT="20" WC="0.95" CONTENT="Januari"/><SP WIDTH="17" VPOS="571" HPOS="637"/>
							<String ID="string_107" HPOS="654" VPOS="571" WIDTH="60" HEIGHT="22" WC="0.95" CONTENT="1893."/>
						</TextLine>
					</TextBlock>
					<TextBlock ID="block_6" HPOS="278" VPOS="602" WIDTH="754" HEIGHT="196">
						<TextLine ID="line_16" HPOS="347" VPOS="602" WIDTH="684" HEIGHT="31">
							<String ID="string_108" HPOS="347" VPOS="602" WIDTH="74" HEIGHT="22" WC="0.93" CONTENT="Under"/><SP WIDTH="17" VPOS="602" HPOS="421"/>
							<String ID="string_109" HPOS="438" VPOS="603" WIDTH="124" HEIGHT="23" WC="0.91" CONTENT="förberörda"/><SP WIDTH="20" VPOS="603" HPOS="562"/>
							<String ID="string_110" HPOS="582" VPOS="605" WIDTH="118" HEIGHT="28" WC="0.96" CONTENT="ledigheter"/><SP WIDTH="18" VPOS="605" HPOS="700"/>
							<String ID="string_111" HPOS="718" VPOS="605" WIDTH="64" HEIGHT="22" WC="0.96" CONTENT="hafva"/><SP WIDTH="14" VPOS="605" HPOS="782"/>
							<String ID="string_112" HPOS="796" VPOS="605" WIDTH="110" HEIGHT="26" WC="0.95" CONTENT="kontoren,"/><SP WIDTH="15" VPOS="605" HPOS="906"/>
							<String ID="string_113" HPOS="921" VPOS="605" WIDTH="28" HEIGHT="26" WC="0.96" CONTENT="på"/><SP WIDTH="14" VPOS="605" HPOS="949"/>
							<String ID="string_114" HPOS="963" VPOS="605" WIDTH="68" HEIGHT="26" WC="0.96" CONTENT="grund"/>
						</TextLine>
						<TextLine ID="line_17" HPOS="279" VPOS="636" WIDTH="752" HEIGHT="30">
							<String ID="string_115" HPOS="279" VPOS="636" WIDTH="23" HEIGHT="21" WC="0.93" CONTENT="af"/><SP WIDTH="13" VPOS="636" HPOS="302"/>
							<String ID="string_116" HPOS="315" VPOS="637" WIDTH="205" HEIGHT="28" WC="0.90" CONTENT="Bankfullmäktiges"/><SP WIDTH="16" VPOS="637" HPOS="520"/>
							<String ID="string_117" HPOS="536" VPOS="639" WIDTH="165" HEIGHT="27" WC="0.93" CONTENT="förordnanden,"/><SP WIDTH="16" VPOS="639" HPOS="701"/>
							<String ID="string_118" HPOS="717" VPOS="639" WIDTH="119" HEIGHT="22" WC="0.92" CONTENT="föreståtts:"/><SP WIDTH="23" VPOS="639" HPOS="836"/>
							<String ID="string_119" HPOS="859" VPOS="639" WIDTH="99" HEIGHT="21" WC="0.96" CONTENT="kontoret"/><SP WIDTH="15" VPOS="639" HPOS="958"/>
							<String ID="string_120" HPOS="973" VPOS="639" WIDTH="6" HEIGHT="20" WC="0.93" CONTENT="i"/><SP WIDTH="15" VPOS="639" HPOS="979"/>
							<String ID="string_121" HPOS="994" VPOS="638" WIDTH="37" HEIGHT="27" WC="0.93" CONTENT="Jy-"/>
						</TextLine>
						<TextLine ID="line_18" HPOS="280" VPOS="671" WIDTH="752" HEIGHT="28">
							<String ID="string_122" HPOS="280" VPOS="671" WIDTH="89" HEIGHT="27" WC="0.91" CONTENT="väskylä"/><SP WIDTH="19" VPOS="671" HPOS="369"/>
							<String ID="string_123" HPOS="388" VPOS="671" WIDTH="23" HEIGHT="22" WC="0.92" CONTENT="af"/><SP WIDTH="14" VPOS="671" HPOS="411"/>
							<String ID="string_124" HPOS="425" VPOS="673" WIDTH="14" HEIGHT="20" WC="0.90" CONTENT="t."/><SP WIDTH="16" VPOS="673" HPOS="439"/>
							<String ID="string_125" HPOS="455" VPOS="672" WIDTH="15" HEIGHT="21" WC="0.88" CONTENT="f."/><SP WIDTH="19" VPOS="672" HPOS="470"/>
							<String ID="string_126" HPOS="489" VPOS="673" WIDTH="208" HEIGHT="22" WC="0.92" CONTENT="kontorsskrifvaren"/><SP WIDTH="16" VPOS="673" HPOS="697"/>
							<String ID="string_127" HPOS="713" VPOS="673" WIDTH="25" HEIGHT="22" WC="0.91" CONTENT="O."/><SP WIDTH="15" VPOS="673" HPOS="738"/>
							<String ID="string_128" HPOS="753" VPOS="673" WIDTH="110" HEIGHT="26" WC="0.92" CONTENT="Pesonius,"/><SP WIDTH="18" VPOS="673" HPOS="863"/>
							<String ID="string_129" HPOS="881" VPOS="673" WIDTH="3" HEIGHT="21" WC="0.96" CONTENT="i"/><SP WIDTH="16" VPOS="673" HPOS="884"/>
							<String ID="string_130" HPOS="900" VPOS="673" WIDTH="94" HEIGHT="21" WC="0.96" CONTENT="Joensuu"/><SP WIDTH="15" VPOS="673" HPOS="994"/>
							<String ID="string_131" HPOS="1009" VPOS="672" WIDTH="23" HEIGHT="21" WC="0.96" CONTENT="af"/>
						</TextLine>
						<TextLine ID="line_19" HPOS="279" VPOS="705" WIDTH="752" HEIGHT="30">
							<String ID="string_132" HPOS="279" VPOS="705" WIDTH="108" HEIGHT="22" WC="0.93" CONTENT="Kassören"/><SP WIDTH="22" VPOS="705" HPOS="387"/>
							<String ID="string_133" HPOS="409" VPOS="707" WIDTH="25" HEIGHT="20" WC="0.89" CONTENT="A."/><SP WIDTH="19" VPOS="707" HPOS="434"/>
							<String ID="string_134" HPOS="453" VPOS="707" WIDTH="32" HEIGHT="20" WC="0.92" CONTENT="W."/><SP WIDTH="17" VPOS="707" HPOS="485"/>
							<String ID="string_135" HPOS="502" VPOS="707" WIDTH="115" HEIGHT="27" WC="0.90" CONTENT="Savander,"/><SP WIDTH="16" VPOS="707" HPOS="617"/>
							<String ID="string_136" HPOS="633" VPOS="708" WIDTH="7" HEIGHT="21" WC="0.93" CONTENT="i"/><SP WIDTH="15" VPOS="708" HPOS="640"/>
							<String ID="string_137" HPOS="655" VPOS="707" WIDTH="89" HEIGHT="28" WC="0.92" CONTENT="Wiborg"/><SP WIDTH="14" VPOS="707" HPOS="744"/>
							<String ID="string_138" HPOS="758" VPOS="707" WIDTH="24" HEIGHT="22" WC="0.96" CONTENT="af"/><SP WIDTH="13" VPOS="707" HPOS="782"/>
							<String ID="string_139" HPOS="795" VPOS="707" WIDTH="108" HEIGHT="22" WC="0.93" CONTENT="Kassören"/><SP WIDTH="14" VPOS="707" HPOS="903"/>
							<String ID="string_140" HPOS="917" VPOS="707" WIDTH="23" HEIGHT="21" WC="0.90" CONTENT="L."/><SP WIDTH="16" VPOS="707" HPOS="940"/>
							<String ID="string_141" HPOS="956" VPOS="707" WIDTH="75" HEIGHT="27" WC="0.91" CONTENT="Jäger-"/>
						</TextLine>
						<TextLine ID="line_20" HPOS="279" VPOS="739" WIDTH="750" HEIGHT="29">
							<String ID="string_142" HPOS="279" VPOS="739" WIDTH="76" HEIGHT="28" WC="0.91" CONTENT="skiöld,"/><SP WIDTH="23" VPOS="739" HPOS="355"/>
							<String ID="string_143" HPOS="378" VPOS="741" WIDTH="6" HEIGHT="20" WC="0.96" CONTENT="i"/><SP WIDTH="22" VPOS="741" HPOS="384"/>
							<String ID="string_144" HPOS="406" VPOS="741" WIDTH="84" HEIGHT="27" WC="0.96" CONTENT="Kuopio"/><SP WIDTH="19" VPOS="741" HPOS="490"/>
							<String ID="string_145" HPOS="509" VPOS="741" WIDTH="23" HEIGHT="22" WC="0.93" CONTENT="af"/><SP WIDTH="20" VPOS="741" HPOS="532"/>
							<String ID="string_146" HPOS="552" VPOS="742" WIDTH="214" HEIGHT="21" WC="0.92" CONTENT="Kontorsskrifvaren"/><SP WIDTH="20" VPOS="742" HPOS="766"/>
							<String ID="string_147" HPOS="786" VPOS="742" WIDTH="24" HEIGHT="21" WC="0.90" CONTENT="O."/><SP WIDTH="20" VPOS="742" HPOS="810"/>
							<String ID="string_148" HPOS="830" VPOS="741" WIDTH="123" HEIGHT="27" WC="0.96" CONTENT="Wallenius,"/><SP WIDTH="16" VPOS="741" HPOS="953"/>
							<String ID="string_149" HPOS="969" VPOS="741" WIDTH="60" HEIGHT="22" WC="0.96" CONTENT="och"/><SP WIDTH="-12" VPOS="741" HPOS="1029"/>
							<String ID="string_150" HPOS="1017" VPOS="735" WIDTH="15" HEIGHT="37" WC="0.96" CONTENT="i"/>
						</TextLine>
						<TextLine ID="line_21" HPOS="278" VPOS="773" WIDTH="498" HEIGHT="25">
							<String ID="string_151" HPOS="278" VPOS="773" WIDTH="73" HEIGHT="22" WC="0.95" CONTENT="Kotka"/><SP WIDTH="15" VPOS="773" HPOS="351"/>
							<String ID="string_152" HPOS="366" VPOS="775" WIDTH="23" HEIGHT="21" WC="0.93" CONTENT="af"/><SP WIDTH="13" VPOS="775" HPOS="389"/>
							<String ID="string_153" HPOS="402" VPOS="777" WIDTH="15" HEIGHT="19" WC="0.93" CONTENT="t."/><SP WIDTH="16" VPOS="777" HPOS="417"/>
							<String ID="string_154" HPOS="433" VPOS="775" WIDTH="14" HEIGHT="21" WC="0.92" CONTENT="f."/><SP WIDTH="15" VPOS="775" HPOS="447"/>
							<String ID="string_155" HPOS="462" VPOS="776" WIDTH="108" HEIGHT="21" WC="0.93" CONTENT="Kassören"/><SP WIDTH="16" VPOS="776" HPOS="570"/>
							<String ID="string_156" HPOS="586" VPOS="776" WIDTH="26" HEIGHT="22" WC="0.96" CONTENT="G."/><SP WIDTH="16" VPOS="776" HPOS="612"/>
							<String ID="string_157" HPOS="628" VPOS="777" WIDTH="23" HEIGHT="21" WC="0.96" CONTENT="af"/><SP WIDTH="12" VPOS="777" HPOS="651"/>
							<String ID="string_158" HPOS="663" VPOS="777" WIDTH="113" HEIGHT="21" WC="0.97" CONTENT="Forselles."/>
						</TextLine>
					</TextBlock>
					<TextBlock ID="block_7" HPOS="278" VPOS="809" WIDTH="753" HEIGHT="193">
						<TextLine ID="line_22" HPOS="346" VPOS="809" WIDTH="683" HEIGHT="29">
							<String ID="string_159" HPOS="346" VPOS="809" WIDTH="43" HEIGHT="21" WC="0.93" CONTENT="För"/><SP WIDTH="12" VPOS="809" HPOS="389"/>
							<String ID="string_160" HPOS="401" VPOS="809" WIDTH="64" HEIGHT="28" WC="0.92" CONTENT="öfrigt"/><SP WIDTH="13" VPOS="809" HPOS="465"/>
							<String ID="string_161" HPOS="478" VPOS="810" WIDTH="38" HEIGHT="21" WC="0.93" CONTENT="har"/><SP WIDTH="11" VPOS="810" HPOS="516"/>
							<String ID="string_162" HPOS="527" VPOS="811" WIDTH="198" HEIGHT="27" WC="0.93" CONTENT="semesterledighet"/><SP WIDTH="11" VPOS="811" HPOS="725"/>
							<String ID="string_163" HPOS="736" VPOS="811" WIDTH="67" HEIGHT="21" WC="0.92" CONTENT="nnder"/><SP WIDTH="11" VPOS="811" HPOS="803"/>
							<String ID="string_164" HPOS="814" VPOS="816" WIDTH="108" HEIGHT="16" WC="0.93" CONTENT="somrarne"/><SP WIDTH="8" VPOS="816" HPOS="922"/>
							<String ID="string_165" HPOS="930" VPOS="810" WIDTH="23" HEIGHT="21" WC="0.93" CONTENT="af"/><SP WIDTH="7" VPOS="810" HPOS="953"/>
							<String ID="string_166" HPOS="960" VPOS="809" WIDTH="69" HEIGHT="22" WC="0.93" CONTENT="Bank-"/>
						</TextLine>
						<TextLine ID="line_23" HPOS="278" VPOS="841" WIDTH="751" HEIGHT="30">
							<String ID="string_167" HPOS="278" VPOS="841" WIDTH="134" HEIGHT="29" WC="0.93" CONTENT="fullmäktige"/><SP WIDTH="18" VPOS="841" HPOS="412"/>
							<String ID="string_168" HPOS="430" VPOS="844" WIDTH="98" HEIGHT="27" WC="0.92" CONTENT="beviljats"/><SP WIDTH="18" VPOS="844" HPOS="528"/>
							<String ID="string_169" HPOS="546" VPOS="845" WIDTH="176" HEIGHT="22" WC="0.92" CONTENT="föreständarene"/><SP WIDTH="18" VPOS="845" HPOS="722"/>
							<String ID="string_170" HPOS="740" VPOS="845" WIDTH="34" HEIGHT="22" WC="0.93" CONTENT="för"/><SP WIDTH="18" VPOS="845" HPOS="774"/>
							<String ID="string_171" HPOS="792" VPOS="845" WIDTH="105" HEIGHT="21" WC="0.92" CONTENT="kontoren"/><SP WIDTH="14" VPOS="845" HPOS="897"/>
							<String ID="string_172" HPOS="911" VPOS="844" WIDTH="118" HEIGHT="22" WC="0.93" CONTENT="merändels"/>
						</TextLine>
						<TextLine ID="line_24" HPOS="279" VPOS="876" WIDTH="751" HEIGHT="30">
							<String ID="string_173" HPOS="279" VPOS="876" WIDTH="28" HEIGHT="27" WC="0.93" CONTENT="pä"/><SP WIDTH="15" VPOS="876" HPOS="307"/>
							<String ID="string_174" HPOS="322" VPOS="877" WIDTH="47" HEIGHT="28" WC="0.90" CONTENT="fyra"/><SP WIDTH="15" VPOS="877" HPOS="369"/>
							<String ID="string_175" HPOS="384" VPOS="878" WIDTH="82" HEIGHT="27" WC="0.92" CONTENT="veckor,"/><SP WIDTH="13" VPOS="878" HPOS="466"/>
							<String ID="string_176" HPOS="479" VPOS="879" WIDTH="116" HEIGHT="27" WC="0.92" CONTENT="hvarjemte"/><SP WIDTH="11" VPOS="879" HPOS="595"/>
							<String ID="string_177" HPOS="606" VPOS="879" WIDTH="97" HEIGHT="22" WC="0.92" CONTENT="bemälde"/><SP WIDTH="10" VPOS="879" HPOS="703"/>
							<String ID="string_178" HPOS="713" VPOS="879" WIDTH="159" HEIGHT="22" WC="0.93" CONTENT="föreständares"/><SP WIDTH="9" VPOS="879" HPOS="872"/>
							<String ID="string_179" HPOS="881" VPOS="879" WIDTH="35" HEIGHT="21" WC="0.96" CONTENT="vid"/><SP WIDTH="9" VPOS="879" HPOS="916"/>
							<String ID="string_180" HPOS="925" VPOS="879" WIDTH="105" HEIGHT="21" WC="0.96" CONTENT="särskilda"/>
						</TextLine>
						<TextLine ID="line_25" HPOS="279" VPOS="911" WIDTH="752" HEIGHT="30">
							<String ID="string_181" HPOS="279" VPOS="911" WIDTH="97" HEIGHT="22" WC="0.92" CONTENT="tillfällen"/><SP WIDTH="15" VPOS="911" HPOS="376"/>
							<String ID="string_182" HPOS="391" VPOS="913" WIDTH="75" HEIGHT="27" WC="0.93" CONTENT="gjorda"/><SP WIDTH="14" VPOS="913" HPOS="466"/>
							<String ID="string_183" HPOS="480" VPOS="913" WIDTH="144" HEIGHT="28" WC="0.96" CONTENT="ansökningar"/><SP WIDTH="14" VPOS="913" HPOS="624"/>
							<String ID="string_184" HPOS="638" VPOS="920" WIDTH="34" HEIGHT="15" WC="0.93" CONTENT="om"/><SP WIDTH="15" VPOS="920" HPOS="672"/>
							<String ID="string_185" HPOS="687" VPOS="914" WIDTH="88" HEIGHT="21" WC="0.92" CONTENT="kortare"/><SP WIDTH="15" VPOS="914" HPOS="775"/>
							<String ID="string_186" HPOS="790" VPOS="913" WIDTH="43" HEIGHT="22" WC="0.93" CONTENT="tids"/><SP WIDTH="10" VPOS="913" HPOS="833"/>
							<String ID="string_187" HPOS="843" VPOS="913" WIDTH="158" HEIGHT="28" WC="0.91" CONTENT="tjenstledighet"/><SP WIDTH="8" VPOS="913" HPOS="1001"/>
							<String ID="string_188" HPOS="1009" VPOS="913" WIDTH="22" HEIGHT="21" WC="0.97" CONTENT="af"/>
						</TextLine>
						<TextLine ID="line_26" HPOS="278" VPOS="945" WIDTH="751" HEIGHT="30">
							<String ID="string_189" HPOS="278" VPOS="945" WIDTH="143" HEIGHT="29" WC="0.92" CONTENT="Fullmäktige"/><SP WIDTH="22" VPOS="945" HPOS="421"/>
							<String ID="string_190" HPOS="443" VPOS="947" WIDTH="89" HEIGHT="22" WC="0.92" CONTENT="bifallits"/><SP WIDTH="19" VPOS="947" HPOS="532"/>
							<String ID="string_191" HPOS="551" VPOS="949" WIDTH="55" HEIGHT="20" WC="0.92" CONTENT="samt"/><SP WIDTH="19" VPOS="949" HPOS="606"/>
							<String ID="string_192" HPOS="625" VPOS="949" WIDTH="92" HEIGHT="21" WC="0.92" CONTENT="vikarier"/><SP WIDTH="18" VPOS="949" HPOS="717"/>
							<String ID="string_193" HPOS="735" VPOS="948" WIDTH="33" HEIGHT="22" WC="0.93" CONTENT="för"/><SP WIDTH="18" VPOS="948" HPOS="768"/>
							<String ID="string_194" HPOS="786" VPOS="948" WIDTH="74" HEIGHT="27" WC="0.93" CONTENT="hvarje"/><SP WIDTH="18" VPOS="948" HPOS="860"/>
							<String ID="string_195" HPOS="878" VPOS="948" WIDTH="55" HEIGHT="27" WC="0.92" CONTENT="gäng"/><SP WIDTH="20" VPOS="948" HPOS="933"/>
							<String ID="string_196" HPOS="953" VPOS="947" WIDTH="76" HEIGHT="22" WC="0.92" CONTENT="tillför-"/>
						</TextLine>
						<TextLine ID="line_27" HPOS="278" VPOS="981" WIDTH="94" HEIGHT="21">
							<String ID="string_197" HPOS="278" VPOS="981" WIDTH="94" HEIGHT="21" WC="0.92" CONTENT="ordnats."/>
						</TextLine>
					</TextBlock>
				</ComposedBlock>
				<ComposedBlock ID="cblock_5" HPOS="345" VPOS="1035" WIDTH="684" HEIGHT="78">
					<TextBlock ID="block_8" HPOS="345" VPOS="1035" WIDTH="684" HEIGHT="78">
						<TextLine ID="line_28" HPOS="619" VPOS="1035" WIDTH="61" HEIGHT="27">
							<String ID="string_198" HPOS="619" VPOS="1035" WIDTH="12" HEIGHT="27" WC="0.90" CONTENT="8"/><SP WIDTH="15" VPOS="1035" HPOS="631"/>
							<String ID="string_199" HPOS="646" VPOS="1035" WIDTH="34" HEIGHT="21" WC="0.95" CONTENT="24."/>
						</TextLine>
						<TextLine ID="line_29" HPOS="345" VPOS="1085" WIDTH="684" HEIGHT="28">
							<String ID="string_200" HPOS="345" VPOS="1085" WIDTH="102" HEIGHT="21" WC="0.92" CONTENT="Förutom"/><SP WIDTH="15" VPOS="1085" HPOS="447"/>
							<String ID="string_201" HPOS="462" VPOS="1085" WIDTH="35" HEIGHT="21" WC="0.93" CONTENT="vid"/><SP WIDTH="15" VPOS="1085" HPOS="497"/>
							<String ID="string_202" HPOS="512" VPOS="1085" WIDTH="108" HEIGHT="28" WC="0.92" CONTENT="tillfälliga"/><SP WIDTH="10" VPOS="1085" HPOS="620"/>
							<String ID="string_203" HPOS="630" VPOS="1086" WIDTH="71" HEIGHT="22" WC="0.91" CONTENT="förfall"/><SP WIDTH="11" VPOS="1086" HPOS="701"/>
							<String ID="string_204" HPOS="712" VPOS="1086" WIDTH="65" HEIGHT="21" WC="0.91" CONTENT="hafva"/><SP WIDTH="10" VPOS="1086" HPOS="777"/>
							<String ID="string_205" HPOS="787" VPOS="1085" WIDTH="194" HEIGHT="27" WC="0.90" CONTENT="Bankfullmäktige"/><SP WIDTH="11" VPOS="1085" HPOS="981"/>
							<String ID="string_206" HPOS="992" VPOS="1091" WIDTH="37" HEIGHT="14" WC="0.93" CONTENT="un-"/>
						</TextLine>
					</TextBlock>
				</ComposedBlock>
				<ComposedBlock ID="cblock_6" HPOS="255" VPOS="1119" WIDTH="776" HEIGHT="29">
					<TextBlock ID="block_9" HPOS="255" VPOS="1119" WIDTH="776" HEIGHT="29">
						<TextLine ID="line_30" HPOS="255" VPOS="1119" WIDTH="776" HEIGHT="29">
							<String ID="string_207" HPOS="255" VPOS="1137" WIDTH="3" HEIGHT="4" WC="0.85" CONTENT="."/><SP WIDTH="19" VPOS="1137" HPOS="258"/>
							<String ID="string_208" HPOS="277" VPOS="1119" WIDTH="38" HEIGHT="22" WC="0.91" CONTENT="der"/><SP WIDTH="24" VPOS="1119" HPOS="315"/>
							<String ID="string_209" HPOS="339" VPOS="1119" WIDTH="155" HEIGHT="29" WC="0.91" CONTENT="nedanangifna"/><SP WIDTH="22" VPOS="1119" HPOS="494"/>
							<String ID="string_210" HPOS="516" VPOS="1120" WIDTH="56" HEIGHT="22" WC="0.93" CONTENT="tider"/><SP WIDTH="18" VPOS="1120" HPOS="572"/>
							<String ID="string_211" HPOS="590" VPOS="1121" WIDTH="87" HEIGHT="27" WC="0.91" CONTENT="ätnjutit"/><SP WIDTH="18" VPOS="1121" HPOS="677"/>
							<String ID="string_212" HPOS="695" VPOS="1121" WIDTH="95" HEIGHT="27" WC="0.96" CONTENT="ledighet"/><SP WIDTH="18" VPOS="1121" HPOS="790"/>
							<String ID="string_213" HPOS="808" VPOS="1119" WIDTH="47" HEIGHT="23" WC="0.91" CONTENT="från"/><SP WIDTH="15" VPOS="1119" HPOS="855"/>
							<String ID="string_214" HPOS="870" VPOS="1119" WIDTH="123" HEIGHT="28" WC="0.92" CONTENT="utöfningen"/><SP WIDTH="15" VPOS="1119" HPOS="993"/>
							<String ID="string_215" HPOS="1008" VPOS="1119" WIDTH="23" HEIGHT="21" WC="0.97" CONTENT="af"/>
						</TextLine>
					</TextBlock>
				</ComposedBlock>
				<ComposedBlock ID="cblock_7" HPOS="277" VPOS="1154" WIDTH="754" HEIGHT="269">
					<TextBlock ID="block_10" HPOS="277" VPOS="1154" WIDTH="167" HEIGHT="22">
						<TextLine ID="line_31" HPOS="277" VPOS="1154" WIDTH="167" HEIGHT="22">
							<String ID="string_216" HPOS="277" VPOS="1154" WIDTH="47" HEIGHT="22" WC="0.93" CONTENT="sina"/><SP WIDTH="15" VPOS="1154" HPOS="324"/>
							<String ID="string_217" HPOS="339" VPOS="1154" WIDTH="105" HEIGHT="22" WC="0.92" CONTENT="embeten:"/>
						</TextLine>
					</TextBlock>
					<TextBlock ID="block_11" HPOS="278" VPOS="1188" WIDTH="751" HEIGHT="96">
						<TextLine ID="line_32" HPOS="346" VPOS="1188" WIDTH="683" HEIGHT="26">
							<String ID="string_218" HPOS="346" VPOS="1189" WIDTH="24" HEIGHT="21" WC="0.96" CONTENT="år"/><SP WIDTH="21" VPOS="1189" HPOS="370"/>
							<String ID="string_219" HPOS="391" VPOS="1189" WIDTH="63" HEIGHT="21" WC="0.95" CONTENT="1891:"/><SP WIDTH="20" VPOS="1189" HPOS="454"/>
							<String ID="string_220" HPOS="474" VPOS="1190" WIDTH="173" HEIGHT="22" WC="0.95" CONTENT="undertecknade"/><SP WIDTH="17" VPOS="1190" HPOS="647"/>
							<String ID="string_221" HPOS="664" VPOS="1190" WIDTH="88" HEIGHT="22" WC="0.96" CONTENT="Donner"/><SP WIDTH="17" VPOS="1190" HPOS="752"/>
							<String ID="string_222" HPOS="769" VPOS="1196" WIDTH="75" HEIGHT="15" WC="0.96" CONTENT="senare"/><SP WIDTH="15" VPOS="1196" HPOS="844"/>
							<String ID="string_223" HPOS="859" VPOS="1189" WIDTH="62" HEIGHT="21" WC="0.96" CONTENT="delen"/><SP WIDTH="15" VPOS="1189" HPOS="921"/>
							<String ID="string_224" HPOS="936" VPOS="1188" WIDTH="23" HEIGHT="22" WC="0.96" CONTENT="af"/><SP WIDTH="13" VPOS="1188" HPOS="959"/>
							<String ID="string_225" HPOS="972" VPOS="1188" WIDTH="57" HEIGHT="26" WC="0.96" CONTENT="Juni,"/>
						</TextLine>
						<TextLine ID="line_33" HPOS="279" VPOS="1223" WIDTH="750" HEIGHT="28">
							<String ID="string_226" HPOS="279" VPOS="1224" WIDTH="49" HEIGHT="21" WC="0.95" CONTENT="hela"/><SP WIDTH="17" VPOS="1224" HPOS="328"/>
							<String ID="string_227" HPOS="345" VPOS="1224" WIDTH="45" HEIGHT="20" WC="0.96" CONTENT="Juli"/><SP WIDTH="19" VPOS="1224" HPOS="390"/>
							<String ID="string_228" HPOS="409" VPOS="1224" WIDTH="39" HEIGHT="21" WC="0.96" CONTENT="och"/><SP WIDTH="20" VPOS="1224" HPOS="448"/>
							<String ID="string_229" HPOS="468" VPOS="1225" WIDTH="68" HEIGHT="20" WC="0.97" CONTENT="större"/><SP WIDTH="16" VPOS="1225" HPOS="536"/>
							<String ID="string_230" HPOS="552" VPOS="1224" WIDTH="60" HEIGHT="22" WC="0.96" CONTENT="delen"/><SP WIDTH="19" VPOS="1224" HPOS="612"/>
							<String ID="string_231" HPOS="631" VPOS="1224" WIDTH="23" HEIGHT="22" WC="0.96" CONTENT="af"/><SP WIDTH="13" VPOS="1224" HPOS="654"/>
							<String ID="string_232" HPOS="667" VPOS="1224" WIDTH="92" HEIGHT="27" WC="0.93" CONTENT="Augusti"/><SP WIDTH="15" VPOS="1224" HPOS="759"/>
							<String ID="string_233" HPOS="774" VPOS="1224" WIDTH="102" HEIGHT="21" WC="0.92" CONTENT="mänader"/><SP WIDTH="15" VPOS="1224" HPOS="876"/>
							<String ID="string_234" HPOS="891" VPOS="1225" WIDTH="55" HEIGHT="19" WC="0.92" CONTENT="samt"/><SP WIDTH="15" VPOS="1225" HPOS="946"/>
							<String ID="string_235" HPOS="961" VPOS="1223" WIDTH="68" HEIGHT="21" WC="0.92" CONTENT="Meur-"/>
						</TextLine>
						<TextLine ID="line_34" HPOS="278" VPOS="1258" WIDTH="598" HEIGHT="26">
							<String ID="string_236" HPOS="278" VPOS="1264" WIDTH="49" HEIGHT="16" WC="0.96" CONTENT="man"/><SP WIDTH="16" VPOS="1264" HPOS="327"/>
							<String ID="string_237" HPOS="343" VPOS="1264" WIDTH="74" HEIGHT="15" WC="0.96" CONTENT="senare"/><SP WIDTH="16" VPOS="1264" HPOS="417"/>
							<String ID="string_238" HPOS="433" VPOS="1258" WIDTH="61" HEIGHT="21" WC="0.96" CONTENT="delen"/><SP WIDTH="16" VPOS="1258" HPOS="494"/>
							<String ID="string_239" HPOS="510" VPOS="1258" WIDTH="23" HEIGHT="22" WC="0.96" CONTENT="af"/><SP WIDTH="13" VPOS="1258" HPOS="533"/>
							<String ID="string_240" HPOS="546" VPOS="1259" WIDTH="50" HEIGHT="21" WC="0.96" CONTENT="Juni"/><SP WIDTH="16" VPOS="1259" HPOS="596"/>
							<String ID="string_241" HPOS="612" VPOS="1259" WIDTH="40" HEIGHT="21" WC="0.96" CONTENT="och"/><SP WIDTH="15" VPOS="1259" HPOS="652"/>
							<String ID="string_242" HPOS="667" VPOS="1259" WIDTH="49" HEIGHT="21" WC="0.96" CONTENT="hela"/><SP WIDTH="14" VPOS="1259" HPOS="716"/>
							<String ID="string_243" HPOS="730" VPOS="1258" WIDTH="45" HEIGHT="22" WC="0.93" CONTENT="Juli"/><SP WIDTH="15" VPOS="1258" HPOS="775"/>
							<String ID="string_244" HPOS="790" VPOS="1258" WIDTH="86" HEIGHT="26" WC="0.92" CONTENT="mänad;"/>
						</TextLine>
					</TextBlock>
					<TextBlock ID="block_12" HPOS="278" VPOS="1292" WIDTH="753" HEIGHT="131">
						<TextLine ID="line_35" HPOS="347" VPOS="1292" WIDTH="683" HEIGHT="27">
							<String ID="string_245" HPOS="347" VPOS="1292" WIDTH="24" HEIGHT="21" WC="0.95" CONTENT="är"/><SP WIDTH="16" VPOS="1292" HPOS="371"/>
							<String ID="string_246" HPOS="387" VPOS="1292" WIDTH="64" HEIGHT="22" WC="0.95" CONTENT="1892:"/><SP WIDTH="16" VPOS="1292" HPOS="451"/>
							<String ID="string_247" HPOS="467" VPOS="1293" WIDTH="173" HEIGHT="21" WC="0.96" CONTENT="undertecknade"/><SP WIDTH="15" VPOS="1293" HPOS="640"/>
							<String ID="string_248" HPOS="655" VPOS="1292" WIDTH="99" HEIGHT="22" WC="0.93" CONTENT="Lindelöf"/><SP WIDTH="14" VPOS="1292" HPOS="754"/>
							<String ID="string_249" HPOS="768" VPOS="1292" WIDTH="48" HEIGHT="22" WC="0.93" CONTENT="frän"/><SP WIDTH="16" VPOS="1292" HPOS="816"/>
							<String ID="string_250" HPOS="832" VPOS="1292" WIDTH="41" HEIGHT="22" WC="0.96" CONTENT="den"/><SP WIDTH="10" VPOS="1292" HPOS="873"/>
							<String ID="string_251" HPOS="883" VPOS="1292" WIDTH="12" HEIGHT="22" WC="0.96" CONTENT="7"/><SP WIDTH="12" VPOS="1292" HPOS="895"/>
							<String ID="string_252" HPOS="907" VPOS="1292" WIDTH="123" HEIGHT="27" WC="0.96" CONTENT="September"/>
						</TextLine>
						<TextLine ID="line_36" HPOS="278" VPOS="1326" WIDTH="753" HEIGHT="28">
							<String ID="string_253" HPOS="278" VPOS="1326" WIDTH="33" HEIGHT="22" WC="0.95" CONTENT="till"/><SP WIDTH="16" VPOS="1326" HPOS="311"/>
							<String ID="string_254" HPOS="327" VPOS="1327" WIDTH="40" HEIGHT="21" WC="0.95" CONTENT="den"/><SP WIDTH="19" VPOS="1327" HPOS="367"/>
							<String ID="string_255" HPOS="386" VPOS="1327" WIDTH="26" HEIGHT="21" WC="0.96" CONTENT="15"/><SP WIDTH="16" VPOS="1327" HPOS="412"/>
							<String ID="string_256" HPOS="428" VPOS="1326" WIDTH="100" HEIGHT="27" WC="0.96" CONTENT="Oktober,"/><SP WIDTH="14" VPOS="1326" HPOS="528"/>
							<String ID="string_257" HPOS="542" VPOS="1327" WIDTH="115" HEIGHT="27" WC="0.93" CONTENT="Stjernvall"/><SP WIDTH="10" VPOS="1327" HPOS="657"/>
							<String ID="string_258" HPOS="667" VPOS="1327" WIDTH="47" HEIGHT="22" WC="0.92" CONTENT="frän"/><SP WIDTH="16" VPOS="1327" HPOS="714"/>
							<String ID="string_259" HPOS="730" VPOS="1328" WIDTH="41" HEIGHT="21" WC="0.96" CONTENT="den"/><SP WIDTH="15" VPOS="1328" HPOS="771"/>
							<String ID="string_260" HPOS="786" VPOS="1327" WIDTH="29" HEIGHT="21" WC="0.96" CONTENT="20"/><SP WIDTH="15" VPOS="1327" HPOS="815"/>
							<String ID="string_261" HPOS="830" VPOS="1326" WIDTH="57" HEIGHT="22" WC="0.96" CONTENT="Mars"/><SP WIDTH="13" VPOS="1326" HPOS="887"/>
							<String ID="string_262" HPOS="900" VPOS="1326" WIDTH="32" HEIGHT="21" WC="0.96" CONTENT="till"/><SP WIDTH="15" VPOS="1326" HPOS="932"/>
							<String ID="string_263" HPOS="947" VPOS="1326" WIDTH="40" HEIGHT="21" WC="0.96" CONTENT="den"/><SP WIDTH="17" VPOS="1326" HPOS="987"/>
							<String ID="string_264" HPOS="1004" VPOS="1327" WIDTH="27" HEIGHT="21" WC="0.96" CONTENT="10"/>
						</TextLine>
						<TextLine ID="line_37" HPOS="278" VPOS="1360" WIDTH="751" HEIGHT="29">
							<String ID="string_265" HPOS="278" VPOS="1361" WIDTH="58" HEIGHT="26" WC="0.31" CONTENT="Juni,"/><SP WIDTH="23" VPOS="1361" HPOS="336"/>
							<String ID="string_266" HPOS="359" VPOS="1362" WIDTH="85" HEIGHT="20" WC="0.92" CONTENT="Donner"/><SP WIDTH="23" VPOS="1362" HPOS="444"/>
							<String ID="string_267" HPOS="467" VPOS="1360" WIDTH="46" HEIGHT="22" WC="0.96" CONTENT="från"/><SP WIDTH="25" VPOS="1360" HPOS="513"/>
							<String ID="string_268" HPOS="538" VPOS="1362" WIDTH="39" HEIGHT="20" WC="0.96" CONTENT="den"/><SP WIDTH="25" VPOS="1362" HPOS="577"/>
							<String ID="string_269" HPOS="602" VPOS="1362" WIDTH="26" HEIGHT="21" WC="0.96" CONTENT="12"/><SP WIDTH="19" VPOS="1362" HPOS="628"/>
							<String ID="string_270" HPOS="647" VPOS="1362" WIDTH="42" HEIGHT="27" WC="0.96" CONTENT="Maj"/><SP WIDTH="20" VPOS="1362" HPOS="689"/>
							<String ID="string_271" HPOS="709" VPOS="1362" WIDTH="33" HEIGHT="21" WC="0.96" CONTENT="till"/><SP WIDTH="16" VPOS="1362" HPOS="742"/>
							<String ID="string_272" HPOS="758" VPOS="1362" WIDTH="41" HEIGHT="20" WC="0.96" CONTENT="den"/><SP WIDTH="16" VPOS="1362" HPOS="799"/>
							<String ID="string_273" HPOS="815" VPOS="1362" WIDTH="27" HEIGHT="20" WC="0.96" CONTENT="29"/><SP WIDTH="15" VPOS="1362" HPOS="842"/>
							<String ID="string_274" HPOS="857" VPOS="1361" WIDTH="51" HEIGHT="21" WC="0.93" CONTENT="Juni"/><SP WIDTH="15" VPOS="1361" HPOS="908"/>
							<String ID="string_275" HPOS="923" VPOS="1360" WIDTH="106" HEIGHT="22" WC="0.96" CONTENT="äfvensom"/>
						</TextLine>
						<TextLine ID="line_38" HPOS="279" VPOS="1395" WIDTH="751" HEIGHT="28">
							<String ID="string_276" HPOS="279" VPOS="1396" WIDTH="69" HEIGHT="20" WC="0.96" CONTENT="större"/><SP WIDTH="15" VPOS="1396" HPOS="348"/>
							<String ID="string_277" HPOS="363" VPOS="1395" WIDTH="62" HEIGHT="21" WC="0.96" CONTENT="delen"/><SP WIDTH="15" VPOS="1395" HPOS="425"/>
							<String ID="string_278" HPOS="440" VPOS="1395" WIDTH="22" HEIGHT="21" WC="0.96" CONTENT="af"/><SP WIDTH="13" VPOS="1395" HPOS="462"/>
							<String ID="string_279" HPOS="475" VPOS="1396" WIDTH="90" HEIGHT="27" WC="0.96" CONTENT="Augusti"/><SP WIDTH="15" VPOS="1396" HPOS="565"/>
							<String ID="string_280" HPOS="580" VPOS="1396" WIDTH="40" HEIGHT="22" WC="0.96" CONTENT="och"/><SP WIDTH="16" VPOS="1396" HPOS="620"/>
							<String ID="string_281" HPOS="636" VPOS="1396" WIDTH="124" HEIGHT="27" WC="0.93" CONTENT="September"/><SP WIDTH="16" VPOS="1396" HPOS="760"/>
							<String ID="string_282" HPOS="776" VPOS="1396" WIDTH="107" HEIGHT="26" WC="0.91" CONTENT="mänader,"/><SP WIDTH="12" VPOS="1396" HPOS="883"/>
							<String ID="string_283" HPOS="895" VPOS="1397" WIDTH="55" HEIGHT="20" WC="0.93" CONTENT="samt"/><SP WIDTH="10" VPOS="1397" HPOS="950"/>
							<String ID="string_284" HPOS="960" VPOS="1395" WIDTH="70" HEIGHT="21" WC="0.92" CONTENT="Meur-"/>
						</TextLine>
					</TextBlock>
				</ComposedBlock>
				<ComposedBlock ID="cblock_8" HPOS="280" VPOS="1429" WIDTH="751" HEIGHT="23">
					<TextBlock ID="block_13" HPOS="280" VPOS="1429" WIDTH="751" HEIGHT="23">
						<TextLine ID="line_39" HPOS="280" VPOS="1429" WIDTH="751" HEIGHT="23">
							<String ID="string_285" HPOS="280" VPOS="1436" WIDTH="49" HEIGHT="15" WC="0.92" CONTENT="man"/><SP WIDTH="14" VPOS="1436" HPOS="329"/>
							<String ID="string_286" HPOS="343" VPOS="1436" WIDTH="75" HEIGHT="15" WC="0.45" CONTENT="sonarc"/><SP WIDTH="14" VPOS="1436" HPOS="418"/>
							<String ID="string_287" HPOS="432" VPOS="1429" WIDTH="80" HEIGHT="22" WC="0.86" CONTENT="hälfton"/><SP WIDTH="17" VPOS="1429" HPOS="512"/>
							<String ID="string_288" HPOS="529" VPOS="1423" WIDTH="21" HEIGHT="33" WC="0.85" CONTENT="af"/><SP WIDTH="16" VPOS="1423" HPOS="550"/>
							<String ID="string_289" HPOS="566" VPOS="1430" WIDTH="48" HEIGHT="22" WC="0.96" CONTENT="Juni"/><SP WIDTH="15" VPOS="1430" HPOS="614"/>
							<String ID="string_290" HPOS="629" VPOS="1430" WIDTH="40" HEIGHT="22" WC="0.96" CONTENT="och"/><SP WIDTH="14" VPOS="1430" HPOS="669"/>
							<String ID="string_291" HPOS="683" VPOS="1432" WIDTH="69" HEIGHT="20" WC="0.71" CONTENT="större"/><SP WIDTH="16" VPOS="1432" HPOS="752"/>
							<String ID="string_292" HPOS="768" VPOS="1430" WIDTH="63" HEIGHT="22" WC="0.70" CONTENT="delen"/><SP WIDTH="11" VPOS="1430" HPOS="831"/>
							<String ID="string_293" HPOS="842" VPOS="1430" WIDTH="24" HEIGHT="22" WC="0.77" CONTENT="af"/><SP WIDTH="6" VPOS="1430" HPOS="866"/>
							<String ID="string_294" HPOS="872" VPOS="1430" WIDTH="44" HEIGHT="22" WC="0.55" CONTENT="Juli"/><SP WIDTH="15" VPOS="1430" HPOS="916"/>
							<String ID="string_295" HPOS="931" VPOS="1429" WIDTH="100" HEIGHT="22" WC="0.96" CONTENT="månader"/>
						</TextLine>
					</TextBlock>
				</ComposedBlock>
				<ComposedBlock ID="cblock_9" HPOS="279" VPOS="1463" WIDTH="752" HEIGHT="29">
					<TextBlock ID="block_14" HPOS="279" VPOS="1463" WIDTH="752" HEIGHT="29">
						<TextLine ID="line_40" HPOS="279" VPOS="1463" WIDTH="752" HEIGHT="29">
							<String ID="string_296" HPOS="279" VPOS="1463" WIDTH="108" HEIGHT="22" WC="0.91" CONTENT="äfvensom"/><SP WIDTH="18" VPOS="1463" HPOS="387"/>
							<String ID="string_297" HPOS="405" VPOS="1463" WIDTH="45" HEIGHT="22" WC="0.92" CONTENT="frän"/><SP WIDTH="20" VPOS="1463" HPOS="450"/>
							<String ID="string_298" HPOS="470" VPOS="1464" WIDTH="40" HEIGHT="21" WC="0.96" CONTENT="den"/><SP WIDTH="19" VPOS="1464" HPOS="510"/>
							<String ID="string_299" HPOS="529" VPOS="1465" WIDTH="27" HEIGHT="21" WC="0.96" CONTENT="20"/><SP WIDTH="16" VPOS="1465" HPOS="556"/>
							<String ID="string_300" HPOS="572" VPOS="1464" WIDTH="89" HEIGHT="28" WC="0.96" CONTENT="Augusti"/><SP WIDTH="16" VPOS="1464" HPOS="661"/>
							<String ID="string_301" HPOS="677" VPOS="1464" WIDTH="33" HEIGHT="22" WC="0.96" CONTENT="till"/><SP WIDTH="16" VPOS="1464" HPOS="710"/>
							<String ID="string_302" HPOS="726" VPOS="1464" WIDTH="40" HEIGHT="22" WC="0.96" CONTENT="den"/><SP WIDTH="16" VPOS="1464" HPOS="766"/>
							<String ID="string_303" HPOS="782" VPOS="1464" WIDTH="28" HEIGHT="22" WC="0.96" CONTENT="23"/><SP WIDTH="20" VPOS="1464" HPOS="810"/>
							<String ID="string_304" HPOS="830" VPOS="1463" WIDTH="131" HEIGHT="29" WC="0.96" CONTENT="September,"/><SP WIDTH="15" VPOS="1463" HPOS="961"/>
							<String ID="string_305" HPOS="976" VPOS="1466" WIDTH="55" HEIGHT="19" WC="0.96" CONTENT="samt"/>
						</TextLine>
					</TextBlock>
				</ComposedBlock>
			</PrintSpace>
		</Page>
	</Layout>
</alto>
