1103 1700
456 136 29 24 U.
500 136 28 24 B.
546 149 24 8 -—
586 136 107 23 XXXII.
908 138 12 20 7

195 207 84 23 stånd”.
309 206 52 22 Med
381 207 115 28 anledning
517 207 65 21 häraf
600 206 99 22 framhöll
721 206 168 23 Bankutskottet
909 208 40 23 att,

195 241 66 21 ehuru
282 239 107 24 utskottet
403 242 81 27 ansåge
498 244 35 19 att
546 240 204 28 bankfullmäktiges
760 240 60 22 antal
833 240 117 22 tillsvidare

194 276 69 21 borde
282 275 65 22 blifva
369 276 47 27 fyra
438 276 51 21 eller
510 283 28 14 en
552 276 33 20 för
600 276 62 21 hvart
677 275 71 26 stånd,
771 274 106 22 utskottet
891 274 59 22 dock

194 310 48 21 icke
263 310 72 22 kunde
356 310 106 27 tillstyrka.
483 310 95 21 nämnda
597 310 148 27 bestämnings
765 308 111 22 införande
895 310 7 20 i
916 316 33 14 re-

193 344 124 28 glementet,
337 344 51 22 enär
402 344 61 22 detta
478 344 68 21 skulle
561 344 77 28 utgöra
654 351 27 14 en
695 344 146 27 begränsning
854 343 26 21 af
891 344 59 20 inne-

193 378 67 22 hållet
275 380 6 20 i
303 378 6 29 &
323 378 28 21 68
366 378 25 21 af
397 378 248 28 Landtdagsordningen
656 378 67 28 enligt
733 377 87 26 hvilken
829 377 120 22 Ständerna

193 412 37 22 vid
245 412 73 28 hvarje
333 412 104 28 landtdag
451 412 57 28 egde
519 412 85 26 besluta
614 419 38 14 om
660 412 82 22 antalet
752 411 196 27 bankfullmäktige.

194 446 115 22 Utskottet
331 447 95 27 föreslog
448 447 71 21 derför
539 450 33 18 att
586 446 13 29 8
616 451 26 23 53
657 448 6 20 i
679 446 142 28 reglementet
835 446 67 21 skulle
917 452 32 15 er-

193 481 56 21 hålla
264 481 93 27 följande
372 481 92 27 lydelse:
481 481 124 28 ,Styrelsen
620 481 26 21 af
656 481 103 21 Finlands
774 480 60 22 Bank
845 480 104 21 handhaf-

193 522 38 14 ves
244 515 25 21 af
275 515 132 26 Ständernas
417 515 199 28 Bankfullmäktige,
628 514 167 28 utsedde-jemte
805 514 144 28 Suppleanter

193 550 29 27 pä
244 550 44 21 sätt
309 550 248 27 Landtdagsordningen
579 549 157 22 föreskrifver*.
764 549 125 22 Utskottets
911 549 38 21 be-

192 584 110 21 tänkande
313 585 126 21 härutinnan
448 585 48 21 blef
502 585 25 21 af
533 585 121 21 Ständerna
664 584 33 21 till
706 584 42 26 alla
760 584 59 21 delar
828 583 120 28 godkändt,

193 619 42 20 och
251 619 37 21 det
303 619 24 21 af
339 619 119 21 Ständerna
472 622 95 25 antagna
579 619 141 27 reglementet
730 618 118 22 stadfästes
857 617 26 22 af
887 617 62 22 Hans

193 653 120 28 Kejserliga
328 653 101 27 Majestät
444 654 42 21 den
501 653 28 22 26
540 653 38 28 juli
591 654 59 27 1875.
672 653 146 22 Nästanförda
828 652 121 27 stadgande

193 688 115 21 återfinnes
330 689 6 20 i
358 687 13 28 $&
387 692 26 23 52
428 687 24 22 af
464 688 55 21 ännu
534 687 100 28 gällande
651 687 87 28 Nädiga
757 687 141 28 Reglemente
915 686 34 21 för

193 722 102 21 Finlands
310 722 61 21 Bank
385 722 26 21 af
421 722 43 21 den
478 727 28 22 27
519 722 45 27 juni
581 723 60 26 1878.
758 723 2 2 |

262 756 44 22 Vid
328 756 125 22 förberörda
477 757 53 26 1872
554 757 34 20 års
608 756 106 28 landtdag
735 757 78 26 utsågo
828 755 119 22 Ständerna

193 791 51 20 med
259 791 50 21 stöd
327 791 25 21 af
363 791 43 21 den
420 793 7 19 i
444 790 12 29 8
471 791 27 21 68
514 791 25 21 L.
555 791 27 21 O.
598 798 65 15 mom.
680 797 11 21 3
708 791 51 21 dem
773 790 98 27 inrymda
885 789 62 22 befo-

193 825 80 27 genhet
295 828 74 18 trenne
390 825 341 28 bankfullmäktige-suppleänter
752 825 34 21 för
800 825 62 20 hvart
876 824 70 24 stånd,

193 859 68 21 under
275 859 38 22 det
327 862 32 18 att
371 859 53 27 1867
435 859 33 21 års
479 859 125 28 förordning
614 859 116 22 fastställer
739 862 32 18 att
781 858 166 28 suppleanterna

193 893 62 21 skola
277 900 50 14 vara
345 894 43 21 två.
417 893 41 22 Till
472 900 83 19 samma
572 893 58 22 antal
644 900 48 15 som
707 893 37 21 vid
761 893 53 27 1872
829 893 35 20 års
879 892 68 23 landt-

193 928 43 27 dag
257 927 64 22 hafva
339 927 122 22 sedermera
476 927 341 28 bankfullmäktige-suppleanter
831 927 68 22 blifvit
914 929 33 19 ut-

193 962 69 21 sedda
279 962 36 21 vid
337 962 100 27 samtliga
458 962 168 22 ständermöten.
656 962 116 27 Ifrågasatt
794 961 38 22 har
846 961 19 27 ej
880 961 67 21 heller

192 996 70 21 blifvit
283 999 33 19 att
337 996 163 28 bestämningen
522 998 6 20 i
545 997 13 26 8
582 1002 26 15 10
622 996 26 21 af
658 996 140 21 merberörda
812 995 78 28 nådiga
904 995 43 21 för-

193 1031 91 26 ordning
299 1030 24 21 af
335 1030 43 21 den
391 1037 14 20 9
417 1031 115 21 december
547 1031 60 26 1867,
622 1031 135 21 beträffande
769 1030 81 21 antalet
860 1029 86 28 supple-

193 1068 60 18 anter
268 1065 33 21 för
316 1064 190 29 bankfullmäktige
521 1065 49 21 icke
584 1065 68 21 skulle
670 1067 3 20 i
688 1065 42 21 och
745 1065 51 21 med
810 1065 136 26 Landtdags-

193 1099 129 27 ordningens
337 1099 149 22 stadfästande
501 1099 96 28 upphört
612 1102 32 19 att
659 1106 51 14 vara
725 1099 107 28 gällande.
848 1116 2 2 .

261 1133 52 22 Med
328 1133 50 22 stöd
393 1133 24 21 af
429 1133 27 21 de
471 1134 7 20 i
492 1133 39 22 det
545 1133 132 28 föregående
691 1133 91 22 anförda
794 1133 152 22 sakförhällan-

192 1168 56 21 dena
262 1168 39 21 har
316 1167 107 22 utskottet
438 1167 47 22 icke
499 1168 82 22 kunnat
598 1167 56 22 finna
668 1168 29 22 de
711 1168 172 27 betänkligheter
897 1175 48 14 som

192 1204 58 19 inom
264 1202 120 28 Kejserliga
399 1202 94 22 Senaten
508 1202 88 22 uttalats
611 1209 52 15 vara
677 1202 119 28 grundade,
811 1206 52 20 utan
876 1203 69 21 måste

191 1237 96 21 tvärtom
308 1244 52 14 anse
380 1236 38 22 det
439 1237 123 27 uppenbart
584 1236 81 28 framgå
683 1244 24 14 ur
722 1237 131 27 stadgandet
868 1238 6 20 i
889 1236 13 29 &
916 1236 27 22 68

191 1271 26 21 L.
232 1270 77 22 O..att
322 1270 120 22 Ständerna
464 1278 41 20 ega
522 1270 175 28 grundlagsenlig
712 1271 43 21 rätt
770 1274 32 18 att
816 1274 48 18 utse
878 1271 66 21 bank-

191 1305 134 27 fullmäktige
345 1308 52 19 utan
418 1312 69 15 annan
509 1305 145 28 begränsning
668 1306 27 20 än
710 1306 42 21 den
767 1306 177 27 Landtdagsord-

191 1336 77 36 ningen
281 1336 42 36 ger
337 1340 37 22 vid
388 1340 92 22 handen.
510 1340 77 21 Denna
602 1340 140 27 uppfattning
756 1340 38 21 har
809 1340 64 21 äfven
887 1340 57 27 gjort

191 1375 34 27 sig
245 1373 101 28 gällande
366 1374 60 21 såväl
447 1375 6 20 i
468 1374 80 27 nådiga
562 1374 142 28 reglementet
719 1374 33 21 för
767 1374 101 22 Finlands
883 1374 61 22 Bank

191 1408 27 23 af.
234 1408 44 22 den
299 1408 28 22 26
343 1408 37 27 juli
397 1409 51 25 1885
465 1415 47 14 som
527 1410 31 20 uti
573 1411 73 24 senast
658 1404 139 37 stadfästade
812 1408 131 28 reglemente

191 1442 26 21 af
234 1442 43 21 den
299 1447 27 22 27
346 1442 44 28 juni
405 1443 60 26 1878,
488 1442 38 21 der
541 1446 52 18 utan
607 1443 67 27 något
691 1442 141 28 åberopande
846 1442 25 22 af
882 1442 11 28 $
907 1448 15 20 4
935 1444 8 20 i

259 1481 143 19 Bankutskottets
414 1482 110 18 betänkande
535 1482 38 18 N:o
585 1482 15 18 1.
