1103 1700
253 111 40 21 158
595 111 22 21 I"

296 179 70 20 Sedan
382 179 213 21 hofrättskanslisten
612 179 27 21 K.
650 182 56 18 samt
718 179 65 21 ofvan
794 179 98 22 bemälde
903 180 88 21 nämde-

224 214 49 21 män
296 212 72 23 blifvit
389 214 8 21 i
419 214 68 21 saken
509 214 69 21 hörda
601 213 40 22 och
661 214 33 27 sig
708 213 109 22 förklarat
832 212 108 23 äfvensom
956 214 34 25 W.

225 248 40 22 och
280 248 17 21 I.
313 250 119 25 yttermera
452 248 104 22 inlemnat
571 254 27 16 en
614 248 70 26 skrift,
700 248 48 22 deri
764 247 28 21 de
807 249 65 25 yrkat
886 254 77 16 ansvar
978 248 13 21 å

224 282 218 23 hofrättskanslisten
458 283 27 21 K.
500 282 34 22 för
550 283 36 21 det
600 283 44 21 han
661 282 70 22 såsom
744 282 130 22 ordförande
885 283 7 21 i
902 282 88 22 härads-

224 319 73 20 rätten
320 317 28 27 på
370 318 76 26 antydt
469 319 43 20 sätt
536 318 84 21 smädat
636 318 48 20 dem
700 319 58 20 samt
773 316 90 22 anhållit
878 318 32 20 att
924 316 67 22 blifva

225 352 130 27 godtgjorda
370 351 33 21 för
418 352 47 21 sina
481 352 117 21 kostnader
613 352 7 21 i
637 352 66 21 saken
719 352 50 21 med
786 352 42 21 600
843 352 67 26 mark,
921 350 70 22 öfver-

225 386 100 22 lemnade
348 386 109 22 hofrätten
480 392 77 21 genom
580 386 198 22 remissresolution
798 386 34 21 för
848 386 40 20 den
904 386 27 20 25
948 385 41 27 Maj

227 421 55 21 1892
302 420 156 27 handlingarna
474 420 34 22 till
524 420 268 22 advokatfiskalsembetet
806 420 35 22 för
856 419 135 22 anställande

226 454 25 22 af
264 454 41 22 den
321 454 68 28 talan,
405 454 87 22 hvartill
508 454 214 28 omständigheterna
736 454 74 22 kunde
826 454 117 22 föranleda.

295 488 42 22 Till
359 488 54 28 följd
437 488 64 22 häraf
524 489 84 27 androg
632 488 190 22 advokatfiskalen
845 488 32 22 uti
900 488 91 22 embets-

226 523 112 21 memorial
361 522 24 22 af
406 523 41 21 den
471 524 8 20 1
498 522 126 28 September
642 524 61 26 1892,
719 523 105 21 hurusom
839 522 151 22 häradsrätten

226 558 36 21 väl
284 557 57 22 varit
363 558 122 27 berättigad
508 560 33 20 att
564 558 2 21 i
586 558 156 27 sammanhang
758 558 50 21 med
823 557 130 28 pröfningen
969 556 23 22 af

226 592 37 21 L:s
278 592 40 21 och
333 591 54 22 hans
402 592 133 27 medparters
551 592 77 21 besvär
644 592 60 21 öfver
720 592 247 21 kommunalstämmans
983 591 7 20 i

226 626 27 21 R.
269 626 80 21 socken
373 625 163 28 ifrågavarande
559 626 71 21 beslut
645 627 52 26 ingå
712 626 7 22 i
736 626 134 21 bedömande
885 626 23 21 af
922 625 26 22 de
963 625 28 28 på

227 660 104 27 förslaget
354 661 104 26 uppförda
481 667 143 20 personernas
648 660 116 22 valbarhet
782 660 73 22 dertill
868 660 79 28 jemväl
962 660 28 27 på

227 695 67 21 andra
317 695 101 27 grunder,
435 697 27 19 än
486 695 48 22 dem
556 695 24 22 L.
596 695 40 22 och
654 695 55 22 hans
729 695 125 28 medparter
872 695 69 22 anfört
956 695 34 21 till

226 729 109 22 vinnande
351 729 25 22 af
389 729 90 28 ändring
494 729 8 22 i
516 736 82 15 samma
613 730 78 26 beslut,
702 730 113 21 äfvensom
831 729 70 22 utlåta
913 729 32 27 sig
956 735 35 15 om

228 763 27 22 de
277 764 191 27 omständigheter,
492 770 45 15 som
566 765 67 26 enligt
655 765 35 26 lag
712 764 74 22 kunde
809 763 96 28 förripga
927 764 64 21 deras

228 798 127 27 kompetens
378 799 33 20 till
433 799 93 20 nämnda
548 799 155 27 befattningar,
719 805 50 16 men
792 799 90 22 emedan
897 799 36 21 det
948 798 43 21 för-

227 831 102 23 hållande
352 835 33 19 att
407 833 27 21 de
456 833 13 21 å
491 833 148 27 ifrågakomna
661 833 83 28 förslag
760 833 108 27 uppförda
883 839 107 21 personer,

228 867 68 27 enligt
319 867 162 22 häradsrättens
503 867 146 27 förmenande,
664 873 47 16 som
730 868 58 21 dock
803 867 23 22 af
840 867 27 22 H.
883 868 38 21 och
937 867 52 21 hans

228 902 124 27 medparter
368 904 112 25 motsagts,
495 902 70 21 skulle
580 902 88 21 tillhöra
678 902 66 27 något
760 903 2 20 i
773 902 130 22 kommunen
914 901 77 22 befint-

228 936 39 27 ligt
289 937 64 26 parti,
371 937 48 21 icke
442 937 122 26 förringade
586 937 64 22 deras
673 937 113 27 egenskap
808 939 33 20 att
863 943 52 15 vara
937 938 54 19 rätt-

229 971 96 21 skaffens
341 971 40 21 och
392 971 19 27 ej
422 971 69 22 heller
501 971 135 22 annorlunda
646 971 118 22 inverkade
776 972 13 21 &
800 971 63 22 deras
873 971 118 26 valbarhet,

227 1005 59 22 helst
308 1004 152 23 häradsrätten
483 1006 48 21 icke
554 1012 36 15 ens
605 1006 114 27 uppgifvit,
734 1008 35 20 att
784 1006 68 27 sagda
867 1006 73 27 partis,
957 1011 34 16 om

228 1039 77 23 sådant
328 1040 137 27 förefunnits,
481 1040 99 22 ändamål
603 1041 39 21 och
665 1040 55 28 syfte
743 1041 59 22 varit
824 1041 92 26 osedligt
939 1040 53 21 eller

228 1075 63 26 eljest
313 1075 125 27 lagstridigt
458 1075 39 21 och
512 1075 115 26 utredning
642 1075 19 26 ej
677 1075 71 21 heller
762 1074 123 27 förebragts
901 1081 34 15 om
951 1074 40 22 och

228 1109 7 20 i
250 1109 57 21 hvad
323 1115 50 16 mon
388 1109 27 22 de
429 1109 29 28 på
473 1109 81 27 förslag
569 1109 106 27 uppförda
690 1115 136 22 personerna
838 1109 154 22 åstadkommit

229 1144 54 22 eller
298 1144 90 27 deltagit
403 1144 7 21 i
426 1144 26 21 de
468 1144 130 26 oordningar
612 1144 57 22 inom
685 1144 138 26 kommunen,
841 1150 45 15 som
903 1144 89 21 härads-

228 1180 72 20 rätten
317 1180 71 20 ansett
403 1180 77 20 stanna
489 1179 92 21 berörda
592 1179 58 27 parti
660 1178 33 22 till
704 1178 51 28 last,
767 1178 54 22 eller
831 1178 58 22 varit
900 1178 92 21 orsaken

229 1213 34 21 till
279 1213 26 21 de
321 1213 116 21 anmärkta
451 1213 165 27 rättegångarne
626 1213 54 22 eller
690 1212 74 22 blifvit
774 1212 100 22 sakfälda
883 1212 33 22 för
926 1212 67 27 något

228 1246 25 22 af
273 1247 26 22 de
323 1248 129 21 omnämnda
474 1248 97 26 brotten;
594 1250 22 25 ty
636 1248 40 21 och
692 1248 28 21 då
736 1247 155 22 häradsrätten
907 1246 86 22 således

228 1282 88 22 förfarit
330 1282 101 27 felaktigt
446 1282 54 27 deri,
511 1284 33 20 att
559 1282 154 22 häradsrätten
728 1283 48 20 mot
791 1281 129 28 stadgandet
934 1282 7 20 i
957 1282 12 21 3
981 1281 12 27 8

228 1318 29 20 24
271 1316 50 28 kap.
337 1317 26 21 R.
379 1316 25 22 B.
421 1316 43 22 fört
479 1317 6 21 i
500 1317 39 21 sitt
554 1317 42 21 slut
611 1317 22 21 in
650 1316 42 28 det,
707 1322 47 16 som
771 1316 35 22 till
821 1316 66 21 saken
897 1316 18 27 ej
927 1317 66 21 rätte-

228 1351 58 26 ligen
309 1351 75 26 hörde,
406 1351 83 27 yrkade
511 1350 185 23 advokatfiskalen
720 1352 14 20 å
757 1350 167 22 häradsrättens
943 1350 50 21 ord-

228 1384 99 29 förande,
343 1385 212 22 hofrättskanslisten
569 1385 34 27 K.,
614 1384 86 22 hvilken
717 1385 63 22 detta
795 1384 124 22 förfarande
935 1386 58 20 stan-

229 1420 56 21 nade
308 1420 33 22 till
365 1420 49 26 last,
437 1426 76 12 ansvar
536 1420 74 19 härför
630 1419 86 27 jemlikt
742 1420 26 20 12
792 1419 12 28 &
828 1420 9 20 1
863 1420 48 26 kap.
926 1419 26 21 R.
967 1418 26 22 B.
