1103 1700
5 211 64 11 [CEN

268 113 28 20 20

239 170 83 20 enskild
343 169 151 21 kreditanstalt
510 170 52 20 eller
578 168 24 22 af
615 170 65 20 annat
695 164 157 59 affärsföretag,
868 168 81 21 hvilket
965 174 35 14 an-

238 204 52 21 litar
304 204 72 21 kredit
390 204 7 21 i
413 204 105 21 Finlands
532 204 84 20 Bank.
606 200 12 36 «
877 214 55 8 oa

309 244 31 21 På
359 244 146 21 direktionens
526 219 100 51 pröfning
640 212 135 62 ankommer,
792 219 105 45 huruvida
913 242 87 26 tjenste-

237 285 51 15 man
304 279 6 21 i
326 278 84 22 banken
426 278 35 22 må
476 278 83 22 tillåtas
574 281 32 18 att
622 278 94 22 aflönadt
731 278 97 27 uppdrag
844 279 58 19 utom
916 276 84 21 banken

238 315 102 25 mottaga.

584 394 28 21 59
629 392 20 28 8.

309 452 98 21 Ansöker
429 452 90 21 medlem
539 451 23 21 af
579 451 135 21 direktionen
734 457 34 15 om
787 450 162 28 tjenstledighet
968 450 32 21 för

238 492 46 15 mer
304 488 25 19 än
347 486 36 21 två
398 486 102 21 månader
516 486 52 21 eller
584 486 107 21 erfordras
707 485 23 21 af
744 492 70 14 annan
830 484 63 22 orsak
909 484 91 21 vikaries

237 520 178 22 tillförordnande
437 520 33 22 för
493 521 73 25 längre
587 520 38 26 tid,
649 520 125 21 ankommer
793 520 38 20 det
849 519 28 27 på
897 518 103 22 Senatens

238 555 269 27 Ekonomiedepartement
532 556 39 24 att,
594 554 54 21 efter
677 554 37 21 det
736 553 194 27 bankfullmäktige
952 553 47 21 med

237 589 158 27 framställning
422 590 5 20 i
454 590 89 21 ärendet
568 589 120 26 inkommit,
712 589 121 21 detsamma
859 587 74 28 pröfva
961 587 39 21 och

237 624 82 27 afgöra.

309 664 48 21 Men
385 671 34 14 om
445 664 159 27 tjenstledighet
627 664 92 21 ansökes
742 663 53 22 eller
818 663 82 21 vikarie
923 667 77 16 annars

238 699 55 21 skall
320 699 146 21 tillförordnas
489 698 33 21 för
546 705 26 14 en
595 699 30 20 tid
649 699 23 20 af
692 699 37 20 två
751 698 105 21 månader
878 697 52 21 eller
953 697 48 20 der-

237 734 76 24 under,
329 733 125 22 ankommer
470 733 99 21 ärendets
585 733 100 27 pröfning
700 733 40 21 och
756 732 120 27 afgörande
891 731 28 27 på
934 731 66 20 bank-

237 767 142 27 fullmäktige.

309 809 58 20 Dock
382 809 35 20 må
432 809 135 20 direktionen
584 809 77 27 bevilja
676 809 92 20 medlem
784 807 24 22 af
821 808 125 21 densamma
958 807 41 20 till-

236 842 61 28 fällig
320 843 162 27 tjenstledighet
504 843 33 21 för
556 843 62 26 högst
638 849 25 15 en
683 843 66 21 vecka
770 843 39 21 och
830 841 73 22 dervid
919 841 81 21 inkalla

236 877 149 22 sekreteraren
408 877 52 22 eller
482 883 69 15 annan
575 877 23 21 af
620 877 97 22 bankens
736 877 67 26 högre
823 877 129 27 tjenstemän
968 879 30 18 att

236 912 69 21 under
327 912 57 21 tiden
408 912 6 21 i
435 912 133 21 direktionen
588 912 127 27 tjenstgöra;
735 912 89 21 hvarom
845 911 38 21 allt
901 911 98 20 anmälan

236 946 132 21 oförtöfvadt
384 947 39 20 bör
438 949 63 24 göras
516 947 40 20 hos
572 947 199 26 bankfullmäktige.

307 987 197 28 Bankfullmäktige
520 987 130 21 tillkommer
662 987 79 26 jemväl
757 989 39 24 att,
809 986 57 21 efter
881 985 36 21 det
929 985 70 21 direk-

236 1021 73 22 tionen
333 1021 47 21 med
403 1022 99 27 yttrande
522 1023 5 19 i
549 1022 89 21 ärendet
652 1021 119 26 inkommit,
788 1021 77 27 pröfva
881 1019 118 28 ansökning

236 1061 34 15 om
291 1056 160 27 tjenstledighet
469 1056 34 21 för
522 1056 206 21 bankkommissarie
748 1058 56 19 samt
819 1057 40 24 att,
876 1055 27 20 då
918 1055 24 20 så
958 1054 41 21 for-

236 1090 57 27 dras,
307 1090 101 21 förordna
423 1091 73 20 vikare
511 1093 33 18 att
559 1091 91 21 förrätta
663 1089 336 26 bankkommissariebefattning.

306 1130 103 28 Tillfällig
424 1131 94 27 ledighet
535 1131 32 21 för
584 1131 62 27 högst
662 1138 25 14 en
704 1131 66 21 vecka
787 1130 35 22 må
838 1129 55 22 dock
909 1129 90 27 beviljas

235 1164 208 22 bankkommissarie
462 1165 23 21 af
502 1166 141 26 direktionen,
659 1166 85 21 hvilken
765 1166 37 20 det
821 1164 132 22 tillkommer
969 1166 30 19 att

235 1199 6 20 i
263 1200 77 20 sådant
355 1200 44 25 fall,
417 1199 108 22 äfvensom
542 1200 51 27 eljes
609 1200 34 21 vid
659 1200 77 21 hinder
751 1200 23 21 af
788 1200 90 20 kortare
892 1198 107 27 varaktig-

235 1234 45 25 het,
305 1234 100 21 förordna
431 1234 68 26 någon
526 1234 96 22 bankens
645 1235 127 27 tjensteman
796 1236 34 19 att
853 1233 146 27 befattningen

235 1268 70 21 under
322 1268 57 21 tiden
395 1268 97 22 förrätta.

305 1308 107 22 Behöfver
431 1316 69 14 annan
521 1310 96 20 bankens
637 1310 127 26 tjensteman
781 1309 24 21 af
819 1316 26 14 en
862 1309 53 21 eller
929 1315 69 15 annan

234 1342 67 21 orsak
323 1343 95 26 ledighet
440 1343 46 21 från
506 1344 99 26 tjensten,
622 1344 123 21 ankommer
764 1344 38 21 det
821 1344 28 26 på
865 1343 134 21 direktionen

235 1378 32 19 att
288 1378 5 20 i
314 1378 88 20 ärendet
421 1378 84 21 besluta
525 1380 55 19 samt
595 1380 38 23 att,
650 1378 5 21 i
671 1378 103 22 händelse
790 1378 97 28 ledighet
903 1378 96 26 beviljas,

234 1410 103 22 förordna
353 1412 68 26 någon
439 1412 69 21 dertill
526 1412 86 27 lämplig
628 1419 85 20 person,
726 1413 56 21 helst
799 1414 58 20 inom
874 1412 81 25 verket,
969 1414 30 19 att

234 1444 95 27 tjensten
343 1446 69 21 urider
426 1446 120 28 ledigheten
562 1446 102 22 bestrida.
