1103 1700
332 120 75 22 Ständ.
424 120 50 22 Skr.
491 133 26 3 —
533 121 91 22 XXXII.
805 122 27 21 47

168 186 12 21 I
195 186 45 21 den
262 186 127 28 skrifvelse,
412 186 111 22 hvarmed
545 186 130 22 Ständerna
693 186 41 22 vid
752 188 53 20 1891
822 187 37 21 års

99 220 111 29 landtdag
220 220 37 22 till
267 220 72 22 Eders
349 220 132 29 Kejserliga
490 221 120 28 Majestäts
621 221 85 28 nådiga
716 221 146 21 stadfästelse

100 254 169 22 öfverlemnade
292 255 39 21 det
353 255 26 22 af
399 255 51 21 dem
472 257 102 27 antagna
593 263 47 21 nya
654 256 156 28 reglementet
825 256 37 21 för

99 289 110 21 Finlands
224 289 73 28 Bank,
313 289 124 22 framhöllo
453 290 129 21 Ständerna
597 290 41 21 vid
653 290 67 28 fråga
736 297 37 14 om
790 290 73 28 regle-

98 326 99 19 mentets
212 326 14 20 4
241 325 13 26 &
270 324 109 21 hurusom
395 324 111 22 särskilda
520 325 89 27 gånger
624 324 69 22 äfven
708 324 41 22 vid
759 325 103 21 nämnda

99 358 110 29 landtdag
231 358 45 22 den
298 358 61 28 åsigt
382 359 101 28 uttalats,
508 361 34 19 att
562 360 28 20 de
606 359 79 28 anslag
701 358 37 22 till
752 359 108 28 jordbru-

98 393 50 21 kets
170 393 176 28 upphjelpande,
369 393 107 21 tekniska
494 393 162 28 realskolorna,
674 393 128 21 dårvården
818 393 43 21 och

97 427 112 21 Finlands
229 427 154 28 Statskontor,
399 435 49 14 som
464 428 53 21 med
532 429 91 27 249,541
640 428 65 21 mark
721 428 89 28 årligen
826 430 36 18 ut-

97 462 71 28 ginge
189 462 52 21 från
263 462 112 22 Finlands
389 462 79 22 Banks
482 462 146 28 vinstmedel,
645 462 71 21 borde
732 462 129 22 öfverföras

97 497 29 28 pä
148 497 115 21 allmänna
283 496 151 22 statsfonden.
466 497 129 21 Ständerna
610 497 86 28 ansägo
714 497 51 26 ock,
782 499 34 19 att
832 504 28 14 en

97 531 65 29 dylik
177 531 142 29 öfverföring
333 538 56 14 vore
403 532 39 20 väl
457 531 134 28 motiverad,
606 531 29 21 dä
643 531 26 29 ju
680 531 102 21 nämnda
795 533 66 19 stats-

97 566 105 21 ändamål
223 566 51 21 icke
297 570 38 17 äro
357 566 26 22 af
403 566 160 22 beskaffenhet
586 568 34 19 att
644 566 110 21 särskildt
769 566 92 29 påkalla

96 600 125 22 understöd
243 601 26 21 af
288 601 97 27 banken,
407 601 42 21 och
468 601 150 21 statsverkets
636 600 112 29 ställning
764 608 96 14 numera

96 635 173 29 otvifvelaktigt
289 635 122 29 medgåfve
429 635 65 22 deras
510 635 148 22 bestridande
677 635 52 21 med
745 635 114 22 ordinarie

96 670 130 28 tillgångar.
257 670 12 21 I
283 670 86 29 nådiga
383 671 174 27 propositionen
572 670 37 21 till
631 671 54 21 1863
700 670 36 21 års
746 669 113 29 landtdag

96 705 118 28 angående
234 704 113 29 styrelsen
366 705 43 21 och
427 705 175 28 förvaltningen
617 705 27 21 af
656 704 112 22 Finlands
784 705 73 27 Bank,

95 739 66 21 hvari
185 739 114 21 förbehåll
320 739 99 28 gjordes,
442 741 35 20 att
500 740 111 28 anslagen
637 739 36 22 för
695 739 161 28 realskolorna,

92 773 136 28 jordbruket
250 773 43 22 och
315 773 133 28 dårvården,
472 774 109 29 omkring
598 775 93 27 176,600
707 773 71 28 mark,
796 777 63 18 ännu

94 808 127 21 tillsvidare
237 808 73 21 skulle
325 808 26 21 af
364 808 157 21 bankvinsten
535 809 63 28 utgå,
614 808 91 22 anföres
723 809 75 20 såsom
808 807 50 22 skäl

94 842 78 21 härför
187 843 27 21 de
229 845 62 19 stora
304 843 99 28 utgifter
418 843 140 21 statsverket
571 843 47 21 fått
631 843 129 21 vidkännas
773 849 84 22 genom

94 877 140 28 amortering
249 877 42 22 och
306 877 188 29 räntebetalning
510 878 12 21 å
538 877 27 22 de
576 877 38 22 till
624 877 233 28 krigskostnadernas

94 911 140 22 betäckande
249 912 54 21 åren
319 913 55 21 1855
390 912 43 21 och
451 913 54 21 1856
520 914 120 27 upptagna
651 912 39 21 lån
701 914 59 19 samt
772 918 84 21 genom

93 946 270 29 undsättningsåtgärder
389 947 41 20 vid
458 947 28 21 de
510 947 55 22 1856
588 947 43 21 och
658 947 52 21 1862
734 946 122 21 inträffade

93 981 65 21 svåra
174 981 171 21 missväxterna.
375 981 37 21 Då
427 981 66 21 dessa
508 981 50 21 skäl
573 981 51 21 icke
639 981 79 22 vidare
729 981 77 20 kunde
818 987 38 14 an-

93 1023 34 13 ses
149 1015 140 28 fullvigtiga,
313 1015 59 22 hade
394 1015 131 22 Ständerna
545 1018 57 19 trott
618 1015 38 28 sig
670 1015 56 22 böra
741 1015 65 28 gifva
820 1017 36 18 ut-

92 1049 66 29 tryck
173 1050 24 21 åt
212 1049 45 22 den
271 1049 164 30 förhoppning,
452 1053 34 18 att
500 1049 149 30 Regeringen
663 1049 74 22 skulle
747 1052 55 25 taga
813 1049 43 21 ini-

91 1084 69 21 tiativ
181 1085 37 20 till
239 1085 97 28 behörig
359 1085 81 28 åtgärd
460 1085 78 21 derom
554 1087 34 18 att
603 1084 156 22 nästnämnda
775 1084 81 27 anslag

92 1119 43 21 och
157 1119 110 28 derjemte
285 1119 68 21 äfven
368 1119 108 28 bidraget
491 1119 37 21 till
545 1119 174 21 Statskontoret
735 1118 76 22 blefve
826 1118 30 28 på

91 1153 156 21 statsfondens
262 1154 87 28 budget
365 1153 141 22 öfverförda.

159 1188 82 21 Såvidt
256 1188 129 21 Ständerna
399 1188 71 21 hafva
478 1188 36 28 sig
524 1188 92 27 bekant,
628 1188 41 21 har
679 1187 104 21 nämnda
794 1188 61 20 utta-

90 1222 68 22 lande
177 1222 50 22 icke
245 1222 115 22 föranledt
375 1223 73 27 något
462 1222 88 28 förslag
565 1222 38 21 till
618 1222 81 28 åtgärd
716 1221 53 21 från
785 1221 70 21 Sena-

90 1259 51 19 tens
161 1257 54 21 sida.
245 1257 37 21 Då
299 1256 127 29 anledning
444 1256 130 22 emellertid
588 1256 52 22 icke
655 1263 67 21 synes
740 1256 114 28 föreligga

90 1293 34 19 att
145 1291 155 22 bankvinsten
323 1293 64 27 tages
402 1291 9 21 i
426 1292 100 28 anspråk
540 1291 38 21 för
592 1290 178 29 ifrågavarande
786 1292 68 19 stats-

89 1326 76 27 behof,
188 1326 25 21 af
232 1326 79 22 hvilka
334 1326 39 21 det
394 1325 37 22 för
453 1326 109 21 tekniska
581 1325 157 21 realskolorna
758 1332 96 14 numera

89 1360 50 22 icke
154 1368 41 14 ens
209 1360 130 27 förefinnes,
355 1360 72 21 sedan
442 1360 46 21 alla
502 1360 106 21 läroverk
624 1359 26 22 af
663 1360 63 21 detta
738 1360 50 27 slag
800 1358 54 22 blif-

88 1395 35 21 vit
137 1394 119 29 indragna,
273 1394 42 22 och
331 1394 29 21 då
374 1394 180 29 bestämningen
570 1402 38 14 om
623 1394 111 28 anslagen
750 1394 37 21 för
797 1393 56 21 real-

88 1429 112 28 skolorna,
222 1428 136 29 jordbruket
380 1428 43 22 och
440 1428 129 22 dårvården
584 1428 158 29 uttryckligen
761 1427 91 21 beteck-
