1103 1700
485 115 21 21 II
822 116 26 21 59

186 182 75 28 Enligt
284 182 56 22 hvad
361 182 139 22 förestäende
514 183 92 22 tabeller
621 183 76 27 utvisa,
714 183 40 22 har
769 178 47 27 Äbo
831 182 45 23 hof-

119 218 45 20 rätt
180 216 33 22 för
229 217 27 21 de
279 219 86 19 senaste
388 217 180 27 gvingvennierna
590 217 24 21 af
637 217 163 28 ifrågavarande
825 218 52 22 tids-

115 251 76 27 period
214 253 33 19 att
268 252 89 26 uppvisa
381 258 25 14 en
430 252 122 27 minskning
566 252 7 21 i
589 252 104 22 balansen
717 252 33 22 för
773 252 26 22 de
814 252 62 22 civila

115 286 78 26 mälen,
209 291 55 21 men,
280 286 77 21 liksom
374 286 100 27 Wiborgs
489 286 89 27 hofrätt,
594 292 26 16 en
634 286 47 22 icke
691 286 119 28 obetydligt
820 287 56 21 ökad

115 320 78 22 balans
209 320 34 21 för
257 320 110 27 brottmäl,
383 320 77 22 medan
476 321 98 21 deremot
590 321 103 21 balansen
709 320 34 22 för
755 322 65 21 Wasa
830 321 46 22 hof-

115 356 44 20 rätt
178 354 93 28 afgjordt
291 360 59 16 mera
365 354 64 22 ökats
444 354 33 22 för
493 354 26 22 de
534 355 64 22 civila
614 355 69 22 mälen
698 357 27 19 än
742 355 34 22 för
792 356 26 21 de
833 356 43 21 kri-

115 388 85 22 minela.

184 423 145 28 Vexlingarna
344 424 6 21 i
366 424 28 21 de
409 424 7 21 i
432 424 136 22 hofrätterna
583 424 127 22 förekomna
724 424 81 22 mälens
816 424 59 22 antal

115 459 37 21 äro
175 458 109 27 sjelffallet
307 458 104 28 liktydiga
435 458 47 22 med
506 465 24 15 en
554 458 151 22 motsvarande
728 458 80 28 ökning
823 458 53 22 eller

115 492 121 28 minskning
252 493 6 21 i
275 493 40 21 den
339 492 187 28 arbetsgvantitet,
550 498 44 16 som
612 493 55 21 varit
683 499 25 15 en
726 492 52 22 hvar
793 493 23 21 af
830 492 45 22 hof-

115 528 108 20 rätternas
239 526 120 23 ledamöter
374 526 96 28 förelagd
488 530 32 19 att
536 529 104 25 prestera.

185 561 48 22 Men
257 561 40 22 den
320 561 148 28 föreliggande
491 562 123 22 statistiken
638 562 83 21 utvisar
741 562 86 27 jemväl,
843 564 32 19 att

115 596 62 22 äfven
195 597 104 27 mängden
316 597 24 21 af
353 597 38 22 det
406 597 81 28 arbete,
499 596 145 22 hofrätternas
656 597 118 21 ledamöter
785 596 89 22 faktiskt

115 631 74 26 utfört,
206 631 6 21 i
228 631 123 27 allmänhet,
368 631 129 22 ätminstone
512 631 145 27 närmelsevis,
673 631 48 27 följt
736 631 137 27 vexlingarna

115 665 23 21 ät
153 665 7 21 i
176 666 105 27 mängden
297 666 24 21 af
335 666 26 21 de
377 666 48 27 mål,
449 666 73 22 hvilka
537 665 107 28 förelegat
660 665 32 22 till
707 665 166 27 handläggning.

115 699 40 22 Vid
172 706 26 15 en
214 700 67 21 sädan
297 701 86 27 plötslig
400 701 39 21 och
455 701 60 22 stark
530 701 81 26 ökning
626 701 6 20 i
649 700 26 21 de
690 699 184 28 anhängiggjorda

114 734 82 21 mälens
219 735 66 26 antal,
309 741 45 16 som
371 737 15 20 t.
403 741 33 16 ex.
459 735 151 27 gvingvenniet
632 735 140 21 1866—1870
788 734 38 21 har
842 735 32 20 att

114 769 90 27 uppvisa
220 769 6 21 i
243 769 43 22 alla
301 769 114 28 hofrätter,
431 770 51 27 höja
500 770 32 27 sig
548 769 92 22 sälunda
656 769 39 22 ock
710 769 105 27 betydligt
830 768 43 21 siff-

114 809 65 16 rorna
202 803 33 22 för
259 804 36 22 det
318 805 58 21 antal
400 805 49 26 mäl,
473 811 46 15 som
536 804 6 21 i
557 804 132 27 genomsnitt
703 809 39 22 per
756 803 117 22 ledamot
859 799 16 37 i

115 837 134 22 hofrätterna
264 837 96 29 afgjorts.

183 872 46 22 Den
245 873 119 22 successiva
380 873 111 21 allmänna
506 873 112 21 tillväxten
634 872 6 21 i
657 872 25 22 de
693 871 35 22 vid
738 871 135 22 hofrätterna

114 906 182 28 anhängiggjorda
311 907 82 22 mälens
408 908 58 21 antal
483 907 68 22 under
566 907 103 27 perioden
682 907 141 21 1843—1890
833 906 39 21 har

114 941 120 22 emellertid
258 941 31 22 tid
310 941 55 22 efter
380 948 70 15 annan
467 941 179 28 nödvändiggjort
661 947 26 16 en
703 941 81 27 ökning
799 940 23 22 af
836 947 36 14 an-

114 975 53 22 talet
183 975 118 23 ledamöter
318 977 7 20 i
341 976 142 22 hofrätterna.
514 976 66 21 Detta
596 976 58 21 antal
669 975 40 22 har
720 976 34 21 vid
766 975 26 22 de
802 975 71 22 skilda

113 1009 136 23 hofrätterna
264 1011 63 21 varit:
339 1012 18 26 1)

148 1067 8 17 I
169 1061 41 24 Åbo
223 1068 76 19 hofrätt.
405 1069 7 17 I
427 1069 57 18 Wasa
496 1069 78 18 hofrätt.
653 1068 6 17 I
672 1067 87 23 Wiborgs
772 1067 77 18 hofrätt.

113 1101 50 24 Åren
179 1108 114 18 1843—1870
305 1123 4 3 .
323 1110 20 17 14
376 1103 50 24 Åren
440 1109 132 18 1848—1870
571 1097 13 40 .
598 1110 10 16 7
638 1103 49 23 Åren
701 1107 129 18 1843—1870
825 1097 11 40 .
852 1107 21 17 10

137 1156 7 8 »
179 1143 130 18 1871—1882
302 1139 10 29 .
324 1145 20 16 17
398 1158 8 8 n»
442 1144 130 17 1871—1888.
596 1143 11 17 9
655 1156 8 9 n
701 1142 130 18 1871—1882.
852 1142 20 17 18

137 1190 8 8 »
179 1178 114 18 1888—1890
306 1192 3 3 .
324 1178 20 18 19
399 1192 8 8 =,
442 1178 187 22 1889—1890.149
654 1191 8 8 ,
703 1176 128 18 1883—1890.
852 1176 20 17 18

182 1235 15 22 2)
210 1235 149 18 Vidkommande
379 1236 22 17 de
420 1235 98 21 hofrätter,
535 1235 33 18 der
583 1235 60 17 under
655 1234 43 18 hela
711 1234 45 18 eller
769 1232 60 24 någon
842 1233 29 18 del

112 1262 20 18 af
143 1263 144 23 ifrågavarande
305 1264 83 23 tidrymd
406 1264 138 23 vicepresident
562 1263 77 22 funnits,
659 1265 20 16 är
697 1263 55 18 äfven
765 1262 60 18 denne
837 1262 35 18 här

112 1294 95 21 upptagen
220 1292 57 18 bland
290 1292 133 19 ledamöterne.

181 1321 15 23 ?)
209 1321 41 18 Den
263 1322 70 22 ökning
345 1322 21 18 af
377 1322 71 18 antalet
460 1322 104 17 ledamöter
579 1321 2 17 i
595 1321 59 18 Wasa
665 1320 77 22 hofrätt,
756 1325 38 13 som
808 1319 63 19 ofvan-

111 1350 78 18 stående
202 1350 52 18 siffra
267 1351 89 23 angifver,
369 1352 22 17 är
403 1356 23 13 en
439 1350 49 23 följd
501 1350 58 22 deraf,
572 1352 29 16 att
613 1350 31 18 vid
657 1349 86 19 bemälda
755 1348 71 19 hofrått
838 1353 32 13 un-

111 1379 33 18 der
157 1378 44 19 åren
217 1380 43 17 1889
273 1380 35 18 och
322 1380 45 18 1890
379 1380 49 18 varit
441 1379 83 19 inrättad
537 1384 23 13 en
573 1379 114 23 provisionel
701 1378 78 18 division
789 1378 50 24 utom
849 1377 22 18 de

111 1407 36 22 två,
161 1407 11 19 &
184 1408 65 18 hvilka
268 1409 80 17 nämnda
365 1409 74 18 hofrätt
456 1408 60 22 enligt
533 1407 69 23 nådiga
620 1408 132 22 förordningen
770 1406 20 18 af
801 1406 35 18 den
850 1407 22 17 10

110 1436 79 18 Januari
204 1437 44 17 1870
261 1437 72 18 utöfvat
346 1438 28 17 sin
388 1437 202 19 domareverksamhet.
