1103 1700
288 124 27 21 34
490 124 76 22 Ständ.
582 125 51 21 Skr.
652 137 25 3 —
693 126 90 22 XXXIL

571 190 45 22 VI
630 190 72 22 KAP,

480 253 43 23 Om
538 254 256 22 diskontkomitéerna.

608 318 28 21 64
652 318 19 26 8.

325 363 151 21 Komiterade
499 363 66 21 skola
587 363 69 21 ställa
673 364 37 28 sig
726 364 38 21 till
779 363 156 22 efterrättelse
951 364 64 21 såväl

255 396 64 22 detta
335 397 143 28 reglemente
494 404 50 14 som
559 397 62 21 hvad
636 397 214 29 bankfullmäktige
865 398 56 22 eller
937 398 75 22 direk-

255 432 81 20 tionen
358 432 9 20 i
390 432 72 28 öfrigt
484 432 81 21 kunna
584 432 64 21 finna
663 432 83 28 nödigt
762 434 34 20 att
811 432 9 22 i
835 432 108 22 afseende
958 434 13 20 å
987 433 28 21 de

255 466 30 28 på
299 466 144 22 komiterade
458 466 170 22 ankommande
644 466 107 28 åtgärder
766 466 147 23 föreskrifva.

323 500 138 22 Komiterad
479 502 37 20 må
532 501 20 29 ej
568 508 64 21 yppa
647 502 77 27 något,
742 509 50 14 som
808 502 72 28 angår
895 502 117 21 enskildes

255 535 240 21 kreditförhållanden
510 536 9 20 i
535 536 99 21 banken.

604 601 28 20 65
648 601 19 25 8.

322 645 208 21 Diskontkomitén
546 646 182 21 sammanträder
744 647 29 28 på
788 646 42 27 tid,
842 653 49 14 som
903 645 25 22 af
936 646 76 21 direk-

253 679 81 21 tionen
349 680 30 28 på
395 679 115 22 komiténs
526 679 89 29 förslag
630 680 146 22 bestämmes.

324 713 44 22 Vid
390 714 200 21 sammanträdena
610 714 136 29 föredragas
766 715 117 21 ärendena
898 715 26 21 af
936 715 72 21 bank-

251 749 185 27 kommissarien,
460 756 49 14 som
532 749 8 21 i
562 749 96 22 korthet
679 750 128 21 antecknar
828 749 28 22 de
871 749 139 22 förevordna

251 783 117 21 ärendena
387 783 72 28 jemte
482 783 28 22 de
532 784 9 21 i
564 783 51 22 dem
638 783 88 22 fattade
749 784 108 21 besluten
876 784 8 21 i
899 784 111 21 särskildt

250 818 127 28 memorial,
400 818 92 21 hvilket
514 818 40 21 vid
576 818 82 29 hvarje
681 818 182 22 sammanträdes
887 819 46 20 slut
948 819 60 21 skall

250 853 172 21 undertecknas
444 852 26 22 af
484 853 45 21 alla
544 853 58 27 dem,
619 860 49 14 som
684 853 8 21 i
708 852 181 22 sammanträdet
904 853 105 28 deltagit.

249 887 80 29 Yppas
352 887 170 29 skiljaktighet,
544 895 54 14 vare
622 887 44 22 den
689 888 62 28 åsigt
766 887 115 29 gällande,
898 895 48 14 som
962 895 48 14 om-

249 922 72 21 fattas
344 922 26 21 af
391 922 27 21 de
440 922 67 21 flesta
524 925 112 24 rösterna,
652 922 43 21 och
711 922 45 21 den
771 921 125 22 förefallna
911 925 96 18 omröst-

249 957 88 28 ningen
355 957 60 21 skall
431 957 125 21 antecknas
572 957 8 21 i
596 957 149 21 memorialet.

318 991 47 22 Vid
386 991 79 22 förfall
488 991 56 22 eller
564 991 38 29 jäf
622 991 36 22 för
676 991 136 29 någondera
827 990 26 22 af
866 991 143 21 komiterade

248 1026 100 21 inkallas
371 1027 8 20 i
401 1026 58 21 hans
482 1026 68 21 ställe
573 1026 130 28 suppleant.
733 1021 34 26 Är
782 1025 225 22 bankkommissarie

245 1060 78 29 jäfvig
346 1061 56 21 eller
422 1065 24 17 är
462 1060 82 22 endast
562 1068 28 13 en
606 1060 131 22 komiterad
752 1061 8 21 i
776 1059 96 22 tillfälle
887 1062 34 19 att
934 1059 73 29 jemte

248 1095 75 22 denne
347 1095 92 29 deltaga
462 1096 8 21 i
492 1095 112 29 pröfning
627 1095 25 21 af
671 1095 91 28 ärende,
780 1095 47 21 kan
844 1094 125 21 detsamma
984 1094 26 21 af

248 1131 41 21 två
305 1129 98 29 afgöras,
421 1138 35 14 om
473 1130 28 22 de
517 1133 39 18 äro
572 1137 37 14 om
625 1130 102 21 beslutet
743 1137 62 15 ense.

554 1234 58 21 VII
626 1234 71 22 KAP.

480 1296 42 23 Om
537 1297 107 22 bankens
660 1297 114 23 revision.

593 1361 27 21 66
636 1361 20 26 8.

313 1405 156 22 Revisorerna
477 1405 175 28 sammanträda,
660 1406 30 28 på
698 1406 98 21 kallelse
802 1405 26 22 af
834 1404 170 22 bankfullmäk-

243 1439 57 29 tige,
312 1440 6 21 i
322 1440 148 28 Helsingfors
478 1444 74 18 första
559 1440 102 28 heigfria
668 1440 101 28 måndag
778 1439 60 22 efier
848 1439 45 22 den
899 1440 28 22 10
934 1439 69 22 Mars.
