1103 1700
139 489 61 45 Till
230 489 169 45 Finlands
427 488 203 57 Höglofliga
657 488 157 45 Ständer

387 593 55 28 från
457 593 171 34 Delegationen
644 592 39 29 för
698 593 154 34 uppresande

355 633 25 28 af
400 640 28 21 en
449 633 99 28 ärestod
567 633 36 28 till
618 633 133 28 åminnelse
765 633 25 28 af
801 633 51 35 Kej-

355 673 237 29 saren-Storfursten
612 673 136 28 Alexander
768 673 24 28 II.

167 755 68 21 Sedan
252 754 158 21 Prästeständet
425 754 34 21 vid
477 756 51 19 1891
548 754 34 21 ärs
598 754 99 27 landtdag
707 754 32 21 till
750 754 32 21 sin
792 761 62 20 supp-

98 788 57 23 leant
177 791 66 20 utsett
261 788 128 27 professorn,
410 788 90 21 friherre
520 789 24 20 E.
564 789 25 21 G.
609 789 86 20 Palmén
715 789 5 20 i
737 789 71 21 stället
822 789 32 21 för

97 823 122 28 professorn
234 823 19 22 J.
269 823 79 26 Krohn,
364 823 84 21 hvilken
464 823 48 21 med
522 823 68 21 döden
602 823 71 26 afgätt,
685 823 39 21 och
734 823 121 26 professorn

100 859 24 20 A.
140 858 79 21 Genetz
235 858 7 21 i
257 857 70 22 stället
342 857 33 22 för
391 857 122 27 professorn
524 858 19 21 J.
555 858 107 25 Forsman,
674 857 84 22 hvilken
768 857 88 22 befriats

98 893 47 20 frän
167 892 118 27 uppdraget
305 892 26 27 pä
351 892 68 27 grund
439 891 23 22 af
480 894 32 19 att
529 892 41 21 han
586 891 61 22 äfven
663 892 22 21 af
699 892 157 21 Bondeständet

98 929 77 19 utsetts
190 927 31 20 till
240 927 117 26 suppleant,
377 928 54 19 samt
447 926 157 22 Bondeständet
618 927 33 20 till
666 927 31 20 sin
713 926 65 21 andre
793 933 63 20 supp-

99 962 57 21 leant
171 962 7 21 i
193 961 117 26 ledigheten
321 961 54 21 efter
386 961 166 26 borgmästaren,
564 961 119 21 sedermera
693 963 99 19 senatorn
799 961 20 21 J.
830 961 25 21 G.

101 996 106 26 Sohlman,
223 1002 45 15 som
284 995 73 27 afgätt,
373 997 66 19 utsett
454 995 121 27 professorn
590 995 32 21 El.
638 995 92 27 Aspelin,
746 995 38 22 har
795 995 61 22 Dele-

99 1031 98 26 gationen
220 1030 66 21 under
308 1036 28 15 nu
355 1029 117 27 förgängna
492 1030 112 21 triennium
624 1031 88 26 utgjorts
728 1029 22 22 af
764 1029 92 28 följande

99 1065 116 21 ledamöter
230 1065 39 20 och
284 1064 141 27 suppleanter,
441 1064 105 27 nämligen
562 1063 42 22 för:

285 1127 207 26 Ridderskapet
507 1127 51 21 och
572 1127 101 21 Adeln:

169 1168 158 21 Ledamöter:
343 1168 115 21 statsrädet
472 1167 22 21 J.
511 1167 26 21 A.
553 1167 22 21 J.
591 1167 163 28 Pippingsköld,

342 1202 130 27 professorn,
492 1202 96 27 friherre
607 1202 32 20 M.
660 1202 29 21 W.
705 1202 29 27 af
746 1202 112 25 Schulten;

169 1237 176 27 Suppleanter:
362 1237 87 21 artisten
465 1236 41 28 Hj.
521 1236 174 27 Munsterhjelm,

360 1270 187 22 trafikdirektören
564 1270 22 21 C.
603 1270 25 21 G.
644 1270 184 28 Standertskjöld;

371 1332 220 22 Prästeständet:

170 1374 160 22 Ledamöter:
347 1374 114 21 statsrådet
476 1374 24 20 Z.
519 1373 107 27 Topelius,

345 1408 115 22 statsrädet
477 1407 40 22 Th.
533 1408 70 24 Rein;

171 1443 178 27 Suppleanter:
365 1442 129 27 professorn,
510 1442 95 27 friherre
620 1442 26 21 E.
664 1442 25 21 G.
704 1442 98 27 Palmen,

365 1476 123 28 professorn
504 1477 26 20 A.
548 1476 90 26 Genetz;
