1103 1700
478 102 23 21 II
805 103 41 20 133

108 172 97 21 deremot
221 171 76 27 gjorda
312 170 173 28 anmärkningar,
501 170 57 28 finge
574 170 64 22 sökas
654 170 67 27 enligt
737 170 41 22 den
794 171 6 21 i
816 171 12 27 $
846 171 26 21 16

108 205 23 22 af
144 205 244 27 Landtdagsordningen
404 204 60 27 gifna
478 204 120 28 anvisning,
614 204 65 27 följde
691 204 62 22 deraf
762 208 32 19 att
805 204 66 28 magi-

108 242 82 19 straten
213 239 35 21 vid
271 238 152 22 meddelandet
446 239 42 21 den
510 240 28 20 22
558 238 125 28 September
701 240 53 20 1887
770 239 24 21 af
808 239 64 21 ofvan

109 275 115 21 omordade
241 274 239 28 besvärsundervisning
496 274 100 22 förbisett
611 275 49 21 klar
675 275 36 27 lag
726 275 39 21 och
780 274 92 22 sälunda

107 309 58 27 gjort
180 309 32 27 sig
227 308 85 28 skyldig
327 309 33 21 till
375 308 50 28 grof
438 308 136 22 värdslöshet
589 309 7 21 i
608 309 126 27 utöfningen
750 309 24 21 af
786 309 33 21 sin
834 309 36 21 be-

107 342 100 27 fattning.
229 343 138 21 Beträffande
377 343 67 21 sedan
455 343 152 27 magistratens
618 343 125 21 förfarande
751 344 35 20 vid
795 343 76 27 sjelfva

108 376 192 28 valförrättningen
315 378 40 21 den
370 378 27 20 27
414 377 127 27 September
556 378 67 26 sagda
639 377 30 27 år,
685 378 56 21 hade
756 378 114 27 magistra-

108 413 35 19 ten
167 412 73 21 dervid
256 412 7 20 i
279 418 25 14 en
329 411 135 27 synnerligen
488 411 112 28 betänklig
615 412 53 27 grad
684 411 139 23 öfverskridit
838 411 32 22 sin

108 445 135 28 befogenhet,
265 447 24 25 ty
311 452 35 14 om
369 445 36 22 det
427 445 39 21 ock
481 446 33 21 uti
528 446 12 28 8
558 447 26 20 14
599 446 7 21 i
621 446 93 21 berörda
729 446 79 27 nådiga
823 445 51 22 bref

108 480 23 22 af
145 480 40 21 den
204 480 25 21 10
245 479 125 27 September
388 480 54 21 1884
457 480 119 21 förklarats
591 480 121 21 tillkomma
727 480 143 27 magistraten

109 516 32 20 att
156 514 74 27 pröfva
247 514 38 21 och
305 514 76 26 afgöra
396 514 43 21 alla
454 513 75 28 frägor
544 514 92 22 rörande
651 514 105 22 valsedels
771 514 99 27 giltighet

108 548 40 22 och
163 548 90 26 således,
269 548 65 21 bland
349 550 72 24 annat,
438 548 63 22 äfven
517 548 73 28 frågor
606 554 34 16 om
651 548 26 22 de
688 548 13 22 ä
711 548 95 22 valsedel
816 554 54 21 upp-

107 585 66 26 tagna
195 589 112 21 personers
329 583 113 21 valbarhet
458 585 56 19 samt
529 583 37 22 det
581 583 7 21 i
610 583 6 28 $
634 584 25 20 18
675 583 195 22 dersammastädes

108 617 124 22 förutsattes
255 619 33 20 att
311 617 140 27 magistraten
468 617 71 22 kunde
554 618 83 27 nödgas
653 617 24 22 af
691 624 26 15 en
733 618 52 21 eller
800 624 69 15 annan

108 651 63 22 orsak
186 651 117 27 uppskjuta
317 651 72 28 nägon
405 651 35 22 del
457 651 23 22 af
494 651 191 28 valförrättningen
700 652 35 21 till
749 654 67 19 annat
825 652 45 21 till-

107 685 56 27 fälle,
187 685 25 22 sä
234 685 103 27 stadgade
360 685 104 28 derjemte
479 685 121 28 åberopade
615 686 48 21 bref
677 686 7 21 i
700 686 25 27 $$
743 687 31 25 12,
792 687 33 26 16,
844 687 25 20 18

108 720 40 21 och
173 721 26 20 19
221 720 143 27 uttryckligen
379 722 32 19 att
428 720 128 27 pröfningen
572 721 24 21 af
609 721 145 21 valsedlarnes
770 720 100 27 giltighet

108 755 69 21 skulle
200 754 38 21 ske
255 754 6 21 i
278 754 154 27 sammanhang
454 755 50 21 med
528 755 62 21 deras
609 755 131 27 uppläsande
756 755 54 21 eller
825 756 44 19 sär-

109 789 66 21 skildt
198 789 133 21 beträffande
354 795 26 15 en
404 789 53 21 hvar
473 789 24 21 af
511 789 55 26 dem,
584 789 87 21 hvarom
687 789 66 21 sädan
769 789 101 27 pröfning

109 823 50 21 kom
175 823 6 21 i
197 823 68 27 fräga,
281 825 56 19 samt
353 825 32 19 att
401 823 34 21 för
450 823 54 22 hvar
515 823 39 22 och
564 830 26 14 en
602 823 24 21 af
636 823 25 21 de
671 823 114 26 valsedlar,
796 823 74 21 hvilka

107 857 117 22 förklarats
249 857 92 27 ogiltiga,
365 857 98 26 orsaken,
486 857 88 22 hvarför
591 857 124 22 densamma
730 857 139 26 underkänts,

107 891 69 22 skulle
199 891 27 27 pä
249 892 37 21 sitt
309 891 63 22 ställe
387 892 7 21 i
410 892 133 26 protokollet
566 891 106 28 angifvas;
696 893 33 20 att
748 892 78 21 endast
842 891 28 21 de

107 927 72 20 såsom
201 925 77 28 giltiga
301 925 95 22 befunna
419 926 147 21 valsedlarnes
589 926 89 21 röstetal
696 925 56 28 finge
767 925 102 22 införas
856 921 15 36 i

107 960 146 27 röstlängden,
269 962 32 19 att
317 960 69 21 denna
401 960 73 27 längd,
490 960 90 21 säsnart
596 961 25 20 de
635 960 75 27 giltiga
721 959 93 22 ansedda
824 959 45 22 val-

109 994 109 21 sedlarnes
233 994 94 21 innehäll
343 994 88 21 sälunda
447 995 72 21 blifvit
530 994 110 22 derstädes
651 994 136 25 antecknadt,
799 993 71 22 skulle

108 1035 168 21 uppsummeras,
300 1028 108 22 äfvensom
432 1031 34 19 att
487 1029 190 26 valförrättningen
693 1028 69 21 skulle
778 1027 90 22 afslutas

109 1062 88 22 dermed
219 1065 34 19 att
276 1063 67 21 valets
366 1062 88 28 utgäng,
479 1063 55 22 efter
556 1069 84 15 vunnen
656 1062 80 21 visshet
751 1062 79 26 derom,
847 1061 25 22 af

106 1097 143 26 magistraten
264 1097 137 21 meddelades
417 1097 27 22 de
460 1097 187 22 tillstädeskomne
662 1097 131 21 valmännen.
823 1096 46 21 Ma-

106 1131 105 27 gistraten
234 1131 56 22 hade
313 1131 82 22 säledes
417 1132 49 22 icke
490 1132 42 21 fätt
547 1132 32 27 sig
595 1131 117 22 tillerkänd
726 1130 68 28 nägon
810 1129 59 23 befo-

107 1166 78 26 genhet
201 1168 39 24 att,
256 1166 29 27 pä
301 1168 44 19 sätt
360 1166 142 27 magistraten
520 1166 66 22 likväl
603 1166 6 21 i
625 1165 139 22 förevarande
779 1164 39 22 fall
834 1164 35 22 til-

106 1200 49 22 lätit
177 1201 32 27 sig
230 1202 61 26 göra,
315 1200 66 22 sedan
405 1201 138 21 valsedlarne
559 1201 75 21 införts
651 1200 6 22 i
673 1200 138 26 röstlängden
828 1200 40 21 och

107 1234 68 22 denna
197 1238 172 24 uppsummerats
391 1238 59 19 samt
473 1236 120 21 kännedom
617 1234 90 22 sålunda
730 1234 84 22 vunnits
833 1240 35 15 om

107 1268 72 22 hvilka
201 1276 103 20 personer
327 1270 70 21 blifvit
419 1276 80 21 genom
519 1270 25 21 de
560 1270 63 21 flesta
638 1271 98 20 rösterna
751 1268 33 22 till
799 1268 69 21 landt-

107 1303 102 27 dagsmän
225 1304 96 27 utsedde,
337 1304 50 27 ingä
402 1304 6 22 i
424 1304 76 22 vidare
515 1304 100 27 pröfning
630 1304 23 21 af
666 1303 146 22 valsedlarnes
828 1302 40 26 gil-

106 1337 69 28 tighet
190 1338 40 21 och
246 1338 40 21 den
303 1344 50 15 enes
369 1338 53 22 eller
439 1338 42 22 den
498 1339 78 21 andres
591 1338 66 22 bland
673 1338 26 20 de
715 1338 61 20 valde
786 1336 33 22 för
830 1338 38 19 än-

107 1372 94 22 damälet
215 1373 123 27 personliga
353 1372 183 28 gvalifikationer,
552 1376 52 18 utan
619 1372 54 22 hade
690 1372 36 22 det
742 1372 70 26 älegat
823 1377 45 15 ma-

105 1406 106 27 gistraten
234 1408 34 20 att
291 1407 76 21 endast
390 1407 66 22 ställa
476 1408 33 26 sig
524 1407 32 21 till
573 1407 82 21 ofelbar
670 1405 144 23 efterrättelse
831 1406 37 26 pä-
