1103 1700
276 142 27 20 30
508 140 28 22 U.
550 139 26 23 B.
591 140 158 22 II[-XXXI.

315 209 44 21 För
377 208 125 28 jemförelse
524 209 172 21 sammanställas
718 209 41 21 här
772 210 119 20 resultaten
905 211 26 19 af
942 212 66 18 stats-

243 243 154 28 jernvägarnes
412 243 138 21 verksamhet
566 244 67 20 under
648 244 28 20 de
691 247 33 17 tre
739 244 51 20 ären
805 244 139 26 1890—1892
955 243 52 21 med

244 278 118 21 resultaten
377 278 67 20 under
459 278 96 21 närmast
570 278 133 27 föregäende
714 281 33 18 tre
758 278 28 26 är,
798 278 111 26 uttryckta
921 279 6 19 i
937 277 69 27 ärliga

247 312 109 21 medeltal.

650 360 139 34 1890—1892
858 364 139 26 1887—1889

247 398 253 21 Medel-bruttoinkomst
516 414 4 4 .
552 414 4 4 .
588 414 4 4 .
625 403 132 21 12,295,059:
776 398 31 20 16.
837 403 120 21 9,499,072:
975 403 32 21 32.

277 448 10 12 n
326 432 236 27 —förvaltningskostnad
588 448 4 4 .
637 433 121 26 7,999,819:
773 438 35 21 91.
840 433 117 26 5,853,738:
973 437 34 21 72.

275 481 12 10 »
310 462 9 36 =
326 466 220 28 exploatationsvinst
587 482 4 5 .
635 471 121 22 4,295,239:
772 471 34 21 25.
838 466 118 27 3,645,333:
972 466 35 20 60.

246 500 62 21 härat
323 500 106 21 användts
444 500 32 22 till
490 500 101 28 nybygg-

275 535 68 20 nader
371 551 5 4 .
407 550 4 5 .
515 550 40 5 ss
587 551 4 4 5
658 535 98 26 857,448:
772 535 34 20 82.
835 531 12 34 —
857 538 98 22 459,071:
971 538 35 22 95.

247 572 57 18 samt
332 569 32 21 till
393 546 128 53 inventarier
545 569 42 21 och

275 603 66 27 rörlig
355 603 97 21 materiel
474 619 3 4 .
509 619 4 5 .
545 619 5 5 .
581 619 4 5 .
653 608 99 21 979,004!:
768 607 35 22 77.
830 599 12 35 —
856 607 99 22 423,217!:
973 608 34 21 33.

316 654 34 21 Af
355 654 69 21 denna
433 654 197 27 sammanställning
638 654 99 27 framgär,
752 657 32 18 att
792 654 79 20 medan
878 653 129 21 medelbrut-

251 688 150 21 toinkomsten
411 689 61 26 stigit
478 688 50 21 med
537 695 18 13 c.
562 693 42 20 2,80
610 688 50 27 milj.
667 688 43 25 mk,
720 688 51 21 eller
778 693 28 22 29
813 688 35 27 %/o,
856 688 64 21 hafva
929 687 80 21 medel-

247 722 287 27 förvaltningskostnaderna
546 723 63 20 ökats
622 723 50 20 med
679 727 41 20 2,15
735 723 49 26 milj.
800 722 51 21 eller
868 727 24 22 37
909 722 27 27 %/
951 725 56 18 samt

247 757 116 26 utgifterna
385 757 33 20 för
438 757 159 27 nybyggnader
617 757 42 20 och
674 757 65 27 rörlig
754 757 98 21 materiel
867 756 140 21 tillsammans

247 791 52 20 med
313 796 42 20 0,95
369 791 50 26 milj.
435 791 36 20 mk
487 791 51 20 eller
555 792 39 19 108
605 791 34 26 %/.
664 791 133 21 Härutöfver
812 791 65 20 hafva
887 794 120 23 yttermera

247 827 68 19 under
330 829 51 17 åren
399 826 138 26 1890—1892
553 825 113 28 betydliga
679 825 106 28 belopp,
780 821 12 36 i
796 825 103 21 medeltal
909 825 98 27 omkring

247 865 94 20 221,000
355 859 42 26 mk,
421 860 81 27 årligen
524 864 132 17 reserverats
678 860 32 21 till
731 859 115 22 anbefalda
862 859 88 21 arbeten
966 859 42 21 och

247 900 46 14 mer
309 894 28 20 än
361 894 88 21 dubbelt
474 895 24 20 sä
523 894 88 27 mycket
635 894 32 21 till
690 894 206 21 materialförrädets
920 893 86 28 ökning.

247 928 91 25 Följden
360 928 39 21 har
421 929 55 20 varit
498 931 38 22 att,
558 929 66 20 ehuru
647 928 269 21 medelbruttoinkomsten
937 928 32 21 för
983 929 24 19 är

246 963 52 20 med
320 967 41 20 2,8
381 962 48 27 milj.
453 963 36 20 mk
511 963 77 20 utfallit
610 963 69 20 större
702 963 28 20 än
752 962 68 21 under
835 963 27 20 de
875 962 131 27 föregående

246 999 34 18 tre
303 997 56 24 åren,
382 996 25 21 af
425 996 247 28 exploatationsvinsten
694 998 6 19 i
723 996 104 22 medeltal
849 996 81 27 årligen
949 996 58 21 dock

246 1030 117 21 Öfverförts
384 1031 31 20 till
439 1031 163 21 Statskontoret
627 1031 33 21 för
684 1038 44 20 nya
746 1031 260 27 jernvägsanläggningar

246 1065 79 21 endast
342 1066 110 25 1,774,829
468 1065 60 21 mark
545 1065 26 27 56
586 1067 65 26 penni
661 1069 46 18 mot
718 1065 114 27 2,667,698
843 1065 60 21 mark
915 1070 13 21 7
939 1067 66 25 penni

246 1099 81 27 årligen
350 1099 67 21 under
440 1099 27 21 de
487 1103 33 18 tre
535 1099 132 28 föregående
682 1101 57 20 åren.
769 1100 39 21 Ett
823 1100 77 21 sådant
915 1099 91 21 resultat

245 1133 26 21 af
290 1133 206 28 statsjernvägarnes
518 1134 138 22 verksamhet
677 1134 67 22 under
759 1137 88 18 senaste
862 1134 31 21 tid
909 1133 96 28 päkallar

246 1171 33 18 ett
300 1168 97 20 närmare
419 1168 143 22 betraktande
577 1168 25 21 af
613 1170 125 26 stegringen
753 1170 6 20 i
775 1168 230 27 förvaltningskostna-

245 1202 74 21 derna.

315 1236 9 20 I
339 1236 77 21 sådant
431 1236 102 21 afseende
548 1236 86 28 bifogas
649 1236 39 21 här
697 1237 51 21 med
760 1236 88 28 ledning
858 1236 25 21 af
889 1236 116 27 Jernvägs-

245 1271 118 27 styrelsens
383 1270 116 22 berättelse
518 1278 26 14 en
559 1271 59 21 tablä
633 1271 60 21 öfver
709 1271 294 27 törvaltningskostnaderna,

244 1305 113 21 fördelade
372 1306 29 26 pä
417 1305 27 21 de
460 1305 56 21 olika
532 1305 106 21 banorna:

315 1483 129 16 Statsutskottets
456 1483 104 16 betänkande
572 1484 35 15 N:o
616 1488 19 15 3.
