1053 1706
179 68 14 20 4
405 66 27 23 U.
448 66 27 22 B.
490 79 28 3 —
533 66 73 29 Prop.
621 66 46 22 N:o
682 66 39 22 10.

179 138 44 23 den
243 137 31 25 10
293 137 46 30 maj
362 136 65 24 1886
446 136 10 23 i
473 136 74 31 öfrigt
565 136 146 31 ordagrannt
727 136 131 31 upptagits,
870 138 65 22 utom

180 174 42 28 att,
248 172 9 23 i
284 170 107 32 enlighet
409 170 52 23 med
478 169 136 25 Utskottets
632 170 98 31 förslag,
749 170 44 23 den
812 169 124 25 föreskrift

180 205 101 32 tillagts,
299 207 35 21 att
352 204 64 24 bank
434 212 55 23 eger
507 204 139 23 underrätta
664 203 38 24 det
714 203 102 31 publika
828 204 108 24 ombudet

181 249 37 17 om
245 240 65 24 tiden
336 238 36 23 för
398 238 105 24 revision
531 238 41 24 och
600 237 194 32 bolagsstämma,
820 239 63 23 samt
901 240 36 22 att

182 274 141 33 stadgandet
346 272 121 32 angående
491 271 78 25 banks
587 271 239 32 bidragsskyldighet
843 272 36 23 för
897 272 38 24 be-

181 309 114 26 kostande
314 308 25 23 af
357 306 43 24 den
419 306 99 31 statliga
536 306 133 24 kontrollen
689 306 107 24 affattats
809 306 9 23 i
830 306 107 32 enlighet

182 344 52 25 med
260 341 173 31 Ridderskapet
460 340 45 24 och
531 340 98 30 Adelns,
656 340 213 32 Borgareståndets
893 340 44 24 och

182 378 187 26 Bondeståndets
388 375 181 32 samstämmiga
587 374 83 24 beslut.

252 412 123 25 Utskottet
392 409 38 24 får
449 409 103 24 sålunda
569 409 122 24 vördsamt
708 409 94 30 föreslå,

459 483 34 20 att
511 480 110 31 samtliga
638 479 72 25 stånd
726 480 56 29 ville,
802 480 51 24 med
870 479 69 25 från-

388 512 86 33 gående
500 514 69 23 delvis
593 515 30 30 af
637 514 98 32 tidigare
753 514 88 31 fattade
859 514 80 30 beslut,

391 550 87 29 antaga
495 548 101 31 följande

461 648 155 27 Förordning
638 648 124 28 angående
786 649 93 22 ändrad
903 649 38 28 ly-

393 682 66 23 delse
479 683 27 22 af
526 682 121 23 särskilda
668 684 27 23 88
717 683 10 22 i
741 683 90 28 nådiga
845 682 95 24 förord-

393 716 92 28 ningen
506 716 27 23 af
552 716 46 23 den
622 717 28 22 10
672 717 47 28 maj
739 717 60 22 1886
815 717 126 28 angående

393 751 167 28 bankrörelse,
576 757 51 16 som
642 751 25 22 at
682 751 72 28 bolag
769 751 77 22 idkas.

636 827 17 30 $
674 827 22 23 8.

467 895 140 31 Tillsynen
638 895 122 31 deröfver
795 897 40 22 att
871 895 73 24 bank

398 928 147 33 behörigen
562 929 103 31 fullgör
681 929 127 32 gällande
823 929 122 33 lagstad-

395 964 109 32 ganden
535 964 45 24 och
605 964 221 31 föreskrifterna
849 964 11 24 1
882 965 62 23 dess

397 1006 63 24 egen
491 998 222 32 bolagsordning
744 999 160 24 ankommer
930 997 17 26 &

400 1033 139 25 Senatens
579 1033 366 31 Ekonomtiedepartement,

398 1068 10 24 i
433 1067 106 24 hvilket
563 1068 130 30 afseenae
714 1070 38 21 ett
779 1068 34 30 af
830 1067 117 24 Senaten

399 1101 108 25 tillsatt
534 1101 117 32 publikt
686 1101 112 30 ombud,
835 1109 56 16 som
922 1102 26 30 ej

398 1134 49 33 får
472 1143 69 16 vara
567 1135 129 32 delegare
715 1136 11 23 i
744 1136 117 30 banken,
875 1136 74 24 skall

398 1178 72 16 vara
503 1169 178 33 berättigadt
712 1173 43 21 att
784 1171 26 30 ej
835 1170 113 24 mindre

401 1204 112 24 bivista
531 1205 125 24 revision
683 1205 48 23 och
756 1205 193 31 bolagsstäm-

399 1247 54 20 MA,
467 1249 46 14 om
526 1243 97 21 hvilka
634 1242 76 21 bank
722 1243 114 26 åligger
846 1243 103 20 honom

401 1277 136 21 särskildt
558 1277 180 25 underrätta,
765 1274 76 21 samt
868 1271 81 24 bank-

402 1307 155 31 styrelsens
571 1306 251 25 sammankomster
834 1306 47 24 och
891 1306 58 24 der-

402 1341 48 24 vid
478 1341 44 24 till
546 1341 166 32 protokollet
745 1343 71 30 göra
844 1340 31 25 de
896 1338 53 34 på-

402 1376 165 31 minnelser,
591 1376 119 24 hvartill
726 1375 64 25 skäl
806 1375 52 24 kan
875 1375 75 31 före-
