1039 1709
222 132 27 20 42

192 196 100 20 nämnda
307 194 173 29 myndigheters
497 195 191 28 sammanträden,
704 196 37 20 må
756 194 81 22 sådant
853 195 20 28 ej
889 198 55 25 väg-

193 237 45 19 ras;
254 230 37 21 och
306 229 54 22 skall
374 229 8 21 i
397 229 126 22 besvärsmål
537 229 122 27 expedition
673 230 127 26 skyndsamt
813 229 36 21 och
865 230 79 20 åtmin-

192 266 60 20 stone
265 264 59 22 inom
338 264 61 27 förra
412 264 82 27 hälften
510 264 27 28 af
548 264 41 22 den
604 264 9 21 i
627 264 74 28 hvarje
715 264 40 28 fall
769 265 79 20 utsatta
859 263 85 29 fatalje-

193 299 59 21 tiden
273 298 100 28 utgifvas.
402 298 77 22 Lösen
494 298 37 22 för
546 298 78 28 (utesl.)
640 298 134 28 expedition
791 298 101 28 erlägges
907 298 37 21 till

193 333 39 21 det
246 333 90 28 belopp,
353 340 48 14 som
418 333 39 21 vid
472 333 232 21 kommunalstämma
713 335 74 19 utsatt
798 332 85 22 blifvit.
906 332 39 22 Så-

193 368 44 20 dan
259 367 70 29 afgift
351 374 41 21 ege
415 367 20 29 ej
456 374 51 14 rum
522 367 37 21 för
574 367 143 29 handlingar,
733 367 80 21 hvilka
828 367 36 21 för
880 367 65 21 kom-

193 409 97 14 munens
305 409 169 21 gemensamma
489 402 73 22 behof
575 402 56 21 eller
646 402 37 21 till
698 402 172 21 vederbörande
886 402 58 28 tjen-

193 439 88 19 stemän
297 436 56 22 eller
368 436 115 22 allmänna
498 436 85 22 ombud
597 436 110 28 utfärdas,
723 436 20 28 ej
760 436 72 21 heller
843 436 29 22 då
882 436 63 22 kom-

192 471 194 27 munalstämmas,
409 471 294 28 kommunalfullmäktiges
726 471 56 21 eller
802 471 143 21 kommunal-

193 506 96 21 nämnds
305 506 77 20 beslut
397 506 59 20 skall
472 513 83 21 genom
571 506 84 28 utdrag
669 513 27 13 ur
711 506 141 28 protokollet
863 505 83 29 delgit-

192 547 41 14 vas
249 540 91 21 enskild
355 547 89 21 person,
461 540 96 21 hvilken
573 540 39 21 det
627 540 78 28 angår.

533 622 40 21 106
589 622 20 25 $.

260 672 12 21 I
287 672 61 21 hvad
363 672 52 21 mån
432 672 95 21 skrifter
542 672 43 21 och
601 672 162 28 ansökningar,
779 678 49 14 som
836 672 38 20 till
884 672 61 20 kom-

193 706 182 28 munalstämma,
406 706 282 28 kommunalfullmäktige
718 706 56 21 eller
803 706 143 21 kommunal-

192 740 87 21 nämnd
301 741 121 27 inlemnas,
446 743 59 19 samt
527 740 102 22 derifrån
651 741 115 28 utgående
787 740 159 29 expeditioner

194 778 37 18 äro
247 775 52 21 från
315 775 230 29 stämpelbevillning
560 775 103 22 befriade
674 775 119 21 äfvensom
803 775 70 29 sagda
881 783 65 21 myn-

194 809 105 29 digheter
322 810 40 21 vid
383 810 148 28 brefvexling
553 810 8 21 i
583 810 148 22 kommunala
752 810 194 28 angelägenheter

193 844 90 29 åtnjuta
297 844 107 22 befrielse
421 844 52 22 från
489 844 154 30 postafgifter,
661 844 77 22 derom
755 845 92 28 stadgas
864 852 83 14 annor-

193 879 83 21 städes.

533 933 39 21 107
588 934 20 25 8.

261 982 35 22 De
318 983 64 21 viten
404 983 36 21 för
462 985 101 26 utevara,
587 984 94 21 hvartill
697 984 76 28 någon
788 984 29 28 på
832 984 77 28 grund
924 984 25 21 af

193 1016 75 22 denna
282 1017 138 29 förordning
435 1018 68 21 fälles
519 1018 26 22 af
553 1018 238 27 kommunalstämma,
803 1018 144 22 kommunal-

192 1051 148 29 fullmäktige
362 1052 57 21 eller
442 1052 227 28 kommunalnämnd,
684 1052 94 22 tillfalla
793 1053 153 21 kommunens

193 1085 116 22 allmänna
324 1086 67 21 kassa
406 1086 43 22 och
464 1088 98 27 uttagas,
579 1086 40 22 der
634 1086 115 29 godvillig
763 1087 123 28 betalning
895 1088 51 20 icke

192 1119 74 29 följer,
282 1121 29 27 på
326 1122 46 19 sätt
388 1128 36 14 om
439 1121 256 28 kommunalutskylder
710 1121 8 21 i
733 1122 28 21 92
772 1122 13 26 $
797 1124 24 18 är
832 1121 114 29 stadgadt.

260 1154 77 28 Böter,
360 1155 37 21 till
419 1155 81 21 hvilka
521 1156 77 28 någon
621 1156 68 28 eljest
707 1156 46 20 kan
769 1163 53 14 vara
837 1156 109 21 förfallen

192 1188 37 21 för
244 1188 165 22 öfverträdelse
425 1189 26 21 af
464 1190 206 28 ordningsstadgar
685 1190 43 21 och
743 1190 151 28 föreskrifter,
911 1192 35 19 ut-

192 1222 94 22 färdade
308 1224 30 27 på
359 1224 76 27 grund
458 1224 24 21 af
496 1224 75 22 denna
586 1224 143 28 förordning,
746 1224 105 22 utdömas
869 1225 26 21 af
908 1225 38 21 all-

192 1259 54 18 män
262 1256 106 22 domstol.

537 1322 39 21 108
591 1322 20 26 8.

260 1372 124 29 Förgriper
410 1373 36 27 sig
469 1374 77 28 någon
567 1376 62 18 emot
652 1374 143 27 ordförande,
818 1374 129 21 viceordfö-

192 1408 76 28 rande,
291 1407 101 22 ledamot
416 1408 56 21 eller
494 1408 123 29 suppleant
639 1408 8 22 i
665 1408 165 22 förutnämnda
845 1408 101 22 kommu-

192 1442 52 22 nala
260 1442 168 29 myndigheter,
445 1442 55 22 eller
516 1445 61 19 emot
592 1443 110 21 särskildt
717 1444 82 21 utsedd
811 1444 135 28 protokolls-
