1042 1703
332 134 28 23 U.
375 134 27 23 B.
420 148 26 3 —
463 134 74 29 Prop.
552 134 45 23 N:o
613 134 23 22 8.
849 136 11 19 7

186 207 44 22 Det
245 207 73 27 ligger
328 206 34 22 för
373 209 71 24 öppen
455 207 43 27 dag
508 208 33 20 att
551 207 35 21 till
595 205 56 28 följd
661 205 24 22 af
693 205 107 22 Finlands
811 205 50 21 allt-

115 248 46 16 mer
177 242 118 27 utvidgade
311 241 186 23 affärsrelationer
512 241 49 22 med
577 241 166 28 Kejsaredömet
753 247 30 15 nu
796 240 65 22 fram-

115 278 75 21 hållna
199 277 58 22 brist
266 278 7 21 i
284 277 144 28 lagförslaget
438 277 80 27 kunde,
527 277 7 21 i
545 277 40 21 fall
593 277 118 22 detsamma
719 275 143 22 oförändradt

115 313 75 22 blefve
216 313 42 28 lag,
280 312 97 23 medföra
398 319 27 15 en
445 313 50 21 icke
515 313 65 26 ringa
595 312 120 22 rättsväda.
747 312 115 21 Utskottet

116 354 66 16 anser
202 348 74 22 derför
296 350 32 20 ett
343 348 81 28 tillägg
439 348 35 22 till
490 348 145 28 lagförslaget
650 354 54 16 vara
719 346 141 28 nödvändigt,

114 384 82 22 hvaraf
216 383 123 29 framginge
362 387 33 19 att
419 384 173 28 verkställighet
611 384 14 21 å
645 384 77 22 domen
738 383 49 21 icke
803 382 58 22 med-

114 420 81 28 gifves,
220 420 75 22 derest
318 420 66 22 målet
407 420 98 28 lagligen
528 420 50 22 icke
598 420 84 21 kunnat
703 419 24 21 af
746 418 115 22 domstol
848 414 16 39 i

114 456 168 28 Kejsaredömet
297 456 141 28 handläggas.
462 456 40 22 Att
512 455 98 23 anförtro
621 455 132 27 pröfningen
765 454 65 22 häraf
839 454 23 22 åt

115 491 171 23 öfverexekutor
308 492 68 21 borde
400 492 24 21 så
448 492 88 27 mycket
555 491 84 22 mindre
654 491 71 22 väcka
740 490 69 28 några
824 490 37 22 be-

114 527 158 28 tänkligheter,
294 534 45 15 som
363 527 42 22 den
428 527 50 22 med
498 527 182 23 öfverexekutors
703 526 73 23 beslut
799 526 62 22 miss-

114 564 66 27 nöjde
195 570 53 15 vore
264 563 125 28 berättigad
404 565 33 20 att
452 564 8 21 i
475 564 97 21 beslutet
584 564 55 21 söka
649 563 94 28 ändring
753 563 8 21 i
771 562 90 28 hofrätt,

117 606 46 15 som
186 600 37 21 väl
246 600 70 21 måste
335 605 65 16 anses
421 599 91 28 erbjuda
536 599 143 27 fullständiga
695 599 112 27 garantier
827 597 36 23 för

116 637 33 20 ett
179 635 99 27 allsidigt
301 635 40 22 och
370 635 136 28 sakkunnigt
535 635 134 22 bedömande
704 634 25 21 af
754 634 109 22 huruvida

116 671 67 21 målet
198 671 85 21 kunnat
298 670 88 28 afgöras
402 670 25 21 af
440 671 93 21 domstol
548 671 7 21 i
571 670 171 27 Kejsaredömet.

188 706 82 22 Genom
286 706 62 22 detta
362 706 80 27 tillägg
457 706 74 22 blefve
546 706 50 22 icke
611 705 71 22 heller
693 706 54 26 rysk
758 705 105 22 domstols

115 742 50 22 dom
188 742 8 21 i
218 742 96 21 Finland
337 742 80 22 försatt
432 742 8 21 i
456 744 72 20 sämre
543 741 107 27 ställning
665 741 49 21 med
729 740 105 23 afseende
849 741 14 21 å

116 778 51 22 dess
183 778 189 22 verkställbarhet
388 780 28 18 än
430 777 48 27 den,
490 784 46 15 som
547 777 132 21 tillkommer
690 777 58 21 finsk
758 777 105 21 domstols

116 814 49 21 dom
188 813 8 21 i
211 813 173 27 Kejsaredömet.
415 813 104 22 Tvärtom
540 813 73 21 skulle
631 812 169 28 ifrågavarande
815 812 46 28 lag-

116 849 84 27 förslag
223 848 66 23 äfven
312 848 49 22 med
384 848 42 22 den
447 848 25 22 af
489 849 115 22 Utskottet
620 848 126 28 föreslagna
760 848 103 22 formule-

117 886 80 26 ringen
220 885 82 21 bereda
320 884 49 27 den,
391 891 45 15 som
456 885 65 21 söker
544 884 172 28 verkställighet
737 884 58 21 inom
810 884 52 21 Fin-

115 920 53 22 land
188 920 25 22 af
234 920 104 22 domstols
360 920 8 21 i
388 920 168 28 Kejsaredömet
579 920 55 27 dom,
658 920 110 27 betydligt
791 922 72 19 större

116 956 112 22 lättnader
247 958 28 20 än
298 956 49 22 dem
362 956 54 27 rysk
433 956 37 27 lag
485 956 123 27 medgifver
623 956 8 20 i
647 955 104 22 afseende
769 956 13 21 å
797 955 66 23 verk-

116 992 116 27 ställighet
262 991 25 22 af
314 991 58 22 finsk
396 992 105 22 domstols
525 992 49 21 dom
594 992 8 20 i
625 991 174 27 Kejsaredömet.
831 991 33 27 Ty

116 1027 78 22 medan
209 1027 171 27 verkställighet
392 1027 24 21 af
424 1027 55 27 rysk
490 1027 105 22 domstols
607 1027 48 21 dom
667 1027 7 20 i
684 1026 95 22 Finland
790 1026 74 22 kunde

115 1064 40 21 hos
179 1063 171 22 öfverexekutor
372 1063 106 21 utverkas
494 1063 7 21 i
518 1063 42 22 den
580 1062 34 22 för
630 1062 113 22 sökanden
758 1063 107 26 beqväma

117 1099 100 27 ordning,
239 1105 45 15 som
303 1100 25 19 är
343 1097 124 22 förbunden
482 1098 49 21 med
548 1097 317 28 handräckningsförfarandet

117 1135 40 21 hos
189 1140 27 16 en
247 1135 135 26 permanent,
412 1133 165 23 verkställande
606 1133 133 27 myndighet,
771 1133 93 27 beviljas

117 1170 173 27 verkställighet
313 1169 24 22 af
353 1169 58 23 finsk
435 1170 104 22 domstols
558 1170 49 21 dom
622 1169 9 21 i
645 1169 167 27 Kejsaredömet
827 1175 37 16 en-

118 1206 50 22 dast
191 1206 49 22 med
259 1205 143 28 iakttagande
425 1205 25 22 af
470 1206 27 21 de
520 1205 171 27 omständligare
711 1204 88 28 former,
819 1211 46 15 som

118 1242 103 22 utmärka
240 1240 227 28 processförfarandet
486 1240 59 23 inför
563 1241 99 27 domstol,
679 1240 66 22 äfven
761 1240 28 22 då
804 1240 61 22 detta

119 1280 25 20 är
160 1278 146 22 summariskt.

190 1314 83 21 Härtill
296 1314 98 21 kommer
414 1315 32 19 att
462 1314 43 21 den
520 1312 104 28 pröfning
640 1312 25 22 af
677 1312 35 22 sin
727 1312 137 28 behörighet,

120 1355 45 16 som
182 1349 92 21 domstol
290 1349 7 20 i
312 1348 96 21 Finland
424 1348 70 27 enligt
509 1348 58 21 hvad
583 1348 66 21 ofvan
660 1347 84 22 anförts
756 1353 27 16 ex
795 1346 70 22 officio

119 1383 113 28 anställer,
253 1383 90 28 medför,
365 1383 27 22 då
408 1383 172 27 verkställighet
595 1383 8 21 i
618 1382 167 28 Kejsaredömet
800 1382 66 21 sökes

118 1421 14 21 å
148 1420 68 22 sådan
233 1419 103 22 domstols
352 1419 55 28 dom,
424 1425 27 16 en
468 1419 86 28 garanti
569 1418 36 22 för
620 1420 33 20 att
668 1418 121 22 domstolen
799 1418 66 23 verk-

192 1468 137 23 Lagutskottets
342 1467 116 19 betänkande
470 1467 38 18 N:o
520 1467 18 18 3.
