1056 1703
338 136 29 23 U.
383 136 26 22 B.
425 148 28 4 —
468 137 72 27 Prop.
556 136 40 23 N:o
612 137 20 22 6.
835 138 26 20 35

110 205 101 22 afseende
226 205 136 22 oförändrad.
392 205 65 23 Hvad
473 206 94 22 deremot
589 205 104 22 beträffar
708 206 83 22 antalet
806 206 57 21 leda-

109 242 69 19 möter
192 241 8 20 i
215 240 235 27 kommunalnämnden,
465 241 70 21 håller
550 240 113 22 Utskottet
677 239 47 22 före
732 242 33 20 att
773 241 88 21 minimi-

109 275 83 21 antalet
207 274 43 22 fem
266 276 25 19 är
305 274 34 21 för
353 275 53 27 högt
421 275 39 21 och
475 274 116 28 lämpligen
606 275 44 20 kan
661 274 111 22 nedsättas
780 275 33 21 till
821 276 39 25 tre,

110 309 89 21 emedan
215 309 7 21 i
237 309 75 21 landet
326 308 68 23 finnas
412 309 46 21 små
476 309 129 26 kommuner,
621 309 8 21 i
644 309 74 22 hvilka
732 309 130 22 kommunal-

110 342 118 22 nämndens
243 342 132 28 åligganden
396 343 37 22 väl
456 343 72 21 kunna
545 342 105 28 fullgöras
673 342 25 22 af
718 343 77 22 endast
816 343 48 22 sist-

110 377 94 22 nämnda
225 377 61 21 antal
308 377 125 27 ledamöter,
455 379 58 20 utom
539 376 145 23 ordföranden
707 378 39 21 och
768 378 96 22 viceord-

109 412 113 22 föranden.

179 447 76 28 Enligt
272 450 10 18 1
299 453 61 15 mom.
376 449 26 19 66
419 448 13 26 $
448 447 7 21 i
470 448 49 22 nåd.
536 447 158 28 propositionen
709 448 76 27 skulle,
795 447 67 22 bland
877 448 26 24 66
920 447 23 29 8.

112 482 72 28 andre,
204 482 40 21 den
260 482 87 22 hvilken
363 484 24 20 är
402 482 33 22 för
450 482 33 22 sin
499 482 124 28 befattning
645 482 87 28 skyldig
754 484 33 20 att
808 482 57 22 inför

110 516 228 23 kommunalnämnden
353 517 106 27 redovisa,
475 524 53 15 vara
547 517 89 23 ovalbar
651 517 33 22 till
698 517 90 22 medlem
811 518 52 21 eller

110 552 115 27 suppleant
239 552 9 21 i
262 552 113 22 nämnden.
405 553 77 21 Denna
504 552 136 27 bestämning
662 553 82 21 lemnar
766 559 45 14 rum
830 552 34 22 för

111 586 152 23 missförstånd
277 587 8 22 i
299 589 80 20 tvänne
394 587 129 28 riktningar.
553 580 23 29 Å
592 593 42 16 ena
655 587 63 22 sidan
740 587 71 22 kunde
827 593 37 16 an-

112 624 64 25 tagas
191 623 34 20 att
239 621 132 28 stadgandet
385 621 77 29 afsåge
485 622 36 21 det
541 621 82 29 jemväl
645 628 107 21 personer,
768 621 75 22 hvilka
858 621 7 22 i

112 657 110 27 egenskap
238 656 24 22 af
275 657 136 22 medlemmar
426 657 7 21 i
449 657 126 22 kommunen
597 657 44 22 fått
663 657 34 27 sig
720 656 98 23 ähvälfdt
834 658 32 21 ett

112 690 229 29 förtroendeuppdrag,
357 691 75 28 skulle,
448 692 56 21 blott
519 692 86 21 dermed
620 698 51 15 vore
686 691 90 22 förenad
798 692 70 27 något

112 726 59 28 slags
186 726 281 28 redovisningsskyldighet,
484 733 61 15 anses
561 726 131 28 utestängda
707 726 49 22 från
767 726 101 22 medlem-

113 761 53 27 skap
182 760 8 22 i
205 761 236 27 kommunalnämnden;
465 762 13 21 &
501 762 68 21 andra
584 762 63 21 sidan
662 762 48 21 åter
726 764 34 19 att
774 762 93 21 kommu-

113 795 51 22 nala
178 795 155 28 funktionärer,
349 796 75 22 hvilka
439 796 34 22 för
487 796 47 22 sina
541 796 149 28 befattningar
698 796 105 28 redogöra
810 796 57 22 inför

114 836 72 16 annan
201 830 90 28 styrelse
307 832 27 20 än
345 831 233 28 kommunalnämnden,
594 832 16 20 t.
619 838 32 14 ex.
660 830 57 22 inför
727 830 141 29 fattigvärds-

114 865 111 27 styrelsen,
241 864 49 22 icke
305 864 101 23 träffades
422 864 24 22 af
459 865 106 22 förbudet.
596 866 114 21 Utskottet
726 872 62 16 anser
811 866 54 21 dock

114 899 115 22 omordade
243 900 136 27 bestämning
393 899 47 22 afse
458 900 77 22 endast
556 900 84 22 sädana
662 906 106 22 personer,
792 900 74 22 hvilka

114 936 37 20 äro
167 934 72 22 direkt
261 934 101 22 anstälda
377 935 7 21 i
399 934 137 23 kommunens
552 935 67 27 tjenst
634 936 38 20 och
688 934 33 22 för
736 935 33 22 sin
788 934 81 22 befatt-

114 969 52 27 ning
181 969 52 22 redo
247 969 102 28 skyldiga
363 969 58 22 inför
428 969 254 28 kommunalmyndighet,
692 976 47 15 men
748 970 118 27 ingalunda

116 1004 53 26 dem,
186 1010 43 15 som
245 1003 116 23 innehafva
376 1010 26 15 en
420 1004 121 22 kommunal
559 1004 178 28 förtroendepost,
757 1004 65 22 äfven
838 1011 32 14 om

117 1039 122 22 densamma
261 1044 51 17 vore
335 1038 78 28 åtföljd
436 1038 25 22 af
479 1040 72 27 någon
573 1039 138 28 godtgörelse
726 1039 52 22 eller
795 1039 76 22 under-

116 1073 79 22 kastad
210 1073 216 28 redovisningspligt;
442 1073 39 22 och
496 1074 39 21 har
550 1073 113 22 Utskottet
672 1073 74 28 förty
739 1069 12 36 i
757 1073 109 22 öfverens-

116 1107 121 22 stämmelse
252 1107 48 22 med
316 1107 96 27 antydda
434 1107 140 28 uppfattning
596 1107 130 28 förtydligat
748 1109 116 20 momentet

118 1154 26 2 —
160 1141 109 28 Derjemte
284 1143 40 20 har
339 1142 113 22 Utskottet
467 1142 34 21 till
516 1143 70 21 denna
602 1143 12 25 $
631 1141 135 29 öfverflyttat
782 1144 11 19 1
808 1149 62 15 mom-

118 1176 23 22 af
155 1178 13 24 $
184 1178 34 24 67,
234 1177 69 21 såsom
319 1176 83 27 egande
417 1179 108 19 närmaste
540 1177 156 27 sammanhang
711 1177 47 21 med
780 1178 93 20 bestäm-

117 1210 107 27 ningarna
239 1210 7 20 i
261 1210 13 26 $
290 1212 34 24 66,
339 1210 38 21 vid
392 1210 83 22 hvilket
493 1210 135 22 förhällande
652 1213 9 18 1
686 1217 60 15 mom.
762 1210 25 22 af
800 1211 70 21 denna

118 1245 12 25 $
144 1244 81 27 jemväl
239 1244 8 21 i
263 1244 66 28 öfrigt
344 1243 119 29 undergätt
478 1250 27 16 en
520 1244 83 22 mindre
618 1244 179 28 omformulering.

186 1278 47 22 Mot
247 1278 131 28 stadgandet
393 1278 7 21 i
416 1279 13 25 &
445 1280 27 20 69
488 1278 71 22 derom
574 1280 34 20 att
622 1280 60 25 prest
696 1278 9 22 i
717 1278 154 28 församlingen

118 1319 52 21 eger
185 1312 89 28 deltaga
288 1313 8 21 i
310 1313 240 21 kommunalnämndens
564 1312 165 28 förhandlingar
751 1313 39 21 och
804 1313 71 22 beslut

118 1347 8 20 i
142 1346 140 27 fattigvärds-
292 1348 40 20 och
345 1346 180 27 folkskolefrägor
539 1348 40 20 har
589 1348 117 25 anmärkts,
717 1349 44 20 dels
772 1349 34 19 att
814 1349 59 24 prest

118 1380 117 27 rätteligen
249 1380 67 21 borde
330 1381 73 20 kunna
417 1380 79 22 endast
510 1380 7 21 i
526 1380 212 23 kommunalnämnds
748 1380 122 28 öfverlägg-

120 1414 84 27 ningar,
219 1420 47 15 men
281 1413 48 22 icke
344 1414 7 21 i
367 1413 47 22 dess
429 1414 71 21 beslut
515 1414 93 27 deltaga,
625 1415 45 21 dels
685 1415 39 21 ock
740 1417 33 20 att
783 1415 91 21 bestäm-

189 1453 206 18 Kommunalutskotteis
407 1453 111 18 betänkande
529 1453 34 19 N:o
576 1455 15 16 1.

886 1279 13 22 =
