1056 1706
207 137 26 19 30
435 135 29 21 U.
479 135 28 21 B.
521 147 29 3 —
565 134 72 28 Prop.
653 135 42 21 N:o
711 134 20 22 1.

204 202 37 21 väl
256 202 40 21 har
310 202 113 22 Utskottet
437 202 8 21 i
461 205 66 19 annat
542 202 154 27 sammanhang
711 202 95 22 beslutat
821 202 79 22 föreslå
915 202 43 21 för-

206 236 111 27 delaktiga
332 236 37 22 lån
384 236 33 21 för
432 242 81 16 samma
527 236 110 26 ändamål;
653 242 48 16 men
716 236 61 22 detta
793 238 24 19 är
832 236 68 27 enligt
915 236 44 21 min

206 270 141 28 oförgripliga
369 270 86 28 mening
478 270 47 22 icke
539 277 50 21 nog.
619 270 86 22 Länder
719 270 76 27 finnas,
811 271 38 21 der
863 270 95 28 regerin-

205 311 42 21 gen
261 305 7 21 i
284 311 26 15 en
325 305 45 21 helt
386 311 70 15 annan
471 305 130 27 omfattning
617 305 100 21 bekostar
732 304 227 28 primärundervisnin-

205 346 48 20 gen,
277 340 39 20 och
338 339 57 22 hvad
412 346 44 14 som
471 340 8 20 i
495 340 60 20 detta
571 339 101 22 afseende
686 340 8 20 i
709 340 50 25 vårt
774 340 89 20 allmänt
877 339 82 27 fattiga

204 374 52 20 land
277 376 69 24 göres,
369 374 39 20 bör
425 374 48 21 icke
488 374 38 21 ske
541 374 7 20 i
563 374 54 20 form
633 374 25 20 af
671 374 135 24 nådegåfvor
821 374 23 21 åt
859 374 100 26 gynnade

205 407 154 28 supplikanter,
383 410 52 19 utan
452 407 57 22 efter
523 414 90 20 normer,
628 414 44 15 som
687 404 90 31 erbjlida
792 408 41 21 den
848 408 110 26 trygghet,

205 442 86 21 hvilken
314 442 77 21 endast
413 449 26 14 en
455 443 126 26 ständerlag
595 443 44 20 kan
654 443 69 20 skänk
747 436 2 35 |
773 442 45 27 Jag
832 443 39 20 har
887 441 72 22 derför

204 478 44 19 sett
270 476 44 27 mig
336 476 111 21 nödsakad
470 478 33 19 att
522 477 7 20 i
545 477 70 20 denna
630 477 42 26 lag,
689 477 7 20 i
711 476 12 29 8
747 472 4 28 |)
768 476 25 21 af
806 477 49 20 mitt
869 476 88 27 förslag,

205 510 90 27 inrycka
310 512 32 20 ett
357 510 129 27 uttryckligt
501 511 122 27 stadgande
637 517 33 15 om
685 509 193 33 bygdhadsbidrag
888 510 24 21 af
921 511 38 20 all-

205 547 77 19 männa
304 545 76 27 medel,
401 551 48 15 men
471 545 48 21 icke
541 545 34 21 för
594 545 76 27 hvarje
685 552 29 21 ny
747 545 94 32 dilkskola,
858 547 25 25 ty
898 545 61 21 detta

205 579 55 21 hade
282 579 59 22 varit
364 581 32 19 att
417 580 26 20 sä
466 581 33 19 att
521 581 53 26 säga
588 579 105 27 premiera
709 578 118 31 defhittills
842 579 117 22 efterlätna

205 614 158 26 kommunerna,
386 616 51 19 utan
458 614 81 21 derhän
555 615 34 20 att
603 613 34 22 för
652 614 75 27 hvarje
734 606 10 39 |
747 610 107 30 jolkskola,
870 620 44 15 som
930 614 29 26 pä

205 647 69 27 grund
297 647 24 21 af
343 647 68 22 denna
427 648 36 27 lag
479 647 92 22 inrättas
591 648 2 21 i
608 648 105 27 kommun,
747 644 70 30 Hvilken
831 648 67 21 redan
914 648 45 21 der-

204 680 87 22 förutan
306 688 52 21 eger
374 683 31 20 ett
420 684 56 19 emot
491 682 48 21 dess
555 681 125 28 folkmängd
695 676 98 34 skäligen
806 682 107 21 svarande
923 688 36 15 an-

204 715 32 20 tal
257 715 124 25 folkskolor,
404 717 32 20 ett
457 716 57 21 inom
536 716 59 22 vissa
617 718 90 25 gränser
747 711 74 29 fkeradt
835 716 124 27 byggnads-

205 749 78 28 bidrag
298 750 55 21 skall
368 750 97 27 beviljas.

274 784 40 21 Att
336 784 76 21 härvid
434 784 58 21 finna
509 785 26 20 de
549 786 60 19 rätta
623 784 99 21 siffrorna

205 817 64 22 Hvad
284 818 55 21 först
354 818 103 21 beträffar
472 818 26 22 de
513 819 124 22 nuvarande
652 819 71 21 folksk

206 852 33 21 till
261 852 152 27 folkmängden
431 853 8 21 i
457 853 70 22 skilda
541 854 130 26 kommuner,
687 853 44 22 hvil

206 887 18 27 ej
241 887 93 22 allenast
349 887 205 28 öfverhufvudtaget
569 888 47 21 står
630 888 7 21 i
653 888 72 21 direkt

205 921 55 22 talet
282 922 54 21 barn
356 922 7 21 i
378 922 128 27 skolåldern,
523 924 52 19 utan
591 922 64 22 äfven
670 922 7 21 i
692 923 33 21 vis

206 962 51 15 nens
279 956 178 28 skatteförmäga,
476 957 25 20 sä
516 957 40 20 har
568 957 39 26 jag
622 969 28 2 —
666 957 28 21 då
709 953 119 29 fin||nsiella
843 957 48 20 skäl
905 957 54 21 kan-

205 990 38 21 ske
262 990 48 21 icke
325 990 72 21 tillåta
412 997 27 15 en
454 991 67 26 högre
535 990 60 22 siffra
608 1003 30 3 —
652 993 78 19 stannad
747 985 45 28 vid
807 990 73 22 siffran
897 993 62 25 1,000

205 1024 131 21 innevånare
358 1031 38 20 per
418 1025 61 21 skola
500 1025 69 21 såsom
592 1025 41 21 den
655 1027 72 25 gräns,
750 1025 87 22 hvilken
852 1025 39 21 bör
905 1031 55 16 vara

206 1059 108 26 uppnådd,
337 1059 65 21 innan
424 1059 72 27 någon
516 1062 62 18 extra
593 1059 148 21 mellankoms;
755 1059 49 21 från
819 1059 37 22 det
871 1059 88 22 allmän-

205 1098 40 15 nas
260 1092 47 21 sida
322 1092 7 21 i
344 1093 59 27 regel
417 1093 58 27 finge
490 1096 65 24 tagas
569 1093 8 21 i
592 1093 95 27 anspråk
700 1093 38 21 der
749 1093 210 28 bildningsbehofvet

205 1126 87 22 kräfver
307 1126 131 23 intensivare
453 1127 199 27 skolanordningar.
675 1127 11 21 I
701 1127 64 27 fråga
781 1128 47 21 åter
842 1134 33 15 om
891 1128 68 27 bygg-

206 1160 170 27 nadsbidragens
395 1161 82 22 storlek
492 1162 39 20 har
543 1161 46 28 jag,
605 1161 110 27 utgående
729 1161 50 22 :rån
794 1168 27 15 en
835 1162 124 27 byggnads-

205 1195 92 20 kostnad
313 1195 25 21 af
352 1197 61 22 6,000
429 1195 14 21 å
459 1197 76 25 10,000
549 1196 35 21 mk
594 1202 27 20 pr
631 1195 62 22 enkel
703 1196 66 27 skola,
780 1197 72 20 ansett
862 1197 34 20 att
905 1195 54 22 hälf-

205 1234 37 15 ten
257 1228 68 27 deraf,
341 1229 52 21 eller
408 1235 26 15 en
444 1229 80 21 latitud
534 1229 24 22 af
567 1231 62 25 3,000
639 1229 34 22 till
680 1231 63 25 5,00)
754 1230 67 25 mark,
831 1229 66 22 borde
907 1236 52 20 upp-

205 1262 81 25 ställas,
308 1262 57 21 inom
380 1262 87 21 hvilken
482 1262 129 27 regeringen
627 1263 60 27 egde,
702 1263 48 21 med
765 1263 82 26 hänsyn
862 1263 33 20 till
910 1263 49 21 sko-

205 1295 46 22 lans
274 1296 113 27 antagliga
409 1296 80 21 storlek
512 1297 39 21 och
573 1296 64 22 äfven
659 1297 68 21 andra
746 1296 213 28 omständigheter,
947 1291 15 37 i

205 1330 75 28 hvarje
303 1330 38 21 fall
363 1330 92 22 tillmäta
478 1331 25 22 de
526 1331 81 22 äskade
622 1331 111 28 bidragen.
763 1331 42 22 Till
820 1331 139 22 förenämnda

205 1364 94 28 tidigare
314 1365 78 22 former
406 1365 35 22 för
455 1365 142 22 befordrande
613 1365 25 22 af
650 1366 127 22 folkskolors
793 1366 123 22 inrättande
931 1379 28 2 —

206 1399 86 23 direkta
306 1400 117 22 understöd
438 1401 24 20 ät
477 1400 79 28 fattiga
571 1401 124 22 kommuner
709 1401 40 22 och
763 1401 146 27 fördelaktiga
921 1401 38 22 län

274 1440 205 19 KFommunalutskottets
491 1441 111 18 betänkande
613 1440 34 19 N:o
660 1442 17 17 4.

747 791 14 15 ir
776 785 65 26 ingen
856 785 42 20 lätt
912 785 45 20 sak.

747 820 62 24 prnas
824 819 135 21 förhällande

747 845 27 35 en
789 853 133 22 sistnämnda
934 853 25 27 ju

747 882 115 33 iroportion
877 887 34 22 till
921 894 38 15 an-

747 916 54 36 mån
816 923 33 21 till
864 923 95 20 kommu-
