1034 1709
280 130 83 24 Ständ.
378 130 38 23 Sv.
430 143 29 3 —
474 130 72 27 Prop.
561 130 40 22 N:o
616 130 21 22 6.
811 131 26 20 47

87 196 127 28 ordningen
228 196 62 21 inom
305 196 149 22 kommunens
470 196 92 22 område
578 196 42 21 och
631 196 127 28 förebygga
769 195 72 28 själfs-

87 230 52 21 våld
160 231 43 20 och
226 230 172 22 öfverträdelser
421 233 47 19 mot
491 230 80 22 allmän
594 230 38 28 lag
652 230 53 21 eller
723 230 119 21 faststälda

86 264 203 28 ordningsstadgar
304 267 57 19 samt
376 264 7 21 i
398 264 63 22 detta
476 264 107 22 afseende
598 264 89 29 påkalla
700 264 87 22 biträde
798 264 43 21 och

86 298 125 22 understöd
226 298 23 21 af
264 298 84 22 sådana
363 305 114 22 personer,
495 306 48 14 som
559 298 70 29 enligt
645 300 26 19 64
687 299 14 28 $
715 298 77 22 blifvit
805 298 36 20 för

87 332 125 22 ändamälet
228 332 107 26 anstälda,
351 333 53 21 eller
419 333 23 21 af
458 333 70 22 andra
543 332 144 23 medlemmar
705 332 23 22 af
740 332 101 22 kommu-

86 375 50 18 nen,
152 367 8 21 i
176 368 44 21 den
239 367 98 29 ordning
356 368 42 21 och
412 369 30 27 pä
457 368 39 20 det
511 370 51 23 sätt,
578 374 48 14 som
641 367 45 21 kan
702 366 23 22 af
739 367 101 21 kommu-

86 402 148 21 nalstämman
248 402 156 22 föreskrifvas.

154 436 47 22 Vid
216 436 135 22 utöfvandet
366 436 23 22 af
402 437 147 22 omförmälda
559 436 144 22 verksamhet
713 436 41 21 har
764 438 77 19 nämn-

86 471 45 22 den
151 470 85 29 jämväl
258 473 32 19 att
312 471 100 28 päräkna
436 471 147 29 erforderligt
604 470 91 22 biständ
717 470 24 22 af
763 472 75 20 ortens

85 505 197 29 kronobetjening,
297 505 95 22 likasom
408 506 42 22 ock
466 506 114 22 nämnden
596 513 52 21 eger
662 508 33 19 att
703 505 52 21 med
766 505 75 21 denna

86 540 124 25 samverka,
227 540 40 21 där
282 540 220 28 kronobetjeningen
517 548 77 14 ensam
609 540 50 21 icke
674 540 83 21 förmär
769 539 72 29 själfs-

85 574 53 22 väld
154 574 53 22 eller
223 574 112 28 oordning
351 574 85 29 afstyra
452 574 52 22 eller
521 574 100 28 ordning
636 574 118 22 äterställa.

433 662 27 20 58
476 661 20 28 8.

154 712 252 22 Kommunalnämnden
424 712 57 22 skall
496 720 84 21 genom
595 712 49 22 sina
658 712 129 24 ledamöter,
803 719 37 14 en-

85 748 57 20 hvar
164 746 36 22 för
221 746 38 22 sitt
274 746 97 26 distrikt,
388 746 120 22 öfvervara
523 746 241 29 mantalsskrifningen
779 746 62 22 inom

85 782 139 21 kommunen
247 781 43 22 och
311 781 65 26 tillse,
395 783 33 19 att
443 781 80 22 därvid
538 781 104 22 lemnade
656 781 123 29 uppgifter,
791 780 49 22 stri-

86 816 74 22 dande
175 818 47 20 mot
236 816 103 28 verkliga
353 815 157 27 förhällandet,
526 816 72 22 varda
612 816 93 21 rättade.

155 844 77 28 Äfven
253 851 41 21 har
312 850 114 22 nämnden
445 853 33 19 att
497 850 139 28 tillhandagä
650 849 190 29 myndigheterna

85 884 41 22 vid
147 884 150 22 insamlandet
319 884 24 22 af
360 884 125 22 statistiska
505 884 117 29 uppgifter
638 884 56 22 efter
710 884 28 21 de
753 883 87 22 förord-

85 919 91 21 nanden
199 919 42 21 och
263 918 114 27 formulär,
401 926 48 14 som
472 922 37 18 äro
530 919 53 21 eller
603 918 70 22 varda
693 918 22 22 af
733 918 107 22 vederbö-

85 953 70 22 rande
170 953 115 22 nämnden
299 953 137 22 meddelade.

433 1041 27 19 59
476 1039 20 28 8.

154 1090 251 22 Kommunalnämnden
414 1091 104 21 handhar
528 1093 113 19 närmaste
650 1090 118 22 inseendet
776 1090 65 21 öfver

84 1126 87 21 värden
186 1132 37 15 om
239 1126 43 21 och
296 1125 170 29 förvaltningen
481 1126 23 20 af
514 1126 149 21 kommunens
673 1131 166 22 gemensamma

86 1160 112 29 egendom
215 1160 8 21 i
240 1161 44 21 löst
307 1161 42 21 och
371 1160 45 22 fast
435 1162 58 20 samt
508 1160 42 22 bör
565 1160 64 21 öfver
645 1159 130 23 densamma
790 1158 50 22 föra

84 1202 135 21 noggranna
241 1195 179 28 förteckningar;
444 1195 87 28 egande
555 1194 114 22 nämnden
692 1193 80 21 därvid
795 1195 45 19 sär-

86 1229 69 22 skildt
176 1230 60 21 vaka
257 1229 70 26 öfver,
350 1232 33 19 att
404 1230 139 21 kommunen
560 1228 101 29 tillhörig
674 1227 165 29 jordegendom

85 1264 50 22 icke
150 1264 127 22 vanvärdas
296 1266 57 19 samt
368 1266 32 19 att
416 1264 51 22 dess
482 1264 43 21 hus
542 1264 43 21 och
601 1262 134 30 byggnader
751 1262 89 22 ordent-

84 1298 42 29 ligt
144 1298 110 29 uppföras
276 1298 44 22 och
338 1298 151 26 underhällas,
509 1298 118 21 äfvensom
642 1300 33 18 att
689 1298 150 20 kommunens

85 1333 103 28 magasin
204 1334 42 20 och
260 1323 157 40 inrättningar,
432 1333 87 24 kassor,
535 1332 89 25 fonder,
639 1332 132 21 donationer
783 1333 58 19 samt

85 1366 74 29 öfriga
182 1366 72 21 medel
276 1366 43 21 och
340 1365 120 29 tillgångar
482 1366 127 27 behörigen
633 1365 141 21 säkerställas
797 1364 43 21 och

85 1400 173 24 vidmakthållas
274 1403 58 19 samt
346 1400 8 21 i
366 1407 122 21 noggrann
498 1399 234 23 öfverensstämmelse
742 1398 52 22 med
804 1398 36 22 för

86 1436 52 22 dem
152 1435 104 30 gällande
270 1435 169 28 bestämningar
454 1434 109 23 förvaltas
579 1434 43 22 och
637 1434 122 22 användas.
