1042 1706
211 134 25 20 16
521 134 40 20 N:o
577 134 20 20 6.

531 202 26 20 34
574 200 19 28 8.

248 241 42 21 För
305 241 113 21 valbarhet
433 240 33 22 till
481 240 244 27 kommunalfullmäktig
740 240 39 22 och
791 240 33 21 för
835 240 46 22 vals
891 240 42 22 för-

180 275 106 27 rättande,
310 274 71 22 såsom
406 274 40 22 ock
466 274 109 28 angående
590 274 76 22 hinder
680 274 53 22 eller
747 274 71 22 förfall
834 276 32 20 att
880 281 53 21 upp-

180 309 75 27 draget
277 311 95 25 mottaga
395 309 39 21 och
458 309 102 27 rättighet
579 310 32 20 att
626 308 119 22 detsamma
759 309 33 27 sig
807 308 81 28 afsäga,
903 308 31 22 äf-

180 349 86 16 vensom
290 343 6 21 i
319 343 60 27 fråga
399 349 34 15 om
449 343 130 27 uppdragets
594 342 163 22 handhafvande
772 343 8 21 i
795 342 101 22 händelse
911 343 24 21 af

180 378 77 21 besvär
279 378 73 26 gäller,
375 377 57 21 hvad
447 378 7 20 i
472 378 32 25 13,
521 378 26 20 14
563 376 39 22 och
620 378 24 20 16
660 376 25 28 88
701 383 34 15 om
750 377 127 21 ordförande
894 377 39 21 och

180 411 173 22 viceordförande
368 412 7 20 i
390 411 238 22 kommmunalstämma
643 411 63 27 sagdt
721 413 30 19 är.

532 486 27 21 35
575 486 18 27 8.

248 525 266 28 Kommunalfullmäktige
536 526 67 27 väljas
627 526 33 21 för
682 528 33 19 tre
738 525 30 21 år.
798 525 60 22 Dock
873 525 62 28 skall,

180 560 64 22 sedan
268 562 32 20 ett
321 561 25 21 år
364 560 88 26 förlidit,
470 560 54 22 efter
539 560 37 21 det
592 560 26 21 de
633 560 117 21 förstvalde
765 560 33 21 sin
813 559 125 27 befattning,

179 594 99 27 tillträdt,
302 600 26 15 en
351 594 103 26 tredjedel
476 594 23 21 af
520 594 55 26 dem,
590 594 40 21 och
645 594 54 21 efter
714 594 124 27 ytterligare
853 596 32 19 ett
900 594 35 21 års

180 629 83 27 förlopp
285 628 82 21 hälften
390 628 23 21 af
434 629 27 20 de
477 628 136 22 återstående
629 628 54 21 efter
697 628 93 27 lottning
806 628 56 27 afgå,
878 630 56 19 samt

179 665 48 25 nytt
249 663 35 21 val
306 662 23 22 af
346 662 135 28 fullmäktige
497 663 30 21 uti
544 663 26 21 de
587 662 114 27 afgåendes
716 663 62 21 ställe
793 662 32 22 för
841 662 93 28 följande

179 699 33 20 tre
228 697 23 21 år
266 696 109 22 förrättas.

248 731 44 21 Dör
315 731 129 27 fullmäktig,
468 731 51 22 eller
541 731 61 27 afgår
624 731 42 21 han
689 737 76 21 genom
785 730 148 28 bortflyttning

180 766 52 21 eller
246 765 24 21 af
284 772 70 15 annan
369 766 49 26 laga
434 766 70 26 orsak,
519 766 65 21 innan
599 765 59 22 tiden
673 766 33 21 för
720 766 54 20 hans
789 765 98 27 uppdrag
897 767 36 19 ute

179 802 30 25 är,
232 800 56 22 skall
310 800 128 27 fyllnadsval
462 801 109 27 anställas,
591 800 40 22 och
649 801 116 27 tjenstgöre
786 800 41 22 den
842 800 91 21 sålunda

179 834 61 22 valde
257 835 24 21 så
296 834 50 27 lång
362 834 36 25 tid,
416 840 45 16 som
477 834 33 22 för
525 835 41 21 den
582 834 104 28 afgångne
702 834 69 22 skulle
787 835 110 21 återstått.

529 904 27 20 36
572 904 19 26 8.

248 943 25 27 Ej
290 942 34 22 må
339 942 78 22 ärende
433 942 33 22 till
482 942 128 27 behandling
625 942 107 28 företagas
746 943 53 21 eller
810 943 70 21 beslut
892 942 41 22 fat-

178 980 34 18 tas
228 977 24 21 af
265 977 264 27 kommunalfullmäktige,
545 976 89 22 såframt
649 977 19 27 ej
682 978 65 20 minst
757 977 36 21 två
804 977 129 27 tredjedelar

179 1011 23 22 af
216 1012 62 21 deras
293 1012 49 21 hela
357 1012 59 21 antal
432 1014 24 18 är
472 1012 111 22 tillstädes.

247 1042 43 26 Äro
306 1046 143 21 ordföranden
466 1046 39 21 och
521 1046 188 21 viceordföranden
726 1046 147 26 frånvarande,
884 1048 49 19 utse

178 1081 134 26 fullmäktige
328 1080 128 22 ordförande
472 1081 33 21 för
519 1080 100 22 tillfället.

246 1115 119 22 Uteblifver
380 1115 134 27 ordförande,
526 1114 174 22 viceordförande
714 1115 52 21 eller
777 1115 93 21 ledamot
880 1117 52 19 utan

178 1149 71 28 giltigt
264 1149 75 22 hinder
353 1149 48 22 från
416 1151 68 20 utsatt
499 1149 173 27 sammankomst,
688 1149 86 27 erlägge
790 1149 33 21 till
835 1149 99 21 kommu-

178 1190 52 15 nens
252 1184 64 21 kassa
338 1184 7 21 i
368 1184 49 26 vite,
434 1184 127 21 ordförande
577 1184 39 21 och
632 1183 175 22 viceordförande
823 1189 38 16 sex
876 1186 57 19 samt

178 1218 122 27 fullmäktig
322 1221 33 18 tre
378 1219 68 20 mark.
476 1218 79 22 Blifver
577 1218 168 21 sammanträdet
767 1217 34 22 för
817 1218 25 21 de
857 1220 76 19 närva-

178 1253 79 20 randes
272 1253 114 25 fåtalighet
400 1253 98 26 instäldt,
514 1253 123 20 fördubblas
653 1253 61 19 dessa
728 1253 68 20 böter.

529 1326 26 21 37
571 1325 20 28 8.

246 1367 72 27 Yppas
334 1367 38 21 hos
387 1366 258 28 kommunalfullmäktige
664 1366 148 28 skiljaktighet
827 1366 7 21 i
849 1366 83 22 menin-

177 1407 45 22 gar,
238 1401 55 22 skall
308 1403 70 26 öppen
394 1401 132 28 omröstning
541 1401 104 22 anställas
655 1401 40 22 och
705 1407 39 22 ege
753 1401 73 27 hvarje
837 1401 95 22 ledamot

178 1436 73 22 dervid
274 1442 25 16 en
323 1438 51 20 röst.
405 1436 45 22 Har
472 1436 111 22 röstetalet
604 1435 33 22 för
653 1436 58 22 olika
725 1437 110 26 meningar
851 1435 81 23 utfallit
