1034 1714
319 139 27 22 U.
362 139 27 23 B.
404 153 28 2 —
447 140 75 28 Prop.
538 140 42 22 N:o
596 140 22 21 5.
831 140 12 20 7

92 209 36 23 uti
147 209 137 24 densamma
303 210 138 23 bibehållas.
477 209 56 24 Men
552 210 50 23 med
622 210 107 23 afseende
749 210 13 22 &
780 209 64 23 hvad

92 242 122 24 Utskottet
232 244 36 22 uti
287 244 42 23 sitt
357 244 145 23 betänkande
527 244 79 23 anfört
624 244 121 31 angående
764 243 27 23 de
808 243 36 23 uti

92 277 123 23 omordade
241 278 116 31 paragraf
383 278 112 31 stadgade
517 278 63 23 böter
598 278 45 23 har
660 277 123 24 Utskottet
801 285 42 15 an-

92 313 46 21 sett
168 311 133 24 desammas
329 312 177 31 minimibelopp
537 312 56 24 böra
623 312 90 23 sänkas
743 311 39 24 till
812 312 32 22 tio

93 346 79 30 mark;
193 346 42 23 och
254 346 37 24 får
309 346 122 24 Utskottet
449 346 63 31 förty
532 346 121 24 vördsamt
671 346 94 30 föreslå,

366 423 33 21 alt
418 421 67 31 äfven
503 420 75 24 denna
596 420 167 32 omständighet
775 419 70 25 måtte

297 455 11 23 i
326 455 143 24 Ständernas
486 453 160 33 underdäniga
657 455 188 31 svarsskrifvelse

296 488 145 32 framhållas.

160 561 95 27 Ytterst
276 564 45 24 har
343 564 121 24 Utskottet
482 567 78 21 ansett
578 564 39 32 sig
634 564 56 24 böra
708 564 97 24 anmäla
823 564 19 32 ej

93 598 91 24 mindre
197 600 34 22 att
244 598 134 24 Utskottets
392 599 91 31 förslag
495 599 39 23 till
548 599 148 31 påminnelse
706 600 61 22 emot
781 599 30 24 16
823 600 21 30 $,

92 633 80 24 sävidt
190 633 78 24 denna
286 633 115 32 paragraf
419 635 76 30 angår
513 634 118 31 påföljden
651 634 25 22 af
693 634 102 23 itererad
809 634 34 23 öf-

92 668 143 24 verträdelse
263 668 52 23 utaf
342 668 174 32 förordningen,
540 668 116 32 godkänts
682 668 25 23 af
727 667 116 33 Borgare-

92 702 94 24 ständet
212 702 42 24 och
275 702 181 30 Bondeständet,
478 710 53 16 men
550 702 102 24 deremot
670 702 130 24 förkastats
819 702 25 24 af

92 736 174 32 Ridderskapet
293 736 42 24 och
362 737 77 23 Adeln
461 739 62 21 samt
546 736 185 30 Presteständet,
750 736 94 24 hvilket

92 771 150 23 förhållande
270 771 65 29 dock,
362 771 8 23 i
397 771 106 31 enlighet
527 771 51 23 med
598 770 61 24 hvad
678 770 72 24 ofvan
769 770 74 24 fram-

92 805 84 24 hällits
194 806 100 23 rörande
308 806 133 24 Utskottets
453 806 91 31 förslag
557 805 36 24 till
609 805 163 32 anmärkning
785 808 59 21 emot

94 840 12 24 1
136 841 13 29 8
178 840 14 24 2
220 848 73 22 mom.
321 840 51 24 icke
399 840 112 31 päkallar
536 840 82 31 åtgärd
637 840 55 23 från
711 840 133 24 Utskottets

92 874 58 31 sida,
169 877 31 21 än
214 874 42 24 ock
269 876 35 22 att
316 874 134 24 Utskottets
463 875 91 31 förslag
567 874 84 30 derom,
664 876 35 22 att
712 874 133 24 Ständerna

92 910 72 22 måtte
182 909 58 31 ingå
258 909 52 23 med
329 909 148 32 underdånig
495 908 145 25 hemställan
656 916 36 16 om
705 908 74 33 nådig
791 917 52 23 pro-

91 943 103 31 position
212 944 123 31 angående
352 944 26 23 de
391 943 124 24 allmänna
528 943 136 32 grunderna
677 942 36 24 för
725 944 118 23 mäklare-

90 977 84 31 yrkets
197 978 135 30 utöfvande,
351 978 150 24 oförändradt
520 977 116 33 godkänts
655 977 25 23 af
697 977 146 25 Ridderska-

91 1015 39 28 pet
148 1012 43 24 och
209 1012 85 30 Adeln,
309 1012 201 32 Borgareståndet
522 1012 41 24 och
578 1011 180 32 Bondeståndet,
771 1012 72 24 hvar-

91 1048 60 22 emot
164 1046 175 24 Presteståndet
353 1048 77 22 ansett
443 1046 146 24 Ständernas
602 1046 164 33 underdåniga
778 1046 65 24 hem-

91 1080 90 24 ställan
206 1081 55 23 böra
279 1080 118 24 innefatta
416 1081 116 24 anhållan
551 1088 36 16 om
606 1082 35 22 att
659 1080 70 23 Hans
748 1079 95 33 Kejser-

90 1115 52 32 liga
168 1114 113 32 Majestät
309 1115 58 24 ville
397 1115 95 25 utfärda
518 1116 91 24 allmän
636 1114 145 33 författning
807 1123 36 16 om

90 1149 185 31 mäklareyrket,
296 1150 96 23 hvadan
413 1150 90 24 således
522 1150 8 23 i
548 1149 162 30 nästantydda
727 1150 37 24 del
777 1152 65 22 stän-

90 1184 120 23 derbeslut
228 1184 133 32 föreligger.

159 1258 153 32 Helsingfors
331 1259 43 23 den
396 1259 30 23 12
445 1267 65 15 mars
532 1258 71 24 1897.

160 1497 46 23 Lag-
219 1497 31 17 och
264 1497 182 18 Ekonomiutskottets
459 1497 110 17 betänkande
581 1497 36 17 N:o
631 1497 13 17 1.
