1050 1706
166 158 27 21 38
382 157 29 23 U.
426 158 29 22 B.
472 169 24 4 —
512 156 74 29 Prop.
601 156 43 24 N:o
658 157 38 23 10.

529 510 30 21 I.

234 605 81 23 Ehuru
337 605 70 22 äfven
429 606 23 21 vi
474 606 101 28 bidragit
595 605 37 22 till
647 605 39 23 det
701 606 14 21 å
729 606 43 22 sid.
787 608 14 20 4
815 606 9 22 i
838 606 81 22 betän-

168 640 86 22 kandet
268 640 116 29 ingående
399 640 99 22 beslutet
514 642 34 20 att
560 640 121 22 Utskottet
692 640 19 29 ej
723 640 59 29 egde
793 640 127 29 anledning

167 676 35 20 att
216 674 75 22 uttala
305 674 36 28 sig
357 674 119 28 angående
495 674 45 21 den
555 674 108 28 tolkning
678 674 26 22 af
716 674 138 29 banklagen,
870 682 49 14 som

167 708 41 22 vid
230 708 113 22 Senatens
366 708 82 28 åtgärd
463 708 8 22 i
486 708 97 22 berörda
604 708 43 21 fall
668 708 64 29 gjort
753 709 36 29 sig
804 708 114 30 gällande,

166 742 71 22 hafva
258 742 25 22 vi
305 742 74 22 likväl
400 742 53 21 med
475 742 125 28 anledning
611 742 26 22 af
649 742 145 22 förestäende
816 750 102 15 reserva-

167 776 57 28 tion,
239 776 96 22 hvilken
345 776 129 22 innehäller
486 778 34 20 ett
530 778 48 20 mot
588 776 41 22 vär
638 776 153 30 uppfattning
801 777 117 21 stridande

167 810 127 28 uttalande,
314 812 59 20 trott
393 818 37 14 oss
449 810 55 22 böra
520 810 190 22 reservationsvis
732 810 124 22 framhälla
877 812 42 21 vär

166 844 61 29 &sigt
240 844 9 22 i
264 844 79 22 saken.

234 878 30 22 Vi
279 878 95 29 utbedja
390 885 36 15 oss
437 880 35 20 att
481 878 25 22 fä
516 878 128 22 framställa
655 878 103 30 följande
768 879 151 29 synpunkter,

166 912 81 22 hvilka
269 912 74 29 enligt
365 913 53 21 värt
438 912 150 22 förmenande
610 912 40 22 vid
668 913 94 29 frägans
777 913 143 22 bedömande

166 947 56 22 böra
242 946 103 23 beaktas.
375 947 37 21 Dä
434 954 28 14 en
483 947 62 22 bank
560 947 97 22 inrättas
672 947 37 22 för
723 950 35 19 att
772 948 148 22 uteslutande

166 981 77 22 drifva
256 981 262 29 hypotekslänerörelse,
534 982 197 28 sammanbringas
744 982 177 29 aktiekapitalet

163 1016 51 28 just
228 1015 36 22 för
279 1018 35 20 att
329 1015 159 22 åstadkomma
504 1016 107 21 säkerhet
625 1016 37 21 för
676 1016 196 28 obligationernas
886 1016 34 22 in-

165 1050 72 21 lösen.
266 1050 49 22 När
330 1057 30 14 en
375 1050 72 21 sådan
462 1050 63 21 bank
539 1050 36 22 för
590 1050 64 21 detta
669 1051 108 21 ändamål
792 1052 128 26 pantsätter

166 1084 42 22 sitt
223 1083 153 30 aktiekapital
390 1084 37 21 till
443 1087 73 19 större
531 1084 57 22 eller
602 1085 90 21 mindre
707 1085 44 27 del,
767 1085 52 22 sker
830 1085 90 28 därige-

166 1125 54 14 nom
242 1117 20 30 ej
286 1118 74 28 nägot
380 1117 95 29 inträng
489 1119 31 28 pä
534 1125 88 15 annans
638 1121 52 19 rätt.
721 1119 54 21 Men
790 1121 71 19 annat
876 1118 44 21 blir

166 1151 155 23 förhållandet
336 1152 53 21 med
404 1159 29 14 en
448 1152 69 28 bank,
532 1160 50 14 som
597 1153 134 28 egentligen
743 1153 87 22 drifver
840 1153 80 28 vanlig

167 1185 148 22 bankrörelse
337 1185 43 22 och
398 1185 94 22 därmed
507 1186 42 22 vill
564 1187 80 21 förena
658 1186 261 29 hypotekslänerörelse.

165 1220 49 22 När
228 1227 30 14 en
273 1220 72 21 sådan
367 1220 63 22 bank
444 1223 130 26 pantsätter
588 1221 42 22 sitt
644 1221 153 29 aktiekapital
812 1221 43 22 och
870 1221 51 22 sina

165 1253 166 27 reservfonder,
347 1254 27 21 sä
387 1254 139 21 förminskas
541 1255 109 28 sjäffallet
664 1255 139 21 säkerheten
817 1255 37 21 för
868 1255 52 21 dess

166 1287 76 28 öfriga
263 1287 195 28 fordringsegare,
470 1288 32 28 ja,
518 1288 46 21 kan
586 1288 38 21 till
646 1288 43 21 och
703 1288 53 21 med
770 1288 74 22 under
858 1289 62 21 vissa

165 1321 163 22 förhällanden
349 1321 105 30 upphöra
476 1322 49 22 helt
547 1322 44 23 och
610 1322 73 23 hället
698 1325 35 20 att
748 1323 104 22 existera.
883 1323 37 21 En

165 1355 172 24 handelsbanks
353 1356 153 30 aktiekapital
521 1357 43 22 och
579 1357 78 30 någon
672 1357 37 23 del
722 1357 27 22 af
756 1358 52 21 dess
818 1365 103 14 reserver

165 1391 71 22 borde
258 1391 64 29 förty
343 1391 51 22 icke
416 1391 80 22 kunna
515 1394 129 27 pantsättas
659 1392 37 22 till
711 1392 109 22 säkerhet
834 1392 36 22 för
884 1394 36 20 ut-

163 1425 68 29 gifna
252 1425 162 30 obligationer.
444 1426 46 22 Det
512 1434 68 21 synes
603 1433 37 16 oss
656 1426 92 30 framgä
763 1427 69 22 äfven
848 1427 72 28 däraf,

164 1461 36 20 att
215 1460 74 29 enligt
306 1461 54 21 1886
381 1461 35 21 ärs
432 1460 102 29 banklag
548 1461 74 22 banks
637 1461 167 29 grundkapital
818 1461 52 22 icke
884 1461 38 22 fär

232 1500 147 19 Bankuitskottets
390 1500 110 19 betänkande
512 1501 38 18 N:o
562 1501 16 19 1.
