1042 1714
396 239 37 16 Vv
451 239 109 20 Kap.

354 294 33 22 Om.
412 294 194 22 kommunalnämnd.

451 358 27 20 52
494 357 18 28 8.

170 397 10 21 I
195 397 74 27 hvarje
284 397 100 21 kommun
400 398 28 26 pä
443 397 73 21 landet
530 397 55 21 skall
600 396 68 22 finnas
684 403 26 15 en
722 396 133 22 kommunal-

100 431 85 26 nämnd,
202 437 47 15 som
265 431 6 21 i
287 430 94 28 enlighet
397 431 48 21 med
460 431 190 27 bestämningarna
662 431 32 21 uti
705 430 59 22 detta
774 430 82 27 kapitel

100 466 40 21 och
159 466 25 21 de
204 465 141 27 föreskrifter,
362 465 72 21 hvilka
449 466 71 21 kunna
536 466 23 21 af
572 466 215 21 kommunalstämma
803 466 53 20 eller

100 506 72 15 annan
187 500 125 27 myndighet
327 499 91 27 lagligen
434 500 105 27 päbjudas
549 500 35 21 till
594 500 151 27 efterrättelse,
756 500 100 21 handhar

99 534 156 27 förvaltningen
278 534 57 21 inom
359 534 133 27 kommunen,
515 534 94 22 bevakar
632 534 47 21 dess
699 540 157 21 gemensamma

100 569 94 21 fördelar
209 570 56 20 samt
280 568 33 21 till
329 568 164 28 verkställighet
504 569 112 21 befordrar
626 568 229 22 kommunalstämmas

99 603 71 22 beslut
193 603 39 21 och
255 603 165 21 förordnanden.
450 604 49 20 Med
522 604 99 20 afseende
637 604 13 20 ä
666 603 39 21 den
721 603 134 21 kommunal-

100 637 105 21 nämnden
223 637 112 27 äliggande
350 636 129 28 förvaltning
495 638 80 20 indelas
592 637 127 21 kommunen
726 632 12 36 i
759 637 95 26 distrikt,

100 672 24 22 af
144 672 73 21 hvilka
239 672 62 21 hvart
323 672 40 21 och
383 673 32 20 ett
434 673 45 20 stär
498 672 67 21 under
579 674 109 19 närmaste
704 672 72 26 tillsyn
792 671 22 21 af
828 678 26 15 en

99 706 94 22 ledamot
215 706 8 21 i
245 706 113 21 nämnden.
390 706 70 22 Sädan
483 706 209 29 distriktsindelning
711 708 106 25 uppgöres
833 706 22 21 af

99 741 231 21 kommunalstämman
353 746 74 21 genom
451 741 77 27 beslut,
544 747 45 15 som
609 740 101 22 insändes
726 740 31 22 till
774 740 80 22 Guver-

99 778 78 18 nörens
193 775 102 27 pröfning
311 775 39 21 och
366 775 145 22 fastställelse.

451 839 26 21 53
493 838 18 28 S.

168 878 238 22 Kommunalnämnden
422 878 81 27 äligger
519 880 31 20 att
565 878 112 22 förbereda
692 878 78 27 frägor,
782 878 72 21 hvilka

100 912 215 22 kommunalstämma
337 912 7 22 i
365 912 76 22 sådant
457 912 99 22 afseende
572 912 34 22 till
621 912 105 22 nämnden
742 912 112 22 öfverlem-

98 950 38 18 nat
151 947 52 21 eller
218 946 73 22 hvilka
307 946 22 22 af
343 946 70 22 denna
428 947 33 21 till
476 949 118 19 stämmans
610 947 128 27 behandling
752 947 101 27 hänskju-

99 983 45 24 tas;
160 981 77 28 afgifve
254 982 39 20 ock
308 981 123 22 infordrade
446 982 148 21 betänkanden
606 982 6 20 i
622 982 129 21 kommunen
762 981 92 21 rörande

99 1016 187 27 angelägenheter.

449 1063 27 20 54
492 1062 19 28 8.

168 1102 42 21 Det
225 1102 74 21 tillhör
314 1102 227 22 kommunalnämnden
557 1104 33 20 att
605 1102 121 21 handhafva
741 1102 112 26 fattigvär-

99 1136 41 22 den
163 1137 56 21 inom
242 1136 127 22 kommunen
393 1136 38 22 och
453 1143 76 21 genom
549 1137 46 21 sina
610 1136 125 28 ledamöter,
751 1136 102 22 enhvar
842 1132 15 36 i

98 1171 38 21 sitt
151 1170 92 27 distrikt,
259 1170 74 22 utöfva
348 1171 74 27 tillsyn
439 1171 58 21 öfver
513 1171 25 21 de
554 1170 198 28 hjelpbehöfvande,
762 1170 90 22 säframt

98 1205 18 27 ej
132 1205 128 22 kommunen
276 1205 119 27 uppdraget
411 1205 22 21 ät
448 1205 90 22 särskild
554 1205 219 27 fattigvärdsstyrelse
784 1205 68 21 öfver-

98 1240 88 21 lemnat.

448 1285 27 21 55
491 1285 18 27 8.

167 1319 18 27 Ä
201 1325 229 21 kommunalnämnden
445 1325 123 22 ankommer
578 1327 32 19 att
620 1324 114 21 öfvervaka
745 1325 107 21 allmänna

97 1357 182 22 helsotillständet
302 1359 56 20 inom
381 1358 136 26 kommunen,
540 1358 108 21 äfvensom
668 1361 33 18 att
720 1359 132 20 beträffande

96 1393 70 21 helso-
189 1392 40 21 och
255 1392 128 27 sjukvärden
405 1395 55 18 samt
482 1393 55 20 hvad
560 1392 86 21 dermed
669 1393 183 26 sammanhänger,

98 1427 70 22 säsom
184 1427 7 21 i
207 1426 72 28 frägor
299 1433 33 15 om
352 1427 165 26 vaccinationen,
533 1427 156 27 barnmorskor,
705 1427 92 22 farsoter
812 1427 40 22 och
