1034 1703
312 136 73 22 U.:Bi
400 149 28 3 —
442 136 74 29 Prop.
533 137 42 22 N:o
589 137 24 22 4.
812 138 29 20 25

88 204 44 20 och
153 204 87 21 skattfri
257 205 66 20 mark
338 205 54 21 efter
407 205 127 26 beräkning
550 205 30 27 på
595 205 78 27 hvarje
693 206 151 26 provisionelt

87 238 87 20 mantal
196 239 26 19 af
240 239 56 20 8000
310 239 122 26 tunnland,
448 246 27 14 en
491 239 56 27 följd
564 240 67 20 häraf
637 239 64 21 xarit
716 242 38 23 att,
771 239 71 21 sedan

87 272 60 20 detta
163 272 167 21 ständerbeslut
345 273 25 20 af
383 273 113 26 Styrelsen
511 272 120 27 godkänts,
646 273 97 20 berörda
756 273 84 21 liksom

86 305 71 26 öfriga
169 306 25 19 af
200 306 126 20 Ständerna
336 306 35 20 för
380 306 97 26 ändring
488 308 44 19 och
542 306 163 27 upphäfvande
716 306 26 20 af
749 306 94 20 knekte-

87 339 137 20 kontrakten
247 340 122 27 uppstälda
384 340 76 21 vilkor
474 340 51 21 bort
540 341 80 19 kunna
636 340 84 20 ändras
736 340 80 21 endast
834 340 7 19 i

86 372 45 21 den
148 373 104 27 ordning,
271 374 27 20 73
313 375 13 25 8
341 374 7 20 i
364 374 24 21 L.
406 373 26 22 O.
450 374 150 21 föreskrifver.
632 374 131 21 Emellertid
779 374 64 21 inne-

86 407 67 21 fattar
168 407 44 20 den
227 408 25 20 af
265 408 114 27 Styrelsen
394 407 108 27 vidtagna
516 408 161 27 förhöjningen
693 408 25 21 af
731 409 111 20 mantalet

86 441 35 20 för
143 441 28 20 de
193 442 75 25 gamla
291 442 138 21 hemmanen
452 442 7 20 i
482 442 130 21 Kemiträsk
634 443 84 20 socken
741 442 101 21 otvifvel-

86 475 71 27 aktigt
172 482 28 14 en
216 476 97 27 ändring
328 477 26 20 af
366 477 66 20 dessa
447 477 81 25 vilkor,
544 478 56 19 enär
615 477 23 20 åt
652 477 139 20 hemmanen
803 476 38 21 vid

86 509 44 21 den
145 509 154 28 provisionela
314 511 146 26 afrösningen
475 511 128 20 tilldelades
615 511 53 26 jord
683 511 55 20 efter
747 510 38 20 det
796 510 46 20 för-

86 543 70 27 höjda
175 544 110 20 mantalet
303 544 34 21 till
354 551 89 14 samma
458 545 153 25 tunnlandtal,
627 551 49 14 som
693 544 69 26 enligt
778 544 65 20 Stän-

86 577 83 21 dernas
184 578 97 20 berörda
291 578 75 21 beslut
376 579 52 21 bort
437 579 139 21 hemmanen
587 579 54 21 efter
651 579 28 20 de
689 578 77 27 gamla
777 584 64 14 man-

86 612 59 20 talen
158 612 104 26 tilldelas,
278 612 93 21 hvadan
387 613 113 21 Utskottet
514 616 74 18 ansett
603 613 34 25 sig
649 613 56 20 böra
717 612 76 21 såsom
805 612 35 20 sin

86 646 57 26 åsigt
158 646 78 26 uttala,
252 649 32 18 att
298 647 76 21 denna
391 647 79 27 åtgärd
486 647 19 27 ej
522 648 52 20 bort
584 648 25 20 af
617 646 115 28 Styrelsen
742 648 56 19 utan
808 646 35 20 in-

86 680 122 21 hemtande
224 680 25 20 af
262 680 138 21 Ständernas
418 682 117 26 samtycke
550 681 109 26 vidtagas.

155 715 143 20 Beträffande
320 715 57 20 härå
394 716 9 19 1
421 722 69 14 mom.
510 715 33 20 uti
559 715 38 20 det
612 715 7 21 i
634 715 44 20 den
694 715 84 26 nådiga
790 720 53 21 pro-

86 748 129 28 positionen
238 749 110 26 ingående
371 749 89 27 förslag,
476 749 69 21 hafva
561 749 127 21 Ständerna
704 749 70 20 redan
790 748 52 20 här-

86 783 107 20 förinnan
216 783 80 20 uttalat
319 783 33 27 sig
367 783 7 20 i
389 783 58 27 syfte
470 786 32 18 att
524 784 160 26 lägenheterna
706 783 33 20 uti
761 782 81 26 ifråga-

89 817 100 21 varande
212 817 99 21 socknar
332 817 70 21 borde
418 818 151 20 underkastas
586 817 113 21 storskifte
715 817 44 21 och
775 817 70 20 skatt-

89 851 112 26 läggning.
233 851 50 21 Och
304 852 29 20 då
357 852 112 21 Utskottet
491 852 66 21 äfven
581 852 34 20 för
635 851 36 21 sin
686 851 36 21 del
737 851 35 20 till
787 851 58 20 fullo

90 886 133 27 uppskattat
244 886 37 21 det
305 886 98 21 särdeles
426 887 98 26 menliga
540 886 125 27 inflytande
681 885 30 27 på
726 886 119 19 allmänna

89 920 178 27 hushållningen
289 921 44 20 och
351 920 128 27 välmågan,
496 927 50 14 som
562 921 94 20 orsakas
671 920 26 20 af
709 920 37 20 det
761 919 84 21 förhål-

88 954 68 21 lande
172 957 32 18 att
218 955 114 20 storskifte
348 955 50 20 icke
414 955 110 26 öfvergått
539 955 104 26 antydda
651 957 65 23 orter,
728 956 59 19 samt
799 953 45 21 den

89 988 173 27 undersökning
284 989 116 25 angående
419 987 63 22 såväl
499 988 107 21 markens
622 989 117 20 allmänna
755 987 91 21 beskaf-

89 1022 83 26 fenhet,
195 1029 50 14 som
268 1022 173 27 befolkningens
451 1018 10 36 '
464 1022 156 27 hushållning,
644 1022 133 21 lefnadssätt
800 1022 44 20 och

89 1056 177 26 förvärfskällor,
290 1056 92 21 hvilken
403 1056 127 21 Ständerna
550 1059 73 18 ansett
643 1056 69 26 nödig
727 1056 35 20 för
776 1056 70 20 bedö-

89 1089 83 21 mande
195 1090 25 20 af
237 1090 19 27 ej
279 1090 90 21 mindre
386 1090 62 21 tiden
464 1090 35 21 för
516 1090 134 21 storskiftets
665 1089 179 27 genomförande

89 1125 30 19 än
135 1124 44 20 den
192 1123 114 27 jordvidd,
323 1131 49 13 som
388 1131 53 14 vore
457 1124 34 20 för
506 1124 160 27 lägenheterna
681 1123 106 26 behöflig,
803 1130 43 13 nu-

89 1164 62 14 mera
173 1157 123 27 försiggätt,
319 1158 42 20 har
380 1158 113 21 Utskottet
512 1161 56 18 utan
584 1157 261 27 meningsskiljaktighet

89 1191 92 21 beslutit
196 1191 91 21 förorda
302 1191 169 27 godkännande
487 1192 25 20 af
525 1191 131 22 förberörda
671 1193 108 19 moment.

158 1225 32 21 Pä
212 1227 44 19 sätt
277 1226 68 21 ofvan
368 1225 137 21 framhällits
528 1226 69 21 hafva
618 1225 113 27 äsigterna
746 1225 99 20 rörande

88 1259 45 21 den
153 1259 121 28 jordareal,
298 1267 49 14 som
370 1260 38 21 vid
432 1260 124 21 storskiftet
578 1260 42 21 bör
635 1260 161 26 lägenheterna
811 1259 33 20 uti

88 1294 159 26 ifrägakomna
263 1295 99 20 socknar
376 1294 104 26 tilldelas,
496 1294 58 21 varit
569 1296 79 25 ytterst
663 1293 86 21 delade.
777 1293 67 20 Säväl

89 1328 28 20 de
132 1329 25 19 af
170 1329 112 26 Styrelsen
298 1328 94 21 utsedde
408 1329 154 19 ledamöterne
573 1329 7 18 i
591 1328 131 20 förberörda
735 1327 111 20 kommis-

89 1361 76 21 sioner
185 1364 59 18 samt
266 1362 28 20 de
310 1362 24 20 af
344 1361 148 27 jordegarene
509 1361 65 20 valde
590 1361 179 20 medlemmarne
785 1360 7 20 i
807 1360 39 20 de-

89 1401 96 21 samma,
193 1402 50 14 som
254 1395 176 27 Forststyrelsen
442 1395 44 21 och
497 1394 266 27 Landtmäteristyrelsen
775 1393 70 21 hafva

89 1430 45 20 alla
149 1430 53 27 hyst
218 1429 61 21 olika
289 1429 145 28 uppfattning
444 1429 147 21 härutinnan.
618 1428 51 22 Och
680 1428 106 21 förnekas
797 1428 48 20 kan

157 1469 48 23 Lag-
218 1469 30 18 och
262 1469 181 18 Ekonomiutskotteis
456 1468 110 18 betänkande
578 1468 37 17 N:o
628 1468 17 17 8.
