1045 1709
357 96 20 22 U.
393 97 21 21 B.
428 110 28 2 —
471 97 56 28 Prop.
543 97 34 22 N:o
592 98 20 22 9.
847 101 13 19 3

109 158 154 28 slutanderätt,
274 160 33 20 att
318 159 43 22 den
371 159 7 22 i
389 159 125 29 äberopade
525 160 131 29 förordning
666 160 118 22 faststälda
794 167 66 22 grun-

109 193 43 22 den
167 193 36 22 för
224 193 182 29 tolagsafgiftens
428 194 150 27 beräknande,
594 194 56 22 eller
671 194 140 22 densammas
826 196 34 20 ut-

108 227 100 29 görande
223 228 51 22 med
288 228 47 22 viss
349 230 93 26 procent
457 229 26 21 af
494 229 119 21 tullsatsen
628 229 13 21 å
656 229 43 21 den
710 229 42 22 slik
762 229 98 22 beskatt-

108 262 54 27 ning
176 262 165 22 underkastade
357 268 77 21 varan,
450 263 57 21 skall
518 262 49 22 frän
577 262 42 22 och
630 262 50 22 med
691 263 44 21 den
746 265 10 19 1
769 263 90 21 Januari

110 298 54 19 1899
179 296 61 27 tjena
255 296 34 21 till
303 295 116 28 efterföljd
434 296 57 22 intill
507 296 42 22 den
566 299 10 18 1
593 296 92 22 Januari
701 299 62 19 1902.

177 330 121 27 Utskottet,
313 336 48 16 som
376 330 39 22 vid
430 331 103 22 ärendets
543 330 169 29 öfvervägande
722 331 139 22 konstaterat

108 365 190 29 förefintligheten
306 365 26 22 af
337 365 117 22 enahanda
462 365 190 28 omständigheter
660 365 51 22 med
719 365 57 26 dem,
784 365 77 22 hvilka

108 400 102 28 betingat
229 401 76 20 senast
319 399 135 22 församlade
470 399 107 22 Ständers
591 399 7 22 i
614 399 93 22 ärendet
722 399 85 22 fattade
822 399 37 22 be-

109 435 51 26 slut,
175 435 42 21 och
231 434 72 21 tillika
318 434 50 21 med
383 434 117 28 tillförsigt
515 435 96 20 emotser
622 435 32 20 att
664 434 72 21 under
744 433 116 28 tidsperio-

109 469 43 22 den
167 469 57 21 intill
239 469 43 21 den
299 471 10 19 1
325 468 93 22 Januari
442 471 54 19 1902
518 468 74 28 nägon
611 468 93 28 höjning
718 467 26 22 af
755 468 106 28 gällande

109 503 115 22 tullsatser
245 503 42 22 och
309 503 66 22 derur
393 503 140 28 härflytande
549 502 127 28 opäräknad
691 502 102 28 stegring
806 503 8 20 i
829 503 32 20 to-

109 537 146 29 lagsafoiften
269 537 50 22 icke
334 537 58 22 skall
408 544 42 21 ega
463 544 55 20 rum,
530 537 33 22 får
574 537 60 28 förty
644 537 115 22 vördsamt
769 536 92 22 föreslå:

314 607 32 20 att
361 605 41 22 den
417 605 83 29 nädiga
512 605 160 28 propositionen
685 605 65 22 mätte
761 605 28 27 af
797 604 65 22 Stän-

245 640 70 22 derna
330 640 136 28 oförändrad
479 640 135 28 godkännas.

178 709 37 22 Uti
230 709 105 22 ärendets
357 709 137 28 behandling
510 709 60 22 inom
585 708 110 22 utskottet
709 707 68 22 hafva
793 708 70 21 delta-

109 743 34 28 git
156 743 156 22 Ordföranden
326 743 26 21 H.
368 743 112 28 Råbergh,
496 742 151 23 ledamöterne
662 742 103 21 Friherre
781 742 26 21 A.
819 747 44 16 von

109 777 119 28 Knorring,
244 777 26 22 A.
286 777 25 22 L.
326 783 45 16 von
395 777 119 28 Knorring,
533 777 22 22 S.
571 776 147 29 Segersträle,
734 776 20 21 J.
769 776 94 22 Johans-

109 817 47 21 son,
176 811 16 22 I.
213 811 28 22 M.
262 811 114 28 Tallgren,
394 811 27 22 H.
441 811 24 22 E.
487 811 124 28 Wegelius,
626 811 27 21 K.
668 811 26 21 H.
710 810 110 27 Renlund,
835 810 28 21 V.

109 846 119 27 Forselius,
244 846 20 21 J.
280 846 24 22 L.
320 846 102 26 Pentzin,
436 846 27 21 K.
479 846 36 21 W.
526 845 110 27 Hollm6n,
648 845 24 22 F.
683 845 37 21 W.
730 844 135 29 Lagerstedt

110 881 42 22 och
167 880 20 22 J.
202 880 113 28 Haanpää,
331 881 58 21 samt
408 881 173 27 suppleanterne
595 879 25 22 E.
635 885 45 16 von
695 879 128 26 Haartman,
839 879 24 21 R.

109 915 147 28 Heimberger
272 915 41 22 och
329 915 26 21 T.
370 915 117 28 Nykänen.

182 1427 194 21 Ekonomiutskottets
391 1427 115 20 betänkande
521 1427 37 20 N:o
573 1428 17 18 1.
