1045 1711
207 125 27 21 26
521 127 39 20 N:o
576 128 20 19 6.

177 193 47 22 icke
247 195 24 19 är
293 193 94 22 ledamot
410 194 23 20 af
451 194 112 25 nämnden,
580 196 43 20 rätt
638 196 32 19 att
686 194 6 21 i
708 194 47 21 dess
771 194 161 27 förhandlingar

177 227 40 22 och
233 227 70 22 beslut
319 228 91 27 deltaga.

524 275 26 21 70
566 275 17 27 8.

246 313 236 23 Kommunalnämnden
504 316 170 20 sammanträder
693 316 13 20 å
726 315 26 21 de
770 315 56 21 tider
842 315 38 21 och
896 314 36 22 det

177 343 81 30 ställe,
270 348 105 21 nämnden
396 348 136 28 bestämmer,
548 355 47 15 men
611 349 62 27 eljest
689 350 24 20 så
729 349 43 21 ofta
789 348 142 22 ordföranden

177 382 37 22 det
230 382 74 28 nödigt
318 382 69 22 finner
402 384 52 21 eller
468 383 94 22 flertalet
573 384 24 20 af
605 384 114 21 nämndens
731 384 118 21 ledamöter
860 384 71 21 derom

177 417 39 20 hos
236 415 142 23 ordföranden
394 419 39 26 gör
449 417 164 28 framställning.
643 418 40 21 Till
699 417 168 22 sammankomst
882 424 50 21 eger

177 451 144 21 ordföranden
336 451 58 22 kalla
411 452 105 21 nämnden
533 452 37 21 och
586 452 37 21 der
639 453 75 21 sådant
729 452 68 27 enligt
812 453 26 20 69
855 452 11 27 $
882 452 49 21 ifrå-

176 486 126 27 gakommer
315 487 80 26 jemväl
412 487 148 27 kyrkoherden
576 487 52 22 eller
644 488 40 21 den
699 487 53 22 hans
768 487 63 21 ställe
842 486 90 22 företrä-

177 520 38 22 der
238 521 100 26 antingen
361 527 77 21 genom
460 521 128 28 kungörelse
611 521 6 22 i
640 522 138 21 kommunens
798 521 67 27 kyrka
880 521 52 22 eller

177 555 80 26 kyrkor
273 555 51 21 eller
340 555 40 21 ock
396 555 27 27 på
439 559 65 18 annat
519 556 96 26 lämpligt
630 558 50 19 sätt.

525 626 24 20 71
566 624 18 28 8.

245 659 43 26 Äro
312 663 129 23 ordförande
465 665 38 21 och
524 664 175 22 viceordförande
714 664 24 22 af
748 665 34 27 jäf
795 664 52 22 eller
863 670 68 16 annan

176 698 62 27 giltig
253 698 66 22 orsak
334 698 105 22 hindrade
455 701 32 19 att
502 700 34 20 vid
553 701 67 19 utsatt
635 699 160 21 sammanträde
810 698 32 28 sig
853 698 79 22 infinna

177 732 52 21 eller
248 732 7 21 i
274 733 90 21 ärendes
383 732 129 29 behandling
527 734 92 26 deltaga,
636 739 39 21 ege
690 733 107 21 nämnden
812 735 49 19 utse
875 733 57 21 inom

177 767 32 27 sig
232 766 69 28 någon
324 770 32 18 att
379 766 33 22 för
431 767 94 22 tillfället
540 768 47 22 föra
603 768 66 21 ordet.
701 768 118 26 Suppleant
834 766 39 22 bör
888 767 6 21 i
910 769 22 25 ty

177 800 44 28 fall,
237 801 69 21 såsom
327 802 41 21 ock
384 802 28 21 då
427 802 32 21 för
475 802 95 22 ledamot
586 802 112 22 enahanda
713 802 70 22 förfall
798 804 84 25 yppats,
898 802 33 20 till

176 836 170 21 sammanträdet
362 836 23 21 af
398 836 90 22 sålunda
504 836 125 22 förhindrad
644 836 97 22 inkallas.

528 906 26 20 72
570 905 18 28 8.

247 944 115 27 Angående
385 945 214 22 kommunalnämnds
619 945 102 27 rättighet
737 947 32 19 att
784 945 55 21 fatta
854 945 77 26 beslut,

177 977 146 28 ordförandes,
349 978 190 27 viceordförandes,
562 979 105 22 ledamots
689 979 52 21 eller
763 979 97 21 inkallad
882 985 51 20 sup-

176 1013 85 26 pleants
286 1015 88 19 utevara
398 1013 47 21 från
468 1014 174 26 sammankomst,
665 1015 73 20 såsom
762 1013 40 22 ock
817 1019 34 16 om
867 1013 64 21 fram-

177 1046 107 21 ställande
307 1047 23 20 af
351 1048 131 26 proposition
505 1048 39 21 och
563 1054 34 15 om
617 1048 115 27 ordningen
747 1047 33 22 för
795 1048 81 21 besluts
891 1047 40 21 fat-

177 1081 66 22 tande
259 1083 55 19 samt
330 1081 48 22 dess
393 1082 147 27 meddelande,
556 1083 33 21 för
603 1082 24 22 så
641 1083 46 21 vidt
697 1082 36 22 det
744 1084 34 19 rör
789 1081 142 22 frånvarande

177 1121 76 20 person
277 1115 98 27 enskildt,
398 1117 61 25 skall,
483 1117 56 21 hvad
562 1117 71 21 derom
654 1117 7 21 i
681 1118 26 21 23
723 1117 12 26 $
750 1123 34 14 om
800 1116 131 21 kommunal-

176 1144 92 27 stämma
282 1152 56 19 samt
355 1151 31 20 uti
401 1151 35 26 36,
451 1152 27 20 37
495 1151 39 21 och
550 1152 26 20 38
592 1151 25 27 $$
628 1156 35 16 om
673 1150 257 27 kommunalfullmäktige

177 1185 24 19 är
218 1184 107 27 stadgadt,
343 1184 6 21 i
365 1185 127 27 tillämpliga
508 1185 58 22 delar
582 1186 57 26 tjena
654 1185 32 21 till
701 1185 151 21 efterrättelse.

526 1256 26 19 13
568 1255 19 25 8.

246 1294 41 20 Vid
307 1293 214 21 kommunalnämnds
536 1294 158 20 sammanträde
709 1293 98 21 handhar
822 1293 108 21 ordföran-

176 1328 39 21 den
238 1327 137 28 protokollet,
392 1327 51 21 eller
461 1328 75 27 tillser,
554 1329 31 20 att
603 1328 118 21 detsamma
737 1328 114 26 behörigen
867 1326 63 22 föres.

175 1362 49 22 Han
241 1361 130 28 ombesörjer
386 1361 61 22 äfven
461 1362 180 26 skriftvexlingen,
652 1362 33 21 för
695 1362 146 26 brefkoncept,
853 1362 78 21 diarier

175 1397 41 21 och
239 1396 161 28 förteckningar
423 1396 59 22 öfver
504 1396 26 22 de
553 1396 23 22 af
597 1396 78 22 honom
691 1397 112 22 utfärdade
819 1397 58 27 intyg
891 1397 40 21 och

175 1432 66 26 bevis,
260 1433 106 26 mottager
380 1431 34 22 till
429 1432 104 21 nämnden
549 1431 70 23 stälda
633 1431 122 22 skrifvelser
765 1432 39 21 och
817 1431 113 22 framställ-
