1031 1711
276 144 81 24 Ständ.
373 145 39 24 Sv.
426 158 27 4 —
467 146 74 27 Prop.
556 146 42 23 N:o
612 147 22 21 6.
801 149 27 18 33

72 211 61 25 eller,
153 211 8 21 i
179 210 107 22 händelse
309 211 24 21 af
351 211 77 22 förfall
444 211 85 29 jämväl
544 212 36 21 för
595 213 80 25 denne,
691 213 24 21 af
729 213 100 21 kommu-

73 245 163 22 nalnämndens
253 245 143 22 ordförande.

142 279 233 22 Kommunalstämma
394 281 71 21 hälles
480 283 13 18 &
508 281 130 28 söckendag
654 281 19 29 ej
690 281 96 28 tidigare
801 284 29 18 än

74 315 12 19 ä
101 313 116 29 fjortonde
233 314 80 28 dagen,
329 314 87 22 räknad
432 315 51 21 frän
498 315 43 21 och
556 315 52 21 med
623 315 44 21 den
681 315 51 29 dag,
743 316 86 28 kungö-

73 348 75 22 relsen
169 348 72 22 första
259 350 91 27 gängen
367 349 129 28 upplästes;
518 356 53 15 men
589 349 88 22 fordras
697 350 36 21 för
748 350 82 21 ärende

74 385 73 19 större
169 383 164 28 skyndsamhet
352 384 43 20 och
414 386 23 18 är
456 383 20 29 ej
492 384 64 28 fräga
572 391 37 14 om
623 391 32 21 ny
671 384 52 22 eller
739 384 92 28 förhöjd

74 417 153 28 beskattning,
253 418 46 21 kan
325 417 124 22 detsamma
475 418 124 21 behandlas
624 420 13 19 å
663 421 94 19 stämma
781 418 50 22 tidi-

74 454 52 26 gast
145 452 44 21 den
211 452 50 28 dag,
281 452 155 28 kungörelsen
455 452 76 22 blifvit
546 452 70 21 andra
631 454 91 27 gången
735 453 9 21 i
758 453 73 28 kyrka

76 486 98 29 uppläst.

424 553 26 18 19
466 551 21 28 g.

144 602 233 22 Kommunalstämma
401 602 41 22 bör
465 602 71 22 hållas
559 604 25 19 sä
601 602 48 22 ofta
666 602 165 29 omständighe-

75 639 65 19 terna
162 637 38 21 det
222 636 95 29 påkalla,
340 636 9 22 i
371 636 80 28 hvarje
470 637 108 21 händelse
597 636 69 22 minst
681 637 51 28 fyra
747 638 86 27 gånger

76 678 37 14 om
128 673 48 19 året
192 672 43 20 och
250 672 58 20 helst
323 673 29 26 på
368 671 102 28 följande
486 671 67 22 tider:
576 678 29 14 en
618 671 9 21 i
641 671 96 22 Januari
751 671 82 21 månad

76 706 36 20 för
134 706 143 28 granskning
299 706 23 21 af
344 705 126 28 taxerings-
492 706 43 21 och
555 705 125 29 röstlängd;
701 713 29 14 en
744 706 9 20 i
767 706 66 28 April

76 740 83 21 månad
177 740 36 21 för
236 740 103 21 fattande
362 739 23 22 af
406 740 75 21 beslut
499 740 8 21 i
525 739 124 29 anledning
664 740 22 20 af
702 740 44 21 den
761 740 72 22 årsbe-

76 775 92 21 rättelse
184 774 43 22 och
242 774 148 28 redovisning
409 774 37 21 för
461 774 136 28 föregående
613 776 58 20 årets
687 774 146 29 förvaltning,

77 816 48 14 som
144 808 247 22 kommunalnämnden
408 808 108 29 afgifver;
540 816 28 14 en
582 808 8 22 i
606 808 132 29 September
752 809 82 21 månad

76 843 37 21 för
128 843 140 22 anställande
284 843 23 21 af
321 843 38 21 val
369 842 35 22 till
415 843 27 21 de
453 843 154 28 befattningar
617 843 63 21 inom
689 844 144 25 kommunen,

76 877 79 22 hvilka
169 877 41 22 vid
224 879 59 20 årets
299 877 45 22 slut
358 877 73 22 blifva
445 877 83 30 lediga,
540 880 56 19 samt
607 877 33 22 till
651 878 123 29 taxerings-
785 879 48 24 och,

78 913 40 20 där
138 912 73 22 beslut
232 912 78 22 därom
325 912 89 25 fattats,
429 912 85 29 jämväl
528 912 214 29 pröfningsnämnd;
759 913 75 22 äfven-

77 954 50 15 som
149 955 29 14 en
195 947 8 21 i
221 947 126 22 December
363 947 85 21 månad
462 947 36 21 för
513 947 168 22 bestämmande
697 947 23 22 af
734 947 101 22 kommu-

78 989 56 14 nens
157 981 89 29 utgifts-
266 981 43 22 och
327 981 147 22 inkomststat
490 981 73 22 under
578 981 38 22 det
631 981 135 22 kommande
781 983 52 20 året.

427 1053 28 19 20
470 1051 21 28 8.

147 1097 75 27 Äskar
244 1102 137 29 tjensteman
404 1103 54 21 eller
478 1104 42 20 ock
535 1103 88 22 enskild
637 1110 84 21 person
735 1103 100 22 kommu-

79 1137 144 21 nalstämmas
239 1137 207 22 sammankallande
462 1137 36 21 för
512 1137 122 29 uppgifvet
650 1137 88 26 ärende,
750 1137 86 22 anmäle

79 1171 80 22 därom
183 1172 42 20 hos
252 1171 160 26 ordföranden,
440 1179 49 14 som
516 1173 40 21 har
581 1174 32 19 att
638 1172 71 21 sådan
733 1172 103 21 anhållan

79 1206 88 28 pröfva.
198 1206 89 22 Varder
310 1206 74 22 denna
408 1206 100 28 begäran
531 1206 107 28 afslagen,
661 1206 102 22 meddele
784 1207 51 25 han,

80 1247 37 15 om
133 1242 24 19 så
172 1240 72 26 äskas,
260 1240 39 22 sitt
314 1240 75 22 beslut
404 1240 130 29 skriftligen
548 1241 52 22 med
616 1241 79 21 skälen
709 1241 75 21 därtill
794 1242 43 20 och

80 1274 63 28 gifve
158 1274 71 22 tillika
245 1275 71 21 sådan
331 1274 125 29 anvisning
469 1275 33 21 till
517 1276 92 21 besvärs
625 1275 130 25 anförande,
771 1275 65 22 som
819 1270 20 38 i

81 1310 27 19 99
124 1309 14 28 8
155 1312 70 25 säges.

428 1367 26 19 21
472 1366 20 28 S.

150 1416 52 21 Kan
220 1416 172 29 handläggning
413 1416 23 21 af
452 1416 82 23 ärende
549 1418 13 19 ä
576 1417 225 21 kommunalstämma
817 1416 19 29 ej

82 1453 28 27 pä
133 1453 71 20 utsatt
226 1451 45 29 dag
293 1451 34 22 till
349 1451 45 22 slut
417 1451 98 29 bringas,
536 1452 123 21 bestämme
679 1451 158 27 ordföranden,

758 1502 11 18 3
