1034 1714
196 129 14 19 8
421 125 24 22 U.
462 125 24 23 B.
503 138 26 2 —
544 124 66 29 Prop.
626 124 37 22 N:o
679 124 20 22 6.

196 191 34 22 för
250 190 91 22 tillfället
358 190 113 21 hindrade"
488 190 32 20 till
544 184 40 33 ,,Är
599 189 56 22 såväl
677 188 125 22 ordförande
825 196 46 14 som
893 188 54 22 vice-

197 225 124 22 ordförande
337 224 22 22 af
369 224 34 29 jäf
417 224 48 22 eller
480 231 70 15 annan
564 224 62 22 orsak
640 223 33 21 för
687 222 91 22 tillfället
792 222 109 22 hindrad*.

265 260 107 28 Borgare-
394 259 41 21 och
453 258 168 23 Bondeständen
642 258 63 21 hafva
727 258 81 28 antagit
825 257 122 22 Utskottets

196 294 133 22 betänkande
343 293 45 21 häri
403 293 143 21 oförändradt.

264 328 112 22 Utskottet
389 327 39 22 har
443 328 69 21 ansett
526 327 52 21 felet
592 326 50 22 böra
656 327 76 26 rättas;
754 326 41 22 och
809 325 139 22 öfverlemnas

195 362 57 28 förty
266 362 33 22 till
314 362 117 21 Ständerna
444 361 107 22 vördsamt

402 420 106 22 huruvida
529 419 20 29 ej
571 420 56 21 detta
650 426 59 14 mom.
732 418 66 22 skulle
812 418 81 22 erhålla
907 417 41 28 föl-

331 454 69 28 jande
421 454 90 28 lydelse:
534 449 46 33 ,Är
601 453 59 22 såväl
683 452 130 28 ordförande
833 459 44 15 som
895 452 53 22 vice-

333 488 130 27 ordförande
485 488 27 28 af
521 488 41 28 jäf
574 488 48 22 eller
638 494 77 15 annan
731 487 62 21 orsak
806 486 35 28 för
856 486 93 28 tillfället

333 522 101 28 hindrad,
458 523 56 22 ledas
536 522 200 29 förhandlingarna
758 521 37 22 vid
815 520 132 23 kommunal-

332 559 91 20 stämma
443 557 30 28 pä
495 559 43 20 sätt
556 557 8 22 i
581 557 177 28 nästföregäende
773 563 60 15 mom.
849 558 26 19 är
889 555 58 22 stad-

333 591 73 28 gadt*.

492 687 27 22 18
533 688 15 28 $
562 688 15 21 3
592 694 61 15 mom.

264 739 158 27 Ridderskapet
437 739 36 22 och
483 739 71 22 Adelm
569 739 55 20 samt
637 739 182 27 Borgareständet
834 737 62 22 hafva
911 745 36 14 an-

196 773 54 28 tagit
264 774 119 21 momentet
397 773 66 28 enligt
478 773 122 22 Utskottets
616 772 139 28 betänkande,
770 772 110 22 hvaremot

264 807 83 22 Preste-
369 807 40 22 och
426 807 168 22 Bondeständen
614 807 95 28 godkänt
723 807 34 20 för
771 808 120 20 momentet
906 807 42 21 den

194 841 85 28 lydelse,
295 842 118 21 detsamma
426 841 39 22 har
478 841 8 21 i
500 841 155 22 reservationen
671 841 37 22 VI.

264 876 95 21 Emedan
374 875 81 22 Preste-
478 876 41 21 och
540 875 175 22 Bondeständens
736 875 69 22 beslut
827 877 36 20 äro
878 875 67 22 öfver-

196 910 170 21 ensstämmande
381 910 48 21 med
444 910 95 27 gällande
553 909 134 29 lagstiftning
701 910 7 21 i
723 910 70 21 denna
807 910 39 27 del,
861 909 89 22 föresläs

195 944 108 21 vördsamt

401 1003 32 21 att
446 1001 158 29 Ridderskapet
626 1001 36 23 och
677 1001 70 23 Adeln
768 1004 55 20 samt
842 1001 108 29 Borgare-

332 1036 85 22 ständet
431 1036 54 28 ville,
501 1036 47 22 med
562 1036 136 28 frängäende
713 1036 28 28 af
751 1037 50 21 sina
816 1036 84 22 beslut
892 1032 9 36 i
914 1043 33 15 sa-

331 1070 48 26 ken,
393 1070 77 28 förena
485 1071 33 28 sig
533 1078 33 14 om
582 1071 40 21 den
638 1070 82 28 lydelse,
731 1078 43 15 som
788 1071 35 27 för
836 1072 112 21 momentet

331 1105 120 27 föreslagits
466 1105 9 21 i
490 1105 41 22 den
546 1105 66 27 sjette,
631 1104 142 23 betänkandet
788 1105 113 28 vidfogade
915 1112 34 15 re-

331 1140 141 21 servationen.

483 1235 30 21 33
527 1238 17 22 $
558 1237 16 19 2
588 1242 61 14 mom.

262 1285 156 27 Ridderskapet
433 1285 36 21 och
483 1286 70 22 Adeln
568 1286 56 20 samt
638 1286 163 22 Bondeständet
814 1286 63 21 hafva
891 1286 54 28 god-

194 1319 51 21 känt
260 1320 119 20 momentet
393 1318 66 28 enligt
474 1318 123 23 Utskottets
612 1319 141 22 betänkande.

262 1353 82 22 Preste-
359 1353 41 21 och
415 1354 191 28 Borgareständen
628 1354 68 28 hafva,
718 1354 49 21 med
789 1354 118 28 antagande
923 1354 23 22 af

193 1389 120 20 momentet
326 1388 8 20 i
349 1387 70 29 öfrigt,
435 1388 72 28 utbytt
522 1389 65 21 orden
604 1396 39 20 ,en
657 1389 113 28 tredjedel"
782 1390 46 20 mot
840 1396 41 20 ,en
895 1388 52 30 fjer-

194 1421 79 23 dedel*.

262 1462 159 18 Kommunalutsk.
433 1462 175 24 sammanj.-förslag
619 1462 8 18 i
639 1462 37 18 anl.
689 1463 22 23 af
721 1462 96 20 Utskottets
829 1464 32 17 bet.
874 1463 34 19 N:o
922 1464 16 17 1.
