1034 1711
193 135 26 20 12
432 133 32 27 'U.
480 133 24 21 B.
520 133 93 28 —Prop.
628 132 37 22 N:o
681 131 20 23 6.

540 199 26 18 69
581 198 20 25 $.

401 242 36 22 Uti
458 242 75 28 frågor
548 241 113 28 angående
674 241 104 28 folkskola
792 241 62 28 hafve
868 241 74 28 kyrko-

328 277 80 21 herden
423 276 55 28 eller,
494 277 8 21 i
512 277 57 21 hans
577 276 110 28 frånvaro,
697 276 101 28 kapellan
807 275 49 23 eller
866 282 77 16 annan

327 311 10 22 i
351 311 153 27 församlingen
521 310 159 29 tjenstgörande
690 312 66 26 prest,
772 310 64 28 äfven
850 317 34 15 om
898 310 45 22 han

328 346 45 22 icke
392 348 26 19 är
432 346 91 22 ledamot
538 345 27 28 af
576 345 239 27 kommunalnämnden,
831 346 45 20 rätt
889 346 32 20 att
934 344 10 22 i

329 380 46 22 dess
388 380 170 28 förhandlingar
573 379 90 29 deltaga.

396 415 104 25 Angående
515 416 41 19 rätt
570 415 33 24 för
615 415 143 20 vederbörande
763 416 57 24 prest
830 415 34 20 och
876 415 68 19 läkare

329 451 28 18 att
379 449 35 20 vid
435 449 118 26 behandling
576 449 25 24 af
614 450 54 19 vissa
684 449 64 20 andra
762 449 68 25 frågor
844 449 77 25 deltaga
936 449 9 19 i

329 484 198 19 kommunalnämnds
550 484 48 19 eller
617 489 67 14 annan
698 483 34 25 för
745 483 123 20 kommunalt
882 484 61 19 ända-

329 517 40 21 mål
390 518 72 19 tillsatt
486 518 115 25 bestyrelses
624 518 123 19 verksamhet
768 519 25 18 är
814 518 129 20 annorstädes

328 552 98 25 stadgadt.

543 656 26 19 72
583 656 20 24 8.

260 710 176 28 Borgareständet
458 711 38 21 har
510 711 47 21 från
573 711 36 29 $:n
623 711 97 22 uteslutit
734 711 66 21 orden
816 711 46 27 ,för
876 711 68 21 sävidt

192 746 36 20 det
241 747 35 19 rör
289 745 137 21 frånvarande
448 752 77 20 person
541 745 110 27 enskildt*,
671 745 109 22 hvaremot
796 745 67 28 öfriga
878 745 67 22 Stånd

192 779 94 28 godkänt
301 779 35 29 8&:n
351 778 131 22 oförändrad.

259 813 146 28 Anledningen
419 813 32 21 till
466 813 187 29 Borgareståndets
668 814 69 21 beslut
751 814 44 27 har,
807 814 66 28 enligt
883 813 62 22 Stån-

191 848 46 21 dets
260 848 242 27 diskussionsprotokoll,
517 848 53 21 varit
585 848 41 21 den
641 849 37 25 att,
694 848 27 22 då
736 848 31 21 uti
781 856 21 19 p.
819 851 19 18 1.
854 848 22 21 af
890 848 54 28 998

190 881 124 22 förutsättes
329 883 32 20 att
375 882 214 21 kommunalnämnds
603 882 69 21 beslut
687 882 107 21 meddelas
803 889 79 21 genom
892 882 52 21 kun-

191 917 80 27 görelse
286 916 8 21 i
309 916 66 28 kyrka
389 916 40 21 och
444 916 8 20 i
467 917 58 20 detta
540 916 97 21 afseende
652 916 143 28 uttryckligen
807 916 97 21 hänvisas
913 916 32 21 till

191 952 26 20 72
234 951 18 28 &,
268 958 50 14 men
333 957 24 14 ur
371 951 69 20 denna
455 957 72 14 senare
542 950 13 29 &
567 950 93 28 jemförd
674 951 49 20 med
733 953 27 18 38
772 950 19 29 8,
800 952 45 19 åter
852 950 93 28 framgår

192 986 31 20 att
238 985 74 21 sådant
326 984 68 21 beslut
408 984 48 21 icke
470 983 101 22 behöfver
585 984 105 21 meddelas
706 991 77 21 genom
798 984 125 28 kungörelse
937 984 8 21 i

191 1019 72 28 kyrka,
286 1026 26 13 en
334 1018 107 27 uppenbar
462 1019 127 27 motsägelse
607 1025 49 14 vore
673 1018 34 21 för
721 1019 84 21 handen
820 1019 41 21 och
876 1019 69 20 derför

191 1053 64 21 borde
271 1053 102 27 aflägsnas
387 1053 28 27 på
430 1053 42 21 sätt
488 1052 63 22 ofvan
566 1053 91 26 antydts.

258 1086 74 27 Enligt
353 1086 124 21 Utskottets
499 1087 64 20 tanke
585 1086 115 21 innehåller
723 1089 25 18 72
772 1087 12 28 &
807 1094 26 13 en
848 1085 97 22 bestämd

191 1119 113 28 föreskrift,
327 1121 32 20 att
380 1120 214 21 kommunalnämnds
609 1119 73 27 beslut,
699 1127 46 14 som
760 1122 34 19 rör
808 1120 137 21 frånvarande

191 1161 76 21 person
282 1154 97 26 enskildt,
395 1154 52 20 skall
463 1154 106 21 meddelas
583 1154 8 20 i
601 1153 216 21 öfverensstämmelse
826 1154 50 20 med
887 1155 26 19 38
924 1153 20 29 8,

191 1188 110 21 hvaremot
321 1188 8 20 i
345 1187 40 21 den
398 1187 57 21 förra
472 1187 12 29 &
500 1188 17 26 ej
533 1188 135 26 bestämmes,
684 1188 32 20 att
731 1187 63 21 andra
809 1187 69 21 beslut
892 1188 52 20 nöd-

191 1222 117 28 vändigtvis
322 1221 90 21 behöfva
426 1222 107 27 kungöras
547 1221 8 21 i
569 1221 72 28 kyrka,
656 1221 61 21 äfven
733 1228 35 14 om
784 1221 25 21 de
824 1223 47 19 röra
884 1222 60 20 kom-

191 1262 85 15 munen.
306 1255 46 21 Och
373 1257 22 19 är
416 1255 89 21 orsaken
521 1256 69 20 härtill
605 1255 41 20 den
662 1256 37 26 att,
715 1256 27 19 då
756 1256 77 19 största
848 1255 61 21 delen
924 1254 23 21 af

189 1289 241 21 kommunalnämndens
445 1289 69 21 beslut
529 1291 46 19 röra
588 1289 130 21 kommunen
734 1288 41 22 och
787 1288 57 28 förty
857 1290 23 19 så
891 1289 53 27 godt

191 1330 46 14 som
252 1323 71 28 hvarje
338 1323 41 22 den
394 1322 154 29 obetydligaste
564 1322 73 28 åtgärd
652 1322 22 22 af
682 1322 113 28 nämnden,
804 1330 36 14 om
848 1325 26 19 38
877 1318 10 38 $
883 1322 61 30 till-

190 1357 112 28 lämpades,
325 1357 64 22 borde
412 1357 107 22 meddelas
541 1364 79 22 genom
642 1357 124 29 kungörelse
781 1357 7 21 i
802 1357 72 28 kyrka,
891 1357 52 21 både

190 1392 107 22 nämnden
319 1392 40 21 och
381 1392 155 28 presterskapet
555 1392 124 28 härigenom
694 1392 119 28 onödigtvis
828 1392 66 22 skulle
908 1392 36 21 be-

191 1428 68 20 sväras
273 1427 50 21 med
337 1428 32 20 ett
383 1426 134 28 synnerligen
533 1427 62 28 drygt
611 1427 77 21 arbete.

258 1467 160 18 Kommunalutsk.
432 1467 177 23 sammanj.-förslag
622 1467 7 17 i
641 1467 36 18 anl.
690 1467 24 23 af
723 1467 94 18 Utskottets
829 1468 31 17 bet.
873 1467 33 18 N:o
919 1468 16 17 1.
