1031 1700
283 132 82 22 Ständ.
381 132 38 23 Sv.
435 145 28 3 —
477 132 71 27 Prop.
564 133 39 21 N:o
618 132 22 22 6.
822 134 12 18 5

85 200 54 19 setts
160 198 76 28 nödig,
259 197 97 21 hvarvid
379 198 37 20 det
438 198 71 20 tillika
532 203 64 22 synts
619 197 111 28 sakenligt
748 202 32 16 att
795 197 39 20 här

86 232 110 21 bibehålla
218 232 43 20 den
283 232 7 20 i
306 232 103 27 gällande
424 232 135 27 förordning
574 232 110 27 ingående
699 231 135 21 bestämnin-

84 274 44 20 gen
144 268 38 23 att,
199 266 39 20 där
253 266 53 21 flere
321 266 158 28 församlingar
495 269 38 18 äro
546 266 107 20 förenade
664 266 72 20 under
746 272 88 21 gemen-

84 307 47 14 sam
149 300 270 28 kommunalförvaltning
438 301 42 21 och
495 300 64 28 fråga
574 302 37 19 rör
625 300 58 20 blott
698 307 28 13 en
742 300 92 20 försam-

84 334 58 28 lings
165 338 51 22 rätt,
238 335 74 21 denna
334 342 77 14 ensam
426 335 40 21 har
482 338 31 18 att
529 335 69 21 saken
613 334 34 21 till
661 333 174 29 öfverläggning

84 369 39 21 vid
137 370 225 20 kommunalstämma
377 372 106 25 upptaga.
506 369 35 28 Ty
555 368 72 22 under
644 368 43 21 den
701 368 34 21 tid
751 368 25 21 af
788 376 46 12 mer

84 407 28 17 än
127 404 75 20 trettio
226 406 23 18 år
271 404 104 27 gällande
393 403 266 28 kommunalförfattning
673 403 59 21 varit
748 402 7 21 i
770 402 64 21 verk-

84 438 86 21 samhet
192 439 40 20 har
251 441 55 18 utan
321 437 81 22 tvifvel
417 438 147 21 omförmälda
579 437 142 28 bestämning
736 439 29 26 på
780 436 53 21 flere

83 472 80 21 ställen
185 472 121 28 tillämpats
326 473 42 20 och
383 472 132 28 därigenom
530 473 67 20 äfven
612 471 126 22 framkallat
753 471 81 21 förhål-

83 507 83 21 landen
184 507 25 20 af
225 507 43 20 den
287 510 40 22 art,
344 509 31 19 att
391 507 27 20 de
433 507 50 21 icke
498 507 70 21 borde
583 506 83 21 rubbas
681 513 82 20 genom
778 505 56 21 infö-

83 542 70 21 rande
168 541 25 22 af
206 549 45 21 nya
266 542 141 28 stadganden
421 541 8 21 i
445 545 80 17 ämnet.
548 542 130 20 Detsamma
688 540 68 29 gäller
768 540 67 21 äfven

84 577 116 25 särskilda,
223 577 72 21 under
317 577 98 21 nämnda
437 576 124 29 tidsperiod
583 576 117 21 tillkomna
723 575 111 22 distrikts-

83 611 142 29 indelningar
240 612 52 20 med
307 610 129 29 åtföljande,
447 612 25 20 af
480 612 137 20 kommunen
627 618 47 13 mer
684 610 52 21 eller
747 610 87 21 mindre

84 646 126 22 oberoende
226 646 145 28 förvaltning.

152 681 82 21 Medan
250 683 26 19 12
292 680 14 28 $
321 680 8 21 i
344 680 103 28 gällande
466 680 264 28 kommunalförordning
745 679 89 21 berätti-

83 722 41 21 gar
146 715 135 28 röstegande
304 718 32 18 att
358 714 34 22 sin
416 715 61 21 talan
495 715 42 21 och
555 717 92 19 rösträtt
662 716 22 19 åt
699 721 75 14 annan
788 714 45 20 väl-

83 749 89 28 frejdad
187 756 83 21 person
285 749 115 25 öfverlåta,
416 750 41 20 har
470 749 8 21 i
488 750 82 27 nådiga
580 749 170 28 propositionen
761 749 74 20 denna

83 784 137 28 befogenhet
238 784 129 21 inskränkts
391 784 58 20 ända
467 784 90 24 därhän,
577 786 32 18 att
624 786 120 18 rösträtten
758 783 76 21 kunde

84 818 120 21 öfverlåtas
225 818 79 21 endast
320 820 12 18 å
347 826 75 13 annan
437 818 174 28 röstberättigad
625 818 96 21 medlem
736 817 25 22 af
774 818 61 20 kom-

83 860 89 14 munen.
196 853 35 21 En
246 853 64 27 dylik
324 853 166 28 inskränkning
505 853 40 21 har
561 853 58 21 dock
635 855 63 25 synts
710 852 125 22 Ständerna

83 887 35 21 för
134 890 53 23 stor,
203 890 53 18 enär
272 888 129 20 densamma
417 888 168 27 otvifvelaktigt
595 888 89 20 komme
695 890 32 18 att
738 889 97 26 mången

83 923 61 27 gång
159 922 118 21 framkalla
293 922 114 28 svårighet
422 922 36 21 för
473 922 226 21 kommunalmedlem
715 924 32 18 att
763 922 72 21 skaffa

83 957 35 28 sig
142 960 31 18 ett
196 957 89 25 ombud,
309 957 36 21 för
368 956 87 22 hvilket
474 957 45 21 han
534 958 66 26 hyste
615 956 135 22 förtroende.
782 956 52 21 Med

83 991 91 21 hänsikt
187 992 75 20 härtill
278 992 42 21 och
336 992 35 24 då,
387 992 70 27 enligt
473 992 138 20 Ständernas
622 991 152 25 förmenande,
785 991 49 21 icke

83 1026 186 28 röstberättigade
292 1026 143 20 medlemmar
459 1026 24 20 af
502 1026 143 25 kommunen,
669 1027 73 20 såsom
760 1025 74 27 lägen-

83 1060 209 21 hetsinnehafvares
314 1060 188 21 hemmavarande
523 1063 65 19 söner
604 1060 43 21 och
662 1060 82 28 dylike,
761 1060 73 20 säker-

83 1094 60 28 ligen
158 1095 79 21 endast
252 1095 8 20 i
275 1094 169 28 undantagsfall
455 1096 41 20 och
508 1095 40 21 vid
558 1094 98 28 verkligt
664 1094 72 21 behof
746 1095 88 20 komme

83 1131 32 19 att
129 1128 72 22 blifva
216 1130 103 21 använde
333 1129 34 21 till
381 1129 85 21 ombud
475 1129 40 21 vid
524 1128 231 26 kommunalstämma,
766 1128 69 22 hafva

84 1163 132 26 Ständerna,
235 1164 51 21 med
308 1163 105 22 afseende
429 1163 84 28 jämväl
529 1166 12 19 å
557 1163 195 28 bestämningarne
768 1163 8 21 i
791 1165 12 19 3
820 1163 14 28 &

84 1199 25 20 15
125 1198 51 27 kap.
192 1198 27 21 R.
231 1198 33 25 B.,
281 1198 96 28 vidtagit
393 1199 70 20 sådan
477 1199 95 27 ändring
582 1198 33 21 uti
628 1200 9 19 1
650 1205 65 14 mom.
728 1199 24 20 af
760 1198 74 21 denna

82 1233 112 27 paragraf,
211 1235 32 18 att
258 1233 135 28 röstegande
408 1233 145 21 tillerkännas
566 1233 136 28 befogenhet
713 1235 31 18 att
755 1232 79 21 utöfva

83 1266 34 21 sin
135 1269 92 18 rösträtt
249 1274 82 20 genom
349 1274 74 14 annan
439 1267 67 21 äfven
520 1267 50 21 icke
585 1267 174 27 röstberättigad
774 1267 60 20 med-

82 1301 42 20 lem
141 1301 23 20 af
179 1301 137 21 kommunen
331 1301 52 21 eller
399 1301 43 21 ock
457 1301 138 28 skyldeman,
612 1308 48 14 som
670 1304 24 17 är
704 1301 60 21 finsk
774 1300 60 21 med-

83 1335 101 27 borgare,
200 1336 79 19 endast
295 1335 51 20 med
362 1336 37 19 det
409 1335 73 20 vilkor
493 1338 32 18 att
536 1336 107 19 ombudet
653 1338 23 16 är
687 1335 105 27 behörigt
802 1340 32 15 att

82 1369 41 21 hos
140 1368 96 22 domstol
251 1369 53 20 eller
318 1368 134 28 myndighet
462 1369 8 20 i
481 1369 119 21 allmänhet
610 1368 49 22 föra
669 1376 86 14 annans
766 1369 66 20 talan.

82 1403 54 21 Men
154 1403 67 21 äfven
239 1403 51 21 med
305 1403 45 20 den
365 1402 96 28 ändring
477 1403 126 21 Ständerna
617 1403 8 20 i
640 1403 146 27 nyssanfördt
802 1402 31 21 af-

83 1437 81 21 seende
180 1437 96 27 vidtagit
291 1438 70 19 måste
372 1436 136 28 rättigheten
519 1439 31 18 att
560 1437 39 20 vid
609 1437 224 21 kommunalstämma

850 682 26 18 12
892 679 20 28 8.
