1045 1717
208 124 13 20 4
509 121 40 21 N:o
567 122 30 20 10.

247 190 41 22 Till
306 190 130 22 bekostande
455 190 24 20 af
501 189 175 27 bankinspektion
697 189 38 21 och
751 188 84 28 publikt
850 187 77 22 ombud

180 226 55 20 skall
256 225 55 21 bank
330 224 89 26 bidraga
436 224 47 20 med
500 224 74 27 2/,;,9/,
590 224 21 21 af
626 224 95 20 bankens
737 223 71 21 aktiva
823 222 35 22 vid
873 222 55 21 före-

179 259 80 27 gående
283 260 34 20 års
341 258 85 27 utgång,
449 258 54 21 dock
525 258 54 21 skall
602 258 96 27 bidraget
721 258 51 27 utgå
795 257 47 21 med
865 256 64 21 minst

182 295 60 25 1,000
261 294 59 21 mark
340 292 46 22 från
403 293 60 26 bank,
481 299 43 15 som
542 293 89 27 utgifver
648 292 148 28 obligationer,
812 293 55 20 samt
883 290 45 22 från

180 335 68 15 annan
264 328 55 22 bank
336 328 47 21 med
399 328 62 21 minst
477 328 41 21 500
533 328 66 21 mark.

533 375 12 28 8
561 376 20 20 9.

247 416 76 21 Derest
339 416 66 21 banks
421 416 113 27 tillgångar
550 422 74 21 genom
641 415 111 21 inträtfade
768 414 100 22 förluster
883 414 7 20 i
905 413 24 21 sä

179 450 93 27 betydlig
294 450 48 22 män
365 450 94 27 nedgätt,
483 452 32 20 att
538 450 114 26 desamma,
675 449 54 21 efter
745 448 74 28 afdrag
836 448 22 22 af
871 448 57 21 skul-

180 486 75 20 dernas
278 485 83 27 belopp,
377 485 45 21 icke
445 486 76 26 utgöra
536 485 62 21 nittio
615 487 86 24 procent
717 484 22 21 af
752 484 48 20 dess
814 482 115 22 faststälda

179 520 157 27 grundkapital,
353 520 60 25 skall,
430 520 88 21 säframt
533 519 168 22 förbindelserna
713 518 28 22 dä
751 518 115 27 öfverstiga
877 517 51 21 fem-

179 554 78 27 faldiga
279 554 100 27 beloppet
402 554 22 21 af
448 554 93 22 bankens
564 553 133 22 äterstäende
720 553 88 27 kapital,
832 552 96 22 bankens

179 589 89 27 styrelse
284 588 72 22 derom
372 589 85 21 anmäla
473 589 38 21 hos
527 588 193 27 bankinspektören
737 588 39 21 och
786 589 76 26 genast
873 593 55 15 sam-

180 624 106 21 mankalla
304 625 61 19 extra
384 624 171 26 bolagsstämma.
586 623 97 21 Besluter
699 622 180 28 bolagsstämman
896 623 32 20 att

178 658 55 22 hvad
251 664 45 16 som
316 658 108 22 erfordras
443 658 34 21 till
493 658 132 22 betäckande
641 657 23 21 af
678 657 41 22 den
735 658 7 20 i
756 656 172 28 grundkapitalet

179 693 120 27 uppkomna
317 692 82 22 bristen
419 693 56 21 inom
491 693 64 27 högst
571 695 31 19 tre
617 692 101 22 mänader
733 692 117 27 tillskjutas
866 691 61 27 skall,

178 728 35 21 mä
232 728 95 21 bankens
351 728 80 21 rörelse
447 727 120 26 fortsättas;
591 727 38 21 och
645 727 65 27 gäller
727 727 6 21 i
748 726 100 22 afseende
864 727 13 20 å
892 726 35 21 be-

178 762 80 22 slutadt
280 762 98 26 tillskott,
395 764 32 19 att
447 762 128 27 bolagsman,
591 768 44 15 som
651 762 18 26 ej
685 761 37 21 vill
738 761 76 21 sädant
829 760 98 27 fullgöra,

177 797 46 21 icke
239 797 71 21 dertill
325 797 77 27 pligtig
418 798 29 24 är,
464 803 46 14 men
526 797 33 21 att
575 796 24 21 de
615 796 129 27 bolagsmän,
756 802 45 15 som
813 796 115 20 tillskottet

178 832 110 26 verkstält,
304 833 36 19 äro
356 831 134 27 berättigade
507 833 31 20 att
553 832 23 20 af
590 831 97 21 bankens
703 830 109 22 blifvande
827 830 100 21 behällna

178 866 130 26 vinstmedel,
329 866 65 21 innan
412 872 69 15 annan
503 866 108 26 utdelning
627 866 54 26 sker,
698 865 159 22 äterbekomma
872 865 55 21 hvad

177 900 23 22 af
214 901 47 21 dem
277 900 113 27 tillskjutet
406 900 74 27 blifvit,
494 900 65 27 jemte
575 907 35 14 sex
622 902 99 25 procents
733 900 53 27 årlig
797 902 62 19 ränta
870 899 57 22 derä.

177 935 125 22 Underlätes
324 935 139 21 förenämnda
479 935 99 21 anmälan
594 935 51 21 eller
661 936 101 20 stämmäs
783 934 144 22 sammankal-

176 970 63 20 lande
261 970 52 20 eller
335 970 95 21 kommer
452 970 69 20 beslut
544 976 33 14 om
600 969 213 27 tillskottsbetalning
828 969 47 21 icke
893 969 34 21 till

176 1004 63 22 ständ
255 1004 50 22 eller
322 1004 74 22 varder
412 1004 66 22 sädan
495 1004 45 22 icke
555 1004 57 22 inom
629 1004 128 27 ofvansagda
768 1004 31 21 tid
810 1004 115 25 verkstäld,

176 1045 49 21 eger
248 1039 194 27 bankinspektören
465 1041 75 25 genast
555 1039 7 21 i
579 1040 46 26 laga
650 1039 89 27 ordning
761 1038 52 22 söka
832 1038 95 22 bankens

176 1074 117 27 stängande
304 1076 57 19 samt
372 1074 48 20 dess
431 1074 105 21 ställande
547 1074 66 21 under
622 1073 112 27 utredning
743 1073 39 21 och
790 1073 135 27 upplösning.

243 1108 69 21 Hafva
328 1108 67 21 banks
411 1108 114 27 tillgångar
540 1108 87 27 nedgätt
644 1108 85 27 derhän,
741 1110 32 19 att
789 1108 75 20 endast
874 1107 52 27 sjut-

176 1142 73 22 tiofem
273 1145 87 25 procent
380 1142 23 22 af
431 1143 182 27 grundkapitalets
636 1142 113 22 faststälda
771 1143 77 26 belopp
871 1142 56 21 äter-

175 1179 41 26 stä,
232 1180 23 19 är
278 1178 193 26 bankinspektören
495 1178 82 27 skyldig
599 1180 33 19 att
647 1178 131 21 omedelbart
793 1178 86 26 vidtaga
894 1177 32 22 ät-

175 1213 52 27 gärd
242 1212 33 22 för
290 1212 94 22 bankens
401 1213 122 27 stängande.

523 1254 11 25 8
552 1254 32 20 10.

241 1291 59 21 Bank
316 1291 54 21 skall
385 1292 7 20 i
408 1291 83 21 landets
507 1292 89 21 officiela
613 1292 106 26 tidningar
735 1291 44 22 läta
793 1292 79 21 införa:

244 1326 20 27 1)
284 1326 73 27 hvarje
372 1325 83 27 mänad,
471 1332 26 16 en
513 1326 126 22 summarisk
655 1326 85 28 uppgift
756 1326 59 22 öfver
830 1326 95 22 bankens

177 1361 100 27 ställning
292 1361 35 21 vid
342 1361 177 27 nästföregäende
535 1361 87 22 mänads
638 1362 87 28 utgäng,
741 1362 85 22 hvilken
842 1361 83 29 uppgift

174 1396 39 22 bör
228 1398 106 26 uppgöras
351 1396 66 28 enligt
432 1396 109 29 formulär,
558 1403 44 15 som
619 1397 103 22 Senatens
732 1397 193 27 Ekonomiedepar-

172 1433 82 21 tement
268 1431 104 28 godkänt;
391 1434 56 20 samt
