<?xml version="1.0" encoding="UTF-8"?>
<alto xmlns="http://www.loc.gov/standards/alto/ns-v3#" xmlns:xlink="http://www.w3.org/1999/xlink" xmlns:xsi="http://www.w3.org/2001/XMLSchema-instance" xsi:schemaLocation="http://www.loc.gov/standards/alto/ns-v3# http://www.loc.gov/alto/v3/alto-3-0.xsd">
	<Description>
		<MeasurementUnit>pixel</MeasurementUnit>
		<sourceImageInformation>
			<fileName>/tmp/tess_c3o1gahr_input.PNG</fileName>
		</sourceImageInformation>
		<OCRProcessing ID="OCR_0">
			<ocrProcessingStep>
				<processingSoftware>
					<softwareName>tesseract 5.3.4</softwareName>
				</processingSoftware>
			</ocrProcessingStep>
		</OCRProcessing>
	</Description>
	<Layout>
		<Page WIDTH="1045" HEIGHT="1714" PHYSICAL_IMG_NR="0" ID="page_0">
			<PrintSpace HPOS="0" VPOS="0" WIDTH="1045" HEIGHT="1714">
				<ComposedBlock ID="cblock_0" HPOS="329" VPOS="138" WIDTH="540" HEIGHT="30">
					<TextBlock ID="block_0" HPOS="329" VPOS="138" WIDTH="540" HEIGHT="30">
						<TextLine ID="line_0" HPOS="329" VPOS="138" WIDTH="540" HEIGHT="30">
							<String ID="string_0" HPOS="329" VPOS="138" WIDTH="30" HEIGHT="23" WC="0.93" CONTENT="U."/><SP WIDTH="15" VPOS="138" HPOS="359"/>
							<String ID="string_1" HPOS="374" VPOS="139" WIDTH="28" HEIGHT="22" WC="0.87" CONTENT="B."/><SP WIDTH="16" VPOS="139" HPOS="402"/>
							<String ID="string_2" HPOS="418" VPOS="151" WIDTH="26" HEIGHT="4" WC="0.89" CONTENT="—"/><SP WIDTH="14" VPOS="151" HPOS="444"/>
							<String ID="string_3" HPOS="458" VPOS="139" WIDTH="76" HEIGHT="29" WC="0.95" CONTENT="Prop."/><SP WIDTH="14" VPOS="139" HPOS="534"/>
							<String ID="string_4" HPOS="548" VPOS="138" WIDTH="44" HEIGHT="24" WC="0.95" CONTENT="N:o"/><SP WIDTH="14" VPOS="138" HPOS="592"/>
							<String ID="string_5" HPOS="606" VPOS="139" WIDTH="37" HEIGHT="22" WC="0.96" CONTENT="10."/><SP WIDTH="215" VPOS="139" HPOS="643"/>
							<String ID="string_6" HPOS="858" VPOS="141" WIDTH="11" HEIGHT="19" WC="0.95" CONTENT="7"/>
						</TextLine>
					</TextBlock>
				</ComposedBlock>
				<ComposedBlock ID="cblock_1" HPOS="117" VPOS="210" WIDTH="756" HEIGHT="1271">
					<TextBlock ID="block_1" HPOS="117" VPOS="210" WIDTH="754" HEIGHT="269">
						<TextLine ID="line_1" HPOS="119" VPOS="210" WIDTH="752" HEIGHT="29">
							<String ID="string_7" HPOS="119" VPOS="212" WIDTH="104" HEIGHT="26" WC="0.92" CONTENT="antagna"/><SP WIDTH="18" VPOS="212" HPOS="223"/>
							<String ID="string_8" HPOS="241" VPOS="217" WIDTH="123" HEIGHT="15" WC="0.91" CONTENT="normerna"/><SP WIDTH="14" VPOS="217" HPOS="364"/>
							<String ID="string_9" HPOS="378" VPOS="210" WIDTH="92" HEIGHT="29" WC="0.92" CONTENT="erbjöde"/><SP WIDTH="12" VPOS="210" HPOS="470"/>
							<String ID="string_10" HPOS="482" VPOS="210" WIDTH="87" HEIGHT="29" WC="0.91" CONTENT="nödiga"/><SP WIDTH="11" VPOS="210" HPOS="569"/>
							<String ID="string_11" HPOS="580" VPOS="211" WIDTH="195" HEIGHT="28" WC="0.96" CONTENT="förutsättningar"/><SP WIDTH="11" VPOS="211" HPOS="775"/>
							<String ID="string_12" HPOS="786" VPOS="211" WIDTH="37" HEIGHT="22" WC="0.96" CONTENT="för"/><SP WIDTH="12" VPOS="211" HPOS="823"/>
							<String ID="string_13" HPOS="835" VPOS="212" WIDTH="36" HEIGHT="21" WC="0.96" CONTENT="att"/>
						</TextLine>
						<TextLine ID="line_2" HPOS="119" VPOS="243" WIDTH="752" HEIGHT="30">
							<String ID="string_14" HPOS="119" VPOS="243" WIDTH="45" HEIGHT="22" WC="0.95" CONTENT="den"/><SP WIDTH="11" VPOS="243" HPOS="164"/>
							<String ID="string_15" HPOS="175" VPOS="245" WIDTH="37" HEIGHT="20" WC="0.93" CONTENT="för"/><SP WIDTH="12" VPOS="245" HPOS="212"/>
							<String ID="string_16" HPOS="224" VPOS="244" WIDTH="185" HEIGHT="29" WC="0.85" CONTENT="obligationerna"/><SP WIDTH="14" VPOS="244" HPOS="409"/>
							<String ID="string_17" HPOS="423" VPOS="244" WIDTH="95" HEIGHT="22" WC="0.92" CONTENT="afsedda"/><SP WIDTH="10" VPOS="244" HPOS="518"/>
							<String ID="string_18" HPOS="528" VPOS="245" WIDTH="137" HEIGHT="21" WC="0.96" CONTENT="säkerheten"/><SP WIDTH="10" VPOS="245" HPOS="665"/>
							<String ID="string_19" HPOS="675" VPOS="245" WIDTH="60" HEIGHT="22" WC="0.93" CONTENT="skall"/><SP WIDTH="9" VPOS="245" HPOS="735"/>
							<String ID="string_20" HPOS="744" VPOS="245" WIDTH="73" HEIGHT="22" WC="0.93" CONTENT="blifva"/><SP WIDTH="7" VPOS="245" HPOS="817"/>
							<String ID="string_21" HPOS="824" VPOS="245" WIDTH="47" HEIGHT="22" WC="0.91" CONTENT="till-"/>
						</TextLine>
						<TextLine ID="line_3" HPOS="117" VPOS="278" WIDTH="753" HEIGHT="29">
							<String ID="string_22" HPOS="117" VPOS="278" WIDTH="179" HEIGHT="28" WC="0.91" CONTENT="fyllesgörande."/><SP WIDTH="34" VPOS="278" HPOS="296"/>
							<String ID="string_23" HPOS="330" VPOS="278" WIDTH="122" HEIGHT="21" WC="0.89" CONTENT="Utskottet"/><SP WIDTH="26" VPOS="278" HPOS="452"/>
							<String ID="string_24" HPOS="478" VPOS="278" WIDTH="42" HEIGHT="22" WC="0.96" CONTENT="har"/><SP WIDTH="26" VPOS="278" HPOS="520"/>
							<String ID="string_25" HPOS="546" VPOS="279" WIDTH="9" HEIGHT="21" WC="0.96" CONTENT="i"/><SP WIDTH="26" VPOS="279" HPOS="555"/>
							<String ID="string_26" HPOS="581" VPOS="279" WIDTH="65" HEIGHT="21" WC="0.96" CONTENT="detta"/><SP WIDTH="18" VPOS="279" HPOS="646"/>
							<String ID="string_27" HPOS="664" VPOS="279" WIDTH="60" HEIGHT="28" WC="0.96" CONTENT="syfte"/><SP WIDTH="17" VPOS="279" HPOS="724"/>
							<String ID="string_28" HPOS="741" VPOS="279" WIDTH="73" HEIGHT="22" WC="0.15" CONTENT="infört"/><SP WIDTH="16" VPOS="279" HPOS="814"/>
							<String ID="string_29" HPOS="830" VPOS="279" WIDTH="9" HEIGHT="22" WC="0.15" CONTENT="i"/><SP WIDTH="18" VPOS="279" HPOS="839"/>
							<String ID="string_30" HPOS="857" VPOS="280" WIDTH="13" HEIGHT="25" WC="0.49" CONTENT="S"/>
						</TextLine>
						<TextLine ID="line_4" HPOS="120" VPOS="311" WIDTH="751" HEIGHT="30">
							<String ID="string_31" HPOS="120" VPOS="313" WIDTH="28" HEIGHT="20" WC="0.96" CONTENT="11"/><SP WIDTH="21" VPOS="313" HPOS="148"/>
							<String ID="string_32" HPOS="169" VPOS="319" WIDTH="30" HEIGHT="14" WC="0.93" CONTENT="en"/><SP WIDTH="16" VPOS="319" HPOS="199"/>
							<String ID="string_33" HPOS="215" VPOS="311" WIDTH="148" HEIGHT="30" WC="0.92" CONTENT="bestämning"/><SP WIDTH="18" VPOS="311" HPOS="363"/>
							<String ID="string_34" HPOS="381" VPOS="311" WIDTH="85" HEIGHT="28" WC="0.92" CONTENT="därom,"/><SP WIDTH="19" VPOS="311" HPOS="466"/>
							<String ID="string_35" HPOS="485" VPOS="314" WIDTH="35" HEIGHT="20" WC="0.92" CONTENT="att"/><SP WIDTH="18" VPOS="314" HPOS="520"/>
							<String ID="string_36" HPOS="538" VPOS="313" WIDTH="221" HEIGHT="28" WC="0.91" CONTENT="obligationstexten"/><SP WIDTH="17" VPOS="313" HPOS="759"/>
							<String ID="string_37" HPOS="776" VPOS="313" WIDTH="48" HEIGHT="28" WC="0.96" CONTENT="bör,"/><SP WIDTH="16" VPOS="313" HPOS="824"/>
							<String ID="string_38" HPOS="840" VPOS="313" WIDTH="31" HEIGHT="28" WC="0.97" CONTENT="pä"/>
						</TextLine>
						<TextLine ID="line_5" HPOS="118" VPOS="346" WIDTH="753" HEIGHT="30">
							<String ID="string_39" HPOS="118" VPOS="348" WIDTH="48" HEIGHT="20" WC="0.96" CONTENT="sätt"/><SP WIDTH="16" VPOS="348" HPOS="166"/>
							<String ID="string_40" HPOS="182" VPOS="346" WIDTH="38" HEIGHT="21" WC="0.93" CONTENT="för"/><SP WIDTH="17" VPOS="346" HPOS="220"/>
							<String ID="string_41" HPOS="237" VPOS="346" WIDTH="70" HEIGHT="29" WC="0.96" CONTENT="öfrigt"/><SP WIDTH="18" VPOS="346" HPOS="307"/>
							<String ID="string_42" HPOS="325" VPOS="346" WIDTH="86" HEIGHT="29" WC="0.93" CONTENT="jämväl"/><SP WIDTH="18" VPOS="346" HPOS="411"/>
							<String ID="string_43" HPOS="429" VPOS="347" WIDTH="67" HEIGHT="29" WC="0.75" CONTENT="öfligt"/><SP WIDTH="18" VPOS="347" HPOS="496"/>
							<String ID="string_44" HPOS="514" VPOS="351" WIDTH="31" HEIGHT="24" WC="0.93" CONTENT="är,"/><SP WIDTH="19" VPOS="351" HPOS="545"/>
							<String ID="string_45" HPOS="564" VPOS="347" WIDTH="101" HEIGHT="28" WC="0.90" CONTENT="angifva,"/><SP WIDTH="18" VPOS="347" HPOS="665"/>
							<String ID="string_46" HPOS="683" VPOS="347" WIDTH="80" HEIGHT="22" WC="0.96" CONTENT="hvilka"/><SP WIDTH="18" VPOS="347" HPOS="763"/>
							<String ID="string_47" HPOS="781" VPOS="347" WIDTH="51" HEIGHT="29" WC="0.96" CONTENT="slag"/><SP WIDTH="16" VPOS="347" HPOS="832"/>
							<String ID="string_48" HPOS="848" VPOS="347" WIDTH="23" HEIGHT="22" WC="0.96" CONTENT="af"/>
						</TextLine>
						<TextLine ID="line_6" HPOS="118" VPOS="380" WIDTH="753" HEIGHT="30">
							<String ID="string_49" HPOS="118" VPOS="380" WIDTH="137" HEIGHT="29" WC="0.89" CONTENT="fastigheter"/><SP WIDTH="27" VPOS="380" HPOS="255"/>
							<String ID="string_50" HPOS="282" VPOS="385" WIDTH="39" HEIGHT="18" WC="0.95" CONTENT="äro"/><SP WIDTH="26" VPOS="385" HPOS="321"/>
							<String ID="string_51" HPOS="347" VPOS="381" WIDTH="97" HEIGHT="22" WC="0.95" CONTENT="föremål"/><SP WIDTH="25" VPOS="381" HPOS="444"/>
							<String ID="string_52" HPOS="469" VPOS="382" WIDTH="37" HEIGHT="21" WC="0.93" CONTENT="för"/><SP WIDTH="26" VPOS="382" HPOS="506"/>
							<String ID="string_53" HPOS="532" VPOS="381" WIDTH="111" HEIGHT="29" WC="0.95" CONTENT="belåning"/><SP WIDTH="18" VPOS="381" HPOS="643"/>
							<String ID="string_54" HPOS="661" VPOS="381" WIDTH="43" HEIGHT="22" WC="0.96" CONTENT="och"/><SP WIDTH="17" VPOS="381" HPOS="704"/>
							<String ID="string_55" HPOS="721" VPOS="381" WIDTH="37" HEIGHT="22" WC="0.93" CONTENT="till"/><SP WIDTH="16" VPOS="381" HPOS="758"/>
							<String ID="string_56" HPOS="774" VPOS="381" WIDTH="97" HEIGHT="22" WC="0.96" CONTENT="hvilken"/>
						</TextLine>
						<TextLine ID="line_7" HPOS="117" VPOS="415" WIDTH="754" HEIGHT="30">
							<String ID="string_57" HPOS="117" VPOS="415" WIDTH="85" HEIGHT="30" WC="0.96" CONTENT="högsta"/><SP WIDTH="26" VPOS="415" HPOS="202"/>
							<String ID="string_58" HPOS="228" VPOS="417" WIDTH="145" HEIGHT="27" WC="0.95" CONTENT="procentsats"/><SP WIDTH="18" VPOS="417" HPOS="373"/>
							<String ID="string_59" HPOS="391" VPOS="416" WIDTH="23" HEIGHT="22" WC="0.93" CONTENT="af"/><SP WIDTH="17" VPOS="416" HPOS="414"/>
							<String ID="string_60" HPOS="431" VPOS="416" WIDTH="83" HEIGHT="22" WC="0.96" CONTENT="värdet"/><SP WIDTH="17" VPOS="416" HPOS="514"/>
							<String ID="string_61" HPOS="531" VPOS="415" WIDTH="116" HEIGHT="23" WC="0.96" CONTENT="desamma"/><SP WIDTH="16" VPOS="415" HPOS="647"/>
							<String ID="string_62" HPOS="663" VPOS="416" WIDTH="25" HEIGHT="22" WC="0.96" CONTENT="få"/><SP WIDTH="17" VPOS="416" HPOS="688"/>
							<String ID="string_63" HPOS="705" VPOS="416" WIDTH="38" HEIGHT="22" WC="0.93" CONTENT="till"/><SP WIDTH="17" VPOS="416" HPOS="743"/>
							<String ID="string_64" HPOS="760" VPOS="416" WIDTH="111" HEIGHT="29" WC="0.96" CONTENT="belåning"/>
						</TextLine>
						<TextLine ID="line_8" HPOS="119" VPOS="452" WIDTH="103" HEIGHT="27">
							<String ID="string_65" HPOS="119" VPOS="452" WIDTH="103" HEIGHT="27" WC="0.91" CONTENT="antagas."/>
						</TextLine>
					</TextBlock>
					<TextBlock ID="block_2" HPOS="117" VPOS="485" WIDTH="756" HEIGHT="996">
						<TextLine ID="line_9" HPOS="186" VPOS="485" WIDTH="685" HEIGHT="28">
							<String ID="string_66" HPOS="186" VPOS="485" WIDTH="122" HEIGHT="22" WC="0.95" CONTENT="Utskottet"/><SP WIDTH="25" VPOS="485" HPOS="308"/>
							<String ID="string_67" HPOS="333" VPOS="485" WIDTH="44" HEIGHT="22" WC="0.96" CONTENT="har"/><SP WIDTH="26" VPOS="485" HPOS="377"/>
							<String ID="string_68" HPOS="403" VPOS="485" WIDTH="127" HEIGHT="22" WC="0.96" CONTENT="emellertid"/><SP WIDTH="17" VPOS="485" HPOS="530"/>
							<String ID="string_69" HPOS="547" VPOS="485" WIDTH="51" HEIGHT="22" WC="0.96" CONTENT="icke"/><SP WIDTH="18" VPOS="485" HPOS="598"/>
							<String ID="string_70" HPOS="616" VPOS="485" WIDTH="91" HEIGHT="22" WC="0.96" CONTENT="kunnat"/><SP WIDTH="17" VPOS="485" HPOS="707"/>
							<String ID="string_71" HPOS="724" VPOS="485" WIDTH="92" HEIGHT="28" WC="0.95" CONTENT="förbise,"/><SP WIDTH="19" VPOS="485" HPOS="816"/>
							<String ID="string_72" HPOS="835" VPOS="487" WIDTH="36" HEIGHT="20" WC="0.96" CONTENT="att"/>
						</TextLine>
						<TextLine ID="line_10" HPOS="118" VPOS="519" WIDTH="752" HEIGHT="30">
							<String ID="string_73" HPOS="118" VPOS="519" WIDTH="45" HEIGHT="25" WC="0.96" CONTENT="den"/><SP WIDTH="27" VPOS="519" HPOS="163"/>
							<String ID="string_74" HPOS="190" VPOS="527" WIDTH="32" HEIGHT="14" WC="0.95" CONTENT="nu"/><SP WIDTH="26" VPOS="527" HPOS="222"/>
							<String ID="string_75" HPOS="248" VPOS="520" WIDTH="108" HEIGHT="29" WC="0.96" CONTENT="gällande"/><SP WIDTH="18" VPOS="520" HPOS="356"/>
							<String ID="string_76" HPOS="374" VPOS="519" WIDTH="178" HEIGHT="30" WC="0.96" CONTENT="bestämningen"/><SP WIDTH="18" VPOS="519" HPOS="552"/>
							<String ID="string_77" HPOS="570" VPOS="527" WIDTH="37" HEIGHT="15" WC="0.96" CONTENT="om"/><SP WIDTH="18" VPOS="527" HPOS="607"/>
							<String ID="string_78" HPOS="625" VPOS="522" WIDTH="34" HEIGHT="19" WC="0.93" CONTENT="ett"/><SP WIDTH="18" VPOS="522" HPOS="659"/>
							<String ID="string_79" HPOS="677" VPOS="519" WIDTH="134" HEIGHT="23" WC="0.92" CONTENT="öfvervärde"/><SP WIDTH="16" VPOS="519" HPOS="811"/>
							<String ID="string_80" HPOS="827" VPOS="519" WIDTH="43" HEIGHT="22" WC="0.96" CONTENT="hos"/>
						</TextLine>
						<TextLine ID="line_11" HPOS="117" VPOS="554" WIDTH="754" HEIGHT="29">
							<String ID="string_81" HPOS="117" VPOS="554" WIDTH="129" HEIGHT="29" WC="0.92" CONTENT="hypoteket"/><SP WIDTH="26" VPOS="554" HPOS="246"/>
							<String ID="string_82" HPOS="272" VPOS="555" WIDTH="104" HEIGHT="27" WC="0.96" CONTENT="innebär,"/><SP WIDTH="27" VPOS="555" HPOS="376"/>
							<String ID="string_83" HPOS="403" VPOS="555" WIDTH="111" HEIGHT="21" WC="0.96" CONTENT="särskildt"/><SP WIDTH="24" VPOS="555" HPOS="514"/>
							<String ID="string_84" HPOS="538" VPOS="555" WIDTH="38" HEIGHT="22" WC="0.96" CONTENT="för"/><SP WIDTH="25" VPOS="555" HPOS="576"/>
							<String ID="string_85" HPOS="601" VPOS="555" WIDTH="95" HEIGHT="28" WC="0.96" CONTENT="banker,"/><SP WIDTH="23" VPOS="555" HPOS="696"/>
							<String ID="string_86" HPOS="719" VPOS="562" WIDTH="49" HEIGHT="15" WC="0.93" CONTENT="som"/><SP WIDTH="17" VPOS="562" HPOS="768"/>
							<String ID="string_87" HPOS="785" VPOS="555" WIDTH="86" HEIGHT="22" WC="0.91" CONTENT="uteslu-"/>
						</TextLine>
						<TextLine ID="line_12" HPOS="117" VPOS="588" WIDTH="754" HEIGHT="30">
							<String ID="string_88" HPOS="117" VPOS="588" WIDTH="71" HEIGHT="22" WC="0.93" CONTENT="tande"/><SP WIDTH="28" VPOS="588" HPOS="188"/>
							<String ID="string_89" HPOS="216" VPOS="591" WIDTH="70" HEIGHT="26" WC="0.88" CONTENT="egnat"/><SP WIDTH="27" VPOS="591" HPOS="286"/>
							<String ID="string_90" HPOS="313" VPOS="589" WIDTH="36" HEIGHT="29" WC="0.96" CONTENT="sig"/><SP WIDTH="26" VPOS="589" HPOS="349"/>
							<String ID="string_91" HPOS="375" VPOS="589" WIDTH="24" HEIGHT="22" WC="0.93" CONTENT="åt"/><SP WIDTH="26" VPOS="589" HPOS="399"/>
							<String ID="string_92" HPOS="425" VPOS="589" WIDTH="238" HEIGHT="29" WC="0.92" CONTENT="fastighetskrediten,"/><SP WIDTH="26" VPOS="589" HPOS="663"/>
							<String ID="string_93" HPOS="689" VPOS="591" WIDTH="35" HEIGHT="19" WC="0.96" CONTENT="ett"/><SP WIDTH="20" VPOS="591" HPOS="724"/>
							<String ID="string_94" HPOS="744" VPOS="589" WIDTH="74" HEIGHT="29" WC="0.96" CONTENT="tvång"/><SP WIDTH="18" VPOS="589" HPOS="818"/>
							<String ID="string_95" HPOS="836" VPOS="591" WIDTH="35" HEIGHT="19" WC="0.96" CONTENT="att"/>
						</TextLine>
						<TextLine ID="line_13" HPOS="117" VPOS="623" WIDTH="754" HEIGHT="29">
							<String ID="string_96" HPOS="117" VPOS="623" WIDTH="83" HEIGHT="22" WC="0.96" CONTENT="föröka"/><SP WIDTH="27" VPOS="623" HPOS="200"/>
							<String ID="string_97" HPOS="227" VPOS="623" WIDTH="51" HEIGHT="22" WC="0.96" CONTENT="sina"/><SP WIDTH="20" VPOS="623" HPOS="278"/>
							<String ID="string_98" HPOS="298" VPOS="631" WIDTH="60" HEIGHT="21" WC="0.95" CONTENT="egna"/><SP WIDTH="17" VPOS="631" HPOS="358"/>
							<String ID="string_99" HPOS="375" VPOS="623" WIDTH="82" HEIGHT="22" WC="0.96" CONTENT="fonder"/><SP WIDTH="18" VPOS="623" HPOS="457"/>
							<String ID="string_100" HPOS="475" VPOS="624" WIDTH="9" HEIGHT="21" WC="0.96" CONTENT="i"/><SP WIDTH="16" VPOS="624" HPOS="484"/>
							<String ID="string_101" HPOS="500" VPOS="623" WIDTH="145" HEIGHT="23" WC="0.96" CONTENT="förhållande"/><SP WIDTH="18" VPOS="623" HPOS="645"/>
							<String ID="string_102" HPOS="663" VPOS="624" WIDTH="38" HEIGHT="20" WC="0.96" CONTENT="till"/><SP WIDTH="18" VPOS="624" HPOS="701"/>
							<String ID="string_103" HPOS="719" VPOS="624" WIDTH="98" HEIGHT="21" WC="0.93" CONTENT="affärens"/><SP WIDTH="18" VPOS="624" HPOS="817"/>
							<String ID="string_104" HPOS="835" VPOS="625" WIDTH="36" HEIGHT="20" WC="0.89" CONTENT="ut-"/>
						</TextLine>
						<TextLine ID="line_14" HPOS="117" VPOS="658" WIDTH="754" HEIGHT="29">
							<String ID="string_105" HPOS="117" VPOS="658" WIDTH="117" HEIGHT="28" WC="0.94" CONTENT="veckling."/><SP WIDTH="35" VPOS="658" HPOS="234"/>
							<String ID="string_106" HPOS="269" VPOS="658" WIDTH="47" HEIGHT="22" WC="0.96" CONTENT="För"/><SP WIDTH="27" VPOS="658" HPOS="316"/>
							<String ID="string_107" HPOS="343" VPOS="660" WIDTH="34" HEIGHT="20" WC="0.96" CONTENT="att"/><SP WIDTH="26" VPOS="660" HPOS="377"/>
							<String ID="string_108" HPOS="403" VPOS="658" WIDTH="81" HEIGHT="22" WC="0.95" CONTENT="kunna"/><SP WIDTH="26" VPOS="658" HPOS="484"/>
							<String ID="string_109" HPOS="510" VPOS="658" WIDTH="69" HEIGHT="22" WC="0.95" CONTENT="ställa"/><SP WIDTH="26" VPOS="658" HPOS="579"/>
							<String ID="string_110" HPOS="605" VPOS="658" WIDTH="72" HEIGHT="28" WC="0.96" CONTENT="sagda"/><SP WIDTH="26" VPOS="658" HPOS="677"/>
							<String ID="string_111" HPOS="703" VPOS="658" WIDTH="33" HEIGHT="22" WC="0.96" CONTENT="tio"/><SP WIDTH="27" VPOS="658" HPOS="736"/>
							<String ID="string_112" HPOS="763" VPOS="659" WIDTH="108" HEIGHT="28" WC="0.96" CONTENT="procents"/>
						</TextLine>
						<TextLine ID="line_15" HPOS="119" VPOS="692" WIDTH="752" HEIGHT="30">
							<String ID="string_113" HPOS="119" VPOS="692" WIDTH="173" HEIGHT="23" WC="0.90" CONTENT="öfversäkerhet"/><SP WIDTH="27" VPOS="692" HPOS="292"/>
							<String ID="string_114" HPOS="319" VPOS="694" WIDTH="97" HEIGHT="20" WC="0.96" CONTENT="återstår"/><SP WIDTH="27" VPOS="694" HPOS="416"/>
							<String ID="string_115" HPOS="443" VPOS="693" WIDTH="36" HEIGHT="22" WC="0.93" CONTENT="för"/><SP WIDTH="25" VPOS="693" HPOS="479"/>
							<String ID="string_116" HPOS="504" VPOS="692" WIDTH="289" HEIGHT="30" WC="0.92" CONTENT="fastighetskreditbanker"/><SP WIDTH="26" VPOS="692" HPOS="793"/>
							<String ID="string_117" HPOS="819" VPOS="692" WIDTH="52" HEIGHT="22" WC="0.95" CONTENT="icke"/>
						</TextLine>
						<TextLine ID="line_16" HPOS="117" VPOS="727" WIDTH="754" HEIGHT="30">
							<String ID="string_118" HPOS="117" VPOS="728" WIDTH="79" HEIGHT="28" WC="0.96" CONTENT="någon"/><SP WIDTH="22" VPOS="728" HPOS="196"/>
							<String ID="string_119" HPOS="218" VPOS="735" WIDTH="78" HEIGHT="14" WC="0.96" CONTENT="annan"/><SP WIDTH="16" VPOS="735" HPOS="296"/>
							<String ID="string_120" HPOS="312" VPOS="727" WIDTH="109" HEIGHT="29" WC="0.96" CONTENT="varaktig"/><SP WIDTH="17" VPOS="727" HPOS="421"/>
							<String ID="string_121" HPOS="438" VPOS="730" WIDTH="74" HEIGHT="27" WC="0.96" CONTENT="utväg"/><SP WIDTH="17" VPOS="730" HPOS="512"/>
							<String ID="string_122" HPOS="529" VPOS="732" WIDTH="30" HEIGHT="18" WC="0.96" CONTENT="än"/><SP WIDTH="18" VPOS="732" HPOS="559"/>
							<String ID="string_123" HPOS="577" VPOS="730" WIDTH="35" HEIGHT="20" WC="0.96" CONTENT="att"/><SP WIDTH="19" VPOS="730" HPOS="612"/>
							<String ID="string_124" HPOS="631" VPOS="728" WIDTH="44" HEIGHT="22" WC="0.97" CONTENT="öka"/><SP WIDTH="18" VPOS="728" HPOS="675"/>
							<String ID="string_125" HPOS="693" VPOS="727" WIDTH="178" HEIGHT="30" WC="0.95" CONTENT="aktiekapitalet"/>
						</TextLine>
						<TextLine ID="line_17" HPOS="119" VPOS="762" WIDTH="752" HEIGHT="30">
							<String ID="string_126" HPOS="119" VPOS="763" WIDTH="31" HEIGHT="27" WC="0.96" CONTENT="så,"/><SP WIDTH="28" VPOS="763" HPOS="150"/>
							<String ID="string_127" HPOS="178" VPOS="764" WIDTH="36" HEIGHT="20" WC="0.96" CONTENT="att"/><SP WIDTH="26" VPOS="764" HPOS="214"/>
							<String ID="string_128" HPOS="240" VPOS="763" WIDTH="126" HEIGHT="21" WC="0.96" CONTENT="detsamma"/><SP WIDTH="25" VPOS="763" HPOS="366"/>
							<String ID="string_129" HPOS="391" VPOS="763" WIDTH="99" HEIGHT="29" WC="0.91" CONTENT="ungefär"/><SP WIDTH="25" VPOS="763" HPOS="490"/>
							<String ID="string_130" HPOS="515" VPOS="763" WIDTH="37" HEIGHT="22" WC="0.96" CONTENT="må"/><SP WIDTH="26" VPOS="763" HPOS="552"/>
							<String ID="string_131" HPOS="578" VPOS="764" WIDTH="116" HEIGHT="20" WC="0.96" CONTENT="motsvara"/><SP WIDTH="26" VPOS="764" HPOS="694"/>
							<String ID="string_132" HPOS="720" VPOS="762" WIDTH="109" HEIGHT="30" WC="0.95" CONTENT="beloppet"/><SP WIDTH="19" VPOS="762" HPOS="829"/>
							<String ID="string_133" HPOS="848" VPOS="762" WIDTH="23" HEIGHT="22" WC="0.95" CONTENT="af"/>
						</TextLine>
						<TextLine ID="line_18" HPOS="120" VPOS="796" WIDTH="751" HEIGHT="30">
							<String ID="string_134" HPOS="120" VPOS="796" WIDTH="207" HEIGHT="30" WC="0.92" CONTENT="öfversäkerheten,"/><SP WIDTH="32" VPOS="796" HPOS="327"/>
							<String ID="string_135" HPOS="359" VPOS="797" WIDTH="44" HEIGHT="23" WC="0.96" CONTENT="och"/><SP WIDTH="25" VPOS="797" HPOS="403"/>
							<String ID="string_136" HPOS="428" VPOS="798" WIDTH="86" HEIGHT="28" WC="0.96" CONTENT="jämväl"/><SP WIDTH="26" VPOS="798" HPOS="514"/>
							<String ID="string_137" HPOS="540" VPOS="798" WIDTH="37" HEIGHT="22" WC="0.92" CONTENT="för"/><SP WIDTH="25" VPOS="798" HPOS="577"/>
							<String ID="string_138" HPOS="602" VPOS="797" WIDTH="193" HEIGHT="28" WC="0.91" CONTENT="handelsbanker,"/><SP WIDTH="28" VPOS="797" HPOS="795"/>
							<String ID="string_139" HPOS="823" VPOS="804" WIDTH="48" HEIGHT="15" WC="0.96" CONTENT="som"/>
						</TextLine>
						<TextLine ID="line_19" HPOS="118" VPOS="831" WIDTH="753" HEIGHT="30">
							<String ID="string_140" HPOS="118" VPOS="832" WIDTH="111" HEIGHT="29" WC="0.95" CONTENT="upptagit"/><SP WIDTH="26" VPOS="832" HPOS="229"/>
							<String ID="string_141" HPOS="255" VPOS="832" WIDTH="76" HEIGHT="22" WC="0.93" CONTENT="denna"/><SP WIDTH="24" VPOS="832" HPOS="331"/>
							<String ID="string_142" HPOS="355" VPOS="832" WIDTH="149" HEIGHT="29" WC="0.91" CONTENT="rörelsegren,"/><SP WIDTH="27" VPOS="832" HPOS="504"/>
							<String ID="string_143" HPOS="531" VPOS="834" WIDTH="94" HEIGHT="27" WC="0.96" CONTENT="tränger"/><SP WIDTH="27" VPOS="834" HPOS="625"/>
							<String ID="string_144" HPOS="652" VPOS="832" WIDTH="41" HEIGHT="28" WC="0.93" CONTENT="sig,"/><SP WIDTH="23" VPOS="832" HPOS="693"/>
							<String ID="string_145" HPOS="716" VPOS="832" WIDTH="38" HEIGHT="21" WC="0.95" CONTENT="till"/><SP WIDTH="16" VPOS="832" HPOS="754"/>
							<String ID="string_146" HPOS="770" VPOS="831" WIDTH="59" HEIGHT="30" WC="0.96" CONTENT="följd"/><SP WIDTH="19" VPOS="831" HPOS="829"/>
							<String ID="string_147" HPOS="848" VPOS="832" WIDTH="23" HEIGHT="22" WC="0.96" CONTENT="af"/>
						</TextLine>
						<TextLine ID="line_20" HPOS="118" VPOS="866" WIDTH="753" HEIGHT="29">
							<String ID="string_148" HPOS="118" VPOS="866" WIDTH="207" HEIGHT="29" WC="0.96" CONTENT="nödvändigheten"/><SP WIDTH="28" VPOS="866" HPOS="325"/>
							<String ID="string_149" HPOS="353" VPOS="867" WIDTH="36" HEIGHT="21" WC="0.96" CONTENT="för"/><SP WIDTH="31" VPOS="867" HPOS="389"/>
							<String ID="string_150" HPOS="420" VPOS="867" WIDTH="116" HEIGHT="22" WC="0.96" CONTENT="desamma"/><SP WIDTH="29" VPOS="867" HPOS="536"/>
							<String ID="string_151" HPOS="565" VPOS="869" WIDTH="36" HEIGHT="19" WC="0.94" CONTENT="att"/><SP WIDTH="28" VPOS="869" HPOS="601"/>
							<String ID="string_152" HPOS="629" VPOS="866" WIDTH="72" HEIGHT="22" WC="0.96" CONTENT="binda"/><SP WIDTH="27" VPOS="866" HPOS="701"/>
							<String ID="string_153" HPOS="728" VPOS="874" WIDTH="29" HEIGHT="14" WC="0.95" CONTENT="en"/><SP WIDTH="26" VPOS="874" HPOS="757"/>
							<String ID="string_154" HPOS="783" VPOS="866" WIDTH="38" HEIGHT="22" WC="0.96" CONTENT="del"/><SP WIDTH="27" VPOS="866" HPOS="821"/>
							<String ID="string_155" HPOS="848" VPOS="866" WIDTH="23" HEIGHT="22" WC="0.96" CONTENT="af"/>
						</TextLine>
						<TextLine ID="line_21" HPOS="119" VPOS="900" WIDTH="752" HEIGHT="30">
							<String ID="string_156" HPOS="119" VPOS="900" WIDTH="51" HEIGHT="23" WC="0.95" CONTENT="sina"/><SP WIDTH="28" VPOS="900" HPOS="170"/>
							<String ID="string_157" HPOS="198" VPOS="901" WIDTH="75" HEIGHT="29" WC="0.87" CONTENT="öfriga"/><SP WIDTH="23" VPOS="901" HPOS="273"/>
							<String ID="string_158" HPOS="296" VPOS="901" WIDTH="127" HEIGHT="29" WC="0.96" CONTENT="tillgångar"/><SP WIDTH="17" VPOS="901" HPOS="423"/>
							<String ID="string_159" HPOS="440" VPOS="901" WIDTH="40" HEIGHT="22" WC="0.92" CONTENT="vid"/><SP WIDTH="18" VPOS="901" HPOS="480"/>
							<String ID="string_160" HPOS="498" VPOS="901" WIDTH="272" HEIGHT="29" WC="0.91" CONTENT="hypoteksafdelningen,"/><SP WIDTH="18" VPOS="901" HPOS="770"/>
							<String ID="string_161" HPOS="788" VPOS="901" WIDTH="83" HEIGHT="29" WC="0.96" CONTENT="frågan"/>
						</TextLine>
						<TextLine ID="line_22" HPOS="119" VPOS="935" WIDTH="752" HEIGHT="29">
							<String ID="string_162" HPOS="119" VPOS="942" WIDTH="37" HEIGHT="15" WC="0.92" CONTENT="om"/><SP WIDTH="27" VPOS="942" HPOS="156"/>
							<String ID="string_163" HPOS="183" VPOS="936" WIDTH="118" HEIGHT="21" WC="0.91" CONTENT="eventuelt"/><SP WIDTH="22" VPOS="936" HPOS="301"/>
							<String ID="string_164" HPOS="323" VPOS="936" WIDTH="146" HEIGHT="22" WC="0.92" CONTENT="förstorande"/><SP WIDTH="27" VPOS="936" HPOS="469"/>
							<String ID="string_165" HPOS="496" VPOS="936" WIDTH="24" HEIGHT="22" WC="0.96" CONTENT="af"/><SP WIDTH="19" VPOS="936" HPOS="520"/>
							<String ID="string_166" HPOS="539" VPOS="936" WIDTH="155" HEIGHT="28" WC="0.96" CONTENT="aktiekapital"/><SP WIDTH="18" VPOS="936" HPOS="694"/>
							<String ID="string_167" HPOS="712" VPOS="935" WIDTH="56" HEIGHT="22" WC="0.93" CONTENT="eller"/><SP WIDTH="17" VPOS="935" HPOS="768"/>
							<String ID="string_168" HPOS="785" VPOS="942" WIDTH="86" HEIGHT="15" WC="0.93" CONTENT="reserv-"/>
						</TextLine>
						<TextLine ID="line_23" HPOS="118" VPOS="970" WIDTH="754" HEIGHT="29">
							<String ID="string_169" HPOS="118" VPOS="970" WIDTH="83" HEIGHT="22" WC="0.92" CONTENT="fonder"/><SP WIDTH="26" VPOS="970" HPOS="201"/>
							<String ID="string_170" HPOS="227" VPOS="970" WIDTH="134" HEIGHT="29" WC="0.91" CONTENT="naturligen"/><SP WIDTH="25" VPOS="970" HPOS="361"/>
							<String ID="string_171" HPOS="386" VPOS="970" WIDTH="65" HEIGHT="22" WC="0.96" CONTENT="fram."/><SP WIDTH="40" VPOS="970" HPOS="451"/>
							<String ID="string_172" HPOS="491" VPOS="970" WIDTH="47" HEIGHT="22" WC="0.93" CONTENT="Till"/><SP WIDTH="25" VPOS="970" HPOS="538"/>
							<String ID="string_173" HPOS="563" VPOS="970" WIDTH="144" HEIGHT="22" WC="0.91" CONTENT="besvarande"/><SP WIDTH="26" VPOS="970" HPOS="707"/>
							<String ID="string_174" HPOS="733" VPOS="970" WIDTH="139" HEIGHT="22" WC="0.92" CONTENT="framställer"/>
						</TextLine>
						<TextLine ID="line_24" HPOS="119" VPOS="1004" WIDTH="752" HEIGHT="30">
							<String ID="string_175" HPOS="119" VPOS="1004" WIDTH="36" HEIGHT="30" WC="0.95" CONTENT="sig"/><SP WIDTH="27" VPOS="1004" HPOS="155"/>
							<String ID="string_176" HPOS="182" VPOS="1004" WIDTH="78" HEIGHT="23" WC="0.93" CONTENT="därför"/><SP WIDTH="26" VPOS="1004" HPOS="260"/>
							<String ID="string_177" HPOS="286" VPOS="1006" WIDTH="89" HEIGHT="28" WC="0.92" CONTENT="frägan,"/><SP WIDTH="26" VPOS="1006" HPOS="375"/>
							<String ID="string_178" HPOS="401" VPOS="1005" WIDTH="116" HEIGHT="23" WC="0.93" CONTENT="huruvida"/><SP WIDTH="25" VPOS="1005" HPOS="517"/>
							<String ID="string_179" HPOS="542" VPOS="1005" WIDTH="58" HEIGHT="28" WC="0.90" CONTENT="icke,"/><SP WIDTH="19" VPOS="1005" HPOS="600"/>
							<String ID="string_180" HPOS="619" VPOS="1005" WIDTH="9" HEIGHT="21" WC="0.93" CONTENT="i"/><SP WIDTH="17" VPOS="1005" HPOS="628"/>
							<String ID="string_181" HPOS="645" VPOS="1005" WIDTH="110" HEIGHT="21" WC="0.92" CONTENT="händelse"/><SP WIDTH="18" VPOS="1005" HPOS="755"/>
							<String ID="string_182" HPOS="773" VPOS="1004" WIDTH="98" HEIGHT="22" WC="0.91" CONTENT="bestäm-"/>
						</TextLine>
						<TextLine ID="line_25" HPOS="118" VPOS="1039" WIDTH="753" HEIGHT="29">
							<String ID="string_183" HPOS="118" VPOS="1040" WIDTH="89" HEIGHT="28" WC="0.91" CONTENT="ningen"/><SP WIDTH="18" VPOS="1040" HPOS="207"/>
							<String ID="string_184" HPOS="225" VPOS="1048" WIDTH="37" HEIGHT="13" WC="0.93" CONTENT="om"/><SP WIDTH="18" VPOS="1048" HPOS="262"/>
							<String ID="string_185" HPOS="280" VPOS="1039" WIDTH="72" HEIGHT="29" WC="0.92" CONTENT="sagda"/><SP WIDTH="18" VPOS="1039" HPOS="352"/>
							<String ID="string_186" HPOS="370" VPOS="1040" WIDTH="171" HEIGHT="22" WC="0.92" CONTENT="öfversäkerhet"/><SP WIDTH="17" VPOS="1040" HPOS="541"/>
							<String ID="string_187" HPOS="558" VPOS="1040" WIDTH="109" HEIGHT="27" WC="0.92" CONTENT="förfaller,"/><SP WIDTH="14" VPOS="1040" HPOS="667"/>
							<String ID="string_188" HPOS="681" VPOS="1039" WIDTH="138" HEIGHT="29" WC="0.91" CONTENT="stadgandet"/><SP WIDTH="13" VPOS="1039" HPOS="819"/>
							<String ID="string_189" HPOS="832" VPOS="1047" WIDTH="39" HEIGHT="14" WC="0.91" CONTENT="an-"/>
						</TextLine>
						<TextLine ID="line_26" HPOS="119" VPOS="1073" WIDTH="752" HEIGHT="30">
							<String ID="string_190" HPOS="119" VPOS="1074" WIDTH="89" HEIGHT="29" WC="0.92" CONTENT="gäende"/><SP WIDTH="10" VPOS="1074" HPOS="208"/>
							<String ID="string_191" HPOS="218" VPOS="1074" WIDTH="177" HEIGHT="29" WC="0.92" CONTENT="aktiekapitalet"/><SP WIDTH="9" VPOS="1074" HPOS="395"/>
							<String ID="string_192" HPOS="404" VPOS="1074" WIDTH="71" HEIGHT="22" WC="0.93" CONTENT="borde"/><SP WIDTH="11" VPOS="1074" HPOS="475"/>
							<String ID="string_193" HPOS="486" VPOS="1075" WIDTH="153" HEIGHT="21" WC="0.92" CONTENT="underkastas"/><SP WIDTH="12" VPOS="1075" HPOS="639"/>
							<String ID="string_194" HPOS="651" VPOS="1074" WIDTH="107" HEIGHT="22" WC="0.96" CONTENT="revision."/><SP WIDTH="24" VPOS="1074" HPOS="758"/>
							<String ID="string_195" HPOS="782" VPOS="1074" WIDTH="12" HEIGHT="21" WC="0.92" CONTENT="I"/><SP WIDTH="13" VPOS="1074" HPOS="794"/>
							<String ID="string_196" HPOS="807" VPOS="1073" WIDTH="64" HEIGHT="22" WC="0.96" CONTENT="detta"/>
						</TextLine>
						<TextLine ID="line_27" HPOS="120" VPOS="1109" WIDTH="751" HEIGHT="29">
							<String ID="string_197" HPOS="120" VPOS="1109" WIDTH="107" HEIGHT="22" WC="0.88" CONTENT="afseende"/><SP WIDTH="26" VPOS="1109" HPOS="227"/>
							<String ID="string_198" HPOS="253" VPOS="1109" WIDTH="129" HEIGHT="22" WC="0.88" CONTENT="innehäller"/><SP WIDTH="26" VPOS="1109" HPOS="382"/>
							<String ID="string_199" HPOS="408" VPOS="1109" WIDTH="46" HEIGHT="22" WC="0.93" CONTENT="den"/><SP WIDTH="21" VPOS="1109" HPOS="454"/>
							<String ID="string_200" HPOS="475" VPOS="1109" WIDTH="87" HEIGHT="29" WC="0.90" CONTENT="nädiga"/><SP WIDTH="17" VPOS="1109" HPOS="562"/>
							<String ID="string_201" HPOS="579" VPOS="1109" WIDTH="174" HEIGHT="29" WC="0.96" CONTENT="propositionen"/><SP WIDTH="18" VPOS="1109" HPOS="753"/>
							<String ID="string_202" HPOS="771" VPOS="1109" WIDTH="9" HEIGHT="21" WC="0.93" CONTENT="i"/><SP WIDTH="18" VPOS="1109" HPOS="780"/>
							<String ID="string_203" HPOS="798" VPOS="1109" WIDTH="73" HEIGHT="21" WC="0.93" CONTENT="öfver-"/>
						</TextLine>
						<TextLine ID="line_28" HPOS="120" VPOS="1142" WIDTH="751" HEIGHT="30">
							<String ID="string_204" HPOS="120" VPOS="1144" WIDTH="170" HEIGHT="21" WC="0.91" CONTENT="ensstämmelse"/><SP WIDTH="18" VPOS="1144" HPOS="290"/>
							<String ID="string_205" HPOS="308" VPOS="1143" WIDTH="53" HEIGHT="22" WC="0.96" CONTENT="med"/><SP WIDTH="12" VPOS="1143" HPOS="361"/>
							<String ID="string_206" HPOS="373" VPOS="1151" WIDTH="32" HEIGHT="14" WC="0.96" CONTENT="nu"/><SP WIDTH="11" VPOS="1151" HPOS="405"/>
							<String ID="string_207" HPOS="416" VPOS="1144" WIDTH="109" HEIGHT="28" WC="0.96" CONTENT="gällande"/><SP WIDTH="13" VPOS="1144" HPOS="525"/>
							<String ID="string_208" HPOS="538" VPOS="1144" WIDTH="40" HEIGHT="28" WC="0.96" CONTENT="lag"/><SP WIDTH="12" VPOS="1144" HPOS="578"/>
							<String ID="string_209" HPOS="590" VPOS="1143" WIDTH="83" HEIGHT="22" WC="0.96" CONTENT="endast"/><SP WIDTH="12" VPOS="1143" HPOS="673"/>
							<String ID="string_210" HPOS="685" VPOS="1143" WIDTH="39" HEIGHT="21" WC="0.93" CONTENT="det"/><SP WIDTH="12" VPOS="1143" HPOS="724"/>
							<String ID="string_211" HPOS="736" VPOS="1142" WIDTH="135" HEIGHT="29" WC="0.92" CONTENT="stadgande,"/>
						</TextLine>
						<TextLine ID="line_29" HPOS="120" VPOS="1177" WIDTH="751" HEIGHT="29">
							<String ID="string_212" HPOS="120" VPOS="1179" WIDTH="34" HEIGHT="20" WC="0.89" CONTENT="att"/><SP WIDTH="28" VPOS="1179" HPOS="154"/>
							<String ID="string_213" HPOS="182" VPOS="1178" WIDTH="178" HEIGHT="28" WC="0.89" CONTENT="aktiekapitalet"/><SP WIDTH="20" VPOS="1178" HPOS="360"/>
							<String ID="string_214" HPOS="380" VPOS="1178" WIDTH="37" HEIGHT="22" WC="0.96" CONTENT="för"/><SP WIDTH="17" VPOS="1178" HPOS="417"/>
							<String ID="string_215" HPOS="434" VPOS="1178" WIDTH="70" HEIGHT="28" WC="0.96" CONTENT="bank,"/><SP WIDTH="18" VPOS="1178" HPOS="504"/>
							<String ID="string_216" HPOS="522" VPOS="1186" WIDTH="49" HEIGHT="14" WC="0.93" CONTENT="som"/><SP WIDTH="16" VPOS="1186" HPOS="571"/>
							<String ID="string_217" HPOS="587" VPOS="1177" WIDTH="105" HEIGHT="22" WC="0.92" CONTENT="utfärdar"/><SP WIDTH="17" VPOS="1177" HPOS="692"/>
							<String ID="string_218" HPOS="709" VPOS="1177" WIDTH="162" HEIGHT="28" WC="0.89" CONTENT="obligationer,"/>
						</TextLine>
						<TextLine ID="line_30" HPOS="119" VPOS="1212" WIDTH="753" HEIGHT="29">
							<String ID="string_219" HPOS="119" VPOS="1212" WIDTH="51" HEIGHT="21" WC="0.91" CONTENT="icke"/><SP WIDTH="28" VPOS="1212" HPOS="170"/>
							<String ID="string_220" HPOS="198" VPOS="1212" WIDTH="36" HEIGHT="21" WC="0.91" CONTENT="mä"/><SP WIDTH="26" VPOS="1212" HPOS="234"/>
							<String ID="string_221" HPOS="260" VPOS="1212" WIDTH="136" HEIGHT="28" WC="0.90" CONTENT="understiga"/><SP WIDTH="27" VPOS="1212" HPOS="396"/>
							<String ID="string_222" HPOS="423" VPOS="1220" WIDTH="29" HEIGHT="13" WC="0.96" CONTENT="en"/><SP WIDTH="26" VPOS="1220" HPOS="452"/>
							<String ID="string_223" HPOS="478" VPOS="1212" WIDTH="81" HEIGHT="29" WC="0.96" CONTENT="miljon"/><SP WIDTH="26" VPOS="1212" HPOS="559"/>
							<String ID="string_224" HPOS="585" VPOS="1212" WIDTH="72" HEIGHT="22" WC="0.92" CONTENT="mark."/><SP WIDTH="36" VPOS="1212" HPOS="657"/>
							<String ID="string_225" HPOS="693" VPOS="1212" WIDTH="111" HEIGHT="21" WC="0.92" CONTENT="Häremot"/><SP WIDTH="19" VPOS="1212" HPOS="804"/>
							<String ID="string_226" HPOS="823" VPOS="1212" WIDTH="49" HEIGHT="20" WC="0.96" CONTENT="kan"/>
						</TextLine>
						<TextLine ID="line_31" HPOS="119" VPOS="1245" WIDTH="753" HEIGHT="30">
							<String ID="string_227" HPOS="119" VPOS="1245" WIDTH="52" HEIGHT="23" WC="0.93" CONTENT="med"/><SP WIDTH="27" VPOS="1245" HPOS="171"/>
							<String ID="string_228" HPOS="198" VPOS="1246" WIDTH="51" HEIGHT="21" WC="0.95" CONTENT="skäl"/><SP WIDTH="27" VPOS="1246" HPOS="249"/>
							<String ID="string_229" HPOS="276" VPOS="1246" WIDTH="45" HEIGHT="22" WC="0.91" CONTENT="den"/><SP WIDTH="26" VPOS="1246" HPOS="321"/>
							<String ID="string_230" HPOS="347" VPOS="1246" WIDTH="155" HEIGHT="29" WC="0.88" CONTENT="anmärkning"/><SP WIDTH="26" VPOS="1246" HPOS="502"/>
							<String ID="string_231" HPOS="528" VPOS="1250" WIDTH="73" HEIGHT="25" WC="0.91" CONTENT="göras,"/><SP WIDTH="24" VPOS="1250" HPOS="601"/>
							<String ID="string_232" HPOS="625" VPOS="1248" WIDTH="34" HEIGHT="20" WC="0.95" CONTENT="att"/><SP WIDTH="18" VPOS="1248" HPOS="659"/>
							<String ID="string_233" HPOS="677" VPOS="1254" WIDTH="30" HEIGHT="13" WC="0.93" CONTENT="en"/><SP WIDTH="16" VPOS="1254" HPOS="707"/>
							<String ID="string_234" HPOS="723" VPOS="1245" WIDTH="149" HEIGHT="29" WC="0.92" CONTENT="bestämning"/>
						</TextLine>
						<TextLine ID="line_32" HPOS="120" VPOS="1280" WIDTH="751" HEIGHT="30">
							<String ID="string_235" HPOS="120" VPOS="1280" WIDTH="82" HEIGHT="22" WC="0.95" CONTENT="endast"/><SP WIDTH="26" VPOS="1280" HPOS="202"/>
							<String ID="string_236" HPOS="228" VPOS="1288" WIDTH="38" HEIGHT="14" WC="0.92" CONTENT="om"/><SP WIDTH="19" VPOS="1288" HPOS="266"/>
							<String ID="string_237" HPOS="285" VPOS="1280" WIDTH="204" HEIGHT="30" WC="0.92" CONTENT="minimikapitalet"/><SP WIDTH="18" VPOS="1280" HPOS="489"/>
							<String ID="string_238" HPOS="507" VPOS="1285" WIDTH="25" HEIGHT="18" WC="0.93" CONTENT="är"/><SP WIDTH="18" VPOS="1285" HPOS="532"/>
							<String ID="string_239" HPOS="550" VPOS="1280" WIDTH="153" HEIGHT="28" WC="0.92" CONTENT="ofullständig"/><SP WIDTH="18" VPOS="1280" HPOS="703"/>
							<String ID="string_240" HPOS="721" VPOS="1280" WIDTH="43" HEIGHT="22" WC="0.93" CONTENT="och"/><SP WIDTH="16" VPOS="1280" HPOS="764"/>
							<String ID="string_241" HPOS="780" VPOS="1281" WIDTH="91" HEIGHT="21" WC="0.92" CONTENT="väsent-"/>
						</TextLine>
						<TextLine ID="line_33" HPOS="119" VPOS="1313" WIDTH="752" HEIGHT="31">
							<String ID="string_242" HPOS="119" VPOS="1315" WIDTH="64" HEIGHT="28" WC="0.90" CONTENT="ligen"/><SP WIDTH="24" VPOS="1315" HPOS="183"/>
							<String ID="string_243" HPOS="207" VPOS="1315" WIDTH="98" HEIGHT="22" WC="0.92" CONTENT="förlorar"/><SP WIDTH="17" VPOS="1315" HPOS="305"/>
							<String ID="string_244" HPOS="322" VPOS="1315" WIDTH="37" HEIGHT="22" WC="0.96" CONTENT="sin"/><SP WIDTH="17" VPOS="1315" HPOS="359"/>
							<String ID="string_245" HPOS="376" VPOS="1315" WIDTH="124" HEIGHT="29" WC="0.96" CONTENT="betydelse,"/><SP WIDTH="19" VPOS="1315" HPOS="500"/>
							<String ID="string_246" HPOS="519" VPOS="1315" WIDTH="71" HEIGHT="22" WC="0.93" CONTENT="sedan"/><SP WIDTH="17" VPOS="1315" HPOS="590"/>
							<String ID="string_247" HPOS="607" VPOS="1315" WIDTH="104" HEIGHT="22" WC="0.93" CONTENT="bankens"/><SP WIDTH="19" VPOS="1315" HPOS="711"/>
							<String ID="string_248" HPOS="730" VPOS="1314" WIDTH="57" HEIGHT="22" WC="0.89" CONTENT="affär"/><SP WIDTH="17" VPOS="1314" HPOS="787"/>
							<String ID="string_249" HPOS="804" VPOS="1313" WIDTH="67" HEIGHT="23" WC="0.91" CONTENT="vuxit"/>
						</TextLine>
						<TextLine ID="line_34" HPOS="120" VPOS="1348" WIDTH="751" HEIGHT="29">
							<String ID="string_250" HPOS="120" VPOS="1349" WIDTH="9" HEIGHT="20" WC="0.92" CONTENT="i"/><SP WIDTH="27" VPOS="1349" HPOS="129"/>
							<String ID="string_251" HPOS="156" VPOS="1349" WIDTH="93" HEIGHT="28" WC="0.96" CONTENT="omfång"/><SP WIDTH="27" VPOS="1349" HPOS="249"/>
							<String ID="string_252" HPOS="276" VPOS="1348" WIDTH="43" HEIGHT="21" WC="0.93" CONTENT="och"/><SP WIDTH="21" VPOS="1348" HPOS="319"/>
							<String ID="string_253" HPOS="340" VPOS="1349" WIDTH="93" HEIGHT="28" WC="0.95" CONTENT="passiva"/><SP WIDTH="17" VPOS="1349" HPOS="433"/>
							<String ID="string_254" HPOS="450" VPOS="1351" WIDTH="79" HEIGHT="26" WC="0.96" CONTENT="uppgå"/><SP WIDTH="18" VPOS="1351" HPOS="529"/>
							<String ID="string_255" HPOS="547" VPOS="1349" WIDTH="37" HEIGHT="21" WC="0.93" CONTENT="till"/><SP WIDTH="17" VPOS="1349" HPOS="584"/>
							<String ID="string_256" HPOS="601" VPOS="1349" WIDTH="55" HEIGHT="20" WC="0.94" CONTENT="flere"/><SP WIDTH="18" VPOS="1349" HPOS="656"/>
							<String ID="string_257" HPOS="674" VPOS="1349" WIDTH="68" HEIGHT="20" WC="0.96" CONTENT="tiotal"/><SP WIDTH="16" VPOS="1349" HPOS="742"/>
							<String ID="string_258" HPOS="758" VPOS="1348" WIDTH="113" HEIGHT="28" WC="0.96" CONTENT="miljoner."/>
						</TextLine>
						<TextLine ID="line_35" HPOS="120" VPOS="1381" WIDTH="751" HEIGHT="30">
							<String ID="string_259" HPOS="120" VPOS="1382" WIDTH="122" HEIGHT="22" WC="0.96" CONTENT="Utskottet"/><SP WIDTH="16" VPOS="1382" HPOS="242"/>
							<String ID="string_260" HPOS="258" VPOS="1382" WIDTH="43" HEIGHT="21" WC="0.96" CONTENT="har"/><SP WIDTH="18" VPOS="1382" HPOS="301"/>
							<String ID="string_261" HPOS="319" VPOS="1382" WIDTH="77" HEIGHT="22" WC="0.96" CONTENT="därför"/><SP WIDTH="11" VPOS="1382" HPOS="396"/>
							<String ID="string_262" HPOS="407" VPOS="1383" WIDTH="74" HEIGHT="21" WC="0.95" CONTENT="under"/><SP WIDTH="11" VPOS="1383" HPOS="481"/>
							<String ID="string_263" HPOS="492" VPOS="1384" WIDTH="117" HEIGHT="27" WC="0.93" CONTENT="noggrant"/><SP WIDTH="12" VPOS="1384" HPOS="609"/>
							<String ID="string_264" HPOS="621" VPOS="1381" WIDTH="171" HEIGHT="29" WC="0.92" CONTENT="öfvervägande"/><SP WIDTH="13" VPOS="1381" HPOS="792"/>
							<String ID="string_265" HPOS="805" VPOS="1381" WIDTH="66" HEIGHT="28" WC="0.96" CONTENT="tagit,"/>
						</TextLine>
						<TextLine ID="line_36" HPOS="120" VPOS="1416" WIDTH="753" HEIGHT="30">
							<String ID="string_266" HPOS="120" VPOS="1417" WIDTH="114" HEIGHT="22" WC="0.96" CONTENT="huruvida"/><SP WIDTH="18" VPOS="1417" HPOS="234"/>
							<String ID="string_267" HPOS="252" VPOS="1417" WIDTH="77" HEIGHT="22" WC="0.95" CONTENT="denna"/><SP WIDTH="16" VPOS="1417" HPOS="329"/>
							<String ID="string_268" HPOS="345" VPOS="1417" WIDTH="148" HEIGHT="29" WC="0.96" CONTENT="bestämning"/><SP WIDTH="17" VPOS="1417" HPOS="493"/>
							<String ID="string_269" HPOS="510" VPOS="1416" WIDTH="78" HEIGHT="23" WC="0.96" CONTENT="kunde"/><SP WIDTH="17" VPOS="1416" HPOS="588"/>
							<String ID="string_270" HPOS="605" VPOS="1416" WIDTH="166" HEIGHT="29" WC="0.96" CONTENT="kompletteras"/><SP WIDTH="18" VPOS="1416" HPOS="771"/>
							<String ID="string_271" HPOS="789" VPOS="1423" WIDTH="84" HEIGHT="22" WC="0.94" CONTENT="genom"/>
						</TextLine>
						<TextLine ID="line_37" HPOS="121" VPOS="1450" WIDTH="750" HEIGHT="31">
							<String ID="string_272" HPOS="121" VPOS="1453" WIDTH="33" HEIGHT="20" WC="0.96" CONTENT="ett"/><SP WIDTH="27" VPOS="1453" HPOS="154"/>
							<String ID="string_273" HPOS="181" VPOS="1451" WIDTH="129" HEIGHT="30" WC="0.95" CONTENT="stadgande"/><SP WIDTH="27" VPOS="1451" HPOS="310"/>
							<String ID="string_274" HPOS="337" VPOS="1451" WIDTH="119" HEIGHT="30" WC="0.95" CONTENT="angående"/><SP WIDTH="27" VPOS="1451" HPOS="456"/>
							<String ID="string_275" HPOS="483" VPOS="1451" WIDTH="39" HEIGHT="22" WC="0.96" CONTENT="det"/><SP WIDTH="21" VPOS="1451" HPOS="522"/>
							<String ID="string_276" HPOS="543" VPOS="1451" WIDTH="152" HEIGHT="28" WC="0.93" CONTENT="förhållande,"/><SP WIDTH="18" VPOS="1451" HPOS="695"/>
							<String ID="string_277" HPOS="713" VPOS="1450" WIDTH="66" HEIGHT="23" WC="0.92" CONTENT="hvari"/><SP WIDTH="18" VPOS="1450" HPOS="779"/>
							<String ID="string_278" HPOS="797" VPOS="1450" WIDTH="74" HEIGHT="22" WC="0.94" CONTENT="banks"/>
						</TextLine>
					</TextBlock>
				</ComposedBlock>
				<ComposedBlock ID="cblock_2" HPOS="190" VPOS="1495" WIDTH="338" HEIGHT="19">
					<TextBlock ID="block_3" HPOS="190" VPOS="1495" WIDTH="338" HEIGHT="19">
						<TextLine ID="line_38" HPOS="190" VPOS="1495" WIDTH="338" HEIGHT="19">
							<String ID="string_279" HPOS="190" VPOS="1495" WIDTH="142" HEIGHT="19" WC="0.91" CONTENT="Bankutskottets"/><SP WIDTH="13" VPOS="1495" HPOS="332"/>
							<String ID="string_280" HPOS="345" VPOS="1495" WIDTH="109" HEIGHT="18" WC="0.96" CONTENT="betänkande"/><SP WIDTH="13" VPOS="1495" HPOS="454"/>
							<String ID="string_281" HPOS="467" VPOS="1497" WIDTH="37" HEIGHT="16" WC="0.96" CONTENT="N:o"/><SP WIDTH="9" VPOS="1497" HPOS="504"/>
							<String ID="string_282" HPOS="513" VPOS="1496" WIDTH="15" HEIGHT="17" WC="0.96" CONTENT="1."/>
						</TextLine>
					</TextBlock>
				</ComposedBlock>
				<GraphicalElement ID="cblock_3" HPOS="1037" VPOS="1205" WIDTH="7" HEIGHT="509"></GraphicalElement >
			</PrintSpace>
		</Page>
	</Layout>
</alto>
