1050 1706
307 123 84 23 Ständ.
407 124 39 22 Sv.
462 137 27 3 —
503 124 74 29 Prop.
595 124 44 23 N:o
655 125 20 22 1.
857 127 11 20 7

321 192 85 28 försorg
428 193 84 25 därom,
535 195 32 19 att
589 194 128 20 biträdande
735 195 72 20 lärare
821 195 49 20 eller

322 227 116 21 lärarinna
462 228 101 20 anställes
585 228 41 20 och
649 228 88 28 lämplig
759 228 111 21 undervis-

322 261 126 27 ningslokal
469 263 119 27 anskaffas,
605 262 48 20 eller
668 262 40 21 ock
723 264 32 19 att
768 262 105 21 distriktet

322 296 7 20 i
345 296 35 20 två
399 296 50 20 eller
462 297 51 26 flere
527 296 86 21 distrikt
627 296 49 20 med
690 296 56 21 hvar
760 296 34 21 sin
809 297 62 20 skola

321 330 100 27 fördelas.

572 416 12 20 4
598 402 23 46 8.

391 472 108 27 Samtliga
519 472 3 21 i
536 473 135 20 kommunen
686 473 107 20 inrättade
806 473 67 26 högre

322 506 120 27 folkskolor
469 507 120 26 underlyda
616 507 146 20 kommunens
785 513 88 21 gemen-

322 547 87 14 samma
429 541 146 27 förvaltning;
593 541 107 21 kommun
717 541 69 20 likväl
800 541 73 21 obeta-

322 576 35 25 get
371 577 31 18 alt
417 575 109 27 medgifva
541 575 104 21 distriktet
659 577 44 19 rätt
717 577 32 19 att
763 575 8 20 i
785 577 27 18 ett
823 576 50 20 eller

324 611 71 19 annat
416 609 99 27 afseende
536 609 161 28 förvaltningen
721 609 60 28 själft
801 609 72 21 hand-

326 643 75 27 hafva.

392 674 31 24 Är
444 677 137 24 skoldistrikt,
604 684 46 14 som
670 677 150 27 härförinnan
837 677 39 21 till-

323 711 98 26 kommit,
440 711 28 27 af
481 712 148 20 kommunens
645 718 164 21 gemensamma
827 711 48 28 för-

325 746 99 27 valtning
449 746 122 24 oberoende,
602 747 37 19 må
666 745 65 28 äfven
757 745 117 27 framdeles

325 780 79 21 därvid
417 780 109 27 förblifva,
546 781 25 20 så
590 780 64 27 länge
668 780 36 20 det
718 781 53 20 utan
787 781 88 26 olägen-

325 815 36 20 het
377 815 36 27 för
430 815 134 20 kommunen
583 815 50 20 eller
650 813 104 22 distriktet
770 815 38 20 ske
822 814 53 20 kan.

328 849 93 28 Uppstår
440 849 69 26 däraf
527 848 115 28 olägenhet
656 848 40 21 och
712 855 63 14 anses
789 848 86 21 distrikt

326 884 53 21 böra
395 883 7 20 i
417 883 99 27 afseende
531 884 14 20 å
559 882 135 29 förvaltning
710 883 50 20 med
773 883 102 20 kommu-

325 925 43 13 nen
390 918 94 26 förenas,
503 918 56 20 skall
576 917 108 25 distriktet,
700 917 41 21 där
757 917 50 27 laga
823 916 50 20 hin-

325 952 37 21 der
373 952 45 20 icke
427 952 120 27 föreligger,
555 952 147 20 kommunens
709 957 164 21 gemensamma

324 986 136 28 förvaltning
481 986 150 27 underläggas,
652 985 103 27 antingen
775 985 45 21 helt
836 984 41 21 och

326 1021 67 21 hållet
407 1021 49 21 eller
473 1022 72 20 såsom
559 1019 214 28 omständigheterna
788 1019 34 21 det
833 1019 43 27 på-

327 1056 66 20 kalla.

396 1090 28 26 Ej
441 1090 38 20 må
497 1088 92 22 enskildt
606 1088 85 21 distrikt
705 1088 8 21 i
727 1089 74 26 någon
817 1087 58 21 hän-

327 1124 56 21 delse
392 1124 147 21 kommunens
549 1123 72 27 tillsyn
632 1123 40 21 och
683 1122 95 21 kontroll
789 1121 86 21 undan-

327 1159 85 27 dragas.

577 1231 12 20 5
605 1215 22 48 8.

397 1290 63 20 Inom
484 1290 29 19 tre
535 1289 36 20 års
585 1288 87 28 förlopp
690 1288 51 27 efter
756 1288 34 20 det
804 1287 73 21 denna

327 1323 132 27 förordning
478 1322 109 27 utfärdatsi
601 1322 57 21 skall
676 1322 147 20 kommunens
842 1322 34 20 be-

327 1358 45 20 slut
393 1356 113 28 angäende
523 1356 40 20 den
583 1356 7 20 i
609 1356 10 20 1
641 1355 39 21 och
698 1356 15 20 2
729 1354 32 28 $$
775 1354 104 28 stadgade

329 1390 208 27 distriktsindelning
549 1396 53 15 vara
615 1390 146 27 guvernörens
769 1388 108 28 pröfning

331 1425 138 22 understäldt.
