1045 1703
804 131 12 20 9

95 194 128 29 skattning,
245 195 46 21 kan
314 195 127 21 detsamma
462 194 126 23 behandlas
609 195 14 21 å
638 196 97 20 stämma
749 194 98 28 tidigast

95 228 46 22 den
167 229 50 28 dag,
243 229 157 28 kungörelsen
426 229 80 21 blifvit
532 228 70 22 andra
627 230 92 27 gången
741 229 8 21 i
771 229 76 28 kyrka

95 263 99 28 uppläst.

442 293 26 20 19
483 294 20 25 8.

163 342 239 22 Kommunalstämma
417 343 41 21 bör
473 343 72 21 hållas
562 343 24 21 så
601 343 49 21 ofta
660 343 77 28 (utesl.)
747 344 99 20 omstän-

96 377 136 29 digheterna
254 377 75 28 (utesl.)
352 377 39 21 det
413 375 98 30 påkalla,
526 377 9 22 i
550 377 79 29 hvarje
651 377 109 22 händelse
776 377 72 22 minst

95 411 53 28 fyra
162 411 87 28 gånger
265 419 37 14 om
318 412 48 21 året
381 411 43 22 och
439 411 62 22 helst
515 412 30 28 på
560 411 103 29 följande
673 411 69 22 tider:
754 419 29 14 en
793 412 8 21 i
810 411 36 22 Ja-

95 445 67 21 nuari
184 445 83 22 månad
289 445 36 22 för
339 445 146 28 granskning
501 445 25 22 af
539 446 120 27 taxerings-
675 446 36 21 och
726 446 122 28 röstlängd;

96 487 29 14 en
139 480 9 21 i
162 479 67 29 April
251 479 83 22 månad
356 479 37 22 för
408 479 104 22 fattande
529 480 26 21 af
567 479 77 22 beslut
659 480 8 21 i
683 480 125 28 anledning
824 480 26 21 af

96 514 45 21 den
163 514 160 21 årsberättelse
346 514 43 21 och
411 514 152 28 redovisning
580 514 36 21 för
631 514 140 29 föregående
786 515 61 20 årets

95 548 150 29 förvaltning,
269 556 43 14 som
335 548 249 22 kommunalnämnden
599 548 108 29 afgifver;
724 556 29 14 en
768 549 9 20 i
792 549 56 28 Sep-

95 583 89 21 tember
198 583 83 21 månad
295 583 36 21 för
348 583 142 21 anställande
506 583 25 21 af
543 583 38 21 val
596 583 37 20 till
648 583 27 20 de
690 583 158 28 befattningar

95 617 63 22 inom
174 617 146 28 kommunen,
336 617 80 21 hvilka
431 617 40 21 vid
486 617 60 21 årets
562 617 46 21 slut
623 616 74 22 blifva
706 617 78 28 lediga
793 619 56 20 samt

96 651 33 22 till
144 651 118 28 taxerings-
277 651 43 27 och,
336 652 37 21 der
388 651 66 22 beslut
468 652 71 21 derom
548 651 81 28 fattats,
637 651 80 28 jemväl
721 652 127 27 pröfnings-

96 686 93 26 nämnd;
211 686 107 26 äfvensom
341 692 29 14 en
391 685 8 21 i
421 685 126 21 December
569 685 83 21 månad
666 685 37 21 för
718 686 77 27 (utesl.)
809 686 39 20 be-

97 719 142 22 stämmande
254 719 25 22 af
291 720 154 20 kommunens
455 720 94 28 utgifts-
561 719 42 22 och
614 719 150 21 inkomststat
775 720 73 21 under

97 754 39 21 det
150 753 138 22 kommande
304 754 54 20 året.

444 818 28 20 20
487 818 20 26 8.

165 851 76 27 Äskar
256 856 140 28 tjensteman
412 856 56 21 eller
483 856 43 21 ock
542 856 91 21 enskild
647 863 84 21 person
746 856 103 21 kommu-

96 891 149 21 nalstämmas
268 890 211 22 sammankallande
501 890 37 21 för
559 890 124 28 uppgifvet
705 890 89 27 ärende,
810 898 39 14 an-

96 926 60 21 mäle
179 925 78 21 derom
279 924 41 22 hos
342 924 160 28 ordföranden,
517 932 48 14 som
581 924 40 22 har
636 926 34 19 att
685 924 71 22 sådan
771 924 78 22 anhål-

96 960 39 21 lan
150 959 88 29 pröfva.
261 958 87 22 Varder
364 958 75 22 denna
448 959 101 28 begäran
560 958 110 29 afslagen,
681 958 105 22 meddele
796 959 52 27 han,

97 1002 38 14 om
157 994 25 21 så
204 994 73 27 äskas,
301 993 41 21 sitt
364 993 77 21 beslut
463 993 133 28 skriftligen
609 992 52 22 med
675 992 80 22 skälen
771 993 79 21 dertill

97 1028 43 21 och
156 1027 64 29 gifve
237 1027 77 22 tillika
330 1027 71 21 sådan
416 1027 125 28 anvisning
556 1027 37 21 till
609 1027 92 21 besvärs
717 1026 131 26 anförande,

98 1069 49 15 som
162 1062 8 21 i
186 1062 26 21 99
228 1063 12 26 &
257 1065 72 24 säges.

444 1114 26 20 21
487 1114 20 25 8.

166 1153 53 21 Kan
234 1152 176 29 handläggning
426 1152 25 21 af
464 1153 83 20 ärende
567 1152 10 21 ä
586 1152 230 21 kommunalstämma
828 1151 20 29 ej

97 1188 30 28 pä
141 1188 74 20 utsatt
230 1186 45 28 dag
289 1186 37 21 till
342 1186 46 22 slut
399 1186 101 28 bringas,
512 1186 124 22 bestämme
648 1186 160 27 ordföranden,
816 1186 33 21 in-

98 1229 46 14 nan
166 1223 113 19 stämman
302 1220 114 28 upplöses,
439 1228 32 20 ny
493 1220 46 29 dag
560 1220 36 22 för
618 1220 52 21 dess
689 1220 161 23 fortsättande.

98 1256 85 22 Derom
198 1255 112 22 behöfver
325 1254 99 22 särskild
439 1254 139 29 kungörelse
593 1254 20 29 ej
630 1254 109 22 utfärdas.

445 1318 27 21 22
487 1319 20 25 8.

168 1356 159 21 Ordföranden
350 1356 88 28 äligger
461 1358 34 19 att
517 1356 114 21 ärendena
653 1355 40 21 vid
708 1355 142 21 kommunal-

99 1392 98 21 stämma
218 1389 128 22 framställa
369 1389 42 23 och
426 1389 207 29 förhandlingarna
647 1389 52 22 leda
714 1391 59 20 samt
788 1388 62 22 tillse

99 1427 35 21 att
148 1426 20 29 ej
185 1424 71 23 andra
270 1425 79 28 frågor
363 1424 134 29 föredragas
513 1428 28 18 än
557 1424 28 21 de
599 1424 9 21 i
623 1423 156 30 kungörelsen
794 1430 57 22 upp-
