1048 1706
340 144 27 23 U.
383 145 26 21 B.
428 158 22 2 —
469 145 71 27 Prop.
556 144 41 23 N:o
612 145 21 21 6.
834 146 26 19 53

111 216 51 20 svär
176 213 88 27 anförts,
282 230 8 10 ,
294 213 33 27 till
343 214 118 20 kännedom
477 220 32 15 om
528 213 77 21 sakens
628 213 83 27 utgång
727 213 38 21 och
780 212 33 22 för
828 214 33 20 att

111 248 124 26 klaganden
251 247 130 21 tillställas*.
411 248 45 20 Och
472 248 7 20 i
496 249 24 19 75
545 248 11 26 &
580 247 46 21 står
649 248 32 20 att
700 246 91 28 ändring
807 246 7 22 i
829 247 32 20 sä-

112 282 52 21 dant
187 282 72 27 utslag
281 282 34 20 får
337 282 64 20 sökas
422 281 55 21 inom
501 280 62 22 nittio
586 280 68 28 dagar
678 280 68 26 efter
768 280 93 22 delfäen-

112 316 54 21 det".
196 316 68 22 Dessa
279 316 38 21 ord
333 322 63 20 synas
412 316 83 26 egnade
511 317 33 19 att
560 314 60 28 gifva
636 314 116 28 anledning
763 314 32 22 till
805 314 56 22 olika

111 350 111 28 meningar
237 350 113 28 angående
365 350 66 27 tiden,
449 350 27 21 då
492 349 123 22 delfåendet
630 348 25 23 af
664 349 149 22 Guvernörens
829 350 32 20 ut-

111 385 47 27 slag
174 385 38 21 bör
227 391 62 15 anses
305 384 66 22 hafva
386 387 37 25 egt
438 391 52 15 rum.
506 384 11 22 I
533 384 72 27 praxis
620 384 39 21 har
674 384 39 21 ock
729 383 70 22 denna
809 383 52 21 olik-

112 420 36 21 het
164 419 121 27 framträdt,
301 419 7 21 i
325 419 36 21 det
377 425 48 15 man
442 419 45 21 dels
502 419 80 21 räknat
601 418 59 22 tiden
675 418 34 21 för
723 418 87 22 besvärs
826 424 36 15 an-

112 453 90 22 förande
217 453 6 22 i
239 453 93 22 Senaten
355 453 48 22 från
427 453 41 22 den
491 453 43 28 dag
556 453 160 22 vederbörande
735 452 128 22 ordförande

112 488 44 21 fått
172 488 33 21 del
221 488 24 21 af
259 488 101 27 utslaget,
377 488 45 21 dels
438 488 77 21 räknat
532 487 147 22 besvärstiden
695 487 49 22 från
763 487 41 21 den
820 487 43 27 dag

112 523 95 27 utslaget
222 522 72 22 blifvit
309 522 34 21 för
357 524 106 19 stämman
486 523 52 21 eller
560 522 152 27 myndigheten
733 521 129 28 föredraget.

112 557 40 22 Att
168 557 60 22 detta
243 563 76 16 senare
334 557 163 27 förfaringssätt
512 556 163 28 otvifvelaktigt
690 558 25 20 är
730 556 37 22 det
775 556 87 28 riktiga,

112 592 61 21 torde
188 591 85 28 framgå
289 599 25 14 ur
329 592 123 21 Utskottets
463 591 129 28 motivering
608 591 36 22 vid
659 593 11 26 $
681 593 24 19 73
722 591 25 21 af
759 591 50 21 nåd.
818 597 46 21 pro-

113 627 125 27 positionen.
269 626 112 22 Utskottet
397 626 39 21 har
450 625 138 28 fördenskull,
606 625 38 22 och
667 625 26 22 då
717 626 69 27 några
801 625 63 31 prak-

113 661 57 22 tiska
185 661 47 22 skäl
247 661 25 22 af
285 661 48 28 vigt
348 661 48 21 icke
411 661 62 21 torde
488 661 73 21 kunna
576 661 96 21 häremot
682 660 92 27 anföras,
783 659 81 28 intagit

112 696 8 21 i
135 699 12 18 2
163 703 60 14 mom.
240 695 24 22 af
274 697 39 20 100
329 697 12 26 &
358 697 31 20 ett
404 695 129 28 uttryckligt
548 695 120 27 stadgande
683 695 8 21 i
706 695 79 21 sådant
799 694 64 27 syfte.

181 731 73 21 Såsom
280 730 65 21 motiv
372 729 33 22 till
427 729 70 28 öfriga
523 730 6 21 i
552 731 12 26 $
588 731 40 20 100
651 729 104 28 vidtagna
777 729 86 22 ändrin-

112 771 40 22 gar
168 765 60 22 torde
244 765 76 22 endast
335 764 92 22 behöfva
443 764 95 27 påpekas
554 765 34 20 att
603 763 198 28 omformuleringen
817 763 25 22 af
851 765 10 20 1

113 806 61 15 mom.
190 799 99 28 betingas
304 799 189 26 hutvudsakligast
508 798 64 22 deraf
584 800 34 20 att
633 804 75 16 senare
724 805 59 14 mom.
799 798 27 27 i$
837 800 25 19 73

113 833 110 23 uteslutits
238 835 56 20 samt
309 835 34 20 att
358 833 40 21 den
414 833 7 21 i
432 839 60 15 mom.
509 835 5 19 2
523 832 340 22 kommunalnämndsordförande

113 868 80 28 ålagda
208 868 151 27 skyldigheten
375 869 33 20 att
423 867 165 22 tillhandahålla
604 867 84 22 enskild
696 867 106 27 sakegare
810 867 53 21 hans

113 903 109 27 exemplar
237 902 23 21 af
274 902 122 22 Guvernörs
412 901 72 28 utslag
499 900 108 23 befunnits
631 901 105 28 olämplig,
759 901 104 22 särskildt

113 936 48 22 med
176 936 101 22 afseende
293 936 13 21 å
322 936 40 20 den
378 935 87 21 dermed
480 935 102 22 förenade
597 935 146 27 indrifningen
767 936 38 20 och
827 942 36 14 ex-

113 970 122 28 peditionen
251 970 25 22 af
289 970 105 26 utslagets
409 970 68 26 lösen;
493 969 147 23 hvarförutom
662 969 53 22 sista
737 976 60 15 mom.
813 969 25 21 af
851 970 12 27 8

114 1008 40 19 100
178 1006 81 20 ansetts
283 1004 66 22 hafva
371 1004 32 22 sin
426 1006 59 19 rätta
507 1004 56 28 plats
586 1004 68 21 såsom
673 1010 75 15 senare
764 1010 59 15 mom.
841 1003 24 21 af

114 1042 11 26 8
143 1042 47 19 101.

182 1074 104 27 Slutligen
303 1074 39 21 har
353 1073 113 22 Utskottet
482 1075 71 20 ansett
568 1073 34 27 sig
617 1073 52 21 böra
685 1072 32 22 till
733 1074 12 26 $
762 1074 39 20 105
812 1072 51 28 foga

114 1116 26 14 en
155 1108 225 28 tilläggsbestämning
396 1108 113 27 angående
524 1108 65 26 tiden,
606 1108 56 21 inom
684 1107 87 22 hvilken
794 1109 69 25 proto-

114 1143 134 27 kollsutdrag
263 1143 7 21 i
285 1142 132 22 kommunalt
439 1142 79 22 ärende
533 1142 39 22 bör
588 1142 32 22 till
638 1142 105 27 sakegare
759 1141 104 27 utfärdas,

114 1178 89 21 emedan
218 1177 150 22 erfarenheten
383 1176 119 28 uppgifvits
518 1176 66 22 hafva
599 1176 120 28 ådagalagt
734 1168 33 29 att
777 1176 87 21 dermed

114 1212 97 22 stundom
227 1211 102 28 fördröjts
345 1211 24 21 så
384 1211 65 27 länge
465 1213 32 19 att
512 1211 136 27 svårigheter
670 1210 34 22 för
725 1210 88 22 besvärs
829 1210 34 22 be-

114 1246 78 28 höriga
207 1245 134 28 fullföljande
356 1247 38 25 egt
408 1252 53 14 rum.

183 1278 76 30 Öfriga
274 1282 80 20 smärre
370 1280 118 27 ändringar
502 1280 7 21 i
518 1279 247 27 författningsförslaget
773 1281 36 19 äro
819 1279 44 21 dels

115 1316 25 20 af
153 1315 136 21 uteslutande
304 1314 83 22 formell
402 1316 40 24 art,
460 1314 44 22 dels
520 1314 25 22 af
554 1314 40 22 den
604 1313 147 23 beskaffenhet
764 1315 34 19 att
808 1313 26 22 de
845 1314 18 26 ej

115 1349 88 27 påkalla
218 1348 93 22 särskild
326 1348 135 26 motivering.

183 1382 85 22 Ytterst
289 1383 39 21 bör
350 1382 111 22 Utskottet
483 1382 90 27 upplysa
596 1383 33 20 att
648 1381 25 22 de
691 1383 48 20 rent
753 1381 112 27 språkliga

115 1417 124 29 ändringar,
263 1424 43 15 som
322 1418 7 21 i
344 1418 40 21 den
406 1417 69 21 finska
490 1417 112 27 lagtexten
618 1416 105 28 vidtagits
739 1416 24 22 af
777 1416 25 22 de
817 1416 50 22 utaf

184 1457 204 18 Kommunalutskottets
400 1457 110 18 betänkande
522 1457 33 18 N:o
568 1457 15 18 1.

881 1072 40 23 105
938 1074 21 28 8.
