1053 1709
317 127 29 22 U.
361 128 28 21 B.
405 140 27 3 —
447 128 72 27 Prop.
535 128 41 22 N:o
592 128 20 21 6.
814 129 26 19 45

88 196 124 28 härigenom
236 196 112 22 kännbara
371 196 116 22 orättvisor
501 196 72 21 kunde
588 196 84 27 uppstå,
688 196 25 21 så
728 196 34 21 att
777 197 15 20 t.
808 202 32 15 ex.

87 230 176 22 skuldbelastade
279 230 165 28 näringsidkare
459 230 39 22 och
513 230 113 27 löntagare
640 229 72 22 blefve
726 229 62 22 öfver
797 229 44 22 höf-

87 271 44 15 van
146 264 140 27 beskattade,
302 265 39 20 har
356 264 91 21 nämnda
462 270 69 21 grupp
546 264 56 21 inom
618 264 113 21 Utskottet
745 263 96 22 förordat

87 299 72 20 såsom
175 299 120 26 korrektiv,
312 300 34 19 att
360 299 7 20 i
383 298 85 27 analogi
484 298 48 21 med
546 298 41 21 den
602 297 106 28 rättighet
723 300 34 19 att
766 298 8 21 i
784 298 57 22 vissa

87 332 39 22 fall
141 333 51 27 höja
209 333 179 27 skattebeloppet,
403 339 45 15 som
463 333 69 21 andra
546 334 115 20 momentet
672 332 120 22 innehåller
802 332 38 21 och

87 373 44 15 som
148 367 68 22 äfven
232 367 113 22 Utskottet
360 369 72 20 ansett
446 367 68 22 under
528 367 58 22 vissa
601 367 183 27 omständigheter
793 367 47 21 icke

87 402 74 21 kunna
178 401 116 27 undvaras,
310 402 216 27 taxeringsnämnden
542 401 80 28 jemväl
637 402 68 21 måtte
720 401 120 28 berättigas

87 438 40 25 att,
151 436 38 21 der
212 436 40 21 den
275 436 88 27 pröfvar
377 436 78 21 sådant
469 437 87 27 skäligt,
573 436 68 21 sänka
657 436 36 21 det
708 436 83 27 belopp,
806 435 34 22 för

87 471 83 21 hvilket
185 471 112 21 skattören
313 471 68 27 enligt
395 477 60 15 mom.
472 473 11 18 1
500 471 65 21 borde
580 471 41 21 den
631 471 161 27 skattskyldige
802 471 38 26 på-

87 505 65 22 föras.
186 505 116 22 Utskottet
319 505 38 22 vill
372 505 33 22 för
419 505 33 22 sin
468 505 34 22 del
517 505 47 22 med
580 505 101 22 afseende
696 505 13 22 å
724 505 61 22 detta
799 505 42 22 för-

87 539 48 28 slag
158 539 122 28 ingalunda
302 539 95 27 förneka,
420 541 34 20 att
476 539 41 22 den
534 541 77 20 nästan
627 539 141 22 oinskränkta
782 539 57 28 pröf-

87 574 116 27 ningsrätt,
226 580 45 15 som
294 574 45 21 deri
361 574 93 21 tilldelas
476 574 224 27 taxeringsnämnden,
719 574 120 21 stundom
826 570 17 35 i

86 608 65 21 enkla
174 607 151 23 förhållanden
346 609 71 21 kunde
439 609 123 22 underlätta
577 615 27 15 en
619 608 55 22 efter
689 608 151 23 skatteförmå-

87 649 43 21 gan
153 643 114 27 verkligen
286 643 108 27 afpassad,
409 643 79 22 rättvis
502 643 146 28 beskattning.
677 643 51 22 Men
743 644 8 21 i
765 643 74 28 regeln

86 677 70 22 skulle
173 677 38 22 det
226 677 124 28 föreslagna
365 679 108 26 systemet,
493 678 70 21 såsom
578 677 149 22 erfarenheten
742 680 98 25 nogsamt

86 712 67 22 redan
178 712 128 28 ådagalagt,
325 713 50 21 leda
388 712 33 22 till
436 712 130 28 fullkomligt
580 713 114 27 godtycke.
724 712 116 22 Saknaden

87 746 24 21 af
124 746 59 22 fasta
198 753 85 15 normer
297 746 34 22 för
346 747 41 22 den
401 747 135 22 kommunala
551 747 167 28 beskattningen
736 749 25 20 är
776 753 26 16 en
817 747 24 21 af

86 781 27 22 de
136 781 89 27 brister,
248 787 45 16 som
309 781 41 22 den
365 782 48 21 nåd.
429 788 59 21 prop.
502 782 8 21 i
524 782 91 21 främsta
629 783 90 20 rummet
734 781 58 22 afser
806 783 34 20 att

86 815 148 28 undanrödja;
253 816 61 21 detta
329 816 84 27 vigtiga
427 816 101 27 syftemål
542 816 69 22 skulle
620 822 76 21 genom
706 816 134 28 antagandet

86 850 25 22 af
133 849 171 30 ifrågavarande
326 851 82 28 förslag
429 851 138 28 fullständigt
588 851 94 22 förfelas.
715 851 123 22 Utskottets

86 885 161 27 öfvervägande
262 885 70 22 flertal
347 888 25 19 är
387 886 71 21 derför
473 886 25 21 af
511 887 41 21 den
567 887 64 26 åsigt,
648 888 33 19 att
690 886 106 27 förslaget
804 887 34 20 så-

86 925 43 16 som
149 919 114 28 olämpligt
278 920 47 21 icke
341 920 65 21 borde
421 919 25 22 af
458 920 121 22 Ständerna
594 920 108 22 omfattas.

155 953 45 22 För
215 955 34 20 att
265 954 74 22 såvidt
353 955 84 27 möjligt
451 955 118 21 inskränka
583 954 95 22 tillfället
688 955 33 21 till
731 955 107 27 godtycke

85 988 40 21 har
149 995 26 14 en
198 989 110 21 minoritet
327 989 55 21 inom
399 988 117 27 Utskottet,
532 989 50 22 ledd
597 989 25 22 af
635 989 40 22 den
690 989 84 28 riktiga
788 996 50 21 upp-

86 1022 124 28 fattningen
225 1029 34 16 om
275 1030 26 15 en
316 1024 179 27 grundväsentlig
508 1024 110 22 åtskilnad
628 1024 90 21 emellan
727 1024 111 27 fastighet,

85 1057 106 21 särskildt
212 1057 160 28 jordegendom,
395 1059 38 20 och
454 1058 71 27 öfriga
546 1059 154 27 skatteobjekt,
718 1058 120 27 föreslagit,

86 1093 34 19 att
135 1091 121 22 inkomsten
272 1092 49 21 från
334 1092 220 27 jordbruksfastighet
563 1093 69 21 skulle
642 1093 112 21 beskattas
764 1099 75 14 annor-

85 1125 67 21 lunda
174 1127 28 20 än
224 1126 94 21 inkomst
339 1126 49 21 från
411 1133 71 14 annan
504 1127 153 26 förmögenhet.
686 1127 12 20 I
712 1127 80 21 sådant
806 1126 32 21 af-

85 1159 80 22 seende
180 1160 67 21 borde
263 1161 75 26 hvarje
351 1161 217 27 jordbrukslägenhet
582 1161 69 27 enligt
665 1161 90 27 angifna
768 1161 70 27 regler

86 1194 105 21 värderas
207 1194 34 21 för
256 1194 98 21 bestämd
368 1195 32 20 tid
415 1195 85 27 framåt,
516 1195 54 21 dock
584 1195 47 21 icke
649 1195 86 21 utöfver
749 1195 41 20 fem
806 1195 32 24 år,

84 1230 58 19 samt
157 1228 70 21 såsom
242 1229 101 21 skattbar
357 1228 92 22 inkomst
463 1229 68 21 under
545 1229 75 27 hvarje
635 1228 25 21 af
668 1229 62 21 dessa
741 1229 25 21 år
776 1235 62 15 anses

86 1268 27 15 en
135 1262 52 27 viss,
210 1262 35 22 för
265 1263 42 21 alla
322 1263 125 27 lägenheter
462 1263 55 22 inom
532 1264 126 21 kommunen
672 1263 45 21 lika
732 1265 45 19 stor
791 1269 47 21 pro-

85 1299 50 19 cent
152 1297 25 21 af
191 1297 37 21 det
242 1297 91 22 sålunda
348 1297 123 22 beräknade
486 1297 198 28 fastighetsvärdet.
714 1297 34 22 En
763 1297 75 28 fastig-

86 1331 191 27 hetsbeskattning
297 1331 26 21 af
336 1331 69 21 denna
420 1333 35 19 art
469 1333 69 20 skulle
552 1332 126 26 visserligen
693 1331 34 21 för
739 1331 99 27 jordega-

86 1370 37 15 ren
139 1364 98 21 medföra
252 1365 41 20 den
308 1365 75 26 fördel,
400 1367 32 18 att
448 1365 82 22 antalet
545 1366 117 25 skattören,
678 1371 44 15 som
737 1365 101 27 påfördes

85 1398 55 22 hans
162 1398 109 28 lägenhet,
294 1398 47 22 icke
363 1399 83 27 årligen
461 1399 71 22 kunde
547 1399 143 22 underkastas
704 1399 132 28 förändring,

155 1439 207 18 Kommunalutskottets
374 1439 110 19 betänkande
495 1440 33 18 N:o
541 1440 15 18 1.
