1053 1706
291 138 87 23 Ständ.
395 138 37 23 Sv.
448 152 28 3 —
490 139 74 28 Prop.
600 145 24 17 N:o
637 139 21 22 1.
841 141 12 20 3

168 208 110 20 Däremot
299 208 68 20 hafva
390 207 272 27 detaljbestämningarna
682 214 38 15 om
738 208 61 21 hvad
814 208 39 20 vid

97 241 224 27 distriktsindelning
335 242 43 20 bör
393 242 117 26 iakttagas,
529 242 148 27 öfverflyttats
695 242 33 20 till
747 242 13 20 2
780 242 19 27 $,
817 242 34 20 till

97 275 95 21 hvilken
208 274 28 22 de
251 275 53 21 med
319 275 94 21 hänsikt
427 275 34 21 till
476 275 38 21 sitt
532 275 102 21 innehåll
653 276 64 21 höra.
749 276 48 20 Den
812 276 39 20 nå-

97 309 53 27 diga
177 309 185 28 propositionens
386 310 145 26 bestämning
553 312 32 19 att
606 310 64 26 barn,
694 316 50 15 som
768 316 81 14 annor-

98 344 75 22 städes
196 344 87 21 erhålla
302 344 143 22 folkskolans
463 344 55 22 kurs
536 344 161 22 motsvarande
717 344 53 21 eller
788 350 62 15 mera

97 378 143 22 omfattande
254 378 112 28 bildning,
381 378 50 22 icke
446 378 23 22 få
484 378 139 22 medräknas
637 378 38 22 vid
690 378 110 22 anhållan
812 385 39 15 om

99 413 115 21 folkskola
231 413 8 21 i
259 413 96 27 distrikt,
378 413 69 21 hafva
470 413 127 21 Ständerna
619 415 74 19 ansett
714 413 34 28 sig
770 414 79 20 kunna

97 448 106 26 utesluta,
219 447 26 22 så
264 448 91 27 mycket
370 448 69 21 hellre
455 455 50 14 som
520 448 143 27 lagförslaget
678 448 50 21 icke
743 447 108 22 särskildt

99 483 137 20 omnämner
251 482 149 21 intellektuelt
415 482 53 21 eller
482 483 83 27 fysiskt
578 483 113 20 abnorma
706 482 64 21 barn.

166 516 104 21 Emedan
287 516 181 28 ordalydelsen
458 512 17 37 i
490 517 82 26 nådiga
597 516 185 28 propositionens
804 517 13 20 2
838 517 13 26 8

101 550 77 22 kunde
201 550 51 21 leda
274 550 34 21 till
327 550 45 21 den
393 551 151 27 uppfattning,
567 553 32 19 att
616 551 38 21 det
668 551 26 21 af
706 551 145 21 kommunal-

101 587 115 20 stämman
238 585 94 21 tillsatta
352 585 162 22 förberedande
534 585 108 22 utskottet
662 587 26 19 är
705 585 100 28 skyldigt
819 587 32 19 att

96 619 34 28 sig
144 619 35 22 till
195 619 88 22 biträde
299 620 62 20 kalla
379 619 232 28 folkskoleinspektor
633 620 38 21 vid
687 619 161 29 upprättandet

97 654 25 21 af
140 654 84 27 förslag
245 654 33 21 till
299 654 256 27 distriktsindelningen,
571 661 53 14 men
639 657 30 18 ett
685 654 82 21 sådant
781 654 69 27 tvång

96 689 78 20 kunde
189 689 96 21 åsamka
294 689 169 21 kommunerna
475 689 138 26 svårigheter
623 689 44 20 och
677 689 101 27 fördröja
788 690 62 19 ären-

96 722 44 27 det,
163 723 44 20 har
229 723 144 21 föreskriften
388 723 140 21 modifierats
544 723 103 26 sålunda,
663 725 33 19 att
710 723 71 21 orden
800 722 50 21 »må

96 757 111 21 tillkalla»
225 757 86 27 utbytts
326 757 34 21 till
379 758 37 20 »är
430 757 136 27 berättigadt
580 759 32 19 att
627 757 117 21 tillkalla».

166 791 110 22 Förutom
292 791 27 21 de
335 791 7 20 i
357 791 84 27 nådiga
456 791 172 28 propositionen
641 791 151 28 uppräknade
803 797 46 15 om-

98 825 159 27 ständigheter,
280 825 34 21 till
332 825 79 22 hvilka
432 826 91 27 hänsyn
542 825 58 22 skall
620 827 63 25 tagas
701 825 39 22 vid
758 827 91 26 upprät-

97 859 78 22 tandet
195 859 25 21 af
239 859 84 28 förslag
344 859 33 22 till
396 859 226 28 distriktsindelning,
637 860 70 21 hafva
722 859 126 22 Ständerna

97 896 74 19 ansett
192 894 57 22 böra
272 895 97 20 nämnas
392 894 66 22 äfven
481 894 28 21 de
530 894 84 27 skolor,
633 901 50 14 som
698 894 71 21 redan
784 894 64 21 inom

97 929 144 21 kommunen
257 929 39 21 äro
311 929 119 21 inrättade.

165 963 104 21 Emedan
297 963 24 21 af
345 963 172 28 propositionen
542 963 19 28 ej
591 963 124 27 otvetydigt
742 963 105 27 framgår,

99 998 61 21 huru
175 997 126 22 vidsträckt
315 997 199 28 maktbefogenhet
524 999 113 26 guvernör
648 997 43 22 bör
700 997 149 22 tillerkännas

97 1031 7 21 i
125 1032 64 26 fråga
209 1038 38 15 om
269 1032 140 27 granskning
424 1032 24 21 af
461 1032 248 21 kommunalstämmas
724 1032 75 21 beslut
814 1033 33 20 rö-

99 1065 71 22 rande
185 1065 227 28 distriktsindelning,
427 1066 69 21 hafva
512 1065 125 22 Ständerna
653 1067 74 20 ansett
735 1065 113 22 föreskrift

96 1100 70 26 nödig
188 1099 88 27 därom,
299 1102 32 19 att
347 1100 69 27 sagda
431 1100 136 27 befogenhet
582 1101 26 19 är
622 1100 136 21 densamma
773 1107 50 14 som
839 1100 7 21 i

96 1134 126 21 allmänhet
243 1134 140 21 tillkommer
405 1135 112 26 guvernör
539 1134 141 21 beträffande
699 1134 28 21 de
742 1134 105 21 kommu-

96 1168 53 21 nala
165 1168 194 27 angelägenheter,
374 1168 7 21 i
400 1168 80 21 hvilka
494 1169 59 20 hans
570 1168 140 21 stadfästelse
726 1168 118 21 erfordras.

96 1202 116 27 Därjämte
233 1202 69 21 hafva
321 1202 126 21 Ständerna
466 1203 76 20 funnit
556 1202 38 21 det
609 1202 120 27 oegentligt
744 1204 32 19 att
791 1202 56 21 folk-

97 1236 182 28 skoleinspektor
294 1237 147 21 tillerkännes
456 1238 44 19 rätt
515 1239 32 19 att
567 1237 2 20 i
585 1237 108 20 Senatens
709 1236 136 21 Ekonomie-

98 1271 156 27 departement
272 1271 84 28 anföra
370 1271 81 21 besvär
473 1271 62 21 öfver
557 1272 123 26 guvernörs
703 1271 81 26 beslut,
803 1271 43 20 och

96 1305 60 27 förty
177 1305 102 22 uteslutit
304 1305 173 28 bestämningen
503 1306 91 27 därom
610 1312 27 14 ur
660 1305 146 28 paragrafens
833 1306 13 20 3

95 1341 108 18 moment.

163 1372 44 21 Till
229 1373 173 26 bestämningen
425 1373 7 20 i
454 1373 14 20 4
490 1373 13 26 S
522 1373 21 26 (3
563 1373 21 26 $)
606 1379 37 14 om
663 1372 85 21 minsta
762 1372 85 21 antalet

94 1407 109 21 anmälda
217 1407 64 27 barn,
297 1407 35 21 för
347 1407 78 21 hvilka
440 1407 37 20 det
493 1406 82 27 åligger
590 1406 112 21 kommun
716 1409 32 18 att
763 1406 83 21 inrätta

95 1442 55 21 eller
165 1441 92 28 utvidga
273 1441 64 22 skola
353 1441 63 22 inom
432 1443 30 20 ett
475 1441 90 22 distrikt
576 1441 53 21 eller
639 1441 43 22 ock
693 1441 51 21 dela
756 1441 88 22 distrik-
