1048 1703
312 123 28 22 U.
355 124 27 21 B.
398 138 27 1 —
441 125 73 27 Prop.
530 125 41 22 N:o
585 125 22 22 6.
808 128 27 20 49

83 190 92 22 sålunda
196 191 73 21 kunna
291 192 100 28 erhållas,
415 193 56 22 helst
485 194 218 27 taxeringsnämnden
718 195 67 21 måste
800 201 36 15 an-

84 228 63 24 tagas
163 232 53 14 vara
231 226 131 22 intresserad
377 227 64 21 deraf
454 229 34 20 att
503 228 48 22 dess
567 228 104 27 åtgärder
685 228 75 22 ställas
773 229 8 21 i
792 231 45 19 rätt

85 259 67 27 dager
167 260 39 20 och
221 260 68 22 varda
304 261 154 21 beståndande.

153 293 80 21 Vidare
248 295 40 21 har
303 294 112 22 Utskottet
430 296 28 26 på
468 296 53 26 skäl,
533 302 44 16 som
589 296 68 22 delvis
668 297 67 21 redan
742 297 94 27 antydts,

84 328 55 19 trott
153 327 34 27 sig
203 328 52 21 böra
270 328 80 22 föreslå
366 330 32 20 ett
413 329 212 28 tilläggsstadgande
641 330 78 28 derom,
736 333 33 19 att
781 332 57 20 kom-

84 367 57 21 mun,
163 361 87 23 hvilken
266 363 79 21 önskar
360 363 112 28 uppdraga
488 364 128 28 pröfningen
633 364 24 21 af
670 365 109 27 klagomål
794 366 44 20 mot

84 395 127 28 taxeringen
228 397 23 21 åt
267 403 25 16 en
307 397 93 22 särskild
416 398 196 28 pröfningsnämnd,
628 399 56 21 skall
699 405 53 16 vara
766 399 72 21 dertill

84 429 132 28 berättigad.

154 464 75 28 Enligt
251 465 57 22 hvad
330 465 125 28 isynnerhet
471 467 24 22 af
514 467 174 22 Bondeståndets
702 468 136 21 medlemmar

86 498 55 21 inom
157 499 112 22 Utskottet
284 499 136 30 framhållits,
436 508 39 21 ger
490 502 149 21 erfarenheten
654 502 37 21 vid
701 502 91 27 handen,
806 503 33 20 att

85 533 157 28 behandlingen
267 535 24 21 af
311 535 74 28 frågor
408 543 32 14 om
460 537 108 27 klagomål
583 536 62 23 öfver
659 537 128 26 taxeringen
802 536 37 22 vid

86 567 251 24 kommunalstämmorna
353 569 47 23 icke
415 571 69 21 sällan
499 571 111 28 försiggår
625 571 68 22 under
708 570 130 27 omständig-

85 602 67 27 heter,
175 603 74 22 hvilka
271 606 38 19 äro
332 604 39 22 allt
386 607 68 20 annat
469 608 27 19 än
511 612 140 21 gynnsamma
666 605 34 22 för
715 612 26 15 en
756 611 82 21 mogen,

85 636 103 23 lidelsefri
204 638 38 21 och
258 638 87 27 oväldig
360 639 107 28 pröfning.
490 640 114 22 Utskottet
619 647 63 15 anser
698 640 36 21 det
748 640 26 21 så
785 645 55 22 myc-

86 671 37 21 ket
146 672 81 21 mindre
249 673 77 27 nödigt
348 675 33 19 att
401 674 91 22 utbreda
507 675 34 27 sig
556 675 61 22 öfver
633 675 26 21 de
674 674 166 22 missförhållan-

86 705 48 29 den,
150 706 74 22 hvilka
239 706 118 28 uppgifvits
372 708 40 21 här
426 709 38 21 och
480 709 54 21 hvar
549 709 66 22 hafva
626 709 58 29 gjort
694 708 34 28 sig
738 708 102 28 gällande

86 740 6 21 i
116 741 61 21 detta
195 742 127 28 hänseende,
341 749 43 15 som
401 743 40 21 den
458 743 128 28 erfarenhet,
603 743 87 22 hvilken
705 743 8 21 i
727 743 113 21 Utskottet

87 775 122 27 åberopats,
231 776 118 27 ingalunda
372 777 85 22 afviker
479 777 49 21 från
543 777 150 23 erfarenheten
709 777 49 21 från
774 777 66 21 andra

86 809 150 23 förhållanden
251 811 39 21 och
305 812 110 21 områden:
432 818 26 15 en
473 812 152 28 månghöfdad,
641 812 33 21 till
689 811 33 21 sin
737 817 104 16 samman-

86 845 99 27 sättning
208 845 111 29 vexlande,
336 846 24 21 af
374 846 86 27 mycket
474 846 121 22 olikartade
610 846 92 22 element
716 846 124 26 bestående,

86 880 7 20 i
108 879 150 28 verkligheten
269 880 116 28 oansvarig
395 880 127 28 församling
532 884 24 18 är
567 881 7 21 i
587 881 116 21 allmänhet
714 880 49 22 icke
770 880 71 28 egnad

87 916 33 20 att
143 916 70 20 sättas
234 914 33 22 till
291 915 84 21 domare
398 915 53 21 eller
466 917 33 20 att
514 915 77 27 pröfva
605 914 75 28 frågor
695 921 33 15 om
743 917 45 20 rätt
803 916 38 20 och

87 951 64 25 orätt,
174 949 119 27 hvarjemte
316 950 96 26 onekligt
428 952 24 18 är
467 952 33 20 att
515 950 82 21 mindre
612 949 173 28 aktningsvärda
800 956 41 15 mo-

87 984 39 26 tiv,
142 984 37 21 der
194 984 83 21 sådana
292 984 137 26 förekomma,
445 984 51 22 vida
510 984 80 22 lättare
605 984 73 22 kunna
689 986 54 25 göra
753 984 34 28 sig
798 984 44 27 gäl-

88 1018 63 21 lande
162 1018 7 21 i
180 1024 27 15 en
217 1018 213 22 kommunalstämma
442 1020 27 19 än
478 1020 38 20 hos
524 1025 27 15 en
558 1018 104 22 särskildt
670 1018 78 22 utsedd
756 1018 84 21 nämnd.

156 1053 59 21 Utan
231 1053 100 22 afseende
346 1053 39 20 bör
400 1053 76 22 härvid
486 1053 48 22 icke
542 1053 87 26 lemnas,
639 1054 33 20 att
680 1053 161 27 ansvarighets-

87 1087 91 21 känslan
208 1088 37 21 hos
275 1087 163 22 medlemmarne
474 1087 25 22 af
527 1094 27 15 en
583 1087 69 22 sådan
682 1087 78 22 nämnd
793 1087 47 21 med

88 1123 32 20 ett
135 1122 104 21 särskildt
253 1121 223 28 förtroendeuppdrag
491 1122 46 21 helt
552 1121 75 22 säkert
642 1121 87 22 utöfvar
744 1123 32 20 ett
791 1121 51 22 vida

88 1158 69 19 större
172 1155 118 28 inflytande
305 1159 27 19 än
348 1156 37 21 hos
402 1156 41 22 den
458 1156 82 28 rörliga
555 1155 107 28 mängden
670 1156 27 27 på
707 1162 27 15 en
748 1156 95 21 kommu-

88 1190 137 27 nalstämma;
241 1191 39 21 och
293 1190 103 21 särskildt
411 1190 106 27 förtjenar
533 1190 148 26 ihägkommas
697 1191 33 20 att
745 1190 98 20 medlem-

89 1230 72 16 marne
177 1224 25 22 af
215 1224 220 28 pröfningsnämnden
457 1224 82 22 komme
555 1226 34 19 att
607 1230 54 16 vara
683 1223 160 22 underkastade

88 1258 145 28 Strafflagens
249 1258 161 28 bestämningar
426 1265 33 15 om
478 1265 79 15 ansvar
579 1258 34 22 för
635 1258 141 27 tjenstemäns
792 1257 29 22 fel
836 1258 8 21 i

88 1293 101 27 tjensten,
206 1299 51 16 vare
273 1293 34 27 sig
322 1293 124 27 uppsätliga
462 1293 51 21 eller
528 1292 83 22 sädana
621 1299 45 15 som
674 1293 50 21 bero
733 1292 28 27 pä
769 1292 74 22 värds-

88 1327 77 26 löshet,
180 1327 145 21 försummelse
349 1328 52 20 eller
424 1328 135 20 oaktsamhet
578 1326 70 28 (Strfl
665 1329 19 18 2:
702 1328 25 19 12
743 1328 56 19 samt
814 1328 27 18 40

89 1361 56 27 kap.,
163 1361 108 22 äfvensom
288 1361 49 21 nåd.
353 1367 59 20 prop.
429 1360 13 28 &
462 1362 56 25 109),
533 1361 77 21 medan
635 1360 145 21 förhållandet
797 1360 47 21 icke

90 1397 24 20 är
130 1395 117 22 detsamma
269 1395 48 22 med
341 1395 26 22 de
389 1395 28 27 pä
434 1401 25 15 en
475 1395 212 22 kommunalstämma
702 1394 141 21 omröstande.

159 1435 206 18 Kommunalutskottets
377 1435 111 18 betänkande
500 1434 33 19 N:o
546 1436 15 17 1.
776 1435 12 16 4
