1042 1709
434 126 53 22 N:o
502 126 32 22 9.

312 446 70 25 Hans
410 447 165 32 Kejserliga
602 446 148 32 Majestäts
778 445 80 33 nådiga

244 493 139 32 proposition
395 493 34 25 till
441 493 102 25 Finlands
555 493 95 24 Ständer
661 492 115 33 angående
788 499 69 25 grun-

246 539 41 25 den
305 540 38 23 för
361 539 183 32 tolagsafgiftens
561 539 151 25 beräknande.

174 607 11 21 I
195 606 220 23 öfverensstämmelse
429 607 49 22 med
489 607 131 22 Ständernas
630 607 35 21 vid
678 608 54 21 1894
742 607 35 21 års
788 606 70 22 landt-

108 641 42 28 dag
169 641 80 22 aflåtna
268 647 49 16 svar
333 641 13 22 å
361 641 78 27 nådiga
458 641 162 28 propositionen
636 641 110 28 angående
760 640 98 29 grunden

108 676 34 21 för
157 675 170 28 tolagsafgiftens
342 676 138 21 beräknande
495 676 39 22 har
548 676 60 21 Hans
624 676 118 27 Kejserliga
757 675 101 28 Majestät

109 717 76 21 genom
200 711 125 26 förordning
341 710 22 21 af
376 711 41 21 den
435 711 24 21 15
475 711 92 27 Augusti
582 711 53 21 1894
645 711 7 20 i
663 711 67 21 nåder
739 709 119 27 förordnat,

109 746 39 26 att,
172 745 47 22 med
241 745 148 22 bibehållande
411 745 23 22 af
454 745 99 27 gällande
572 745 38 21 och
629 745 138 22 derförinnan
786 745 73 21 senast

109 780 41 22 den
173 781 26 21 22
218 780 104 22 Februari
343 781 53 20 1892
415 780 115 22 faststälda
544 780 70 27 grund
628 780 33 21 för
677 780 145 26 debiteringen
838 779 23 21 af

110 814 93 22 nämnda
218 814 67 28 afgift,
301 814 122 22 densamma
438 815 69 21 skulle
516 814 55 22 intill
582 814 40 22 den
635 816 9 20 1
657 814 89 22 Januari
759 815 53 21 1899
823 814 36 22 be-

110 851 102 20 stämmas
231 849 31 22 till
281 849 43 22 viss
340 851 88 26 procent
443 849 23 22 af
480 849 112 22 tullsatsen
609 850 12 21 å
637 850 40 21 den
693 848 166 28 tolagsbeskatt-

109 884 52 27 ning
178 884 159 21 underkastade
356 891 75 19 varan;
449 884 37 21 och
502 884 39 21 har
555 884 60 21 Hans
630 884 118 27 Kejserliga
757 883 101 28 Majestät

108 913 75 32 tillika,
206 919 29 26 på
257 918 131 22 Ständernas
411 918 129 28 tillstyrkan,
560 919 32 21 uti
611 919 128 27 kungörelse
757 918 23 22 af
795 918 63 22 först-

108 953 92 21 nämnde
216 953 41 27 dag
273 953 85 28 nådigst
373 953 88 28 stadgat
475 953 65 22 bland
556 955 76 20 annat:

174 989 33 20 att
235 988 171 27 tolagsafgiftens
429 988 122 22 dåvarande
574 988 169 27 maximibelopp,
767 990 91 19 motsva-

109 1022 66 21 rande
197 1022 46 27 fyra
266 1024 89 25 procent
379 1022 23 22 af
422 1023 112 22 tullsatsen
555 1023 13 21 å
586 1023 41 21 den
650 1023 209 27 tolagsbeskattning

108 1057 160 22 underkastade
283 1063 73 18 varan,
373 1057 68 22 skulle
455 1057 126 26 bibehållas;

177 1093 33 19 att
231 1091 137 22 föreskriften
389 1098 33 15 om
441 1092 169 27 tolagsafgiftens
630 1092 120 28 utgörande
769 1091 32 22 till
816 1091 43 22 lika

109 1127 90 26 procent
221 1125 22 22 af
264 1126 66 21 tullen
348 1127 12 20 å
374 1126 55 21 både
451 1127 149 21 inkommande
619 1127 39 21 och
673 1126 108 27 utgående
796 1133 63 15 varor

105 1160 78 27 jemväl
199 1160 68 21 skulle
281 1160 98 22 förblifva
395 1161 135 27 oförändrad,
546 1164 56 19 samt

176 1196 34 19 att
232 1195 69 20 denna
323 1194 61 28 afgift
403 1195 66 22 borde
488 1196 96 27 erläggas
603 1195 32 22 till
652 1196 44 21 lika
710 1195 77 28 belopp
804 1195 22 22 af
840 1195 17 27 ej

108 1229 83 21 mindre
206 1229 113 22 städernas
335 1230 98 27 samtliga
448 1230 101 22 invånare
565 1232 27 19 än
608 1229 42 22 alla
664 1230 75 26 andra,
755 1235 45 16 som
818 1230 41 27 sjö-

107 1263 58 22 ledes
188 1263 50 22 eller
260 1264 120 28 landvägen
403 1264 47 21 från
470 1266 58 20 orter
547 1267 59 19 utom
622 1264 72 21 landet
710 1263 32 22 till
757 1264 102 21 städerna

107 1297 83 22 införde
205 1298 51 22 eller
272 1298 92 22 derifrån
380 1299 86 21 utförde
482 1299 129 27 tullpligtiga
626 1305 70 15 varor.

174 1332 31 20 På
221 1332 69 26 grund
306 1333 23 21 af
343 1334 62 20 dessa
419 1333 160 21 förordnanden
594 1333 40 21 har
648 1333 93 21 Senaten
758 1333 48 21 med
815 1333 44 21 led-

107 1364 52 28 ning
174 1365 23 21 af
209 1366 86 27 förslag,
311 1373 45 15 som
371 1367 114 26 uppgjorts
501 1366 22 22 af
536 1367 108 25 städerna,
661 1366 39 22 den
718 1368 26 19 18
756 1366 104 22 Februari

114 1400 52 20 1895
185 1399 95 22 faststält
298 1400 199 27 tolagsprocentens
513 1400 75 28 belopp
604 1400 33 21 för
652 1400 26 22 de
693 1400 79 27 städer,
788 1400 71 22 hvilka

109 1434 137 22 derförinnan
262 1435 56 21 varit
334 1435 5 21 i
357 1434 126 28 åtnjutande
499 1434 22 23 af
533 1434 163 28 ifrågavarande
710 1430 90 31 förmån,
812 1435 47 21 der-
