1042 1706
192 151 14 21 6
386 150 84 22 Ständ.
486 149 39 23 Sv.
540 163 28 3 —
585 150 74 28 Prop.
697 155 23 17 N:o
735 150 20 22 7.

192 221 78 21 därest
288 220 133 28 detsamma,
440 220 9 22 i
466 220 79 22 stället
561 221 36 21 för
615 222 35 20 att
667 220 78 29 fortgå
762 221 8 21 i
785 222 35 20 ett
832 227 111 15 samman-

192 255 70 29 hang,
289 255 74 22 skulle
386 254 126 30 lämpligen
537 255 104 29 afbrytas
658 255 36 21 för
713 257 34 20 att
765 255 84 22 bereda
867 262 76 21 repre-

194 292 148 20 sentanterne
370 290 43 21 och
437 290 110 21 särskildt
573 289 259 23 utskottsledamöterne
850 289 93 22 rådrum

194 326 36 20 att
256 326 54 27 taga
337 324 110 28 grundlig
470 324 132 22 kännedom
625 331 36 14 om
685 324 43 22 och
745 324 122 22 förbereda
884 323 59 22 före-

192 358 110 30 liggande
320 358 85 28 frågor.
423 358 12 21 I
453 358 65 22 detta
536 357 107 23 afseende
661 357 42 23 har
721 358 39 22 det
775 358 88 28 förslag
874 358 69 22 fram-

192 393 74 28 stälts,
286 394 34 20 att
337 392 171 30 landtdagarna
527 392 74 22 skulle
614 392 170 22 sammanträda
795 392 75 22 under
880 392 63 22 förra

192 427 89 22 hälften
300 427 24 22 af
341 427 136 28 November,
496 427 61 22 dock
574 427 51 21 icke
643 427 49 22 före
711 427 45 22 den
776 428 37 27 10,
832 426 43 23 och
886 427 57 22 fort-

192 464 62 20 sätta
280 462 51 21 sina
355 462 96 21 arbeten
473 462 37 21 till
531 461 86 22 mediet
635 462 23 21 af
675 462 133 28 December,
826 461 117 23 hvarefter

192 496 116 22 desamma
326 496 74 21 skulle
418 497 134 28 ajourneras
570 496 29 29 på
615 497 77 28 någon
705 496 40 21 tid.
773 496 71 22 Detta
855 496 88 28 förslag

193 538 67 22 synes
284 530 112 22 innebära
414 532 84 27 många
516 530 133 29 betydande
667 530 107 22 fördelar.
811 530 42 22 Sin
870 531 73 21 första

193 572 159 15 sammanvaro
375 565 77 22 kunde
474 565 171 29 landtdagarna
669 572 61 22 egna
754 566 25 20 åt
797 573 28 13 en
842 565 101 22 förbere-

193 600 75 22 dande
293 599 143 30 behandling
463 600 8 21 i
490 599 98 23 stånden
607 600 23 22 af
648 600 28 21 de
697 600 87 29 nådiga
804 600 139 29 propositio-

191 642 73 14 nerna
294 636 59 20 samt
382 635 23 21 af
431 635 63 21 inom
520 634 98 22 stånden
641 634 86 22 väckta
750 634 121 29 petitions-
899 634 43 22 och

191 668 194 30 motionsförslag.
422 669 128 21 Utskotten
570 668 79 22 kunde
666 668 79 29 hinna,
763 669 49 22 före
831 669 111 22 afbrottet

191 704 9 22 i
226 703 339 29 landtdagsförhandlingarna,
597 703 73 22 ordna
699 703 50 22 sina
776 704 96 22 arbeten
899 703 43 22 och

192 738 59 22 efter
277 738 97 29 lämplig
400 738 134 29 fördelning
552 739 25 21 åt
595 738 105 21 enskilda
718 737 148 23 medlemmar
884 746 58 20 upp-

192 773 72 28 draga
291 780 29 14 en
346 772 139 29 föregående
513 772 130 28 beredning
669 772 24 22 af
721 772 28 22 de
766 773 37 21 till
819 773 122 21 utskotten

192 807 146 22 remitterade
358 807 120 21 ärendena.
514 807 139 22 Utskottens
671 807 143 22 sekreterare
831 807 75 21 skulle
917 806 25 22 fä

191 841 92 22 tillfälle
306 844 35 19 att
363 842 107 21 utarbeta
492 842 87 21 sädana
601 841 158 29 redogörelser
781 842 36 21 för
834 841 109 29 gällande

189 875 150 29 lagstiftning
358 876 13 21 &
388 876 28 21 de
436 876 115 28 områden,
570 883 48 14 som
639 875 115 23 ärendena
771 876 88 28 beröra,
872 876 71 28 jämte

190 910 79 22 därtill
300 910 104 22 hörande
434 910 125 22 historiska
585 910 174 29 utläggningar,
787 918 48 14 som
861 910 80 22 kunna

190 945 104 21 befinnas
320 944 87 29 nödiga
434 947 34 19 att
495 946 9 21 i
530 944 284 23 utskottsbetänkandena
840 945 100 28 intagas.

190 980 46 20 Till
254 980 120 21 utskotten
392 979 148 23 remitterade
558 979 122 29 petitions-
699 979 43 22 och
753 979 190 29 motionsförslag

189 1014 78 21 kunde
289 1014 94 28 tryckas
402 1013 43 22 och
463 1014 37 21 till
517 1013 284 23 utskottsmedlemmarna
820 1014 122 22 distribue-

190 1056 43 14 ras.
252 1048 143 21 Ständernas
414 1048 96 21 arbeten
528 1048 74 21 skulle
621 1048 58 21 efter
692 1048 65 21 detta
770 1048 88 21 afbrott
869 1048 73 29 lämp-

189 1083 64 28 ligen
276 1083 49 20 äter
342 1081 96 29 vidtaga
456 1083 9 20 i
482 1082 87 21 medlet
587 1081 55 22 eller
660 1082 73 21 under
752 1089 79 14 senare
851 1082 90 21 hälften

190 1117 22 21 af
233 1116 98 21 Januari
356 1115 43 22 och
420 1117 77 27 fortgä
519 1116 37 21 till
574 1116 84 28 början
675 1116 23 21 af
716 1116 47 29 Maj
782 1115 85 22 mänad
885 1116 56 21 eller

189 1151 25 21 sä
236 1151 67 28 längt
325 1150 25 21 in
374 1151 30 28 pä
422 1150 138 28 densamma,
581 1157 49 14 som
648 1150 113 21 erfordras
779 1151 36 21 för
833 1150 108 29 samtliga

189 1184 113 22 ärendens
321 1183 197 30 slutbehandling.

257 1218 177 22 Ofvanberörda
456 1218 139 22 förändrade
614 1218 131 29 anordning
765 1219 23 21 af
805 1218 136 29 landtdags-

189 1253 90 21 arbetet
296 1253 91 21 komme
406 1253 175 27 otvifvelaktigt
595 1255 34 18 att
641 1253 95 27 päkalla
749 1253 74 21 ökade
835 1253 105 28 utgifter,

188 1286 111 21 särskildt
317 1286 35 21 för
370 1286 110 21 ständens
498 1286 43 21 och
554 1286 132 21 utskottens
698 1286 102 22 kanslier
813 1286 44 22 och
868 1286 72 29 betje-

187 1321 63 29 ning.
287 1321 37 21 Då
348 1320 128 23 emellertid
499 1320 97 29 ledning
620 1320 84 22 saknas
728 1320 36 23 för
782 1323 34 20 ett
833 1324 106 19 närmare

187 1355 144 23 bedömande
354 1356 24 21 af
395 1355 46 22 den
459 1355 132 23 eventuella
608 1355 125 29 ökningen,
752 1355 97 23 hvilken
867 1356 8 21 i
893 1355 46 22 alla

187 1391 42 21 fall
254 1391 52 21 icke
332 1390 74 29 gäller
432 1389 133 30 betydande
591 1390 92 29 belopp,
710 1389 71 23 hafva
808 1390 131 23 Ständerna

188 1427 76 20 ansett
283 1425 35 30 sig
336 1426 26 21 sä
373 1425 93 29 mycket
478 1424 72 23 hellre
560 1425 80 22 kunna
652 1425 77 22 lemna
738 1425 99 23 berörda
849 1425 90 30 ökning

188 1461 13 21 8
220 1460 49 22 sido
287 1460 41 22 vid
346 1460 158 28 beräkningen
524 1460 23 22 af
564 1459 158 23 kostnaderna
734 1460 36 23 för
781 1463 68 20 nästa
861 1460 77 23 landt-
