1031 1709
180 139 28 20 24
386 137 31 22 U.
432 138 31 24 B.
476 149 29 3 —
519 136 75 28 Prop.
608 136 48 22 N:o
670 136 24 22 4.

249 201 32 19 att
291 200 96 20 emedan
401 199 79 26 frägan
492 206 38 14 om
543 198 260 26 samfällighetsskogars
818 198 118 27 nyttjande

180 234 45 21 och
246 233 139 27 förvaltning
406 233 50 21 icke
478 234 25 19 är
517 238 82 22 genom
615 232 37 26 lag
666 233 106 19 närmare
788 232 88 21 ordnad
891 232 45 20 och

181 268 132 26 afgörandet
334 268 25 20 af
378 267 138 21 hithörande
538 266 160 22 förhällanden
714 266 50 21 icke
780 266 71 21 heller
865 266 71 21 borde

180 302 36 21 för
237 302 79 27 hvarje
338 301 108 21 särskildt
461 302 39 20 fall
516 301 151 21 öfverlemnas
683 300 22 21 ät
720 300 170 22 vederbörande
905 300 31 20 lä-

180 336 244 27 genhetsinnehafvare
449 338 59 18 samt
533 334 113 27 äsigterna
668 334 118 27 angående
809 336 81 26 nyttan
914 334 25 21 af

179 370 81 28 dylika
276 370 83 26 skogar
369 370 7 20 i
387 369 73 21 andra
475 369 80 21 länder
569 375 53 14 vore
639 368 91 28 mycket
745 368 79 22 delade
840 369 44 21 och
895 368 39 20 det

181 404 126 27 ingalunda
337 403 53 21 med
420 403 105 21 säkerhet
554 402 78 22 kunde
662 404 94 24 antagas
785 405 32 18 att
847 402 90 21 inkom-

181 441 76 18 sterna
281 438 51 21 från
359 437 78 27 dylika
463 438 83 25 skogar
570 436 73 21 skulle
668 436 32 21 uti
716 443 32 13 nu
763 436 173 26 ifrågavarande

181 472 135 21 ödemarker
330 471 96 21 betäcka
442 471 120 26 utgifterna
577 470 35 20 för
626 470 67 21 deras
709 470 91 26 skötsel,
817 470 24 21 sä
857 470 78 26 borde,

180 506 70 26 enligt
271 505 279 27 Landtmäteristyrelsens
565 504 156 26 förmenande,
737 504 68 26 nägot
827 504 107 21 afseende

181 540 49 21 icke
253 540 69 21 fästas
337 540 39 20 vid
392 540 158 20 Guvernörens
568 538 169 26 framställning
751 538 96 22 rörande
859 538 77 27 utbry-

181 574 68 21 tande
260 575 25 20 af
292 574 162 27 skogsmarker
468 574 8 20 i
492 573 79 28 antydt
586 573 112 21 afseende.

251 824 74 21 Innan
349 824 112 22 Utskottet
476 825 55 21 efter
547 824 75 22 denna
638 824 142 27 redogörelse
795 824 35 21 för
845 824 93 27 frägans

181 859 95 27 tidigare
299 859 84 21 skeden
407 859 103 27 öfvergär
529 859 33 21 till
585 859 141 27 behandling
745 859 25 21 af
782 859 38 21 det
834 859 34 21 uti
883 859 57 21 före-

183 893 104 27 liggande
302 893 142 28 proposition
458 894 34 20 till
508 894 126 21 Ständerna
645 894 169 21 öfverlemnade
824 894 114 26 förslaget,

183 928 44 20 har
248 928 113 21 Utskottet
383 930 54 18 trott
461 928 33 26 sig
516 928 56 21 böra
588 928 6 20 i
610 928 91 20 korthet
716 928 81 21 beröra
813 928 126 27 Styrelsens

184 962 69 21 ofvan
268 962 125 21 omordade
404 962 79 27 ätgärd
493 964 39 25 att,
543 962 54 21 efter
609 962 79 21 derom
701 962 26 21 af
735 962 129 21 Kemiträsk
875 962 65 22 sock-

183 997 84 19 nemän
283 996 119 20 framstäld
417 996 105 27 begäran,
538 999 55 18 utan
610 996 138 22 Ständernas
764 996 103 21 hörande
885 996 54 27 höja

183 1030 28 21 de
235 1030 74 26 gamla
330 1030 152 22 hemmanens
497 1031 6 20 i
520 1030 70 27 sagda
606 1030 84 21 socken
707 1031 92 20 mantal.
831 1030 9 21 I
857 1030 82 21 sådant

183 1064 104 21 afseende
303 1064 42 20 har
361 1064 112 21 Utskottet
488 1065 60 21 velat
563 1064 128 27 framhålla,
707 1067 32 18 att
755 1064 29 21 dä
801 1066 26 19 18
840 1064 31 26 $i
884 1065 54 19 1772

182 1098 37 21 ärs
244 1098 181 26 Regeringsform
446 1098 90 26 stadgar
552 1100 32 19 att
598 1098 173 27 ,Krigsmagten
786 1098 25 21 til
827 1098 52 21 häst
894 1098 44 20 och

182 1132 39 27 fot,
238 1132 63 21 såväl
317 1139 50 14 som
383 1133 199 26 Bätsmanshället,
594 1132 116 22 förblifver
722 1133 38 20 vid
771 1132 36 21 sin
818 1132 122 27 Indelning

183 1167 44 20 och
249 1166 38 22 the
310 1166 52 21 med
384 1167 121 27 Allmogen
527 1169 60 19 samt
609 1167 108 21 Städerne
742 1166 119 28 uprättade
878 1167 60 21 Con-

182 1203 87 24 tracter,
286 1200 78 22 hvilka
380 1201 56 21 böra
452 1208 59 20 noga
527 1201 125 21 efterlefvas
669 1202 43 20 och
730 1201 6 21 i
753 1201 110 27 akttagas,
878 1201 60 21 intill

181 1235 62 21 thess
253 1235 78 25 Kongl.
341 1234 63 27 Maj:t
413 1235 44 21 och
466 1235 124 21 Ständerne
600 1235 78 25 nödigt
687 1236 63 20 finna
759 1235 75 25 nägon
840 1235 99 25 ändring

181 1268 149 20 therutinnan
346 1268 108 20 samfäldt
470 1271 22 17 at
507 1269 75 25 göra",
598 1270 59 18 samt
669 1268 125 20 Ständerna
805 1268 39 20 vid
855 1268 84 20 1877—

183 1302 55 20 1878
253 1302 37 20 års
305 1301 109 27 landtdag
430 1302 104 20 lemnade
550 1302 35 21 sin
601 1302 140 20 medverkan
757 1302 34 20 till
806 1301 97 27 ändring
916 1301 25 21 af

182 1336 68 20 ofvan
260 1336 152 21 omförmälda
425 1336 192 21 knektekontrakt
630 1336 73 20 under
715 1336 132 27 uttryckligt
856 1335 82 27 vilkor,

182 1370 70 20 bland
275 1372 76 24 annat,
375 1372 32 18 att
422 1370 152 22 vid-skeende
590 1370 139 27 provisionel
746 1370 117 27 afrösning
878 1377 60 14 sam-

182 1404 246 27 fällighetsdelegarene
445 1404 7 21 i
469 1404 128 22 Kemiträsk
619 1405 85 21 socken
727 1405 74 21 skulle
821 1405 35 21 för
871 1404 66 22 deras

181 1439 122 21 hemmans
319 1438 130 22 dävarande
465 1440 87 20 mantal
567 1439 149 28 provisionelt
726 1439 97 21 tilldelas
835 1439 103 21 skattbar

251 1478 47 23 Lag-
311 1478 32 18 och
356 1479 182 18 Ekonomiutskottets
551 1479 110 18 betänkande
673 1479 36 18 N:o
723 1480 18 17 8.
