1056 1709
332 142 29 23 U.
376 142 27 22 B.
419 155 28 3 —
462 142 73 29 Prop.
552 142 46 24 N:o
613 142 38 24 10.
848 144 24 20 17

118 214 145 28 välgörande
282 213 44 22 och
344 214 179 28 allmännyttiga
541 214 113 22 ändamål.
686 214 42 22 Om
740 214 78 22 därför
830 214 44 22 och

119 248 54 22 med
192 247 107 23 afseende
317 248 14 21 å
349 248 148 28 svårigheten
511 248 37 22 för
559 248 174 29 sparbankerna
747 250 34 20 att
793 248 80 22 kunna

118 282 105 29 päräkna
233 290 29 13 en
270 281 56 22 fullt
334 282 136 28 kompetent
478 282 103 29 ledning,
591 282 52 21 skäl
647 282 90 22 kunnat
747 282 126 22 förefinnas

118 318 36 20 att
167 315 108 23 åhvälfva
288 318 77 19 staten
378 323 29 14 en
418 323 63 15 mera
493 316 142 29 vidtgående
647 317 94 28 uppgift
757 316 41 22 vid
815 317 58 21 kon-

117 350 86 22 trollen
217 351 65 22 öfver
294 351 180 28 sparbankerna,
486 351 125 22 förefinnas
621 350 86 23 sådana
717 351 94 22 alldeles
820 351 52 22 icke

118 385 10 22 i
139 385 67 29 fråga
218 393 36 14 om
266 385 133 22 kontrollen
412 385 65 22 öfver
489 385 28 22 de
530 385 105 22 enskilda
644 385 125 22 bankerna.
789 385 83 22 Tvärt-

117 427 39 14 om
182 419 75 22 skulle
283 427 85 22 genom
384 422 35 19 ett
436 419 143 30 utvidgande
598 419 23 22 af
639 419 45 23 den
701 419 102 30 uppgift,
822 427 50 14 som

116 454 78 22 hittils
220 454 62 22 varit
302 454 141 22 sistberörda
464 454 103 22 kontroll
584 454 111 29 förelagd,
715 454 157 22 allmänheten

117 489 81 21 kunna
216 489 120 28 bibringas
354 488 45 22 den
416 489 169 28 föreställning,
605 491 36 20 att
659 491 76 20 staten
748 489 124 28 värkligen

116 523 60 28 egde
199 523 135 28 skyldighet
356 523 43 22 och
419 523 104 29 förmåga
541 525 35 20 att
594 523 90 28 skydda
702 523 45 22 den
765 523 106 22 enskilde

117 557 38 22 för
172 557 96 29 möjliga
285 557 97 28 misstag
399 557 52 22 från
469 557 250 29 bankförvaltningens
731 557 58 22 sida.
807 557 65 22 Kon-

117 591 87 22 trollen
230 591 74 22 skulle
330 591 86 22 förlora
443 591 36 22 sin
505 591 134 22 nuvarande
666 592 111 21 karaktär
795 591 24 22 af
837 593 35 20 ett

116 625 119 30 objektivt
256 625 171 29 öfvervägande
448 625 23 22 af
488 625 113 29 vidtagna
619 625 119 29 åtgärders
756 626 117 21 öfverens-

116 660 132 21 stämmelse
274 660 54 21 med
356 660 62 21 vissa
441 660 123 22 faststälda
597 667 98 14 normer.
736 659 136 29 Personliga

116 694 147 29 egenskaper
294 694 44 22 och
368 694 131 29 subjektiva
531 694 178 29 uppfattningar
735 694 42 22 hos
804 696 68 20 stats-

116 728 113 23 ombudet
245 728 80 22 kunde
340 729 91 22 komma
445 730 35 20 att
493 729 64 28 spela
571 736 30 15 en
616 729 79 22 alltför
707 731 49 20 stor
767 729 45 22 roll
826 728 45 23 och

117 763 123 28 lätteligen
266 763 120 22 föranleda
412 763 125 22 ledsamma
564 764 115 28 störingar
705 764 9 21 i
739 763 132 22 bankernas

116 799 49 20 rätt
188 799 36 20 att
244 797 64 22 inom
328 805 79 14 ramen
428 797 23 22 af
469 797 70 29 sagda
556 805 92 14 normer
666 797 58 22 efter
742 797 66 22 bästa
826 798 46 21 för-

118 831 70 22 stånd
205 831 107 22 bedrifva
330 832 37 22 sin
384 833 91 28 näring,
493 834 60 20 samt
570 836 58 25 göra
638 832 54 21 hela
707 831 164 22 institutionen

118 866 143 29 misshaglig.

186 901 29 29 Ej
242 901 74 22 häller
342 900 53 23 med
421 901 92 28 hänsyn
539 901 38 22 till
599 901 82 29 högsta
702 901 129 28 ledningen
849 901 22 22 af

117 935 135 22 kontrollen
270 935 64 23 öfver
352 935 29 22 de
399 935 106 22 enskilda
523 935 120 23 bankerna
661 935 59 22 afser
729 935 46 22 den
784 935 87 30 nådiga

117 970 176 29 propositionen
311 971 78 28 någon
407 970 100 29 ändring
525 971 22 21 af
565 970 108 29 gällande
690 970 180 29 bestämningar,

116 1004 77 29 enligt
218 1004 81 23 hvilka
325 1004 84 22 nämda
435 1004 97 29 ledning
555 1007 86 26 ytterst
659 1009 25 18 är
701 1004 170 23 koncentrerad

116 1039 43 22 hos
179 1039 101 22 Senaten
307 1039 43 22 och
368 1039 111 22 särskildt
496 1039 51 22 dess
565 1039 230 30 Finansexpedition,
813 1041 58 20 utan

117 1073 99 22 hänföra
234 1074 36 29 sig
288 1073 157 30 ändringarna
463 1073 38 22 till
518 1074 79 28 lagens
611 1073 144 30 stadganden
771 1073 99 22 rörande

118 1108 29 21 de
169 1108 74 21 under
262 1108 101 21 Senaten
382 1107 133 22 sorterande
533 1116 104 21 organen
654 1108 36 22 för
708 1108 40 21 det
765 1111 105 18 närmare

117 1142 192 22 handhafvandet
327 1143 23 21 af
367 1142 139 22 kontrollen.

186 1176 47 22 Vid
250 1177 64 22 valet
332 1177 23 21 af
372 1177 147 28 lämpligaste
537 1176 159 29 anordningar
712 1176 37 22 för
763 1176 108 22 utöfvan-

118 1210 40 22 det
177 1210 23 22 af
216 1211 86 22 nämda
320 1215 105 17 närmare
443 1211 81 28 tillsyn
541 1210 114 28 däröfver,
674 1212 35 20 att
726 1210 65 21 bank
807 1210 9 21 i
833 1210 37 21 sin

114 1245 152 22 -värksamhet
292 1245 117 28 iakttager
431 1245 109 28 gällande
566 1244 151 28 föreskrifter,
736 1244 70 22 hafva
824 1248 47 18 sär-

115 1279 75 22 skildt
216 1279 103 29 följande
346 1279 145 29 synpunkter
518 1281 65 27 synts
604 1279 122 22 Utskottet
747 1279 123 21 beaktans-

116 1313 79 22 värda.

188 1347 78 21 Bland
292 1347 29 21 de
346 1347 145 22 föreskrifter
517 1347 8 21 i
551 1347 140 28 banklagen,
715 1347 82 21 hvilka
822 1346 48 22 afse

114 1383 38 19 att
172 1381 74 21 under
266 1381 106 22 normala
388 1381 163 22 förhållanden
567 1381 116 28 betrygga
702 1380 167 22 allmänhetens

114 1415 118 23 intressen
258 1416 9 21 i
294 1415 108 23 afseende
429 1417 14 20 å
469 1415 178 23 bankrörelsens
665 1415 74 22 solida
757 1413 114 23 handhaf-

187 1458 146 19 Bankutskottets
346 1458 109 19 betänkande
467 1458 37 18 N:o
517 1458 15 18 1.
801 1480 11 18 E
