1048 1711
321 145 29 22 U.
366 145 28 22 B.
409 158 28 3 —
453 145 72 27 Prop.
541 145 42 22 N:o
598 145 22 22 6.

356 451 326 22 Kommunalutskottets
697 451 151 21 betänkan-

303 485 30 22 de
349 485 42 22 N:o
407 486 12 21 1
435 485 9 22 i
460 485 128 28 anledning
601 485 27 21 af
635 485 66 22 Hans
711 485 138 28 Kejserliga

301 519 125 29 Majestäts
445 519 89 28 nädiga
550 519 159 28 proposition,
728 519 121 28 angäende

302 555 144 26 förordning
467 561 38 15 om
519 554 285 27 kommunalförvaltning
818 554 31 27 pä

301 588 89 22 landet.

166 658 107 27 Samtliga
295 657 64 22 ständ
377 656 66 23 hafva
458 657 120 27 hänskjutit
594 658 70 21 denna
678 657 81 28 nädiga
773 664 74 20 propo-

94 693 66 21 sition
175 693 34 21 till
223 692 120 28 beredning
359 692 25 20 af
396 692 240 26 Kommunalutskottet,
652 698 43 15 som
711 698 76 22 genom
801 699 48 20 pro-

95 727 159 27 tokollsutdrag
274 726 80 28 jemväl
377 726 86 22 erhällit
479 726 34 22 del
529 726 25 22 af
567 726 26 22 de
608 726 152 27 diskussioner,
776 726 75 22 hvilka

96 761 37 21 vid
156 762 99 21 ärendets
278 761 74 21 remiss
375 760 102 28 förelupit
498 760 56 22 inom
576 760 99 22 ständen.
705 760 80 22 Tillika
803 761 48 21 med

96 796 158 27 propositionen
269 796 66 21 hafva
350 794 33 22 till
399 795 121 22 Ständerna
535 795 94 22 utdelats
644 795 87 27 tryckta
743 796 108 26 exemplar

96 830 25 22 af
142 830 36 22 det
193 830 138 22 betänkande
347 829 38 22 och
400 829 81 28 förslag
496 830 8 21 i
519 831 79 25 ämnet,
613 836 43 16 som
672 829 99 28 afgifvits
786 829 25 21 af
824 836 26 15 en

96 864 34 23 för
153 864 123 22 ändamålet
298 864 79 21 tillsatt
392 863 85 28 komite,
495 863 38 22 och
548 864 83 21 hvilket
646 863 81 28 förslag
743 864 60 27 legat
818 864 33 21 till

97 899 71 28 grund
190 899 34 21 för
245 898 154 22 utarbetandet
422 898 25 21 af
459 898 166 27 propositionen.
655 898 59 21 Frän
729 898 123 27 Kejserliga

96 933 95 22 Senaten
213 933 40 21 har
275 933 120 27 Utskottet,
417 933 30 26 pä
465 933 108 25 anhällan,
589 933 44 20 fätt
648 934 109 25 emottaga
771 932 81 27 utdrag

96 974 26 15 ur
137 967 104 22 Senatens
256 967 39 22 vid
309 967 100 22 ärendets
424 966 155 28 föredragning
593 966 63 22 förda
671 967 112 27 protokoll,
798 973 53 20 upp-

96 1001 97 28 tagande
208 1002 41 21 den
264 1001 56 22 inom
336 1001 93 22 Senaten
445 1001 115 22 förefallna
574 1001 139 27 omröstning.

167 1137 60 21 Frän
239 1138 41 21 den
292 1144 29 15 nu
336 1137 100 28 gällande
447 1137 154 28 förordningen
613 1137 24 21 af
646 1138 40 22 den
697 1140 12 19 6
720 1138 65 21 Febr.
797 1140 55 19 1865

97 1172 76 28 skiljer
188 1172 34 27 sig
232 1172 40 22 den
283 1172 80 27 nädiga
374 1172 170 27 propositionens
556 1171 229 28 författningsförslag,
795 1174 57 20 utom

98 1207 8 21 i
122 1206 112 28 ätskilliga
249 1207 68 21 andra
332 1206 143 26 hänseenden,
493 1206 77 22 främst
584 1213 77 20 genom
676 1206 26 22 de
713 1206 38 22 der
761 1206 92 28 intagna

98 1240 192 27 bestämningarna
305 1241 112 27 angäende
432 1241 164 21 kommunernas
606 1240 247 27 beskattningsväsende

100 1275 40 21 och
162 1274 113 27 angäende
297 1274 34 22 för
349 1274 50 22 flere
415 1275 123 21 kommuner
551 1280 155 22 gemensamma
723 1275 131 21 kommunal-

98 1310 108 20 stämmor.

168 1343 67 21 Hvad
257 1342 56 22 först
327 1344 248 26 beskattningsväsendet
591 1342 107 26 beträffar,
715 1342 82 22 uttalar
812 1343 41 20 den

99 1376 86 27 komite,
201 1376 65 22 hvars
281 1376 89 22 arbeten
385 1376 60 27 legat
460 1376 33 22 till
508 1376 70 27 grund
593 1376 35 22 för
642 1376 40 21 den
697 1376 51 22 nåd.
758 1376 97 27 proposi-

100 1410 79 29 tionen,
196 1410 41 22 den
253 1410 91 28 äsigten,
360 1412 33 19 att
409 1417 26 15 en
450 1410 113 28 betänklig
577 1410 116 27 förvirring
709 1410 6 21 i
732 1410 61 22 detta
803 1411 51 21 hän-

169 1451 205 18 Kommunaluiskottets
386 1451 111 18 betänkande
509 1451 35 18 N:o
557 1452 15 17 1.
