1053 1714
202 149 27 20 32

430 146 29 23 U.
474 147 27 21 B.
517 160 27 2 —
559 146 72 28 Prop.
647 146 41 22 N:o
704 146 20 22 1.

339 215 28 27 af
382 214 46 23 dem
443 214 132 28 oförändrad
588 214 127 28 godkännas
730 214 37 22 och
782 216 33 20 att
828 214 25 22 de
867 214 35 28 för
917 214 35 22 sin

340 249 33 21 del
388 250 84 27 antagit
487 249 122 22 densamma
623 250 25 21 så
662 248 105 28 lydande:

351 351 102 27 Förslag
467 351 40 22 till
522 351 143 28 förordning
681 357 38 16 om
733 350 166 29 befrämjande
915 350 28 22 af

395 386 75 27 högre
486 386 146 22 folkskolors
648 386 137 22 inrättande
801 386 9 22 i
824 386 78 22 lands-

489 420 170 23 kommunerna
674 421 9 21 i
697 420 111 22 Finland.

624 490 12 26 8
654 491 18 20 1.

408 529 174 22 Landskommun
604 531 25 20 är
650 530 79 27 pligtig
751 530 81 21 inrätta
851 530 39 21 och
904 536 52 21 upp-

340 563 105 22 rätthälla
467 564 67 27 högre
556 564 117 22 folkskolor
692 565 33 21 till
741 565 36 21 det
793 565 65 26 antal,
875 566 33 20 att
924 564 32 21 til

341 599 127 21 kommunen
487 599 96 22 hörande
597 599 54 21 barn
666 599 7 21 i
688 599 129 28 skoläldern,
833 599 34 22 för
882 599 74 22 hvilka

341 633 85 22 inträde
447 633 7 21 i
477 633 60 22 skola
559 633 68 27 sökes,
646 633 48 22 icke
709 633 81 22 afvisas
805 634 28 27 pä
848 633 71 28 grund
934 633 25 22 af

341 667 110 22 bristande
467 670 110 25 utrymme.

410 702 45 22 För
473 702 146 29 befrämjande
634 702 27 28 af
672 703 63 28 högre
749 703 123 27 folkskolors
886 703 70 22 inrät-

342 737 64 22 tande
424 737 84 28 åligger
523 737 37 22 det
575 737 160 22 landskommun
751 739 34 20 att
799 737 71 23 indela
885 751 29 2 —
930 750 25 4 —

342 772 77 27 (såsom
434 779 70 20 prop:s
517 773 42 27 18)
576 785 25 3 —
619 785 26 2 —
660 772 133 22 omfattande
808 772 148 28 skolbildning,

342 807 35 21 må
389 807 71 21 såvidt
469 807 84 28 möjligt
563 813 26 16 en
599 807 53 22 hvar
662 807 58 22 inom
729 807 39 22 sitt
777 807 87 22 distrikt
873 808 84 21 komma

342 841 8 22 i
365 841 127 28 åtnjutande
507 841 25 22 af
544 841 260 28 folkskoleundervisning
819 842 27 27 på
862 842 39 22 sitt
916 849 42 15 mo-

342 875 98 22 dersmål.

626 934 48 26 82.

411 973 44 22 För
469 973 79 22 sådant
563 986 27 3 —
601 986 27 3 —
643 973 47 22 icke
706 973 129 28 öfverstiger
849 974 43 28 fem
905 974 53 22 kilo-

343 1009 73 21 meter.
445 1007 45 23 Der
505 1020 26 4 —
547 1021 28 3 —
590 1009 32 21 ett
636 1007 49 23 eller
700 1008 53 28 efter
767 1008 63 28 behof
841 1021 28 3 —
886 1021 25 4 —
927 1008 32 22 af-

342 1042 72 22 stånd.
450 1042 71 22 Sedan
543 1042 117 22 utskottets
681 1042 82 28 förslag
785 1043 24 21 af
829 1042 129 25 kommunal-

343 1079 104 19 stämman
462 1078 122 26 granskats,
597 1077 63 28 afgör
669 1079 107 20 stämman
786 1078 88 22 ärendet
882 1085 76 21 genom

344 1111 75 28 beslut,
442 1118 44 15 som
507 1112 55 21 skall
580 1111 142 22 underställas
738 1112 150 22 Guvernörens
902 1113 57 27 pröf-

343 1146 62 26 ning;
428 1146 38 21 och
485 1152 51 21 eger
552 1146 144 26 Guvernören,
713 1146 55 21 efter
782 1146 120 22 inhemtadt
916 1148 43 26 ytt-

343 1180 67 20 rande
426 1179 23 21 af
463 1180 160 22 vederbörande
638 1180 222 27 folkskoleinspektor,
873 1180 88 22 beslutet

344 1214 142 27 oförändradt
499 1214 108 28 fastställa
622 1214 49 22 eller
686 1214 36 22 ock
737 1214 70 28 ogilla.
832 1214 83 23 Besvär
930 1215 30 21 öf-

343 1254 39 15 ver
397 1249 150 21 Guvernörens
562 1248 79 26 åtgärd
651 1249 35 20 må
697 1248 24 21 af
729 1249 161 21 vederbörande
901 1250 59 20 kom-

343 1288 49 14 mun
407 1282 52 20 eller
475 1282 82 21 enskild
572 1282 89 21 medlem
676 1282 25 21 af
713 1282 127 22 kommunen
856 1282 104 22 anföras
948 1277 15 36 i

344 1315 103 22 Senatens
463 1315 271 28 Ekonomiedepartement.

412 1350 17 22 I
445 1350 107 27 kommun,
572 1350 37 22 der
624 1350 211 30 distriktsindelning
850 1351 69 23 redan
934 1354 27 19 är

343 1384 129 28 genomförd,
495 1385 54 22 skall
570 1384 130 29 fullständig
722 1385 118 29 utredning
862 1393 33 15 om
916 1386 44 28 för-

343 1419 110 23 hållandet
467 1420 106 22 insändas
589 1420 33 21 till
640 1420 145 28 Guvernören,
796 1427 44 15 som
850 1427 48 22 eger
907 1420 53 29 fast-

274 1459 205 19 Kommunalutskottets
491 1460 110 18 betänkande
613 1460 34 18 N:o
660 1461 17 17 4.
