1053 1709
296 138 83 23 Ständ.
396 138 40 24 Sv.
452 151 26 3 —
493 139 74 28 Prop.
582 139 45 23 N:o
642 139 38 23 10.
865 140 12 20 5

195 206 52 21 Med
270 207 91 27 hänsyn
383 207 34 21 till
432 207 199 27 bankstatistiken,
645 208 69 20 hvars
729 208 150 27 bearbetning

126 240 69 26 enligt
210 240 148 22 förevarande
374 241 83 27 förslag
469 241 88 27 jämväl
572 242 93 21 komme
678 245 32 18 att
720 242 73 27 åligga
806 242 71 21 bank-

125 274 155 27 inspektören,
295 274 47 20 kan
357 274 134 22 framhållas
506 277 33 18 att
553 275 44 20 den
613 275 7 20 i
634 276 79 27 hvarje
728 276 40 20 fall
783 276 94 21 komme

125 310 32 18 att
176 307 193 27 hufvudsakligen
389 309 117 20 innehålla
521 309 139 26 öfversikter,
675 309 28 21 de
718 309 42 21 där
775 309 50 22 icke
840 311 37 20 vä-

125 341 110 27 sentligen
250 341 65 28 ginge
331 342 88 21 utöfver
434 343 115 26 omfånget
564 343 25 20 af
596 343 27 21 de
636 343 241 27 sammanställningar

125 376 25 21 af
166 375 130 22 bankernas
319 377 204 26 månadsbilanser,
546 377 79 22 hvilka
647 377 35 22 för
696 378 143 21 närvarande
854 377 25 21 af

124 410 249 27 Finansexpeditionen
388 411 140 21 verkställas.

192 444 69 21 Emot
283 445 153 21 anställandet
458 446 26 20 af
496 452 28 14 en
539 451 132 22 gemensam
686 445 189 28 bankinspektör,

123 478 95 22 hvilken
236 479 74 21 under
334 479 36 22 sin
391 480 145 21 verksamhet
557 480 93 21 komme
671 482 32 19 att
718 480 114 21 förvärfva
847 487 28 14 en

123 513 111 26 ingäende
257 514 132 21 kännedom
412 521 38 14 om
473 515 105 26 samtliga
593 514 104 21 enskilda
712 514 100 21 bankers
827 514 48 21 inre

124 547 160 22 förhällanden
300 549 44 20 och
359 548 181 27 operationssätt,
556 549 58 20 talar
629 548 76 21 risken
721 549 25 20 af
759 551 33 18 att
802 549 74 20 denne

123 581 140 28 funktionär,
274 589 39 14 om
324 583 66 26 äfven
402 583 129 26 oafsiktligt,
542 583 50 21 icke
603 583 98 26 iakttoge
711 583 70 26 nödig
791 583 85 21 diskre-

122 615 49 22 tion
194 616 117 27 angäende
330 617 62 21 hvad
406 618 48 21 han
469 617 97 22 sälunda
581 617 117 21 inhemtat.
729 618 81 20 Denna
826 617 50 22 sida

123 650 25 21 af
168 651 71 20 saken
255 658 67 21 synes
338 651 26 22 sä
379 652 91 27 mycket
485 652 89 21 mindre
589 653 80 20 kunna
684 652 47 21 helt
746 652 44 21 och
805 652 71 21 hället

123 684 103 27 förbises;
248 692 50 14 som
314 686 70 26 enligt
398 686 172 28 propositionen
583 687 87 26 jämväl
685 686 113 27 tillfälliga
813 686 62 21 vika-

122 719 44 20 rier
188 719 35 21 för
244 720 148 27 inspektören
413 721 93 20 komme
526 723 33 18 att
573 721 8 20 i
596 727 48 14 mer
659 721 53 20 eller
724 721 90 20 mindre
828 720 47 21 vid-

123 753 86 21 sträckt
223 755 55 20 män
294 754 113 22 förvärfva
423 755 34 26 sig
469 755 87 21 inblick
566 755 8 20 i
585 755 87 21 sädana
684 755 145 27 operationer
836 755 39 21 vid

122 787 27 21 de
171 788 62 21 olika
254 789 126 27 bankerna,
402 789 79 21 hvilka
502 790 92 21 tillhöra
614 789 261 27 affärshemligheternas

121 822 101 21 omräde.

191 858 133 27 Ständerna,
348 865 50 15 som
420 859 30 27 pä
470 859 96 21 anförda
582 859 50 21 skäl
647 861 74 19 ansett
736 861 32 19 att
783 859 44 21 den
842 866 32 13 nu

121 891 102 22 rädande
246 893 158 27 anordningen
419 893 24 21 af
457 895 84 20 statens
556 893 77 27 tillsyn
649 893 63 21 öfver
726 893 28 20 de
770 893 104 21 enskilda

121 926 119 22 bankerna
254 927 72 22 borde
340 927 135 27 bibehällas,
492 927 53 28 vilja
556 927 94 22 därmed
660 927 50 22 icke
720 927 70 22 hafva
803 927 71 28 sagdt,

121 963 32 20 att
175 961 19 28 ej
218 962 105 27 åtgärder
344 962 71 21 borde
437 962 103 27 vidtagas
562 963 8 20 i
585 962 57 27 syfte
657 964 33 19 att
704 962 8 21 i
726 962 62 21 vissa
803 961 70 25 delar,

122 996 108 21 särskildt
251 996 34 21 till
308 996 117 21 vinnande
447 996 26 21 af
493 998 72 20 större
586 996 162 27 likformighet,
763 996 110 21 förbättra

121 1030 76 22 denna
213 1030 162 27 organisation.
406 1031 9 20 I
431 1031 102 21 nämnda
548 1030 106 22 afseende
666 1030 64 22 torde
742 1030 61 21 dock
813 1037 61 20 myc-

121 1065 38 21 ket
174 1065 80 21 kunna
269 1065 67 21 ernäs
351 1065 140 27 därigenom,
506 1067 32 19 att
553 1066 35 20 för
603 1065 27 21 de
645 1065 96 27 publika
757 1064 116 22 ombuden

121 1105 28 15 en
165 1105 139 21 gemensam,
320 1106 62 15 mera
392 1099 124 28 detaljerad
527 1099 139 22 instruktion
681 1099 122 21 fastställes
814 1101 59 19 samt

121 1136 32 19 att
168 1133 39 21 vid
222 1133 248 28 Finansexpeditionen
481 1133 139 22 beredandet
630 1133 25 21 af
662 1133 138 21 hithörande
810 1135 64 19 ären-

120 1168 45 21 den
183 1168 115 21 anförtros
313 1175 28 14 en
356 1168 45 21 och
416 1175 89 14 samma
520 1167 170 28 föredragande.
721 1168 43 20 Det
779 1168 95 21 ankom-

121 1208 49 15 mer
185 1202 113 27 själffallet
314 1202 14 21 å
343 1202 97 21 Senaten
455 1205 32 18 att
502 1202 7 21 i
524 1203 61 20 detta
596 1202 106 21 afseende
713 1202 66 20 träffa
789 1201 84 26 nödiga

121 1236 155 27 förfoganden.
308 1237 66 21 Dock
390 1237 73 20 tilläta
478 1237 34 26 sig
527 1236 127 21 Ständerna
669 1236 77 21 säsom
762 1235 36 22 sin
813 1235 60 22 äsikt

121 1271 128 26 framhålla,
272 1273 33 18 att
326 1271 7 20 i
353 1271 44 20 den
413 1276 171 21 gemensamma
599 1270 169 21 instruktionen
783 1269 90 28 publikt

121 1305 87 20 ombud
223 1305 79 26 borde,
318 1305 89 20 utöfver
421 1305 61 20 hvad
498 1311 31 14 nu
545 1304 104 27 gällande
660 1304 139 21 instruktion
811 1304 63 21 inne-

120 1339 79 26 håller,
214 1339 92 26 åläggas
321 1339 78 20 utöfva
414 1345 28 14 en
457 1340 106 19 närmare
578 1339 100 20 kontroll
693 1338 63 20 öfver
767 1337 106 21 månads-

120 1372 144 21 bilansernas
279 1372 224 21 öfverenstämmelse
518 1371 52 21 med
585 1371 104 21 bankens
702 1371 85 21 böcker
797 1371 76 20 äfven-

121 1413 50 14 som
187 1406 119 27 förpliktas
322 1408 32 18 att
369 1407 98 19 närvara
483 1405 38 21 vid
536 1405 199 21 årsrevisionerna.
760 1404 74 21 Bland
844 1404 29 21 de

121 1440 143 28 åligganden,
274 1446 50 15 som
333 1440 122 27 lämpligen
464 1439 77 21 kunde
550 1439 125 21 ankomma
684 1439 13 21 å
709 1438 95 22 berörde
817 1438 56 21 före-
