1048 1706
184 149 30 36 34
402 152 30 22 U.
446 152 28 22 B.
492 165 26 3 —
533 152 74 28 Prop.
624 152 43 22 N:o
681 152 37 22 10.

461 220 36 21 Då
516 220 95 22 konkurs
631 220 121 28 föreligger,
766 222 60 19 utser
841 217 96 24 Senaten

389 254 101 28 derjemte
505 256 30 20 ett
548 254 104 22 särskildt
666 254 86 28 ombud,
770 261 48 15 som
832 261 48 21 eger
904 256 34 20 att

390 289 72 21 tillika
476 289 50 21 med
539 289 261 27 konkursförvaltningen
821 288 116 28 öfvervaka

389 324 34 20 att
438 323 95 21 bankens
548 322 120 28 tillgångar
682 324 56 20 utan
752 322 106 28 dröjsmål
872 322 65 21 reali-

389 363 60 15 seras
471 356 39 22 och
531 358 33 20 att
579 356 174 28 obligationerna
768 356 114 28 behörigen
896 356 39 21 in-

389 391 64 21 lösas.
484 390 67 22 Detta
572 390 90 22 ombuds
677 390 78 22 arvode
770 390 127 22 bestämmes
911 390 30 28 af

390 425 96 21 Senaten
495 425 39 20 och
544 424 66 28 utgår
619 424 29 27 af
655 424 196 21 konkursmassans
860 424 75 21 medel.

251 575 82 23 Ehuru
359 575 122 23 Utskottet
507 575 85 22 saknar
617 574 128 30 anledning
771 577 35 20 att
827 575 56 28 ingå
906 575 31 29 på

184 609 29 23 de
241 610 89 29 förslag
358 610 39 21 till
426 609 127 30 ändringar
582 609 23 22 af
633 609 141 29 banklagen,
803 609 81 22 hvilka
914 609 23 22 af

186 644 64 22 1896
278 645 38 22 års
340 644 152 22 bankkomité
518 643 127 23 framstälts
672 651 53 14 men
747 644 53 21 icke
822 644 10 21 i
854 651 84 22 propo-

183 679 102 22 sitionen
310 679 128 29 upptagits,
464 678 44 22 har
533 678 123 22 Utskottet
674 677 61 23 dock
751 680 59 20 trott
828 678 36 29 sig
880 678 57 22 böra

184 713 111 22 särskildt
311 713 83 22 beröra
412 713 40 22 det
470 713 23 22 af
510 711 73 30 sagda
594 712 88 22 komité
692 712 97 23 anförda
799 712 138 29 önsknings-

183 747 54 29 mål,
259 749 36 21 att
317 747 75 23 banks
410 747 209 30 depositionsbevis
637 746 53 22 med
708 746 108 23 afseende
834 747 14 22 ä
866 748 72 20 sättet

183 782 37 22 för
236 782 135 29 bevakning
388 782 10 21 i
415 781 104 23 konkurs
536 781 91 22 komme
645 781 9 22 i
668 781 138 29 åtnjutande
818 781 24 22 af
850 788 87 15 samma

182 817 98 28 förmån,
297 824 50 15 som
364 816 156 29 obligationer
537 815 75 29 enligt
627 815 207 30 bestämningarna
846 816 9 21 i
863 815 74 22 bank-

183 851 70 29 lagen
271 859 49 21 ega.
342 851 124 22 Utskottet
482 851 56 22 ville
555 851 38 21 för
610 850 37 22 sin
665 849 38 23 del
720 851 30 28 gå
768 854 63 18 ännu
848 850 87 29 längre.

183 885 55 23 Med
255 885 92 29 hänsyn
365 885 37 22 till
420 885 40 22 det
477 885 150 29 synnerligen
645 887 63 20 stora
725 885 66 22 antal
807 884 60 23 både
884 884 53 23 iin-

184 919 44 23 och
245 919 108 23 utlandet
369 919 96 29 spridda
482 919 193 29 fordringsegare,
693 927 50 14 som
760 927 30 14 en
806 919 65 21 bank
887 918 50 28 har,

183 961 69 22 synes
273 954 40 22 det
330 954 119 28 nämligen
467 953 123 23 Utskottet
606 953 122 29 påkalladt
746 955 36 20 att
798 953 36 22 för
851 953 86 22 bevak-

183 988 58 29 ning
267 988 25 22 af
317 988 133 29 fordringar
473 988 9 22 i
499 988 75 22 banks
591 987 110 28 konkurs,
720 987 24 22 af
760 986 62 23 hvad
840 987 50 29 slag
908 986 29 22 de

183 1030 56 15 vara
256 1024 45 26 må,
318 1022 77 23 införa
412 1022 73 22 andra
502 1022 175 28 bestämningar
695 1025 30 19 än
743 1028 84 16 annars
845 1021 36 22 för
899 1021 39 21 be-

182 1057 106 28 vakning
305 1057 9 21 i
331 1056 104 22 konkurs
454 1060 38 18 äro
510 1056 116 29 gällande.
649 1056 37 22 Då
703 1056 83 28 frågan
803 1055 136 29 lämpligast

183 1090 67 23 torde
273 1091 64 22 finna
360 1091 37 21 sin
419 1091 94 29 lösning
534 1091 9 21 i
561 1090 167 28 sammanhang
745 1089 53 23 med
816 1089 46 23 den
878 1090 60 21 före-

183 1124 96 23 stående
297 1125 133 22 revisionen
448 1125 23 22 af
488 1124 290 29 konkurslagstiftningen,
796 1124 88 22 tillåter
902 1124 36 28 sig

183 1159 123 23 Utskottet
322 1159 92 28 föreslå,

458 1231 33 20 att
511 1230 125 21 Ständerna
654 1230 11 20 i
682 1229 40 22 sitt
740 1236 52 15 svar
802 1229 32 28 på
849 1229 87 27 föreva-

388 1263 70 21 rande
472 1263 82 28 nådiga
565 1263 139 28 proposition
719 1263 51 21 ville
784 1263 72 21 uttala
871 1263 65 21 önsk-

389 1296 119 22 värdheten
516 1297 72 28 däraf,
596 1298 33 20 att
636 1297 40 21 vid
683 1296 135 29 förestående
828 1297 107 21 omarbet-

389 1331 56 28 ning
460 1331 29 28 af
500 1331 263 29 konkurslagstiftningen
774 1332 98 28 antydda
881 1338 55 22 syn-

387 1366 97 28 punkter
500 1365 67 29 blefve
583 1366 107 22 beaktade.

252 1498 143 19 Bankutskottets
407 1498 111 19 betänkande
529 1498 38 18 N:o
579 1499 16 18 1.
