1042 1709
182 140 13 20 8
492 138 41 22 N:o
548 140 20 20 6.

221 206 24 28 Ej
261 206 36 21 må
311 205 34 22 för
360 204 90 23 samfäld
465 206 102 26 egendom
582 211 44 15 mer
637 207 27 19 än
675 211 26 15 en
711 211 79 21 person
801 205 59 21 talan
871 205 34 21 vid

154 240 216 22 kommunalstämma
387 240 53 21 föra.
470 240 42 21 För
530 239 64 28 bolag
609 240 35 20 må
659 240 118 21 detsamma
792 240 51 21 eller
858 239 48 22 dess

154 275 90 27 styrelse
266 275 39 21 och
327 274 33 21 för
382 274 105 22 oskiftadt
504 274 28 21 bo
552 274 125 27 delegarene
697 274 44 21 deri
757 274 78 22 ombud
850 276 55 19 utse.

221 309 43 22 För
278 309 44 22 fast
337 308 109 28 egendom,
462 309 77 27 näring
554 308 51 22 eller
619 309 86 27 rörelse,
722 315 45 15 som
778 309 69 21 under
857 308 50 22 bor-

154 346 102 26 genärers
272 343 131 27 förvaltning
418 343 52 26 står,
486 344 35 21 må
536 344 18 27 ej
570 344 77 21 röstas.

220 378 54 27 Den,
290 384 46 16 som
351 378 58 21 inom
423 378 102 22 kommun
541 377 88 22 kommit
643 378 8 21 i
665 378 119 27 besittning
799 377 22 22 af
832 377 74 28 fastig-

153 413 37 22 het
213 413 51 22 eller
282 413 60 21 trädt
361 413 7 20 i
382 413 100 27 utöfning
497 413 22 21 af
533 413 83 27 näring,
632 419 46 15 som
692 412 33 22 för
741 419 72 15 annan
828 419 78 21 person

152 447 67 22 redan
242 447 154 22 underkastats
416 447 98 28 taxering
533 448 8 21 i
559 447 40 22 den
614 447 108 27 kommun,
738 448 41 27 må,
796 447 60 22 äfven
873 454 34 15 om

153 482 44 21 han
212 482 46 21 icke
274 483 24 20 är
312 481 89 22 medlem
417 481 23 22 af
452 481 137 27 kommunen,
605 482 38 21 der
657 481 75 22 utöfva
747 482 91 21 sålunda
848 484 58 19 taxe-

153 517 40 21 rad
207 522 90 21 persons
312 517 98 26 rösträtt,
426 516 45 21 ifall
486 516 49 27 han,
551 517 71 20 såsom
637 516 7 21 i
662 517 24 21 12
702 516 9 29 $
725 518 68 25 säges,
805 516 22 21 af
837 517 70 21 denna

154 551 70 22 dertill
239 551 189 27 befullmäktigats.

222 585 42 22 Vid
281 585 216 23 kommunalstämma
515 586 46 21 icke
578 585 170 28 röstberättigad
763 591 77 22 person
856 592 51 15 vare

154 620 101 27 obetaget
270 621 34 20 att
318 620 33 21 sin
366 619 60 22 talan
443 620 73 21 dervid
531 620 70 22 såsom
617 620 102 27 sakegare
734 620 88 21 bevaka.

502 685 21 20 11
543 684 18 27 8.

222 719 44 26 Äro
282 724 100 27 ärenden,
398 729 46 16 som
459 723 32 22 till
506 723 159 28 öfverläggning
674 723 138 28 förekomma,
823 731 84 20 gemen-

154 765 82 15 samma
250 758 34 21 för
298 758 49 21 hela
361 758 135 26 kommunen,
513 758 84 27 deltage
611 758 100 27 samtliga
726 759 182 27 röstberättigade

153 793 7 22 i
180 794 118 21 stämmans
316 792 78 22 beslut.
424 793 62 26 Angå
504 793 83 21 sådana
602 792 93 22 ärenden
712 793 77 21 endast
803 794 7 20 i
825 793 81 22 mantal

154 828 46 21 satt
212 827 56 28 jord,
283 828 36 20 må
334 827 18 26 ej
368 826 68 21 andra
452 829 27 18 än
496 826 32 27 de,
543 833 46 15 som
604 826 33 21 för
652 827 67 21 sådan
733 827 50 27 jord
799 829 36 20 äro
851 829 56 20 röst-

153 861 141 28 berättigade,
318 861 97 22 deröfver
433 861 72 21 rädslä
524 861 39 21 och
577 861 91 22 besluta.
698 861 68 22 Rörer
781 861 74 28 frågan
871 869 36 15 en-

154 897 49 21 dast
219 903 27 14 en
260 895 94 22 särskild
370 895 44 22 dels
430 895 23 21 af
466 895 129 22 kommunen
611 897 51 25 rätt,
679 902 36 21 ege
731 896 40 21 ock
782 897 39 21 den
834 903 73 15 ensam

155 932 33 21 att
203 931 66 22 saken
284 930 33 22 till
332 929 160 28 öfverläggning
507 930 39 21 och
562 930 117 27 afgörande
693 933 104 25 upptaga.

500 995 26 20 12
541 993 19 28 8.

223 1033 137 28 Röstegande
375 1033 42 22 kan
433 1033 33 21 sin
477 1033 59 22 talan
548 1033 39 22 och
597 1035 92 21 rösträtt
700 1034 103 22 öfverlåta
814 1036 13 21 å
837 1042 70 15 annan

154 1068 170 27 röstberättigad
339 1067 89 22 medlem
444 1067 24 22 af
480 1068 135 27 kommunen,
632 1069 39 20 och
685 1069 86 22 utfärde
786 1069 33 22 för
829 1070 80 22 sådant

156 1103 100 22 ändamål
279 1103 12 20 å
310 1103 42 21 viss
371 1108 78 21 person
465 1103 57 21 stäld
537 1102 105 27 fullmakt,
657 1103 151 22 innehållande
823 1105 85 26 uppgift

155 1139 13 20 å
184 1137 36 22 det
235 1137 106 22 särskilda
355 1136 89 27 tillfälle,
461 1136 27 21 då
504 1137 40 21 den
560 1136 55 22 skall
629 1137 114 27 begagnas,
755 1137 51 22 eller
816 1138 92 27 lydande

156 1172 34 21 för
212 1171 42 22 viss
272 1171 39 26 tid,
330 1171 63 27 högst
412 1172 32 20 ett
462 1171 30 26 år,
512 1177 33 16 om
563 1171 128 22 utställaren
710 1171 58 22 inom
788 1172 74 22 landet
876 1173 32 28 sig

154 1205 131 29 uppehåller,
302 1212 47 15 men
364 1205 7 22 i
387 1207 67 20 annat
469 1205 37 22 fall
520 1205 34 22 för
569 1205 40 22 den
625 1205 32 22 tid
672 1205 42 22 han
729 1206 64 22 borta
809 1209 30 25 är,
854 1208 54 21 dock

156 1241 18 27 ej
190 1241 34 21 för
238 1240 75 27 längre
328 1240 32 21 tid
375 1241 27 20 än
417 1239 42 22 fem
475 1240 30 21 år.

223 1274 141 27 Fullmakten,
383 1280 46 15 som
446 1274 55 21 skall
519 1280 52 16 vara
587 1274 102 27 antingen
705 1275 93 22 skrifven
815 1277 38 20 och
868 1283 40 15 un-

158 1309 131 22 derskrifven
312 1308 23 21 af
355 1307 128 23 utställaren
506 1309 57 21 samt
580 1309 48 21 med
647 1308 79 23 dennes
745 1309 55 28 sigill
815 1309 92 30 försedd,

158 1343 51 22 eller
228 1343 22 22 af
262 1343 78 22 honom
356 1342 161 23 undertecknad
533 1342 38 23 och
587 1343 23 21 af
622 1343 82 22 vittnen
720 1343 105 28 bestyrkt,
841 1345 32 22 får
889 1346 18 27 ej

155 1378 23 22 af
191 1379 41 21 den
247 1377 188 28 befullmäktigade
451 1378 13 21 &
479 1384 72 16 annan
567 1377 120 24 öfverlätas.

222 1413 68 27 Ingen
305 1413 35 21 mä
354 1414 29 26 pä
397 1413 71 27 grund
483 1413 23 21 af
518 1413 99 22 fullmakt
631 1413 47 22 föra
693 1415 58 21 talan
768 1415 51 21 eller
834 1415 74 23 utöfva

154 1449 57 21 röst-
226 1448 39 21 och
280 1448 80 22 valrätt
374 1448 34 22 för
422 1454 45 16 mer
482 1450 28 20 än
526 1454 26 16 en
567 1448 176 28 röstberättigad.
