<?xml version="1.0" encoding="UTF-8"?>
<alto xmlns="http://www.loc.gov/standards/alto/ns-v3#" xmlns:xlink="http://www.w3.org/1999/xlink" xmlns:xsi="http://www.w3.org/2001/XMLSchema-instance" xsi:schemaLocation="http://www.loc.gov/standards/alto/ns-v3# http://www.loc.gov/alto/v3/alto-3-0.xsd">
	<Description>
		<MeasurementUnit>pixel</MeasurementUnit>
		<sourceImageInformation>
			<fileName>/tmp/tess_bzhckq1z_input.PNG</fileName>
		</sourceImageInformation>
		<OCRProcessing ID="OCR_0">
			<ocrProcessingStep>
				<processingSoftware>
					<softwareName>tesseract 5.3.4</softwareName>
				</processingSoftware>
			</ocrProcessingStep>
		</OCRProcessing>
	</Description>
	<Layout>
		<Page WIDTH="1034" HEIGHT="1709" PHYSICAL_IMG_NR="0" ID="page_0">
			<PrintSpace HPOS="0" VPOS="0" WIDTH="1034" HEIGHT="1709">
				<ComposedBlock ID="cblock_0" HPOS="381" VPOS="157" WIDTH="371" HEIGHT="28">
					<TextBlock ID="block_0" HPOS="381" VPOS="157" WIDTH="371" HEIGHT="28">
						<TextLine ID="line_0" HPOS="381" VPOS="157" WIDTH="371" HEIGHT="28">
							<String ID="string_0" HPOS="381" VPOS="158" WIDTH="84" HEIGHT="22" WC="0.91" CONTENT="Ständ."/><SP WIDTH="16" VPOS="158" HPOS="465"/>
							<String ID="string_1" HPOS="481" VPOS="158" WIDTH="40" HEIGHT="22" WC="0.93" CONTENT="Sv."/><SP WIDTH="15" VPOS="158" HPOS="521"/>
							<String ID="string_2" HPOS="536" VPOS="170" WIDTH="27" HEIGHT="3" WC="0.92" CONTENT="—"/><SP WIDTH="17" VPOS="170" HPOS="563"/>
							<String ID="string_3" HPOS="580" VPOS="158" WIDTH="74" HEIGHT="27" WC="0.96" CONTENT="Prop."/><SP WIDTH="15" VPOS="158" HPOS="654"/>
							<String ID="string_4" HPOS="669" VPOS="157" WIDTH="46" HEIGHT="22" WC="0.95" CONTENT="N:o"/><SP WIDTH="15" VPOS="157" HPOS="715"/>
							<String ID="string_5" HPOS="730" VPOS="157" WIDTH="22" HEIGHT="22" WC="0.71" CONTENT="2."/>
						</TextLine>
					</TextBlock>
				</ComposedBlock>
				<ComposedBlock ID="cblock_1" HPOS="394" VPOS="224" WIDTH="547" HEIGHT="30">
					<TextBlock ID="block_1" HPOS="394" VPOS="224" WIDTH="547" HEIGHT="30">
						<TextLine ID="line_1" HPOS="394" VPOS="224" WIDTH="547" HEIGHT="30">
							<String ID="string_6" HPOS="394" VPOS="226" WIDTH="123" HEIGHT="28" WC="0.96" CONTENT="Förordning"/><SP WIDTH="22" VPOS="226" HPOS="517"/>
							<String ID="string_7" HPOS="539" VPOS="224" WIDTH="106" HEIGHT="29" WC="0.96" CONTENT="angående"/><SP WIDTH="21" VPOS="224" HPOS="645"/>
							<String ID="string_8" HPOS="666" VPOS="225" WIDTH="79" HEIGHT="22" WC="0.96" CONTENT="ändrad"/><SP WIDTH="22" VPOS="225" HPOS="745"/>
							<String ID="string_9" HPOS="767" VPOS="224" WIDTH="78" HEIGHT="29" WC="0.96" CONTENT="lydelse"/><SP WIDTH="16" VPOS="224" HPOS="845"/>
							<String ID="string_10" HPOS="861" VPOS="225" WIDTH="26" HEIGHT="22" WC="0.95" CONTENT="af"/><SP WIDTH="11" VPOS="225" HPOS="887"/>
							<String ID="string_11" HPOS="898" VPOS="226" WIDTH="14" HEIGHT="21" WC="0.60" CONTENT="2"/><SP WIDTH="12" VPOS="226" HPOS="912"/>
							<String ID="string_12" HPOS="924" VPOS="226" WIDTH="17" HEIGHT="26" WC="0.60" CONTENT="S"/>
						</TextLine>
					</TextBlock>
				</ComposedBlock>
				<ComposedBlock ID="cblock_2" HPOS="323" VPOS="258" WIDTH="307" HEIGHT="30">
					<TextBlock ID="block_2" HPOS="323" VPOS="258" WIDTH="307" HEIGHT="30">
						<TextLine ID="line_2" HPOS="323" VPOS="258" WIDTH="307" HEIGHT="30">
							<String ID="string_13" HPOS="323" VPOS="260" WIDTH="24" HEIGHT="22" WC="0.96" CONTENT="15"/><SP WIDTH="16" VPOS="260" HPOS="347"/>
							<String ID="string_14" HPOS="363" VPOS="260" WIDTH="47" HEIGHT="28" WC="0.96" CONTENT="kap."/><SP WIDTH="16" VPOS="260" HPOS="410"/>
							<String ID="string_15" HPOS="426" VPOS="258" WIDTH="204" HEIGHT="30" WC="0.96" CONTENT="rättegångsbalken."/>
						</TextLine>
					</TextBlock>
				</ComposedBlock>
				<ComposedBlock ID="cblock_3" HPOS="393" VPOS="322" WIDTH="549" HEIGHT="91">
					<TextBlock ID="block_3" HPOS="393" VPOS="322" WIDTH="549" HEIGHT="91">
						<TextLine ID="line_3" HPOS="459" VPOS="322" WIDTH="483" HEIGHT="28">
							<String ID="string_16" HPOS="459" VPOS="323" WIDTH="134" HEIGHT="27" WC="0.95" CONTENT="Härigenom"/><SP WIDTH="22" VPOS="323" HPOS="593"/>
							<String ID="string_17" HPOS="615" VPOS="322" WIDTH="95" HEIGHT="28" WC="0.95" CONTENT="stadgas,"/><SP WIDTH="24" VPOS="322" HPOS="710"/>
							<String ID="string_18" HPOS="734" VPOS="325" WIDTH="32" HEIGHT="19" WC="0.95" CONTENT="att"/><SP WIDTH="23" VPOS="325" HPOS="766"/>
							<String ID="string_19" HPOS="789" VPOS="324" WIDTH="16" HEIGHT="20" WC="0.91" CONTENT="2"/><SP WIDTH="14" VPOS="324" HPOS="805"/>
							<String ID="string_20" HPOS="819" VPOS="324" WIDTH="14" HEIGHT="26" WC="0.91" CONTENT="$"/><SP WIDTH="15" VPOS="324" HPOS="833"/>
							<String ID="string_21" HPOS="848" VPOS="323" WIDTH="28" HEIGHT="21" WC="0.95" CONTENT="15"/><SP WIDTH="15" VPOS="323" HPOS="876"/>
							<String ID="string_22" HPOS="891" VPOS="322" WIDTH="51" HEIGHT="28" WC="0.96" CONTENT="kap."/>
						</TextLine>
						<TextLine ID="line_4" HPOS="393" VPOS="356" WIDTH="549" HEIGHT="30">
							<String ID="string_23" HPOS="393" VPOS="357" WIDTH="202" HEIGHT="28" WC="0.96" CONTENT="rättegångsbalken"/><SP WIDTH="20" VPOS="357" HPOS="595"/>
							<String ID="string_24" HPOS="615" VPOS="357" WIDTH="57" HEIGHT="21" WC="0.95" CONTENT="skall"/><SP WIDTH="19" VPOS="357" HPOS="672"/>
							<String ID="string_25" HPOS="691" VPOS="356" WIDTH="84" HEIGHT="22" WC="0.96" CONTENT="erhålla"/><SP WIDTH="15" VPOS="356" HPOS="775"/>
							<String ID="string_26" HPOS="790" VPOS="357" WIDTH="107" HEIGHT="28" WC="0.92" CONTENT="följande"/><SP WIDTH="14" VPOS="357" HPOS="897"/>
							<String ID="string_27" HPOS="911" VPOS="358" WIDTH="31" HEIGHT="28" WC="0.91" CONTENT="ly-"/>
						</TextLine>
						<TextLine ID="line_5" HPOS="394" VPOS="392" WIDTH="69" HEIGHT="21">
							<String ID="string_28" HPOS="394" VPOS="392" WIDTH="69" HEIGHT="21" WC="0.94" CONTENT="delse:"/>
						</TextLine>
					</TextBlock>
				</ComposedBlock>
				<ComposedBlock ID="cblock_4" HPOS="393" VPOS="460" WIDTH="558" HEIGHT="577">
					<TextBlock ID="block_4" HPOS="393" VPOS="460" WIDTH="558" HEIGHT="577">
						<TextLine ID="line_6" HPOS="465" VPOS="460" WIDTH="479" HEIGHT="28">
							<String ID="string_29" HPOS="465" VPOS="460" WIDTH="75" HEIGHT="21" WC="0.92" CONTENT="Såsom"/><SP WIDTH="21" VPOS="460" HPOS="540"/>
							<String ID="string_30" HPOS="561" VPOS="460" WIDTH="204" HEIGHT="28" WC="0.89" CONTENT="rättegånysombud"/><SP WIDTH="21" VPOS="460" HPOS="765"/>
							<String ID="string_31" HPOS="786" VPOS="460" WIDTH="52" HEIGHT="21" WC="0.95" CONTENT="eller"/><SP WIDTH="22" VPOS="460" HPOS="838"/>
							<String ID="string_32" HPOS="860" VPOS="460" WIDTH="84" HEIGHT="21" WC="0.96" CONTENT="biträde"/>
						</TextLine>
						<TextLine ID="line_7" HPOS="395" VPOS="494" WIDTH="549" HEIGHT="28">
							<String ID="string_33" HPOS="395" VPOS="494" WIDTH="23" HEIGHT="21" WC="0.96" CONTENT="åt"/><SP WIDTH="18" VPOS="494" HPOS="418"/>
							<String ID="string_34" HPOS="436" VPOS="497" WIDTH="53" HEIGHT="25" WC="0.95" CONTENT="part"/><SP WIDTH="19" VPOS="497" HPOS="489"/>
							<String ID="string_35" HPOS="508" VPOS="495" WIDTH="36" HEIGHT="21" WC="0.96" CONTENT="må"/><SP WIDTH="15" VPOS="495" HPOS="544"/>
							<String ID="string_36" HPOS="559" VPOS="494" WIDTH="82" HEIGHT="28" WC="0.96" CONTENT="nyttjas"/><SP WIDTH="15" VPOS="494" HPOS="641"/>
							<String ID="string_37" HPOS="656" VPOS="494" WIDTH="76" HEIGHT="21" WC="0.93" CONTENT="endast"/><SP WIDTH="15" VPOS="494" HPOS="732"/>
							<String ID="string_38" HPOS="747" VPOS="494" WIDTH="133" HEIGHT="28" WC="0.91" CONTENT="välfrejdad,"/><SP WIDTH="15" VPOS="494" HPOS="880"/>
							<String ID="string_39" HPOS="895" VPOS="494" WIDTH="49" HEIGHT="22" WC="0.91" CONTENT="red-"/>
						</TextLine>
						<TextLine ID="line_8" HPOS="395" VPOS="528" WIDTH="549" HEIGHT="30">
							<String ID="string_40" HPOS="395" VPOS="528" WIDTH="39" HEIGHT="22" WC="0.96" CONTENT="bar"/><SP WIDTH="15" VPOS="528" HPOS="434"/>
							<String ID="string_41" HPOS="449" VPOS="529" WIDTH="39" HEIGHT="21" WC="0.96" CONTENT="och"/><SP WIDTH="14" VPOS="529" HPOS="488"/>
							<String ID="string_42" HPOS="502" VPOS="530" WIDTH="36" HEIGHT="20" WC="0.95" CONTENT="till"/><SP WIDTH="15" VPOS="530" HPOS="538"/>
							<String ID="string_43" HPOS="553" VPOS="529" WIDTH="70" HEIGHT="21" WC="0.96" CONTENT="sådan"/><SP WIDTH="15" VPOS="529" HPOS="623"/>
							<String ID="string_44" HPOS="638" VPOS="528" WIDTH="131" HEIGHT="22" WC="0.95" CONTENT="verksamhet"/><SP WIDTH="12" VPOS="528" HPOS="769"/>
							<String ID="string_45" HPOS="781" VPOS="529" WIDTH="93" HEIGHT="29" WC="0.96" CONTENT="skicklig"/><SP WIDTH="12" VPOS="529" HPOS="874"/>
							<String ID="string_46" HPOS="886" VPOS="536" WIDTH="58" HEIGHT="20" WC="0.96" CONTENT="man,"/>
						</TextLine>
						<TextLine ID="line_9" HPOS="394" VPOS="563" WIDTH="551" HEIGHT="28">
							<String ID="string_47" HPOS="394" VPOS="570" WIDTH="46" HEIGHT="14" WC="0.95" CONTENT="som"/><SP WIDTH="21" VPOS="570" HPOS="440"/>
							<String ID="string_48" HPOS="461" VPOS="564" WIDTH="21" HEIGHT="26" WC="0.95" CONTENT="ej"/><SP WIDTH="20" VPOS="564" HPOS="482"/>
							<String ID="string_49" HPOS="502" VPOS="564" WIDTH="59" HEIGHT="27" WC="0.96" CONTENT="sjelf"/><SP WIDTH="12" VPOS="564" HPOS="561"/>
							<String ID="string_50" HPOS="573" VPOS="564" WIDTH="70" HEIGHT="20" WC="0.96" CONTENT="under"/><SP WIDTH="14" VPOS="564" HPOS="643"/>
							<String ID="string_51" HPOS="657" VPOS="564" WIDTH="107" HEIGHT="20" WC="0.96" CONTENT="målsman"/><SP WIDTH="15" VPOS="564" HPOS="764"/>
							<String ID="string_52" HPOS="779" VPOS="564" WIDTH="52" HEIGHT="20" WC="0.95" CONTENT="står."/><SP WIDTH="30" VPOS="564" HPOS="831"/>
							<String ID="string_53" HPOS="861" VPOS="564" WIDTH="34" HEIGHT="27" WC="0.86" CONTENT="Ej"/><SP WIDTH="13" VPOS="564" HPOS="895"/>
							<String ID="string_54" HPOS="908" VPOS="563" WIDTH="37" HEIGHT="21" WC="0.96" CONTENT="bör"/>
						</TextLine>
						<TextLine ID="line_10" HPOS="394" VPOS="597" WIDTH="557" HEIGHT="29">
							<String ID="string_55" HPOS="394" VPOS="598" WIDTH="72" HEIGHT="26" WC="0.93" CONTENT="någon"/><SP WIDTH="16" VPOS="598" HPOS="466"/>
							<String ID="string_56" HPOS="482" VPOS="598" WIDTH="169" HEIGHT="27" WC="0.92" CONTENT="allmänneligen"/><SP WIDTH="15" VPOS="598" HPOS="651"/>
							<String ID="string_57" HPOS="666" VPOS="598" WIDTH="74" HEIGHT="20" WC="0.92" CONTENT="dertill"/><SP WIDTH="15" VPOS="598" HPOS="740"/>
							<String ID="string_58" HPOS="755" VPOS="597" WIDTH="86" HEIGHT="27" WC="0.96" CONTENT="brukas,"/><SP WIDTH="18" VPOS="597" HPOS="841"/>
							<String ID="string_59" HPOS="859" VPOS="605" WIDTH="45" HEIGHT="14" WC="0.95" CONTENT="som"/><SP WIDTH="16" VPOS="605" HPOS="904"/>
							<String ID="string_60" HPOS="920" VPOS="598" WIDTH="31" HEIGHT="28" WC="0.96" CONTENT="af"/>
						</TextLine>
						<TextLine ID="line_11" HPOS="395" VPOS="632" WIDTH="550" HEIGHT="28">
							<String ID="string_61" HPOS="395" VPOS="634" WIDTH="77" HEIGHT="23" WC="0.96" CONTENT="rätten,"/><SP WIDTH="22" VPOS="634" HPOS="472"/>
							<String ID="string_62" HPOS="494" VPOS="632" WIDTH="39" HEIGHT="20" WC="0.96" CONTENT="der"/><SP WIDTH="22" VPOS="632" HPOS="533"/>
							<String ID="string_63" HPOS="555" VPOS="632" WIDTH="66" HEIGHT="20" WC="0.93" CONTENT="saken"/><SP WIDTH="23" VPOS="632" HPOS="621"/>
							<String ID="string_64" HPOS="644" VPOS="632" WIDTH="89" HEIGHT="28" WC="0.92" CONTENT="drifves,"/><SP WIDTH="23" VPOS="632" HPOS="733"/>
							<String ID="string_65" HPOS="756" VPOS="632" WIDTH="23" HEIGHT="28" WC="0.96" CONTENT="ej"/><SP WIDTH="14" VPOS="632" HPOS="779"/>
							<String ID="string_66" HPOS="793" VPOS="632" WIDTH="104" HEIGHT="28" WC="0.96" CONTENT="godkänd"/><SP WIDTH="15" VPOS="632" HPOS="897"/>
							<String ID="string_67" HPOS="912" VPOS="634" WIDTH="33" HEIGHT="25" WC="0.96" CONTENT="är,"/>
						</TextLine>
						<TextLine ID="line_12" HPOS="395" VPOS="666" WIDTH="551" HEIGHT="28">
							<String ID="string_68" HPOS="395" VPOS="666" WIDTH="39" HEIGHT="20" WC="0.96" CONTENT="och"/><SP WIDTH="23" VPOS="666" HPOS="434"/>
							<String ID="string_69" HPOS="457" VPOS="666" WIDTH="38" HEIGHT="28" WC="0.93" CONTENT="lof"/><SP WIDTH="18" VPOS="666" HPOS="495"/>
							<String ID="string_70" HPOS="513" VPOS="666" WIDTH="74" HEIGHT="21" WC="0.89" CONTENT="dertill"/><SP WIDTH="22" VPOS="666" HPOS="587"/>
							<String ID="string_71" HPOS="609" VPOS="666" WIDTH="55" HEIGHT="28" WC="0.94" CONTENT="fått."/><SP WIDTH="38" VPOS="666" HPOS="664"/>
							<String ID="string_72" HPOS="702" VPOS="666" WIDTH="41" HEIGHT="21" WC="0.92" CONTENT="Vid"/><SP WIDTH="21" VPOS="666" HPOS="743"/>
							<String ID="string_73" HPOS="764" VPOS="666" WIDTH="116" HEIGHT="22" WC="0.90" CONTENT="underrätt"/><SP WIDTH="22" VPOS="666" HPOS="880"/>
							<String ID="string_74" HPOS="902" VPOS="666" WIDTH="44" HEIGHT="22" WC="0.96" CONTENT="kan"/>
						</TextLine>
						<TextLine ID="line_13" HPOS="393" VPOS="700" WIDTH="553" HEIGHT="29">
							<String ID="string_75" HPOS="393" VPOS="702" WIDTH="53" HEIGHT="25" WC="0.92" CONTENT="part"/><SP WIDTH="23" VPOS="702" HPOS="446"/>
							<String ID="string_76" HPOS="469" VPOS="700" WIDTH="35" HEIGHT="21" WC="0.94" CONTENT="till"/><SP WIDTH="19" VPOS="700" HPOS="504"/>
							<String ID="string_77" HPOS="523" VPOS="700" WIDTH="132" HEIGHT="28" WC="0.96" CONTENT="fullmäktig"/><SP WIDTH="21" VPOS="700" HPOS="655"/>
							<String ID="string_78" HPOS="676" VPOS="700" WIDTH="69" HEIGHT="21" WC="0.96" CONTENT="bruka"/><SP WIDTH="17" VPOS="700" HPOS="745"/>
							<String ID="string_79" HPOS="762" VPOS="701" WIDTH="35" HEIGHT="20" WC="0.92" CONTENT="sin"/><SP WIDTH="15" VPOS="701" HPOS="797"/>
							<String ID="string_80" HPOS="812" VPOS="700" WIDTH="134" HEIGHT="29" WC="0.91" CONTENT="skyldeman,"/>
						</TextLine>
						<TextLine ID="line_14" HPOS="394" VPOS="735" WIDTH="553" HEIGHT="28">
							<String ID="string_81" HPOS="394" VPOS="735" WIDTH="53" HEIGHT="20" WC="0.96" CONTENT="eller"/><SP WIDTH="25" VPOS="735" HPOS="447"/>
							<String ID="string_82" HPOS="472" VPOS="735" WIDTH="42" HEIGHT="20" WC="0.96" CONTENT="den"/><SP WIDTH="23" VPOS="735" HPOS="514"/>
							<String ID="string_83" HPOS="537" VPOS="735" WIDTH="8" HEIGHT="20" WC="0.95" CONTENT="i"/><SP WIDTH="20" VPOS="735" HPOS="545"/>
							<String ID="string_84" HPOS="565" VPOS="735" WIDTH="54" HEIGHT="21" WC="0.93" CONTENT="hans"/><SP WIDTH="22" VPOS="735" HPOS="619"/>
							<String ID="string_85" HPOS="641" VPOS="735" WIDTH="65" HEIGHT="27" WC="0.92" CONTENT="tjenst"/><SP WIDTH="15" VPOS="735" HPOS="706"/>
							<String ID="string_86" HPOS="721" VPOS="737" WIDTH="32" HEIGHT="23" WC="0.96" CONTENT="är,"/><SP WIDTH="16" VPOS="737" HPOS="753"/>
							<String ID="string_87" HPOS="769" VPOS="735" WIDTH="52" HEIGHT="21" WC="0.96" CONTENT="eller"/><SP WIDTH="14" VPOS="735" HPOS="821"/>
							<String ID="string_88" HPOS="835" VPOS="735" WIDTH="45" HEIGHT="21" WC="0.93" CONTENT="han"/><SP WIDTH="15" VPOS="735" HPOS="880"/>
							<String ID="string_89" HPOS="895" VPOS="736" WIDTH="52" HEIGHT="27" WC="0.91" CONTENT="eljes"/>
						</TextLine>
						<TextLine ID="line_15" HPOS="396" VPOS="768" WIDTH="551" HEIGHT="29">
							<String ID="string_90" HPOS="396" VPOS="768" WIDTH="78" HEIGHT="28" WC="0.90" CONTENT="hafver"/><SP WIDTH="11" VPOS="768" HPOS="474"/>
							<String ID="string_91" HPOS="485" VPOS="769" WIDTH="130" HEIGHT="27" WC="0.96" CONTENT="förtroende"/><SP WIDTH="15" VPOS="769" HPOS="615"/>
							<String ID="string_92" HPOS="630" VPOS="770" WIDTH="41" HEIGHT="26" WC="0.95" CONTENT="till,"/><SP WIDTH="15" VPOS="770" HPOS="671"/>
							<String ID="string_93" HPOS="686" VPOS="776" WIDTH="48" HEIGHT="14" WC="0.96" CONTENT="men"/><SP WIDTH="15" VPOS="776" HPOS="734"/>
							<String ID="string_94" HPOS="749" VPOS="770" WIDTH="9" HEIGHT="20" WC="0.96" CONTENT="i"/><SP WIDTH="14" VPOS="770" HPOS="758"/>
							<String ID="string_95" HPOS="772" VPOS="769" WIDTH="64" HEIGHT="28" WC="0.96" CONTENT="högre"/><SP WIDTH="15" VPOS="769" HPOS="836"/>
							<String ID="string_96" HPOS="851" VPOS="772" WIDTH="45" HEIGHT="19" WC="0.96" CONTENT="rätt"/><SP WIDTH="15" VPOS="772" HPOS="896"/>
							<String ID="string_97" HPOS="911" VPOS="771" WIDTH="36" HEIGHT="20" WC="0.97" CONTENT="må"/>
						</TextLine>
						<TextLine ID="line_16" HPOS="396" VPOS="803" WIDTH="550" HEIGHT="29">
							<String ID="string_98" HPOS="396" VPOS="803" WIDTH="28" HEIGHT="27" WC="0.96" CONTENT="ej,"/><SP WIDTH="15" VPOS="803" HPOS="424"/>
							<String ID="string_99" HPOS="439" VPOS="805" WIDTH="58" HEIGHT="19" WC="0.95" CONTENT="utom"/><SP WIDTH="15" VPOS="805" HPOS="497"/>
							<String ID="string_100" HPOS="512" VPOS="804" WIDTH="9" HEIGHT="19" WC="0.95" CONTENT="i"/><SP WIDTH="14" VPOS="804" HPOS="521"/>
							<String ID="string_101" HPOS="535" VPOS="803" WIDTH="35" HEIGHT="21" WC="0.96" CONTENT="det"/><SP WIDTH="11" VPOS="803" HPOS="570"/>
							<String ID="string_102" HPOS="581" VPOS="803" WIDTH="55" HEIGHT="27" WC="0.96" CONTENT="fall,"/><SP WIDTH="16" VPOS="803" HPOS="636"/>
							<String ID="string_103" HPOS="652" VPOS="810" WIDTH="44" HEIGHT="14" WC="0.94" CONTENT="som"/><SP WIDTH="17" VPOS="810" HPOS="696"/>
							<String ID="string_104" HPOS="713" VPOS="804" WIDTH="7" HEIGHT="20" WC="0.96" CONTENT="i"/><SP WIDTH="15" VPOS="804" HPOS="720"/>
							<String ID="string_105" HPOS="735" VPOS="805" WIDTH="14" HEIGHT="19" WC="0.93" CONTENT="6"/><SP WIDTH="14" VPOS="805" HPOS="749"/>
							<String ID="string_106" HPOS="763" VPOS="804" WIDTH="16" HEIGHT="27" WC="0.93" CONTENT="$"/><SP WIDTH="14" VPOS="804" HPOS="779"/>
							<String ID="string_107" HPOS="793" VPOS="806" WIDTH="68" HEIGHT="26" WC="0.96" CONTENT="säges,"/><SP WIDTH="10" VPOS="806" HPOS="861"/>
							<String ID="string_108" HPOS="871" VPOS="811" WIDTH="75" HEIGHT="15" WC="0.96" CONTENT="annan"/>
						</TextLine>
						<TextLine ID="line_17" HPOS="396" VPOS="837" WIDTH="548" HEIGHT="29">
							<String ID="string_109" HPOS="396" VPOS="838" WIDTH="70" HEIGHT="20" WC="0.93" CONTENT="såsom"/><SP WIDTH="18" VPOS="838" HPOS="466"/>
							<String ID="string_110" HPOS="484" VPOS="837" WIDTH="203" HEIGHT="29" WC="0.89" CONTENT="rättegångsombud"/><SP WIDTH="12" VPOS="837" HPOS="687"/>
							<String ID="string_111" HPOS="699" VPOS="838" WIDTH="136" HEIGHT="28" WC="0.96" CONTENT="godkännas,"/><SP WIDTH="16" VPOS="838" HPOS="835"/>
							<String ID="string_112" HPOS="851" VPOS="841" WIDTH="30" HEIGHT="19" WC="0.96" CONTENT="än"/><SP WIDTH="16" VPOS="841" HPOS="881"/>
							<String ID="string_113" HPOS="897" VPOS="839" WIDTH="47" HEIGHT="27" WC="0.96" CONTENT="den,"/>
						</TextLine>
						<TextLine ID="line_18" HPOS="396" VPOS="872" WIDTH="550" HEIGHT="28">
							<String ID="string_114" HPOS="396" VPOS="878" WIDTH="45" HEIGHT="14" WC="0.96" CONTENT="som"/><SP WIDTH="14" VPOS="878" HPOS="441"/>
							<String ID="string_115" HPOS="455" VPOS="872" WIDTH="36" HEIGHT="21" WC="0.96" CONTENT="vid"/><SP WIDTH="11" VPOS="872" HPOS="491"/>
							<String ID="string_116" HPOS="502" VPOS="872" WIDTH="85" HEIGHT="21" WC="0.96" CONTENT="landets"/><SP WIDTH="11" VPOS="872" HPOS="587"/>
							<String ID="string_117" HPOS="598" VPOS="872" WIDTH="125" HEIGHT="22" WC="0.93" CONTENT="universitet"/><SP WIDTH="14" VPOS="872" HPOS="723"/>
							<String ID="string_118" HPOS="737" VPOS="873" WIDTH="117" HEIGHT="27" WC="0.91" CONTENT="undergått"/><SP WIDTH="12" VPOS="873" HPOS="854"/>
							<String ID="string_119" HPOS="866" VPOS="873" WIDTH="80" HEIGHT="21" WC="0.96" CONTENT="sådant"/>
						</TextLine>
						<TextLine ID="line_19" HPOS="393" VPOS="906" WIDTH="558" HEIGHT="30">
							<String ID="string_120" HPOS="393" VPOS="906" WIDTH="82" HEIGHT="28" WC="0.95" CONTENT="förhör"/><SP WIDTH="15" VPOS="906" HPOS="475"/>
							<String ID="string_121" HPOS="490" VPOS="907" WIDTH="8" HEIGHT="20" WC="0.93" CONTENT="i"/><SP WIDTH="16" VPOS="907" HPOS="498"/>
							<String ID="string_122" HPOS="514" VPOS="906" WIDTH="169" HEIGHT="28" WC="0.89" CONTENT="lagfarenheten,"/><SP WIDTH="15" VPOS="906" HPOS="683"/>
							<String ID="string_123" HPOS="698" VPOS="914" WIDTH="45" HEIGHT="14" WC="0.96" CONTENT="som"/><SP WIDTH="10" VPOS="914" HPOS="743"/>
							<String ID="string_124" HPOS="753" VPOS="907" WIDTH="42" HEIGHT="28" WC="0.93" CONTENT="för"/><SP WIDTH="11" VPOS="907" HPOS="795"/>
							<String ID="string_125" HPOS="806" VPOS="908" WIDTH="104" HEIGHT="28" WC="0.92" CONTENT="utöfning"/><SP WIDTH="11" VPOS="908" HPOS="910"/>
							<String ID="string_126" HPOS="921" VPOS="908" WIDTH="30" HEIGHT="26" WC="0.96" CONTENT="af"/>
						</TextLine>
						<TextLine ID="line_20" HPOS="398" VPOS="940" WIDTH="548" HEIGHT="30">
							<String ID="string_127" HPOS="398" VPOS="940" WIDTH="164" HEIGHT="22" WC="0.91" CONTENT="domareembete"/><SP WIDTH="21" VPOS="940" HPOS="562"/>
							<String ID="string_128" HPOS="583" VPOS="943" WIDTH="27" HEIGHT="18" WC="0.93" CONTENT="är"/><SP WIDTH="13" VPOS="943" HPOS="610"/>
							<String ID="string_129" HPOS="623" VPOS="942" WIDTH="152" HEIGHT="27" WC="0.86" CONTENT="föreskrifvet."/><SP WIDTH="33" VPOS="942" HPOS="775"/>
							<String ID="string_130" HPOS="808" VPOS="942" WIDTH="138" HEIGHT="28" WC="0.80" CONTENT="Tjensteman"/>
						</TextLine>
						<TextLine ID="line_21" HPOS="397" VPOS="974" WIDTH="550" HEIGHT="28">
							<String ID="string_131" HPOS="397" VPOS="975" WIDTH="35" HEIGHT="20" WC="0.91" CONTENT="mä"/><SP WIDTH="22" VPOS="975" HPOS="432"/>
							<String ID="string_132" HPOS="454" VPOS="974" WIDTH="45" HEIGHT="21" WC="0.95" CONTENT="icke"/><SP WIDTH="19" VPOS="974" HPOS="499"/>
							<String ID="string_133" HPOS="518" VPOS="975" WIDTH="43" HEIGHT="27" WC="0.93" CONTENT="för"/><SP WIDTH="22" VPOS="975" HPOS="561"/>
							<String ID="string_134" HPOS="583" VPOS="975" WIDTH="102" HEIGHT="27" WC="0.93" CONTENT="sakegare"/><SP WIDTH="21" VPOS="975" HPOS="685"/>
							<String ID="string_135" HPOS="706" VPOS="976" WIDTH="53" HEIGHT="24" WC="0.96" CONTENT="tala,"/><SP WIDTH="23" VPOS="976" HPOS="759"/>
							<String ID="string_136" HPOS="782" VPOS="978" WIDTH="41" HEIGHT="18" WC="0.96" CONTENT="när"/><SP WIDTH="20" VPOS="978" HPOS="823"/>
							<String ID="string_137" HPOS="843" VPOS="977" WIDTH="34" HEIGHT="20" WC="0.96" CONTENT="det"/><SP WIDTH="16" VPOS="977" HPOS="877"/>
							<String ID="string_138" HPOS="893" VPOS="978" WIDTH="54" HEIGHT="19" WC="0.96" CONTENT="emot"/>
						</TextLine>
						<TextLine ID="line_22" HPOS="396" VPOS="1008" WIDTH="306" HEIGHT="29">
							<String ID="string_139" HPOS="396" VPOS="1008" WIDTH="55" HEIGHT="21" WC="0.93" CONTENT="hans"/><SP WIDTH="19" VPOS="1008" HPOS="451"/>
							<String ID="string_140" HPOS="470" VPOS="1009" WIDTH="132" HEIGHT="28" WC="0.92" CONTENT="embetspligt"/><SP WIDTH="14" VPOS="1009" HPOS="602"/>
							<String ID="string_141" HPOS="616" VPOS="1010" WIDTH="86" HEIGHT="20" WC="0.96" CONTENT="strider."/>
						</TextLine>
					</TextBlock>
				</ComposedBlock>
				<ComposedBlock ID="cblock_5" HPOS="258" VPOS="1073" WIDTH="448" HEIGHT="24">
					<TextBlock ID="block_5" HPOS="258" VPOS="1073" WIDTH="448" HEIGHT="24">
						<TextLine ID="line_23" HPOS="258" VPOS="1073" WIDTH="448" HEIGHT="24">
							<String ID="string_142" HPOS="258" VPOS="1073" WIDTH="118" HEIGHT="23" WC="0.93" CONTENT="Finlands"/><SP WIDTH="20" VPOS="1073" HPOS="376"/>
							<String ID="string_143" HPOS="396" VPOS="1074" WIDTH="100" HEIGHT="22" WC="0.92" CONTENT="Ständer"/><SP WIDTH="16" VPOS="1074" HPOS="496"/>
							<String ID="string_144" HPOS="512" VPOS="1074" WIDTH="133" HEIGHT="23" WC="0.90" CONTENT="framhärda"/><SP WIDTH="18" VPOS="1074" HPOS="645"/>
							<String ID="string_145" HPOS="663" VPOS="1077" WIDTH="43" HEIGHT="19" WC="0.95" CONTENT="etc."/>
						</TextLine>
					</TextBlock>
				</ComposedBlock>
				<ComposedBlock ID="cblock_6" HPOS="258" VPOS="1142" WIDTH="430" HEIGHT="30">
					<TextBlock ID="block_6" HPOS="258" VPOS="1142" WIDTH="430" HEIGHT="30">
						<TextLine ID="line_24" HPOS="258" VPOS="1142" WIDTH="430" HEIGHT="30">
							<String ID="string_146" HPOS="258" VPOS="1142" WIDTH="155" HEIGHT="30" WC="0.96" CONTENT="Helsingfors,"/><SP WIDTH="19" VPOS="1142" HPOS="413"/>
							<String ID="string_147" HPOS="432" VPOS="1143" WIDTH="45" HEIGHT="22" WC="0.96" CONTENT="den"/><SP WIDTH="19" VPOS="1143" HPOS="477"/>
							<String ID="string_148" HPOS="496" VPOS="1144" WIDTH="31" HEIGHT="22" WC="0.96" CONTENT="31"/><SP WIDTH="20" VPOS="1144" HPOS="527"/>
							<String ID="string_149" HPOS="547" VPOS="1144" WIDTH="48" HEIGHT="28" WC="0.96" CONTENT="Maj"/><SP WIDTH="22" VPOS="1144" HPOS="595"/>
							<String ID="string_150" HPOS="617" VPOS="1144" WIDTH="71" HEIGHT="21" WC="0.95" CONTENT="1897."/>
						</TextLine>
					</TextBlock>
				</ComposedBlock>
				<ComposedBlock ID="cblock_7" HPOS="340" VPOS="1472" WIDTH="470" HEIGHT="23">
					<TextBlock ID="block_7" HPOS="340" VPOS="1472" WIDTH="470" HEIGHT="23">
						<TextLine ID="line_25" HPOS="340" VPOS="1472" WIDTH="470" HEIGHT="23">
							<String ID="string_151" HPOS="340" VPOS="1472" WIDTH="108" HEIGHT="22" WC="0.96" CONTENT="Helsingfors"/><SP WIDTH="14" VPOS="1472" HPOS="448"/>
							<String ID="string_152" HPOS="462" VPOS="1473" WIDTH="48" HEIGHT="17" WC="0.95" CONTENT="1897."/><SP WIDTH="28" VPOS="1473" HPOS="510"/>
							<String ID="string_153" HPOS="538" VPOS="1472" WIDTH="109" HEIGHT="23" WC="0.93" CONTENT="Helsingfors"/><SP WIDTH="13" VPOS="1472" HPOS="647"/>
							<String ID="string_154" HPOS="660" VPOS="1473" WIDTH="150" HEIGHT="22" WC="0.91" CONTENT="Centraltryckeri."/>
						</TextLine>
					</TextBlock>
				</ComposedBlock>
			</PrintSpace>
		</Page>
	</Layout>
</alto>
