1061 1711
204 157 14 20 2
515 157 40 22 N:o
572 158 19 21 1.

244 219 34 21 att
296 218 72 27 hvarje
387 219 163 22 landskommun
570 219 72 22 ålades
661 219 80 22 inrätta
759 220 118 22 folkskolor
892 220 34 22 till

176 253 37 22 det
235 253 66 27 antal,
321 255 33 19 att
372 253 61 26 barn,
453 253 32 22 för
504 254 72 21 hvilka
594 254 84 21 inträde
696 255 6 20 i
721 255 60 21 skola
796 255 68 27 sökes,
880 254 46 22 icke

177 287 78 22 afvisas
270 287 28 27 på
312 288 69 26 grund
397 288 23 21 af
433 288 110 22 bristande
558 290 111 26 utrymme.

244 321 34 22 Då
292 328 77 22 genom
385 322 40 22 den
441 322 119 28 föreslagna
571 323 147 27 skyldigheten
730 323 33 21 för
773 323 73 27 hvarje
856 323 70 21 lands-

176 356 102 22 kommun
298 358 33 20 att
350 356 70 22 indela
439 357 38 22 sitt
495 358 86 21 område
596 357 7 22 i
618 357 193 23 folkskoledistrikt
826 358 25 21 de
867 358 59 21 kom-

176 397 81 22 muner,
282 390 74 22 hvilka
379 391 75 22 hittills
477 392 56 27 dröjt
555 392 48 22 med
626 392 121 22 inrättande
770 392 23 22 af
813 392 112 24 folkskola,

176 425 68 22 skulle
266 424 28 29 på
315 425 98 28 lämpligt
435 428 44 20 sätt
501 426 110 28 påminnas
634 432 34 16 om
691 427 184 27 nödvändigheten
894 429 33 19 att

176 459 106 27 godtgöra
298 459 31 22 sin
345 459 148 23 försummelse
508 460 7 22 i
531 460 59 23 detta
604 460 120 22 hänseende
739 461 40 21 och
794 460 62 22 äfven
870 460 56 22 inom

177 494 26 22 de
226 494 68 28 öfriga
314 494 101 22 intresset
433 494 34 22 för
485 494 172 23 folkskolesaken
675 496 69 20 skulle
761 495 81 22 erhålla
858 502 25 15 en
898 502 27 20 ny

176 528 40 22 och
235 528 81 28 kraftig
334 528 97 22 väckelse
451 531 56 20 samt
521 529 121 22 införandet
657 529 23 22 af
693 536 26 15 en
735 532 70 19 större
819 530 107 27 planmäs-

176 562 70 28 sighet
261 564 7 20 i
283 562 61 29 fråga
359 569 34 15 om
407 570 41 21 nya
463 564 81 21 skolors
554 564 121 21 inrättande
686 564 38 22 och
735 565 62 20 deras
808 564 119 27 fördelning

176 597 58 22 inom
256 597 153 23 kommunerna
431 598 62 22 äfven
516 599 6 21 i
545 599 69 27 öfriga
636 599 113 22 afseenden
772 599 68 22 skulle
862 599 65 22 lända

176 632 67 22 saken
262 633 34 21 till
310 639 63 22 gagn,
389 633 40 22 har
443 634 60 21 Hans
519 633 117 28 Kejserliga
652 634 100 27 Majestät
767 634 56 21 velat
838 634 33 21 till
886 634 40 22 den

177 667 6 22 i
195 667 141 22 omförmälda
346 668 90 27 petition
447 667 125 23 framstälda
582 668 101 22 anhållan
693 668 74 22 bifalla
778 669 39 21 och
827 669 56 27 förty
894 669 33 22 till

176 701 132 24 Ständernas
328 702 185 29 grundlagsenliga
532 703 130 28 behandling
678 703 130 22 öfverlämna
822 703 104 28 följande:

382 812 83 27 Förslag
483 812 29 22 till
530 812 116 28 förordning
666 813 106 28 angående
787 813 140 28 befrämjande

314 852 21 22 af
354 852 62 27 högre
434 852 120 22 folkskolors
574 852 115 23 inrättande
704 853 5 21 i
725 853 203 23 landskommunerna

313 892 6 22 i
336 892 87 22 Finland.

531 950 45 28 18.

245 990 173 22 Landskommun
435 990 80 28 åligger
529 992 31 21 att
570 990 72 23 indela
652 991 37 22 sitt
699 991 86 22 område
795 992 7 21 i
813 992 115 22 folkskole-

178 1025 94 27 distrikt,
297 1024 91 23 sålunda
412 1025 113 27 afpassade
550 1025 54 23 efter
627 1025 138 23 kommunens
787 1026 140 28 geografiska,

177 1060 145 28 bosättnings-
333 1059 39 23 och
383 1060 219 28 språkförhållanden,
613 1062 39 26 att,
663 1060 65 22 sedan
739 1060 7 22 i
756 1061 74 28 hvarje
841 1061 88 22 distrikt

176 1095 67 28 högre
265 1095 107 22 folkskola
393 1095 107 26 inrättats,
523 1095 43 22 alla
589 1095 7 22 i
615 1095 121 22 skolåldern
755 1096 93 21 varande
867 1096 60 28 barn,

176 1136 46 16 som
242 1130 19 28 ej
281 1130 139 22 annorstädes
440 1130 83 21 erhålla
541 1130 150 22 motsvarande
710 1131 53 21 eller
777 1137 59 15 mera
851 1131 76 21 omfat-

177 1164 64 22 tande
256 1164 103 28 bildning,
375 1164 72 22 kunna
462 1164 85 22 komma
561 1164 7 22 i
579 1164 124 27 åtnjutande
713 1164 24 22 af
745 1164 183 23 folkskoleunder-

177 1199 83 27 visning
273 1199 29 28 på
317 1198 38 23 sitt
369 1198 135 22 modersmål.

529 1256 47 27 28.

245 1295 44 21 För
303 1294 76 22 sådant
393 1294 90 22 ärendes
497 1294 116 28 beredning
626 1296 60 21 utser
699 1295 228 23 kommunalstämman

177 1331 31 22 ett
228 1330 84 22 utskott
330 1329 25 22 af
367 1329 172 29 sakförståndiga
554 1329 39 23 och
608 1330 49 22 med
672 1330 206 23 ortsförhållandena
893 1332 34 21 väl

176 1365 113 28 förtrogna
306 1370 108 22 personer,
433 1364 81 23 hvilket
532 1364 90 28 utskott,
638 1371 47 16 som
699 1365 33 28 sig
747 1366 33 22 till
794 1366 84 22 biträde
893 1367 36 22 må

175 1400 96 22 tillkalla
289 1399 160 23 vederbörande
466 1399 222 28 folkskoleinspektor,
704 1402 83 26 uppgör
801 1400 80 29 förslag
895 1402 33 22 till

176 1435 141 22 kommunens
340 1434 113 22 indelande
475 1434 7 22 i
505 1434 86 23 distrikt
610 1436 58 21 samt
685 1435 118 22 folkskolas
822 1436 106 28 placering

176 1470 57 21 inom
255 1469 73 28 hvarje
352 1469 91 22 distrikt.
474 1469 73 23 Såsom
567 1469 85 28 ledning
672 1469 33 23 för
723 1470 134 28 indelningen
872 1471 55 22 iakt-
