1028 1714
434 125 39 21 N:o
489 125 20 20 4.
793 124 25 21 13

93 193 83 21 lemnas
199 196 32 19 att
249 193 120 22 bestämma
385 200 33 16 om
435 194 38 21 och
488 194 68 21 under
571 193 72 22 hvilka
658 193 69 22 vilkor
741 192 105 28 ifrägava-

92 228 68 22 rande
174 228 128 27 rättigheter
317 228 36 22 mä
367 228 159 22 sockneboarne
542 228 124 26 medgifvas.

162 262 170 22 Vidkommande
343 262 58 22 tiden
411 262 34 22 för
455 262 130 22 storskiftets
596 261 171 28 genomförande,
776 262 71 21 kunde

93 302 24 16 en
141 296 68 22 sädan
232 296 121 27 anordning
368 296 103 27 vidtagas,
487 298 32 20 att
535 296 93 26 dermed,
644 296 71 21 säsom
731 296 62 21 äfven
809 302 38 14 un-

93 330 332 27 dersökningskommissionerna
451 330 117 28 föreslagit,
594 330 68 21 skulle
687 330 102 27 päbörjas
814 330 34 21 till

91 364 55 22 först
169 365 7 22 i
191 365 124 22 Kemiträsk
331 365 83 27 socken,
430 365 87 22 hvarest
531 366 65 26 nägot
611 364 74 22 hinder
701 364 33 21 för
750 364 97 22 storskif-

91 400 42 21 tets
149 399 137 22 omedelbara
301 399 113 22 utförande
429 400 46 21 icke
491 405 62 21 synes
568 398 120 22 förefinnas.

160 434 73 27 Enligt
256 434 107 22 anställda
385 434 142 27 beräkningar
550 434 69 21 skulle
636 433 34 21 för
688 440 90 20 egornas
793 439 53 21 upp-

91 468 98 28 mätning
211 468 40 22 och
270 468 132 27 beskrifning
416 470 57 20 samt
489 468 290 27 skattläggningsförslagens
795 473 52 21 upp-

91 502 95 28 görande
202 502 6 21 i
223 502 124 22 Kemiträsk
363 502 83 26 socken,
462 502 33 22 för
511 502 128 27 exempelvis
654 502 30 22 tio
694 502 152 26 landtmätare,

92 536 50 28 ätgä
166 543 24 15 en
214 536 31 22 tid
260 536 23 22 af
297 536 87 28 ungefär
399 539 33 19 tre
448 536 24 22 är
487 537 54 22 efter
557 537 36 21 det
607 536 142 22 förordnande
765 542 34 16 om
815 542 32 15 ar-

91 572 71 21 betets
180 570 132 29 päbörjande
327 571 113 22 utfärdats.
471 572 99 22 Derefter
585 571 71 22 kunde
671 570 49 22 med
735 570 113 22 enahanda

91 605 88 22 arbeten
202 606 100 27 päbörjas
325 606 7 21 i
355 606 110 22 Kuusamo
481 606 86 26 socken,
582 606 40 21 och
638 605 26 21 dä
679 605 74 22 härtill
769 605 32 21 för
817 607 30 19 ett

90 640 45 22 lika
150 641 58 21 anta]
223 640 143 22 landtmätare
381 640 68 22 skulle
465 640 108 22 erfordras
588 640 79 22 inemot
682 646 38 15 sex
735 639 30 26 är,
777 638 69 22 skulle

91 675 280 27 lägenhetsinnehafvarene
394 675 7 21 i
422 675 132 27 Kuolajärvi,
577 674 86 22 hvarest
678 673 121 23 storskiftet
815 673 32 21 till

91 709 39 22 sist
152 709 67 21 borde
238 709 85 22 komma
339 710 32 21 till
386 709 121 27 utförande,
523 709 63 22 hafva
602 715 25 15 en
642 708 82 28 ganska
739 707 50 28 läng
803 708 44 21 för-

90 742 150 28 beredelsetid,
263 744 121 22 hvarunder
407 744 25 22 de
448 744 70 22 kunde
533 747 95 24 upptaga
642 743 127 27 nyodlingar
784 742 40 22 och
840 742 6 21 i

91 778 116 22 allmänhet
231 778 66 22 ordna
320 779 33 21 sin
375 778 138 28 hushållning
537 778 30 27 sä,
583 780 33 19 att
631 778 39 21 den
686 777 72 21 kunde
774 777 72 27 lämpa

91 812 33 28 sig
139 811 34 23 för
189 812 25 22 de
230 819 41 21 nya
286 812 170 23 förhällandena.
487 813 70 27 Nägot
572 812 71 28 giltigt
659 812 47 21 skäl
722 818 61 21 synes
799 812 46 21 der-

90 846 46 23 före
151 847 48 21 icke
213 847 69 23 heller
297 847 115 22 förefinnas
429 850 39 25 att,
483 847 69 22 säsom
568 847 23 22 af
605 847 25 21 de
646 846 23 22 af
682 846 111 28 Styrelsen
804 845 42 22 till-

91 883 58 20 satta
174 882 145 22 ledamöterne
345 882 8 21 i
377 882 135 22 förbemälda
536 880 310 28 undersökningskommission

90 916 129 28 föreslagits,
242 916 48 22 frän
312 917 120 22 storskiftet
455 917 117 22 tillsvidare
591 916 123 27 undantaga
732 916 41 22 den
788 917 58 20 öster

91 958 33 14 om
140 952 127 22 Maanselkä
281 952 93 27 belägna
389 952 62 22 delen
466 953 23 21 af
503 952 131 22 sistnämnda
650 952 85 21 socken.

158 986 75 22 Redan
241 987 31 21 uti
281 986 44 22 ofta
334 986 121 28 äberopade
463 987 78 27 nädiga
549 986 127 28 kungörelse
684 986 24 21 af
715 986 40 22 den
764 986 12 21 5
785 986 61 27 April

93 1021 54 21 1879
171 1020 64 22 hafva
250 1021 170 22 socknemännen
436 1022 152 22 tillförsäkrats
603 1023 34 20 att
651 1021 82 22 kronan
749 1020 34 22 vid
798 1020 48 22 blif-

90 1055 69 22 vande
176 1055 110 23 storskifte
301 1056 40 21 och
356 1056 94 22 definitiv
465 1056 160 28 skattläggning
640 1056 19 27 ej
674 1055 81 22 mindre
770 1061 76 16 ansva-

90 1096 36 14 rar
148 1089 34 22 för
205 1089 120 23 kostnaden
348 1090 35 22 vid
399 1091 66 27 sagde
480 1091 64 22 skifte
560 1091 39 22 och
614 1090 167 29 skattläggning,
797 1091 49 21 med

91 1124 110 28 undantag
223 1125 24 21 af
268 1125 119 27 ersättning
401 1126 33 21 till
450 1125 26 22 de
491 1126 74 22 dervid
581 1126 75 26 nödige
672 1126 55 27 gode
742 1128 49 19 män
807 1126 39 22 och

89 1159 279 28 handräckningsbiträden,
394 1160 73 22 hvilka
491 1160 65 22 borde
575 1160 23 22 af
611 1160 234 27 lägenhetsinnehafva-

90 1200 50 16 rene
163 1194 152 22 kostnadsfritt
337 1194 33 22 för
393 1194 82 22 kronan
492 1197 116 25 presteras,
627 1196 27 19 än
670 1194 63 22 äfven
748 1195 98 27 erlägger

91 1229 42 21 alla
154 1229 143 27 ersättningar
312 1229 33 21 för
361 1229 94 22 skeende
470 1229 376 28 egodelningsrättssammanträden,

91 1263 46 21 ifall
160 1265 32 20 att
207 1263 135 27 klagomälen
360 1263 46 22 icke
421 1270 61 15 anses
499 1263 122 27 obefogade.
651 1263 49 22 Men
717 1263 28 22 dä
759 1264 87 21 kostna-

91 1298 40 21 den
148 1297 33 22 för
196 1298 53 27 gode
265 1299 49 20 män
332 1298 39 21 och
386 1298 276 27 handräckningsbiträden,
678 1298 7 21 i
696 1298 105 21 anseende
813 1298 32 21 till

90 1338 91 20 egornas
196 1332 49 21 vidd
261 1333 38 20 och
316 1332 12 21 å
344 1333 62 20 dessa
416 1332 97 27 nordliga
524 1335 58 18 orter
593 1332 94 21 rådande
697 1333 56 25 höga
763 1332 83 21 arbets-

90 1366 67 25 löner,
178 1365 60 21 torde
257 1365 87 22 komma
359 1367 32 20 att
405 1365 72 27 uppgä
492 1366 33 20 till
540 1365 82 28 ganska
638 1365 109 27 betydliga
761 1365 83 27 belopp,

90 1405 62 20 synes
166 1399 147 26 jordegarene,
329 1401 24 19 sä
368 1399 85 27 mycket
469 1399 66 21 hellre
551 1405 44 16 som
612 1399 25 22 de
647 1398 133 23 fortfarande
791 1402 54 18 mot-

89 1436 44 19 satt
154 1434 32 27 sig
202 1434 131 21 storskiftets
348 1434 117 28 införande,
481 1434 52 21 böra
548 1434 89 22 beredas
653 1434 92 27 lindring
760 1434 7 21 i
784 1434 62 22 dessa
