<?xml version="1.0" encoding="UTF-8"?>
<alto xmlns="http://www.loc.gov/standards/alto/ns-v3#" xmlns:xlink="http://www.w3.org/1999/xlink" xmlns:xsi="http://www.w3.org/2001/XMLSchema-instance" xsi:schemaLocation="http://www.loc.gov/standards/alto/ns-v3# http://www.loc.gov/alto/v3/alto-3-0.xsd">
	<Description>
		<MeasurementUnit>pixel</MeasurementUnit>
		<sourceImageInformation>
			<fileName>/tmp/tess_unu21usi_input.PNG</fileName>
		</sourceImageInformation>
		<OCRProcessing ID="OCR_0">
			<ocrProcessingStep>
				<processingSoftware>
					<softwareName>tesseract 5.3.4</softwareName>
				</processingSoftware>
			</ocrProcessingStep>
		</OCRProcessing>
	</Description>
	<Layout>
		<Page WIDTH="1039" HEIGHT="1706" PHYSICAL_IMG_NR="0" ID="page_0">
			<PrintSpace HPOS="0" VPOS="0" WIDTH="1039" HEIGHT="1706">
				<ComposedBlock ID="cblock_0" HPOS="106" VPOS="650" WIDTH="63" HEIGHT="30">
					<TextBlock ID="block_0" HPOS="106" VPOS="650" WIDTH="63" HEIGHT="30">
						<TextLine ID="line_0" HPOS="106" VPOS="650" WIDTH="63" HEIGHT="30">
							<String ID="string_0" HPOS="106" VPOS="651" WIDTH="15" HEIGHT="29" WC="0.90" CONTENT="g"/><SP WIDTH="15" VPOS="651" HPOS="121"/>
							<String ID="string_1" HPOS="136" VPOS="650" WIDTH="33" HEIGHT="23" WC="0.96" CONTENT="82."/>
						</TextLine>
					</TextBlock>
				</ComposedBlock>
				<ComposedBlock ID="cblock_1" HPOS="190" VPOS="143" WIDTH="521" HEIGHT="27">
					<TextBlock ID="block_1" HPOS="190" VPOS="143" WIDTH="521" HEIGHT="27">
						<TextLine ID="line_1" HPOS="190" VPOS="143" WIDTH="521" HEIGHT="27">
							<String ID="string_2" HPOS="190" VPOS="146" WIDTH="28" HEIGHT="20" WC="0.96" CONTENT="54"/><SP WIDTH="198" VPOS="146" HPOS="218"/>
							<String ID="string_3" HPOS="416" VPOS="144" WIDTH="31" HEIGHT="23" WC="0.92" CONTENT="U."/><SP WIDTH="14" VPOS="144" HPOS="447"/>
							<String ID="string_4" HPOS="461" VPOS="145" WIDTH="27" HEIGHT="21" WC="0.89" CONTENT="B."/><SP WIDTH="20" VPOS="145" HPOS="488"/>
							<String ID="string_5" HPOS="508" VPOS="157" WIDTH="20" HEIGHT="3" WC="0.92" CONTENT="—"/><SP WIDTH="18" VPOS="157" HPOS="528"/>
							<String ID="string_6" HPOS="546" VPOS="144" WIDTH="73" HEIGHT="26" WC="0.96" CONTENT="Prop."/><SP WIDTH="14" VPOS="144" HPOS="619"/>
							<String ID="string_7" HPOS="633" VPOS="143" WIDTH="42" HEIGHT="22" WC="0.95" CONTENT="N:o"/><SP WIDTH="15" VPOS="143" HPOS="675"/>
							<String ID="string_8" HPOS="690" VPOS="144" WIDTH="21" HEIGHT="20" WC="0.96" CONTENT="6."/>
						</TextLine>
					</TextBlock>
				</ComposedBlock>
				<ComposedBlock ID="cblock_2" HPOS="190" VPOS="212" WIDTH="752" HEIGHT="55">
					<TextBlock ID="block_2" HPOS="190" VPOS="212" WIDTH="752" HEIGHT="55">
						<TextLine ID="line_2" HPOS="258" VPOS="212" WIDTH="684" HEIGHT="26">
							<String ID="string_9" HPOS="258" VPOS="216" WIDTH="10" HEIGHT="18" WC="0.92" CONTENT="I"/><SP WIDTH="23" VPOS="216" HPOS="268"/>
							<String ID="string_10" HPOS="291" VPOS="214" WIDTH="153" HEIGHT="21" WC="0.92" CONTENT="ofvanstäende"/><SP WIDTH="18" VPOS="214" HPOS="444"/>
							<String ID="string_11" HPOS="462" VPOS="215" WIDTH="138" HEIGHT="23" WC="0.93" CONTENT="reservation,"/><SP WIDTH="16" VPOS="215" HPOS="600"/>
							<String ID="string_12" HPOS="616" VPOS="213" WIDTH="69" HEIGHT="21" WC="0.91" CONTENT="såvidt"/><SP WIDTH="16" VPOS="213" HPOS="685"/>
							<String ID="string_13" HPOS="701" VPOS="214" WIDTH="40" HEIGHT="18" WC="0.96" CONTENT="den"/><SP WIDTH="15" VPOS="214" HPOS="741"/>
							<String ID="string_14" HPOS="756" VPOS="212" WIDTH="66" HEIGHT="24" WC="0.93" CONTENT="angår"/><SP WIDTH="15" VPOS="212" HPOS="822"/>
							<String ID="string_15" HPOS="837" VPOS="213" WIDTH="12" HEIGHT="22" WC="0.92" CONTENT="$"/><SP WIDTH="16" VPOS="213" HPOS="849"/>
							<String ID="string_16" HPOS="865" VPOS="212" WIDTH="33" HEIGHT="24" WC="0.93" CONTENT="38,"/><SP WIDTH="16" VPOS="212" HPOS="898"/>
							<String ID="string_17" HPOS="914" VPOS="212" WIDTH="28" HEIGHT="19" WC="0.91" CONTENT="fö-"/>
						</TextLine>
						<TextLine ID="line_3" HPOS="190" VPOS="244" WIDTH="99" HEIGHT="23">
							<String ID="string_18" HPOS="190" VPOS="249" WIDTH="52" HEIGHT="15" WC="0.96" CONTENT="rena"/><SP WIDTH="15" VPOS="249" HPOS="242"/>
							<String ID="string_19" HPOS="257" VPOS="244" WIDTH="32" HEIGHT="23" WC="0.95" CONTENT="sig"/>
						</TextLine>
					</TextBlock>
				</ComposedBlock>
				<ComposedBlock ID="cblock_3" HPOS="287" VPOS="281" WIDTH="550" HEIGHT="55">
					<TextBlock ID="block_3" HPOS="287" VPOS="281" WIDTH="550" HEIGHT="55">
						<TextLine ID="line_4" HPOS="295" VPOS="281" WIDTH="542" HEIGHT="26">
							<String ID="string_20" HPOS="295" VPOS="283" WIDTH="20" HEIGHT="19" WC="0.91" CONTENT="T."/><SP WIDTH="16" VPOS="283" HPOS="315"/>
							<String ID="string_21" HPOS="331" VPOS="283" WIDTH="20" HEIGHT="20" WC="0.91" CONTENT="J."/><SP WIDTH="16" VPOS="283" HPOS="351"/>
							<String ID="string_22" HPOS="367" VPOS="283" WIDTH="99" HEIGHT="24" WC="0.96" CONTENT="Aminoff."/><SP WIDTH="143" VPOS="283" HPOS="466"/>
							<String ID="string_23" HPOS="609" VPOS="282" WIDTH="75" HEIGHT="20" WC="0.93" CONTENT="Robert"/><SP WIDTH="14" VPOS="282" HPOS="684"/>
							<String ID="string_24" HPOS="698" VPOS="281" WIDTH="139" HEIGHT="20" WC="0.91" CONTENT="Hermanson."/>
						</TextLine>
						<TextLine ID="line_5" HPOS="287" VPOS="310" WIDTH="531" HEIGHT="26">
							<String ID="string_25" HPOS="287" VPOS="312" WIDTH="52" HEIGHT="19" WC="0.91" CONTENT="Axel"/><SP WIDTH="15" VPOS="312" HPOS="339"/>
							<String ID="string_26" HPOS="354" VPOS="312" WIDTH="117" HEIGHT="24" WC="0.96" CONTENT="Holmberg."/><SP WIDTH="157" VPOS="312" HPOS="471"/>
							<String ID="string_27" HPOS="628" VPOS="311" WIDTH="69" HEIGHT="19" WC="0.95" CONTENT="Frans"/><SP WIDTH="16" VPOS="311" HPOS="697"/>
							<String ID="string_28" HPOS="713" VPOS="310" WIDTH="105" HEIGHT="20" WC="0.96" CONTENT="Eriksson."/>
						</TextLine>
					</TextBlock>
				</ComposedBlock>
				<ComposedBlock ID="cblock_4" HPOS="191" VPOS="360" WIDTH="751" HEIGHT="55">
					<TextBlock ID="block_4" HPOS="191" VPOS="360" WIDTH="751" HEIGHT="55">
						<TextLine ID="line_6" HPOS="258" VPOS="360" WIDTH="684" HEIGHT="26">
							<String ID="string_29" HPOS="258" VPOS="363" WIDTH="10" HEIGHT="19" WC="0.96" CONTENT="I"/><SP WIDTH="16" VPOS="363" HPOS="268"/>
							<String ID="string_30" HPOS="284" VPOS="364" WIDTH="70" HEIGHT="19" WC="0.96" CONTENT="denna"/><SP WIDTH="14" VPOS="364" HPOS="354"/>
							<String ID="string_31" HPOS="368" VPOS="362" WIDTH="138" HEIGHT="24" WC="0.93" CONTENT="reservation,"/><SP WIDTH="14" VPOS="362" HPOS="506"/>
							<String ID="string_32" HPOS="520" VPOS="362" WIDTH="73" HEIGHT="20" WC="0.92" CONTENT="såvidt"/><SP WIDTH="15" VPOS="362" HPOS="593"/>
							<String ID="string_33" HPOS="608" VPOS="362" WIDTH="40" HEIGHT="19" WC="0.93" CONTENT="den"/><SP WIDTH="11" VPOS="362" HPOS="648"/>
							<String ID="string_34" HPOS="659" VPOS="362" WIDTH="56" HEIGHT="19" WC="0.92" CONTENT="afser"/><SP WIDTH="10" VPOS="362" HPOS="715"/>
							<String ID="string_35" HPOS="725" VPOS="362" WIDTH="36" HEIGHT="19" WC="0.93" CONTENT="det"/><SP WIDTH="9" VPOS="362" HPOS="761"/>
							<String ID="string_36" HPOS="770" VPOS="360" WIDTH="43" HEIGHT="20" WC="0.92" CONTENT="deri"/><SP WIDTH="8" VPOS="360" HPOS="813"/>
							<String ID="string_37" HPOS="821" VPOS="360" WIDTH="121" HEIGHT="24" WC="0.96" CONTENT="föreslagna"/>
						</TextLine>
						<TextLine ID="line_7" HPOS="191" VPOS="391" WIDTH="378" HEIGHT="24">
							<String ID="string_38" HPOS="191" VPOS="392" WIDTH="53" HEIGHT="19" WC="0.96" CONTENT="sista"/><SP WIDTH="15" VPOS="392" HPOS="244"/>
							<String ID="string_39" HPOS="259" VPOS="397" WIDTH="66" HEIGHT="15" WC="0.95" CONTENT="mom."/><SP WIDTH="15" VPOS="397" HPOS="325"/>
							<String ID="string_40" HPOS="340" VPOS="392" WIDTH="6" HEIGHT="19" WC="0.93" CONTENT="i"/><SP WIDTH="16" VPOS="392" HPOS="346"/>
							<String ID="string_41" HPOS="362" VPOS="392" WIDTH="12" HEIGHT="22" WC="0.87" CONTENT="$"/><SP WIDTH="15" VPOS="392" HPOS="374"/>
							<String ID="string_42" HPOS="389" VPOS="392" WIDTH="33" HEIGHT="23" WC="0.96" CONTENT="84,"/><SP WIDTH="16" VPOS="392" HPOS="422"/>
							<String ID="string_43" HPOS="438" VPOS="391" WIDTH="84" HEIGHT="20" WC="0.95" CONTENT="förenar"/><SP WIDTH="15" VPOS="391" HPOS="522"/>
							<String ID="string_44" HPOS="537" VPOS="391" WIDTH="32" HEIGHT="23" WC="0.96" CONTENT="sig"/>
						</TextLine>
					</TextBlock>
				</ComposedBlock>
				<ComposedBlock ID="cblock_5" HPOS="662" VPOS="428" WIDTH="210" HEIGHT="21">
					<TextBlock ID="block_5" HPOS="662" VPOS="428" WIDTH="210" HEIGHT="21">
						<TextLine ID="line_8" HPOS="662" VPOS="428" WIDTH="210" HEIGHT="21">
							<String ID="string_45" HPOS="662" VPOS="430" WIDTH="72" HEIGHT="19" WC="0.89" CONTENT="Fredr."/><SP WIDTH="17" VPOS="430" HPOS="734"/>
							<String ID="string_46" HPOS="751" VPOS="428" WIDTH="121" HEIGHT="21" WC="0.96" CONTENT="Stenström."/>
						</TextLine>
					</TextBlock>
				</ComposedBlock>
				<ComposedBlock ID="cblock_6" HPOS="546" VPOS="588" WIDTH="39" HEIGHT="28">
					<TextBlock ID="block_6" HPOS="546" VPOS="588" WIDTH="39" HEIGHT="28">
						<TextLine ID="line_9" HPOS="546" VPOS="588" WIDTH="39" HEIGHT="28">
							<String ID="string_47" HPOS="546" VPOS="588" WIDTH="39" HEIGHT="28" WC="0.90" CONTENT="I."/>
						</TextLine>
					</TextBlock>
				</ComposedBlock>
				<ComposedBlock ID="cblock_7" HPOS="191" VPOS="652" WIDTH="754" HEIGHT="795">
					<TextBlock ID="block_7" HPOS="191" VPOS="652" WIDTH="753" HEIGHT="84">
						<TextLine ID="line_10" HPOS="260" VPOS="652" WIDTH="684" HEIGHT="26">
							<String ID="string_48" HPOS="260" VPOS="654" WIDTH="31" HEIGHT="19" WC="0.96" CONTENT="De"/><SP WIDTH="19" VPOS="654" HPOS="291"/>
							<String ID="string_49" HPOS="310" VPOS="654" WIDTH="52" HEIGHT="24" WC="0.95" CONTENT="skäl,"/><SP WIDTH="23" VPOS="654" HPOS="362"/>
							<String ID="string_50" HPOS="385" VPOS="652" WIDTH="27" HEIGHT="26" WC="0.96" CONTENT="på"/><SP WIDTH="15" VPOS="652" HPOS="412"/>
							<String ID="string_51" HPOS="427" VPOS="653" WIDTH="73" HEIGHT="20" WC="0.96" CONTENT="hvilka"/><SP WIDTH="14" VPOS="653" HPOS="500"/>
							<String ID="string_52" HPOS="514" VPOS="653" WIDTH="171" HEIGHT="20" WC="0.96" CONTENT="undertecknade"/><SP WIDTH="16" VPOS="653" HPOS="685"/>
							<String ID="string_53" HPOS="701" VPOS="652" WIDTH="72" HEIGHT="20" WC="0.96" CONTENT="ansett"/><SP WIDTH="15" VPOS="652" HPOS="773"/>
							<String ID="string_54" HPOS="788" VPOS="652" WIDTH="32" HEIGHT="24" WC="0.96" CONTENT="sig"/><SP WIDTH="16" VPOS="652" HPOS="820"/>
							<String ID="string_55" HPOS="836" VPOS="652" WIDTH="50" HEIGHT="19" WC="0.93" CONTENT="böra"/><SP WIDTH="16" VPOS="652" HPOS="886"/>
							<String ID="string_56" HPOS="902" VPOS="657" WIDTH="42" HEIGHT="14" WC="0.91" CONTENT="om-"/>
						</TextLine>
						<TextLine ID="line_11" HPOS="191" VPOS="680" WIDTH="751" HEIGHT="25">
							<String ID="string_57" HPOS="191" VPOS="683" WIDTH="55" HEIGHT="20" WC="0.96" CONTENT="fatta"/><SP WIDTH="23" VPOS="683" HPOS="246"/>
							<String ID="string_58" HPOS="269" VPOS="688" WIDTH="25" HEIGHT="14" WC="0.96" CONTENT="en"/><SP WIDTH="20" VPOS="688" HPOS="294"/>
							<String ID="string_59" HPOS="314" VPOS="681" WIDTH="46" HEIGHT="21" WC="0.96" CONTENT="från"/><SP WIDTH="15" VPOS="681" HPOS="360"/>
							<String ID="string_60" HPOS="375" VPOS="682" WIDTH="123" HEIGHT="20" WC="0.93" CONTENT="Utskottets"/><SP WIDTH="15" VPOS="682" HPOS="498"/>
							<String ID="string_61" HPOS="513" VPOS="681" WIDTH="216" HEIGHT="24" WC="0.91" CONTENT="författningsförslag"/><SP WIDTH="16" VPOS="681" HPOS="729"/>
							<String ID="string_62" HPOS="745" VPOS="681" WIDTH="113" HEIGHT="19" WC="0.92" CONTENT="afvikande"/><SP WIDTH="16" VPOS="681" HPOS="858"/>
							<String ID="string_63" HPOS="874" VPOS="680" WIDTH="68" HEIGHT="20" WC="0.91" CONTENT="affatt-"/>
						</TextLine>
						<TextLine ID="line_12" HPOS="191" VPOS="710" WIDTH="329" HEIGHT="26">
							<String ID="string_64" HPOS="191" VPOS="712" WIDTH="50" HEIGHT="23" WC="0.96" CONTENT="ning"/><SP WIDTH="16" VPOS="712" HPOS="241"/>
							<String ID="string_65" HPOS="257" VPOS="711" WIDTH="23" HEIGHT="20" WC="0.96" CONTENT="af"/><SP WIDTH="13" VPOS="711" HPOS="280"/>
							<String ID="string_66" HPOS="293" VPOS="711" WIDTH="27" HEIGHT="19" WC="0.93" CONTENT="82"/><SP WIDTH="16" VPOS="711" HPOS="320"/>
							<String ID="string_67" HPOS="336" VPOS="711" WIDTH="17" HEIGHT="25" WC="0.89" CONTENT="$,"/><SP WIDTH="17" VPOS="711" HPOS="353"/>
							<String ID="string_68" HPOS="370" VPOS="713" WIDTH="36" HEIGHT="17" WC="0.96" CONTENT="äro"/><SP WIDTH="15" VPOS="713" HPOS="406"/>
							<String ID="string_69" HPOS="421" VPOS="710" WIDTH="99" HEIGHT="24" WC="0.96" CONTENT="följande:"/>
						</TextLine>
					</TextBlock>
					<TextBlock ID="block_8" HPOS="191" VPOS="738" WIDTH="754" HEIGHT="709">
						<TextLine ID="line_13" HPOS="260" VPOS="738" WIDTH="684" HEIGHT="24">
							<String ID="string_70" HPOS="260" VPOS="739" WIDTH="153" HEIGHT="20" WC="0.96" CONTENT="Erfarenheten"/><SP WIDTH="15" VPOS="739" HPOS="413"/>
							<String ID="string_71" HPOS="428" VPOS="739" WIDTH="46" HEIGHT="19" WC="0.96" CONTENT="från"/><SP WIDTH="16" VPOS="739" HPOS="474"/>
							<String ID="string_72" HPOS="490" VPOS="740" WIDTH="41" HEIGHT="18" WC="0.96" CONTENT="den"/><SP WIDTH="14" VPOS="740" HPOS="531"/>
							<String ID="string_73" HPOS="545" VPOS="739" WIDTH="36" HEIGHT="23" WC="0.96" CONTENT="tid,"/><SP WIDTH="16" VPOS="739" HPOS="581"/>
							<String ID="string_74" HPOS="597" VPOS="738" WIDTH="27" HEIGHT="20" WC="0.93" CONTENT="då"/><SP WIDTH="15" VPOS="738" HPOS="624"/>
							<String ID="string_75" HPOS="639" VPOS="738" WIDTH="210" HEIGHT="23" WC="0.89" CONTENT="inkomstbevillning"/><SP WIDTH="9" VPOS="738" HPOS="849"/>
							<String ID="string_76" HPOS="858" VPOS="738" WIDTH="39" HEIGHT="19" WC="0.96" CONTENT="hos"/><SP WIDTH="11" VPOS="738" HPOS="897"/>
							<String ID="string_77" HPOS="908" VPOS="742" WIDTH="36" HEIGHT="15" WC="0.96" CONTENT="oss"/>
						</TextLine>
						<TextLine ID="line_14" HPOS="192" VPOS="766" WIDTH="752" HEIGHT="26">
							<String ID="string_78" HPOS="192" VPOS="768" WIDTH="88" HEIGHT="24" WC="0.91" CONTENT="erlades,"/><SP WIDTH="15" VPOS="768" HPOS="280"/>
							<String ID="string_79" HPOS="295" VPOS="768" WIDTH="58" HEIGHT="19" WC="0.96" CONTENT="visar"/><SP WIDTH="15" VPOS="768" HPOS="353"/>
							<String ID="string_80" HPOS="368" VPOS="768" WIDTH="33" HEIGHT="19" WC="0.93" CONTENT="att"/><SP WIDTH="14" VPOS="768" HPOS="401"/>
							<String ID="string_81" HPOS="415" VPOS="768" WIDTH="127" HEIGHT="23" WC="0.92" CONTENT="taxeringen"/><SP WIDTH="15" VPOS="768" HPOS="542"/>
							<String ID="string_82" HPOS="557" VPOS="767" WIDTH="76" HEIGHT="19" WC="0.96" CONTENT="endast"/><SP WIDTH="14" VPOS="767" HPOS="633"/>
							<String ID="string_83" HPOS="647" VPOS="766" WIDTH="27" HEIGHT="25" WC="0.96" CONTENT="på"/><SP WIDTH="15" VPOS="766" HPOS="674"/>
							<String ID="string_84" HPOS="689" VPOS="767" WIDTH="32" HEIGHT="19" WC="0.96" CONTENT="ett"/><SP WIDTH="14" VPOS="767" HPOS="721"/>
							<String ID="string_85" HPOS="735" VPOS="767" WIDTH="79" HEIGHT="23" WC="0.95" CONTENT="ytterst"/><SP WIDTH="7" VPOS="767" HPOS="814"/>
							<String ID="string_86" HPOS="821" VPOS="766" WIDTH="123" HEIGHT="24" WC="0.95" CONTENT="bristfälligt"/>
						</TextLine>
						<TextLine ID="line_15" HPOS="192" VPOS="795" WIDTH="752" HEIGHT="25">
							<String ID="string_87" HPOS="192" VPOS="797" WIDTH="44" HEIGHT="19" WC="0.96" CONTENT="sätt"/><SP WIDTH="18" VPOS="797" HPOS="236"/>
							<String ID="string_88" HPOS="254" VPOS="796" WIDTH="90" HEIGHT="20" WC="0.93" CONTENT="träffade"/><SP WIDTH="20" VPOS="796" HPOS="344"/>
							<String ID="string_89" HPOS="364" VPOS="796" WIDTH="222" HEIGHT="24" WC="0.92" CONTENT="jordbruksnäringen."/><SP WIDTH="29" VPOS="796" HPOS="586"/>
							<String ID="string_90" HPOS="615" VPOS="795" WIDTH="74" HEIGHT="20" WC="0.90" CONTENT="Redan"/><SP WIDTH="21" VPOS="795" HPOS="689"/>
							<String ID="string_91" HPOS="710" VPOS="795" WIDTH="234" HEIGHT="23" WC="0.90" CONTENT="bevillningsutskottet"/>
						</TextLine>
						<TextLine ID="line_16" HPOS="191" VPOS="824" WIDTH="752" HEIGHT="23">
							<String ID="string_92" HPOS="191" VPOS="826" WIDTH="36" HEIGHT="18" WC="0.96" CONTENT="vid"/><SP WIDTH="23" VPOS="826" HPOS="227"/>
							<String ID="string_93" HPOS="250" VPOS="825" WIDTH="54" HEIGHT="19" WC="0.96" CONTENT="1872"/><SP WIDTH="24" VPOS="825" HPOS="304"/>
							<String ID="string_94" HPOS="328" VPOS="824" WIDTH="40" HEIGHT="20" WC="0.96" CONTENT="och"/><SP WIDTH="22" VPOS="824" HPOS="368"/>
							<String ID="string_95" HPOS="390" VPOS="825" WIDTH="55" HEIGHT="19" WC="0.96" CONTENT="1877"/><SP WIDTH="23" VPOS="825" HPOS="445"/>
							<String ID="string_96" HPOS="468" VPOS="824" WIDTH="35" HEIGHT="20" WC="0.93" CONTENT="års"/><SP WIDTH="22" VPOS="824" HPOS="503"/>
							<String ID="string_97" HPOS="525" VPOS="824" WIDTH="102" HEIGHT="23" WC="0.90" CONTENT="landtdag"/><SP WIDTH="15" VPOS="824" HPOS="627"/>
							<String ID="string_98" HPOS="642" VPOS="824" WIDTH="99" HEIGHT="19" WC="0.94" CONTENT="framhöll"/><SP WIDTH="16" VPOS="824" HPOS="741"/>
							<String ID="string_99" HPOS="757" VPOS="824" WIDTH="25" HEIGHT="19" WC="0.96" CONTENT="de"/><SP WIDTH="15" VPOS="824" HPOS="782"/>
							<String ID="string_100" HPOS="797" VPOS="824" WIDTH="6" HEIGHT="18" WC="0.96" CONTENT="i"/><SP WIDTH="16" VPOS="824" HPOS="803"/>
							<String ID="string_101" HPOS="819" VPOS="824" WIDTH="59" HEIGHT="19" WC="0.93" CONTENT="detta"/><SP WIDTH="16" VPOS="824" HPOS="878"/>
							<String ID="string_102" HPOS="894" VPOS="824" WIDTH="49" HEIGHT="18" WC="0.91" CONTENT="hän-"/>
						</TextLine>
						<TextLine ID="line_17" HPOS="192" VPOS="852" WIDTH="752" HEIGHT="24">
							<String ID="string_103" HPOS="192" VPOS="853" WIDTH="76" HEIGHT="20" WC="0.96" CONTENT="seende"/><SP WIDTH="16" VPOS="853" HPOS="268"/>
							<String ID="string_104" HPOS="284" VPOS="852" WIDTH="130" HEIGHT="20" WC="0.96" CONTENT="förvånande"/><SP WIDTH="14" VPOS="852" HPOS="414"/>
							<String ID="string_105" HPOS="428" VPOS="853" WIDTH="118" HEIGHT="19" WC="0.96" CONTENT="resultaten"/><SP WIDTH="16" VPOS="853" HPOS="546"/>
							<String ID="string_106" HPOS="562" VPOS="852" WIDTH="23" HEIGHT="20" WC="0.91" CONTENT="af"/><SP WIDTH="7" VPOS="852" HPOS="585"/>
							<String ID="string_107" HPOS="592" VPOS="852" WIDTH="159" HEIGHT="24" WC="0.90" CONTENT="taxeringarna,"/><SP WIDTH="12" VPOS="852" HPOS="751"/>
							<String ID="string_108" HPOS="763" VPOS="852" WIDTH="40" HEIGHT="19" WC="0.96" CONTENT="och"/><SP WIDTH="10" VPOS="852" HPOS="803"/>
							<String ID="string_109" HPOS="813" VPOS="852" WIDTH="40" HEIGHT="19" WC="0.93" CONTENT="den"/><SP WIDTH="11" VPOS="852" HPOS="853"/>
							<String ID="string_110" HPOS="864" VPOS="852" WIDTH="80" HEIGHT="19" WC="0.91" CONTENT="skatte-"/>
						</TextLine>
						<TextLine ID="line_18" HPOS="191" VPOS="880" WIDTH="754" HEIGHT="26">
							<String ID="string_111" HPOS="191" VPOS="882" WIDTH="87" HEIGHT="24" WC="0.92" CONTENT="komité,"/><SP WIDTH="22" VPOS="882" HPOS="278"/>
							<String ID="string_112" HPOS="300" VPOS="881" WIDTH="86" HEIGHT="19" WC="0.96" CONTENT="hvilken"/><SP WIDTH="24" VPOS="881" HPOS="386"/>
							<String ID="string_113" HPOS="410" VPOS="881" WIDTH="23" HEIGHT="19" WC="0.96" CONTENT="af"/><SP WIDTH="20" VPOS="881" HPOS="433"/>
							<String ID="string_114" HPOS="453" VPOS="882" WIDTH="124" HEIGHT="23" WC="0.96" CONTENT="regeringen"/><SP WIDTH="22" VPOS="882" HPOS="577"/>
							<String ID="string_115" HPOS="599" VPOS="880" WIDTH="102" HEIGHT="20" WC="0.96" CONTENT="tillsattes"/><SP WIDTH="18" VPOS="880" HPOS="701"/>
							<String ID="string_116" HPOS="719" VPOS="880" WIDTH="24" HEIGHT="20" WC="0.96" CONTENT="år"/><SP WIDTH="20" VPOS="880" HPOS="743"/>
							<String ID="string_117" HPOS="763" VPOS="880" WIDTH="61" HEIGHT="24" WC="0.96" CONTENT="1879,"/><SP WIDTH="16" VPOS="880" HPOS="824"/>
							<String ID="string_118" HPOS="840" VPOS="881" WIDTH="40" HEIGHT="19" WC="0.96" CONTENT="har"/><SP WIDTH="14" VPOS="881" HPOS="880"/>
							<String ID="string_119" HPOS="894" VPOS="880" WIDTH="51" HEIGHT="20" WC="0.96" CONTENT="med"/>
						</TextLine>
						<TextLine ID="line_19" HPOS="192" VPOS="909" WIDTH="753" HEIGHT="25">
							<String ID="string_120" HPOS="192" VPOS="910" WIDTH="68" HEIGHT="20" WC="0.95" CONTENT="siffror"/><SP WIDTH="15" VPOS="910" HPOS="260"/>
							<String ID="string_121" HPOS="275" VPOS="910" WIDTH="120" HEIGHT="24" WC="0.95" CONTENT="ådagalagt,"/><SP WIDTH="19" VPOS="910" HPOS="395"/>
							<String ID="string_122" HPOS="414" VPOS="910" WIDTH="34" HEIGHT="19" WC="0.96" CONTENT="att"/><SP WIDTH="14" VPOS="910" HPOS="448"/>
							<String ID="string_123" HPOS="462" VPOS="909" WIDTH="180" HEIGHT="25" WC="0.96" CONTENT="uppskattningen"/><SP WIDTH="18" VPOS="909" HPOS="642"/>
							<String ID="string_124" HPOS="660" VPOS="909" WIDTH="23" HEIGHT="19" WC="0.96" CONTENT="af"/><SP WIDTH="16" VPOS="909" HPOS="683"/>
							<String ID="string_125" HPOS="699" VPOS="910" WIDTH="40" HEIGHT="18" WC="0.96" CONTENT="den"/><SP WIDTH="15" VPOS="910" HPOS="739"/>
							<String ID="string_126" HPOS="754" VPOS="914" WIDTH="52" HEIGHT="14" WC="0.96" CONTENT="rena"/><SP WIDTH="15" VPOS="914" HPOS="806"/>
							<String ID="string_127" HPOS="821" VPOS="909" WIDTH="124" HEIGHT="19" WC="0.95" CONTENT="inkomsten"/>
						</TextLine>
						<TextLine ID="line_20" HPOS="191" VPOS="937" WIDTH="753" HEIGHT="25">
							<String ID="string_128" HPOS="191" VPOS="938" WIDTH="46" HEIGHT="20" WC="0.96" CONTENT="från"/><SP WIDTH="14" VPOS="938" HPOS="237"/>
							<String ID="string_129" HPOS="251" VPOS="938" WIDTH="123" HEIGHT="24" WC="0.96" CONTENT="jordbruket"/><SP WIDTH="14" VPOS="938" HPOS="374"/>
							<String ID="string_130" HPOS="388" VPOS="938" WIDTH="70" HEIGHT="20" WC="0.95" CONTENT="måste"/><SP WIDTH="14" VPOS="938" HPOS="458"/>
							<String ID="string_131" HPOS="472" VPOS="938" WIDTH="57" HEIGHT="20" WC="0.96" CONTENT="varit"/><SP WIDTH="15" VPOS="938" HPOS="529"/>
							<String ID="string_132" HPOS="544" VPOS="938" WIDTH="6" HEIGHT="19" WC="0.96" CONTENT="i"/><SP WIDTH="14" VPOS="938" HPOS="550"/>
							<String ID="string_133" HPOS="564" VPOS="938" WIDTH="42" HEIGHT="24" WC="0.96" CONTENT="hög"/><SP WIDTH="15" VPOS="938" HPOS="606"/>
							<String ID="string_134" HPOS="621" VPOS="938" WIDTH="52" HEIGHT="23" WC="0.95" CONTENT="grad"/><SP WIDTH="15" VPOS="938" HPOS="673"/>
							<String ID="string_135" HPOS="688" VPOS="938" WIDTH="116" HEIGHT="23" WC="0.89" CONTENT="bristfällig."/><SP WIDTH="31" VPOS="938" HPOS="804"/>
							<String ID="string_136" HPOS="835" VPOS="937" WIDTH="31" HEIGHT="19" WC="0.96" CONTENT="En"/><SP WIDTH="16" VPOS="937" HPOS="866"/>
							<String ID="string_137" HPOS="882" VPOS="937" WIDTH="24" HEIGHT="19" WC="0.79" CONTENT="af"/><SP WIDTH="8" VPOS="937" HPOS="906"/>
							<String ID="string_138" HPOS="914" VPOS="942" WIDTH="30" HEIGHT="14" WC="0.79" CONTENT="or-"/>
						</TextLine>
						<TextLine ID="line_21" HPOS="192" VPOS="965" WIDTH="752" HEIGHT="25">
							<String ID="string_139" HPOS="192" VPOS="968" WIDTH="92" HEIGHT="19" WC="0.95" CONTENT="sakerna"/><SP WIDTH="14" VPOS="968" HPOS="284"/>
							<String ID="string_140" HPOS="298" VPOS="966" WIDTH="71" HEIGHT="21" WC="0.95" CONTENT="härtill"/><SP WIDTH="16" VPOS="966" HPOS="369"/>
							<String ID="string_141" HPOS="385" VPOS="969" WIDTH="23" HEIGHT="17" WC="0.96" CONTENT="är"/><SP WIDTH="15" VPOS="969" HPOS="408"/>
							<String ID="string_142" HPOS="423" VPOS="967" WIDTH="40" HEIGHT="23" WC="0.95" CONTENT="väl,"/><SP WIDTH="17" VPOS="967" HPOS="463"/>
							<String ID="string_143" HPOS="480" VPOS="966" WIDTH="73" HEIGHT="20" WC="0.96" CONTENT="såsom"/><SP WIDTH="15" VPOS="966" HPOS="553"/>
							<String ID="string_144" HPOS="568" VPOS="966" WIDTH="93" HEIGHT="20" WC="0.93" CONTENT="nämnda"/><SP WIDTH="15" VPOS="966" HPOS="661"/>
							<String ID="string_145" HPOS="676" VPOS="966" WIDTH="81" HEIGHT="20" WC="0.92" CONTENT="komité"/><SP WIDTH="11" VPOS="966" HPOS="757"/>
							<String ID="string_146" HPOS="768" VPOS="966" WIDTH="39" HEIGHT="20" WC="0.96" CONTENT="ock"/><SP WIDTH="13" VPOS="966" HPOS="807"/>
							<String ID="string_147" HPOS="820" VPOS="965" WIDTH="124" HEIGHT="25" WC="0.94" CONTENT="framhållit,"/>
						</TextLine>
						<TextLine ID="line_22" HPOS="192" VPOS="994" WIDTH="752" HEIGHT="25">
							<String ID="string_148" HPOS="192" VPOS="996" WIDTH="46" HEIGHT="23" WC="0.96" CONTENT="den,"/><SP WIDTH="24" VPOS="996" HPOS="238"/>
							<String ID="string_149" HPOS="262" VPOS="996" WIDTH="33" HEIGHT="19" WC="0.96" CONTENT="att"/><SP WIDTH="22" VPOS="996" HPOS="295"/>
							<String ID="string_150" HPOS="317" VPOS="996" WIDTH="122" HEIGHT="19" WC="0.96" CONTENT="inkomsten"/><SP WIDTH="15" VPOS="996" HPOS="439"/>
							<String ID="string_151" HPOS="454" VPOS="995" WIDTH="48" HEIGHT="20" WC="0.93" CONTENT="från"/><SP WIDTH="13" VPOS="995" HPOS="502"/>
							<String ID="string_152" HPOS="515" VPOS="995" WIDTH="170" HEIGHT="24" WC="0.92" CONTENT="jordlägenheter"/><SP WIDTH="15" VPOS="995" HPOS="685"/>
							<String ID="string_153" HPOS="700" VPOS="995" WIDTH="158" HEIGHT="24" WC="0.96" CONTENT="representeras"/><SP WIDTH="16" VPOS="995" HPOS="858"/>
							<String ID="string_154" HPOS="874" VPOS="994" WIDTH="23" HEIGHT="20" WC="0.93" CONTENT="af"/><SP WIDTH="13" VPOS="994" HPOS="897"/>
							<String ID="string_155" HPOS="910" VPOS="1000" WIDTH="34" HEIGHT="14" WC="0.91" CONTENT="na-"/>
						</TextLine>
						<TextLine ID="line_23" HPOS="191" VPOS="1022" WIDTH="754" HEIGHT="26">
							<String ID="string_156" HPOS="191" VPOS="1024" WIDTH="150" HEIGHT="24" WC="0.91" CONTENT="turprodukter"/><SP WIDTH="22" VPOS="1024" HPOS="341"/>
							<String ID="string_157" HPOS="363" VPOS="1024" WIDTH="40" HEIGHT="19" WC="0.96" CONTENT="och"/><SP WIDTH="17" VPOS="1024" HPOS="403"/>
							<String ID="string_158" HPOS="420" VPOS="1023" WIDTH="113" HEIGHT="25" WC="0.96" CONTENT="förmåner,"/><SP WIDTH="17" VPOS="1023" HPOS="533"/>
							<String ID="string_159" HPOS="550" VPOS="1023" WIDTH="84" HEIGHT="20" WC="0.96" CONTENT="hvilkas"/><SP WIDTH="15" VPOS="1023" HPOS="634"/>
							<String ID="string_160" HPOS="649" VPOS="1023" WIDTH="65" HEIGHT="19" WC="0.96" CONTENT="värde"/><SP WIDTH="15" VPOS="1023" HPOS="714"/>
							<String ID="string_161" HPOS="729" VPOS="1023" WIDTH="99" HEIGHT="24" WC="0.96" CONTENT="vanligen"/><SP WIDTH="15" VPOS="1023" HPOS="828"/>
							<String ID="string_162" HPOS="843" VPOS="1023" WIDTH="55" HEIGHT="19" WC="0.96" CONTENT="blott"/><SP WIDTH="15" VPOS="1023" HPOS="898"/>
							<String ID="string_163" HPOS="913" VPOS="1022" WIDTH="32" HEIGHT="20" WC="0.96" CONTENT="till"/>
						</TextLine>
						<TextLine ID="line_24" HPOS="192" VPOS="1050" WIDTH="752" HEIGHT="26">
							<String ID="string_164" HPOS="192" VPOS="1058" WIDTH="26" HEIGHT="14" WC="0.96" CONTENT="en"/><SP WIDTH="15" VPOS="1058" HPOS="218"/>
							<String ID="string_165" HPOS="233" VPOS="1052" WIDTH="33" HEIGHT="19" WC="0.93" CONTENT="del"/><SP WIDTH="16" VPOS="1052" HPOS="266"/>
							<String ID="string_166" HPOS="282" VPOS="1052" WIDTH="104" HEIGHT="19" WC="0.92" CONTENT="omsättes"/><SP WIDTH="15" VPOS="1052" HPOS="386"/>
							<String ID="string_167" HPOS="401" VPOS="1052" WIDTH="6" HEIGHT="19" WC="0.96" CONTENT="i"/><SP WIDTH="16" VPOS="1052" HPOS="407"/>
							<String ID="string_168" HPOS="423" VPOS="1053" WIDTH="123" HEIGHT="23" WC="0.96" CONTENT="penningar."/><SP WIDTH="24" VPOS="1053" HPOS="546"/>
							<String ID="string_169" HPOS="570" VPOS="1052" WIDTH="43" HEIGHT="19" WC="0.96" CONTENT="Och"/><SP WIDTH="16" VPOS="1052" HPOS="613"/>
							<String ID="string_170" HPOS="629" VPOS="1052" WIDTH="70" HEIGHT="19" WC="0.96" CONTENT="denna"/><SP WIDTH="15" VPOS="1052" HPOS="699"/>
							<String ID="string_171" HPOS="714" VPOS="1052" WIDTH="160" HEIGHT="23" WC="0.96" CONTENT="omständighet"/><SP WIDTH="15" VPOS="1052" HPOS="874"/>
							<String ID="string_172" HPOS="889" VPOS="1050" WIDTH="55" HEIGHT="20" WC="0.96" CONTENT="skall"/>
						</TextLine>
						<TextLine ID="line_25" HPOS="191" VPOS="1079" WIDTH="754" HEIGHT="25">
							<String ID="string_173" HPOS="191" VPOS="1080" WIDTH="119" HEIGHT="24" WC="0.96" CONTENT="säkerligen"/><SP WIDTH="16" VPOS="1080" HPOS="310"/>
							<String ID="string_174" HPOS="326" VPOS="1080" WIDTH="62" HEIGHT="19" WC="0.93" CONTENT="äfven"/><SP WIDTH="16" VPOS="1080" HPOS="388"/>
							<String ID="string_175" HPOS="404" VPOS="1080" WIDTH="114" HEIGHT="19" WC="0.92" CONTENT="framdeles"/><SP WIDTH="15" VPOS="1080" HPOS="518"/>
							<String ID="string_176" HPOS="533" VPOS="1083" WIDTH="52" HEIGHT="20" WC="0.95" CONTENT="göra"/><SP WIDTH="15" VPOS="1083" HPOS="585"/>
							<String ID="string_177" HPOS="600" VPOS="1080" WIDTH="32" HEIGHT="23" WC="0.95" CONTENT="sig"/><SP WIDTH="15" VPOS="1080" HPOS="632"/>
							<String ID="string_178" HPOS="647" VPOS="1079" WIDTH="97" HEIGHT="24" WC="0.95" CONTENT="gällande"/><SP WIDTH="15" VPOS="1079" HPOS="744"/>
							<String ID="string_179" HPOS="759" VPOS="1085" WIDTH="36" HEIGHT="14" WC="0.96" CONTENT="om"/><SP WIDTH="16" VPOS="1085" HPOS="795"/>
							<String ID="string_180" HPOS="811" VPOS="1085" WIDTH="50" HEIGHT="14" WC="0.96" CONTENT="man"/><SP WIDTH="14" VPOS="1085" HPOS="861"/>
							<String ID="string_181" HPOS="875" VPOS="1079" WIDTH="70" HEIGHT="24" WC="0.96" CONTENT="börjar"/>
						</TextLine>
						<TextLine ID="line_26" HPOS="191" VPOS="1108" WIDTH="754" HEIGHT="25">
							<String ID="string_182" HPOS="191" VPOS="1109" WIDTH="93" HEIGHT="24" WC="0.89" CONTENT="upptaga"/><SP WIDTH="24" VPOS="1109" HPOS="284"/>
							<String ID="string_183" HPOS="308" VPOS="1114" WIDTH="26" HEIGHT="14" WC="0.96" CONTENT="en"/><SP WIDTH="22" VPOS="1114" HPOS="334"/>
							<String ID="string_184" HPOS="356" VPOS="1113" WIDTH="37" HEIGHT="14" WC="0.96" CONTENT="ren"/><SP WIDTH="22" VPOS="1113" HPOS="393"/>
							<String ID="string_185" HPOS="415" VPOS="1109" WIDTH="156" HEIGHT="19" WC="0.96" CONTENT="inkomstskatt"/><SP WIDTH="17" VPOS="1109" HPOS="571"/>
							<String ID="string_186" HPOS="588" VPOS="1108" WIDTH="47" HEIGHT="19" WC="0.96" CONTENT="från"/><SP WIDTH="17" VPOS="1108" HPOS="635"/>
							<String ID="string_187" HPOS="652" VPOS="1108" WIDTH="129" HEIGHT="25" WC="0.95" CONTENT="jordbruket,"/><SP WIDTH="16" VPOS="1108" HPOS="781"/>
							<String ID="string_188" HPOS="797" VPOS="1113" WIDTH="51" HEIGHT="14" WC="0.96" CONTENT="vare"/><SP WIDTH="15" VPOS="1113" HPOS="848"/>
							<String ID="string_189" HPOS="863" VPOS="1108" WIDTH="33" HEIGHT="23" WC="0.95" CONTENT="sig"/><SP WIDTH="15" VPOS="1108" HPOS="896"/>
							<String ID="string_190" HPOS="911" VPOS="1108" WIDTH="34" HEIGHT="19" WC="0.96" CONTENT="att"/>
						</TextLine>
						<TextLine ID="line_27" HPOS="191" VPOS="1136" WIDTH="753" HEIGHT="24">
							<String ID="string_191" HPOS="191" VPOS="1138" WIDTH="60" HEIGHT="19" WC="0.96" CONTENT="detta"/><SP WIDTH="8" VPOS="1138" HPOS="251"/>
							<String ID="string_192" HPOS="259" VPOS="1137" WIDTH="49" HEIGHT="19" WC="0.96" CONTENT="sker"/><SP WIDTH="10" VPOS="1137" HPOS="308"/>
							<String ID="string_193" HPOS="318" VPOS="1137" WIDTH="33" HEIGHT="19" WC="0.96" CONTENT="för"/><SP WIDTH="10" VPOS="1137" HPOS="351"/>
							<String ID="string_194" HPOS="361" VPOS="1137" WIDTH="84" HEIGHT="19" WC="0.95" CONTENT="statens"/><SP WIDTH="9" VPOS="1137" HPOS="445"/>
							<String ID="string_195" HPOS="454" VPOS="1137" WIDTH="49" HEIGHT="20" WC="0.96" CONTENT="eller"/><SP WIDTH="8" VPOS="1137" HPOS="503"/>
							<String ID="string_196" HPOS="511" VPOS="1137" WIDTH="32" HEIGHT="19" WC="0.96" CONTENT="för"/><SP WIDTH="8" VPOS="1137" HPOS="543"/>
							<String ID="string_197" HPOS="551" VPOS="1136" WIDTH="143" HEIGHT="20" WC="0.96" CONTENT="kommunens"/><SP WIDTH="8" VPOS="1136" HPOS="694"/>
							<String ID="string_198" HPOS="702" VPOS="1137" WIDTH="97" HEIGHT="23" WC="0.96" CONTENT="räkning."/><SP WIDTH="18" VPOS="1137" HPOS="799"/>
							<String ID="string_199" HPOS="817" VPOS="1136" WIDTH="32" HEIGHT="24" WC="0.96" CONTENT="Ty"/><SP WIDTH="11" VPOS="1136" HPOS="849"/>
							<String ID="string_200" HPOS="860" VPOS="1137" WIDTH="36" HEIGHT="18" WC="0.93" CONTENT="det"/><SP WIDTH="8" VPOS="1137" HPOS="896"/>
							<String ID="string_201" HPOS="904" VPOS="1136" WIDTH="40" HEIGHT="19" WC="0.91" CONTENT="för-"/>
						</TextLine>
						<TextLine ID="line_28" HPOS="191" VPOS="1164" WIDTH="754" HEIGHT="26">
							<String ID="string_202" HPOS="191" VPOS="1165" WIDTH="115" HEIGHT="25" WC="0.89" CONTENT="hållandet,"/><SP WIDTH="23" VPOS="1165" HPOS="306"/>
							<String ID="string_203" HPOS="329" VPOS="1165" WIDTH="33" HEIGHT="20" WC="0.96" CONTENT="att"/><SP WIDTH="23" VPOS="1165" HPOS="362"/>
							<String ID="string_204" HPOS="385" VPOS="1170" WIDTH="27" HEIGHT="15" WC="0.96" CONTENT="en"/><SP WIDTH="17" VPOS="1170" HPOS="412"/>
							<String ID="string_205" HPOS="429" VPOS="1165" WIDTH="35" HEIGHT="19" WC="0.96" CONTENT="hel"/><SP WIDTH="14" VPOS="1165" HPOS="464"/>
							<String ID="string_206" HPOS="478" VPOS="1165" WIDTH="67" HEIGHT="24" WC="0.95" CONTENT="familj"/><SP WIDTH="16" VPOS="1165" HPOS="545"/>
							<String ID="string_207" HPOS="561" VPOS="1166" WIDTH="38" HEIGHT="19" WC="0.96" CONTENT="har"/><SP WIDTH="15" VPOS="1166" HPOS="599"/>
							<String ID="string_208" HPOS="614" VPOS="1165" WIDTH="82" HEIGHT="24" WC="0.96" CONTENT="bostad,"/><SP WIDTH="16" VPOS="1165" HPOS="696"/>
							<String ID="string_209" HPOS="712" VPOS="1167" WIDTH="75" HEIGHT="17" WC="0.96" CONTENT="värme"/><SP WIDTH="16" VPOS="1167" HPOS="787"/>
							<String ID="string_210" HPOS="803" VPOS="1165" WIDTH="39" HEIGHT="20" WC="0.96" CONTENT="och"/><SP WIDTH="15" VPOS="1165" HPOS="842"/>
							<String ID="string_211" HPOS="857" VPOS="1170" WIDTH="27" HEIGHT="14" WC="0.95" CONTENT="en"/><SP WIDTH="16" VPOS="1170" HPOS="884"/>
							<String ID="string_212" HPOS="900" VPOS="1164" WIDTH="45" HEIGHT="20" WC="0.95" CONTENT="stor"/>
						</TextLine>
						<TextLine ID="line_29" HPOS="192" VPOS="1192" WIDTH="753" HEIGHT="22">
							<String ID="string_213" HPOS="192" VPOS="1194" WIDTH="33" HEIGHT="19" WC="0.96" CONTENT="del"/><SP WIDTH="15" VPOS="1194" HPOS="225"/>
							<String ID="string_214" HPOS="240" VPOS="1194" WIDTH="23" HEIGHT="20" WC="0.96" CONTENT="af"/><SP WIDTH="13" VPOS="1194" HPOS="263"/>
							<String ID="string_215" HPOS="276" VPOS="1194" WIDTH="32" HEIGHT="19" WC="0.96" CONTENT="sin"/><SP WIDTH="16" VPOS="1194" HPOS="308"/>
							<String ID="string_216" HPOS="324" VPOS="1193" WIDTH="48" HEIGHT="20" WC="0.96" CONTENT="föda"/><SP WIDTH="16" VPOS="1193" HPOS="372"/>
							<String ID="string_217" HPOS="388" VPOS="1194" WIDTH="58" HEIGHT="19" WC="0.96" CONTENT="samt"/><SP WIDTH="15" VPOS="1194" HPOS="446"/>
							<String ID="string_218" HPOS="461" VPOS="1194" WIDTH="82" HEIGHT="19" WC="0.96" CONTENT="diverse"/><SP WIDTH="16" VPOS="1194" HPOS="543"/>
							<String ID="string_219" HPOS="559" VPOS="1194" WIDTH="66" HEIGHT="19" WC="0.96" CONTENT="andra"/><SP WIDTH="15" VPOS="1194" HPOS="625"/>
							<String ID="string_220" HPOS="640" VPOS="1193" WIDTH="82" HEIGHT="20" WC="0.96" CONTENT="mindre"/><SP WIDTH="15" VPOS="1193" HPOS="722"/>
							<String ID="string_221" HPOS="737" VPOS="1193" WIDTH="108" HEIGHT="20" WC="0.96" CONTENT="förmåner"/><SP WIDTH="9" VPOS="1193" HPOS="845"/>
							<String ID="string_222" HPOS="854" VPOS="1192" WIDTH="48" HEIGHT="21" WC="0.96" CONTENT="från"/><SP WIDTH="11" VPOS="1192" HPOS="902"/>
							<String ID="string_223" HPOS="913" VPOS="1193" WIDTH="32" HEIGHT="20" WC="0.96" CONTENT="ett"/>
						</TextLine>
						<TextLine ID="line_30" HPOS="191" VPOS="1221" WIDTH="753" HEIGHT="26">
							<String ID="string_224" HPOS="191" VPOS="1223" WIDTH="109" HEIGHT="24" WC="0.96" CONTENT="hemman,"/><SP WIDTH="24" VPOS="1223" HPOS="300"/>
							<String ID="string_225" HPOS="324" VPOS="1222" WIDTH="54" HEIGHT="20" WC="0.96" CONTENT="skall"/><SP WIDTH="16" VPOS="1222" HPOS="378"/>
							<String ID="string_226" HPOS="394" VPOS="1222" WIDTH="107" HEIGHT="20" WC="0.96" CONTENT="sannolikt"/><SP WIDTH="17" VPOS="1222" HPOS="501"/>
							<String ID="string_227" HPOS="518" VPOS="1223" WIDTH="47" HEIGHT="19" WC="0.96" CONTENT="icke"/><SP WIDTH="16" VPOS="1223" HPOS="565"/>
							<String ID="string_228" HPOS="581" VPOS="1222" WIDTH="63" HEIGHT="19" WC="0.96" CONTENT="blifva"/><SP WIDTH="15" VPOS="1222" HPOS="644"/>
							<String ID="string_229" HPOS="659" VPOS="1221" WIDTH="26" HEIGHT="25" WC="0.97" CONTENT="på"/><SP WIDTH="16" VPOS="1221" HPOS="685"/>
							<String ID="string_230" HPOS="701" VPOS="1222" WIDTH="31" HEIGHT="19" WC="0.96" CONTENT="ett"/><SP WIDTH="15" VPOS="1222" HPOS="732"/>
							<String ID="string_231" HPOS="747" VPOS="1222" WIDTH="73" HEIGHT="24" WC="0.96" CONTENT="riktigt"/><SP WIDTH="15" VPOS="1222" HPOS="820"/>
							<String ID="string_232" HPOS="835" VPOS="1222" WIDTH="46" HEIGHT="19" WC="0.93" CONTENT="sätt"/><SP WIDTH="14" VPOS="1222" HPOS="881"/>
							<String ID="string_233" HPOS="895" VPOS="1227" WIDTH="49" HEIGHT="19" WC="0.93" CONTENT="upp-"/>
						</TextLine>
						<TextLine ID="line_31" HPOS="192" VPOS="1249" WIDTH="752" HEIGHT="26">
							<String ID="string_234" HPOS="192" VPOS="1251" WIDTH="96" HEIGHT="23" WC="0.96" CONTENT="skattad;"/><SP WIDTH="24" VPOS="1251" HPOS="288"/>
							<String ID="string_235" HPOS="312" VPOS="1251" WIDTH="39" HEIGHT="18" WC="0.95" CONTENT="och"/><SP WIDTH="23" VPOS="1251" HPOS="351"/>
							<String ID="string_236" HPOS="374" VPOS="1250" WIDTH="71" HEIGHT="19" WC="0.95" CONTENT="härtill"/><SP WIDTH="21" VPOS="1250" HPOS="445"/>
							<String ID="string_237" HPOS="466" VPOS="1251" WIDTH="89" HEIGHT="18" WC="0.96" CONTENT="komma"/><SP WIDTH="22" VPOS="1251" HPOS="555"/>
							<String ID="string_238" HPOS="577" VPOS="1251" WIDTH="66" HEIGHT="18" WC="0.95" CONTENT="andra"/><SP WIDTH="24" VPOS="1251" HPOS="643"/>
							<String ID="string_239" HPOS="667" VPOS="1250" WIDTH="138" HEIGHT="25" WC="0.96" CONTENT="svårigheter,"/><SP WIDTH="16" VPOS="1250" HPOS="805"/>
							<String ID="string_240" HPOS="821" VPOS="1250" WIDTH="73" HEIGHT="19" WC="0.96" CONTENT="hvilka"/><SP WIDTH="15" VPOS="1250" HPOS="894"/>
							<String ID="string_241" HPOS="909" VPOS="1249" WIDTH="35" HEIGHT="20" WC="0.96" CONTENT="väl"/>
						</TextLine>
						<TextLine ID="line_32" HPOS="192" VPOS="1278" WIDTH="752" HEIGHT="24">
							<String ID="string_242" HPOS="192" VPOS="1279" WIDTH="72" HEIGHT="19" WC="0.96" CONTENT="städse"/><SP WIDTH="14" VPOS="1279" HPOS="264"/>
							<String ID="string_243" HPOS="278" VPOS="1279" WIDTH="46" HEIGHT="19" WC="0.96" CONTENT="lära"/><SP WIDTH="15" VPOS="1279" HPOS="324"/>
							<String ID="string_244" HPOS="339" VPOS="1278" WIDTH="64" HEIGHT="20" WC="0.96" CONTENT="blifva"/><SP WIDTH="11" VPOS="1278" HPOS="403"/>
							<String ID="string_245" HPOS="414" VPOS="1279" WIDTH="135" HEIGHT="23" WC="0.96" CONTENT="förknippade"/><SP WIDTH="12" VPOS="1279" HPOS="549"/>
							<String ID="string_246" HPOS="561" VPOS="1279" WIDTH="34" HEIGHT="18" WC="0.96" CONTENT="vid"/><SP WIDTH="10" VPOS="1279" HPOS="595"/>
							<String ID="string_247" HPOS="605" VPOS="1278" WIDTH="94" HEIGHT="19" WC="0.96" CONTENT="försöket"/><SP WIDTH="10" VPOS="1278" HPOS="699"/>
							<String ID="string_248" HPOS="709" VPOS="1278" WIDTH="33" HEIGHT="19" WC="0.96" CONTENT="att"/><SP WIDTH="10" VPOS="1278" HPOS="742"/>
							<String ID="string_249" HPOS="752" VPOS="1279" WIDTH="115" HEIGHT="23" WC="0.93" CONTENT="uppskatta"/><SP WIDTH="11" VPOS="1279" HPOS="867"/>
							<String ID="string_250" HPOS="878" VPOS="1278" WIDTH="66" HEIGHT="19" WC="0.92" CONTENT="netto-"/>
						</TextLine>
						<TextLine ID="line_33" HPOS="192" VPOS="1306" WIDTH="752" HEIGHT="25">
							<String ID="string_251" HPOS="192" VPOS="1307" WIDTH="124" HEIGHT="20" WC="0.96" CONTENT="inkomsten"/><SP WIDTH="21" VPOS="1307" HPOS="316"/>
							<String ID="string_252" HPOS="337" VPOS="1306" WIDTH="47" HEIGHT="20" WC="0.96" CONTENT="från"/><SP WIDTH="21" VPOS="1306" HPOS="384"/>
							<String ID="string_253" HPOS="405" VPOS="1311" WIDTH="26" HEIGHT="15" WC="0.93" CONTENT="en"/><SP WIDTH="14" VPOS="1311" HPOS="431"/>
							<String ID="string_254" HPOS="445" VPOS="1307" WIDTH="220" HEIGHT="24" WC="0.89" CONTENT="jordbruksfastighet."/><SP WIDTH="30" VPOS="1307" HPOS="665"/>
							<String ID="string_255" HPOS="695" VPOS="1307" WIDTH="74" HEIGHT="19" WC="0.90" CONTENT="Derför"/><SP WIDTH="15" VPOS="1307" HPOS="769"/>
							<String ID="string_256" HPOS="784" VPOS="1307" WIDTH="39" HEIGHT="19" WC="0.96" CONTENT="har"/><SP WIDTH="14" VPOS="1307" HPOS="823"/>
							<String ID="string_257" HPOS="837" VPOS="1311" WIDTH="52" HEIGHT="15" WC="0.96" CONTENT="man"/><SP WIDTH="16" VPOS="1311" HPOS="889"/>
							<String ID="string_258" HPOS="905" VPOS="1306" WIDTH="39" HEIGHT="19" WC="0.96" CONTENT="ock"/>
						</TextLine>
						<TextLine ID="line_34" HPOS="191" VPOS="1335" WIDTH="753" HEIGHT="25">
							<String ID="string_259" HPOS="191" VPOS="1336" WIDTH="7" HEIGHT="19" WC="0.96" CONTENT="i"/><SP WIDTH="15" VPOS="1336" HPOS="198"/>
							<String ID="string_260" HPOS="213" VPOS="1335" WIDTH="86" HEIGHT="25" WC="0.96" CONTENT="Sverige"/><SP WIDTH="21" VPOS="1335" HPOS="299"/>
							<String ID="string_261" HPOS="320" VPOS="1335" WIDTH="36" HEIGHT="20" WC="0.96" CONTENT="vid"/><SP WIDTH="15" VPOS="1335" HPOS="356"/>
							<String ID="string_262" HPOS="371" VPOS="1335" WIDTH="131" HEIGHT="24" WC="0.95" CONTENT="antagandet"/><SP WIDTH="23" VPOS="1335" HPOS="502"/>
							<String ID="string_263" HPOS="525" VPOS="1335" WIDTH="24" HEIGHT="20" WC="0.93" CONTENT="af"/><SP WIDTH="12" VPOS="1335" HPOS="549"/>
							<String ID="string_264" HPOS="561" VPOS="1335" WIDTH="214" HEIGHT="24" WC="0.91" CONTENT="bevillningsstadgar"/><SP WIDTH="16" VPOS="1335" HPOS="775"/>
							<String ID="string_265" HPOS="791" VPOS="1335" WIDTH="17" HEIGHT="24" WC="0.96" CONTENT="ej"/><SP WIDTH="17" VPOS="1335" HPOS="808"/>
							<String ID="string_266" HPOS="825" VPOS="1335" WIDTH="71" HEIGHT="20" WC="0.96" CONTENT="ansett"/><SP WIDTH="16" VPOS="1335" HPOS="896"/>
							<String ID="string_267" HPOS="912" VPOS="1335" WIDTH="32" HEIGHT="24" WC="0.96" CONTENT="sig"/>
						</TextLine>
						<TextLine ID="line_35" HPOS="192" VPOS="1364" WIDTH="752" HEIGHT="24">
							<String ID="string_268" HPOS="192" VPOS="1365" WIDTH="71" HEIGHT="20" WC="0.96" CONTENT="kunna"/><SP WIDTH="22" VPOS="1365" HPOS="263"/>
							<String ID="string_269" HPOS="285" VPOS="1365" WIDTH="89" HEIGHT="19" WC="0.96" CONTENT="komma"/><SP WIDTH="22" VPOS="1365" HPOS="374"/>
							<String ID="string_270" HPOS="396" VPOS="1364" WIDTH="31" HEIGHT="20" WC="0.96" CONTENT="till"/><SP WIDTH="22" VPOS="1364" HPOS="427"/>
							<String ID="string_271" HPOS="449" VPOS="1365" WIDTH="57" HEIGHT="19" WC="0.96" CONTENT="rätta"/><SP WIDTH="23" VPOS="1365" HPOS="506"/>
							<String ID="string_272" HPOS="529" VPOS="1364" WIDTH="49" HEIGHT="20" WC="0.96" CONTENT="med"/><SP WIDTH="18" VPOS="1364" HPOS="578"/>
							<String ID="string_273" HPOS="596" VPOS="1369" WIDTH="27" HEIGHT="15" WC="0.96" CONTENT="en"/><SP WIDTH="18" VPOS="1369" HPOS="623"/>
							<String ID="string_274" HPOS="641" VPOS="1365" WIDTH="80" HEIGHT="20" WC="0.92" CONTENT="allmän"/><SP WIDTH="13" VPOS="1365" HPOS="721"/>
							<String ID="string_275" HPOS="734" VPOS="1364" WIDTH="210" HEIGHT="24" WC="0.92" CONTENT="inkomstbevillning"/>
						</TextLine>
						<TextLine ID="line_36" HPOS="192" VPOS="1393" WIDTH="753" HEIGHT="25">
							<String ID="string_276" HPOS="192" VPOS="1394" WIDTH="52" HEIGHT="19" WC="0.91" CONTENT="utan"/><SP WIDTH="22" VPOS="1394" HPOS="244"/>
							<String ID="string_277" HPOS="266" VPOS="1394" WIDTH="92" HEIGHT="23" WC="0.89" CONTENT="nödgats"/><SP WIDTH="22" VPOS="1394" HPOS="358"/>
							<String ID="string_278" HPOS="380" VPOS="1393" WIDTH="93" HEIGHT="24" WC="0.92" CONTENT="upptaga"/><SP WIDTH="23" VPOS="1393" HPOS="473"/>
							<String ID="string_279" HPOS="496" VPOS="1398" WIDTH="26" HEIGHT="15" WC="0.95" CONTENT="en"/><SP WIDTH="17" VPOS="1398" HPOS="522"/>
							<String ID="string_280" HPOS="539" VPOS="1393" WIDTH="91" HEIGHT="20" WC="0.93" CONTENT="särskild"/><SP WIDTH="18" VPOS="1393" HPOS="630"/>
							<String ID="string_281" HPOS="648" VPOS="1393" WIDTH="228" HEIGHT="25" WC="0.92" CONTENT="fastighetsbevillning"/><SP WIDTH="18" VPOS="1393" HPOS="876"/>
							<String ID="string_282" HPOS="894" VPOS="1393" WIDTH="51" HEIGHT="20" WC="0.96" CONTENT="eller"/>
						</TextLine>
						<TextLine ID="line_37" HPOS="192" VPOS="1422" WIDTH="752" HEIGHT="25">
							<String ID="string_283" HPOS="192" VPOS="1422" WIDTH="113" HEIGHT="25" WC="0.90" CONTENT="bevillning"/><SP WIDTH="22" VPOS="1422" HPOS="305"/>
							<String ID="string_284" HPOS="327" VPOS="1422" WIDTH="53" HEIGHT="20" WC="0.93" CONTENT="efter"/><SP WIDTH="22" VPOS="1422" HPOS="380"/>
							<String ID="string_285" HPOS="402" VPOS="1422" WIDTH="137" HEIGHT="24" WC="0.92" CONTENT="fastigheters"/><SP WIDTH="22" VPOS="1422" HPOS="539"/>
							<String ID="string_286" HPOS="561" VPOS="1422" WIDTH="142" HEIGHT="25" WC="0.96" CONTENT="uppskattade"/><SP WIDTH="22" VPOS="1422" HPOS="703"/>
							<String ID="string_287" HPOS="725" VPOS="1423" WIDTH="70" HEIGHT="24" WC="0.96" CONTENT="värde,"/><SP WIDTH="17" VPOS="1423" HPOS="795"/>
							<String ID="string_288" HPOS="812" VPOS="1422" WIDTH="35" HEIGHT="20" WC="0.96" CONTENT="vid"/><SP WIDTH="15" VPOS="1422" HPOS="847"/>
							<String ID="string_289" HPOS="862" VPOS="1422" WIDTH="82" HEIGHT="19" WC="0.96" CONTENT="hvilket"/>
						</TextLine>
					</TextBlock>
				</ComposedBlock>
				<ComposedBlock ID="cblock_8" HPOS="259" VPOS="1459" WIDTH="402" HEIGHT="19">
					<TextBlock ID="block_9" HPOS="259" VPOS="1459" WIDTH="402" HEIGHT="19">
						<TextLine ID="line_38" HPOS="259" VPOS="1459" WIDTH="402" HEIGHT="19">
							<String ID="string_290" HPOS="259" VPOS="1459" WIDTH="207" HEIGHT="19" WC="0.89" CONTENT="Kommunalutskottets"/><SP WIDTH="12" VPOS="1459" HPOS="466"/>
							<String ID="string_291" HPOS="478" VPOS="1459" WIDTH="110" HEIGHT="18" WC="0.96" CONTENT="betänkande"/><SP WIDTH="11" VPOS="1459" HPOS="588"/>
							<String ID="string_292" HPOS="599" VPOS="1459" WIDTH="34" HEIGHT="19" WC="0.96" CONTENT="N:o"/><SP WIDTH="13" VPOS="1459" HPOS="633"/>
							<String ID="string_293" HPOS="646" VPOS="1460" WIDTH="15" HEIGHT="17" WC="0.96" CONTENT="1."/>
						</TextLine>
					</TextBlock>
				</ComposedBlock>
			</PrintSpace>
		</Page>
	</Layout>
</alto>
