1045 1703
317 128 29 22 U.
362 128 27 22 B.
406 141 27 3 —
449 129 74 28 Prop.
539 129 44 22 N:o
598 129 22 22 2.
781 129 26 20 21

152 199 46 21 Det
221 200 7 20 i
251 199 45 21 den
317 199 74 22 finska
414 201 78 20 texten
515 199 184 22 förekommande
723 199 117 29 uttrycket

95 234 92 28 »useina
207 234 104 29 päivinä*
327 235 41 21 har
384 234 121 22 Utskottet
521 234 76 22 funnit
612 235 54 22 böra
682 234 94 29 utbytas
792 237 48 19 mot

95 276 151 22 »useampana
260 270 118 29 päivänä.”

168 305 161 29 Stadgandena
344 306 7 21 i
367 306 55 21 sista
437 313 67 15 mom.
521 305 26 23 af
559 306 28 21 R.
603 306 27 21 B.
649 309 33 18 11:
700 308 11 18 7
723 306 117 28 angående

93 340 147 29 delgifvande
264 341 26 22 af
310 342 115 28 stämning
449 343 23 20 ät
497 359 4 9 ,
502 342 85 27 härad,
603 342 84 21 socken
703 342 54 21 eller
773 342 68 28 eljest

93 377 38 22 hel
145 377 117 28 menighet
278 377 54 22 eller
348 377 36 22 del
393 377 77 22 deraf"
483 381 45 24 äro,
540 378 72 28 enligt
622 377 131 22 Utskottets
764 378 76 25 tanke,

92 413 51 21 icke
166 412 54 22 fullt
236 413 199 29 ändamålsenliga.
467 413 42 22 Om
525 414 45 21 den
585 414 122 27 menighet,
724 413 70 21 stads-
810 413 30 21 el-

93 448 33 21 ler
142 448 181 27 landskommun,
341 456 47 15 som
405 449 57 22 skall
479 452 114 23 stämmas,
608 449 41 21 har
664 457 27 13 en
703 449 96 28 styrelse
811 449 30 20 el-

93 484 33 21 ler
141 484 186 29 representation,
344 485 70 21 borde
429 485 144 28 stämningen
584 484 111 29 delgifvas
706 484 80 26 denna,
798 485 42 20 och

93 520 38 21 vid
156 519 80 22 sådant
252 520 142 22 förhållande
410 528 54 14 vore
481 521 154 28 stämningens
652 519 117 29 offentliga
784 527 56 22 upp-

93 555 91 22 läsande
205 555 8 21 i
236 556 170 21 vederbörande
430 557 144 28 församlings
597 556 73 28 kyrka
686 556 95 21 likasom
797 556 43 21 ock

93 591 103 22 afskrifts
220 591 26 21 af
267 592 144 28 stämningen
426 592 119 22 lemnande
561 592 115 21 derstädes
693 591 104 28 onödiga.
829 591 12 21 I

93 627 69 21 andra
182 627 41 21 fall
244 629 48 20 åter
307 635 54 14 vore
377 628 199 29 bestämningarna
591 629 7 20 i
614 630 76 19 ämnet
706 628 33 21 uti
754 627 85 28 Kongl.

92 663 51 28 res.i
159 663 44 21 den
227 665 27 19 29
278 663 44 29 maj
348 665 56 19 1752
428 663 121 29 tillfyllest.
581 663 52 21 Med
657 663 106 21 afseende
785 663 56 21 härä

92 698 84 21 tilläter
192 698 36 28 sig
243 698 120 22 Utskottet
378 699 119 21 hemställa
513 702 34 18 att
557 699 171 29 ifrägavarande
740 700 101 20 moment

92 733 61 28 finge
169 741 27 13 ur
212 733 258 29 författningsförslaget
485 736 62 26 utgå.

163 769 12 21 I
190 768 59 30 följd
264 769 68 21 häraf
345 770 89 21 komme
450 770 34 21 uti
499 770 118 28 ingressen
632 770 36 20 till
684 769 155 28 författnings-

92 803 110 29 förslaget
216 804 153 29 nyssberörda
383 805 125 22 resolution
523 806 50 21 icke
589 808 34 18 att
637 808 100 18 nämnas.

162 840 13 21 I
199 842 26 19 10
246 840 14 28 $
285 843 25 18 11
335 841 52 29 kap.
411 841 27 21 R.
463 842 26 20 B.
514 844 129 18 omnämnes
667 842 80 20 endast
766 842 104 27 hemt-p,
883 851 10 17 p
918 851 28 17 11:
960 851 28 17 10-

92 875 56 29 ning
173 878 73 20 såsom
272 876 157 29 tvångsmedel
455 880 60 18 emot
539 884 28 14 en
593 876 35 22 för
653 876 63 22 brott
742 876 97 22 tilltalad
865 875 33 18 och
912 875 27 18 15:
954 875 15 17 1.

92 919 89 21 person,
206 920 48 14 som
278 912 19 28 ej
323 912 76 28 åtlydt
422 913 120 29 stämning.
574 913 36 21 Då
631 912 70 22 likväl
718 913 61 21 detta
795 920 45 14 me-

93 947 36 22 del
155 947 7 21 i
188 955 29 13 en
243 948 37 21 del
302 948 49 26 fall,
374 949 40 21 der
437 948 86 22 brottet
545 951 25 19 är
593 949 86 21 mindre
705 948 134 29 betydande,

92 985 66 27 synts
174 983 54 29 föga
243 984 112 28 lämpligt,
371 984 41 21 har
427 984 76 28 praxis
519 984 86 29 ganska
619 984 95 22 allmänt
724 984 117 21 utvecklat

93 1020 34 27 sig
152 1019 85 21 derhän
261 1021 33 19 att
318 1019 128 22 domstolen
461 1022 86 19 ansetts
563 1019 147 22 oförhindrad
726 1022 33 19 att
774 1020 7 20 i
797 1020 44 21 rin-

93 1062 53 21 gare
169 1054 109 21 brottmål
301 1054 117 29 förelägga
442 1056 126 21 svaranden
584 1057 34 19 att
632 1055 39 21 vid
687 1055 47 21 vite
749 1055 91 21 inställa

93 1090 34 29 sig
150 1089 39 22 vid
212 1092 86 20 rättens
323 1091 171 21 sammanträde.
525 1091 46 22 Det
591 1090 129 29 föreslagna
735 1090 106 29 tillägget

92 1125 37 22 till
162 1125 173 29 ifrågavarande
367 1126 110 29 paragraf
508 1126 87 29 åsyftar
624 1128 34 19 att
689 1128 23 19 åt
742 1127 98 20 nämnda

92 1161 150 29 uppfattning
275 1161 63 29 gifva
363 1162 98 28 helgden
486 1162 25 21 af
523 1163 38 27 lag
578 1169 82 21 genom
676 1165 34 18 att
725 1161 116 29 medgifva

93 1196 128 22 domstolen
243 1199 47 19 rätt
312 1199 35 19 att
369 1198 7 20 i
400 1198 84 21 sådana
508 1198 52 26 mål,
583 1198 39 20 der
638 1204 81 22 genom
736 1196 104 22 ombuds-

92 1240 52 14 man
176 1240 76 14 svaras
283 1233 52 26 kan,
367 1232 118 30 förelägga
511 1234 126 21 svaranden
667 1233 53 21 vite.
759 1233 81 21 Denna

92 1267 144 29 bestämning
270 1268 82 22 hänför
383 1269 35 28 sig
448 1269 35 21 till
515 1272 10 18 1
559 1269 13 29 $
604 1271 26 19 15
661 1269 53 28 kap
745 1268 28 22 R
805 1268 34 26 B,

93 1305 74 20 såsom
194 1304 70 28 sagda
291 1304 14 28 S
331 1304 65 28 lyder
422 1305 5 21 i
454 1304 131 29 Kejserliga
610 1304 161 29 förordningen
797 1304 44 20 den

93 1341 13 18 4
118 1346 60 14 mars
192 1341 64 23 1873,
266 1340 71 27 enligt
345 1340 89 20 hvilket
442 1340 88 27 lagrum
539 1340 44 20 den
591 1340 111 20 tilltalade
710 1343 24 17 är
750 1339 91 21 berätti-

93 1373 44 29 gad
160 1375 42 24 att,
224 1373 40 21 der
280 1373 19 29 ej
319 1375 89 20 svårare
424 1374 68 21 straff
505 1373 35 22 för
555 1374 86 21 brottet
657 1377 28 17 än
701 1374 64 21 böter
782 1373 59 20 stad-

93 1411 51 27 gats
160 1410 43 21 och
218 1409 87 22 brottet
321 1409 19 30 ej
359 1411 70 27 angär
445 1409 97 30 tjufnad,
559 1417 65 14 svara
639 1417 82 21 genom
738 1409 103 22 ombuds-

164 1458 137 23 Lagutskoltets
314 1459 116 18 betänkande
443 1459 37 18 N:o
493 1459 16 18 5.
