1042 1703
347 139 29 22 U.
394 139 26 22 B.
437 153 27 3 —
480 140 74 28 Prop.
569 140 46 23 N:o
631 141 22 22 8.
857 143 12 20 5

122 211 93 27 behörig
240 211 56 22 eller
321 211 56 28 icke,
394 213 41 20 och
458 214 32 20 att
512 213 38 22 vid
572 213 80 22 sådant
666 213 138 22 förhållande
819 213 50 22 icke

122 246 72 21 heller
218 247 119 21 exekutors
360 247 6 21 i
382 247 96 22 Finland
493 247 104 28 pröfning
613 248 25 21 af
652 248 38 21 hos
705 249 55 26 rysk
776 249 93 21 domstol

122 281 137 22 tillkommen
274 282 60 22 doms
349 283 120 21 rättskraft
483 283 68 22 borde
568 283 89 22 sträcka
673 284 35 26 sig
718 284 84 27 längre,
814 286 54 19 enär

122 316 38 22 det
175 316 99 28 förelåge
290 323 28 16 en
333 317 125 27 fullkomlig
473 318 132 22 abnormitet
622 318 53 27 deri,
692 320 33 19 att
740 319 55 26 rysk
810 318 58 22 dom-

122 352 55 21 stols
192 352 49 21 dom
257 352 7 21 i
280 352 95 22 Finland
390 352 106 23 försattes
512 353 6 21 i
535 359 27 15 en
578 355 72 20 sämre
663 354 107 26 ställning
780 356 28 19 än
819 354 49 27 den,

122 394 45 15 som
187 388 134 22 tillkommer
336 388 58 22 finsk
410 388 104 23 domstols
530 389 48 21 dom
595 389 69 27 enligt
679 390 8 21 i
702 389 167 28 Kejsaredömet

121 424 104 27 gällande
240 424 80 22 allmän
336 424 43 28 lag.

193 460 51 21 Med
266 459 105 23 afseende
394 461 13 21 å
431 460 37 22 det
491 461 91 22 anförda
605 462 40 21 har
660 461 209 23 Justitieministern

122 497 73 20 ansett
211 498 33 19 att
259 496 24 22 ät
298 496 43 22 den
356 496 92 28 lydelse,
465 503 45 15 som
526 496 78 29 gifvits
620 496 169 28 ifrågavarande
807 497 59 22 stad-

122 531 71 28 gande
209 532 32 21 uti
257 532 38 22 det
311 532 35 22 till
362 532 123 23 Ständerna
500 533 8 22 i
519 533 42 22 den
572 533 81 28 nådiga
663 533 163 27 propositionen
837 532 30 23 öf-

121 568 142 21 verlemnade
293 568 113 27 förslaget,
430 569 70 22 måste
528 569 99 22 skänkas
643 569 97 28 afgjordt
755 569 112 22 företräde

122 603 72 22 såsom
214 604 96 22 varande
331 606 101 20 närmare
453 604 102 27 afpassad
577 604 58 23 efter
655 605 42 21 den
712 605 7 21 i
736 605 131 26 Kejsaredö-

121 642 45 19 met
181 639 103 27 gällande
299 640 229 27 rättegångsordning.

192 675 44 21 Det
259 675 34 21 till
318 675 124 21 Ständerna
464 682 30 15 nu
516 675 162 23 öfverlemnade
697 676 169 27 lagförslaget
856 671 14 36 i

121 712 75 20 ämnet
214 712 25 20 är
265 710 67 22 också
352 710 35 22 för
403 710 67 28 öfrigt
486 711 93 21 alldeles
595 711 46 21 lika
655 711 95 27 lydande
765 711 50 21 med
830 711 38 21 det

122 745 123 22 Ständerna
267 746 38 22 vid
330 748 56 19 1894
410 747 36 21 års
470 747 105 27 landtdag
597 746 119 28 förelagda,
738 749 58 19 utom
812 747 56 22 att
858 741 14 37 i

122 782 110 21 särskilda
251 782 135 28 paragrafer,
402 783 8 21 i
424 782 229 23 öfverensstämmelse
663 784 50 20 med
723 783 38 22 det
771 783 24 21 af
804 782 63 23 Stän-

120 817 69 22 derna
211 819 96 26 antagna
327 817 157 29 lagförslagets
499 818 144 28 ordalydelse,
659 818 64 22 ordet
739 818 127 28 ,öfverexe-

120 853 78 22 kutor*
216 855 25 20 är
256 854 70 21 insatt
341 854 7 20 i
365 854 76 22 stället
456 854 34 22 för
508 856 145 25 ,guvernör*.

191 888 35 22 Då
240 889 117 21 Utskottet
372 890 56 26 tagit
444 889 61 22 detta
512 888 121 28 lagförslag
641 890 69 21 under
721 889 144 28 ompröfning,

120 924 40 21 har
176 924 121 28 Utskottet,
314 931 46 15 som
376 924 51 22 fullt
442 925 131 26 uppskattar
589 925 75 27 vigten
677 925 25 21 af
710 927 34 19 att
754 927 112 19 samstäm-

120 960 85 27 mighet
223 960 80 21 mellan
321 960 113 27 Regering
449 960 39 22 och
505 960 94 22 Ständer
615 960 74 22 kunde
704 960 65 22 ernås
785 960 8 21 i
807 960 58 22 före-

119 995 97 22 varande
227 994 223 29 lagstiftningsfråga,
460 995 79 23 främst
552 998 67 25 egnat
631 996 34 22 sin
673 996 194 27 uppmärksamhet

120 1031 24 22 åt
159 1031 27 21 de
202 1031 145 27 synpunkter,
359 1037 45 16 som
420 1031 25 21 af
458 1031 227 22 Justitieministern
678 1027 14 36 i
699 1032 167 27 Kejsaredömet

119 1066 8 21 i
142 1066 162 22 ofvannämnda
320 1066 118 23 skrifvelse
454 1066 139 23 framhållits.
622 1067 115 22 Utskottet
752 1067 43 21 kan
811 1067 56 22 dock

119 1102 50 21 icke
192 1102 58 21 finna
273 1104 33 19 att
329 1102 125 28 härigenom
479 1102 74 23 blifvit
575 1102 133 28 ådagalagdt
723 1105 34 19 att
772 1103 42 21 den
829 1103 37 22 be-

120 1138 122 27 gränsning
257 1138 34 21 för
306 1138 217 22 verkställbarheten
539 1139 7 20 i
557 1138 96 22 Finland
663 1138 25 22 af
695 1139 56 27 rysk
761 1138 104 22 domstols

119 1173 56 28 dom,
192 1180 45 15 som
253 1173 70 23 finnes
340 1173 8 21 i
363 1173 43 23 den
421 1173 81 28 nådiga
517 1174 168 27 propositionen,
702 1180 53 16 vore
768 1174 99 22 tillräck-

118 1208 32 28 lig
173 1210 33 20 att
228 1211 80 25 trygga
330 1209 58 21 finsk
411 1210 144 27 medborgare
579 1209 38 22 vid
635 1210 56 22 hans
715 1210 84 27 lagliga
813 1212 52 20 rätt.

118 1244 62 22 Både
202 1244 38 22 vid
264 1246 56 20 1891
340 1245 39 21 och
395 1245 37 21 vid
450 1246 56 20 1894
521 1245 38 21 års
575 1245 130 27 landtdagar
721 1244 66 22 hafva
803 1244 63 22 Stän-

119 1280 73 21 derna
211 1280 121 21 framhållit
355 1280 117 22 huruledes
496 1281 92 21 domstol
610 1281 8 21 i
633 1280 117 28 Ryssland,
766 1280 101 22 fränsedt

118 1315 61 22 vissa
199 1316 171 28 undantagsfall,
386 1316 50 22 icke
452 1322 27 16 ex
495 1316 70 22 officio
581 1316 90 27 pröfvar
687 1316 34 22 sin
736 1316 131 27 behörighet

118 1350 72 21 säsom
213 1351 122 21 händelsen
358 1353 26 19 är
402 1351 49 21 med
466 1351 58 21 finsk
540 1351 94 21 domstol
649 1351 40 21 och
704 1353 33 19 att
753 1351 28 26 pä
795 1350 72 27 grund

118 1385 66 22 deraf
197 1385 74 22 domar
287 1386 6 21 i
310 1386 50 27 mäl,
378 1392 46 15 som
439 1386 134 28 obehörigen
589 1385 93 28 afgjorts
695 1386 38 22 vid
743 1386 56 28 rysk
809 1385 57 22 dom-

116 1422 52 27 sto],
192 1422 74 21 kunde
288 1422 8 21 i
319 1422 95 22 Finland
429 1421 114 23 befordras
559 1422 36 21 till
609 1422 179 27 verkställighet,
804 1422 7 21 i
827 1421 39 22 fall

190 1470 138 23 Lagutskottets
340 1471 120 18 betänkande
472 1471 38 18 N:o
522 1471 17 18 3.
