1050 1711
320 135 29 26 U.
365 137 27 22 B.
408 149 28 3 —
451 137 74 27 Prop.
540 137 41 22 N:o
597 137 20 22 6.
704 166 5 3 .
818 139 27 20 47

90 205 76 27 intaga
189 211 26 16 en
237 205 136 28 bestämning
388 205 72 22 derom
475 207 34 21 att
523 206 41 21 den
579 206 198 27 skattdragandens
792 213 54 20 upp-

90 239 102 22 skattade
213 239 94 22 inkomst
329 240 39 21 bör
389 240 8 21 i
418 240 95 27 längden
534 240 107 27 angifvas.
671 240 112 27 Tillägget
804 241 8 20 i
831 243 12 18 2

90 279 60 15 mom.
174 273 112 28 angående
308 274 151 27 röstlängdens
479 274 101 28 giltighet
595 277 24 19 är
634 274 114 22 föranledd
764 274 25 22 af
802 274 43 22 för-

90 306 119 28 ändringen
232 307 7 21 i
261 307 59 22 tiden
342 307 35 21 för
397 308 139 27 taxeringens
555 308 161 22 verkställande
732 308 38 21 och
786 308 58 22 afser

90 342 33 20 att
138 340 130 23 förekomma
282 342 70 21 sådan
367 342 190 28 missuppfattning
573 344 33 20 att
616 342 69 28 sagda
695 342 67 28 längd
774 342 70 22 skulle

90 376 60 27 gälla
164 376 77 22 endast
255 376 68 22 under
338 376 37 22 det
389 377 26 21 år
430 377 28 21 då
474 377 122 22 densamma
611 377 129 22 tillkommit.

158 410 58 22 Sista
232 417 60 15 mom.
308 410 25 22 af
346 413 27 19 83
388 410 13 29 &
415 412 40 21 har
470 412 113 21 Utskottet
597 412 50 21 låtit
664 412 110 25 bortfalla,
792 418 54 15 eme-

91 444 42 22 dan
154 445 114 22 Utskottet
290 445 48 22 icke
360 445 69 22 finner
450 445 74 28 giltigt
546 446 47 22 skäl
613 445 115 28 föreligga,
744 445 102 23 hvarföre

90 479 105 28 kommun,
218 486 44 15 som
285 480 101 28 möjligen
407 481 73 22 kunde
501 481 84 22 komma
607 481 33 21 till
662 483 60 20 rätta
746 481 48 22 med
813 483 33 20 ett

90 514 108 27 exemplar
213 514 24 22 af
249 514 169 29 ifrågavarande
432 515 73 28 längd,
521 515 141 28 ovilkorligen
676 515 66 22 borde
756 517 88 32 tvingas

90 551 34 20 att
144 549 90 22 bekosta
256 549 34 28 sig
312 551 79 20 tvenne
413 551 108 26 exemplar
539 550 25 22 af
577 550 131 22 densamma.
724 563 27 2 —
768 545 77 33 Öfriga

90 584 48 21 med
153 584 36 26 S:n
202 584 106 28 vidtagna
322 584 118 28 ändringar
450 584 46 22 afse
507 585 76 21 endast
593 584 67 28 nödig
670 585 174 27 komplettering.

157 618 78 28 Enligt
253 620 12 20 2
281 625 61 15 mom.
358 618 25 22 af
396 620 28 20 84
439 619 12 28 &
467 622 24 18 är
508 620 93 28 ,enhvar
616 625 44 15 som
675 620 68 21 saken
758 620 82 28 angår"

89 652 125 28 berättigad
236 655 33 20 att
290 656 44 19 mot
356 654 111 22 verkstäld
485 654 100 28 taxering
600 656 54 26 göra
669 654 144 28 anmärkning
829 655 12 21 ä

89 687 219 23 kommunalstämma.
337 688 36 22 Dä
396 695 26 15 en
444 688 34 22 för
500 689 37 27 läg
559 688 159 28 uppskattning
733 688 25 22 af
771 689 27 22 de
812 689 33 22 in-

90 722 94 22 komster
206 728 26 16 en
255 722 52 22 eller
327 722 52 22 flere
400 723 160 28 skattskyldige
582 723 54 27 haft,
659 724 43 21 kan
725 724 70 22 verka
810 726 35 19 att

90 757 78 22 andras
184 757 112 28 utskylder
311 758 59 26 ökas,
385 758 73 21 kunna
473 757 91 23 anförda
579 758 90 27 ordalag
683 758 71 22 tolkas
768 759 31 27 sä,
811 760 33 20 att

90 792 75 27 hvarje
187 792 92 22 taxerad
300 798 77 21 person
399 799 51 15 vore
468 792 124 28 berättigad
607 794 40 25 att,
662 792 7 22 i
684 792 39 22 fall
738 792 25 22 af
777 792 43 28 fog,
836 793 8 21 i

90 826 212 22 kommunalstämma
323 827 85 27 päyrka
430 827 90 27 höjning
541 826 25 22 af
586 827 69 21 andra
669 827 137 22 medlemmar
821 827 25 22 af

89 861 127 22 kommunen
238 861 91 27 päförda
350 861 119 22 skattören.
498 861 35 22 En
555 861 70 22 sådan
640 861 118 28 grundsats
774 861 69 22 skulle

89 895 114 22 Utskottet
218 895 54 22 dock
290 895 47 22 icke
352 895 73 22 kunna
439 895 82 28 billiga.
551 895 34 22 En
600 895 136 28 tillämpning
751 895 25 22 af
789 896 51 22 den-

89 936 81 15 samma
191 929 72 22 kunde
282 929 108 28 nämligen
404 930 51 21 leda
469 931 87 26 derhän,
572 931 34 20 att
621 930 219 27 taxeringsnämnden

90 964 7 21 i
119 963 149 28 verkligheten
290 964 72 22 blefve
384 977 28 3 —
432 964 8 21 i
462 965 111 26 uppenbar
594 965 55 21 strid
664 966 44 20 mot
722 965 59 22 hvad
796 965 47 22 med

91 998 122 22 densamma
228 998 77 22 afsetts
321 1011 25 2 —
363 999 56 21 blott
433 1005 27 15 en
475 999 155 22 förberedande
645 999 87 27 komit6,
751 999 93 22 kommu-

90 1033 142 22 nalstämman
246 1033 95 22 deremot
355 1033 138 22 kommunens
508 1033 110 28 egentliga
633 1034 119 21 taxerande
766 1040 75 21 organ.

90 1068 51 21 Men
164 1068 71 22 dertill
256 1075 68 21 egnar
341 1068 34 27 sig
391 1069 105 21 stämman
511 1068 124 28 ingalunda.
665 1068 54 22 Dess
738 1075 106 15 samman-

90 1102 98 28 sättning
210 1105 24 19 är
256 1102 74 23 alltför
343 1103 79 27 brokig
437 1103 38 22 och
490 1103 111 27 vexlande,
617 1102 35 23 för
666 1105 33 19 att
715 1103 40 22 den
770 1103 72 22 kunde

90 1137 90 27 erbjuda
202 1137 134 28 någorlunda
358 1137 139 27 tillförlitliga
518 1137 111 28 garantier
647 1137 34 21 för
696 1139 33 19 ett
744 1138 97 27 oväldigt

91 1172 38 22 och
144 1172 133 28 sakkunnigt
292 1172 160 28 uppskattande
467 1172 26 22 af
501 1172 26 22 de
537 1171 172 28 skattskyldiges
719 1171 125 28 inkomster,

91 1207 39 21 och
145 1208 16 20 t.
177 1213 18 16 o.
210 1213 27 15 m.
252 1206 8 22 i
276 1206 27 22 de
317 1206 45 28 fall,
374 1206 28 22 dä
412 1206 94 22 flertalet
516 1206 25 22 af
549 1206 26 22 de
587 1206 184 22 tillstädeskomne
780 1206 64 22 verk-

90 1240 59 28 ligen
164 1243 38 19 äro
217 1240 123 28 angelägna
354 1247 32 15 om
402 1242 34 20 att
451 1240 64 22 träffa
529 1241 37 21 det
580 1240 88 28 riktiga,
685 1246 51 16 vore
750 1240 94 22 kommu-

90 1276 141 21 nalstämman
246 1277 70 20 utsatt
330 1274 34 23 för
378 1275 63 21 faran
456 1277 39 25 att,
504 1275 37 22 vid
555 1274 102 29 pröfning
671 1274 25 22 af
705 1275 139 21 anmärknin-

91 1316 41 21 gar
146 1316 33 16 om
194 1309 34 23 för
242 1310 38 28 läg
294 1310 147 27 beskattning,
451 1309 112 23 föranleda
573 1316 26 15 en
610 1309 107 28 ojemnhet
728 1310 8 21 i
746 1310 97 21 beskatt-

91 1344 87 27 ningen,
193 1344 88 21 hvilken
296 1344 164 26 otvifvelaktigt
474 1344 68 20 skulle
557 1343 90 21 framstä
660 1344 70 20 säsom
741 1350 27 14 en
778 1346 66 18 orätt-

91 1378 56 27 visa;
163 1380 25 25 ty
202 1380 106 20 stämman
323 1378 69 21 skulle
406 1378 49 21 icke
463 1378 70 21 säsom
543 1377 218 27 taxeringsnämnden
770 1378 74 20 kunna

91 1412 123 29 sorgfälligt
236 1412 77 28 pröfva
334 1412 40 22 och
395 1412 49 21 med
459 1412 122 22 hvarandra
593 1410 92 29 jemföra
699 1411 103 28 samtliga
817 1411 27 22 de

160 1452 206 19 Kommunalutskotteis
378 1452 111 19 betänkande
499 1452 35 19 N:o
546 1453 15 17 1.

858 619 27 23 84
901 619 23 31 8.
