1039 1706
184 148 12 20 6
374 147 84 23 Ständ.
474 147 38 22 Sv.
528 159 28 3 —
570 147 74 28 Prop.
662 147 42 23 N:o
720 147 22 22 5.

251 208 83 22 Genom
354 208 41 22 den
414 208 76 28 nådiga
510 209 156 28 propositionen
686 208 66 22 hafva
769 208 124 27 Ständerna,
907 209 28 28 på

183 244 42 20 sätt
242 242 65 22 ofvan
324 242 91 29 antydts,
429 242 73 22 blifvit
519 245 55 19 satta
588 243 8 20 i
610 242 84 21 tillfälle
709 245 33 19 att
755 242 67 22 uttala
836 243 33 28 sig
882 243 52 28 jäm-

182 276 35 22 väl
237 276 107 29 angående
363 276 26 22 de
408 276 136 28 stadganden,
559 276 73 22 hvilka
649 278 35 20 äro
702 276 90 22 afsedda
806 279 32 19 att
852 277 31 21 uti
898 277 36 21 ad-

182 311 128 21 ministrativ
324 313 41 26 väg
379 311 8 21 i
402 313 70 19 ämnet
486 310 101 22 utfärdas.

250 345 67 22 Hvad
336 345 55 21 först
409 345 103 21 beträffar
527 345 238 29 författningsförslaget
780 345 107 28 angående
901 348 33 18 ut-

183 379 91 22 öfvande
289 380 22 20 af
326 379 260 29 auktionsförrättareyrke
600 380 8 20 i
618 379 53 27 stad,
681 379 23 21 få
714 379 118 22 Ständerna
841 380 8 20 i
859 379 75 22 under-

182 414 101 28 dånighet
297 414 83 21 anmäla
393 414 99 27 följande.

250 447 90 22 Jämlikt
361 449 11 20 1
392 449 12 26 8
424 449 12 20 2
454 455 62 14 mom.
530 448 8 21 i
555 447 102 28 förslaget
671 447 60 27 skall,
746 447 70 22 därest
828 447 106 22 auktions-

181 482 165 28 förrättareyrke
362 481 61 22 idkas
438 482 22 21 af
475 481 125 29 aktiebolag,
612 481 66 29 sagda
691 481 73 29 bolags
776 482 88 28 styrelse
874 481 61 23 bestå

181 516 132 21 uteslutande
334 516 23 21 af
376 516 68 21 finske
465 516 143 28 medborgare.
637 515 104 22 Gällande
760 517 35 28 lag
814 524 34 13 om
867 517 67 21 aktie-

181 551 62 28 bolag
261 550 137 22 föreskrifver
416 551 122 26 emellertid,
553 553 32 18 att
602 550 74 21 endast
690 550 94 21 flertalet
797 551 137 21 medlemmar

181 586 8 20 i
210 585 102 28 styrelsen
326 585 35 20 för
375 585 69 28 dylikt
458 585 62 28 bolag
534 585 39 21 bör
587 592 51 14 vara
652 584 70 22 finske
736 585 144 28 medborgare,
894 585 40 22 och

181 619 66 22 hafva
265 619 157 29 Ridderskapet
439 619 39 21 och
497 619 77 27 Adeln,
588 619 178 28 Borgareståndet
781 623 54 18 samt
849 620 85 21 Bonde-

181 653 85 22 ståndet
279 653 35 22 för
329 654 32 21 sin
375 653 34 22 del
424 653 48 22 icke
482 653 70 22 funnit
561 653 46 22 skäl
616 653 132 22 förekomma
758 657 32 18 att
799 654 134 22 beträffande

181 688 124 23 förberörda
318 688 53 29 yrke
385 688 73 22 afvika
472 688 48 21 från
533 688 139 21 nästnämnda
687 688 122 29 stadgande.

249 723 145 21 Föreskriften
408 723 8 21 i
431 723 111 28 förslagets
557 724 12 20 3
586 723 12 28 &
613 723 72 21 därom
698 725 32 19 att
740 723 76 23 allmän
827 723 106 22 auktions-

181 757 118 27 förrättare,
313 758 63 20 innan
392 757 43 21 han
450 757 96 28 vidtager
561 757 49 21 med
624 757 72 28 yrkets
710 757 122 27 utöfvande,
847 757 39 22 bör
901 759 32 20 af-

181 791 61 28 lägga
257 791 33 27 ed,
304 791 60 21 torde
379 791 65 28 enligt
456 791 128 22 Ständernas
593 791 9 21 i
611 791 69 21 denna
690 791 34 22 del
735 791 104 29 enhälliga
849 793 84 28 mening

180 825 71 22 kunna
265 833 25 13 ur
304 825 102 28 förslaget
419 825 121 27 utelemnas,
551 825 133 22 alldenstund
694 825 161 29 ifrågavarande
866 827 67 28 syssla

180 859 35 22 väl
229 859 48 22 icke
292 859 42 21 kan
349 867 60 14 anses
423 867 51 14 vara
488 859 23 22 af
525 860 42 21 den
581 859 185 29 maktpåliggande
778 860 156 28 beskaffenhet,

180 897 33 18 att
227 894 122 21 densamma
363 893 67 22 skulle
441 894 85 29 påkalla
536 894 90 21 särskild
638 894 87 29 edgång,
734 894 56 22 helst
799 903 49 13 man
857 903 76 20 genom

180 931 32 18 att
225 928 108 21 utsträcka
349 928 123 28 edstvånget
486 929 33 20 till
534 929 64 21 altför
610 928 132 22 vidsträckta
751 929 99 21 områden
860 930 72 22 äfven-

179 965 58 25 tyrar
251 965 32 19 att
297 962 98 28 försvaga
409 962 151 22 medvetandet
574 970 34 14 om
623 962 63 22 edens
702 963 46 28 vigt
762 963 39 21 och
816 964 71 21 värde.

248 996 36 22 Då
304 996 27 22 de
352 996 183 29 omständigheter,
552 997 29 29 pä
599 997 77 31 grund
686 997 22 21 af
722 997 74 22 hvilka
810 998 66 28 enligt
892 1000 12 20 6
920 1000 12 26 $

180 1039 68 13 annan
265 1038 76 22 person
355 1030 41 22 kan
410 1034 57 18 utses
482 1034 32 18 att
528 1031 28 29 pä
570 1031 78 21 allmän
662 1031 219 23 auktionsförrättares
897 1041 36 13 an-

181 1072 48 14 svar
248 1065 115 21 verkställa
382 1065 129 28 försäljning,
529 1067 35 19 äro
585 1065 23 21 af
627 1065 41 21 den
685 1065 150 22 beskaffenhet
849 1070 33 18 att
896 1067 36 21 de-

180 1106 80 14 samma
279 1099 121 27 godkännas
422 1099 68 21 säsom
510 1100 48 27 laga
577 1099 73 21 förfall
670 1102 55 18 samt
745 1100 41 21 den
804 1101 129 28 myndighet,

180 1140 45 14 som
239 1136 57 18 utser
311 1132 65 28 sagda
388 1140 83 21 person,
485 1133 39 21 bör
538 1133 56 21 tillse
608 1136 33 18 att
655 1133 69 21 denna
734 1134 88 21 innehar
833 1134 27 22 de
870 1142 62 21 egen-

180 1167 82 28 skaper,
283 1166 74 22 hvilka
382 1166 238 29 författningsförslaget
646 1167 124 21 förutsätter
795 1168 38 21 hos
855 1169 77 21 allmän

180 1200 215 28 auktionsförrättare,
404 1201 39 21 har
453 1201 37 21 det
500 1204 58 26 synts
568 1201 118 22 Ständerna
695 1202 122 28 principielt
826 1202 107 29 riktigare,

180 1238 32 18 att
232 1235 149 27 försäljningen
400 1236 32 20 uti
449 1243 28 13 nu
494 1235 160 27 ifrågavarande
672 1236 39 20 fall
728 1236 49 20 sker
790 1236 29 28 pä
833 1237 42 21 den
889 1238 44 20 till-

179 1268 134 26 förordnade,
332 1268 40 21 och
393 1268 48 21 icke
462 1268 28 28 pä
512 1268 41 22 den
574 1268 104 22 ordinarie
698 1269 234 23 auktionsförrättarens

180 1310 81 14 ansvar.

248 1337 188 28 Bestämningarna
456 1337 8 21 i
484 1336 110 30 förslagets
616 1338 12 20 8
648 1338 11 27 $
675 1346 61 20 synas
752 1338 118 22 Ständerna
884 1339 48 22 icke

180 1379 51 14 vara
244 1379 41 21 nog
299 1371 79 29 tydligt
390 1371 110 27 affattade,
509 1375 50 18 utan
570 1372 94 22 erfordra
675 1373 153 29 omredigering
838 1374 8 20 i
856 1374 76 22 sådant

180 1406 56 29 syfte
255 1409 32 19 att
304 1406 23 21 af
341 1406 48 21 dem
404 1406 119 29 otvetydigt
536 1406 94 29 framgår
644 1407 18 28 ej
678 1407 81 22 mindre
774 1411 32 18 att
820 1408 42 22 den
876 1411 56 25 taxa,

181 1440 64 29 enligt
267 1440 86 23 hvilken
375 1440 207 22 auktionsförrättare
604 1441 103 22 beräknar
729 1443 37 21 sitt
785 1443 84 27 arvode,
883 1443 48 23 icke
