1039 1703
104 212 15 29 8
136 212 33 22 19.

106 875 15 30 8
137 875 34 23 38.

184 141 32 36 48
416 144 28 23 U.
459 145 29 21 B.
504 157 26 3 —
546 145 74 28 Prop.
635 146 42 22 N:o
692 145 22 22 6.

259 215 31 19 En
312 216 136 23 obligatorisk
470 216 222 20 kommunalstämma
714 216 6 19 i
736 216 111 20 december
862 215 80 21 mänad

190 244 32 20 för
237 244 117 23 budgetens
369 244 163 20 bestämmande
547 244 43 20 kan
603 244 37 24 jag
655 244 18 24 ej
688 244 91 20 förorda.
809 244 77 24 Mänga
896 249 46 19 ope-

189 273 100 23 rationer,
312 277 48 15 som
378 272 88 20 inverka
481 272 27 24 pä
522 273 144 19 kommunens
680 272 193 24 kassabehällning,
890 272 52 20 höra

189 301 6 19 i
211 306 26 14 en
253 300 35 20 väl
303 301 79 19 ordnad
397 300 130 25 förvaltning
540 301 45 24 just
599 301 31 19 till
646 300 57 20 ärets
719 301 53 20 sista
788 302 40 22 dag
844 300 50 20 eller
909 301 34 19 da-

189 334 47 19 gar;
259 334 50 14 men
327 329 63 19 äfven
405 334 36 15 om
456 330 70 19 denna
541 328 120 25 behällning
676 329 71 24 nägon
762 330 31 19 tid
808 329 134 20 derförinnan

189 357 70 20 kunde
273 356 96 24 skäligen
383 362 56 19 noga
455 357 111 24 beräknas,
590 360 23 17 är
628 358 36 19 det
679 357 47 20 icke
741 358 132 23 densamma,
889 357 53 20 utan

189 386 36 20 det
247 385 95 24 verkliga
363 385 107 20 bokslutet
489 387 39 19 och
548 385 136 26 ärsbilansen,
700 391 48 14 som
763 385 179 24 vidhandengifva

189 414 169 23 förvaltningens
380 413 96 26 resultat,
500 415 40 20 och
562 415 63 19 dessa
647 415 89 19 komma
752 415 76 20 endast
842 415 7 19 i
864 415 78 19 undan-

189 443 87 24 tagsfall
291 443 34 20 att
340 448 38 14 ens
392 443 50 20 med
457 443 131 25 ungefärliga
603 443 69 20 siffror
682 443 27 20 dä
719 443 110 24 föreligga.
852 443 30 19 Af
894 443 50 20 vida

190 472 68 19 större
279 472 46 23 vigt
347 471 36 20 vid
403 471 154 24 ärsbudgetens
572 473 136 23 uppgörande
724 474 36 18 äro
776 473 26 19 de
816 471 127 24 föregäende

190 499 62 21 ärens
274 500 95 19 faktiska
390 500 102 20 inkomst-
515 501 39 20 och
576 500 152 25 utgiftssiffror,
751 501 7 18 i
780 501 96 23 förening
894 501 50 19 med

189 528 58 20 ärets
269 528 110 20 allmänna
400 529 167 20 skörderesultat
588 529 40 19 och
643 529 120 23 utsigterna
784 529 32 19 för
831 529 41 19 den
886 529 58 19 stun-

190 556 68 20 dande
274 557 95 19 vinterns
383 556 70 21 lokala
470 558 138 20 ekonomiska
626 557 154 25 förhällanden;
804 558 40 19 och
859 556 28 21 dä
902 556 42 21 alla

191 585 62 20 dessa
275 586 95 19 faktorer
390 586 66 20 redan
478 585 59 25 längt
559 586 89 24 tidigare
671 586 6 19 i
692 586 78 24 nödiga
786 586 57 20 delar
858 588 38 18 äro
911 585 33 20 för

190 614 91 24 handen,
297 614 58 20 samt
370 614 63 24 ingen
448 615 119 20 nämnvärd
582 615 114 23 olägenhet
710 614 104 25 försports
824 615 24 19 af
856 615 41 20 den
908 619 36 15 nu-

190 643 94 19 varande
299 642 126 25 tidpunkten
440 644 31 19 för
487 644 117 24 budgetens
620 644 169 24 bestämmande,
808 642 32 21 fär
854 644 42 24 jag,
912 642 32 20 sä-

191 671 48 19 vida
258 676 53 15 man
325 671 47 20 icke
386 670 68 25 vägar
468 672 23 19 ät
506 672 157 20 kommunerna
678 672 76 24 sjelfva
770 672 132 19 öfverlemna
918 677 26 14 en

190 699 45 20 viss
257 699 64 20 frihet
343 700 134 25 härutinnan,
501 700 119 21 framställa
643 701 33 19 att
698 701 54 20 sista
772 700 61 20 delen
853 701 23 19 af
890 700 54 23 19
926 695 22 35 S

191 727 68 21 mätte
276 729 76 19 ändras
367 727 98 22 sälunda:

394 785 81 24 jemväl
489 786 195 25 profningsnämnd,
697 785 112 20 äfvensom
823 783 79 27 (utesl.)
913 785 31 19 för

328 814 162 21 bestämmande
506 814 24 21 af
542 820 18 15 o.
577 819 17 15 s.
610 819 20 15 v.

260 879 12 22 S
294 879 33 25 38,
350 879 122 20 motsvarar
490 879 11 22 $
520 879 26 19 87
562 879 6 19 i
584 883 28 15 nu
628 877 98 25 gällande
741 877 204 20 kommunalförord-

192 909 56 24 ning,
271 913 51 14 men
343 907 117 20 innehäller
481 908 47 19 icke
550 907 48 20 dess
621 907 107 20 föreskrift
752 912 35 14 om
808 905 87 25 spräket
913 906 33 20 för

192 936 163 25 ifrågavarande
369 936 143 25 kungörelser,
529 935 25 20 sä
568 935 99 25 lydande:
688 935 53 25 ,och
760 935 36 20 bör
812 934 40 20 slik
867 935 78 24 kungö-

192 965 55 20 relse
269 965 96 19 utfärdas
381 965 11 19 ä
408 965 36 18 det
458 964 64 25 språk
537 964 91 20 flertalet
643 965 24 19 af
682 964 143 19 kommunens
844 963 101 20 medlem-

193 999 47 14 mar
255 994 114 24 begagnar,
384 993 58 19 samt
456 993 6 19 i
478 994 25 18 de
518 993 133 23 kommuner,
668 993 36 19 der
719 992 62 20 säväl
791 992 94 19 svenska
896 997 49 15 som

193 1022 69 19 finska
285 1021 91 24 språken
397 1021 62 25 talas,
482 1020 13 21 å
518 1022 66 23 begge
603 1021 64 19 dessa
682 1018 84 26 språk”.
796 1019 34 21 Mä
844 1025 53 14 vara
913 1021 32 18 att

193 1050 60 19 detta
268 1049 117 24 stadgande
400 1050 6 19 i
422 1049 34 20 sin
471 1049 113 24 affattning
598 1049 47 20 icke
660 1049 122 20 motsvarar
792 1049 40 19 den
843 1048 102 20 moderna

193 1078 177 25 spräkpolitikens
385 1078 52 24 högt
451 1078 111 25 uppdrifna
576 1077 74 20 teknik
665 1078 39 19 och
720 1077 33 20 att
768 1077 122 20 detsamma
900 1079 46 17 när-

193 1107 58 20 mast
265 1107 75 19 hänför
355 1107 32 23 sig
402 1107 76 19 endast
492 1106 32 20 till
539 1107 40 19 den
594 1106 78 19 nästan
688 1105 114 25 opröfvade
812 1105 134 20 kommuna!-

193 1135 285 23 fullmäktig-institutionen:
495 1135 35 20 det
543 1135 87 19 innebär
640 1135 52 19 dock
703 1134 7 19 i
720 1134 34 19 sin
764 1133 110 20 konstlösa
884 1133 61 23 form,

191 1163 68 24 jemte
273 1164 33 19 ett
321 1163 135 20 erkännande
472 1163 24 20 af
507 1163 103 20 flertalets
620 1163 111 24 praktiska
741 1162 97 24 intresse,
850 1161 32 20 ett
891 1162 54 19 kraf-

193 1192 42 23 tigt
256 1192 105 19 häfdande
377 1192 21 19 af
413 1191 149 20 mindretalets
576 1191 116 25 principielt
706 1191 44 19 lika
764 1191 56 23 goda
834 1190 44 20 rätt
893 1190 7 19 i
916 1190 30 20 af-

193 1221 78 19 seende
286 1220 14 20 &
315 1221 150 19 användandet
480 1220 24 20 af
516 1220 84 20 landets
615 1219 54 20 bäda
685 1219 69 25 spräk,
771 1219 39 20 och
820 1219 88 24 medger
919 1223 27 15 ex

194 1249 98 23 analogia
315 1249 101 19 obestridt
439 1253 26 15 en
487 1249 118 19 vidsträckt
623 1248 134 24 tillämpning
772 1247 27 24 pä
814 1247 132 20 kommunal-

194 1277 115 19 väsendets
323 1276 81 24 vigtiga
419 1275 93 21 omräde.
535 1276 31 20 Dä
581 1275 71 20 härtill
667 1276 104 24 kommer,
788 1276 32 19 att
832 1275 60 20 detta
904 1275 42 23 lag-

195 1305 117 24 stadgande
328 1307 24 18 är
366 1305 35 19 det
416 1305 54 20 enda
485 1305 59 20 inom
556 1304 255 25 spräkförfattningarnas
823 1303 123 20 invecklade

194 1333 63 26 gebit,
281 1339 47 14 som
350 1333 124 21 tillkommit
489 1334 49 19 med
553 1333 129 21 Ständernas
698 1333 58 20 bifall
772 1333 39 20 och
826 1332 120 25 samtycke,

194 1362 40 20 och
249 1362 69 20 ovisst
333 1365 24 17 är
372 1364 38 18 när
426 1367 26 15 en
468 1362 123 24 fullständig
605 1362 133 24 lagstiftning
753 1367 37 15 om
800 1361 84 20 landets
892 1360 54 21 bäda

194 1390 64 26 språk
281 1392 55 20 skall
358 1392 48 19 med
430 1391 130 21 Ständernas
579 1391 132 20 medverkan
726 1391 89 20 komma
829 1390 32 20 till
876 1389 70 25 stånd,

194 1420 67 24 vägar
274 1420 42 25 jag,
332 1420 7 20 i
353 1420 67 20 likhet
435 1420 49 20 med
499 1420 56 20 hvad
570 1420 66 20 redan
649 1420 68 24 tredje
730 1420 109 20 allmänna
850 1419 96 21 kommu-

263 1458 206 18 Kommunalutskottets
481 1458 111 18 betänkande
602 1458 34 18 N:o
649 1458 15 17 1.
