1034 1711
205 132 26 18 14
431 128 24 22 U.
470 128 24 22 B.
512 140 24 4 —
552 128 65 28 Prop.
631 127 39 22 N:o
685 127 19 22 6.

407 196 29 18 att
452 194 57 24 äfven
525 194 144 24 Ridderskapet
684 194 34 19 och
733 193 64 19 Adeln
812 195 52 18 samt
873 193 78 20 Bonde-

340 228 74 20 ständet
436 228 48 20 ville
505 228 69 24 förena
595 228 31 24 sig
644 233 30 14 om
690 227 104 20 Utskottets
809 228 120 19 betänkande
944 228 8 19 i

341 263 62 19 denna
418 262 38 20 del.

500 334 26 19 81
542 334 13 25 $
572 334 11 19 1
600 339 57 14 mom.

271 377 10 22 I
296 377 92 28 enlighet
398 378 49 21 med
456 377 188 28 Borgareständets
654 377 68 22 beslut
732 377 32 22 får
775 377 110 22 Utskottet
893 378 60 21 vörd-

203 413 55 20 samt
272 411 76 22 föreslä
362 412 152 28 Ridderskapet
529 412 41 21 och
584 412 69 21 Adeln
664 413 55 20 samt
729 411 81 22 Preste-
821 412 40 21 och
870 412 83 21 Bonde-

203 445 89 22 ständen

408 500 28 18 att
454 499 31 19 det
502 498 14 21 &
535 499 60 24 tredje
615 499 60 19 raden
695 499 25 24 af
734 499 33 20 1:a
784 505 58 14 mom.
857 499 96 24 förekom-

340 533 69 19 mande
434 533 54 20 ordet
514 532 99 26 åtnjuta"
641 533 49 25 finge
718 533 74 20 ändras
819 533 32 20 till
881 533 73 25 hafva

339 566 101 25 dtnjutit*.

551 658 28 20 82
593 658 20 24 $.

270 704 144 24 Ridderskapet
429 704 34 19 och
478 704 64 20 Adeln
557 704 37 20 har
609 703 161 21 äterremitterat
785 704 35 28 8:n
834 704 7 20 i
857 703 54 28 syfte
922 705 32 19 att

202 736 246 28 kommunaltaxeringen
469 739 27 25 pä
517 737 71 21 landet
603 736 68 21 blefve
686 738 79 20 ordnad
781 737 65 28 enligt
860 737 93 28 följande

203 771 100 28 grunder:

271 806 20 27 a)
307 804 231 28 yJordbruksfastighet
553 805 51 21 skall
619 805 49 20 med
682 805 86 28 ledning
779 806 22 21 af
810 806 143 28 köpeafhand-

202 840 72 28 lingar,
292 839 153 28 jordlegoaftal,
465 839 111 27 värdering
590 839 33 21 för
639 839 117 21 erhällande
772 840 22 20 af
807 840 34 21 län
856 840 47 21 frän
918 841 35 20 all-

202 875 77 21 männä
300 872 247 30 penningeinrättningar
570 874 48 20 eller
640 874 64 20 andra
721 874 130 28 tillgängliga
870 875 83 28 upplys-

201 908 75 28 ningar
290 908 123 28 uppskattas
428 907 31 21 till
474 908 38 21 sitt
527 908 146 28 kapitalvärde.

270 942 77 22 Denna
370 942 153 28 uppskattning
547 943 70 27 gäller,
640 942 66 28 enligt
728 943 225 23 kommunalstämmas

201 977 74 27 beslut,
291 977 33 21 för
339 977 40 21 viss
394 977 31 21 tid
439 976 83 28 framät,
539 977 54 21 dock
607 977 46 21 icke
668 977 82 21 utöfver
764 977 94 28 följande
869 978 44 21 fem
924 980 29 19 är.

269 1004 18 28 Å
301 1012 64 27 sagda
379 1011 146 27 kapitalvärde,
541 1011 90 21 derifrän
643 1011 72 28 afdrag
724 1011 33 21 för
767 1012 115 21 intecknad
892 1012 62 22 skuld

202 1046 17 27 ej
240 1047 35 20 mä
294 1047 67 26 göras,
381 1046 101 21 beräknas
496 1046 46 27 fyra
557 1047 88 26 procent
660 1047 69 20 säsom
744 1046 94 21 skattbar
853 1046 100 27 inkomst,

201 1080 33 21 för
255 1079 85 22 hvilken
361 1079 139 28 fastighetens
523 1087 60 20 egare
603 1080 48 20 eller
668 1080 48 24 den,
731 1087 46 14 som
797 1080 49 21 med
864 1080 89 28 stadgad

201 1114 83 21 åborätt
306 1114 49 20 eller
374 1114 66 27 enligt
457 1114 138 21 arrendeaftal
614 1114 47 21 med
683 1114 81 21 kronan
778 1114 89 21 innehar
882 1115 71 27 lägen-

201 1148 70 27 heten,
287 1147 52 22 skall
354 1149 88 20 taxeras.

269 1181 49 22 Den
332 1181 94 22 inkomst
437 1189 60 21 egare
508 1182 49 21 eller
565 1182 134 21 innehafvare
710 1182 22 21 af
738 1182 216 28 jordbruksfastighet

200 1216 46 21 haft
261 1216 22 21 af
297 1216 84 27 kapital,
398 1217 70 20 arbete
482 1216 49 21 med
547 1223 62 20 mera,
625 1217 124 26 uppskattas
764 1217 66 27 enligt
846 1217 24 21 de
886 1217 7 20 i
908 1224 45 14 mo-

200 1252 60 18 ment
274 1251 14 19 b
303 1250 85 27 angifna
403 1251 97 26 grunder.

269 1284 22 26 b)
305 1283 98 21 Inkomst
418 1283 22 20 af
454 1285 64 19 annat
533 1283 45 27 slag
591 1284 28 20 än
633 1283 63 21 ofvan
706 1283 92 22 nämnda
806 1284 61 20 ränta
874 1279 9 36 ä
896 1284 57 27 jord-

200 1316 175 29 bruksfastighets
390 1317 141 28 kapitalvärde
547 1319 80 20 taxeras
642 1318 26 27 pä
683 1317 92 28 följande
790 1318 53 21 sätt:

268 1351 154 28 Afkastningen
442 1351 23 21 af
483 1359 26 14 en
523 1359 87 21 persons
625 1351 83 28 kapital,
724 1352 72 27 tjenst,
811 1352 77 21 rörelse
904 1352 50 21 eller

201 1386 201 22 arbetsverksamhet
417 1387 55 20 samt
486 1386 113 28 tillökning
613 1386 7 20 i
632 1386 148 28 förmögenhet
791 1386 49 21 eller
851 1386 102 27 inkomst,

201 1427 45 14 som
261 1421 80 20 honom
356 1420 66 21 under
436 1422 44 19 året
494 1420 87 21 tillfallit
595 1427 77 21 genom
688 1420 66 28 gäfva,
769 1421 36 27 arf,
816 1422 137 26 testamente,

269 1460 157 19 Kommunalutsk.
439 1460 174 23 sammanj.-förslag
625 1460 7 17 i
644 1461 36 17 anl.
693 1461 23 22 af
726 1461 95 18 Utskottets
834 1461 31 18 bet.
879 1460 34 19 N:o
926 1462 15 17 1.
