1039 1714
201 131 27 22 66
429 130 28 22 U.
472 130 28 22 B.
517 142 25 3 —
559 129 71 28 Prop.
646 130 41 22 N:o
701 130 23 21 6.

406 198 78 21 Ehvad
498 198 137 27 omröstning
649 197 50 22 sker
714 199 53 26 efter
777 197 114 22 skattöres-
902 197 52 22 eller

339 226 223 27 mantalsberäkning,
584 225 39 22 må
644 226 53 21 dock
718 225 21 28 ej
760 225 73 28 någon
849 227 38 26 för
901 231 54 22 egen

338 255 33 20 del
386 255 50 21 eller
452 254 14 22 å
481 261 89 15 annans
584 256 88 25 vägnar
687 256 61 19 rösta
761 255 38 26 för
813 260 47 16 mer
872 256 31 20 än
915 254 39 21 till-

339 289 117 15 sammans
477 290 26 15 en
525 282 136 29 tjugondedel
683 283 28 25 af
729 283 25 21 de
767 283 9 21 i
791 284 163 26 omröstningen

339 312 140 27 deltagandes
494 312 173 27 sammanlagda
682 312 127 27 röstbelopp.

546 408 30 23 82
593 409 20 28 5.

271 469 112 20 Utskottet
398 469 39 20 har
452 469 101 24 enhälligt
568 469 31 20 uti
615 469 26 19 78
657 469 39 20 och
707 469 25 19 81
745 469 24 22 $$
781 468 72 21 såsom
864 468 90 21 föremål

203 497 31 20 för
256 497 126 20 kommunal
405 498 137 25 beskattning
564 497 108 24 föreslagit
693 498 41 19 den
749 498 100 24 inkomst,
866 497 39 20 den
921 497 35 20 be-

203 526 100 21 skattade
318 531 55 19 eger,
389 531 51 15 men
451 527 131 20 beträffande
594 527 41 23 det,
648 531 47 15 som
707 526 36 19 bör
754 531 63 15 anses
829 531 46 15 som
887 526 67 20 skatt-

204 555 36 20 bar
262 555 96 20 inkomst
379 555 65 20 hafva
466 555 123 20 Utskottets
604 555 141 19 medlemmar
760 555 55 20 varit
831 555 23 20 af
865 555 90 24 mycket

203 583 56 20 olika
274 584 116 23 meningar.
421 583 31 20 Då
465 583 37 24 jag
517 585 46 19 icke
579 584 83 19 kunnat
679 583 92 20 omfatta
785 584 148 24 majoritetens
947 584 7 19 i

202 612 112 20 Utskottet
329 612 61 24 åsigt,
406 612 95 20 anhäller
514 613 36 24 jag
566 612 33 20 att
609 612 22 20 få
642 612 120 20 framställa
772 613 44 19 min
827 612 47 21 från
885 612 70 21 denna

203 641 114 21 afvikande
339 641 92 24 mening.
448 651 26 3 —
490 642 37 19 Uti
549 641 69 20 denna
633 641 40 20 sak
688 643 23 18 är
725 641 36 24 jag
776 642 24 19 af
812 647 85 15 samma
912 647 43 14 me-

203 671 56 24 ning,
282 675 47 15 som
352 670 135 23 majoriteten
510 671 6 19 i
531 669 228 22 kommunalkomitén.
789 671 112 20 Komiténs
916 670 40 20 för-

203 699 46 24 slag
272 699 81 20 afviker
376 698 46 21 från
442 699 40 20 den
502 699 77 25 nådiga
594 699 167 24 propositionens
777 700 38 19 och
832 699 123 20 Utskottets

202 727 79 24 förslag
297 727 74 25 deruti,
387 727 33 20 att
435 727 65 24 enligt
515 728 35 20 det
565 728 147 19 förstnämnda
726 727 47 20 från
789 729 39 19 den
843 727 112 21 skattbara

204 757 120 20 inkomsten
340 755 33 20 får
387 756 99 24 afdragas
500 756 80 24 jemväl
595 757 62 19 ränta
673 755 13 20 å
700 756 115 21 intecknad
825 756 61 20 skuld
897 757 58 20 samt

203 785 93 25 sytning,
311 785 81 19 hvilket
407 785 96 20 deremot
518 785 65 24 enligt
598 785 25 19 de
638 785 134 20 sistnämnda
787 785 106 24 förslagen
908 785 47 20 icke

203 817 23 17 är
241 813 123 25 medgifvet.

272 841 226 22 Kommunalkomitén
513 843 40 19 har
569 841 13 21 å
597 842 84 20 sidorna
697 842 84 19 25—28
792 842 116 21 motiverat
917 843 38 19 sitt

203 871 85 24 förslag,
310 871 39 20 och
372 871 60 19 torde
453 871 36 23 jag
512 871 46 20 icke
580 870 92 20 behöfva
693 875 93 20 upprepa
801 871 63 20 dessa
879 871 75 24 motiv,

204 903 50 17 enär
272 899 89 20 berörda
380 899 134 20 betänkande
532 899 93 20 utdelats
641 899 30 20 till
687 899 104 20 Ståndens
807 899 148 20 medlemmar.

202 929 41 24 Jag
258 929 78 19 önskar
351 927 53 20 blott
419 927 121 20 derutöfver
556 927 73 21 anföra
644 927 67 24 några
726 928 189 25 omständigheter.

271 957 32 20 Då
315 956 113 21 Utskottet
438 956 88 21 föreslår
536 957 141 20 beskattande
688 957 24 19 af
720 957 96 19 inkomst
825 956 48 21 från
883 957 72 24 fastig-

202 987 44 23 het,
262 985 84 20 oafsedt
359 991 35 14 om
410 985 70 20 denna
495 988 24 17 är
533 985 108 24 betungad
655 985 50 20 med
720 985 61 20 skuld
797 985 49 20 eller
861 986 94 24 sytning,

204 1015 81 20 afviker
301 1015 122 19 detsamma
438 1013 46 20 från
500 1015 40 19 den
555 1013 239 25 inkomstbeskattning,
811 1019 47 15 som
873 1014 36 20 det
925 1014 30 20 uti

204 1043 26 20 78
246 1043 40 20 och
301 1043 25 19 81
343 1042 24 22 $$
382 1041 110 25 föreslagit
506 1041 73 22 såsom
594 1042 92 20 indirekt
701 1042 136 25 beskattning
853 1043 23 20 af
884 1043 71 24 fastig-

202 1072 44 19 het.
275 1071 124 20 Utskottets
414 1071 79 24 förslag
508 1073 23 18 är
546 1070 89 21 sålunda
650 1071 46 19 icke
711 1071 139 20 konsekvent.

271 1099 111 20 Utskottet
404 1099 71 20 stöder
490 1100 38 19 sitt
542 1099 79 24 förslag
635 1099 185 24 hufvudsakligast
835 1099 70 25 derpå,
922 1100 33 19 att

203 1129 40 19 den
272 1128 57 19 fasta
359 1127 138 24 egendomen,
527 1127 81 25 hvarpä
637 1127 104 20 härintills
770 1128 78 20 nästan
877 1128 78 19 uteslu-

202 1157 65 20 tande
282 1156 153 20 skattebördan
450 1156 74 24 hvilat,
540 1156 67 19 skulle
624 1155 65 24 enligt
704 1156 50 19 mitt
769 1156 78 24 förslag
858 1157 6 19 i
876 1156 25 20 de
911 1156 44 24 fall,

203 1184 27 21 då
244 1184 238 24 inteckningshafvaren
496 1185 46 19 icke
557 1187 23 17 är
595 1185 72 19 bosatt
681 1185 8 18 i
703 1184 138 25 kommunen,
857 1184 32 20 till
904 1185 51 20 stör-

202 1214 35 19 sta
259 1213 61 20 delen
337 1213 28 24 gå
380 1213 24 18 fri
420 1213 48 20 från
484 1213 219 24 kommunalskatten,
720 1213 6 18 i
741 1213 50 24 följd
806 1213 79 20 hvaraf
897 1213 59 20 kom-

203 1247 79 15 munen
300 1241 68 20 skulle
387 1241 28 24 gå
434 1241 63 20 miste
516 1247 35 14 om
570 1246 27 15 en
612 1241 32 20 del
660 1241 24 20 af
696 1241 49 20 dess
760 1242 124 19 inkomster.
915 1242 42 19 Det

202 1269 44 20 kan
260 1270 47 19 icke
322 1269 66 20 heller
402 1269 111 24 bestridas,
536 1269 34 20 att
587 1269 46 20 icke
649 1269 60 20 detta
723 1268 117 25 påstående
855 1274 50 19 eger
920 1269 35 20 nå-

202 1302 42 19 gon
261 1297 75 24 grund.
366 1297 70 24 Enligt
454 1297 51 20 mitt
519 1297 80 24 förslag
613 1297 68 20 skulle
696 1296 70 25 någon
781 1302 30 20 ny
825 1297 79 25 princip
919 1297 36 20 lik-

202 1325 35 21 väl
258 1326 46 21 icke
326 1325 79 20 införas
423 1325 32 20 uti
470 1325 158 26 författningen,
646 1326 25 23 ty
686 1326 36 19 det
736 1326 67 24 sagda
818 1326 39 20 har
872 1326 85 20 kunnat

202 1355 86 20 inträffa
308 1354 80 25 jemväl
411 1354 65 25 enligt
494 1354 127 25 nugällande
636 1355 259 25 kommunalförfattning.
924 1355 32 20 På

202 1384 44 20 sätt
268 1383 222 21 kommunalkomitén
505 1383 13 20 å
534 1384 27 20 16
576 1383 39 20 och
632 1383 26 20 17
673 1383 85 21 sidorna
773 1384 31 20 uti
819 1384 49 20 dess
883 1384 72 20 betän-

201 1413 70 20 kande
285 1413 65 24 visar,
368 1412 82 24 åsyftar
465 1412 126 25 nugällande
607 1412 251 25 kommunalförfattning
874 1413 33 20 att
922 1413 33 20 till

270 1449 206 19 Kommunalutskottets
488 1449 111 20 betänkande
610 1449 35 20 N:o
657 1451 16 17 1.
