1050 1703
309 142 30 24 U.
354 143 28 23 B.
397 155 27 4 —
439 143 76 29 Prop.
530 142 45 24 N:o
589 144 38 22 10.
817 144 27 21 45

93 210 144 22 närvarande
251 214 27 19 är
292 210 67 22 fallet
373 211 52 21 med
440 212 28 21 de
483 211 96 29 publika
594 211 126 22 ombudens
735 211 110 29 aflöning,

93 245 91 21 komme
200 247 34 19 att
249 245 113 28 betungas
377 244 52 22 med
444 246 77 27 någon
533 245 72 29 högre
617 245 228 29 bidragsskyldighet

93 278 9 22 i
118 278 95 22 berörda
235 278 114 27 afseende,
365 286 68 20 synes
456 279 117 28 förslaget,
589 280 75 21 såsom
683 279 109 22 afseende
807 286 37 14 en-

93 312 54 22 dast
167 312 169 29 förbättringar
358 313 30 28 på
409 312 177 29 ifrågavarande
609 312 99 28 område,
723 313 52 21 icke
790 312 55 22 böra

94 346 121 22 förkastas.
251 346 37 22 Då
309 346 40 29 lag
371 346 30 31 på
422 346 97 22 berörda
544 347 93 22 område
658 347 84 27 stiftas,
766 346 80 29 bjuder

89 381 90 28 jämväl
194 380 125 23 klokheten
343 383 35 18 att
392 381 25 21 så
432 381 81 21 affatta
527 381 9 22 i
551 381 66 28 fråga
631 381 138 22 kommande
784 381 61 22 stad-

92 415 100 28 ganden,
209 417 34 19 att
257 415 123 26 desamma,
395 417 56 20 utan
475 417 35 20 att
524 415 84 22 bereda
622 415 71 22 redan
704 415 142 28 förefintliga

94 449 158 22 institutioner
273 457 53 14 men
348 449 55 22 eller
425 449 78 27 skada,
525 450 78 28 lämpa
624 449 36 28 sig
675 449 37 22 för
737 449 109 21 framtida

93 483 168 28 förhållanden,
283 483 30 22 dä
338 483 174 29 näringslifvets
538 483 146 29 mångsidiga
710 483 136 29 utveckling

93 517 132 28 naturligen
249 518 91 21 komme
366 520 33 19 att
423 518 191 28 nödvändiggöra
635 521 33 18 ett
684 525 161 21 noggrannare

93 551 172 22 Ofvervakande
287 552 53 21 från.
362 554 88 20 statens
472 552 57 22 sida.
559 552 46 21 Det
620 555 25 18 är
657 552 27 28 ju
698 552 51 21 icke
765 551 80 22 otänk-

94 585 57 27 bart,
160 588 35 18 att
205 585 122 22 framdeles
337 593 47 21 nya
392 586 210 28 penningeinstitut
610 586 147 28 uppkomma,
765 585 80 22 hvilka

92 619 22 29 ej
130 619 73 22 förete
218 627 86 15 samma
323 620 73 21 sunda
418 626 107 22 program
547 620 37 21 för
604 619 36 22 sin
655 620 153 26 värksamhet,
825 620 19 28 ej

93 653 74 29 häller
188 653 71 23 hafva
279 654 49 21 lika
351 654 45 22 fast
416 654 75 28 grund
507 656 34 19 att
557 654 76 28 bygga
648 654 30 28 pä
698 661 50 14 som
763 654 28 21 de
803 661 42 14 nu-

93 687 102 22 varande
217 688 128 26 bankerna;
369 688 42 21 och
433 687 38 22 för
492 688 87 21 sådana
601 687 177 22 eventualiteter
792 695 55 14 vore

95 722 109 22 tillvaran
219 722 26 21 af
258 729 29 14 en
302 722 96 27 erfaren,
414 722 91 29 kunnig
527 722 182 29 bankinspektör
733 721 114 30 synnerli-

94 763 46 22 gen
155 756 170 29 betydelsefull.

162 785 70 27 Ännu
247 790 115 29 förtjänar
381 791 44 21 den
444 790 202 29 omständigheten
661 790 136 27 beaktande,
813 791 34 20 att

94 825 46 21 den
162 825 9 20 i
188 825 174 28 propositionen
378 825 119 28 medgifna
512 825 120 21 lättnaden
646 824 36 22 för
697 824 150 29 obligations-

95 858 137 29 utgifvande
248 859 61 21 bank
324 859 9 21 i
348 859 108 22 afseende
479 860 13 20 å
514 859 163 21 nedsättandet
700 859 26 21 af
744 857 103 30 hypotek

95 893 36 22 för
145 893 140 29 utelöpande
301 893 154 29 obligationer
467 893 49 29 just
533 893 134 22 förutsätter
682 895 35 20 ett
734 899 113 21 omsorgs-

94 927 60 27 fullt,
169 927 110 29 skickligt
300 927 44 22 och
359 927 106 22 effektivt
483 927 178 22 handhafvande
683 927 27 22 af
730 926 116 23 bankkon-

96 961 90 28 trollen,
210 962 31 29 på
255 965 47 18 sätt
316 962 112 28 förslaget
443 969 36 14 om
495 961 154 23 tillsättandet
664 961 26 22 af
702 960 146 23 merberörda

95 997 182 28 bankinspektör
287 996 66 22 afser.
370 997 35 20 De
411 996 96 29 publika
518 996 91 26 ombud,
619 996 93 21 hvilkas
722 995 125 21 tillförord-

96 1030 75 22 nande
192 1029 40 23 vid
250 1029 278 30 obligationsutgifvande
550 1030 87 22 banker
651 1030 8 21 i
672 1029 175 30 propositionen

95 1064 141 27 förutsättes,
251 1064 63 29 finge
330 1065 59 21 blott
403 1065 37 21 till
454 1064 93 29 uppgift
563 1067 35 19 att
611 1064 92 22 förvara
718 1064 28 21 de
761 1063 36 22 för
811 1066 36 19 ut-

94 1099 67 28 gifna
177 1099 153 28 obligationer
345 1099 76 22 stälda
435 1099 164 22 säkerheterna
614 1099 42 21 och
677 1099 92 21 komme
788 1101 35 19 att
838 1099 9 20 i

94 1134 38 21 sin
147 1133 147 22 värksamhet
309 1136 86 19 sortera
409 1133 74 22 under
497 1133 217 28 bankinspektören.
737 1132 110 22 Godkän-

96 1175 41 14 nes
152 1167 97 22 sålunda
263 1168 52 21 icke
330 1169 12 25 $
358 1169 12 20 8
386 1168 8 21 i
409 1167 44 22 den
468 1167 86 30 nådiga
566 1168 173 28 propositionen
749 1167 98 22 rörande

95 1201 156 22 tillsättandet
261 1201 27 22 af
295 1209 29 14 en
334 1209 132 20 gemensam
477 1201 186 29 bankinspektör,
679 1201 103 22 förfaller
797 1208 50 21 pro-

96 1236 131 29 positionen
245 1236 70 21 äfven
330 1235 38 22 till
389 1236 51 21 sina
455 1236 75 29 öfriga
546 1236 69 28 delar,
630 1236 43 22 och
688 1236 39 21 det
741 1235 37 22 för
792 1236 55 21 ban-

96 1271 72 20 kerna
183 1270 102 28 menliga
300 1269 139 30 stadgandet
453 1270 98 22 rörande
569 1270 278 29 obligationshypotekets

95 1304 88 22 storlek
198 1304 44 21 blir
256 1304 143 22 fortfarande
414 1304 113 29 gällande.

165 1338 116 28 Slutligen
312 1338 57 28 vilja
401 1339 24 20 vi
454 1339 95 27 påpeka,
579 1341 35 18 att
647 1339 100 21 Senaten
776 1339 71 20 redan

96 1372 76 28 enligt
207 1371 109 29 gällande
345 1371 102 28 banklag
485 1371 175 28 otvifvelaktigt
676 1388 1 2 .
693 1375 26 17 är
753 1371 95 21 berätti-

96 1406 47 29 gad
160 1407 34 20 att
211 1406 99 21 tillsätta
325 1408 33 19 ett
373 1406 36 21 för
424 1406 45 22 alla
485 1405 104 22 enskilda
604 1405 87 23 banker
705 1408 144 26 gemensamt

96 1440 93 23 ombud.

165 1481 144 18 Banlutskottets
320 1481 109 18 betänkande
442 1481 37 18 N:o
491 1481 16 17 1.
