1039 1703
796 126 26 19 61

108 189 59 22 ser
157 185 15 37 i
185 191 120 22 allmänhet
334 191 49 21 icke
406 191 134 21 förekomma
562 191 58 21 inom
644 196 82 16 samma
750 190 103 27 tingslag,

108 226 98 21 kommer
229 227 71 21 denna
323 226 127 27 skyldighet
473 229 33 19 att
522 226 59 28 gälla
596 226 159 22 företrädesvis
771 225 82 22 beträf-

107 261 67 22 fande
189 262 71 21 vittne
276 262 50 21 från
342 265 35 19 ort
392 264 58 20 utom
466 263 146 21 domkretsen.
640 262 46 21 För
701 261 69 28 öfrigt
781 262 73 21 skulle

106 297 38 21 det
164 297 25 26 ju
212 298 34 20 stå
269 300 50 24 part
342 300 66 24 öppet
430 300 39 25 att,
486 305 33 14 om
540 297 79 22 sådant
634 297 52 22 fölle
702 297 35 27 sig
752 298 102 27 billigare

107 332 40 22 och
162 333 138 26 bekvämare,
322 333 53 27 själf
396 333 45 21 låta
456 333 98 21 afhämta
569 333 88 27 vittnet,
669 333 116 21 hvarutom
796 333 57 21 dom-

106 367 71 23 stolen
200 374 53 16 vore
276 368 141 22 oförhindrad
440 371 39 25 att,
496 368 47 22 ifall
560 368 81 22 vittnet
656 369 60 21 delat
731 368 122 28 skjutslega

107 403 48 22 med
171 410 78 22 annan,
266 404 38 22 vid
319 404 151 22 beräknandet
486 404 24 22 af
519 404 175 22 vittnesarvodet
704 406 51 25 taga
767 405 86 27 hänsyn

105 440 38 20 till
158 439 137 23 sistnämnda
305 440 143 22 förhållande.

178 475 27 21 Vi
221 476 72 21 tillåta
309 482 35 15 oss
361 476 56 21 altså
433 476 112 22 vördsamt
561 476 83 21 föreslå

390 544 32 20 alt
434 543 74 26 första
527 543 115 25 meningen
657 542 28 26 af
696 542 16 20 2
727 548 65 14 mom.
808 542 14 20 5
838 544 14 23 $

322 578 27 21 17
363 578 50 27 kap.
430 578 26 21 R.
473 578 27 21 B.
516 578 90 26 affattas
621 578 9 20 i
645 578 91 26 enlighet
750 578 51 20 med
812 578 42 20 den

319 612 83 29 nådiga
416 614 170 27 propositionen.

177 714 74 27 August
265 714 91 22 Juselius.
580 714 20 21 R.
616 714 19 21 A.
652 714 74 22 Wrede.

177 750 59 21 Julius
253 749 113 23 Grotenfelt.
580 750 46 22 Carl
642 750 140 22 Mannerheim.

177 786 52 21 Alex.
246 786 80 22 Kumlin.
583 786 19 22 F.
617 786 93 22 Jansson.

177 822 46 21 Axel
239 818 69 30 Spåre.
