1031 1703
312 136 29 22 U.
356 137 27 21 B.
401 150 28 2 —
443 137 73 27 Prop.
533 138 43 22 N:o
591 138 24 21 4.
815 140 26 20 13

87 204 106 21 lemnade
216 204 177 28 Forststyrelsen
416 206 59 26 förty
492 206 34 21 till
543 206 121 27 Kejserliga
680 206 109 22 Senatens
804 208 37 20 be-

87 238 127 27 pröfvande
235 238 115 21 huruvida
372 239 57 26 icke,
451 240 52 20 med
523 240 106 21 afseende
645 240 13 20 å
672 240 131 21 tilldelande
818 241 27 20 af

87 272 67 20 mark
174 272 35 20 för
226 272 160 27 lägenheterna
402 273 7 20 i
425 274 130 20 Kemiträsk
573 274 91 26 socken,
680 274 38 21 vid
734 274 44 21 den
794 275 48 20 der-

87 306 76 20 städes
180 306 97 22 skeende
290 307 155 27 provisoriska
456 308 145 26 afrösningen
612 308 130 21 desammas
754 309 87 20 mantal

86 340 73 20 delvis
183 340 76 21 kunde
280 341 149 27 provisionelt
449 342 102 27 förhöjas
569 342 33 20 till
618 342 25 19 af
656 342 184 27 Forststyrelsen,

86 373 72 28 enligt
179 381 55 20 nyss
257 375 92 26 angifna
371 375 80 27 grund,
470 376 35 21 för
520 375 78 27 hvarje
614 376 104 26 lägenhet
733 376 108 21 särskildt

87 408 124 21 uträknadt
226 409 91 27 belopp,
333 409 69 26 enligt
417 409 93 22 hvilken
521 409 124 27 uträkning
655 410 27 21 de
693 411 75 26 gamla
779 411 62 20 hem-

87 449 97 14 manens
199 443 7 20 i
222 443 129 20 Kemiträsk
371 443 85 21 socken
477 443 173 27 sammanlagda
665 445 87 20 mantal
767 445 73 20 skulle

86 477 67 20 ökats
169 476 49 21 från
235 477 71 27 12/32
321 477 33 21 till
370 478 26 19 27
405 477 52 28 79/95.

157 511 52 21 Med
230 511 105 22 afseende
351 511 13 21 ä
379 511 37 22 det
431 513 69 20 ofvan
516 512 96 21 anförda
628 513 43 20 och
686 513 30 20 dä
731 513 38 20 vid
785 519 56 21 upp-

86 545 111 26 görandet
219 546 24 20 af
259 546 172 26 ifrägavarande
447 546 82 26 förslag
545 546 74 26 nägon
636 548 105 19 närmare
756 546 86 21 känne-

87 579 55 21 dom
159 586 38 14 om
213 580 150 20 hemmanens
379 580 156 26 egoförmäner
551 580 43 21 och
610 580 66 21 deras
691 580 103 26 förmåga
810 582 32 19 att

86 613 57 21 bära
159 614 69 26 högre
245 614 60 20 skatt
319 614 50 21 icke
384 615 73 26 tagits,
473 615 55 20 fann
545 614 122 27 Kejserliga
683 614 103 26 Senaten,
802 615 38 20 vid

86 648 106 21 ärendets
208 649 159 27 föredragning
382 649 45 21 den
444 650 23 20 11
482 649 42 27 juli
542 649 61 27 1884,
618 649 54 27 godt
684 652 38 24 att,
735 649 52 21 med
798 649 44 21 för-

87 682 111 21 kastande
219 683 24 20 af
259 683 27 20 de
302 683 129 28 uppgjorda
446 683 119 27 förslagen,
580 683 108 21 förordna
704 685 32 18 att
751 683 44 21 den
811 683 31 21 af-

87 716 71 21 sedda
173 717 260 27 mantalsförhöjningen
449 717 74 21 skulle
536 717 164 26 ävägabringas
710 717 39 21 vid
760 717 6 20 i
778 717 64 21 sock-

87 757 46 14 nen
149 751 98 20 skeende
263 751 176 26 sammanträde,
455 758 50 13 som
520 751 71 22 borde
607 751 129 21 öfvervaras
749 751 25 20 af
782 751 60 20 läne-

87 785 168 20 landtmätaren
279 786 43 20 och
345 785 72 21 andra
438 785 52 20 med
506 785 221 21 ortsförhällandena
743 785 99 21 bekanta

87 825 116 21 personer,
222 821 59 19 samt
303 819 88 27 grunda
414 819 33 27 sig
463 819 29 27 pä
507 819 28 22 de
550 820 138 20 hemmanen
704 819 138 21 tillhörande

87 853 123 27 förmäner,
232 853 81 22 hvilka
332 854 71 21 borde
419 854 7 20 i
441 860 29 15 en
485 854 38 21 vid
539 853 180 22 sammanträdet
734 853 50 21 förd
799 853 43 21 för-

87 887 108 27 teckning
210 888 150 21 summariskt
375 890 118 25 upptagas,
509 891 60 18 samt
583 888 93 21 ärendet
692 887 94 22 derefter
801 895 41 13 un-

87 921 120 22 derställas
223 922 122 27 Kejserliga
361 922 110 21 Senatens
486 922 112 28 pröfning.

157 955 43 21 Vid
215 956 7 20 i
238 957 80 27 antydt
341 957 56 26 syfte
420 956 44 21 den
489 958 24 19 17
536 957 44 20 och
603 957 25 20 18
650 956 119 21 december
789 956 53 21 1884

89 990 69 26 enligt
181 990 158 21 Guvernörens
357 991 8 19 i
383 991 62 19 länet
467 991 152 20 förordnande
635 991 25 19 af
673 991 169 20 vederbörande

89 1023 141 26 kronofogde
245 1025 43 20 och
299 1024 204 21 länelandtmätare
515 1026 58 19 samt
584 1023 99 28 följande
696 1024 25 20 af
729 1024 113 27 Styrelsen

88 1057 127 22 tillkallade
230 1065 115 20 personer,
354 1058 115 26 nämligen
486 1059 94 20 Prosten
596 1058 54 20 Karl
661 1057 83 22 Robert
755 1057 87 26 Heikel,

90 1091 233 21 Kronolänsmannen
347 1091 77 22 Johan
442 1092 69 21 Adolf
525 1092 93 21 Castrén
634 1092 44 21 och
694 1092 149 20 Forstmästa-

89 1132 41 14 ren
147 1125 75 21 Oskar
237 1125 119 27 Randelin,
372 1125 53 21 med
441 1126 187 21 socknemännen
643 1125 70 21 hället
728 1132 115 14 samman-

88 1159 65 21 träde
169 1159 122 22 framhöllo
307 1160 194 27 socknemännen,
517 1163 32 18 att
564 1159 65 21 deras
642 1160 135 27 lägenheter,
790 1159 54 22 med

89 1194 107 21 afseende
212 1195 13 20 ä
241 1195 97 26 skogens
353 1194 144 27 långsamma
512 1195 102 20 återväxt
629 1195 43 20 och
682 1194 38 21 det
730 1193 114 28 betydliga

89 1228 86 28 belopp
190 1229 98 26 bränsle,
305 1235 49 14 som
371 1228 100 21 äboarne
485 1229 8 20 i
508 1227 113 22 anseende
636 1228 33 21 till
686 1230 76 19 ortens
777 1227 67 22 nord-

90 1262 46 27 liga
158 1263 49 26 läge
230 1262 144 27 förbrukade,
393 1262 70 21 borde
479 1263 97 20 tilldelas
591 1262 130 27 tillräckligt
735 1262 108 27 tarfskog.

91 1296 53 21 Med
167 1297 91 27 hänsyn
276 1296 76 21 härtill
369 1297 43 20 och
428 1297 30 26 pä
473 1296 73 27 grund
561 1296 25 20 af
599 1296 28 21 de
643 1296 112 21 särskilda
770 1296 74 26 lägen-

91 1331 105 20 heternas
220 1336 48 20 ego-
291 1331 44 20 och
357 1331 72 25 öfriga
451 1331 115 20 förmåner
588 1330 85 25 ansägo
689 1330 155 25 förrättnings-

91 1364 102 20 männen
220 1366 31 18 att
278 1364 173 25 lägenheternas
477 1363 87 21 mantal
591 1362 77 27 borde,
695 1362 69 26 enligt
788 1369 56 21 upp-

91 1397 66 28 gjord
183 1397 134 27 fördelning,
340 1397 66 28 höjas
428 1397 35 21 för
482 1397 53 21 hela
555 1397 101 22 socknen
676 1396 33 22 till
730 1403 115 15 samman-

92 1432 62 28 lagdt
169 1432 28 21 46
205 1432 52 28 %/4.

161 1472 48 23 Lag-
222 1472 32 18 och
267 1471 180 19 Ekonomiutskottets
459 1471 109 19 betänkande
581 1472 38 17 N:o
632 1471 17 18 8.
