1050 1709
190 138 27 20 14
417 136 28 22 U.
460 137 28 21 B.
505 149 24 3 —
545 137 72 27 Prop.
633 137 42 21 N:o
689 137 22 21 6.

189 206 32 20 ett
236 205 102 21 samhälle
353 205 47 21 med
418 205 106 27 rättighet
547 205 32 21 till
601 204 141 28 sjelfstyrelse
757 204 34 22 för
805 204 136 28 fullföljande

189 238 25 22 af
234 239 106 21 allmänna
363 238 116 28 uppgifter,
502 239 74 21 hvilka
601 239 73 21 kunna
696 245 62 15 anses
784 244 157 22 gemensamma

188 272 34 22 för
236 273 124 21 samhällets
382 273 136 21 medlemmar
540 274 38 21 och
600 272 35 22 för
654 273 75 22 hvilka
751 273 73 21 dessas
847 273 95 21 medver-

188 308 43 20 kan
246 307 8 21 i
268 306 54 22 form
338 307 25 21 af
376 307 61 22 säväl
452 308 123 27 personliga
590 307 91 27 tjenster
695 314 44 15 som
755 307 187 28 penningebidrag

188 342 44 21 kan
247 343 63 26 tagas
326 341 7 22 i
349 342 102 27 anspräk.
480 342 61 22 Huru
556 342 63 27 längt
635 342 135 28 delaktighet
785 342 7 22 i
807 342 135 28 rättigheten

188 376 34 22 till
236 376 158 28 sjelstyrelsens
409 376 118 22 utöfvande
542 377 39 21 bör
596 378 122 20 utsträckas
737 379 25 19 är
776 377 84 21 således
878 376 64 22 fram-

188 410 34 22 för
238 411 38 21 allt
290 411 107 21 beroende
416 410 24 22 af
457 411 40 22 den
520 411 192 28 omständigheten,
729 411 7 22 i
752 412 57 21 hvad
832 412 49 21 män
904 412 38 21 hos

189 445 164 22 medlemmarne
368 446 43 21 kan
426 445 128 25 förutsättas
569 446 29 27 pä
614 452 26 15 en
655 447 60 26 gäng
730 446 53 27 vilja
794 446 38 22 och
843 446 99 27 förmäga

188 482 34 20 att
237 480 92 28 bidraga
344 480 35 22 till
394 486 26 16 en
438 480 68 28 riktig
524 481 85 27 lösning
633 480 24 22 af
677 480 125 22 samhällets
824 480 117 28 uppgifter.

188 515 49 21 Men
253 521 25 15 ur
294 515 71 21 denna
380 516 109 26 synpunkt
504 515 67 22 hafva
585 515 53 27 inga
653 516 47 20 skäl
716 515 32 21 till
764 515 83 22 förmän
861 515 33 21 för
905 515 39 21 det

188 549 77 27 gjorda
280 548 106 28 förslaget
403 549 130 27 förebragts.
563 549 74 22 Skulle
655 549 129 23 utöfvandet
806 549 24 21 af
851 551 92 20 rösträtt

188 589 53 15 vara
256 583 82 27 egnadt
356 584 33 20 att
411 583 50 27 höja
483 583 169 27 ifrågavarande
670 584 58 20 klass
744 583 25 21 af
782 583 160 28 befolkningen,

188 617 25 21 så
228 617 50 27 låge
293 617 47 21 häri
355 623 42 21 nog
413 619 32 19 ett
467 618 47 21 skäl
536 617 35 22 för
585 617 110 27 förslaget,
712 620 24 25 ty
752 618 64 22 äfven
831 618 33 21 för
880 618 64 21 dessa

188 651 48 21 sina
250 651 137 21 medlemmar
402 652 40 20 har
457 652 115 21 samhället
587 651 116 28 uppgifter.
734 652 50 21 Men
803 652 26 21 de
844 651 99 22 faktiska

188 685 164 22 förhållandena
374 686 45 21 tala
441 686 47 22 icke
504 686 33 22 för
553 688 32 20 ett
601 686 79 22 sådant
695 686 131 27 antagande.
856 686 34 22 Då
906 693 37 15 en-

188 720 41 27 ligt
251 720 12 28 $
280 722 25 20 78
321 720 40 22 och
377 720 168 27 ifrågavarande
560 720 82 28 förslag
660 723 77 19 nästan
754 721 82 21 hvilket
851 721 90 27 tjenste-

187 755 51 27 hjon
253 761 43 15 som
315 755 56 21 helst
393 755 72 21 kunde
487 756 84 21 komma
585 756 8 21 i
609 756 26 21 de
657 756 194 26 röstberättigades
874 756 67 26 antal,

188 789 40 21 har
242 796 49 15 man
306 791 93 20 tvärtom
415 790 116 28 anledning
547 792 33 20 att
595 790 76 22 befara
686 792 33 20 att
735 790 129 22 åtminstone
874 790 70 21 under

188 830 29 15 nu
232 824 96 21 rådande
350 824 150 22 förhållanden
523 827 129 19 rösträttens
674 825 155 21 utsträckande
844 825 29 26 på
887 824 55 22 före-

188 858 71 27 slaget
273 860 46 20 sätt
333 858 70 22 skulle
418 858 48 22 med
482 858 101 22 afseende
595 859 103 27 jemvälä
707 860 41 21 den
763 859 105 21 beroende
883 859 58 21 ställ-

188 892 58 28 ning,
255 892 7 21 i
272 892 89 22 hvilken
371 893 156 27 tjenstehjonen
536 893 68 27 enligt
612 894 101 26 gällande
721 894 128 26 legostadga
856 893 87 21 befinna

187 926 40 27 sig,
243 926 97 22 medföra
355 927 76 21 oredor
446 928 39 20 och
500 928 139 26 olägenheter
654 928 23 21 af
691 928 79 27 många
785 928 53 27 slag.
870 928 72 21 Också

187 961 40 20 har
242 962 32 20 ett
288 960 67 22 behof
369 960 24 22 af
406 961 92 27 ändring
513 962 7 20 i
535 962 101 27 gällande
651 962 141 27 grundsatser
802 962 47 21 icke
864 962 28 26 pä
903 962 44 22 nä-'

188 997 38 25 got
240 997 46 19 sätt
301 995 59 27 gjort
375 995 34 27 sig
423 996 115 21 kännbart.
568 996 43 21 Det
627 998 30 25 är,
673 996 73 22 såvidt
761 996 113 22 Utskottet
890 996 52 21 kun-

188 1031 38 19 nat
241 1029 83 28 pröfva,
341 1030 78 21 endast
433 1030 90 21 allmänt
537 1030 80 27 hållna,
634 1030 37 22 det
686 1030 100 27 verkliga
804 1030 72 22 lifvets
891 1030 53 22 kraf

187 1063 128 22 frånseende
330 1064 150 27 betraktelser,
503 1071 44 15 som
563 1064 62 22 stöda
647 1064 111 28 förslaget,
776 1065 37 21 och
828 1064 115 22 Utskottet

186 1098 70 21 måste
270 1098 59 27 förty
344 1098 93 21 förhålla
452 1098 34 28 sig
501 1098 114 28 afböjande
631 1100 43 20 mot
689 1099 124 21 detsamma.

256 1132 32 21 Af
301 1135 12 18 9
330 1134 12 24 8
358 1132 6 22 i
379 1132 50 22 nåd.
445 1133 157 26 propositionen
619 1132 101 28 framgår,
736 1135 34 19 att
785 1133 43 21 alla
841 1132 101 22 medlem-

188 1173 45 15 mar
244 1166 24 22 af
276 1167 133 26 kommunen,
421 1167 74 21 hvilka
506 1167 68 27 enligt
587 1168 25 20 78
623 1166 12 28 $
646 1168 79 26 utgöra
732 1167 160 27 inkomstskatt,
903 1169 39 20 äro

187 1200 184 28 röstberättigade
386 1201 7 21 i
408 1201 218 21 kommunalstämma.
645 1201 34 21 Då
695 1200 61 22 såväl
769 1200 116 28 jordegare
896 1208 45 14 som

187 1236 53 20 hans
256 1235 127 21 arrendator
395 1235 86 26 jemlikt
500 1234 121 27 åberopade
637 1236 12 25 $
667 1237 25 19 78
709 1235 90 27 erlägga
816 1235 66 27 skatt,
900 1236 42 21 den

187 1268 58 22 förre
259 1268 35 21 för
309 1268 101 21 arrendet
425 1268 49 21 från
488 1268 76 27 jorden
580 1268 39 20 och
635 1268 40 21 den
691 1274 77 16 senare
782 1268 34 21 för
826 1269 68 21 andra
911 1270 31 20 in-

187 1303 94 21 komster
296 1302 50 21 från
362 1302 128 26 densamma,
507 1304 36 19 äro
559 1302 84 21 således
663 1302 57 22 båda
735 1303 39 21 två
789 1303 28 26 på
833 1303 70 26 grund
919 1303 25 21 af

188 1340 12 20 9
216 1339 12 25 8
244 1337 183 28 röstberättigade
442 1338 39 20 och
495 1336 106 28 befogade
617 1337 193 21 attikommunens
826 1338 115 22 allmänna

188 1372 183 28 angelägenheter
385 1372 48 22 föra
449 1372 58 22 talan
523 1372 37 22 vid
575 1372 218 22 kommunalstämma.
809 1372 43 22 Vid
862 1372 80 22 sådant

187 1407 135 22 förhållande
338 1407 61 21 torde
418 1407 37 21 det
469 1414 54 14 vara
539 1407 91 27 oriktigt
645 1409 39 26 att,
708 1408 70 21 såsom
793 1407 7 21 i
815 1407 126 27 propositio-

255 1448 206 18 Kommunalutskottets
473 1447 110 18 betänkande
596 1447 34 18 N:o
643 1448 14 17 1.
