1059 1703
344 136 28 24 U.
387 136 28 23 B.
429 148 29 4 —
474 136 74 28 Prop.
563 136 42 23 N:o
622 136 21 22 1.
856 137 12 19 5

115 207 41 25 att,
179 205 66 22 sedan
267 206 61 21 skola
345 206 8 21 i
370 206 76 26 hvarje
470 205 88 22 distrikt
573 206 108 26 inrättats,
697 204 72 23 sävidt
784 204 86 28 möjligt

116 239 42 21 alla
176 240 7 21 i
201 239 124 22 skoläldern
342 240 95 21 varande
455 240 60 26 barn,
533 246 44 15 som
596 239 19 27 ej
632 239 139 21 annorstädes
786 238 83 22 erhälla

114 274 151 21 motsvarande
288 273 53 22 eller
363 280 58 15 mera
443 273 132 22 omfattande
590 274 103 26 bildning,
709 274 68 20 måtte
795 274 74 20 kunna

115 307 84 21 komma
213 307 8 21 i
237 307 127 27 ätnjutande
379 307 25 21 af
416 307 269 27 folkskoleundervisning;
700 308 56 20 samt
771 308 34 20 att

183 341 75 27 hvarje
280 341 161 22 landskommun
459 341 74 22 älades
551 341 83 21 inrätta
650 341 117 22 folkskolor
785 340 33 21 till
833 340 37 21 det

114 375 67 27 antal,
197 377 33 20 att
245 375 60 25 barn,
321 375 34 22 för
369 375 74 22 hvilka
457 375 86 22 inträde
558 375 7 22 i
580 375 61 22 skola
651 376 68 26 sökes,
729 375 48 22 icke
788 374 82 23 afvisas

114 410 28 26 pä
158 409 69 28 grund
242 409 25 22 af
279 409 111 22 bristande
405 412 112 25 utrymme.

183 582 47 21 Den
253 582 33 21 till
300 582 147 22 innevarande
461 583 106 27 landtdag
582 582 160 22 öfverlemnade
756 582 51 22 nåd.
822 588 48 21 pro-

114 615 119 27 positionen
248 616 113 27 angäende
376 616 147 28 befrämjande
538 616 25 22 af
577 616 66 28 högre
659 616 128 22 folkskolors
802 616 67 21 inrät-

114 650 66 21 tande
202 650 7 21 i
231 650 216 22 landskommunerna
469 650 7 22 i
495 650 94 22 Finland
604 652 25 20 är
643 650 59 28 bygd
717 651 28 26 pä
761 650 27 22 de
802 656 66 21 grun-

116 683 37 22 der
168 685 85 20 senaste
268 684 146 22 ständermöte
429 684 92 22 sälunda
535 684 104 28 godkänt.
661 684 114 22 Utskottet
786 685 39 20 har
834 683 35 22 för

114 717 33 23 sin
162 717 35 22 del
213 718 105 28 enhälligt
332 718 53 22 stält
400 718 34 28 sig
449 719 28 27 pä
492 725 81 16 samma
587 718 134 28 principiella
734 719 137 27 ständpunkt

115 752 39 22 och
169 752 97 22 anhäller
281 755 34 19 att
329 753 8 21 i
352 753 37 22 det
403 752 96 28 följande
514 753 23 22 fä
552 753 106 27 redogöra
672 753 35 22 för
722 753 27 22 de
761 753 109 28 synpunk-

114 790 40 25 ter,
170 793 43 16 som
229 787 34 22 för
278 787 118 22 detsamma
411 787 58 22 varit
484 787 126 28 afgörande.

182 822 44 21 Det
240 822 44 21 kan
300 822 19 27 ej
335 821 102 22 förnekas
452 824 35 19 att
500 822 103 22 intresset
617 821 34 22 för
665 821 127 22 folkskolors
802 822 67 22 inrät-

114 856 65 22 tande
201 856 29 27 pä
252 856 74 22 landet
348 857 28 26 pä
400 858 31 20 ett
447 856 116 28 glädjande
578 858 45 20 sätt
638 856 91 28 tilltagit
744 857 67 21 under
826 857 42 22 den

113 890 33 22 tid
168 890 120 28 fullkomlig
309 890 130 28 frivillighet
460 891 28 26 pä
512 891 61 22 detta
589 890 87 22 omräde
691 891 58 21 varit
763 891 103 22 rädande.

112 925 68 22 Detta
195 925 149 28 ädagalägges
359 925 66 22 bland
440 927 68 20 annat
523 925 63 22 deraf
599 927 34 20 att
647 925 83 21 antalet
741 925 24 21 af
773 925 27 22 de
810 925 60 22 kom-

112 965 81 22 muner,
208 965 44 16 som
267 959 45 22 helt
327 959 39 22 och
381 959 68 22 hället
464 960 69 21 sakna
547 960 67 27 högre
625 959 122 27 folkskolor,
759 959 40 22 allt
809 966 59 15 mera

113 993 98 27 nedgätt.
240 993 31 21 Af
291 993 86 22 landets
398 995 41 20 466
465 993 124 22 kommuner
611 1000 51 16 voro
683 993 69 22 under
773 994 94 22 läseäret

114 1029 112 20 1895—96
249 1029 27 19 22
299 1027 8 22 i
329 1027 107 22 afsaknad
455 1027 24 22 af
492 1027 107 22 folkskola
613 1027 40 22 och
669 1027 70 22 denna
753 1027 60 22 siffra
827 1028 40 21 har

112 1061 121 22 sedermera
252 1061 111 22 minskats.
393 1062 82 21 Likasä
497 1062 42 21 har
553 1061 84 28 ärligen
652 1061 83 22 antalet
750 1061 117 22 folkskolor

111 1096 8 21 i
134 1096 43 27 hög
191 1097 56 26 grad
261 1096 63 27 stigit
338 1096 7 21 i
361 1096 26 21 de
402 1097 130 26 kommuner,
549 1102 44 16 som
608 1096 59 22 förut
681 1098 38 26 egt
733 1095 113 23 folkskola.

179 1130 128 23 Emellertid
322 1133 25 18 är
362 1131 83 21 antalet
459 1131 72 22 skolor
546 1133 57 19 ännu
618 1130 89 23 alldeles
717 1130 150 28 otillräckligt,

111 1163 35 22 för
161 1167 34 19 att
209 1165 74 21 kunna
298 1164 98 22 meddela
411 1165 44 21 alla
469 1165 54 21 barn
538 1164 124 27 grunderna
676 1164 34 22 för
721 1164 78 22 allmän
809 1164 57 22 med-

111 1199 110 27 borgerlig
242 1199 105 27 bildning.
377 1199 41 21 Till
441 1199 116 28 belysande
572 1198 25 22 af
609 1198 78 27 frägan
703 1198 35 22 fär
753 1198 117 22 Utskottet

112 1232 88 28 vidfoga
215 1233 96 27 följande
325 1233 74 27 tabell,
415 1240 44 15 som
475 1233 149 28 ädagalägger
638 1233 8 21 i
660 1233 89 22 hvilken
763 1233 48 21 män
828 1239 37 15 an-

111 1267 55 21 talet
191 1267 117 22 folkskolor
333 1267 29 27 pä
384 1267 75 22 landet
480 1269 39 20 och
541 1267 38 22 vid
601 1267 47 21 dem
671 1267 100 22 anstälda
793 1267 70 22 lärare

111 1301 63 21 ökats
195 1303 57 20 samt
273 1301 55 22 huru
351 1301 40 22 den
414 1301 60 22 siffra
495 1301 112 27 minskats,
625 1307 45 16 som
685 1301 83 23 utvisar
783 1301 82 22 antalet

110 1341 101 21 personer
227 1335 151 22 motsvarande
393 1341 27 16 en
435 1335 112 23 folkskola.

178 1442 205 20 Kommunalutskotteis
395 1443 111 19 betänkande
517 1443 34 19 N:o
563 1445 18 17 4.
