1061 1706
364 148 28 23 U.
408 148 27 22 B.
454 161 23 3 —
495 148 69 27 Prop.
580 148 42 22 N:o
639 148 35 24 11.
850 149 12 19 3

141 214 64 22 heten
220 214 126 27 ådagalagt,
363 216 33 20 att
410 214 150 27 förhöjningen
576 214 24 21 af
614 214 69 22 denna
694 213 65 27 afgift
769 213 18 27 ej
799 212 92 22 medfört

139 248 27 22 de
181 248 100 27 fördelar,
296 248 74 22 hvilka
385 254 48 16 man
448 249 78 21 väntat
540 248 35 28 sig
590 248 68 27 deraf,
666 248 109 27 nämligen
784 247 107 27 sedlighe-

138 285 48 19 tens
201 284 39 20 och
255 282 187 22 statsinkomstens
456 282 99 28 höjande,
571 284 52 20 utan
638 282 56 22 hade
708 282 115 22 resultatet
838 282 52 21 fast-

140 324 44 15 mer
203 318 58 22 varit
276 319 32 21 ett
323 318 95 22 motsatt.
448 317 167 22 Vederbörande
630 317 214 27 bevillningsutskott
859 317 32 21 ut-

139 352 72 22 talade
227 352 34 27 sig
278 352 36 22 för
329 358 26 16 en
370 352 141 28 nedsättning
526 351 24 22 af
563 351 184 28 stämpelafgiften
762 351 33 22 till
812 352 27 22 50
854 353 36 20 öre

139 393 38 21 per
191 386 85 22 kortlek
291 388 20 24 (1
327 386 68 22 krona
410 393 38 21 per
462 387 55 27 spel)
533 387 38 21 och
587 387 69 27 ansåg
671 386 102 22 behofvet
787 386 25 21 af
821 386 70 22 denna

139 421 94 27 ändring
255 427 53 15 vara
322 422 25 21 så
362 421 144 27 brådskande,
523 423 32 20 att
570 421 106 21 utskottet
691 420 99 28 föreslog,
808 422 33 20 att
856 421 34 21 be-

139 455 67 22 slutet
221 455 71 22 derom
307 455 65 22 borde
380 455 80 22 träda
448 450 13 38 i
470 455 59 22 kraft
539 455 67 22 redan
615 455 41 22 den
672 457 11 19 1
692 454 45 22 Juli
748 457 60 19 1896.
822 450 10 38 I
852 454 39 22 sitt

139 490 137 22 betänkande
305 490 125 22 framhåller
444 490 107 22 utskottet
565 490 65 22 bland
645 491 75 20 annat:
753 506 8 11 ,
765 489 81 22 Genom
862 495 28 16 nu

140 524 102 27 gällande
257 524 94 29 orimligt
366 525 57 27 höga
437 524 158 28 stämpelafgift
609 524 152 28 omöjliggöres
776 524 64 22 hardt
850 525 41 20 när

139 559 41 22 den
202 559 112 22 inhemska
336 559 161 22 fabrikationen
515 560 39 21 och
568 559 81 28 följden
664 559 39 22 har
717 559 72 22 blifvit
804 565 26 16 en
846 564 44 17 oer-

139 594 53 22 hörd
206 594 129 29 smuggling,
351 594 87 22 hvilken
453 595 29 27 på
497 600 79 16 samma
591 595 60 27 gång
660 594 41 22 den
709 596 25 20 är
741 601 27 15 en
775 593 58 23 stöld
841 593 49 22 från

137 631 78 25 staten,
238 629 48 22 icke
307 629 100 28 fördyrar
429 629 123 28 spelkorten
567 629 39 22 och
620 629 20 27 ej
656 629 67 22 häller
737 629 61 27 höjer
812 628 78 28 sedlig-

137 664 71 22 heten.
238 664 63 21 Trots
322 664 40 21 den
377 663 142 23 fördubblade
533 663 163 28 stämpelafgift,
712 670 44 15 som
771 663 118 27 tillämpats

137 699 50 22 från
209 699 39 22 och
271 699 48 22 med
339 701 61 25 1893,
416 699 101 28 utgjorde
531 699 178 22 statsinkomsten
723 698 34 22 för
771 698 118 23 hvartdera

138 734 49 21 året
203 735 142 20 1893—1894
358 733 7 22 i
380 733 102 22 medeltal
497 734 76 21 endast
588 735 78 25 82,080
681 733 85 27 kronor,
781 733 28 22 dä
820 733 70 27 ärliga

137 768 121 22 inkomsten
281 768 68 22 under
369 768 182 27 femårsperioden
574 770 147 25 1887—1891,
745 768 28 21 då
790 767 99 28 stämpel-

138 803 92 28 afgiften
244 809 40 16 var
298 803 88 22 dubbelt
400 803 68 28 lägre,
487 803 4 22 i
507 803 99 22 medeltal
621 803 100 28 utgjorde
737 805 90 25 119,016
842 803 48 21 kro-

137 844 46 16 nor.
192 850 27 3 —
228 851 26 2 —
265 850 25 3 —
298 850 30 3 —
342 837 84 22 Bruket
441 837 24 22 af
479 837 95 29 olagliga
588 837 116 22 utländska
718 837 96 28 spelkort
823 837 66 22 hörde

137 872 48 23 icke
201 872 33 22 till
256 873 180 27 sällsyntheterna
458 872 65 23 äfven
538 873 27 22 då
580 871 185 29 stämpelafgiften
781 878 41 17 var
837 872 52 23 dub-

137 908 45 22 belt
196 907 61 28 lägre
271 910 28 19 än
314 907 34 22 för
362 907 143 28 närvarande,
520 914 48 15 men
582 914 89 15 numera
686 907 39 22 hör
739 907 38 23 det
791 907 34 22 till
840 907 48 22 ord-

137 942 80 28 ningen
239 942 34 22 för
295 942 90 28 dagen".
415 942 35 22 Då
472 942 90 22 ärendet
580 942 118 22 handlades
712 942 38 22 vid
765 941 123 28 riksdagen,

136 976 47 22 blef
200 977 117 21 utskottets
339 976 82 28 förslag
435 976 113 28 godkändt
562 978 52 20 utan
630 976 128 22 nämnvärdt
773 976 115 22 motstånd.

207 1018 43 20 Det
265 1023 64 21 synes
343 1017 84 22 således
443 1018 127 27 osannolikt,
586 1018 34 21 att
635 1023 27 15 en
676 1016 125 28 förhöjning
816 1016 24 22 af
853 1017 35 21 be-

137 1051 119 27 villningen
270 1052 35 20 för
319 1051 95 27 spelkort
429 1052 72 21 kunde
515 1052 76 22 föröka
608 1052 26 21 de
649 1051 24 21 af
686 1052 70 21 denna
770 1051 119 27 bevillning

136 1085 137 27 härflytande
290 1085 211 27 statsinkomsterna;
523 1086 89 22 fastmer
631 1086 43 21 kan
693 1085 36 22 det
744 1084 93 28 befaras,
856 1086 33 20 att

137 1127 27 15 en
178 1120 69 22 sådan
262 1120 79 28 åtgärd
356 1120 72 22 kunde
442 1120 8 21 i
466 1120 54 28 följd
529 1120 25 22 af
562 1119 122 28 derigenom
694 1119 130 22 framkallad
832 1120 57 21 ökad

136 1156 79 26 import
230 1154 24 22 af
267 1155 66 27 ryska
347 1154 96 28 spelkort
452 1154 112 23 förorsaka
578 1161 27 15 en
616 1154 122 28 minskning
747 1154 8 22 i
765 1154 27 22 de
803 1154 25 22 af
835 1155 54 26 spel-

136 1189 206 27 kortsbevillningen
357 1189 126 27 påräknade
497 1189 131 22 intraderna.
654 1189 113 22 Utskottet
775 1189 40 22 har
830 1189 7 21 i
853 1195 36 15 an-

136 1224 79 22 seende
237 1224 73 22 härtill
334 1225 54 21 trott
410 1224 34 27 sig
460 1224 52 22 böra
530 1224 93 27 förorda,
640 1225 33 21 att
688 1224 41 21 den
744 1223 82 29 nådiga
840 1230 47 21 pro-

137 1258 119 28 positionen
271 1259 68 21 måtte
354 1257 131 23 oförändrad
501 1260 97 26 antagas.

205 1298 31 21 Af
257 1298 144 28 bevillningen
424 1298 34 22 för
480 1298 95 28 spelkort
597 1298 39 22 har
659 1298 106 21 alltsedan
783 1298 27 21 år
825 1300 62 24 1865,

136 1332 49 21 från
208 1332 87 21 hvilken
317 1332 33 21 tid
368 1332 69 22 denna
452 1334 61 19 skatt
527 1332 99 27 utgjorts,
643 1333 67 20 under
725 1332 163 21 nedannämnda

137 1365 142 27 tidsperioder
293 1366 8 20 i
316 1365 100 22 medeltal
431 1372 38 20 per
485 1366 24 21 år
523 1365 80 22 influtit
618 1365 95 28 följande
728 1366 86 26 belopp:

205 1463 214 24 Bevillningsutskottets
431 1463 116 18 betänkande
560 1463 36 19 N:o
611 1464 14 17 1.
