1039 1703
209 131 27 19 56
400 129 28 22 U.
444 129 27 22 B.
487 142 29 3 —
531 129 75 27 Prop.
621 129 45 22 N:o
681 128 24 22 2.

250 199 114 28 Slutligen
388 199 34 22 får
438 200 127 26 Utskottet,
581 199 72 21 under
668 199 143 28 åberopande
827 198 27 22 af
866 198 62 22 hvad

178 234 121 22 Utskottet
316 235 53 21 med
384 234 106 22 afseende
506 237 13 19 å
535 235 44 21 den
594 233 130 30 föreslagna
739 233 104 30 lydelsen
859 233 26 22 af
899 236 26 19 11

178 270 14 29 8
218 272 26 19 10
268 271 52 27 kap.
344 270 28 21 R.
396 270 27 21 B.
448 270 68 21 redan
541 271 79 27 yttrat,
639 269 83 22 föreslå
741 277 29 14 en
785 269 142 28 underdånig

177 305 137 22 hemställan
328 305 86 26 derom,

464 377 37 25 att,
522 376 4 21 i
545 375 102 22 händelse
663 376 34 21 det
711 375 68 22 skulle
789 375 46 21 visa
845 375 35 28 sig
890 376 38 26 att,

392 411 34 21 till
434 411 61 28 följd
510 411 27 27 af
551 412 43 21 den
606 412 102 26 parterne
719 411 8 21 i
739 418 26 14 en
777 410 33 22 del
821 410 107 22 tvistemål

392 446 111 28 medgifna
517 448 45 20 rätt
579 448 32 20 att
618 446 85 27 förena
717 447 34 27 sig
767 454 33 14 om
815 446 43 22 viss
869 447 57 21 dom-

393 482 46 28 stol,
463 482 147 22 arbetsmåttet
638 482 37 21 vid
697 482 74 28 någon
796 481 29 28 af
842 482 85 22 landets

392 518 185 27 rådstufvurätter
592 517 69 22 skulle
676 518 9 20 i
701 518 25 21 så
741 518 40 28 hög
794 518 58 28 grad
867 518 59 25 ökas,

391 555 34 20 att
448 560 27 15 en
491 553 157 28 förstärkning
667 554 28 26 af
705 553 48 22 dess
769 554 157 26 domareperso-

392 589 38 21 nal
445 589 65 27 blefve
526 589 71 28 nödig,
613 589 27 22 de
655 588 121 28 kostnader,
792 588 74 22 hvilka
877 589 50 21 här-

391 624 84 28 igenom
490 624 70 22 skulle
575 624 101 22 åsamkas
686 624 159 22 vederbörande
855 625 70 21 stads-

392 661 106 25 kommun,
522 660 65 21 måtte
612 660 125 21 densamma
763 660 29 27 af
813 660 114 22 allmänna

392 695 66 22 medel
474 697 97 20 ersättas.

249 765 42 23 Uti
306 766 45 21 den
367 765 93 30 slutliga
475 766 169 29 behandlingen
655 765 26 22 af
688 767 64 20 detta
763 767 83 21 ärende
856 765 70 22 hafva

178 801 97 29 deltagit
285 801 151 22 ordföranden
446 801 90 22 Jaakko
547 802 117 25 Forsman,
678 801 157 22 ledamöterne
848 801 80 29 grefve

178 837 162 26 Mannerheim,
356 836 95 23 friherre
467 837 28 22 R.
515 837 28 22 A.
559 837 92 26 Wrede,
670 837 77 29 Späre,
759 837 27 22 B.
797 838 22 22 J.
832 838 96 21 Groten-

178 872 49 27 felt,
245 873 29 21 H.
298 873 27 20 E.
349 873 146 26 Schroderus,
519 873 115 22 Stenbäck
659 872 68 29 Lyra,
753 873 103 26 Kumlin,
880 872 47 29 Ny-

178 907 78 29 bergh,
283 907 106 26 Jansson,
416 907 59 30 Aug.
504 908 108 26 Jusölius,
637 908 122 27 Teittinen,
782 908 144 26 Tensikkala,

178 942 103 23 Niemelä
295 943 42 21 och
348 943 122 26 Suutarla.,
482 946 59 19 samt
553 943 72 22 delvis
636 943 176 29 suppleanterne
823 944 104 26 Ilvonen,

177 978 51 22 Eck
244 979 42 21 och
301 978 90 22 Konsti.

249 1049 144 29 Helsingfors
409 1050 45 21 den
469 1052 13 19 3
498 1050 45 29 maj
562 1052 63 20 1897.

252 1457 135 23 Lagutskottets
400 1458 115 18 betänkande
528 1457 37 19 N:o
577 1459 16 17 5.
