1048 1706
222 131 13 20 6

195 196 104 27 hafvaren
323 195 27 27 af
365 195 85 28 jorden,
472 202 50 15 vare
537 196 34 28 sig
585 196 75 22 denna
674 196 73 22 tillhör
761 196 91 27 kronan,
869 195 80 23 allmän

193 230 126 28 inrättning
333 229 50 22 eller
397 230 83 22 enskild
492 237 85 21 person,
595 230 68 22 derest
676 230 45 21 icke
736 237 77 21 egaren
828 232 26 19 är
868 230 9 22 i
892 230 57 21 kom-

193 271 80 15 munen
295 264 68 22 bosatt
383 264 38 22 och
442 266 117 20 rösträtten
576 265 34 27 sig
624 264 122 28 förbehållit
760 266 56 20 samt
830 264 71 22 derom
916 264 34 21 till

193 298 130 29 anteckning
345 298 9 21 i
368 298 138 28 röstlängden
524 299 88 22 anmält.
643 298 65 22 Hvad
722 298 42 23 här
777 301 61 26 säges
853 306 33 14 om
898 298 52 28 jord

192 332 67 29 gäller
280 332 9 22 i
312 332 127 29 tillämpliga
460 333 40 28 fall
522 334 65 27 äfven
601 333 123 28 lägenheter
738 333 36 22 och
789 333 159 28 inrättningar,

191 367 72 21 hvilka
277 367 10 21 i
302 367 99 27 afseende
415 367 14 21 å
444 367 127 29 deltagande
584 368 9 21 i
607 367 57 22 vissa
679 367 112 22 allmänna
801 367 73 22 besvär
883 367 66 27 hafva

192 401 33 28 sig
239 401 83 22 mantal
336 402 76 21 åsatta.

261 435 88 22 Finnas
370 436 51 26 flere
442 435 155 29 församlingar
618 435 104 28 förenade
744 436 70 21 under
827 442 122 21 gemensam

192 469 258 28 kommunalförvaltning
472 470 36 21 och
530 473 37 19 rör
588 470 82 28 frågan
692 469 52 22 dlott
765 477 26 14 en
810 469 139 29 församlings

192 505 51 26 rätt,
265 504 50 21 eller
333 505 71 27 angår
420 504 66 22 saken
502 505 77 21 endast
593 511 27 15 en
634 505 70 21 såsom
719 504 87 22 distrikt
820 503 80 29 afskild
916 504 33 21 del

195 539 28 28 af
233 538 134 28 kommunen,
384 545 42 22 ege
442 539 43 21 ock
501 539 92 22 allenast
607 539 42 21 den
664 539 128 27 församling
806 538 49 22 eller
869 539 81 21 sådant

193 573 86 21 distrikt
293 574 35 20 att
343 572 71 21 saken
429 573 37 20 till
482 573 181 28 öfverläggning
678 572 43 22 och
736 572 126 29 afgörande
873 573 9 21 i
891 573 57 21 kom-

193 607 166 22 munalstämma
373 609 109 26 upptaga.

534 677 25 20 12
576 676 20 26 8.

249 713 149 29 Röstegande
420 714 45 22 kan
489 715 37 21 sin
548 715 64 21 talan
637 715 43 21 och
694 717 98 19 rösträtt
808 715 113 21 öfverlåta
936 715 13 20 å

192 755 76 14 annan
283 748 99 21 medlem
398 748 26 21 af
436 749 143 21 kommunen
593 749 50 21 eller
657 749 131 27 skyldeman,
804 756 44 15 som
859 751 26 20 är
892 749 57 27 finsk

191 783 142 27 medborgare,
343 783 93 27 såframt
443 783 57 21 desse
508 785 38 20 äro
554 783 131 28 berättigade
693 785 33 20 att
732 783 48 27 föra
789 790 89 15 annans
886 784 63 21 talan

191 817 38 21 hos
244 816 88 22 domstol
347 817 49 21 eller
410 823 78 16 annan
503 817 82 22 allmän
600 817 136 28 myndighet;
750 817 43 22 och
808 817 94 22 utfärde
911 818 37 21 för

191 851 84 21 sådant
297 850 106 22 ändamål
426 851 13 20 å
461 851 47 21 viss
531 858 85 22 person
635 851 60 22 stäld
710 851 117 28 fullmakt,
842 852 106 22 innehål-

191 885 69 22 lande
275 885 94 28 uppgift
391 885 14 22 å
428 885 39 21 det
482 885 115 22 särskilda
611 885 101 28 tillfälle,
728 886 30 21 då
773 886 45 21 den
834 886 60 22 skall
909 887 39 21 be-

192 927 95 21 gagnas,
311 919 56 21 eller
388 919 101 28 lydande
504 919 37 22 för
555 920 48 20 viss
619 919 41 28 tid,
677 919 70 29 högst
763 922 34 19 ett
812 920 31 25 år,
859 928 38 14 om
912 923 37 19 ut-

192 954 109 21 ställaren
323 954 64 20 inom
410 953 79 21 landet
512 954 37 28 sig
571 953 141 29 uppehåller,
728 961 54 14 men
797 954 8 21 i
821 956 70 20 annat
906 954 42 22 fall

191 988 37 21 för
243 988 45 21 den
303 988 35 20 tid
352 987 46 21 han
413 987 67 21 borta
490 990 31 25 är,
533 987 59 21 dock
603 987 20 28 ej
635 987 37 21 för
681 988 81 28 längre
772 988 36 21 tid
818 991 30 18 än
858 988 48 22 fem
916 989 31 21 år.

260 1021 157 28 Fullmakten,
441 1028 50 15 som
510 1022 61 21 skall
585 1029 55 14 vara
655 1022 113 28 antingen
783 1022 106 22 skrifven
904 1023 44 21 och

191 1056 182 22 underskrifven
388 1056 26 21 af
426 1056 137 21 utställaren
579 1058 60 19 samt
653 1056 53 21 med
722 1056 87 22 dennes
824 1057 63 26 sigill
901 1056 47 22 för-

193 1090 62 28 sedd,
281 1090 56 21 eller
360 1090 26 21 af
406 1090 85 22 honom
514 1090 175 22 undertecknad
704 1091 44 21 och
764 1091 25 21 af
802 1092 92 21 vittnen
909 1091 38 21 be-

191 1124 84 29 styrkt,
291 1124 36 21 får
343 1124 20 29 ej
380 1124 26 22 af
420 1124 45 22 den
479 1124 209 28 befullmäktigade
704 1125 13 21 å
728 1132 75 14 annan
815 1125 132 26 öfverlåtas,

192 1159 93 28 såframt
299 1159 20 27 ej
332 1159 51 28 laga
396 1159 75 27 förfall
485 1159 35 28 för
533 1160 77 20 honom
624 1159 114 29 föreligger
753 1160 37 21 och
805 1161 45 20 rätt
868 1160 34 22 till
916 1160 31 28 öf-

191 1193 107 22 verlåtelse
313 1195 8 19 i
335 1193 127 28 fullmakten
477 1193 128 29 medgifvits.

258 1227 76 28 Ingen
357 1227 37 21 må
416 1227 30 28 på
468 1227 77 28 grund
567 1227 25 21 af
613 1227 110 21 fullmakt
745 1228 51 21 föra
810 1228 64 21 talan
890 1228 57 21 eller

190 1260 82 22 utöfva
287 1262 58 20 röst-
361 1260 43 22 och
419 1260 85 22 valrätt
519 1260 37 22 för
570 1268 49 14 mer
635 1264 29 18 än
680 1268 28 14 en
722 1261 187 28 röstberättigad.

540 1325 27 21 13
582 1324 19 26 $.

258 1363 240 22 Kommunalstämma
519 1366 71 26 utser,
613 1363 80 29 hvarje
714 1364 63 29 gång
798 1364 36 22 för
856 1366 35 19 tre
914 1365 31 27 år,

190 1397 72 23 bland
283 1398 200 29 röstberättigade,
503 1399 64 21 inom
591 1399 141 21 kommunen
754 1399 93 22 bosatta
868 1399 78 28 (utesl.)

190 1432 149 22 medlemmar
353 1441 29 14 en
398 1433 139 22 ordförande
552 1434 43 21 och
611 1441 29 14 en
655 1434 198 21 viceordförande.
