1036 1711
202 146 27 21 70
428 144 31 22 U.
473 145 29 21 B.
516 156 27 3 —
558 143 72 28 Prop.
645 143 42 22 N:o
701 143 22 21 6.

201 221 52 15 man
268 221 34 14 ser
317 215 46 20 icke
378 215 56 20 hvad
449 214 39 20 allt
503 215 35 20 det
552 215 40 19 har
606 214 50 19 med
671 214 37 23 sig,
725 213 33 20 att
772 213 35 24 lag
818 213 49 20 eller
877 213 74 25 lagens

202 245 89 19 väktare
314 244 17 24 ej
354 246 38 22 gör
414 243 70 24 nägon
506 243 106 20 ätskilnad
630 242 78 20 mellan
730 242 165 24 arbetsdagarne
911 243 40 20 och

201 273 132 23 hvilodagen.
357 272 43 20 Och
416 272 52 19 dock
482 273 38 19 har
535 271 77 25 följden
627 271 63 19 häraf
702 270 26 25 pä
739 271 138 19 kontinenten
888 272 62 24 varit,

201 302 34 20 att
249 301 78 21 talrika
342 306 88 19 grupper
445 300 24 20 af
484 300 147 24 befolkningen
646 300 90 19 faktiskt
750 300 47 19 icke
815 300 47 19 haft
879 300 72 24 nägon

202 331 54 19 enda
278 330 24 20 af
321 330 93 19 veckans
437 329 33 24 sju
492 330 66 23 dagar
573 329 61 23 ledig,
652 329 52 19 utan
720 333 22 15 se
758 328 32 24 sig
805 328 96 24 tvungna
917 330 34 19 att

202 359 74 19 arbeta
291 358 63 20 äfven
367 358 27 24 pä
407 358 113 24 söndagen.
550 357 32 25 Ty
597 358 36 18 det
654 357 39 19 har
715 357 32 20 för
769 357 74 20 skaror
858 358 23 19 af
894 358 55 25 dem,

201 393 48 15 som
264 390 36 17 äro
316 386 98 21 anstälda
429 387 7 19 i
451 387 77 19 andras
543 386 72 25 tjenst,
631 386 57 20 visat
702 386 32 24 sig
742 386 66 24 svärt,
820 386 31 20 för
861 387 34 19 att
904 387 47 20 icke

201 418 53 22 säga
269 415 101 24 omöjligt,
386 415 34 20 att
434 414 80 21 erhälla
529 415 73 20 arbete
617 420 35 14 om
668 415 25 19 de
709 414 121 24 ejförbinda
840 415 33 24 sig
883 415 68 20 dertill

201 445 63 19 äfven
279 444 27 25 pä
321 445 113 23 söndagen.
450 444 47 19 Med
511 443 163 26 invändningen,
690 444 32 19 att
737 443 61 25 lagen
812 443 18 24 ej
842 444 37 19 bär
889 444 62 20 skuld

201 473 32 20 för
255 473 77 20 sådant
354 478 48 15 som
424 473 60 19 beror
506 473 23 19 af
550 472 105 20 enskildes
674 472 221 25 öfverenskommelse,
911 473 40 20 har

201 501 114 20 samhället
330 501 46 20 icke
393 501 44 20 rätt
453 501 32 20 att
499 501 113 24 undskylla
634 501 38 24 sig,
695 502 24 23 ty
734 501 36 20 det
786 503 23 17 är
824 501 126 20 samhällets

200 531 41 23 lag,
257 535 46 15 som
327 529 151 25 upprätthäller
494 530 63 19 äfven
571 530 25 19 de
612 529 130 25 arbetsaftal,
757 529 85 20 hvilkas
856 530 95 20 faktiska

201 564 36 14 om
260 561 27 17 än
309 559 45 19 icke
373 558 59 20 alltid
447 558 82 24 synliga
552 558 100 19 innebörd
675 560 28 21 är,
720 558 32 19 att
767 558 73 19 arbete
855 559 37 18 bör
906 563 45 19 pre-

201 588 69 18 steras
283 586 80 25 jemväl
378 586 13 20 å
406 587 87 23 söndag.
523 586 71 24 Lagen
616 586 43 20 kan
674 586 68 20 derför
758 586 105 24 svårligen
878 586 71 25 undgå

201 616 33 19 att
251 620 78 20 genom
348 615 74 19 förbud
443 616 46 18 mot
505 614 80 21 sädana
600 614 57 24 slags
672 615 87 19 arbeten
774 615 39 19 och
829 615 121 24 sysselsätt-

201 645 75 23 ningar
290 644 27 24 pä
331 644 85 24 söndag,
428 649 47 14 som
486 644 65 23 enligt
562 644 146 19 erfarenheten
719 643 134 25 gemenligen
863 644 88 20 beröfva

201 678 26 14 en
249 672 34 20 del
304 672 24 20 af
341 672 124 20 samhällets
480 672 141 20 medlemmar
636 672 171 25 söndagshvilan,
822 672 129 21 tillförsäkra

201 702 48 19 dem
269 701 137 25 möjligheten
425 700 23 20 af
461 701 33 19 att
509 700 79 20 erhålla
604 700 72 20 sådan.
706 701 40 20 Det
762 716 4 10 ,
768 700 134 26 frisinnade”
918 707 32 19 yr-

200 730 81 20 kandet
298 730 33 20 att
346 730 109 24 söndagen
469 730 38 18 bör
521 734 52 16 vara
588 730 32 23 fri,
636 730 124 19 oinskränkt
775 730 98 23 frigifven
889 730 60 20 säväl

199 758 33 20 till
246 759 79 25 arbete,
344 764 47 14 som
406 758 130 20 förlustelser
560 759 39 19 och
622 759 66 19 annat
710 758 73 26 dylikt,
801 759 88 19 förbiser
904 759 46 19 helt

200 788 39 19 och
254 786 66 21 hället
335 788 36 19 det
383 787 100 24 förtryck,
499 787 31 19 för
540 787 82 19 hvilket
632 787 52 19 det
680 782 11 33 i
701 787 145 24 verkligheten
857 788 92 20 utsätter

200 816 41 20 alla
257 816 54 24 dem,
327 816 73 19 hvilka
414 815 70 20 mäste
503 815 72 25 släppa
590 815 32 20 till
643 816 38 18 sitt
695 816 73 20 arbete
783 816 40 20 ock
838 816 32 19 sin
885 816 65 20 hvilo-

200 845 47 24 dag,
263 844 27 25 pä
305 844 36 20 det
356 844 33 20 att
404 844 66 19 andra
485 844 35 20 mä
535 844 7 19 i
557 844 51 19 fulla
626 844 52 24 drag
695 844 21 20 fä
734 844 60 24 njuta
805 845 23 19 af
836 845 33 19 sin
879 845 70 20 frihet.

201 873 40 19 Om
261 873 40 19 den
323 872 91 20 träldom
436 873 66 19 under
524 873 88 24 arbetet,
635 873 66 19 under
722 872 86 21 hvilken
830 878 83 15 massor
929 873 23 20 af

200 901 148 25 befolkningen
370 902 6 19 i
394 901 173 20 kulturländerna
589 901 27 25 pä
630 901 139 20 kontinenten
784 902 77 19 suckat
875 902 7 19 i
897 902 50 25 följd

200 931 24 19 af
236 930 139 24 hvilodagens
390 930 165 24 äsidosättande,
577 930 56 20 talar
650 935 52 15 man
717 931 99 24 vanligen
830 931 52 24 icke,
898 936 51 15 men

200 959 35 20 väl
249 959 113 24 redogöres
377 959 7 19 i
398 964 87 19 pressen
495 959 32 20 för
536 959 67 24 nägra
613 959 142 24 tilläfventyrs
766 959 82 20 mindre
858 959 89 25 lyckade

199 988 167 24 bestämningar,
375 987 112 25 äsyftande
495 988 31 19 ett
534 987 157 20 ätervändande
701 987 46 21 frän
758 988 36 20 det
804 993 26 15 en
841 989 30 19 tid
879 988 71 21 bortät

199 1017 64 24 följda
278 1017 114 19 frisinnade
407 1017 111 23 systemet,
534 1016 33 20 för
581 1016 82 20 hvilket
677 1017 71 20 vidare
764 1017 108 24 utrymme
883 1023 66 18 synes

199 1045 90 24 begäras
304 1045 39 20 hos
359 1050 41 15 oss.
416 1055 27 3 —
459 1045 48 20 Man
521 1045 56 20 beler
592 1045 36 20 det
643 1045 101 24 engelska
758 1045 189 26 sabbatsfirandet;

200 1074 39 19 och
254 1074 65 20 sannt
334 1076 28 22 är,
378 1074 34 19 att
427 1074 36 19 der
478 1074 31 19 ett
524 1074 167 20 sabbatsfirande
706 1074 18 24 ej
740 1074 72 20 består
827 1075 6 18 i
844 1075 67 20 annat
921 1077 28 18 än

199 1102 97 20 formella
318 1103 135 23 kyrkobesök
475 1103 39 19 och
536 1102 153 20 afhållsamhet
710 1102 45 21 från
772 1103 82 24 vanligt
868 1104 79 23 arbete,

199 1131 36 19 det
250 1131 19 23 ej
284 1133 23 17 är
322 1131 87 23 mycket
424 1131 93 19 bevändt
531 1131 96 23 dermed;
643 1136 49 14 men
707 1136 52 14 man
773 1131 71 24 frågar
860 1131 32 24 sig
902 1132 47 19 icke

199 1159 104 19 huruvida
319 1159 18 23 ej
353 1158 87 25 engelsk
455 1159 181 24 arbetsduglighet
650 1159 39 20 och
705 1159 87 24 engelsk
808 1160 71 24 energi
893 1160 54 20 dock

199 1187 34 20 stå
248 1188 7 18 i
269 1187 66 25 något
349 1188 57 24 slags
422 1188 157 24 sammanhang
594 1188 49 19 med
653 1188 137 24 hvilodagens
801 1188 146 25 användande;

199 1216 39 19 och
253 1220 52 16 man
327 1216 104 24 glömmer
453 1216 127 20 framförallt
602 1216 33 20 att
649 1216 60 24 fråga
727 1216 38 25 sig,
782 1217 104 19 huruvida
900 1217 47 20 icke

198 1245 158 19 missaktandet
371 1244 23 20 af
407 1245 38 19 den
462 1244 120 24 gudomliga
597 1245 123 24 anordning,
737 1250 47 14 som
799 1246 6 18 i
820 1245 127 23 hvilodagen

198 1272 92 19 kommit
306 1272 31 19 ett
351 1272 7 19 i
373 1271 49 20 vårt
436 1272 92 20 väsende
544 1282 26 3 —
586 1273 17 23 ej
622 1272 54 20 blott
691 1273 7 19 i
712 1272 39 20 vår
766 1273 63 20 natur
843 1283 29 3 —
886 1278 61 18 grun-

199 1300 51 20 dadt
263 1300 66 20 behof
341 1300 31 19 till
387 1301 75 23 mötes,
479 1300 55 20 varit
550 1306 26 14 en
591 1300 62 20 bland
669 1301 24 19 de
708 1301 100 25 faktorer,
824 1306 47 14 som
884 1302 64 19 fram-

198 1328 67 21 kallat
287 1329 25 19 de
334 1329 99 24 bekanta,
449 1328 118 25 beklagliga
582 1328 198 26 samhällsfientliga
795 1330 152 20 sträfvandena

198 1358 63 19 bland
275 1357 244 25 arbetarebefolkningen
535 1358 7 20 i
556 1357 53 21 våra
624 1358 71 24 dagar.

266 1386 128 24 Visserligen
416 1387 39 19 har
477 1392 51 14 man
549 1387 7 19 i
571 1386 49 20 vårt
634 1386 49 20 land
699 1390 57 17 ännu
770 1388 47 19 icke
832 1388 76 19 hunnit
923 1387 24 21 så

198 1414 60 25 långt
272 1414 27 25 på
314 1415 69 20 denna
399 1418 48 21 väg,
463 1420 47 15 som
524 1416 7 19 i
546 1420 27 15 en
588 1415 33 20 del
636 1416 144 20 kulturländer
796 1416 26 24 på
837 1416 108 20 kontinen-

265 1452 206 19 Kommunalutskottets
483 1452 111 19 betänkande
604 1452 34 19 N:o
650 1453 16 18 1.
