1039 1709
189 146 29 22 50
417 145 30 23 U.
462 145 28 22 B.
505 157 28 3 —
548 144 75 28 Prop.
638 144 40 22 N:o
693 144 22 22 6.

189 216 56 23 ligen
261 216 50 19 böra
327 215 49 20 eller
391 216 52 19 utan
458 216 77 18 andras
551 215 134 23 betungande
700 219 39 15 ens
754 215 73 20 kunna
834 214 32 20 till
874 215 68 19 större

191 244 48 19 eller
261 244 84 19 mindre
363 244 33 19 del
414 243 84 20 befrias.
528 244 101 19 Deremot
644 243 63 20 borde
721 243 80 24 jemväl
816 242 66 24 enligt
897 242 45 20 min

190 272 65 20 tanke
271 272 27 19 all
313 273 63 19 ränta
390 272 26 25 på
432 278 17 13 s.
465 272 19 19 k.
500 271 105 26 personlig
620 272 54 23 gäld,
690 272 87 19 hvilken
792 272 62 19 äfven
870 272 73 23 fastig-

190 301 127 23 hetsegaren
327 300 19 24 ej
354 300 68 20 sällan
430 305 49 19 eger
486 300 84 20 utöfver
578 300 140 23 fastighetens
727 300 71 23 värde,
807 299 21 20 få
836 299 106 24 afdragas.

258 329 77 19 Vidare
357 329 81 23 nödgas
454 329 37 23 jag
508 329 7 19 i
532 328 61 24 fråga
612 333 35 15 om
664 329 44 19 rätt
723 327 31 21 till
770 329 74 23 afdrag
858 328 32 19 för
904 328 38 24 arf,

191 358 130 19 testamente
336 357 50 20 eller
396 357 154 20 fideikommiss
560 357 31 20 till
602 357 96 24 arfvinge
708 357 69 20 erinra
788 362 35 15 om
834 357 36 19 det
880 356 62 24 slägt-

190 385 62 24 band,
271 391 47 14 som
333 385 38 20 allt
386 385 46 20 från
447 385 108 20 hedenhös
570 385 48 20 rådt
634 386 39 19 och
688 386 55 19 trots
757 385 70 20 tidens
842 385 102 24 rörlighet

191 414 38 19 allt
251 414 130 20 fortfarande
404 414 100 20 särskildt
526 414 27 25 på
570 414 146 24 landsbygden
733 413 62 21 råder
810 413 91 21 emellan
917 414 26 19 de

190 443 110 20 närmaste
318 443 191 25 familjegrenarna,
528 443 80 24 syskon
623 443 40 20 och
685 443 62 20 deras
762 443 58 24 barn,
836 443 40 20 och
891 443 51 19 hvil-

190 472 41 19 ken
254 471 239 25 samhörighetskänsla,
516 472 46 19 icke
584 472 66 19 minst
672 472 39 20 hos
733 471 106 25 allmogen
857 472 39 20 och
912 471 30 20 till

190 501 93 19 fromma
298 500 31 20 för
342 501 129 24 jordbruket,
487 500 111 25 möjliggör
613 505 27 15 en
654 500 74 24 fredlig
744 500 39 21 och
793 500 57 24 billig
859 499 84 21 arfsdel-

190 529 56 24 ning.
277 529 46 20 Med
338 530 70 19 denna
423 529 75 20 känsla
514 532 23 17 är
551 529 7 20 i
573 528 70 25 någon
652 529 51 20 mån
710 529 130 25 förknippad,
849 529 93 20 förutom

191 558 80 19 tanken
293 557 28 25 på
343 557 83 20 bistånd
448 558 40 20 och
510 558 68 23 skydd
595 557 48 20 från
660 558 40 19 den
716 558 89 19 besutne
821 558 123 24 arfvingens

191 587 51 23 sida,
265 586 64 19 äfven
348 587 151 19 medvetandet
517 591 35 16 om
571 586 98 20 eventuel
684 586 88 21 arfsrätt
788 587 53 19 efter
856 587 87 19 honom.

190 615 41 20 Det
246 619 64 20 synes
325 615 47 20 icke
386 620 52 15 vara
453 615 87 20 rättvist
555 615 33 20 att
603 620 36 14 om
654 620 27 14 en
696 615 66 20 under
778 615 80 20 sådana
868 615 76 20 förhål-

190 644 76 19 landen
281 643 48 20 mot
343 643 35 24 låg
393 643 127 20 arfsutlösen
536 643 84 20 afstådd
635 644 103 23 fastighet
753 643 49 20 eller
818 649 71 14 annan
904 644 39 19 för-

190 671 51 20 mån
256 672 7 19 i
281 672 81 19 sidoarf
375 671 89 26 återgår,
481 673 75 19 värdet
571 673 23 19 af
607 671 78 21 sådant
700 672 34 20 arf
748 671 49 21 eller
812 673 132 19 testamente

191 701 54 20 skall
267 700 72 21 såsom
362 705 70 16 annan
455 701 95 20 inkomst
571 700 110 21 betraktas
700 701 38 20 och
755 701 23 20 af
791 701 104 20 kommun
910 701 34 20 be-

191 729 90 25 skattas,
297 729 56 20 helst
367 729 63 20 äfven
445 730 77 23 staten,
538 735 47 14 som
601 729 54 20 dock
670 729 44 20 står
730 730 62 19 dessa
808 729 47 20 små
868 729 76 20 förhål-

190 758 77 20 landen
289 758 50 20 vida
357 759 106 23 fjermare,
483 758 35 20 vid
533 758 163 20 bestämmande
711 759 24 20 af
747 759 104 20 arfsskatt
866 759 6 19 i
888 758 56 21 form

191 787 24 20 af
227 786 207 25 stämpelbevillning
448 787 46 20 från
510 787 105 23 sterbhus,
631 787 55 24 tagit
701 787 69 24 skälig
780 787 84 24 hänsyn
872 787 32 20 till
912 787 31 20 så-

191 815 35 20 väl
240 815 71 20 faders
326 815 40 20 och
381 816 91 24 moders,
488 821 47 14 som
550 816 92 24 syskons
658 816 38 20 och
712 817 62 19 deras
789 816 155 23 afkomlingars

191 843 132 25 väsentligen
338 844 43 21 lika
396 844 100 25 ställning
512 845 38 20 och
561 844 91 20 intresse
662 843 164 26 (Förordningen
835 850 35 15 om
879 845 65 20 stäm-

190 872 148 25 pelbevillning
355 873 13 22 $
385 873 26 22 6).
441 873 40 24 Jag
498 873 80 25 hoppas
593 873 69 20 derför
677 874 33 19 att
725 874 112 20 enahanda
852 874 93 20 rättvisa

191 902 40 19 och
246 901 83 20 förmån
344 901 68 20 måtte
428 907 77 18 genom
521 902 73 23 nödigt
609 901 73 25 tillägg
697 902 32 19 till
744 907 65 15 mom.
822 903 10 18 1
845 902 23 20 af
874 903 71 20 denna

191 931 11 22 8
218 930 63 20 dessa
296 933 52 17 nära
363 930 108 24 arfvingar
487 931 93 20 beredas.

259 959 10 19 I
292 958 93 25 enlighet
402 959 50 19 med
471 959 56 20 hvad
540 959 38 24 jag
592 958 90 21 sålunda
698 959 76 24 anfört,
790 959 32 20 får
834 960 38 23 jag
886 959 58 24 förty

191 987 124 24 ödmjukast
330 987 77 20 föreslå
422 987 67 20 sådan
504 988 80 23 lydelse
599 988 31 19 för
646 988 11 22 &
673 987 36 20 82:

396 1044 76 20 Såsom
487 1045 97 20 skattbar
602 1056 23 2 —
643 1055 28 2 —
681 1054 26 4 —
719 1045 99 24 afdragas
830 1046 18 23 ej
860 1045 84 20 mindre

328 1073 25 20 de
371 1073 139 24 nödvändiga,
527 1073 66 25 årliga
609 1073 129 20 underhålls-
754 1074 39 19 och
808 1074 136 20 driftkostna-

328 1102 71 23 derna,
416 1102 130 19 arbetslöner
561 1102 35 20 och
606 1103 64 18 ränta
681 1101 31 25 på
720 1102 104 24 personlig
834 1103 66 23 skuld,
917 1105 27 17 än

328 1130 63 19 äfven
408 1140 23 3 —
449 1140 27 3 —
491 1140 27 4 —
534 1135 52 16 vara
597 1130 43 20 må.
664 1130 101 21 Deremot
775 1131 32 20 får
816 1131 74 24 afdrag
897 1131 48 20 icke

328 1159 38 19 ske
381 1159 32 19 för
427 1159 63 19 ränta
505 1158 27 25 på
547 1159 71 22 (utesl.)
634 1159 67 23 skuld,
717 1164 43 15 som
770 1165 76 14 svarar
853 1161 42 18 mot
905 1160 39 19 till-

327 1186 57 25 gång
398 1187 8 19 i
417 1187 104 26 fastighet,
537 1187 87 24 sytning
640 1197 28 3 —
677 1197 27 4 —
718 1197 21 4 —
750 1187 194 21 kommunalskatt.

327 1215 59 20 Dock
408 1215 36 19 må
466 1215 74 24 afdrag
562 1218 63 22 göras
643 1215 32 20 för
694 1216 37 23 arf,
747 1217 130 19 testamente
893 1217 51 20 eller

328 1243 154 19 fideikommiss
498 1244 31 19 till
544 1245 64 18 make
623 1243 51 20 eller
689 1244 95 23 arfvinge
800 1245 30 18 uti
840 1245 45 18 rätt
894 1250 51 19 upp-

327 1271 40 20 och
389 1271 139 24 nedstigande
545 1271 33 20 led
594 1270 46 21 eller
655 1272 75 24 syskon
745 1271 47 20 eller
806 1272 62 20 deras
883 1272 61 20 barn.

396 1332 56 15 mom
467 1329 14 18 2
494 1327 69 26 utgår.

396 1390 66 15 mom.
478 1385 12 20 8
506 1386 142 20 oförändradt.

259 1439 219 20 Kommunalautskottets
489 1440 111 19 betänkande
610 1440 35 18 N:o
657 1442 15 17 1.
