<?xml version="1.0" encoding="UTF-8"?>
<alto xmlns="http://www.loc.gov/standards/alto/ns-v3#" xmlns:xlink="http://www.w3.org/1999/xlink" xmlns:xsi="http://www.w3.org/2001/XMLSchema-instance" xsi:schemaLocation="http://www.loc.gov/standards/alto/ns-v3# http://www.loc.gov/alto/v3/alto-3-0.xsd">
	<Description>
		<MeasurementUnit>pixel</MeasurementUnit>
		<sourceImageInformation>
			<fileName>/tmp/tess_q1upo9ft_input.PNG</fileName>
		</sourceImageInformation>
		<OCRProcessing ID="OCR_0">
			<ocrProcessingStep>
				<processingSoftware>
					<softwareName>tesseract 5.3.4</softwareName>
				</processingSoftware>
			</ocrProcessingStep>
		</OCRProcessing>
	</Description>
	<Layout>
		<Page WIDTH="1042" HEIGHT="1706" PHYSICAL_IMG_NR="0" ID="page_0">
			<PrintSpace HPOS="0" VPOS="0" WIDTH="1042" HEIGHT="1706">
				<ComposedBlock ID="cblock_0" HPOS="332" VPOS="125" WIDTH="496" HEIGHT="29">
					<TextBlock ID="block_0" HPOS="332" VPOS="125" WIDTH="496" HEIGHT="29">
						<TextLine ID="line_0" HPOS="332" VPOS="125" WIDTH="496" HEIGHT="29">
							<String ID="string_0" HPOS="332" VPOS="125" WIDTH="29" HEIGHT="23" WC="0.90" CONTENT="U."/><SP WIDTH="16" VPOS="125" HPOS="361"/>
							<String ID="string_1" HPOS="377" VPOS="125" WIDTH="27" HEIGHT="22" WC="0.91" CONTENT="B."/><SP WIDTH="17" VPOS="125" HPOS="404"/>
							<String ID="string_2" HPOS="421" VPOS="139" WIDTH="27" HEIGHT="3" WC="0.89" CONTENT="—"/><SP WIDTH="16" VPOS="139" HPOS="448"/>
							<String ID="string_3" HPOS="464" VPOS="126" WIDTH="74" HEIGHT="28" WC="0.95" CONTENT="Prop."/><SP WIDTH="15" VPOS="126" HPOS="538"/>
							<String ID="string_4" HPOS="553" VPOS="125" WIDTH="45" HEIGHT="23" WC="0.96" CONTENT="N:o"/><SP WIDTH="16" VPOS="125" HPOS="598"/>
							<String ID="string_5" HPOS="614" VPOS="125" WIDTH="23" HEIGHT="23" WC="0.90" CONTENT="2."/><SP WIDTH="163" VPOS="125" HPOS="637"/>
							<String ID="string_6" HPOS="800" VPOS="126" WIDTH="28" HEIGHT="20" WC="0.96" CONTENT="85"/>
						</TextLine>
					</TextBlock>
				</ComposedBlock>
				<ComposedBlock ID="cblock_1" HPOS="106" VPOS="196" WIDTH="753" HEIGHT="1244">
					<TextBlock ID="block_1" HPOS="109" VPOS="196" WIDTH="750" HEIGHT="58">
						<TextLine ID="line_1" HPOS="110" VPOS="196" WIDTH="749" HEIGHT="30">
							<String ID="string_7" HPOS="110" VPOS="196" WIDTH="34" HEIGHT="23" WC="0.93" CONTENT="sin"/><SP WIDTH="19" VPOS="196" HPOS="144"/>
							<String ID="string_8" HPOS="163" VPOS="196" WIDTH="149" HEIGHT="28" WC="0.91" CONTENT="hufvudman,"/><SP WIDTH="20" VPOS="196" HPOS="312"/>
							<String ID="string_9" HPOS="332" VPOS="200" WIDTH="55" HEIGHT="19" WC="0.96" CONTENT="utan"/><SP WIDTH="19" VPOS="200" HPOS="387"/>
							<String ID="string_10" HPOS="406" VPOS="200" WIDTH="35" HEIGHT="19" WC="0.93" CONTENT="att"/><SP WIDTH="18" VPOS="200" HPOS="441"/>
							<String ID="string_11" HPOS="459" VPOS="198" WIDTH="135" HEIGHT="22" WC="0.91" CONTENT="nämnvärdt"/><SP WIDTH="16" VPOS="198" HPOS="594"/>
							<String ID="string_12" HPOS="610" VPOS="197" WIDTH="110" HEIGHT="29" WC="0.96" CONTENT="dröjsmål"/><SP WIDTH="15" VPOS="197" HPOS="720"/>
							<String ID="string_13" HPOS="735" VPOS="197" WIDTH="9" HEIGHT="21" WC="0.93" CONTENT="i"/><SP WIDTH="14" VPOS="197" HPOS="744"/>
							<String ID="string_14" HPOS="758" VPOS="204" WIDTH="101" HEIGHT="22" WC="0.90" CONTENT="process-"/>
						</TextLine>
						<TextLine ID="line_2" HPOS="109" VPOS="232" WIDTH="502" HEIGHT="22">
							<String ID="string_15" HPOS="109" VPOS="232" WIDTH="141" HEIGHT="22" WC="0.96" CONTENT="förfarandet"/><SP WIDTH="17" VPOS="232" HPOS="250"/>
							<String ID="string_16" HPOS="267" VPOS="233" WIDTH="68" HEIGHT="21" WC="0.96" CONTENT="däraf"/><SP WIDTH="12" VPOS="233" HPOS="335"/>
							<String ID="string_17" HPOS="347" VPOS="232" WIDTH="74" HEIGHT="22" WC="0.96" CONTENT="skulle"/><SP WIDTH="16" VPOS="232" HPOS="421"/>
							<String ID="string_18" HPOS="437" VPOS="233" WIDTH="174" HEIGHT="21" WC="0.95" CONTENT="åstadkommas."/>
						</TextLine>
					</TextBlock>
					<TextBlock ID="block_2" HPOS="108" VPOS="268" WIDTH="750" HEIGHT="135">
						<TextLine ID="line_3" HPOS="180" VPOS="268" WIDTH="678" HEIGHT="29">
							<String ID="string_19" HPOS="180" VPOS="268" WIDTH="41" HEIGHT="22" WC="0.96" CONTENT="Uti"/><SP WIDTH="18" VPOS="268" HPOS="221"/>
							<String ID="string_20" HPOS="239" VPOS="271" WIDTH="13" HEIGHT="19" WC="0.96" CONTENT="3"/><SP WIDTH="21" VPOS="271" HPOS="252"/>
							<String ID="string_21" HPOS="273" VPOS="276" WIDTH="68" HEIGHT="14" WC="0.96" CONTENT="mom."/><SP WIDTH="18" VPOS="276" HPOS="341"/>
							<String ID="string_22" HPOS="359" VPOS="269" WIDTH="26" HEIGHT="21" WC="0.96" CONTENT="af"/><SP WIDTH="13" VPOS="269" HPOS="385"/>
							<String ID="string_23" HPOS="398" VPOS="276" WIDTH="85" HEIGHT="14" WC="0.95" CONTENT="samma"/><SP WIDTH="16" VPOS="276" HPOS="483"/>
							<String ID="string_24" HPOS="499" VPOS="268" WIDTH="108" HEIGHT="29" WC="0.95" CONTENT="paragraf"/><SP WIDTH="13" VPOS="268" HPOS="607"/>
							<String ID="string_25" HPOS="620" VPOS="268" WIDTH="40" HEIGHT="22" WC="0.96" CONTENT="har"/><SP WIDTH="15" VPOS="268" HPOS="660"/>
							<String ID="string_26" HPOS="675" VPOS="268" WIDTH="121" HEIGHT="22" WC="0.93" CONTENT="Utskottet"/><SP WIDTH="14" VPOS="268" HPOS="796"/>
							<String ID="string_27" HPOS="810" VPOS="268" WIDTH="48" HEIGHT="20" WC="0.90" CONTENT="vid-"/>
						</TextLine>
						<TextLine ID="line_4" HPOS="110" VPOS="300" WIDTH="748" HEIGHT="32">
							<String ID="string_28" HPOS="110" VPOS="304" WIDTH="60" HEIGHT="28" WC="0.96" CONTENT="tagit"/><SP WIDTH="15" VPOS="304" HPOS="170"/>
							<String ID="string_29" HPOS="185" VPOS="311" WIDTH="28" HEIGHT="14" WC="0.96" CONTENT="en"/><SP WIDTH="15" VPOS="311" HPOS="213"/>
							<String ID="string_30" HPOS="228" VPOS="300" WIDTH="88" HEIGHT="25" WC="0.93" CONTENT="mindre"/><SP WIDTH="16" VPOS="300" HPOS="316"/>
							<String ID="string_31" HPOS="332" VPOS="303" WIDTH="270" HEIGHT="29" WC="0.92" CONTENT="redaktionsförändring,"/><SP WIDTH="12" VPOS="303" HPOS="602"/>
							<String ID="string_32" HPOS="614" VPOS="311" WIDTH="82" HEIGHT="21" WC="0.96" CONTENT="genom"/><SP WIDTH="10" VPOS="311" HPOS="696"/>
							<String ID="string_33" HPOS="706" VPOS="303" WIDTH="95" HEIGHT="22" WC="0.93" CONTENT="hvilken"/><SP WIDTH="9" VPOS="303" HPOS="801"/>
							<String ID="string_34" HPOS="810" VPOS="304" WIDTH="48" HEIGHT="20" WC="0.92" CONTENT="tan-"/>
						</TextLine>
						<TextLine ID="line_5" HPOS="108" VPOS="338" WIDTH="750" HEIGHT="30">
							<String ID="string_35" HPOS="108" VPOS="340" WIDTH="45" HEIGHT="21" WC="0.93" CONTENT="ken"/><SP WIDTH="23" VPOS="340" HPOS="153"/>
							<String ID="string_36" HPOS="176" VPOS="339" WIDTH="48" HEIGHT="21" WC="0.90" CONTENT="deri"/><SP WIDTH="23" VPOS="339" HPOS="224"/>
							<String ID="string_37" HPOS="247" VPOS="339" WIDTH="114" HEIGHT="29" WC="0.96" CONTENT="tydligare"/><SP WIDTH="23" VPOS="339" HPOS="361"/>
							<String ID="string_38" HPOS="384" VPOS="343" WIDTH="29" HEIGHT="18" WC="0.95" CONTENT="än"/><SP WIDTH="20" VPOS="343" HPOS="413"/>
							<String ID="string_39" HPOS="433" VPOS="339" WIDTH="8" HEIGHT="21" WC="0.95" CONTENT="i"/><SP WIDTH="16" VPOS="339" HPOS="441"/>
							<String ID="string_40" HPOS="457" VPOS="340" WIDTH="44" HEIGHT="20" WC="0.96" CONTENT="den"/><SP WIDTH="16" VPOS="340" HPOS="501"/>
							<String ID="string_41" HPOS="517" VPOS="338" WIDTH="83" HEIGHT="30" WC="0.96" CONTENT="nådiga"/><SP WIDTH="15" VPOS="338" HPOS="600"/>
							<String ID="string_42" HPOS="615" VPOS="339" WIDTH="172" HEIGHT="29" WC="0.93" CONTENT="propositionen"/><SP WIDTH="15" VPOS="339" HPOS="787"/>
							<String ID="string_43" HPOS="802" VPOS="340" WIDTH="56" HEIGHT="20" WC="0.93" CONTENT="åter-"/>
						</TextLine>
						<TextLine ID="line_6" HPOS="108" VPOS="374" WIDTH="79" HEIGHT="29">
							<String ID="string_44" HPOS="108" VPOS="374" WIDTH="79" HEIGHT="29" WC="0.88" CONTENT="gifves."/>
						</TextLine>
					</TextBlock>
					<TextBlock ID="block_3" HPOS="109" VPOS="410" WIDTH="749" HEIGHT="201">
						<TextLine ID="line_7" HPOS="180" VPOS="410" WIDTH="677" HEIGHT="29">
							<String ID="string_45" HPOS="180" VPOS="410" WIDTH="12" HEIGHT="22" WC="0.96" CONTENT="I"/><SP WIDTH="24" VPOS="410" HPOS="192"/>
							<String ID="string_46" HPOS="216" VPOS="411" WIDTH="164" HEIGHT="28" WC="0.96" CONTENT="sammanhang"/><SP WIDTH="22" VPOS="411" HPOS="380"/>
							<String ID="string_47" HPOS="402" VPOS="412" WIDTH="94" HEIGHT="20" WC="0.95" CONTENT="härmed"/><SP WIDTH="23" VPOS="412" HPOS="496"/>
							<String ID="string_48" HPOS="519" VPOS="414" WIDTH="47" HEIGHT="19" WC="0.95" CONTENT="tror"/><SP WIDTH="24" VPOS="414" HPOS="566"/>
							<String ID="string_49" HPOS="590" VPOS="411" WIDTH="34" HEIGHT="28" WC="0.96" CONTENT="sig"/><SP WIDTH="23" VPOS="411" HPOS="624"/>
							<String ID="string_50" HPOS="647" VPOS="410" WIDTH="121" HEIGHT="22" WC="0.95" CONTENT="Utskottet"/><SP WIDTH="15" VPOS="410" HPOS="768"/>
							<String ID="string_51" HPOS="783" VPOS="412" WIDTH="74" HEIGHT="20" WC="0.96" CONTENT="såsom"/>
						</TextLine>
						<TextLine ID="line_8" HPOS="110" VPOS="446" WIDTH="748" HEIGHT="29">
							<String ID="string_52" HPOS="110" VPOS="447" WIDTH="35" HEIGHT="22" WC="0.96" CONTENT="sin"/><SP WIDTH="23" VPOS="447" HPOS="145"/>
							<String ID="string_53" HPOS="168" VPOS="447" WIDTH="150" HEIGHT="28" WC="0.96" CONTENT="uppfattning"/><SP WIDTH="23" VPOS="447" HPOS="318"/>
							<String ID="string_54" HPOS="341" VPOS="447" WIDTH="55" HEIGHT="22" WC="0.96" CONTENT="böra"/><SP WIDTH="23" VPOS="447" HPOS="396"/>
							<String ID="string_55" HPOS="419" VPOS="447" WIDTH="119" HEIGHT="22" WC="0.94" CONTENT="framhålla"/><SP WIDTH="16" VPOS="447" HPOS="538"/>
							<String ID="string_56" HPOS="554" VPOS="449" WIDTH="40" HEIGHT="24" WC="0.95" CONTENT="att,"/><SP WIDTH="17" VPOS="449" HPOS="594"/>
							<String ID="string_57" HPOS="611" VPOS="447" WIDTH="72" HEIGHT="21" WC="0.96" CONTENT="ehuru"/><SP WIDTH="15" VPOS="447" HPOS="683"/>
							<String ID="string_58" HPOS="698" VPOS="447" WIDTH="8" HEIGHT="21" WC="0.93" CONTENT="i"/><SP WIDTH="15" VPOS="447" HPOS="706"/>
							<String ID="string_59" HPOS="721" VPOS="446" WIDTH="137" HEIGHT="22" WC="0.91" CONTENT="bestämnin-"/>
						</TextLine>
						<TextLine ID="line_9" HPOS="110" VPOS="483" WIDTH="748" HEIGHT="29">
							<String ID="string_60" HPOS="110" VPOS="490" WIDTH="71" HEIGHT="21" WC="0.95" CONTENT="garna"/><SP WIDTH="25" VPOS="490" HPOS="181"/>
							<String ID="string_61" HPOS="206" VPOS="483" WIDTH="117" HEIGHT="28" WC="0.93" CONTENT="angående"/><SP WIDTH="16" VPOS="483" HPOS="323"/>
							<String ID="string_62" HPOS="339" VPOS="483" WIDTH="92" HEIGHT="22" WC="0.92" CONTENT="besvärs"/><SP WIDTH="16" VPOS="483" HPOS="431"/>
							<String ID="string_63" HPOS="447" VPOS="483" WIDTH="146" HEIGHT="29" WC="0.91" CONTENT="fullföljande"/><SP WIDTH="16" VPOS="483" HPOS="593"/>
							<String ID="string_64" HPOS="609" VPOS="483" WIDTH="6" HEIGHT="20" WC="0.93" CONTENT="i"/><SP WIDTH="16" VPOS="483" HPOS="615"/>
							<String ID="string_65" HPOS="631" VPOS="483" WIDTH="94" HEIGHT="25" WC="0.92" CONTENT="hofrätt,"/><SP WIDTH="16" VPOS="483" HPOS="725"/>
							<String ID="string_66" HPOS="741" VPOS="483" WIDTH="117" HEIGHT="28" WC="0.96" CONTENT="undantag"/>
						</TextLine>
						<TextLine ID="line_10" HPOS="109" VPOS="518" WIDTH="749" HEIGHT="29">
							<String ID="string_67" HPOS="109" VPOS="519" WIDTH="20" HEIGHT="28" WC="0.95" CONTENT="ej"/><SP WIDTH="24" VPOS="519" HPOS="129"/>
							<String ID="string_68" HPOS="153" VPOS="518" WIDTH="74" HEIGHT="29" WC="0.96" CONTENT="gjorts"/><SP WIDTH="21" VPOS="518" HPOS="227"/>
							<String ID="string_69" HPOS="248" VPOS="519" WIDTH="36" HEIGHT="22" WC="0.96" CONTENT="för"/><SP WIDTH="15" VPOS="519" HPOS="284"/>
							<String ID="string_70" HPOS="299" VPOS="519" WIDTH="39" HEIGHT="21" WC="0.96" CONTENT="det"/><SP WIDTH="16" VPOS="519" HPOS="338"/>
							<String ID="string_71" HPOS="354" VPOS="519" WIDTH="41" HEIGHT="21" WC="0.96" CONTENT="fall"/><SP WIDTH="16" VPOS="519" HPOS="395"/>
							<String ID="string_72" HPOS="411" VPOS="521" WIDTH="34" HEIGHT="20" WC="0.93" CONTENT="att"/><SP WIDTH="14" VPOS="521" HPOS="445"/>
							<String ID="string_73" HPOS="459" VPOS="519" WIDTH="157" HEIGHT="22" WC="0.92" CONTENT="besväranden"/><SP WIDTH="15" VPOS="519" HPOS="616"/>
							<String ID="string_74" HPOS="631" VPOS="522" WIDTH="25" HEIGHT="18" WC="0.96" CONTENT="är"/><SP WIDTH="14" VPOS="522" HPOS="656"/>
							<String ID="string_75" HPOS="670" VPOS="519" WIDTH="93" HEIGHT="25" WC="0.93" CONTENT="häktad,"/><SP WIDTH="16" VPOS="519" HPOS="763"/>
							<String ID="string_76" HPOS="779" VPOS="518" WIDTH="79" HEIGHT="21" WC="0.91" CONTENT="försla-"/>
						</TextLine>
						<TextLine ID="line_11" HPOS="109" VPOS="553" WIDTH="748" HEIGHT="30">
							<String ID="string_77" HPOS="109" VPOS="557" WIDTH="40" HEIGHT="25" WC="0.96" CONTENT="get"/><SP WIDTH="20" VPOS="557" HPOS="149"/>
							<String ID="string_78" HPOS="169" VPOS="554" WIDTH="50" HEIGHT="21" WC="0.93" CONTENT="icke"/><SP WIDTH="16" VPOS="554" HPOS="219"/>
							<String ID="string_79" HPOS="235" VPOS="554" WIDTH="60" HEIGHT="21" WC="0.91" CONTENT="afser"/><SP WIDTH="16" VPOS="554" HPOS="295"/>
							<String ID="string_80" HPOS="311" VPOS="556" WIDTH="35" HEIGHT="20" WC="0.93" CONTENT="att"/><SP WIDTH="15" VPOS="556" HPOS="346"/>
							<String ID="string_81" HPOS="361" VPOS="555" WIDTH="117" HEIGHT="28" WC="0.91" CONTENT="upphäfva"/><SP WIDTH="16" VPOS="555" HPOS="478"/>
							<String ID="string_82" HPOS="494" VPOS="555" WIDTH="27" HEIGHT="21" WC="0.96" CONTENT="de"/><SP WIDTH="16" VPOS="555" HPOS="521"/>
							<String ID="string_83" HPOS="537" VPOS="555" WIDTH="79" HEIGHT="22" WC="0.96" CONTENT="härom"/><SP WIDTH="16" VPOS="555" HPOS="616"/>
							<String ID="string_84" HPOS="632" VPOS="562" WIDTH="31" HEIGHT="13" WC="0.95" CONTENT="nu"/><SP WIDTH="16" VPOS="562" HPOS="663"/>
							<String ID="string_85" HPOS="679" VPOS="554" WIDTH="105" HEIGHT="29" WC="0.93" CONTENT="gällande"/><SP WIDTH="15" VPOS="554" HPOS="784"/>
							<String ID="string_86" HPOS="799" VPOS="553" WIDTH="58" HEIGHT="22" WC="0.92" CONTENT="före-"/>
						</TextLine>
						<TextLine ID="line_12" HPOS="109" VPOS="589" WIDTH="128" HEIGHT="22">
							<String ID="string_87" HPOS="109" VPOS="589" WIDTH="128" HEIGHT="22" WC="0.96" CONTENT="skrifterna."/>
						</TextLine>
					</TextBlock>
					<TextBlock ID="block_4" HPOS="107" VPOS="625" WIDTH="750" HEIGHT="208">
						<TextLine ID="line_13" HPOS="179" VPOS="625" WIDTH="678" HEIGHT="30">
							<String ID="string_88" HPOS="179" VPOS="625" WIDTH="46" HEIGHT="22" WC="0.93" CONTENT="För"/><SP WIDTH="19" VPOS="625" HPOS="225"/>
							<String ID="string_89" HPOS="244" VPOS="626" WIDTH="112" HEIGHT="21" WC="0.91" CONTENT="ernående"/><SP WIDTH="16" VPOS="626" HPOS="356"/>
							<String ID="string_90" HPOS="372" VPOS="625" WIDTH="23" HEIGHT="22" WC="0.93" CONTENT="af"/><SP WIDTH="15" VPOS="625" HPOS="395"/>
							<String ID="string_91" HPOS="410" VPOS="625" WIDTH="158" HEIGHT="30" WC="0.92" CONTENT="likformighet"/><SP WIDTH="14" VPOS="625" HPOS="568"/>
							<String ID="string_92" HPOS="582" VPOS="625" WIDTH="142" HEIGHT="23" WC="0.93" CONTENT="beträffande"/><SP WIDTH="16" VPOS="625" HPOS="724"/>
							<String ID="string_93" HPOS="740" VPOS="625" WIDTH="117" HEIGHT="28" WC="0.91" CONTENT="lagförsla-"/>
						</TextLine>
						<TextLine ID="line_14" HPOS="109" VPOS="661" WIDTH="747" HEIGHT="29">
							<String ID="string_94" HPOS="109" VPOS="662" WIDTH="50" HEIGHT="27" WC="0.93" CONTENT="gets"/><SP WIDTH="24" VPOS="662" HPOS="159"/>
							<String ID="string_95" HPOS="183" VPOS="661" WIDTH="218" HEIGHT="28" WC="0.92" CONTENT="tidsbestämningar"/><SP WIDTH="21" VPOS="661" HPOS="401"/>
							<String ID="string_96" HPOS="422" VPOS="662" WIDTH="42" HEIGHT="21" WC="0.96" CONTENT="har"/><SP WIDTH="15" VPOS="662" HPOS="464"/>
							<String ID="string_97" HPOS="479" VPOS="661" WIDTH="7" HEIGHT="22" WC="0.96" CONTENT="i"/><SP WIDTH="18" VPOS="661" HPOS="486"/>
							<String ID="string_98" HPOS="504" VPOS="664" WIDTH="9" HEIGHT="19" WC="0.96" CONTENT="1"/><SP WIDTH="18" VPOS="664" HPOS="513"/>
							<String ID="string_99" HPOS="531" VPOS="669" WIDTH="67" HEIGHT="14" WC="0.96" CONTENT="mom."/><SP WIDTH="18" VPOS="669" HPOS="598"/>
							<String ID="string_100" HPOS="616" VPOS="663" WIDTH="13" HEIGHT="20" WC="0.93" CONTENT="6"/><SP WIDTH="17" VPOS="663" HPOS="629"/>
							<String ID="string_101" HPOS="646" VPOS="661" WIDTH="20" HEIGHT="29" WC="0.83" CONTENT="&amp;,"/><SP WIDTH="16" VPOS="661" HPOS="666"/>
							<String ID="string_102" HPOS="682" VPOS="662" WIDTH="53" HEIGHT="21" WC="0.95" CONTENT="med"/><SP WIDTH="15" VPOS="662" HPOS="735"/>
							<String ID="string_103" HPOS="750" VPOS="661" WIDTH="106" HEIGHT="22" WC="0.95" CONTENT="afseende"/>
						</TextLine>
						<TextLine ID="line_15" HPOS="108" VPOS="696" WIDTH="748" HEIGHT="30">
							<String ID="string_104" HPOS="108" VPOS="698" WIDTH="13" HEIGHT="19" WC="0.92" CONTENT="å"/><SP WIDTH="23" VPOS="698" HPOS="121"/>
							<String ID="string_105" HPOS="144" VPOS="697" WIDTH="45" HEIGHT="21" WC="0.95" CONTENT="den"/><SP WIDTH="14" VPOS="697" HPOS="189"/>
							<String ID="string_106" HPOS="203" VPOS="697" WIDTH="8" HEIGHT="21" WC="0.95" CONTENT="i"/><SP WIDTH="16" VPOS="697" HPOS="211"/>
							<String ID="string_107" HPOS="227" VPOS="696" WIDTH="138" HEIGHT="29" WC="0.96" CONTENT="föregående"/><SP WIDTH="16" VPOS="696" HPOS="365"/>
							<String ID="string_108" HPOS="381" VPOS="697" WIDTH="14" HEIGHT="29" WC="0.91" CONTENT="&amp;"/><SP WIDTH="15" VPOS="697" HPOS="395"/>
							<String ID="string_109" HPOS="410" VPOS="698" WIDTH="109" HEIGHT="28" WC="0.96" CONTENT="vidtagna"/><SP WIDTH="15" VPOS="698" HPOS="519"/>
							<String ID="string_110" HPOS="534" VPOS="697" WIDTH="132" HEIGHT="29" WC="0.96" CONTENT="ändringen,"/><SP WIDTH="16" VPOS="697" HPOS="666"/>
							<String ID="string_111" HPOS="682" VPOS="697" WIDTH="64" HEIGHT="21" WC="0.97" CONTENT="tiden"/><SP WIDTH="16" VPOS="697" HPOS="746"/>
							<String ID="string_112" HPOS="762" VPOS="697" WIDTH="35" HEIGHT="21" WC="0.93" CONTENT="för"/><SP WIDTH="15" VPOS="697" HPOS="797"/>
							<String ID="string_113" HPOS="812" VPOS="697" WIDTH="44" HEIGHT="22" WC="0.93" CONTENT="för-"/>
						</TextLine>
						<TextLine ID="line_16" HPOS="108" VPOS="731" WIDTH="749" HEIGHT="31">
							<String ID="string_114" HPOS="108" VPOS="731" WIDTH="101" HEIGHT="30" WC="0.92" CONTENT="klarings"/><SP WIDTH="26" VPOS="731" HPOS="209"/>
							<String ID="string_115" HPOS="235" VPOS="732" WIDTH="133" HEIGHT="29" WC="0.92" CONTENT="afgifvande"/><SP WIDTH="23" VPOS="732" HPOS="368"/>
							<String ID="string_116" HPOS="391" VPOS="733" WIDTH="7" HEIGHT="21" WC="0.96" CONTENT="i"/><SP WIDTH="23" VPOS="733" HPOS="398"/>
							<String ID="string_117" HPOS="421" VPOS="733" WIDTH="123" HEIGHT="29" WC="0.95" CONTENT="anledning"/><SP WIDTH="24" VPOS="733" HPOS="544"/>
							<String ID="string_118" HPOS="568" VPOS="733" WIDTH="26" HEIGHT="21" WC="0.96" CONTENT="af"/><SP WIDTH="20" VPOS="733" HPOS="594"/>
							<String ID="string_119" HPOS="614" VPOS="741" WIDTH="16" HEIGHT="14" WC="0.96" CONTENT="s."/><SP WIDTH="20" VPOS="741" HPOS="630"/>
							<String ID="string_120" HPOS="650" VPOS="733" WIDTH="22" HEIGHT="20" WC="0.93" CONTENT="k."/><SP WIDTH="20" VPOS="733" HPOS="672"/>
							<String ID="string_121" HPOS="692" VPOS="733" WIDTH="165" HEIGHT="28" WC="0.93" CONTENT="desertionspä-"/>
						</TextLine>
						<TextLine ID="line_17" HPOS="108" VPOS="767" WIDTH="748" HEIGHT="30">
							<String ID="string_122" HPOS="108" VPOS="768" WIDTH="93" HEIGHT="21" WC="0.92" CONTENT="stäende"/><SP WIDTH="24" VPOS="768" HPOS="201"/>
							<String ID="string_123" HPOS="225" VPOS="767" WIDTH="132" HEIGHT="23" WC="0.90" CONTENT="äfvenledes"/><SP WIDTH="23" VPOS="767" HPOS="357"/>
							<String ID="string_124" HPOS="380" VPOS="768" WIDTH="112" HEIGHT="29" WC="0.92" CONTENT="förlängts"/><SP WIDTH="16" VPOS="768" HPOS="492"/>
							<String ID="string_125" HPOS="508" VPOS="769" WIDTH="36" HEIGHT="21" WC="0.93" CONTENT="till"/><SP WIDTH="16" VPOS="769" HPOS="544"/>
							<String ID="string_126" HPOS="560" VPOS="768" WIDTH="87" HEIGHT="29" WC="0.93" CONTENT="fjorton"/><SP WIDTH="19" VPOS="768" HPOS="647"/>
							<String ID="string_127" HPOS="666" VPOS="769" WIDTH="76" HEIGHT="28" WC="0.93" CONTENT="dagar,"/><SP WIDTH="16" VPOS="769" HPOS="742"/>
							<String ID="string_128" HPOS="758" VPOS="769" WIDTH="98" HEIGHT="21" WC="0.93" CONTENT="hvarhos"/>
						</TextLine>
						<TextLine ID="line_18" HPOS="107" VPOS="803" WIDTH="748" HEIGHT="30">
							<String ID="string_129" HPOS="107" VPOS="803" WIDTH="174" HEIGHT="29" WC="0.91" CONTENT="fataljetimmen"/><SP WIDTH="18" VPOS="803" HPOS="281"/>
							<String ID="string_130" HPOS="299" VPOS="806" WIDTH="86" HEIGHT="19" WC="0.93" CONTENT="ansetts"/><SP WIDTH="16" VPOS="806" HPOS="385"/>
							<String ID="string_131" HPOS="401" VPOS="804" WIDTH="55" HEIGHT="21" WC="0.92" CONTENT="böra"/><SP WIDTH="14" VPOS="804" HPOS="456"/>
							<String ID="string_132" HPOS="470" VPOS="804" WIDTH="86" HEIGHT="29" WC="0.92" CONTENT="jemväl"/><SP WIDTH="13" VPOS="804" HPOS="556"/>
							<String ID="string_133" HPOS="569" VPOS="804" WIDTH="7" HEIGHT="21" WC="0.96" CONTENT="i"/><SP WIDTH="16" VPOS="804" HPOS="576"/>
							<String ID="string_134" HPOS="592" VPOS="805" WIDTH="63" HEIGHT="21" WC="0.96" CONTENT="detta"/><SP WIDTH="11" VPOS="805" HPOS="655"/>
							<String ID="string_135" HPOS="666" VPOS="811" WIDTH="66" HEIGHT="15" WC="0.93" CONTENT="mom."/><SP WIDTH="13" VPOS="811" HPOS="732"/>
							<String ID="string_136" HPOS="745" VPOS="803" WIDTH="110" HEIGHT="29" WC="0.91" CONTENT="angifvas."/>
						</TextLine>
					</TextBlock>
					<TextBlock ID="block_5" HPOS="106" VPOS="839" WIDTH="750" HEIGHT="424">
						<TextLine ID="line_19" HPOS="178" VPOS="839" WIDTH="678" HEIGHT="29">
							<String ID="string_137" HPOS="178" VPOS="839" WIDTH="43" HEIGHT="22" WC="0.96" CONTENT="Uti"/><SP WIDTH="16" VPOS="839" HPOS="221"/>
							<String ID="string_138" HPOS="237" VPOS="841" WIDTH="12" HEIGHT="19" WC="0.96" CONTENT="3"/><SP WIDTH="17" VPOS="841" HPOS="249"/>
							<String ID="string_139" HPOS="266" VPOS="847" WIDTH="67" HEIGHT="14" WC="0.96" CONTENT="mom."/><SP WIDTH="18" VPOS="847" HPOS="333"/>
							<String ID="string_140" HPOS="351" VPOS="842" WIDTH="12" HEIGHT="19" WC="0.93" CONTENT="6"/><SP WIDTH="18" VPOS="842" HPOS="363"/>
							<String ID="string_141" HPOS="381" VPOS="840" WIDTH="13" HEIGHT="28" WC="0.94" CONTENT="8"/><SP WIDTH="17" VPOS="840" HPOS="394"/>
							<String ID="string_142" HPOS="411" VPOS="840" WIDTH="91" HEIGHT="28" WC="0.96" CONTENT="stadgas"/><SP WIDTH="17" VPOS="840" HPOS="502"/>
							<String ID="string_143" HPOS="519" VPOS="842" WIDTH="40" HEIGHT="24" WC="0.93" CONTENT="att,"/><SP WIDTH="17" VPOS="842" HPOS="559"/>
							<String ID="string_144" HPOS="576" VPOS="840" WIDTH="76" HEIGHT="21" WC="0.92" CONTENT="derest"/><SP WIDTH="15" VPOS="840" HPOS="652"/>
							<String ID="string_145" HPOS="667" VPOS="839" WIDTH="189" HEIGHT="29" WC="0.92" CONTENT="ändringsansök-"/>
						</TextLine>
						<TextLine ID="line_20" HPOS="108" VPOS="875" WIDTH="748" HEIGHT="29">
							<String ID="string_146" HPOS="108" VPOS="875" WIDTH="56" HEIGHT="28" WC="0.96" CONTENT="ning"/><SP WIDTH="16" VPOS="875" HPOS="164"/>
							<String ID="string_147" HPOS="180" VPOS="875" WIDTH="55" HEIGHT="21" WC="0.93" CONTENT="eller"/><SP WIDTH="16" VPOS="875" HPOS="235"/>
							<String ID="string_148" HPOS="251" VPOS="875" WIDTH="137" HEIGHT="22" WC="0.92" CONTENT="bemötande"/><SP WIDTH="16" VPOS="875" HPOS="388"/>
							<String ID="string_149" HPOS="404" VPOS="875" WIDTH="20" HEIGHT="28" WC="0.92" CONTENT="ej"/><SP WIDTH="18" VPOS="875" HPOS="424"/>
							<String ID="string_150" HPOS="442" VPOS="875" WIDTH="91" HEIGHT="29" WC="0.91" CONTENT="ätföljes"/><SP WIDTH="17" VPOS="875" HPOS="533"/>
							<String ID="string_151" HPOS="550" VPOS="875" WIDTH="26" HEIGHT="22" WC="0.92" CONTENT="af"/><SP WIDTH="6" VPOS="875" HPOS="576"/>
							<String ID="string_152" HPOS="582" VPOS="876" WIDTH="86" HEIGHT="28" WC="0.92" CONTENT="nödiga"/><SP WIDTH="11" VPOS="876" HPOS="668"/>
							<String ID="string_153" HPOS="679" VPOS="875" WIDTH="123" HEIGHT="26" WC="0.93" CONTENT="afskrifter,"/><SP WIDTH="12" VPOS="875" HPOS="802"/>
							<String ID="string_154" HPOS="814" VPOS="876" WIDTH="42" HEIGHT="21" WC="0.97" CONTENT="och"/>
						</TextLine>
						<TextLine ID="line_21" HPOS="107" VPOS="910" WIDTH="749" HEIGHT="29">
							<String ID="string_155" HPOS="107" VPOS="910" WIDTH="74" HEIGHT="22" WC="0.91" CONTENT="behof"/><SP WIDTH="20" VPOS="910" HPOS="181"/>
							<String ID="string_156" HPOS="201" VPOS="911" WIDTH="27" HEIGHT="21" WC="0.93" CONTENT="af"/><SP WIDTH="20" VPOS="911" HPOS="228"/>
							<String ID="string_157" HPOS="248" VPOS="911" WIDTH="85" HEIGHT="21" WC="0.90" CONTENT="sädana"/><SP WIDTH="23" VPOS="911" HPOS="333"/>
							<String ID="string_158" HPOS="356" VPOS="914" WIDTH="73" HEIGHT="25" WC="0.90" CONTENT="göres,"/><SP WIDTH="16" VPOS="914" HPOS="429"/>
							<String ID="string_159" HPOS="445" VPOS="911" WIDTH="115" HEIGHT="22" WC="0.92" CONTENT="hofrätten"/><SP WIDTH="18" VPOS="911" HPOS="560"/>
							<String ID="string_160" HPOS="578" VPOS="919" WIDTH="53" HEIGHT="20" WC="0.92" CONTENT="eger"/><SP WIDTH="15" VPOS="919" HPOS="631"/>
							<String ID="string_161" HPOS="646" VPOS="912" WIDTH="46" HEIGHT="21" WC="0.93" CONTENT="läta"/><SP WIDTH="15" VPOS="912" HPOS="692"/>
							<String ID="string_162" HPOS="707" VPOS="913" WIDTH="31" HEIGHT="26" WC="0.96" CONTENT="pä"/><SP WIDTH="15" VPOS="913" HPOS="738"/>
							<String ID="string_163" HPOS="753" VPOS="911" WIDTH="43" HEIGHT="21" WC="0.93" CONTENT="den"/><SP WIDTH="16" VPOS="911" HPOS="796"/>
							<String ID="string_164" HPOS="812" VPOS="911" WIDTH="44" HEIGHT="22" WC="0.92" CONTENT="för-"/>
						</TextLine>
						<TextLine ID="line_22" HPOS="108" VPOS="946" WIDTH="748" HEIGHT="29">
							<String ID="string_165" HPOS="108" VPOS="946" WIDTH="108" HEIGHT="29" WC="0.89" CONTENT="sumliges"/><SP WIDTH="25" VPOS="946" HPOS="216"/>
							<String ID="string_166" HPOS="241" VPOS="947" WIDTH="127" HEIGHT="21" WC="0.82" CONTENT="bekostnad"/><SP WIDTH="25" VPOS="947" HPOS="368"/>
							<String ID="string_167" HPOS="393" VPOS="947" WIDTH="113" HEIGHT="22" WC="0.92" CONTENT="utskrifva"/><SP WIDTH="22" VPOS="947" HPOS="506"/>
							<String ID="string_168" HPOS="528" VPOS="947" WIDTH="153" HEIGHT="26" WC="0.93" CONTENT="afskrifterna,"/><SP WIDTH="20" VPOS="947" HPOS="681"/>
							<String ID="string_169" HPOS="701" VPOS="947" WIDTH="58" HEIGHT="22" WC="0.96" CONTENT="dock"/><SP WIDTH="16" VPOS="947" HPOS="759"/>
							<String ID="string_170" HPOS="775" VPOS="947" WIDTH="81" HEIGHT="22" WC="0.96" CONTENT="endast"/>
						</TextLine>
						<TextLine ID="line_23" HPOS="107" VPOS="981" WIDTH="749" HEIGHT="31">
							<String ID="string_171" HPOS="107" VPOS="982" WIDTH="73" HEIGHT="21" WC="0.95" CONTENT="under"/><SP WIDTH="24" VPOS="982" HPOS="180"/>
							<String ID="string_172" HPOS="204" VPOS="983" WIDTH="45" HEIGHT="20" WC="0.93" CONTENT="den"/><SP WIDTH="15" VPOS="983" HPOS="249"/>
							<String ID="string_173" HPOS="264" VPOS="981" WIDTH="165" HEIGHT="30" WC="0.91" CONTENT="förutsättning"/><SP WIDTH="16" VPOS="981" HPOS="429"/>
							<String ID="string_174" HPOS="445" VPOS="985" WIDTH="34" HEIGHT="19" WC="0.93" CONTENT="att"/><SP WIDTH="17" VPOS="985" HPOS="479"/>
							<String ID="string_175" HPOS="496" VPOS="985" WIDTH="64" HEIGHT="27" WC="0.90" CONTENT=",part"/><SP WIDTH="16" VPOS="985" HPOS="560"/>
							<String ID="string_176" HPOS="576" VPOS="983" WIDTH="20" HEIGHT="29" WC="0.92" CONTENT="ej"/><SP WIDTH="18" VPOS="983" HPOS="596"/>
							<String ID="string_177" HPOS="614" VPOS="983" WIDTH="57" HEIGHT="29" WC="0.92" CONTENT="sjelf"/><SP WIDTH="13" VPOS="983" HPOS="671"/>
							<String ID="string_178" HPOS="684" VPOS="983" WIDTH="64" HEIGHT="22" WC="0.93" CONTENT="deras"/><SP WIDTH="16" VPOS="983" HPOS="748"/>
							<String ID="string_179" HPOS="764" VPOS="983" WIDTH="92" HEIGHT="22" WC="0.92" CONTENT="utskrif-"/>
						</TextLine>
						<TextLine ID="line_24" HPOS="107" VPOS="1017" WIDTH="749" HEIGHT="30">
							<String ID="string_180" HPOS="107" VPOS="1017" WIDTH="74" HEIGHT="22" WC="0.91" CONTENT="vande"/><SP WIDTH="17" VPOS="1017" HPOS="181"/>
							<String ID="string_181" HPOS="198" VPOS="1019" WIDTH="13" HEIGHT="20" WC="0.91" CONTENT="&amp;"/><SP WIDTH="14" VPOS="1019" HPOS="211"/>
							<String ID="string_182" HPOS="225" VPOS="1018" WIDTH="117" HEIGHT="21" WC="0.92" CONTENT="hofrätten"/><SP WIDTH="17" VPOS="1018" HPOS="342"/>
							<String ID="string_183" HPOS="359" VPOS="1018" WIDTH="127" HEIGHT="29" WC="0.91" CONTENT="ombesörja"/><SP WIDTH="15" VPOS="1018" HPOS="486"/>
							<String ID="string_184" HPOS="501" VPOS="1019" WIDTH="61" HEIGHT="22" WC="0.76" CONTENT="vill&quot;."/><SP WIDTH="32" VPOS="1019" HPOS="562"/>
							<String ID="string_185" HPOS="594" VPOS="1019" WIDTH="38" HEIGHT="21" WC="0.96" CONTENT="Då"/><SP WIDTH="13" VPOS="1019" HPOS="632"/>
							<String ID="string_186" HPOS="645" VPOS="1019" WIDTH="140" HEIGHT="21" WC="0.93" CONTENT="sistnämnda"/><SP WIDTH="10" VPOS="1019" HPOS="785"/>
							<String ID="string_187" HPOS="795" VPOS="1019" WIDTH="61" HEIGHT="22" WC="0.92" CONTENT="med-"/>
						</TextLine>
						<TextLine ID="line_25" HPOS="107" VPOS="1053" WIDTH="749" HEIGHT="29">
							<String ID="string_188" HPOS="107" VPOS="1053" WIDTH="108" HEIGHT="29" WC="0.91" CONTENT="gifvande"/><SP WIDTH="26" VPOS="1053" HPOS="215"/>
							<String ID="string_189" HPOS="241" VPOS="1054" WIDTH="115" HEIGHT="21" WC="0.96" CONTENT="sannolikt"/><SP WIDTH="23" VPOS="1054" HPOS="356"/>
							<String ID="string_190" HPOS="379" VPOS="1053" WIDTH="74" HEIGHT="23" WC="0.95" CONTENT="skulle"/><SP WIDTH="26" VPOS="1053" HPOS="453"/>
							<String ID="string_191" HPOS="479" VPOS="1054" WIDTH="51" HEIGHT="22" WC="0.91" CONTENT="leda"/><SP WIDTH="24" VPOS="1054" HPOS="530"/>
							<String ID="string_192" HPOS="554" VPOS="1055" WIDTH="92" HEIGHT="26" WC="0.91" CONTENT="derhän,"/><SP WIDTH="23" VPOS="1055" HPOS="646"/>
							<String ID="string_193" HPOS="669" VPOS="1057" WIDTH="34" HEIGHT="20" WC="0.96" CONTENT="att"/><SP WIDTH="15" VPOS="1057" HPOS="703"/>
							<String ID="string_194" HPOS="718" VPOS="1055" WIDTH="88" HEIGHT="21" WC="0.93" CONTENT="mindre"/><SP WIDTH="16" VPOS="1055" HPOS="806"/>
							<String ID="string_195" HPOS="822" VPOS="1061" WIDTH="34" HEIGHT="16" WC="0.89" CONTENT="or-"/>
						</TextLine>
						<TextLine ID="line_26" HPOS="108" VPOS="1089" WIDTH="747" HEIGHT="30">
							<String ID="string_196" HPOS="108" VPOS="1089" WIDTH="101" HEIGHT="29" WC="0.92" CONTENT="dentliga"/><SP WIDTH="20" VPOS="1089" HPOS="209"/>
							<String ID="string_197" HPOS="229" VPOS="1092" WIDTH="77" HEIGHT="27" WC="0.95" CONTENT="parter"/><SP WIDTH="28" VPOS="1092" HPOS="306"/>
							<String ID="string_198" HPOS="334" VPOS="1090" WIDTH="54" HEIGHT="21" WC="0.96" CONTENT="eller"/><SP WIDTH="24" VPOS="1090" HPOS="388"/>
							<String ID="string_199" HPOS="412" VPOS="1090" WIDTH="84" HEIGHT="22" WC="0.95" CONTENT="ombud"/><SP WIDTH="22" VPOS="1090" HPOS="496"/>
							<String ID="string_200" HPOS="518" VPOS="1091" WIDTH="8" HEIGHT="21" WC="0.96" CONTENT="i"/><SP WIDTH="23" VPOS="1091" HPOS="526"/>
							<String ID="string_201" HPOS="549" VPOS="1090" WIDTH="123" HEIGHT="23" WC="0.96" CONTENT="allmänhet"/><SP WIDTH="24" VPOS="1090" HPOS="672"/>
							<String ID="string_202" HPOS="696" VPOS="1091" WIDTH="50" HEIGHT="21" WC="0.96" CONTENT="icke"/><SP WIDTH="19" VPOS="1091" HPOS="746"/>
							<String ID="string_203" HPOS="765" VPOS="1091" WIDTH="90" HEIGHT="21" WC="0.95" CONTENT="komme"/>
						</TextLine>
						<TextLine ID="line_27" HPOS="108" VPOS="1126" WIDTH="748" HEIGHT="30">
							<String ID="string_204" HPOS="108" VPOS="1128" WIDTH="35" HEIGHT="19" WC="0.93" CONTENT="att"/><SP WIDTH="22" VPOS="1128" HPOS="143"/>
							<String ID="string_205" HPOS="165" VPOS="1126" WIDTH="99" HEIGHT="21" WC="0.91" CONTENT="inlemna"/><SP WIDTH="24" VPOS="1126" HPOS="264"/>
							<String ID="string_206" HPOS="288" VPOS="1126" WIDTH="149" HEIGHT="29" WC="0.95" CONTENT="fullständiga"/><SP WIDTH="22" VPOS="1126" HPOS="437"/>
							<String ID="string_207" HPOS="459" VPOS="1127" WIDTH="135" HEIGHT="29" WC="0.96" CONTENT="handlingar"/><SP WIDTH="23" VPOS="1127" HPOS="594"/>
							<String ID="string_208" HPOS="617" VPOS="1129" WIDTH="56" HEIGHT="20" WC="0.95" CONTENT="utan"/><SP WIDTH="23" VPOS="1129" HPOS="673"/>
							<String ID="string_209" HPOS="696" VPOS="1127" WIDTH="83" HEIGHT="21" WC="0.93" CONTENT="efteråt"/><SP WIDTH="14" VPOS="1127" HPOS="779"/>
							<String ID="string_210" HPOS="793" VPOS="1127" WIDTH="63" HEIGHT="22" WC="0.91" CONTENT="kom-"/>
						</TextLine>
						<TextLine ID="line_28" HPOS="107" VPOS="1161" WIDTH="748" HEIGHT="30">
							<String ID="string_211" HPOS="107" VPOS="1161" WIDTH="98" HEIGHT="29" WC="0.92" CONTENT="plettera"/><SP WIDTH="12" VPOS="1161" HPOS="205"/>
							<String ID="string_212" HPOS="217" VPOS="1161" WIDTH="122" HEIGHT="27" WC="0.95" CONTENT="desamma,"/><SP WIDTH="14" VPOS="1161" HPOS="339"/>
							<String ID="string_213" HPOS="353" VPOS="1170" WIDTH="53" HEIGHT="14" WC="0.96" CONTENT="men"/><SP WIDTH="13" VPOS="1170" HPOS="406"/>
							<String ID="string_214" HPOS="419" VPOS="1164" WIDTH="34" HEIGHT="20" WC="0.96" CONTENT="ett"/><SP WIDTH="16" VPOS="1164" HPOS="453"/>
							<String ID="string_215" HPOS="469" VPOS="1163" WIDTH="81" HEIGHT="22" WC="0.96" CONTENT="sådant"/><SP WIDTH="10" VPOS="1163" HPOS="550"/>
							<String ID="string_216" HPOS="560" VPOS="1162" WIDTH="171" HEIGHT="29" WC="0.96" CONTENT="förfaringssätt"/><SP WIDTH="9" VPOS="1162" HPOS="731"/>
							<String ID="string_217" HPOS="740" VPOS="1162" WIDTH="50" HEIGHT="22" WC="0.96" CONTENT="icke"/><SP WIDTH="10" VPOS="1162" HPOS="790"/>
							<String ID="string_218" HPOS="800" VPOS="1169" WIDTH="55" HEIGHT="15" WC="0.96" CONTENT="vore"/>
						</TextLine>
						<TextLine ID="line_29" HPOS="107" VPOS="1197" WIDTH="748" HEIGHT="30">
							<String ID="string_219" HPOS="107" VPOS="1197" WIDTH="109" HEIGHT="28" WC="0.96" CONTENT="förenligt"/><SP WIDTH="15" VPOS="1197" HPOS="216"/>
							<String ID="string_220" HPOS="231" VPOS="1198" WIDTH="51" HEIGHT="21" WC="0.96" CONTENT="med"/><SP WIDTH="17" VPOS="1198" HPOS="282"/>
							<String ID="string_221" HPOS="299" VPOS="1198" WIDTH="46" HEIGHT="28" WC="0.96" CONTENT="god"/><SP WIDTH="16" VPOS="1198" HPOS="345"/>
							<String ID="string_222" HPOS="361" VPOS="1198" WIDTH="104" HEIGHT="29" WC="0.96" CONTENT="ordning,"/><SP WIDTH="15" VPOS="1198" HPOS="465"/>
							<String ID="string_223" HPOS="480" VPOS="1199" WIDTH="41" HEIGHT="20" WC="0.96" CONTENT="har"/><SP WIDTH="15" VPOS="1199" HPOS="521"/>
							<String ID="string_224" HPOS="536" VPOS="1198" WIDTH="122" HEIGHT="23" WC="0.96" CONTENT="Utskottet"/><SP WIDTH="10" VPOS="1198" HPOS="658"/>
							<String ID="string_225" HPOS="668" VPOS="1200" WIDTH="75" HEIGHT="20" WC="0.96" CONTENT="ansett"/><SP WIDTH="11" VPOS="1200" HPOS="743"/>
							<String ID="string_226" HPOS="754" VPOS="1198" WIDTH="34" HEIGHT="28" WC="0.96" CONTENT="sig"/><SP WIDTH="11" VPOS="1198" HPOS="788"/>
							<String ID="string_227" HPOS="799" VPOS="1198" WIDTH="56" HEIGHT="22" WC="0.96" CONTENT="böra"/>
						</TextLine>
						<TextLine ID="line_30" HPOS="106" VPOS="1233" WIDTH="584" HEIGHT="30">
							<String ID="string_228" HPOS="106" VPOS="1241" WIDTH="28" HEIGHT="13" WC="0.96" CONTENT="ur"/><SP WIDTH="15" VPOS="1241" HPOS="134"/>
							<String ID="string_229" HPOS="149" VPOS="1236" WIDTH="126" HEIGHT="19" WC="0.95" CONTENT="momentet"/><SP WIDTH="15" VPOS="1236" HPOS="275"/>
							<String ID="string_230" HPOS="290" VPOS="1233" WIDTH="101" HEIGHT="22" WC="0.93" CONTENT="utesluta"/><SP WIDTH="15" VPOS="1233" HPOS="391"/>
							<String ID="string_231" HPOS="406" VPOS="1234" WIDTH="102" HEIGHT="28" WC="0.92" CONTENT="antydda"/><SP WIDTH="14" VPOS="1234" HPOS="508"/>
							<String ID="string_232" HPOS="522" VPOS="1233" WIDTH="168" HEIGHT="30" WC="0.90" CONTENT="medgifvande."/>
						</TextLine>
					</TextBlock>
					<TextBlock ID="block_6" HPOS="106" VPOS="1269" WIDTH="749" HEIGHT="171">
						<TextLine ID="line_31" HPOS="176" VPOS="1269" WIDTH="677" HEIGHT="29">
							<String ID="string_233" HPOS="176" VPOS="1269" WIDTH="62" HEIGHT="22" WC="0.89" CONTENT="Enär"/><SP WIDTH="21" VPOS="1269" HPOS="238"/>
							<String ID="string_234" HPOS="259" VPOS="1271" WIDTH="63" HEIGHT="20" WC="0.95" CONTENT="utom"/><SP WIDTH="17" VPOS="1271" HPOS="322"/>
							<String ID="string_235" HPOS="339" VPOS="1269" WIDTH="27" HEIGHT="21" WC="0.93" CONTENT="de"/><SP WIDTH="17" VPOS="1269" HPOS="366"/>
							<String ID="string_236" HPOS="383" VPOS="1270" WIDTH="66" HEIGHT="28" WC="0.92" CONTENT=",laga"/><SP WIDTH="15" VPOS="1270" HPOS="449"/>
							<String ID="string_237" HPOS="464" VPOS="1269" WIDTH="98" HEIGHT="27" WC="0.70" CONTENT="förfall&quot;,"/><SP WIDTH="16" VPOS="1269" HPOS="562"/>
							<String ID="string_238" HPOS="578" VPOS="1269" WIDTH="78" HEIGHT="22" WC="0.96" CONTENT="hvilka"/><SP WIDTH="15" VPOS="1269" HPOS="656"/>
							<String ID="string_239" HPOS="671" VPOS="1270" WIDTH="131" HEIGHT="28" WC="0.96" CONTENT="uppräknas"/><SP WIDTH="15" VPOS="1270" HPOS="802"/>
							<String ID="string_240" HPOS="817" VPOS="1270" WIDTH="8" HEIGHT="21" WC="0.95" CONTENT="i"/><SP WIDTH="17" VPOS="1270" HPOS="825"/>
							<String ID="string_241" HPOS="842" VPOS="1272" WIDTH="11" HEIGHT="19" WC="0.97" CONTENT="1"/>
						</TextLine>
						<TextLine ID="line_32" HPOS="107" VPOS="1304" WIDTH="747" HEIGHT="31">
							<String ID="string_242" HPOS="107" VPOS="1304" WIDTH="14" HEIGHT="29" WC="0.84" CONTENT="&amp;"/><SP WIDTH="13" VPOS="1304" HPOS="121"/>
							<String ID="string_243" HPOS="134" VPOS="1306" WIDTH="27" HEIGHT="19" WC="0.95" CONTENT="12"/><SP WIDTH="8" VPOS="1306" HPOS="161"/>
							<String ID="string_244" HPOS="169" VPOS="1305" WIDTH="52" HEIGHT="28" WC="0.93" CONTENT="kap."/><SP WIDTH="12" VPOS="1305" HPOS="221"/>
							<String ID="string_245" HPOS="233" VPOS="1304" WIDTH="28" HEIGHT="21" WC="0.93" CONTENT="R."/><SP WIDTH="12" VPOS="1304" HPOS="261"/>
							<String ID="string_246" HPOS="273" VPOS="1305" WIDTH="34" HEIGHT="26" WC="0.91" CONTENT="B.,"/><SP WIDTH="12" VPOS="1305" HPOS="307"/>
							<String ID="string_247" HPOS="319" VPOS="1305" WIDTH="69" HEIGHT="21" WC="0.96" CONTENT="äfven"/><SP WIDTH="10" VPOS="1305" HPOS="388"/>
							<String ID="string_248" HPOS="398" VPOS="1305" WIDTH="70" HEIGHT="21" WC="0.96" CONTENT="andra"/><SP WIDTH="11" VPOS="1305" HPOS="468"/>
							<String ID="string_249" HPOS="479" VPOS="1305" WIDTH="193" HEIGHT="30" WC="0.93" CONTENT="omständigheter"/><SP WIDTH="11" VPOS="1305" HPOS="672"/>
							<String ID="string_250" HPOS="683" VPOS="1305" WIDTH="81" HEIGHT="29" WC="0.93" CONTENT="gifvas,"/><SP WIDTH="11" VPOS="1305" HPOS="764"/>
							<String ID="string_251" HPOS="775" VPOS="1305" WIDTH="79" HEIGHT="22" WC="0.96" CONTENT="hvilka"/>
						</TextLine>
						<TextLine ID="line_33" HPOS="107" VPOS="1340" WIDTH="748" HEIGHT="28">
							<String ID="string_252" HPOS="107" VPOS="1341" WIDTH="7" HEIGHT="19" WC="0.96" CONTENT="i"/><SP WIDTH="23" VPOS="1341" HPOS="114"/>
							<String ID="string_253" HPOS="137" VPOS="1340" WIDTH="47" HEIGHT="21" WC="0.96" CONTENT="lika"/><SP WIDTH="23" VPOS="1340" HPOS="184"/>
							<String ID="string_254" HPOS="207" VPOS="1340" WIDTH="46" HEIGHT="27" WC="0.96" CONTENT="hög"/><SP WIDTH="23" VPOS="1340" HPOS="253"/>
							<String ID="string_255" HPOS="276" VPOS="1341" WIDTH="57" HEIGHT="27" WC="0.96" CONTENT="grad"/><SP WIDTH="21" VPOS="1341" HPOS="333"/>
							<String ID="string_256" HPOS="354" VPOS="1347" WIDTH="48" HEIGHT="14" WC="0.96" CONTENT="som"/><SP WIDTH="17" VPOS="1347" HPOS="402"/>
							<String ID="string_257" HPOS="419" VPOS="1341" WIDTH="65" HEIGHT="20" WC="0.96" CONTENT="dessa"/><SP WIDTH="16" VPOS="1341" HPOS="484"/>
							<String ID="string_258" HPOS="500" VPOS="1341" WIDTH="76" HEIGHT="20" WC="0.96" CONTENT="kunna"/><SP WIDTH="16" VPOS="1341" HPOS="576"/>
							<String ID="string_259" HPOS="592" VPOS="1341" WIDTH="70" HEIGHT="20" WC="0.93" CONTENT="verka"/><SP WIDTH="15" VPOS="1341" HPOS="662"/>
							<String ID="string_260" HPOS="677" VPOS="1341" WIDTH="126" HEIGHT="20" WC="0.90" CONTENT="hindrande"/><SP WIDTH="15" VPOS="1341" HPOS="803"/>
							<String ID="string_261" HPOS="818" VPOS="1341" WIDTH="37" HEIGHT="20" WC="0.96" CONTENT="för"/>
						</TextLine>
						<TextLine ID="line_34" HPOS="106" VPOS="1375" WIDTH="748" HEIGHT="28">
							<String ID="string_262" HPOS="106" VPOS="1377" WIDTH="52" HEIGHT="26" WC="0.94" CONTENT="part"/><SP WIDTH="23" VPOS="1377" HPOS="158"/>
							<String ID="string_263" HPOS="181" VPOS="1377" WIDTH="35" HEIGHT="20" WC="0.93" CONTENT="att"/><SP WIDTH="19" VPOS="1377" HPOS="216"/>
							<String ID="string_264" HPOS="235" VPOS="1377" WIDTH="12" HEIGHT="19" WC="0.92" CONTENT="å"/><SP WIDTH="16" VPOS="1377" HPOS="247"/>
							<String ID="string_265" HPOS="263" VPOS="1376" WIDTH="46" HEIGHT="21" WC="0.96" CONTENT="viss"/><SP WIDTH="17" VPOS="1376" HPOS="309"/>
							<String ID="string_266" HPOS="326" VPOS="1375" WIDTH="34" HEIGHT="21" WC="0.96" CONTENT="tid"/><SP WIDTH="15" VPOS="1375" HPOS="360"/>
							<String ID="string_267" HPOS="375" VPOS="1375" WIDTH="100" HEIGHT="28" WC="0.96" CONTENT="fullgöra"/><SP WIDTH="16" VPOS="1375" HPOS="475"/>
							<String ID="string_268" HPOS="491" VPOS="1383" WIDTH="28" HEIGHT="13" WC="0.96" CONTENT="en"/><SP WIDTH="15" VPOS="1383" HPOS="519"/>
							<String ID="string_269" HPOS="534" VPOS="1375" WIDTH="124" HEIGHT="26" WC="0.96" CONTENT="föreskrift,"/><SP WIDTH="17" VPOS="1375" HPOS="658"/>
							<String ID="string_270" HPOS="675" VPOS="1376" WIDTH="42" HEIGHT="21" WC="0.96" CONTENT="och"/><SP WIDTH="17" VPOS="1376" HPOS="717"/>
							<String ID="string_271" HPOS="734" VPOS="1376" WIDTH="27" HEIGHT="20" WC="0.96" CONTENT="de"/><SP WIDTH="15" VPOS="1376" HPOS="761"/>
							<String ID="string_272" HPOS="776" VPOS="1375" WIDTH="8" HEIGHT="20" WC="0.93" CONTENT="i"/><SP WIDTH="15" VPOS="1375" HPOS="784"/>
							<String ID="string_273" HPOS="799" VPOS="1375" WIDTH="55" HEIGHT="28" WC="0.93" CONTENT="Kej-"/>
						</TextLine>
						<TextLine ID="line_35" HPOS="108" VPOS="1411" WIDTH="747" HEIGHT="29">
							<String ID="string_274" HPOS="108" VPOS="1411" WIDTH="82" HEIGHT="29" WC="0.91" CONTENT="serliga"/><SP WIDTH="21" VPOS="1411" HPOS="190"/>
							<String ID="string_275" HPOS="211" VPOS="1411" WIDTH="90" HEIGHT="22" WC="0.92" CONTENT="brefvet"/><SP WIDTH="20" VPOS="1411" HPOS="301"/>
							<String ID="string_276" HPOS="321" VPOS="1411" WIDTH="27" HEIGHT="22" WC="0.96" CONTENT="af"/><SP WIDTH="15" VPOS="1411" HPOS="348"/>
							<String ID="string_277" HPOS="363" VPOS="1411" WIDTH="44" HEIGHT="21" WC="0.96" CONTENT="den"/><SP WIDTH="16" VPOS="1411" HPOS="407"/>
							<String ID="string_278" HPOS="423" VPOS="1413" WIDTH="14" HEIGHT="19" WC="0.96" CONTENT="4"/><SP WIDTH="14" VPOS="1413" HPOS="437"/>
							<String ID="string_279" HPOS="451" VPOS="1411" WIDTH="52" HEIGHT="29" WC="0.96" CONTENT="juni"/><SP WIDTH="17" VPOS="1411" HPOS="503"/>
							<String ID="string_280" HPOS="520" VPOS="1413" WIDTH="56" HEIGHT="20" WC="0.96" CONTENT="1817"/><SP WIDTH="17" VPOS="1413" HPOS="576"/>
							<String ID="string_281" HPOS="593" VPOS="1411" WIDTH="133" HEIGHT="22" WC="0.93" CONTENT="meddelade"/><SP WIDTH="16" VPOS="1411" HPOS="726"/>
							<String ID="string_282" HPOS="742" VPOS="1411" WIDTH="113" HEIGHT="22" WC="0.92" CONTENT="anvisnin-"/>
						</TextLine>
					</TextBlock>
				</ComposedBlock>
				<ComposedBlock ID="cblock_2" HPOS="178" VPOS="1459" WIDTH="344" HEIGHT="24">
					<TextBlock ID="block_7" HPOS="178" VPOS="1459" WIDTH="344" HEIGHT="24">
						<TextLine ID="line_36" HPOS="178" VPOS="1459" WIDTH="344" HEIGHT="24">
							<String ID="string_283" HPOS="178" VPOS="1460" WIDTH="137" HEIGHT="23" WC="0.91" CONTENT="Lagutskottets"/><SP WIDTH="12" VPOS="1460" HPOS="315"/>
							<String ID="string_284" HPOS="327" VPOS="1459" WIDTH="116" HEIGHT="19" WC="0.96" CONTENT="betänkande"/><SP WIDTH="13" VPOS="1459" HPOS="443"/>
							<String ID="string_285" HPOS="456" VPOS="1460" WIDTH="38" HEIGHT="18" WC="0.96" CONTENT="N:o"/><SP WIDTH="12" VPOS="1460" HPOS="494"/>
							<String ID="string_286" HPOS="506" VPOS="1460" WIDTH="16" HEIGHT="17" WC="0.95" CONTENT="5."/>
						</TextLine>
					</TextBlock>
				</ComposedBlock>
				<ComposedBlock ID="cblock_3" HPOS="913" VPOS="631" WIDTH="40" HEIGHT="24">
					<TextBlock ID="block_8" HPOS="913" VPOS="631" WIDTH="40" HEIGHT="24">
						<TextLine ID="line_37" HPOS="913" VPOS="631" WIDTH="40" HEIGHT="24">
							<String ID="string_287" HPOS="913" VPOS="632" WIDTH="11" HEIGHT="17" WC="0.95" CONTENT="6"/><SP WIDTH="13" VPOS="632" HPOS="924"/>
							<String ID="string_288" HPOS="937" VPOS="631" WIDTH="16" HEIGHT="24" WC="0.67" CONTENT="8."/>
						</TextLine>
					</TextBlock>
				</ComposedBlock>
				<ComposedBlock ID="cblock_4" HPOS="913" VPOS="1275" WIDTH="40" HEIGHT="24">
					<TextBlock ID="block_9" HPOS="913" VPOS="1275" WIDTH="40" HEIGHT="24">
						<TextLine ID="line_38" HPOS="913" VPOS="1275" WIDTH="40" HEIGHT="24">
							<String ID="string_289" HPOS="913" VPOS="1275" WIDTH="40" HEIGHT="24" WC="0.89" CONTENT="78."/>
						</TextLine>
					</TextBlock>
				</ComposedBlock>
			</PrintSpace>
		</Page>
	</Layout>
</alto>
