1034 1709
321 140 27 22 U.
363 140 27 22 B.
407 154 24 2 —
448 140 75 29 Prop.
538 140 45 23 N:o
598 140 23 23 5.
815 143 27 20 19

294 208 29 28 af
334 208 58 21 hvad
406 209 150 27 härförinnan
571 209 73 27 finnes
658 209 101 28 stadgadt
773 210 69 27 angä-

293 242 53 21 ende
368 243 114 21 städernas
501 243 138 21 uteslutande
661 245 46 19 rätt
728 245 38 26 att,
786 244 56 21 hvar

293 277 62 20 inom
373 277 41 20 sitt
428 277 95 26 omräde,
539 277 119 27 ombesörja
672 278 169 21 verkställandet

293 310 29 27 af
338 310 112 27 frivilliga
474 311 121 27 auktioner,
617 311 25 20 sä
661 312 37 20 ock
720 319 36 13 om
778 312 64 20 deras

292 344 122 27 skyldighet
432 347 34 18 att
484 345 118 28 uppehälla
617 345 153 22 auktionsverk
784 346 58 20 skall

292 378 106 27 upphöra.

360 407 32 26 Är
406 413 53 20 dock
472 413 37 27 för
524 413 138 21 närvarande
677 413 10 20 i
701 413 74 28 någon
788 413 50 21 stad

292 446 93 21 ledamot
399 446 29 27 af
438 447 147 27 magistraten
599 447 51 20 eller
665 454 78 14 annan
750 447 90 21 stadens

292 480 130 27 tjensteman
438 480 150 28 tillförsäkrad
602 481 65 20 andel
676 481 10 20 i
696 481 118 21 auktion
823 489 23 12 s-

289 515 92 20 verket
391 514 207 23 tillkommande
613 515 140 27 provision
768 515 68 21 eller

289 555 96 15 annan
414 549 99 28 afgift,
543 549 47 21 och
616 549 50 21 har
694 550 99 21 staden
818 557 11 14 e

289 583 57 21 med
371 583 97 21 honom
495 584 180 21 annorlunda
697 584 138 27 öfverens-

289 617 122 26 kommit,
434 617 29 21 då
481 617 44 28 må,
545 618 26 21 så
587 618 61 27 länge
663 618 71 21 sådan
750 618 86 27 tjenste-

289 658 56 14 man
363 651 10 20 i
390 651 38 20 sin
447 652 130 21 nuvarande
593 652 122 27 befattning
730 652 109 27 gvarstär,

291 685 111 28 frivilliga
424 686 116 21 auktioner
558 686 10 20 i
587 686 75 21 staden
678 686 72 21 hällas
765 687 78 20 endast

295 719 29 28 af
335 719 174 22 auktionsverket
527 721 59 20 samt
601 720 95 27 afgiften
710 720 36 28 för
760 721 82 20 verkets

295 753 117 22 underhäll
434 754 124 28 uppbäras;
579 754 38 22 och
636 755 62 27 skall,
714 755 80 21 medan
807 755 35 21 det

296 788 154 22 auktionsverk
470 790 96 20 sålunda
589 789 165 28 upprätthälles,
770 789 71 28 angä-

295 824 52 20 ende
369 830 83 14 ansvar
473 824 38 21 och
531 824 58 28 öfrig
607 824 88 28 påföljd
708 824 36 28 för
759 824 83 28 olofligt

295 859 138 20 anställande
451 859 28 27 af
490 859 92 21 auktion
596 859 10 20 i
620 859 76 21 staden
709 859 61 28 gälla
785 859 58 21 hvad

295 893 150 26 härförinnan
460 893 36 27 för
514 893 89 21 sådan
619 893 151 28 öfverträdelse
784 893 59 21 stad-

294 929 56 25 gats.

157 1125 90 22 Genom
270 1127 49 21 den
341 1127 86 28 nådiga
442 1127 174 28 propositionen
631 1127 69 21 hafva
716 1127 130 22 Ständerna

89 1160 81 22 blitvit
189 1163 60 19 satta
264 1161 8 20 i
288 1161 93 21 tillfälle
393 1163 35 19 att
442 1161 74 22 uttala
532 1161 35 29 sig
579 1161 87 29 jemväl
682 1162 119 28 angående
816 1162 28 21 de

89 1194 151 29 stadganden,
258 1195 81 21 hvilka
354 1198 38 18 äro
408 1195 95 21 afsedda
519 1198 35 19 att
568 1195 35 21 uti
616 1195 172 22 administrativ
799 1199 46 25 väg

89 1229 8 20 i
113 1228 95 21 ärendet
223 1229 111 21 utfärdas.
359 1229 72 21 Dessa
447 1229 144 28 stadganden
602 1233 39 17 äro
652 1229 193 22 sammanfattade

89 1262 36 21 uti
140 1263 41 21 två
195 1263 115 21 särskilda
325 1263 87 28 förslag
428 1263 36 20 till
479 1263 169 29 förordningar,
662 1263 126 29 angående,
800 1263 44 22 den

90 1304 43 14 ena
156 1297 128 21 utöfvande
305 1297 26 21 af
348 1297 289 28 auktionsförrättareyrke
651 1297 8 21 i
674 1298 52 21 stad
742 1298 43 21 och
800 1298 44 21 den

91 1331 72 21 andra
178 1331 44 21 den
240 1331 131 27 befattning
386 1331 165 21 auktionsverk
562 1331 56 21 eller
630 1332 85 20 allmän
726 1332 119 20 auktions-

90 1365 123 21 förrättare
229 1372 54 20 eger
297 1367 55 25 taga
371 1364 52 21 med
438 1364 138 28 försäljning
591 1364 26 21 af
629 1367 85 19 utmätt
728 1365 35 21 lös
776 1372 69 21 egen-

91 1398 54 22 dom
148 1394 15 38 i
183 1398 58 22 stad.

160 1444 48 24 Lag-
221 1444 32 18 och
266 1443 180 19 Ekonomiuiskotiets
459 1443 109 18 betänkande
577 1442 38 18 N:o
623 1444 16 17 1.
