1061 1706
212 156 12 20 2
401 155 33 25 U.
444 156 28 22 B.
489 168 25 3 —
530 156 72 26 Prop.
617 156 43 21 N:o
676 155 34 21 11.

251 219 51 21 Med
324 220 116 27 anledning
462 220 25 22 af
500 221 41 21 den
556 220 82 27 nådiga
660 219 158 28 propositionen
839 219 40 21 har
895 217 39 22 vid

182 252 146 23 innevarande
350 253 113 29 landtdag,
479 254 8 21 i
501 254 68 22 likhet
590 254 48 22 med
652 254 58 22 hvad
725 260 43 15 som
783 253 59 21 skett
856 252 37 21 vid
908 251 26 22 de

182 286 63 22 flesta
267 287 131 28 föregående
420 288 166 26 ständermöten,
602 288 96 28 yrkande
720 287 120 22 framstälts
859 293 32 15 om
907 292 27 15 en

182 320 81 28 ökning
285 321 24 22 af
329 322 41 22 den
392 322 33 22 för
447 323 75 27 hvarje
543 322 83 22 försåld
647 322 86 22 kortlek
750 322 34 21 för
799 320 134 22 närvarande

181 356 109 26 utgående
305 356 38 22 och
358 356 8 22 i
381 357 81 28 nådiga
481 357 159 27 propositionen
658 356 33 22 till
705 356 151 22 bibehållande
878 354 54 22 före-

181 390 76 27 slagna
273 390 92 28 afgiften
380 391 24 21 af
418 393 26 20 60
460 392 70 26 penni.
552 392 113 21 Utskottet
679 392 39 20 har
733 390 68 22 likväl
816 390 18 27 ej
851 390 83 21 kunnat

181 425 132 22 understöda
335 426 60 22 detta
416 426 103 27 yrkande.
549 426 64 22 Emot
635 426 117 21 detsamma
770 425 40 22 bör
827 424 106 27 nemligen

181 460 120 27 anmärkas,
325 462 33 20 att
380 467 27 15 en
424 460 85 29 förhöjd
539 459 117 28 bevillning
678 460 71 22 kunde
771 459 114 22 framkalla
907 465 26 15 en

181 494 57 22 ökad
252 495 77 27 import
345 494 24 22 af
382 495 26 22 de
423 495 66 28 ryska
501 496 101 27 spelkort,
611 495 75 22 hvilka
696 494 99 27 försäljas
806 494 33 21 till
849 493 83 22 förmån

179 529 36 22 för
236 529 190 22 Hittebarnshuset
440 530 8 21 i
464 529 31 22 St.
510 530 131 27 Petersburg
664 530 38 21 och
723 529 81 27 hvilka,
820 529 28 26 på
863 529 70 26 grund

181 563 24 23 af
218 564 82 28 nådiga
314 564 144 27 kungörelsen
472 564 26 22 af
510 565 41 22 den
566 566 27 21 22
604 564 52 22 Juni
671 566 62 25 1859,
744 566 37 19 äro
797 563 33 22 till
844 563 88 22 införsel

180 599 7 22 i
201 599 94 22 Finland
317 599 87 22 tillåtna
425 602 58 19 emot
505 599 131 28 erläggande
658 599 77 22 endast
754 598 24 21 af
791 604 27 15 en
833 598 99 27 stämpel-

180 633 67 28 afgift
261 634 25 21 af
300 635 25 20 10
341 634 71 27 kopek
426 634 53 22 eller
493 636 27 20 40
539 633 64 28 penni
617 639 38 22 per
669 633 92 22 kortlek.
791 632 75 27 Enligt
882 639 50 20 nyss

180 668 121 27 åberopade
323 669 129 27 kungörelse
474 670 87 26 utgöres
583 674 81 16 samma
682 667 157 28 stämpelafgift
852 667 80 28 jemväl

179 702 34 22 för
228 703 26 21 de
269 703 7 21 i
291 703 93 22 Finland
405 703 131 22 tillverkade
557 703 130 28 spelkorten,
702 703 34 21 för
755 702 75 22 hvilka
848 702 83 21 således

179 737 7 20 i
201 737 158 28 stämpelafgift
374 737 38 22 och
426 737 118 28 bevillning
560 737 98 28 erlägges
674 737 158 27 sammanlagdt
849 739 10 19 1
871 737 60 21 mark

179 770 34 22 för
235 771 75 28 hvarje
332 771 91 27 kortlek,
448 772 52 21 eller
522 771 82 22 hälften
629 771 25 22 af
674 771 113 28 gångbara
810 771 121 27 salupriset,

179 806 120 27 utgörande
321 806 33 21 för
377 807 75 27 hvarje
474 807 52 27 spel,
548 806 118 22 bestående
685 806 24 21 af
723 807 12 20 2
750 806 68 27 lekar,
834 807 14 20 4
863 806 66 27 mark,

179 840 76 21 medan
277 840 8 21 i
307 840 150 27 Kejsardömet
479 841 68 26 spelet
565 841 101 26 betingar
688 841 33 27 sig
737 842 32 21 ett
783 841 45 26 pris
843 841 25 21 af
881 843 47 25 0,75

178 876 77 25 —1,10
271 875 66 21 rubel.
367 875 48 22 Den
436 875 112 22 inhemska
562 875 209 22 kortfabrikationen
784 875 96 22 befinner
896 875 35 27 sig

177 909 91 21 sålunda
289 909 67 22 redan
374 915 28 16 nu
420 909 8 22 i
450 916 26 15 en
498 910 82 22 mindre
603 916 89 21 gynsam
710 909 105 28 ställning
830 909 6 22 i
851 909 80 22 förhål-

177 943 64 22 lande
263 943 33 22 till
312 944 41 21 den
367 944 72 27 ryska.

246 983 42 22 Vid
309 983 79 22 sådant
407 984 134 22 förhållande
556 991 58 20 vore,
629 984 7 21 i
651 984 102 22 händelse
769 984 41 22 den
825 984 33 21 för
873 984 54 27 spel-

177 1017 50 22 kort
248 1017 109 28 utgående
379 1018 145 28 bevillningen
546 1018 68 22 skulle
635 1019 67 26 höjas,
719 1019 64 22 äfven
800 1020 33 20 att
847 1019 82 26 befara,

177 1053 34 20 att
234 1051 111 29 påföljden
367 1052 72 22 blefve
461 1053 123 28 smuggling
606 1053 33 21 till
660 1053 95 22 Finland
776 1053 26 22 af
815 1053 115 22 utländska

176 1086 102 27 spelkort.
308 1087 40 21 Ett
369 1087 117 27 belysande
508 1087 96 27 exempel
625 1087 111 28 erbjuda
727 1082 14 37 i
753 1088 61 22 detta
828 1089 101 22 afseende

177 1119 26 23 de
224 1120 88 27 skeden,
334 1120 74 23 hvilka
430 1121 166 28 lagstiftningen
619 1122 112 27 angående
747 1123 182 26 spelkortsbevill-

176 1155 79 27 ningen
277 1155 48 22 haft
340 1155 7 22 i
362 1155 82 28 Sverge
466 1157 68 21 under
556 1156 26 22 de
597 1158 81 21 tvänne
692 1159 87 20 senaste
795 1157 133 22 årtiondena.

175 1189 60 22 Intill
257 1190 26 21 år
299 1192 53 19 1871
369 1190 55 21 hade
439 1191 7 21 i
462 1191 94 22 nämnda
569 1191 52 22 land
634 1191 35 22 för
683 1192 76 27 hvarje
774 1192 45 27 spel
835 1193 93 27 utgjorts

176 1225 26 20 75
219 1225 36 20 öre
270 1224 7 21 i
292 1225 158 27 stämpelskatt,
470 1232 47 15 men
535 1225 94 22 derefter
644 1226 74 27 höjdes
733 1227 71 21 denna
819 1228 60 21 skatt
894 1227 34 22 till

177 1259 10 19 1
203 1257 68 22 krona
293 1259 27 20 50
343 1260 41 24 öre,
408 1258 33 22 till
464 1259 83 22 hvilket
568 1260 77 27 belopp
669 1261 39 20 den
732 1261 76 27 utgick
822 1261 58 21 ända
894 1261 34 22 till

176 1293 62 26 1893,
253 1291 50 22 från
318 1293 39 20 och
372 1293 47 21 med
434 1293 83 22 hvilket
533 1294 25 21 år
573 1294 41 21 den
629 1294 130 28 ytterligare
773 1294 110 29 förhöjdes
894 1296 33 21 till

175 1328 12 19 3
202 1326 79 22 kronor
295 1333 40 21 per
349 1327 52 28 spel.
432 1327 42 22 Vid
492 1331 53 19 1896
562 1329 36 22 års
608 1329 90 28 riksdag
707 1329 91 23 väcktes
808 1330 119 22 emellertid

174 1361 7 22 i
196 1361 69 22 andra
279 1362 125 22 kammaren
418 1364 81 21 tvänne
515 1363 71 22 skilda
601 1364 110 29 motioner,
727 1365 32 22 uti
775 1366 75 22 hvilka
864 1367 64 27 yrka-

174 1396 37 21 des
227 1403 24 15 en
268 1397 98 28 betydlig
380 1398 108 28 sänkning
503 1398 25 22 af
539 1399 169 28 ifrågavarande
718 1401 159 28 stämpelskatt,
888 1403 39 21 och

174 1431 32 22 till
229 1432 49 21 stöd
295 1431 34 23 för
345 1439 25 15 en
385 1433 70 22 sådan
469 1434 109 28 sänkning
593 1435 107 28 anfördes,
716 1437 100 22 hurusom
832 1438 94 23 erfaren-

243 1473 213 23 Bevillningsutskottets
468 1475 116 18 betänkande
597 1477 36 17 N:o
646 1478 16 17 1.
