1036 1714
198 144 14 21 2
410 143 26 23 U.
451 144 28 22 B.
495 156 26 4 —
538 144 74 28 Prop.
627 143 45 23 N:o
690 143 21 22 2.

197 218 35 19 att
254 215 85 22 erhålla
361 223 29 13 en
407 216 92 28 lydelse,
516 223 47 14 som
579 218 101 19 närmare
696 215 100 21 ansluter
811 214 35 29 sig
862 214 34 22 till
912 222 31 14 nu

198 251 105 29 gällande
318 251 44 29 lag,
379 250 35 22 får
429 251 123 28 Utskottet,
570 258 48 15 som
633 250 8 22 i
657 250 41 22 den
715 250 98 22 svenska
828 252 76 20 texten
920 250 26 21 af

196 287 179 21 reservationens
390 287 86 29 förslag
491 287 98 29 vidtagit
603 286 86 22 mindre
699 286 122 29 ändringar
831 285 26 22 af
864 286 78 22 redak-

196 324 71 21 tionel
282 326 41 24 art,
339 323 116 22 vördsamt
470 323 87 28 föreslå,

480 398 33 21 att
534 396 120 23 ständerna
676 396 51 22 ville
748 394 36 29 för
807 396 13 22 1
843 403 60 15 mom.
919 398 24 26 af

413 433 167 27 ifrågavarande
596 434 12 28 &
624 434 83 26 antaga
721 432 100 28 följande
837 432 92 28 lydelse:

480 504 88 23 Förena
584 505 32 28 sig
631 506 102 26 parterne
747 504 9 22 i
771 504 112 29 tvistemål,
900 512 44 14 som

409 541 39 22 hör
463 541 33 22 till
511 541 83 22 allmän
609 540 122 28 underrätt,
744 549 33 14 om
789 548 77 15 annan
874 541 70 22 sådan

411 577 88 22 domstol
522 579 28 20 än
568 585 31 14 nu
615 579 27 20 är
657 577 59 28 sagd,
735 584 50 15 vare
801 577 41 22 den
859 577 84 29 behörig

410 615 31 20 att
463 613 124 29 handlägga
608 613 73 27 saken,
704 613 38 22 der
760 613 64 22 målet
839 614 20 27 ej
872 614 72 27 angår

403 649 107 29 fastighet
528 650 51 21 eller
594 649 125 28 utmätniny
736 649 27 28 af
775 649 44 27 fast
844 650 51 21 eller
915 649 29 22 lös

409 686 100 27 egendom
530 685 51 23 eller
603 685 36 22 ock
656 685 95 22 konkurs
767 685 51 22 eller
833 685 111 23 boskilmad

409 721 50 23 eller
475 722 26 22 de
516 723 49 25 mäl,
582 729 43 15 som
641 722 9 21 i
665 723 21 26 2,
703 722 14 21 3
733 722 36 22 och
784 722 15 21 4
809 725 28 24 $$
847 723 97 21 nämnda

409 760 45 20 äro.
487 758 69 22 Dock
578 759 38 21 mä
640 758 19 27 ej
682 758 69 27 tvist,
766 765 50 15 som
832 759 83 28 enligt
930 759 13 22 1

407 795 16 26 8
446 794 46 21 hör
510 795 42 22 till
575 795 159 26 häradsrätt,
747 801 88 22 genom
851 795 93 22 sådant

409 830 67 27 aftal
503 831 99 27 dragas
628 831 82 21 under
735 830 209 28 rädstufvurätt.

409 866 30 28 Ej
461 866 65 22 heller
548 867 36 21 mä
603 866 56 27 tvist,
680 873 43 15 som
745 866 66 28 enligt
834 866 108 23 särskilda

408 903 134 28 stadganden
566 902 37 22 bör
628 902 117 23 behandlas
761 902 38 23 vid
813 903 130 28 rädstufvu-

409 940 51 26 rätt,
477 939 28 27 af
516 939 126 22 häradsrätt
657 941 113 26 upptagas.

436 1005 26 21 11
479 1005 51 29 kap.
555 1005 6 21 7
577 1006 13 27 $
613 1005 6 21 1
636 1011 67 16 mom.

266 1060 169 22 Presteständet
457 1060 42 22 har
521 1060 35 22 för
581 1060 54 22 sista
654 1059 144 29 meningen
792 1055 16 37 i
818 1062 124 20 momentet

196 1096 88 27 antagit
299 1096 99 27 följande
413 1096 94 27 lydelse:
522 1096 90 27 ,Under
624 1096 99 28 helgdag
734 1098 37 20 mä
779 1104 52 14 man
842 1096 19 28 ej
874 1099 67 19 stäm-

196 1138 54 20 mas,
267 1131 20 28 ej
304 1131 71 21 heller
389 1131 8 21 i
413 1131 93 27 kyrka."

265 1166 62 22 Enär
349 1168 34 20 tre
406 1166 67 22 ständ
496 1166 103 29 godkänt
624 1169 124 19 momentet
774 1167 42 21 och
841 1166 101 30 lagenlig

195 1201 207 29 ständerpluralitet
425 1202 95 22 sälunda
535 1202 126 28 förefinnes,
678 1202 40 21 har
734 1202 119 22 Utskottet
868 1205 74 19 ansett

195 1237 218 28 ändringsförslaget
427 1237 55 23 böra
497 1237 97 23 förfalla.

435 1302 26 22 17
477 1303 51 28 kap.
545 1304 14 20 5
582 1302 7 29 $
606 1303 13 21 2
635 1310 66 15 mom.

265 1356 167 30 Ridderskapet
448 1357 42 21 och
506 1357 73 22 Adeln
595 1360 60 19 samt
670 1358 191 28 Borgareständet
870 1357 70 23 hafva

194 1392 102 29 godkänt
320 1400 65 15 mom.
409 1393 8 21 i
441 1393 42 21 den
508 1394 85 28 lydelse
615 1393 124 23 detsamma
753 1394 52 21 haft
819 1394 8 21 i
842 1402 98 14 reserva-

195 1428 77 22 tionen
287 1428 29 22 II.

265 1478 126 23 Lagutskottets
403 1478 108 18 betänkande
523 1479 35 18 N:o
571 1481 16 15 5.
