1039 1711
784 135 27 21 39

90 198 166 22 munalnämnd
270 200 49 22 eller
330 200 207 28 pröfningsnämnd,
553 200 56 22 eller
619 200 50 26 ock,
679 200 9 21 i
697 200 39 22 det
743 200 42 22 fall
792 202 28 20 20
828 202 13 25 S

91 232 99 29 stadgar,
206 233 26 21 af
244 234 156 21 ordföranden
414 234 9 20 i
438 234 243 28 kommunalstämman,
693 242 54 20 eger
755 236 47 19 rätt
809 236 35 19 att

90 267 107 22 deröfver
212 267 80 22 anföra
307 267 119 28 skriftliga
440 268 88 28 besvär,
544 268 81 21 hvilka
636 268 65 21 skola
711 268 26 21 af
743 268 44 21 den
795 268 48 21 kla-

89 302 75 28 gande
180 301 56 29 sjelf
249 302 56 21 eller
320 301 57 22 hans
388 301 102 29 lagligen
501 302 98 22 tillsatta
610 302 85 21 ombud
705 302 77 22 tillika
789 301 53 22 med

89 336 40 21 det
144 335 163 30 öfverklagade
322 335 101 22 beslutet
438 336 37 21 till
491 336 151 22 Guvernören
652 335 114 22 inlemnas
777 336 63 21 inom

89 371 86 27 trettio,
191 378 53 14 men
258 371 38 21 för
310 363 77 29 Åland
402 371 43 21 och
460 371 161 29 Lappmarken
635 371 63 21 inom
708 370 134 29 fyratiofem

89 405 77 28 dagar,
182 412 49 15 som
246 405 94 22 räknas:
367 407 19 24 1)
402 405 52 22 ifall
468 405 101 22 beslutet
583 405 80 22 blifvit
679 405 112 28 antingen
804 405 37 28 ju-

90 440 90 21 steradt
194 439 8 22 i
219 439 44 22 den
279 439 101 28 ordning
395 440 27 21 26
433 439 42 22 och
486 441 26 21 27
524 441 27 26 $$
562 439 123 28 innehålla,
697 440 55 21 eller
762 440 8 21 i
779 439 63 22 kom-

88 482 97 14 munens
196 474 76 29 kyrka
278 475 57 21 eller
343 475 88 28 kyrkor
439 475 133 29 kungjordt,
581 475 30 28 pä
619 476 45 20 sätt
672 475 8 21 i
688 475 27 22 28
730 476 6 25 $
745 481 66 15 mom.
821 475 20 26 2,

89 511 60 19 samt
163 510 34 25 38,
212 509 27 22 47
256 509 42 21 och
314 509 27 22 72
356 510 28 25 $$
398 509 158 28 töreskrifves,
571 509 53 21 från
639 508 45 22 den
695 509 50 28 dag,
757 509 29 21 dä
796 508 45 21 slik

85 543 120 28 justering
223 543 57 22 eller
294 543 140 28 kungörelse
450 543 71 28 skett;
551 544 22 26 2)
589 543 8 22 i
613 543 109 22 händelse
737 543 104 22 kommu-

87 576 200 30 nalfullmäktiges
310 578 56 20 eller
388 577 232 22 kommunalnämnds
641 577 83 27 beslut,
741 584 48 15 som
804 580 38 18 rör

88 612 77 28 nägon
181 618 85 22 person
281 612 109 27 enskildt,
407 615 25 18 är
447 611 90 29 afsagdt
553 612 42 21 och
611 611 45 22 den
666 611 114 29 klagande
791 611 50 22 der-

87 645 41 22 vid
142 646 108 28 närvarit,
266 646 53 21 frän
334 646 45 21 den
394 646 51 28 dag,
462 646 27 22 dä
505 646 81 22 sädant
601 646 151 22 afkunnande
767 646 25 21 af
802 646 39 21 be-

87 680 72 22 slutet
182 683 39 26 egt
242 687 61 21 rum;
326 682 59 20 samt
414 681 22 27 3)
460 680 76 22 derest
558 680 77 29 dylikt
657 680 76 22 beslut
746 680 94 28 afsagts,

87 722 53 14 men
162 715 45 21 den
226 715 115 28 klagande
356 714 82 22 dervid
453 715 20 29 ej
490 715 59 22 varit
564 715 121 28 tillstädes,
701 715 74 22 liksom
786 715 54 27 jem-

87 749 34 22 väl
135 749 9 21 i
160 749 27 21 de
202 749 42 22 fall
262 750 28 21 20
304 751 20 25 &,
340 750 27 21 28
392 751 4 25 $
411 756 67 15 mom.
496 751 9 20 1
522 751 59 20 samt
597 750 27 21 38
640 749 43 22 och
699 750 26 21 72
741 751 27 25 $$
784 756 56 21 upp-

87 785 59 27 taga,
162 783 52 22 frän
230 783 44 22 den
290 783 34 22 tid
339 783 130 28 klaganden
484 783 25 22 af
521 783 102 22 beslutet
638 783 9 22 i
661 783 80 29 hvarje
757 783 83 22 ärende

87 817 93 22 undfätt
196 817 42 28 del,
255 817 75 28 dagen
345 817 29 21 dä
388 817 83 22 sådant
485 817 86 22 skedde
586 817 74 22 likväl
675 817 112 28 oräknad;
806 818 32 27 äf-

86 858 84 16 vensom
199 853 23 25 4)
246 852 28 20 dä
295 852 80 28 frågan
396 851 66 28 gäller
473 852 213 28 pröfningsnämnäs
701 852 71 27 beslut,
787 852 53 28 från

87 886 69 28 dagen
178 885 36 28 för
234 885 46 22 dess
302 885 126 28 afsägande.
458 886 149 21 Försummar
625 886 132 28 klaganden
779 886 61 21 hvad

87 920 96 22 sälunda
205 923 25 18 är
250 919 156 28 föreskrifvet,
430 920 68 22 hafve
521 921 36 21 sin
579 920 63 22 talan
663 922 62 20 emot
739 920 101 22 beslutet

86 955 103 21 förlorat.

428 1018 41 21 100
483 1019 20 25 8.

155 1063 78 22 Blifva
248 1063 111 22 besvären
374 1063 37 21 till
426 1062 183 27 vederbörandes
620 1063 101 21 hörande
731 1063 106 27 utstälda,

87 1098 70 21 sände
180 1098 159 27 Guvernören,
362 1098 25 20 så
408 1096 48 22 fort
471 1097 36 29 sig
521 1100 56 26 göra
592 1097 64 27 låter,
671 1097 168 29 handlingarna

85 1132 38 21 till
139 1132 154 22 ordföranden
308 1132 9 21 i
327 1132 234 26 kommunalstämman,
571 1131 38 22 hos
617 1132 221 27 kommunalfullmäk-

87 1167 48 28 tige,
156 1167 3 22 i
174 1166 205 23 kommunalnämnd
394 1165 49 22 eller
457 1165 9 22 i
478 1165 207 29 pröfningsnämnd,
695 1165 38 22 allt
743 1166 95 29 eftersom

85 1201 88 22 beslutet
195 1200 71 28 blifvit
287 1200 9 21 i
317 1200 213 22 kommunalstämma
552 1199 49 22 eller
622 1200 27 27 af
668 1201 40 20 den
731 1207 40 15 ena
789 1200 50 22 eller

85 1236 72 21 andra
179 1235 29 28 af
222 1235 98 22 nämnda
337 1235 148 28 myndigheter
500 1234 89 29 fattadt;
604 1234 37 22 och
657 1234 70 22 tillhör
742 1235 35 21 det
791 1235 47 22 ord-

86 1271 108 28 föranden
219 1272 34 19 att
277 1268 183 23 vederbörandes
485 1269 130 28 förklaring
640 1269 56 21 eller
718 1269 120 22 utlåtande

87 1305 79 28 (utesl.)
189 1305 37 21 till
242 1304 151 21 Guvernören
408 1306 54 20 utan
478 1304 131 28 tidsutdrägt
623 1303 145 22 öfversända.
802 1304 36 21 Ut-

85 1339 74 21 ställas
174 1339 82 21 besvär
274 1338 65 21 öfver
354 1345 131 20 gemensam
501 1337 244 22 kommunalstämmas
760 1338 78 20 beslut

87 1373 78 25 (utesl)
188 1373 37 21 till
248 1373 121 27 sakegares
392 1373 107 26 hörande,
515 1371 153 22 sammankalle
683 1371 154 21 ordföranden

85 1407 38 21 för
145 1407 99 22 nämnda
266 1408 98 20 stämma
381 1406 77 27 f(utesl.)
473 1412 84 22 genom
572 1405 138 28 kungörelse
725 1406 9 20 i
749 1405 28 21 de
792 1408 45 18 sär-

87 1441 77 22 skilda
185 1441 178 22 kommunernas
386 1440 87 29 kyrkor
495 1440 79 28 (utesl.)
597 1439 172 22 vederbörande
783 1439 54 22 full-
