1034 1709
213 148 26 19 66
410 146 81 24 Ständ.
507 146 36 24 Sv.
559 160 28 2 —
601 147 71 27 Prop.
688 147 42 22 N:o
745 149 21 20 6.

212 212 220 28 munalmyndighets
451 212 164 21 sammanträde
634 215 56 19 samt
707 220 65 14 anses
788 212 29 21 då
832 220 54 13 vara
901 213 61 20 kom-

211 253 95 15 munens
329 246 143 22 medlemmar
494 246 53 22 eller
570 246 169 22 vederbörande
762 246 134 29 myndighet
919 247 44 21 del-

212 281 78 28 gifvet.

550 352 38 19 101
605 350 20 28 8.

280 401 70 22 Föres
373 401 82 28 klagan
474 401 112 27 däröfver,
605 403 32 19 att
652 401 74 22 beslut
741 401 20 28 ej
778 401 8 22 i
800 401 51 28 laga
866 401 98 28 ordning

211 435 134 26 tillkommit,
366 436 52 21 eller
437 438 32 19 att
488 436 37 22 det
541 437 45 20 står
601 435 7 21 i
624 435 56 22 strid
695 435 51 22 med
762 436 82 21 allmän
859 435 37 28 lag
911 435 52 22 eller

211 471 141 28 förordning,
371 471 52 22 eller
446 471 133 22 annorledes
602 471 152 21 öfverskrider
774 471 64 21 deras
857 470 106 29 befogen-

211 505 44 26 het,
277 513 48 14 som
347 505 97 22 beslutet
466 505 72 26 fattat,
558 513 41 21 ege
614 508 150 25 guvernören,
780 513 37 13 om
831 505 46 22 han
891 505 72 21 finner

211 540 48 21 skäl
278 540 74 21 därtill
376 540 144 25 förekomma,
539 540 107 22 beslutets
665 540 171 29 verkställighet
851 539 112 29 förbjuda.

279 575 106 22 Grundas
407 575 110 22 besvären
540 575 75 28 därpå,
638 577 32 19 att
691 577 88 26 någons
800 575 102 22 enskilda
919 577 44 19 rätt

211 609 75 23 blifvit
309 617 81 21 genom
412 609 98 22 beslutet
531 610 88 25 kränkt,
641 610 41 21 och
701 610 71 21 varda
784 609 111 22 besvären
909 610 54 28 god-

211 645 80 26 kända,
314 644 58 29 gälle
395 645 106 21 rättelsen
523 644 34 21 till
580 644 88 21 förmån
690 644 35 21 för
744 645 49 27 den,
813 651 48 15 som
880 643 83 29 klagat,

211 679 42 21 och
277 679 79 22 stånde
376 679 98 22 beslutet
492 679 35 21 för
543 679 75 28 öfrigt,
634 681 54 19 utan
704 680 24 19 så
744 682 30 23 är,
790 681 33 19 att
838 679 38 21 det
891 679 72 21 finnes

211 713 116 22 stridande
343 716 59 19 emot
417 713 81 22 allmän
513 713 37 29 lag
565 713 54 22 eller
630 713 141 28 förordning,
782 713 29 22 då
820 715 143 27 guvernören

211 749 42 20 ock
275 749 36 21 må
333 748 115 29 angående
468 747 161 30 upphäfvande
648 747 24 22 af
687 748 97 21 beslutet
799 747 8 21 i
822 748 51 21 dess
888 748 76 21 helhet

211 783 114 21 förordna.

549 854 39 19 102
604 851 21 30 8.

280 904 40 21 Uti
342 907 154 25 guvernörens
515 904 75 28 utslag
610 905 42 24 må,
669 903 39 22 där
724 904 19 28 ej
760 903 36 22 för
811 903 61 22 vissa
887 903 76 28 frågor

211 946 74 14 annan
307 938 97 29 ordning
426 939 155 28 uttryckligen
599 941 23 18 är
642 938 102 28 stadgad,
763 938 97 28 ändring
874 938 67 21 sökas
956 938 8 21 i

211 974 110 21 Senatens
344 974 281 29 Ekonomiedepartement
647 973 49 22 före
718 973 98 22 klockan
831 973 44 21 tolf
888 975 12 20 å
915 981 48 13 sex-

210 1008 77 22 tionde
303 1009 74 28 dagen
392 1009 56 21 efter
464 1008 133 26 delfåendet,
614 1007 73 28 dagen
704 1007 28 22 då
747 1008 37 21 det
800 1008 84 21 skedde
894 1007 69 22 likväl

211 1043 110 26 oräknad;
345 1043 42 21 och
402 1043 58 28 gälle
475 1043 80 22 därvid
570 1043 34 21 till
619 1042 147 21 efterrättelse
781 1043 62 22 hvad
858 1049 37 15 om
910 1043 53 20 änd-

210 1078 164 28 ringssökande
389 1078 8 21 i
412 1078 122 21 allmänhet
549 1077 104 29 stadgadt
669 1080 29 18 är.

516 1211 61 21 VIII
593 1211 62 25 Kap.

419 1265 141 22 Särskilda
580 1265 172 28 stadganden.

548 1336 39 20 103
603 1333 20 29 8.

277 1387 100 28 Köping,
396 1394 49 14 som
462 1387 41 20 har
521 1393 58 22 egen
594 1386 100 28 styrelse,
710 1388 36 20 må
760 1388 82 27 utgöra
857 1394 29 15 en
900 1387 61 22 kom-

210 1429 55 14 mun
284 1421 35 22 för
342 1422 35 28 sig
398 1421 54 22 eller
469 1421 147 22 tillsammans
631 1421 51 21 med
698 1421 44 21 den
756 1421 205 29 landsförsamling,

209 1457 62 26 inom
291 1457 68 21 hvars
383 1456 90 22 område
495 1456 116 28 köpingen
631 1459 23 19 är
672 1455 101 29 belägen.
803 1456 33 22 På
850 1460 111 25 guvernö-
