1042 1709
176 150 15 19 4
400 148 29 22 U.
445 148 27 21 B.
487 160 30 4 —
532 148 74 28 Prop.
622 147 45 23 N:o
682 147 23 22 8.

175 219 114 27 förelagda
314 219 81 27 nådiga
421 220 163 26 propositionen
609 218 145 28 omförmäles,
770 219 42 21 har
837 218 37 22 det
901 218 26 22 af

176 255 124 22 Ständerna
315 255 92 22 sålunda
423 257 96 27 antagna
533 255 151 27 lagförslaget,
701 254 57 22 efter
774 254 38 22 det
822 254 100 22 Justitie-

176 291 115 23 ministern
311 291 9 22 i
340 291 167 28 Kejsaredömet
522 292 81 21 uttalat
618 291 35 27 sig
668 291 113 28 angående
798 291 125 27 detsamma,

175 327 51 22 icke
241 327 78 23 vunnit
334 327 68 28 nådig
417 327 148 22 stadfästelse.
588 327 33 21 De
637 327 145 27 synpunkter,
798 333 46 15 som
854 325 70 23 Justi-

176 363 148 22 tieministern
340 363 78 22 dervid
433 363 127 26 framhållit,
572 365 37 19 äro
620 361 187 29 hufvudsakligen
817 362 106 28 följande:

247 401 34 20 att
296 399 178 27 Kejsaredömets
491 398 141 28 lagstiftning
646 397 50 23 från
712 399 28 21 de
750 399 69 27 ryska
830 398 94 22 domsto-

176 435 73 23 larnes
265 435 130 26 kompetens
411 435 148 27 ovilkorligen
574 434 109 22 utesluter
698 434 163 27 rättsanspråk,
878 441 46 15 som

176 471 78 22 väckts
269 473 45 20 mot
329 477 86 22 person,
432 471 73 22 bosatt
520 473 59 20 utom
595 470 51 22 dess
662 473 99 25 gränser,
778 470 78 22 endast
866 471 8 20 i
884 470 41 22 fall

177 501 124 28 svaranden
317 509 25 19 är
357 507 121 28 utländing,
496 513 49 16 men
561 509 34 19 att
610 509 33 20 ett
654 507 79 21 sådant
744 506 120 27 stadgande
875 507 49 21 icke

176 543 71 27 gäller
261 542 138 23 beträffande
415 543 57 21 finsk
490 549 56 21 man,
562 543 34 21 till
615 543 54 27 följd
686 542 80 23 hvaraf
780 542 69 22 under
866 543 59 22 vissa

176 579 195 27 omständigheter,
387 581 15 19 t.
426 585 32 16 ex.
484 579 28 21 då
534 579 70 21 forum
619 579 133 21 bestämmes
768 585 77 20 genom
862 581 63 19 orten

176 614 36 23 för
233 614 140 27 fullgörande
396 614 25 21 af
443 615 107 20 kontrakt
565 614 55 22 eller
636 614 121 22 förekomst
772 614 25 21 af
810 613 113 28 fastighet,

175 650 100 22 käromål
290 651 45 20 mot
349 650 59 21 finsk
424 649 106 29 inföding,
546 651 74 21 bosatt
634 650 57 21 inom
704 649 219 28 Storfurstendömet,

176 686 44 21 kan
242 685 98 28 lagligen
363 686 177 27 anhängiggöras
564 686 37 22 vid
617 685 92 22 domstol
724 685 7 22 i
748 685 176 28 Kejsaredömet;

247 723 33 20 att
295 728 28 15 en
338 722 36 21 till
389 722 55 27 rysk
461 722 93 22 domstol
569 721 97 22 instämd
680 721 58 22 finsk
754 722 106 27 inföding,
879 728 45 15 som

176 763 65 16 anser
264 757 38 22 det
325 759 44 20 mot
392 757 77 22 honom
491 757 81 22 väckta
587 757 180 27 rättsanspråket
782 758 114 21 ankomma
911 758 14 21 å

176 793 58 22 finsk
258 793 105 22 domstols
387 793 172 28 handläggning,
575 793 45 22 kan
642 795 53 20 utan
711 795 33 20 att
759 794 53 27 ingå
826 793 9 22 i
850 800 74 15 svaro-

176 829 45 21 mål
235 829 8 21 i
259 828 80 28 sjelfva
354 829 69 22 saken
439 829 85 22 anmäla
538 829 36 28 jäf
586 831 45 20 mot
642 829 132 22 domstolens
785 829 138 27 behörighet,

176 865 40 22 och
232 867 33 20 att
281 865 71 22 denna
365 865 147 28 jäfsanmälan
528 866 69 27 enligt
607 865 178 27 Kejsaredömets
796 866 129 27 processlag

177 901 66 22 äfven
258 901 45 22 kan
319 903 65 25 göras
399 901 8 21 i
423 901 55 21 form
494 901 25 22 af
531 901 223 28 invändningsskrift,
770 904 53 19 utan
838 903 33 19 att
881 901 43 22 den

177 936 129 23 anmälande
329 936 107 22 behöfver
459 937 54 27 sjelf
527 937 55 22 eller
597 943 78 21 genom
690 937 80 22 ombud
784 937 90 22 inställa
890 937 35 27 sig

176 972 38 22 vid
229 972 132 27 domstolen;

248 1010 39 26 att,
303 1009 8 20 i
333 1007 40 22 fall
395 1008 57 21 intet
472 1008 36 28 jäf
529 1011 45 19 mot
592 1008 132 23 domstolens
740 1009 131 27 behörighet
887 1015 36 16 an-

176 1044 71 28 mälts,
265 1044 112 22 käromåls
398 1044 211 28 anhängiggörande
624 1044 38 22 vid
677 1047 59 19 orätt
751 1044 71 22 forum
838 1045 85 27 derige-

176 1086 50 15 nom
246 1081 44 21 kan
310 1080 8 21 i
333 1080 60 22 vissa
409 1079 40 23 fall
465 1080 68 23 blifva
550 1081 75 27 giltigt
640 1081 40 21 och
696 1083 33 19 att
745 1087 28 15 en
789 1081 49 21 med
854 1080 69 23 öfver-

175 1116 98 21 trädelse
297 1115 26 22 af
343 1115 150 28 stadgandena
517 1123 33 14 om
566 1116 104 21 domstols
685 1117 131 26 behörighet
832 1117 92 21 sålunda

176 1151 75 28 gifven
275 1151 50 22 dom
348 1151 58 22 efter
429 1158 88 16 vunnen
542 1152 49 27 laga
606 1151 62 22 kraft
684 1152 58 21 skall
758 1151 114 23 befordras
889 1153 35 21 till

175 1187 182 27 verkställighet;
373 1189 57 19 samt

247 1224 33 20 att
299 1222 93 22 domstol
408 1223 7 21 i
431 1223 167 27 Kejsaredömet
613 1223 37 22 vid
667 1223 166 28 handläggning
848 1223 25 22 af
886 1230 37 15 an-

176 1257 69 22 sökan
261 1263 34 15 om
311 1257 172 27 verkställighet
498 1257 24 22 af
535 1257 58 22 finsk
608 1258 105 21 domstols
730 1258 49 21 dom
794 1259 50 21 icke
860 1259 64 26 ingår

175 1292 9 21 i
199 1292 138 27 granskning
360 1293 24 20 af
405 1292 80 28 sjelfva
507 1293 90 27 tvisten,
613 1296 54 18 utan
690 1293 78 22 endast
783 1293 91 27 pröfvar
889 1300 34 15 om

176 1328 76 22 domen
275 1328 126 23 innehåller
424 1328 152 29 förfoganden,
592 1329 76 22 hvilka
684 1329 70 22 strida
770 1332 57 20 emot
842 1330 81 21 allmän

175 1364 94 28 ordning
293 1365 55 22 eller
368 1365 51 22 ieke
439 1365 122 28 medgifvas
577 1365 25 22 af
614 1365 8 22 i
637 1365 168 28 Kejsaredömet
820 1366 103 28 gällande

175 1400 45 28 lag;
235 1401 115 22 hvaremot
365 1401 8 22 i
388 1401 65 28 lagen
469 1401 20 28 ej
505 1403 91 21 nämnes
612 1408 33 15 om
661 1402 72 28 någon
748 1402 138 28 granskning
901 1401 25 22 af

175 1436 79 29 frågan
277 1438 108 22 huruvida
409 1438 128 27 domstolen,
554 1444 46 16 som
620 1438 110 22 meddelat
746 1439 102 28 utslaget,
865 1439 58 22 varit

246 1485 137 23 Lagutskottets
395 1486 116 18 betänkande
524 1486 38 19 N:o
574 1486 18 18 3.
