1056 1709
308 143 83 23 Ständ.
407 144 39 22 Sv.
465 155 23 5 —
504 144 73 28 Prop.
594 143 45 23 N:o
653 144 38 22 10.
858 145 14 20 9

118 213 38 19 ten
178 212 59 20 skall
255 212 117 21 nedsättas
397 212 84 21 »under
503 212 96 28 publika
621 212 121 22 ombudets
765 212 76 22 förvar
865 212 6 21 i

118 245 83 21 brand-
216 246 45 21 och
276 245 107 28 dyrkfritt
397 246 70 27 hvalf,
483 254 50 14 som
549 246 25 21 af
587 246 92 22 banken
694 247 113 21 anvisas».

187 291 33 20 På
238 291 74 26 grund
328 291 24 20 af
371 291 61 21 hvad
450 291 68 24 ofvan
537 291 87 21 anförts
644 291 22 21 få
683 291 126 21 Ständerna
829 292 44 21 hos

118 324 72 22 Eders
208 324 123 28 Kejserliga
347 325 104 27 Majestät
465 325 8 20 i
488 325 182 27 underdånighet
685 325 101 21 anmäla:

393 424 31 19 att
437 423 124 21 Ständerna
574 423 45 21 icke
629 423 88 21 kunnat
727 423 92 28 omfatta
832 423 41 20 den

325 456 82 28 nådiga
427 457 161 27 propositionen
613 457 141 28 oförändrad,
771 458 52 20 utan
839 457 36 27 för

325 491 34 20 sin
376 491 33 20 del
423 491 86 27 antagit
523 499 24 13 en
564 492 24 20 så
605 492 94 27 lydande

393 593 156 28 Förordning
572 593 124 28 angående
722 593 94 23 ändrad
838 593 36 28 ly-

326 627 66 23 delse
411 627 26 23 af
459 627 121 23 särskilda
602 627 142 29 paragrafer
759 627 9 23 i
784 627 91 28 nådiga

324 661 180 28 förordningen
529 661 27 23 af
573 662 48 22 den
641 662 29 22 10
689 662 46 29 Maj
758 662 59 23 1886
833 668 41 16 an-

326 696 92 28 gående
433 696 168 28 bankrörelse,
613 702 51 17 som
675 696 28 23 af
712 696 73 28 bolag
795 696 79 23 idkas.

576 781 12 28 $
606 783 19 20 8.

397 833 108 26 Tillsynen
521 833 102 27 däröfver
637 834 32 19 att
683 833 60 20 bank
759 833 115 27 behörigen

324 866 82 28 fullgör
415 867 104 27 gällande
529 867 171 27 lagstadganden
711 867 40 21 och
762 867 113 28 föreskrif-

326 903 60 18 terna
409 900 8 21 i
431 901 46 20 dess
492 907 51 21 egen
560 901 169 27 bolagsordning
745 901 131 21 ankommer

325 935 13 21 å
361 935 104 21 Senatens
482 935 274 28 Ekonomiedepartement,
773 935 7 21 i
794 935 82 21 hvilket

326 969 99 28 afseende
435 971 29 19 ett
473 970 27 27 af
507 970 92 21 Senaten
610 970 73 21 tillsatt
690 969 88 28 publikt
787 970 88 25 ombud,

325 1011 47 14 som
394 1004 20 27 ej
434 1004 37 27 får
492 1011 53 14 vara
568 1004 97 27 delegare
687 1004 8 20 i
709 1004 94 25 banken,
818 1004 58 21 skall

326 1045 53 14 vara
391 1038 128 27 berättigadt
528 1039 31 20 alt
568 1038 20 27 ej
597 1038 85 21 mindre
693 1037 76 22 bivista
782 1038 91 21 revision

326 1073 40 20 och
382 1073 176 26 bolagsstämma,
575 1079 35 14 om
627 1072 74 21 hvilka
718 1073 60 20 bank
793 1072 82 27 åligger

326 1107 81 20 honom
430 1107 103 20 särskildt
550 1107 132 26 underrätta,
698 1108 58 20 samt
771 1107 103 26 banksty-

326 1141 77 21 relsens
413 1141 199 21 sammankomster
622 1141 41 20 och
672 1140 79 21 därvid
761 1140 32 21 till
800 1142 74 26 proto-

326 1176 65 21 kollet
403 1177 55 26 göra
473 1175 26 21 de
506 1175 155 28 påminnelser,
671 1175 91 21 hvartill
769 1175 50 21 skäl
828 1175 46 20 kan

326 1209 145 28 förekomma,
487 1211 29 19 än
533 1209 64 28 äfven
613 1211 37 24 att,
662 1210 25 20 så
698 1209 45 28 ofta
754 1209 46 21 han
811 1216 65 14 anser

327 1244 80 28 nödigt,
417 1251 102 20 genomse
529 1244 99 21 bankens
638 1244 83 25 böcker,
728 1244 81 25 kassor,
818 1245 59 20 samt

327 1279 59 20 låne-
401 1279 41 20 och
458 1278 71 28 öfriga
544 1278 136 27 handlingar
694 1279 63 20 såväl
772 1278 36 21 vid
820 1279 55 20 ban-

326 1313 53 20 kens
393 1313 164 27 hufvudkontor
572 1319 47 14 som
635 1312 36 21 vid
685 1313 46 20 dess
741 1312 134 27 afdelnings-

326 1347 84 20 kontor.
444 1347 93 19 Senaten
563 1346 101 26 utfärdar
686 1345 130 21 instruktion
839 1346 37 26 för

323 1379 92 28 publika
431 1379 106 21 ombudet.

398 1413 41 21 Till
458 1413 135 21 bestridande
613 1413 28 27 af
652 1413 25 21 de
692 1413 91 27 utgifter,
799 1413 76 20 hvilka

326 1448 40 20 äro
390 1448 103 27 förenade
517 1448 50 20 med
591 1447 67 28 ofvan
683 1447 90 21 berörda
796 1447 79 28 tillsyn,
