1031 1714
308 142 29 23 U.
353 143 27 22 B.
396 156 27 3 —
438 143 74 29 Prop.
528 144 43 23 N:o
587 145 23 22 4.
815 147 26 20 31

89 214 60 18 samt
170 214 32 19 att
217 213 154 26 uppkomsten
387 213 25 20 af
424 213 120 27 nybyggen
560 213 13 21 å
588 213 103 22 kronans
706 214 66 21 mark
787 214 56 21 deri-

88 251 83 20 genom
192 246 93 21 komme
303 249 32 18 att
351 246 7 21 i
373 246 76 27 någon
466 247 55 20 mån
538 247 106 21 hämmas
660 248 44 20 och
719 248 85 20 vården
821 249 26 19 af

88 279 103 22 kronans
207 280 159 26 skogsmarker
377 283 32 18 att
422 281 7 20 i
442 281 111 26 väsentlig
563 281 55 20 mån
629 281 120 22 försvåras.
771 282 72 21 Dessa

88 314 51 20 skäl
149 314 43 20 har
208 314 113 21 Utskottet
333 316 73 19 ansett
420 321 54 14 vara
483 315 122 26 bindande,
616 315 94 21 hvarför
720 316 44 20 och
774 315 30 21 då
815 322 28 14 en

88 348 65 27 dylik
168 349 90 26 ständig
273 349 179 26 besittningsrätt
467 356 53 14 vore
532 349 73 27 egnad
618 351 32 19 att
660 350 121 21 framkalla
791 351 54 20 alle-

88 383 79 20 handa
191 383 172 26 förvecklingar,
385 383 113 22 Utskottet
518 386 74 19 ansett
607 384 184 27 propositionens
807 385 37 20 be-

88 417 116 27 stämning
214 417 33 21 uti
259 417 173 27 ifrågavarande
440 418 105 21 afseende
554 418 50 21 icke
612 418 80 21 kunna
700 418 143 27 godkännas.

89 452 53 20 Men
153 452 52 21 med
215 452 92 27 hänsyn
315 452 75 21 dertill
404 454 32 19 att
446 453 75 26 någon
533 452 33 21 tid
575 453 70 20 likväl
654 453 46 20 kan
709 453 51 26 åtgå
770 453 72 20 innan

88 486 295 26 lägenhetsinnehafvarene
399 486 70 21 vinna
485 487 86 20 tillfälle
587 489 32 18 att
634 487 14 20 å
659 493 56 20 egna
723 493 53 20 egor
787 494 58 20 upp-

88 522 52 24 taga
162 520 131 27 erforderlig
307 520 131 27 ängsmark,
454 521 42 20 har
512 520 113 21 Utskottet
640 521 59 20 dock
715 521 66 20 hållit
795 521 47 20 före

88 556 32 19 att
143 555 44 20 rätt
210 557 32 18 att
256 555 102 26 begagna
373 555 47 20 ofta
436 554 123 21 omordade
576 555 70 26 ängar
661 555 42 20 bör
718 555 126 27 lägenhets-

88 588 178 21 innehafvarene
281 589 36 20 för
331 588 76 26 någon
422 588 33 21 tid
472 589 132 26 medgifvas,
620 589 44 20 och
677 589 42 20 har
730 589 114 21 Utskottet

88 624 74 19 ansett
177 625 32 18 att
223 622 61 21 detta
299 622 70 21 borde
385 622 40 21 ske
441 622 34 21 för
490 622 44 21 den
550 622 39 27 tid,
601 629 50 14 som
662 622 39 21 vid
712 623 131 26 storskiftet,

88 657 53 21 med
161 657 91 27 hänsyn
267 657 34 21 till
316 656 78 28 hvarje
410 657 116 26 lägenhets
542 657 76 27 behof,
633 657 47 21 kan
696 657 147 27 bestämmas,

88 692 60 21 dock
163 692 50 21 icke
228 692 88 21 utöfver
333 692 78 20 femtio
432 692 30 20 år.
494 692 51 20 Och
565 698 50 14 som
628 691 138 27 förberörda,
778 692 64 21 inom

88 726 154 27 kronojorden
259 726 98 21 fallande
368 728 71 24 ängar
450 726 54 20 efter
514 733 56 20 nyss
581 726 102 20 nämnda
696 726 45 21 tids
752 726 89 28 förlopp

89 761 94 20 komma
206 763 31 18 att
259 762 56 19 utan
336 760 76 26 någon
435 760 123 27 ersättning
580 760 90 20 tillfalla
686 760 95 27 kronan,
800 761 43 20 har

89 795 113 20 Utskottet
231 797 73 18 ansett
324 794 90 21 rättvist
434 796 32 18 att
489 794 95 26 kronan,
610 794 75 21 derest
707 794 135 22 densamma

90 828 72 22 innan
185 829 113 27 utgången
318 828 25 21 af
355 828 45 21 den
415 828 35 21 för
465 828 78 28 hvarje
560 828 96 21 särskild
682 829 105 26 lägenhet
808 829 37 21 be-

90 863 91 21 stämda
203 863 38 27 tid,
260 863 38 21 vill
321 865 51 25 taga
391 862 78 28 dylika
484 862 91 28 ängar
565 858 14 36 i
591 863 129 27 besittning,
743 863 42 21 bör
810 864 35 20 för

90 898 53 20 dem
163 898 88 26 erlägga
274 898 63 20 lösen
355 897 69 27 enligt
439 897 125 27 värdering.
590 898 73 20 Jemte
679 897 38 21 det
731 898 114 20 Utskottet

89 932 65 21 hållit
171 932 46 21 före
233 934 32 19 att
280 932 75 20 denna
371 932 63 21 lösen
450 932 42 21 bör
507 932 113 21 beräknas
636 932 52 20 med
703 932 91 28 hänsyn
810 932 34 21 till

91 967 63 21 såväl
176 967 108 21 behållna
299 966 243 27 medelafkastningen,
566 973 50 14 som
641 966 44 21 den
703 966 141 22 återstående

90 1001 138 26 häfdetiden,
245 1003 65 23 samt,
325 1002 55 20 enär
396 1000 81 22 odlade
493 1002 70 26 ängar
578 1001 7 20 i
601 1001 67 21 dessa
683 1001 84 21 trakter
780 1001 64 21 torde

90 1042 55 14 vara
162 1036 116 26 sällsynta,
289 1036 53 26 utgå
353 1035 128 21 oberoende
497 1036 65 20 deraf
576 1042 38 14 om
630 1035 215 27 odlingskostnader

90 1070 75 20 blifvit
185 1070 13 20 å
217 1071 102 25 ängarna
340 1070 113 26 nedlagda
476 1070 54 20 eller
552 1069 56 27 icke,
624 1070 43 20 har
683 1070 112 20 Utskottet
810 1070 35 20 för

90 1104 67 26 öfrigt
172 1104 7 20 i
191 1104 149 20 betraktande
353 1103 69 27 deraf,
440 1106 31 18 att
484 1104 180 26 ängsmarkerna
685 1104 7 20 i
716 1104 129 20 Kemiträsk

91 1138 84 21 socken
192 1138 7 20 i
215 1138 125 20 allmänhet
355 1139 39 19 äro
410 1138 26 20 af
445 1138 164 26 jemförelsevis
625 1138 44 26 god
680 1138 164 26 beskaffenhet,

90 1175 75 18 ansett
179 1172 132 21 förberörda
329 1172 119 27 nyttjorätt
462 1172 56 21 böra
534 1172 126 26 medgifvas
676 1172 80 20 endast
771 1172 75 26 lägen-

90 1207 229 21 hetsinnehafvarene
332 1206 7 20 i
351 1206 117 21 Kuusamo
484 1206 44 21 och
544 1206 139 27 Kuolajärvi.

161 1242 68 20 Emot
247 1241 55 21 sista
317 1242 125 20 momentet
457 1240 7 20 i
479 1240 37 21 det
531 1240 33 21 uti
578 1240 149 20 förevarande
743 1240 102 27 proposi-

90 1276 49 20 tion
155 1276 110 26 ingående
281 1276 83 26 förslag
379 1276 43 19 har
437 1275 113 21 Utskottet
564 1276 74 19 ansett
654 1274 49 21 skäl
719 1274 32 20 till
767 1280 77 14 annan

91 1310 154 26 anmärkning
260 1310 18 27 ej
295 1309 149 27 förekomma,
456 1311 29 19 än
496 1312 33 18 att
539 1309 64 21 ordet
616 1309 128 26 »rättighet»
757 1308 87 28 utbytts

91 1347 61 16 emot
167 1344 64 19 ordet
249 1344 133 19 »tillstånd».

160 1377 45 20 För
227 1377 66 25 öfrigt
317 1377 43 19 har
382 1375 112 20 Utskottet
516 1377 73 18 ansett
610 1375 138 20 Ständernas
771 1375 76 20 beslut

90 1411 8 20 i
113 1412 78 19 ämnet
206 1410 56 21 böra
277 1410 90 21 affattas
382 1409 7 20 i
405 1409 58 21 form
480 1409 24 21 af
518 1415 27 15 en
561 1409 138 26 författning.

160 1485 49 22 Lag-
222 1484 32 18 och
265 1483 181 18 Ekonomiutskottets
458 1482 110 19 betänkande
580 1481 38 18 N:o
632 1482 17 17 8.
