<?xml version="1.0" encoding="UTF-8"?>
<alto xmlns="http://www.loc.gov/standards/alto/ns-v3#" xmlns:xlink="http://www.w3.org/1999/xlink" xmlns:xsi="http://www.w3.org/2001/XMLSchema-instance" xsi:schemaLocation="http://www.loc.gov/standards/alto/ns-v3# http://www.loc.gov/alto/v3/alto-3-0.xsd">
	<Description>
		<MeasurementUnit>pixel</MeasurementUnit>
		<sourceImageInformation>
			<fileName>/tmp/tess_opp5ty2h_input.PNG</fileName>
		</sourceImageInformation>
		<OCRProcessing ID="OCR_0">
			<ocrProcessingStep>
				<processingSoftware>
					<softwareName>tesseract 5.3.4</softwareName>
				</processingSoftware>
			</ocrProcessingStep>
		</OCRProcessing>
	</Description>
	<Layout>
		<Page WIDTH="1048" HEIGHT="1709" PHYSICAL_IMG_NR="0" ID="page_0">
			<PrintSpace HPOS="0" VPOS="0" WIDTH="1048" HEIGHT="1709">
				<ComposedBlock ID="cblock_0" HPOS="184" VPOS="158" WIDTH="555" HEIGHT="28">
					<TextBlock ID="block_0" HPOS="184" VPOS="158" WIDTH="555" HEIGHT="28">
						<TextLine ID="line_0" HPOS="184" VPOS="158" WIDTH="555" HEIGHT="28">
							<String ID="string_0" HPOS="184" VPOS="160" WIDTH="28" HEIGHT="20" WC="0.95" CONTENT="22"/><SP WIDTH="205" VPOS="160" HPOS="212"/>
							<String ID="string_1" HPOS="417" VPOS="158" WIDTH="31" HEIGHT="22" WC="0.87" CONTENT="U."/><SP WIDTH="15" VPOS="158" HPOS="448"/>
							<String ID="string_2" HPOS="463" VPOS="158" WIDTH="28" HEIGHT="22" WC="0.90" CONTENT="B."/><SP WIDTH="16" VPOS="158" HPOS="491"/>
							<String ID="string_3" HPOS="507" VPOS="171" WIDTH="28" HEIGHT="3" WC="0.90" CONTENT="—"/><SP WIDTH="14" VPOS="171" HPOS="535"/>
							<String ID="string_4" HPOS="549" VPOS="158" WIDTH="73" HEIGHT="28" WC="0.95" CONTENT="Prop."/><SP WIDTH="18" VPOS="158" HPOS="622"/>
							<String ID="string_5" HPOS="640" VPOS="158" WIDTH="46" HEIGHT="22" WC="0.89" CONTENT="N:o"/><SP WIDTH="14" VPOS="158" HPOS="686"/>
							<String ID="string_6" HPOS="700" VPOS="158" WIDTH="39" HEIGHT="22" WC="0.96" CONTENT="10."/>
						</TextLine>
					</TextBlock>
				</ComposedBlock>
				<ComposedBlock ID="cblock_1" HPOS="179" VPOS="228" WIDTH="757" HEIGHT="1297">
					<TextBlock ID="block_1" HPOS="182" VPOS="228" WIDTH="754" HEIGHT="167">
						<TextLine ID="line_1" HPOS="183" VPOS="228" WIDTH="753" HEIGHT="30">
							<String ID="string_7" HPOS="183" VPOS="229" WIDTH="36" HEIGHT="29" WC="0.95" CONTENT="sig"/><SP WIDTH="25" VPOS="229" HPOS="219"/>
							<String ID="string_8" HPOS="244" VPOS="229" WIDTH="37" HEIGHT="21" WC="0.95" CONTENT="för"/><SP WIDTH="26" VPOS="229" HPOS="281"/>
							<String ID="string_9" HPOS="307" VPOS="228" WIDTH="40" HEIGHT="22" WC="0.95" CONTENT="det"/><SP WIDTH="26" VPOS="228" HPOS="347"/>
							<String ID="string_10" HPOS="373" VPOS="228" WIDTH="100" HEIGHT="28" WC="0.96" CONTENT="intryck,"/><SP WIDTH="19" VPOS="228" HPOS="473"/>
							<String ID="string_11" HPOS="492" VPOS="230" WIDTH="35" HEIGHT="20" WC="0.96" CONTENT="att"/><SP WIDTH="17" VPOS="230" HPOS="527"/>
							<String ID="string_12" HPOS="544" VPOS="228" WIDTH="136" HEIGHT="29" WC="0.96" CONTENT="yrkandena"/><SP WIDTH="18" VPOS="228" HPOS="680"/>
							<String ID="string_13" HPOS="698" VPOS="229" WIDTH="30" HEIGHT="27" WC="0.93" CONTENT="på"/><SP WIDTH="18" VPOS="229" HPOS="728"/>
							<String ID="string_14" HPOS="746" VPOS="228" WIDTH="99" HEIGHT="29" WC="0.90" CONTENT="speciela"/><SP WIDTH="18" VPOS="228" HPOS="845"/>
							<String ID="string_15" HPOS="863" VPOS="228" WIDTH="73" HEIGHT="22" WC="0.91" CONTENT="bank-"/>
						</TextLine>
						<TextLine ID="line_2" HPOS="182" VPOS="262" WIDTH="754" HEIGHT="29">
							<String ID="string_16" HPOS="182" VPOS="263" WIDTH="100" HEIGHT="22" WC="0.96" CONTENT="insikter"/><SP WIDTH="16" VPOS="263" HPOS="282"/>
							<String ID="string_17" HPOS="298" VPOS="262" WIDTH="43" HEIGHT="23" WC="0.93" CONTENT="hos"/><SP WIDTH="18" VPOS="262" HPOS="341"/>
							<String ID="string_18" HPOS="359" VPOS="263" WIDTH="175" HEIGHT="28" WC="0.90" CONTENT="statsombudet,"/><SP WIDTH="19" VPOS="263" HPOS="534"/>
							<String ID="string_19" HPOS="553" VPOS="262" WIDTH="73" HEIGHT="22" WC="0.96" CONTENT="delvis"/><SP WIDTH="19" VPOS="262" HPOS="626"/>
							<String ID="string_20" HPOS="645" VPOS="263" WIDTH="147" HEIGHT="27" WC="0.96" CONTENT="åtminstone,"/><SP WIDTH="18" VPOS="263" HPOS="792"/>
							<String ID="string_21" HPOS="810" VPOS="266" WIDTH="40" HEIGHT="18" WC="0.93" CONTENT="äro"/><SP WIDTH="18" VPOS="266" HPOS="850"/>
							<String ID="string_22" HPOS="868" VPOS="262" WIDTH="68" HEIGHT="22" WC="0.92" CONTENT="fram-"/>
						</TextLine>
						<TextLine ID="line_3" HPOS="182" VPOS="297" WIDTH="754" HEIGHT="29">
							<String ID="string_23" HPOS="182" VPOS="298" WIDTH="92" HEIGHT="22" WC="0.96" CONTENT="kallade"/><SP WIDTH="28" VPOS="298" HPOS="274"/>
							<String ID="string_24" HPOS="302" VPOS="297" WIDTH="24" HEIGHT="22" WC="0.96" CONTENT="af"/><SP WIDTH="35" VPOS="297" HPOS="326"/>
							<String ID="string_25" HPOS="361" VPOS="304" WIDTH="29" HEIGHT="15" WC="0.94" CONTENT="en"/><SP WIDTH="26" VPOS="304" HPOS="390"/>
							<String ID="string_26" HPOS="416" VPOS="298" WIDTH="168" HEIGHT="28" WC="0.94" CONTENT="föreställning,"/><SP WIDTH="20" VPOS="298" HPOS="584"/>
							<String ID="string_27" HPOS="604" VPOS="299" WIDTH="35" HEIGHT="19" WC="0.93" CONTENT="att"/><SP WIDTH="18" VPOS="299" HPOS="639"/>
							<String ID="string_28" HPOS="657" VPOS="297" WIDTH="203" HEIGHT="22" WC="0.92" CONTENT="statskontrollens"/><SP WIDTH="18" VPOS="297" HPOS="860"/>
							<String ID="string_29" HPOS="878" VPOS="304" WIDTH="58" HEIGHT="22" WC="0.92" CONTENT="upp-"/>
						</TextLine>
						<TextLine ID="line_4" HPOS="182" VPOS="331" WIDTH="753" HEIGHT="31">
							<String ID="string_30" HPOS="182" VPOS="332" WIDTH="46" HEIGHT="30" WC="0.96" CONTENT="gift"/><SP WIDTH="24" VPOS="332" HPOS="228"/>
							<String ID="string_31" HPOS="252" VPOS="340" WIDTH="56" HEIGHT="14" WC="0.96" CONTENT="vore"/><SP WIDTH="23" VPOS="340" HPOS="308"/>
							<String ID="string_32" HPOS="331" VPOS="340" WIDTH="29" HEIGHT="14" WC="0.96" CONTENT="en"/><SP WIDTH="19" VPOS="340" HPOS="360"/>
							<String ID="string_33" HPOS="379" VPOS="340" WIDTH="83" HEIGHT="20" WC="0.95" CONTENT="annan,"/><SP WIDTH="19" VPOS="340" HPOS="462"/>
							<String ID="string_34" HPOS="481" VPOS="339" WIDTH="63" HEIGHT="15" WC="0.93" CONTENT="mera"/><SP WIDTH="18" VPOS="339" HPOS="544"/>
							<String ID="string_35" HPOS="562" VPOS="331" WIDTH="148" HEIGHT="29" WC="0.91" CONTENT="vidtgående,"/><SP WIDTH="20" VPOS="331" HPOS="710"/>
							<String ID="string_36" HPOS="730" VPOS="336" WIDTH="30" HEIGHT="18" WC="0.96" CONTENT="än"/><SP WIDTH="18" VPOS="336" HPOS="760"/>
							<String ID="string_37" HPOS="778" VPOS="331" WIDTH="45" HEIGHT="23" WC="0.96" CONTENT="den"/><SP WIDTH="17" VPOS="331" HPOS="823"/>
							<String ID="string_38" HPOS="840" VPOS="332" WIDTH="9" HEIGHT="21" WC="0.96" CONTENT="i"/><SP WIDTH="17" VPOS="332" HPOS="849"/>
							<String ID="string_39" HPOS="866" VPOS="331" WIDTH="69" HEIGHT="29" WC="0.96" CONTENT="lagen"/>
						</TextLine>
						<TextLine ID="line_5" HPOS="182" VPOS="366" WIDTH="118" HEIGHT="29">
							<String ID="string_40" HPOS="182" VPOS="366" WIDTH="118" HEIGHT="29" WC="0.96" CONTENT="stadgade."/>
						</TextLine>
					</TextBlock>
					<TextBlock ID="block_2" HPOS="181" VPOS="400" WIDTH="755" HEIGHT="406">
						<TextLine ID="line_6" HPOS="251" VPOS="400" WIDTH="685" HEIGHT="29">
							<String ID="string_41" HPOS="251" VPOS="400" WIDTH="55" HEIGHT="22" WC="0.96" CONTENT="Med"/><SP WIDTH="17" VPOS="400" HPOS="306"/>
							<String ID="string_42" HPOS="323" VPOS="400" WIDTH="92" HEIGHT="29" WC="0.96" CONTENT="hänsyn"/><SP WIDTH="17" VPOS="400" HPOS="415"/>
							<String ID="string_43" HPOS="432" VPOS="400" WIDTH="38" HEIGHT="21" WC="0.93" CONTENT="till"/><SP WIDTH="17" VPOS="400" HPOS="470"/>
							<String ID="string_44" HPOS="487" VPOS="400" WIDTH="203" HEIGHT="28" WC="0.91" CONTENT="bankstatistiken,"/><SP WIDTH="13" VPOS="400" HPOS="690"/>
							<String ID="string_45" HPOS="703" VPOS="400" WIDTH="69" HEIGHT="22" WC="0.96" CONTENT="hvars"/><SP WIDTH="9" VPOS="400" HPOS="772"/>
							<String ID="string_46" HPOS="781" VPOS="400" WIDTH="155" HEIGHT="29" WC="0.96" CONTENT="bearbetning"/>
						</TextLine>
						<TextLine ID="line_7" HPOS="183" VPOS="434" WIDTH="753" HEIGHT="30">
							<String ID="string_47" HPOS="183" VPOS="435" WIDTH="75" HEIGHT="29" WC="0.96" CONTENT="enligt"/><SP WIDTH="24" VPOS="435" HPOS="258"/>
							<String ID="string_48" HPOS="282" VPOS="434" WIDTH="152" HEIGHT="22" WC="0.96" CONTENT="förevarande"/><SP WIDTH="26" VPOS="434" HPOS="434"/>
							<String ID="string_49" HPOS="460" VPOS="434" WIDTH="88" HEIGHT="30" WC="0.94" CONTENT="förslag"/><SP WIDTH="26" VPOS="434" HPOS="548"/>
							<String ID="string_50" HPOS="574" VPOS="434" WIDTH="87" HEIGHT="30" WC="0.96" CONTENT="jämväl"/><SP WIDTH="25" VPOS="434" HPOS="661"/>
							<String ID="string_51" HPOS="686" VPOS="434" WIDTH="90" HEIGHT="22" WC="0.96" CONTENT="komme"/><SP WIDTH="29" VPOS="434" HPOS="776"/>
							<String ID="string_52" HPOS="805" VPOS="436" WIDTH="35" HEIGHT="20" WC="0.94" CONTENT="att"/><SP WIDTH="18" VPOS="436" HPOS="840"/>
							<String ID="string_53" HPOS="858" VPOS="434" WIDTH="78" HEIGHT="29" WC="0.96" CONTENT="åligga"/>
						</TextLine>
						<TextLine ID="line_8" HPOS="182" VPOS="468" WIDTH="754" HEIGHT="30">
							<String ID="string_54" HPOS="182" VPOS="469" WIDTH="221" HEIGHT="29" WC="0.91" CONTENT="bankinspektören,"/><SP WIDTH="19" VPOS="469" HPOS="403"/>
							<String ID="string_55" HPOS="422" VPOS="468" WIDTH="43" HEIGHT="22" WC="0.96" CONTENT="har"/><SP WIDTH="16" VPOS="468" HPOS="465"/>
							<String ID="string_56" HPOS="481" VPOS="469" WIDTH="123" HEIGHT="22" WC="0.96" CONTENT="Utskottet"/><SP WIDTH="12" VPOS="469" HPOS="604"/>
							<String ID="string_57" HPOS="616" VPOS="468" WIDTH="72" HEIGHT="22" WC="0.96" CONTENT="redan"/><SP WIDTH="11" VPOS="468" HPOS="688"/>
							<String ID="string_58" HPOS="699" VPOS="468" WIDTH="51" HEIGHT="22" WC="0.96" CONTENT="haft"/><SP WIDTH="13" VPOS="468" HPOS="750"/>
							<String ID="string_59" HPOS="763" VPOS="468" WIDTH="92" HEIGHT="22" WC="0.93" CONTENT="tillfälle"/><SP WIDTH="13" VPOS="468" HPOS="855"/>
							<String ID="string_60" HPOS="868" VPOS="468" WIDTH="68" HEIGHT="22" WC="0.92" CONTENT="fram-"/>
						</TextLine>
						<TextLine ID="line_9" HPOS="182" VPOS="503" WIDTH="753" HEIGHT="29">
							<String ID="string_61" HPOS="182" VPOS="504" WIDTH="69" HEIGHT="28" WC="0.95" CONTENT="hålla,"/><SP WIDTH="28" VPOS="504" HPOS="251"/>
							<String ID="string_62" HPOS="279" VPOS="506" WIDTH="35" HEIGHT="19" WC="0.96" CONTENT="att"/><SP WIDTH="23" VPOS="506" HPOS="314"/>
							<String ID="string_63" HPOS="337" VPOS="504" WIDTH="9" HEIGHT="20" WC="0.96" CONTENT="i"/><SP WIDTH="22" VPOS="504" HPOS="346"/>
							<String ID="string_64" HPOS="368" VPOS="503" WIDTH="95" HEIGHT="29" WC="0.96" CONTENT="Sverige"/><SP WIDTH="18" VPOS="503" HPOS="463"/>
							<String ID="string_65" HPOS="481" VPOS="504" WIDTH="46" HEIGHT="20" WC="0.96" CONTENT="den"/><SP WIDTH="17" VPOS="504" HPOS="527"/>
							<String ID="string_66" HPOS="544" VPOS="504" WIDTH="36" HEIGHT="21" WC="0.96" CONTENT="för"/><SP WIDTH="18" VPOS="504" HPOS="580"/>
							<String ID="string_67" HPOS="598" VPOS="503" WIDTH="46" HEIGHT="21" WC="0.96" CONTENT="alla"/><SP WIDTH="17" VPOS="503" HPOS="644"/>
							<String ID="string_68" HPOS="661" VPOS="503" WIDTH="89" HEIGHT="21" WC="0.93" CONTENT="banker"/><SP WIDTH="17" VPOS="503" HPOS="750"/>
							<String ID="string_69" HPOS="767" VPOS="510" WIDTH="168" HEIGHT="22" WC="0.92" CONTENT="gemensamme"/>
						</TextLine>
						<TextLine ID="line_10" HPOS="182" VPOS="537" WIDTH="753" HEIGHT="30">
							<String ID="string_70" HPOS="182" VPOS="538" WIDTH="163" HEIGHT="29" WC="0.91" CONTENT="inspektörens"/><SP WIDTH="18" VPOS="538" HPOS="345"/>
							<String ID="string_71" HPOS="363" VPOS="538" WIDTH="173" HEIGHT="28" WC="0.96" CONTENT="publikationer"/><SP WIDTH="19" VPOS="538" HPOS="536"/>
							<String ID="string_72" HPOS="555" VPOS="537" WIDTH="81" HEIGHT="22" WC="0.96" CONTENT="endast"/><SP WIDTH="18" VPOS="537" HPOS="636"/>
							<String ID="string_73" HPOS="654" VPOS="537" WIDTH="119" HEIGHT="22" WC="0.92" CONTENT="innehålla"/><SP WIDTH="18" VPOS="537" HPOS="773"/>
							<String ID="string_74" HPOS="791" VPOS="537" WIDTH="144" HEIGHT="28" WC="0.92" CONTENT="öfversikter,"/>
						</TextLine>
						<TextLine ID="line_11" HPOS="183" VPOS="571" WIDTH="752" HEIGHT="30">
							<String ID="string_75" HPOS="183" VPOS="572" WIDTH="29" HEIGHT="22" WC="0.96" CONTENT="de"/><SP WIDTH="27" VPOS="572" HPOS="212"/>
							<String ID="string_76" HPOS="239" VPOS="572" WIDTH="42" HEIGHT="22" WC="0.96" CONTENT="där"/><SP WIDTH="25" VPOS="572" HPOS="281"/>
							<String ID="string_77" HPOS="306" VPOS="573" WIDTH="53" HEIGHT="21" WC="0.96" CONTENT="icke"/><SP WIDTH="25" VPOS="573" HPOS="359"/>
							<String ID="string_78" HPOS="384" VPOS="572" WIDTH="148" HEIGHT="29" WC="0.96" CONTENT="väsentligen"/><SP WIDTH="26" VPOS="572" HPOS="532"/>
							<String ID="string_79" HPOS="558" VPOS="573" WIDTH="30" HEIGHT="27" WC="0.87" CONTENT="gå"/><SP WIDTH="26" VPOS="573" HPOS="588"/>
							<String ID="string_80" HPOS="614" VPOS="572" WIDTH="92" HEIGHT="21" WC="0.88" CONTENT="utöfver"/><SP WIDTH="24" VPOS="572" HPOS="706"/>
							<String ID="string_81" HPOS="730" VPOS="572" WIDTH="118" HEIGHT="28" WC="0.96" CONTENT="omfånget"/><SP WIDTH="18" VPOS="572" HPOS="848"/>
							<String ID="string_82" HPOS="866" VPOS="571" WIDTH="23" HEIGHT="22" WC="0.96" CONTENT="af"/><SP WIDTH="18" VPOS="571" HPOS="889"/>
							<String ID="string_83" HPOS="907" VPOS="571" WIDTH="28" HEIGHT="22" WC="0.97" CONTENT="de"/>
						</TextLine>
						<TextLine ID="line_12" HPOS="182" VPOS="606" WIDTH="754" HEIGHT="29">
							<String ID="string_84" HPOS="182" VPOS="607" WIDTH="243" HEIGHT="28" WC="0.91" CONTENT="sammanställningar"/><SP WIDTH="18" VPOS="607" HPOS="425"/>
							<String ID="string_85" HPOS="443" VPOS="606" WIDTH="23" HEIGHT="22" WC="0.96" CONTENT="af"/><SP WIDTH="17" VPOS="606" HPOS="466"/>
							<String ID="string_86" HPOS="483" VPOS="607" WIDTH="131" HEIGHT="21" WC="0.93" CONTENT="bankernas"/><SP WIDTH="17" VPOS="607" HPOS="614"/>
							<String ID="string_87" HPOS="631" VPOS="606" WIDTH="205" HEIGHT="28" WC="0.91" CONTENT="månadsbilanser,"/><SP WIDTH="18" VPOS="606" HPOS="836"/>
							<String ID="string_88" HPOS="854" VPOS="606" WIDTH="82" HEIGHT="22" WC="0.95" CONTENT="hvilka"/>
						</TextLine>
						<TextLine ID="line_13" HPOS="182" VPOS="640" WIDTH="754" HEIGHT="30">
							<String ID="string_89" HPOS="182" VPOS="642" WIDTH="36" HEIGHT="21" WC="0.96" CONTENT="för"/><SP WIDTH="17" VPOS="642" HPOS="218"/>
							<String ID="string_90" HPOS="235" VPOS="640" WIDTH="145" HEIGHT="23" WC="0.96" CONTENT="närvarande"/><SP WIDTH="18" VPOS="640" HPOS="380"/>
							<String ID="string_91" HPOS="398" VPOS="641" WIDTH="42" HEIGHT="21" WC="0.95" CONTENT="hos"/><SP WIDTH="19" VPOS="641" HPOS="440"/>
							<String ID="string_92" HPOS="459" VPOS="648" WIDTH="36" HEIGHT="14" WC="0.96" CONTENT="oss"/><SP WIDTH="18" VPOS="648" HPOS="495"/>
							<String ID="string_93" HPOS="513" VPOS="641" WIDTH="23" HEIGHT="21" WC="0.93" CONTENT="af"/><SP WIDTH="18" VPOS="641" HPOS="536"/>
							<String ID="string_94" HPOS="554" VPOS="641" WIDTH="252" HEIGHT="29" WC="0.91" CONTENT="Finansexpeditionen"/><SP WIDTH="16" VPOS="641" HPOS="806"/>
							<String ID="string_95" HPOS="822" VPOS="640" WIDTH="114" HEIGHT="22" WC="0.92" CONTENT="värkstäl-"/>
						</TextLine>
						<TextLine ID="line_14" HPOS="181" VPOS="675" WIDTH="755" HEIGHT="29">
							<String ID="string_96" HPOS="181" VPOS="676" WIDTH="41" HEIGHT="21" WC="0.90" CONTENT="las."/><SP WIDTH="35" VPOS="676" HPOS="222"/>
							<String ID="string_97" HPOS="257" VPOS="676" WIDTH="35" HEIGHT="21" WC="0.87" CONTENT="De"/><SP WIDTH="19" VPOS="676" HPOS="292"/>
							<String ID="string_98" HPOS="311" VPOS="676" WIDTH="48" HEIGHT="22" WC="0.91" CONTENT="afse"/><SP WIDTH="24" VPOS="676" HPOS="359"/>
							<String ID="string_99" HPOS="383" VPOS="675" WIDTH="82" HEIGHT="22" WC="0.96" CONTENT="endast"/><SP WIDTH="27" VPOS="675" HPOS="465"/>
							<String ID="string_100" HPOS="492" VPOS="678" WIDTH="35" HEIGHT="19" WC="0.96" CONTENT="att"/><SP WIDTH="21" VPOS="678" HPOS="527"/>
							<String ID="string_101" HPOS="548" VPOS="675" WIDTH="129" HEIGHT="29" WC="0.96" CONTENT="framlägga"/><SP WIDTH="23" VPOS="675" HPOS="677"/>
							<String ID="string_102" HPOS="700" VPOS="677" WIDTH="34" HEIGHT="19" WC="0.96" CONTENT="ett"/><SP WIDTH="17" VPOS="677" HPOS="734"/>
							<String ID="string_103" HPOS="751" VPOS="675" WIDTH="112" HEIGHT="27" WC="0.96" CONTENT="material,"/><SP WIDTH="19" VPOS="675" HPOS="863"/>
							<String ID="string_104" HPOS="882" VPOS="682" WIDTH="54" HEIGHT="14" WC="0.96" CONTENT="men"/>
						</TextLine>
						<TextLine ID="line_15" HPOS="183" VPOS="709" WIDTH="753" HEIGHT="30">
							<String ID="string_105" HPOS="183" VPOS="711" WIDTH="31" HEIGHT="28" WC="0.96" CONTENT="gå"/><SP WIDTH="20" VPOS="711" HPOS="214"/>
							<String ID="string_106" HPOS="234" VPOS="710" WIDTH="52" HEIGHT="21" WC="0.96" CONTENT="icke"/><SP WIDTH="21" VPOS="710" HPOS="286"/>
							<String ID="string_107" HPOS="307" VPOS="712" WIDTH="28" HEIGHT="20" WC="0.96" CONTENT="ut"/><SP WIDTH="22" VPOS="712" HPOS="335"/>
							<String ID="string_108" HPOS="357" VPOS="710" WIDTH="30" HEIGHT="29" WC="0.96" CONTENT="på"/><SP WIDTH="19" VPOS="710" HPOS="387"/>
							<String ID="string_109" HPOS="406" VPOS="717" WIDTH="30" HEIGHT="14" WC="0.96" CONTENT="en"/><SP WIDTH="16" VPOS="717" HPOS="436"/>
							<String ID="string_110" HPOS="452" VPOS="710" WIDTH="154" HEIGHT="28" WC="0.96" CONTENT="bearbetning"/><SP WIDTH="18" VPOS="710" HPOS="606"/>
							<String ID="string_111" HPOS="624" VPOS="709" WIDTH="24" HEIGHT="22" WC="0.96" CONTENT="af"/><SP WIDTH="17" VPOS="709" HPOS="648"/>
							<String ID="string_112" HPOS="665" VPOS="709" WIDTH="65" HEIGHT="22" WC="0.96" CONTENT="detta"/><SP WIDTH="17" VPOS="709" HPOS="730"/>
							<String ID="string_113" HPOS="747" VPOS="709" WIDTH="111" HEIGHT="27" WC="0.93" CONTENT="material,"/><SP WIDTH="18" VPOS="709" HPOS="858"/>
							<String ID="string_114" HPOS="876" VPOS="709" WIDTH="60" HEIGHT="22" WC="0.91" CONTENT="hvil-"/>
						</TextLine>
						<TextLine ID="line_16" HPOS="181" VPOS="744" WIDTH="755" HEIGHT="29">
							<String ID="string_115" HPOS="181" VPOS="745" WIDTH="43" HEIGHT="21" WC="0.96" CONTENT="ket"/><SP WIDTH="24" VPOS="745" HPOS="224"/>
							<String ID="string_116" HPOS="248" VPOS="744" WIDTH="40" HEIGHT="22" WC="0.96" CONTENT="väl"/><SP WIDTH="26" VPOS="744" HPOS="288"/>
							<String ID="string_117" HPOS="314" VPOS="745" WIDTH="21" HEIGHT="28" WC="0.96" CONTENT="ej"/><SP WIDTH="19" VPOS="745" HPOS="335"/>
							<String ID="string_118" HPOS="354" VPOS="744" WIDTH="75" HEIGHT="22" WC="0.96" CONTENT="häller"/><SP WIDTH="21" VPOS="744" HPOS="429"/>
							<String ID="string_119" HPOS="450" VPOS="748" WIDTH="25" HEIGHT="17" WC="0.96" CONTENT="är"/><SP WIDTH="21" VPOS="748" HPOS="475"/>
							<String ID="string_120" HPOS="496" VPOS="752" WIDTH="30" HEIGHT="14" WC="0.93" CONTENT="en"/><SP WIDTH="18" VPOS="752" HPOS="526"/>
							<String ID="string_121" HPOS="544" VPOS="744" WIDTH="157" HEIGHT="28" WC="0.90" CONTENT="statsuppgift,"/><SP WIDTH="18" VPOS="744" HPOS="701"/>
							<String ID="string_122" HPOS="719" VPOS="746" WIDTH="58" HEIGHT="19" WC="0.96" CONTENT="utan"/><SP WIDTH="17" VPOS="746" HPOS="777"/>
							<String ID="string_123" HPOS="794" VPOS="744" WIDTH="142" HEIGHT="21" WC="0.96" CONTENT="tillkommer"/>
						</TextLine>
						<TextLine ID="line_17" HPOS="183" VPOS="778" WIDTH="751" HEIGHT="28">
							<String ID="string_124" HPOS="183" VPOS="778" WIDTH="46" HEIGHT="22" WC="0.96" CONTENT="den"/><SP WIDTH="23" VPOS="778" HPOS="229"/>
							<String ID="string_125" HPOS="252" VPOS="778" WIDTH="133" HEIGHT="28" WC="0.95" CONTENT="allmänhet,"/><SP WIDTH="23" VPOS="778" HPOS="385"/>
							<String ID="string_126" HPOS="408" VPOS="786" WIDTH="49" HEIGHT="14" WC="0.96" CONTENT="som"/><SP WIDTH="16" VPOS="786" HPOS="457"/>
							<String ID="string_127" HPOS="473" VPOS="778" WIDTH="43" HEIGHT="22" WC="0.96" CONTENT="vill"/><SP WIDTH="18" VPOS="778" HPOS="516"/>
							<String ID="string_128" HPOS="534" VPOS="778" WIDTH="24" HEIGHT="22" WC="0.96" CONTENT="af"/><SP WIDTH="18" VPOS="778" HPOS="558"/>
							<String ID="string_129" HPOS="576" VPOS="778" WIDTH="126" HEIGHT="22" WC="0.94" CONTENT="detsamma"/><SP WIDTH="17" VPOS="778" HPOS="702"/>
							<String ID="string_130" HPOS="719" VPOS="778" WIDTH="72" HEIGHT="28" WC="0.96" CONTENT="draga"/><SP WIDTH="18" VPOS="778" HPOS="791"/>
							<String ID="string_131" HPOS="809" VPOS="778" WIDTH="125" HEIGHT="21" WC="0.96" CONTENT="slutsatser."/>
						</TextLine>
					</TextBlock>
					<TextBlock ID="block_3" HPOS="179" VPOS="812" WIDTH="757" HEIGHT="681">
						<TextLine ID="line_18" HPOS="251" VPOS="812" WIDTH="683" HEIGHT="29">
							<String ID="string_132" HPOS="251" VPOS="813" WIDTH="70" HEIGHT="21" WC="0.93" CONTENT="Emot"/><SP WIDTH="19" VPOS="813" HPOS="321"/>
							<String ID="string_133" HPOS="340" VPOS="812" WIDTH="155" HEIGHT="22" WC="0.91" CONTENT="anställandet"/><SP WIDTH="18" VPOS="812" HPOS="495"/>
							<String ID="string_134" HPOS="513" VPOS="813" WIDTH="23" HEIGHT="21" WC="0.95" CONTENT="af"/><SP WIDTH="18" VPOS="813" HPOS="536"/>
							<String ID="string_135" HPOS="554" VPOS="820" WIDTH="29" HEIGHT="14" WC="0.96" CONTENT="en"/><SP WIDTH="17" VPOS="820" HPOS="583"/>
							<String ID="string_136" HPOS="600" VPOS="820" WIDTH="132" HEIGHT="21" WC="0.93" CONTENT="gemensam"/><SP WIDTH="12" VPOS="820" HPOS="732"/>
							<String ID="string_137" HPOS="744" VPOS="812" WIDTH="190" HEIGHT="29" WC="0.90" CONTENT="bankinspektör,"/>
						</TextLine>
						<TextLine ID="line_19" HPOS="183" VPOS="846" WIDTH="752" HEIGHT="29">
							<String ID="string_138" HPOS="183" VPOS="846" WIDTH="97" HEIGHT="23" WC="0.96" CONTENT="hvilken"/><SP WIDTH="16" VPOS="846" HPOS="280"/>
							<String ID="string_139" HPOS="296" VPOS="847" WIDTH="75" HEIGHT="21" WC="0.96" CONTENT="under"/><SP WIDTH="18" VPOS="847" HPOS="371"/>
							<String ID="string_140" HPOS="389" VPOS="847" WIDTH="36" HEIGHT="21" WC="0.93" CONTENT="sin"/><SP WIDTH="18" VPOS="847" HPOS="425"/>
							<String ID="string_141" HPOS="443" VPOS="846" WIDTH="159" HEIGHT="22" WC="0.91" CONTENT="värksamhets"/><SP WIDTH="18" VPOS="846" HPOS="602"/>
							<String ID="string_142" HPOS="620" VPOS="846" WIDTH="91" HEIGHT="29" WC="0.96" CONTENT="förlopp"/><SP WIDTH="19" VPOS="846" HPOS="711"/>
							<String ID="string_143" HPOS="730" VPOS="847" WIDTH="90" HEIGHT="21" WC="0.96" CONTENT="komme"/><SP WIDTH="19" VPOS="847" HPOS="820"/>
							<String ID="string_144" HPOS="839" VPOS="848" WIDTH="35" HEIGHT="20" WC="0.92" CONTENT="att"/><SP WIDTH="16" VPOS="848" HPOS="874"/>
							<String ID="string_145" HPOS="890" VPOS="846" WIDTH="45" HEIGHT="22" WC="0.92" CONTENT="för-"/>
						</TextLine>
						<TextLine ID="line_20" HPOS="182" VPOS="880" WIDTH="754" HEIGHT="30">
							<String ID="string_146" HPOS="182" VPOS="881" WIDTH="82" HEIGHT="22" WC="0.91" CONTENT="värfva"/><SP WIDTH="23" VPOS="881" HPOS="264"/>
							<String ID="string_147" HPOS="287" VPOS="889" WIDTH="30" HEIGHT="14" WC="0.95" CONTENT="en"/><SP WIDTH="26" VPOS="889" HPOS="317"/>
							<String ID="string_148" HPOS="343" VPOS="881" WIDTH="114" HEIGHT="29" WC="0.95" CONTENT="ingående"/><SP WIDTH="27" VPOS="881" HPOS="457"/>
							<String ID="string_149" HPOS="484" VPOS="880" WIDTH="132" HEIGHT="22" WC="0.96" CONTENT="kännedom"/><SP WIDTH="27" VPOS="880" HPOS="616"/>
							<String ID="string_150" HPOS="643" VPOS="888" WIDTH="37" HEIGHT="14" WC="0.95" CONTENT="om"/><SP WIDTH="21" VPOS="888" HPOS="680"/>
							<String ID="string_151" HPOS="701" VPOS="880" WIDTH="108" HEIGHT="29" WC="0.95" CONTENT="samtliga"/><SP WIDTH="21" VPOS="880" HPOS="809"/>
							<String ID="string_152" HPOS="830" VPOS="880" WIDTH="106" HEIGHT="22" WC="0.95" CONTENT="enskilda"/>
						</TextLine>
						<TextLine ID="line_21" HPOS="182" VPOS="914" WIDTH="754" HEIGHT="30">
							<String ID="string_153" HPOS="182" VPOS="916" WIDTH="100" HEIGHT="21" WC="0.96" CONTENT="bankers"/><SP WIDTH="26" VPOS="916" HPOS="282"/>
							<String ID="string_154" HPOS="308" VPOS="916" WIDTH="51" HEIGHT="21" WC="0.96" CONTENT="inre"/><SP WIDTH="20" VPOS="916" HPOS="359"/>
							<String ID="string_155" HPOS="379" VPOS="915" WIDTH="162" HEIGHT="22" WC="0.96" CONTENT="förhållanden"/><SP WIDTH="21" VPOS="915" HPOS="541"/>
							<String ID="string_156" HPOS="562" VPOS="915" WIDTH="43" HEIGHT="22" WC="0.93" CONTENT="och"/><SP WIDTH="26" VPOS="915" HPOS="605"/>
							<String ID="string_157" HPOS="631" VPOS="916" WIDTH="187" HEIGHT="28" WC="0.92" CONTENT="operationssätt,"/><SP WIDTH="18" VPOS="916" HPOS="818"/>
							<String ID="string_158" HPOS="836" VPOS="914" WIDTH="42" HEIGHT="22" WC="0.96" CONTENT="har"/><SP WIDTH="17" VPOS="914" HPOS="878"/>
							<String ID="string_159" HPOS="895" VPOS="914" WIDTH="41" HEIGHT="22" WC="0.97" CONTENT="vid"/>
						</TextLine>
						<TextLine ID="line_22" HPOS="182" VPOS="949" WIDTH="754" HEIGHT="29">
							<String ID="string_160" HPOS="182" VPOS="950" WIDTH="193" HEIGHT="21" WC="0.90" CONTENT="remissdebatten"/><SP WIDTH="26" VPOS="950" HPOS="375"/>
							<String ID="string_161" HPOS="401" VPOS="950" WIDTH="8" HEIGHT="20" WC="0.93" CONTENT="i"/><SP WIDTH="21" VPOS="950" HPOS="409"/>
							<String ID="string_162" HPOS="430" VPOS="949" WIDTH="198" HEIGHT="29" WC="0.90" CONTENT="Borgareståndet"/><SP WIDTH="20" VPOS="949" HPOS="628"/>
							<String ID="string_163" HPOS="648" VPOS="949" WIDTH="72" HEIGHT="22" WC="0.96" CONTENT="bland"/><SP WIDTH="18" VPOS="949" HPOS="720"/>
							<String ID="string_164" HPOS="738" VPOS="951" WIDTH="73" HEIGHT="20" WC="0.93" CONTENT="annat"/><SP WIDTH="16" VPOS="951" HPOS="811"/>
							<String ID="string_165" HPOS="827" VPOS="949" WIDTH="109" HEIGHT="21" WC="0.87" CONTENT="framhål-"/>
						</TextLine>
						<TextLine ID="line_23" HPOS="181" VPOS="983" WIDTH="754" HEIGHT="28">
							<String ID="string_166" HPOS="181" VPOS="984" WIDTH="41" HEIGHT="21" WC="0.92" CONTENT="lits"/><SP WIDTH="17" VPOS="984" HPOS="222"/>
							<String ID="string_167" HPOS="239" VPOS="984" WIDTH="79" HEIGHT="21" WC="0.96" CONTENT="risken"/><SP WIDTH="18" VPOS="984" HPOS="318"/>
							<String ID="string_168" HPOS="336" VPOS="984" WIDTH="24" HEIGHT="21" WC="0.96" CONTENT="af"/><SP WIDTH="18" VPOS="984" HPOS="360"/>
							<String ID="string_169" HPOS="378" VPOS="986" WIDTH="35" HEIGHT="19" WC="0.96" CONTENT="att"/><SP WIDTH="12" VPOS="986" HPOS="413"/>
							<String ID="string_170" HPOS="425" VPOS="983" WIDTH="75" HEIGHT="21" WC="0.96" CONTENT="denne"/><SP WIDTH="10" VPOS="983" HPOS="500"/>
							<String ID="string_171" HPOS="510" VPOS="984" WIDTH="143" HEIGHT="27" WC="0.96" CONTENT="funktionär,"/><SP WIDTH="14" VPOS="984" HPOS="653"/>
							<String ID="string_172" HPOS="667" VPOS="991" WIDTH="37" HEIGHT="14" WC="0.96" CONTENT="om"/><SP WIDTH="12" VPOS="991" HPOS="704"/>
							<String ID="string_173" HPOS="716" VPOS="984" WIDTH="70" HEIGHT="21" WC="0.93" CONTENT="äfven"/><SP WIDTH="12" VPOS="984" HPOS="786"/>
							<String ID="string_174" HPOS="798" VPOS="984" WIDTH="137" HEIGHT="27" WC="0.91" CONTENT="oafsiktligt,"/>
						</TextLine>
						<TextLine ID="line_24" HPOS="183" VPOS="1017" WIDTH="753" HEIGHT="29">
							<String ID="string_175" HPOS="183" VPOS="1018" WIDTH="52" HEIGHT="21" WC="0.93" CONTENT="icke"/><SP WIDTH="19" VPOS="1018" HPOS="235"/>
							<String ID="string_176" HPOS="254" VPOS="1018" WIDTH="106" HEIGHT="28" WC="0.92" CONTENT="iakttoge"/><SP WIDTH="22" VPOS="1018" HPOS="360"/>
							<String ID="string_177" HPOS="382" VPOS="1017" WIDTH="73" HEIGHT="29" WC="0.95" CONTENT="nödig"/><SP WIDTH="18" VPOS="1017" HPOS="455"/>
							<String ID="string_178" HPOS="473" VPOS="1017" WIDTH="128" HEIGHT="22" WC="0.95" CONTENT="diskretion"/><SP WIDTH="18" VPOS="1017" HPOS="601"/>
							<String ID="string_179" HPOS="619" VPOS="1017" WIDTH="120" HEIGHT="29" WC="0.96" CONTENT="angående"/><SP WIDTH="18" VPOS="1017" HPOS="739"/>
							<String ID="string_180" HPOS="757" VPOS="1017" WIDTH="62" HEIGHT="22" WC="0.96" CONTENT="hvad"/><SP WIDTH="17" VPOS="1017" HPOS="819"/>
							<String ID="string_181" HPOS="836" VPOS="1017" WIDTH="48" HEIGHT="21" WC="0.92" CONTENT="han"/><SP WIDTH="17" VPOS="1017" HPOS="884"/>
							<String ID="string_182" HPOS="901" VPOS="1018" WIDTH="35" HEIGHT="20" WC="0.92" CONTENT="så-"/>
						</TextLine>
						<TextLine ID="line_25" HPOS="182" VPOS="1052" WIDTH="754" HEIGHT="28">
							<String ID="string_183" HPOS="182" VPOS="1052" WIDTH="72" HEIGHT="22" WC="0.92" CONTENT="lunda"/><SP WIDTH="18" VPOS="1052" HPOS="254"/>
							<String ID="string_184" HPOS="272" VPOS="1052" WIDTH="121" HEIGHT="22" WC="0.95" CONTENT="inhämtat."/><SP WIDTH="35" VPOS="1052" HPOS="393"/>
							<String ID="string_185" HPOS="428" VPOS="1052" WIDTH="83" HEIGHT="22" WC="0.96" CONTENT="Denna"/><SP WIDTH="19" VPOS="1052" HPOS="511"/>
							<String ID="string_186" HPOS="530" VPOS="1052" WIDTH="49" HEIGHT="22" WC="0.96" CONTENT="sida"/><SP WIDTH="18" VPOS="1052" HPOS="579"/>
							<String ID="string_187" HPOS="597" VPOS="1052" WIDTH="23" HEIGHT="21" WC="0.96" CONTENT="af"/><SP WIDTH="18" VPOS="1052" HPOS="620"/>
							<String ID="string_188" HPOS="638" VPOS="1052" WIDTH="72" HEIGHT="21" WC="0.96" CONTENT="saken"/><SP WIDTH="18" VPOS="1052" HPOS="710"/>
							<String ID="string_189" HPOS="728" VPOS="1059" WIDTH="68" HEIGHT="21" WC="0.96" CONTENT="synes"/><SP WIDTH="17" VPOS="1059" HPOS="796"/>
							<String ID="string_190" HPOS="813" VPOS="1052" WIDTH="123" HEIGHT="21" WC="0.96" CONTENT="Utskottet"/>
						</TextLine>
						<TextLine ID="line_26" HPOS="182" VPOS="1085" WIDTH="754" HEIGHT="29">
							<String ID="string_191" HPOS="182" VPOS="1087" WIDTH="26" HEIGHT="21" WC="0.96" CONTENT="så"/><SP WIDTH="17" VPOS="1087" HPOS="208"/>
							<String ID="string_192" HPOS="225" VPOS="1086" WIDTH="94" HEIGHT="28" WC="0.96" CONTENT="mycket"/><SP WIDTH="20" VPOS="1086" HPOS="319"/>
							<String ID="string_193" HPOS="339" VPOS="1086" WIDTH="90" HEIGHT="22" WC="0.95" CONTENT="mindre"/><SP WIDTH="21" VPOS="1086" HPOS="429"/>
							<String ID="string_194" HPOS="450" VPOS="1086" WIDTH="80" HEIGHT="22" WC="0.96" CONTENT="kunna"/><SP WIDTH="17" VPOS="1086" HPOS="530"/>
							<String ID="string_195" HPOS="547" VPOS="1085" WIDTH="49" HEIGHT="22" WC="0.96" CONTENT="helt"/><SP WIDTH="18" VPOS="1085" HPOS="596"/>
							<String ID="string_196" HPOS="614" VPOS="1086" WIDTH="44" HEIGHT="21" WC="0.96" CONTENT="och"/><SP WIDTH="17" VPOS="1086" HPOS="658"/>
							<String ID="string_197" HPOS="675" VPOS="1086" WIDTH="73" HEIGHT="21" WC="0.93" CONTENT="hållet"/><SP WIDTH="16" VPOS="1086" HPOS="748"/>
							<String ID="string_198" HPOS="764" VPOS="1086" WIDTH="104" HEIGHT="27" WC="0.92" CONTENT="förbises,"/><SP WIDTH="19" VPOS="1086" HPOS="868"/>
							<String ID="string_199" HPOS="887" VPOS="1093" WIDTH="49" HEIGHT="14" WC="0.96" CONTENT="som"/>
						</TextLine>
						<TextLine ID="line_27" HPOS="182" VPOS="1120" WIDTH="754" HEIGHT="29">
							<String ID="string_200" HPOS="182" VPOS="1120" WIDTH="74" HEIGHT="28" WC="0.96" CONTENT="enligt"/><SP WIDTH="27" VPOS="1120" HPOS="256"/>
							<String ID="string_201" HPOS="283" VPOS="1120" WIDTH="176" HEIGHT="29" WC="0.95" CONTENT="propositionen"/><SP WIDTH="25" VPOS="1120" HPOS="459"/>
							<String ID="string_202" HPOS="484" VPOS="1120" WIDTH="87" HEIGHT="29" WC="0.95" CONTENT="jämväl"/><SP WIDTH="21" VPOS="1120" HPOS="571"/>
							<String ID="string_203" HPOS="592" VPOS="1120" WIDTH="120" HEIGHT="28" WC="0.95" CONTENT="tillfälliga"/><SP WIDTH="16" VPOS="1120" HPOS="712"/>
							<String ID="string_204" HPOS="728" VPOS="1120" WIDTH="102" HEIGHT="21" WC="0.83" CONTENT="vikarier"/><SP WIDTH="18" VPOS="1120" HPOS="830"/>
							<String ID="string_205" HPOS="848" VPOS="1120" WIDTH="36" HEIGHT="21" WC="0.92" CONTENT="för"/><SP WIDTH="17" VPOS="1120" HPOS="884"/>
							<String ID="string_206" HPOS="901" VPOS="1120" WIDTH="35" HEIGHT="20" WC="0.89" CONTENT="in-"/>
						</TextLine>
						<TextLine ID="line_28" HPOS="182" VPOS="1154" WIDTH="754" HEIGHT="29">
							<String ID="string_207" HPOS="182" VPOS="1154" WIDTH="125" HEIGHT="29" WC="0.91" CONTENT="spektören"/><SP WIDTH="17" VPOS="1154" HPOS="307"/>
							<String ID="string_208" HPOS="324" VPOS="1154" WIDTH="91" HEIGHT="22" WC="0.96" CONTENT="komme"/><SP WIDTH="19" VPOS="1154" HPOS="415"/>
							<String ID="string_209" HPOS="434" VPOS="1156" WIDTH="35" HEIGHT="19" WC="0.96" CONTENT="att"/><SP WIDTH="16" VPOS="1156" HPOS="469"/>
							<String ID="string_210" HPOS="485" VPOS="1155" WIDTH="9" HEIGHT="20" WC="0.96" CONTENT="i"/><SP WIDTH="17" VPOS="1155" HPOS="494"/>
							<String ID="string_211" HPOS="511" VPOS="1162" WIDTH="49" HEIGHT="14" WC="0.96" CONTENT="mer"/><SP WIDTH="18" VPOS="1162" HPOS="560"/>
							<String ID="string_212" HPOS="578" VPOS="1154" WIDTH="56" HEIGHT="21" WC="0.96" CONTENT="eller"/><SP WIDTH="9" VPOS="1154" HPOS="634"/>
							<String ID="string_213" HPOS="643" VPOS="1154" WIDTH="90" HEIGHT="21" WC="0.96" CONTENT="mindre"/><SP WIDTH="9" VPOS="1154" HPOS="733"/>
							<String ID="string_214" HPOS="742" VPOS="1154" WIDTH="131" HEIGHT="22" WC="0.96" CONTENT="vidsträckt"/><SP WIDTH="9" VPOS="1154" HPOS="873"/>
							<String ID="string_215" HPOS="882" VPOS="1154" WIDTH="54" HEIGHT="21" WC="0.96" CONTENT="mån"/>
						</TextLine>
						<TextLine ID="line_29" HPOS="181" VPOS="1188" WIDTH="755" HEIGHT="28">
							<String ID="string_216" HPOS="181" VPOS="1189" WIDTH="119" HEIGHT="21" WC="0.92" CONTENT="förvärfva"/><SP WIDTH="18" VPOS="1189" HPOS="300"/>
							<String ID="string_217" HPOS="318" VPOS="1188" WIDTH="36" HEIGHT="28" WC="0.96" CONTENT="sig"/><SP WIDTH="17" VPOS="1188" HPOS="354"/>
							<String ID="string_218" HPOS="371" VPOS="1188" WIDTH="90" HEIGHT="22" WC="0.96" CONTENT="inblick"/><SP WIDTH="16" VPOS="1188" HPOS="461"/>
							<String ID="string_219" HPOS="477" VPOS="1189" WIDTH="9" HEIGHT="21" WC="0.96" CONTENT="i"/><SP WIDTH="18" VPOS="1189" HPOS="486"/>
							<String ID="string_220" HPOS="504" VPOS="1188" WIDTH="87" HEIGHT="22" WC="0.95" CONTENT="sådana"/><SP WIDTH="18" VPOS="1188" HPOS="591"/>
							<String ID="string_221" HPOS="609" VPOS="1188" WIDTH="147" HEIGHT="28" WC="0.96" CONTENT="operationer"/><SP WIDTH="17" VPOS="1188" HPOS="756"/>
							<String ID="string_222" HPOS="773" VPOS="1188" WIDTH="41" HEIGHT="21" WC="0.96" CONTENT="vid"/><SP WIDTH="18" VPOS="1188" HPOS="814"/>
							<String ID="string_223" HPOS="832" VPOS="1188" WIDTH="28" HEIGHT="21" WC="0.95" CONTENT="de"/><SP WIDTH="13" VPOS="1188" HPOS="860"/>
							<String ID="string_224" HPOS="873" VPOS="1188" WIDTH="63" HEIGHT="22" WC="0.96" CONTENT="olika"/>
						</TextLine>
						<TextLine ID="line_30" HPOS="181" VPOS="1222" WIDTH="754" HEIGHT="29">
							<String ID="string_225" HPOS="181" VPOS="1222" WIDTH="127" HEIGHT="28" WC="0.96" CONTENT="bankerna,"/><SP WIDTH="27" VPOS="1222" HPOS="308"/>
							<String ID="string_226" HPOS="335" VPOS="1222" WIDTH="80" HEIGHT="22" WC="0.96" CONTENT="hvilka"/><SP WIDTH="26" VPOS="1222" HPOS="415"/>
							<String ID="string_227" HPOS="441" VPOS="1222" WIDTH="94" HEIGHT="22" WC="0.92" CONTENT="tillhöra"/><SP WIDTH="19" VPOS="1222" HPOS="535"/>
							<String ID="string_228" HPOS="554" VPOS="1222" WIDTH="264" HEIGHT="29" WC="0.91" CONTENT="affärshemligheternas"/><SP WIDTH="18" VPOS="1222" HPOS="818"/>
							<String ID="string_229" HPOS="836" VPOS="1222" WIDTH="99" HEIGHT="22" WC="0.96" CONTENT="område."/>
						</TextLine>
						<TextLine ID="line_31" HPOS="182" VPOS="1256" WIDTH="754" HEIGHT="29">
							<String ID="string_230" HPOS="182" VPOS="1257" WIDTH="67" HEIGHT="21" WC="0.96" CONTENT="Inom"/><SP WIDTH="17" VPOS="1257" HPOS="249"/>
							<String ID="string_231" HPOS="266" VPOS="1256" WIDTH="123" HEIGHT="22" WC="0.95" CONTENT="Utskottet"/><SP WIDTH="17" VPOS="1256" HPOS="389"/>
							<String ID="string_232" HPOS="406" VPOS="1256" WIDTH="43" HEIGHT="21" WC="0.96" CONTENT="har"/><SP WIDTH="18" VPOS="1256" HPOS="449"/>
							<String ID="string_233" HPOS="467" VPOS="1256" WIDTH="112" HEIGHT="29" WC="0.96" CONTENT="därjämte"/><SP WIDTH="19" VPOS="1256" HPOS="579"/>
							<String ID="string_234" HPOS="598" VPOS="1256" WIDTH="95" HEIGHT="27" WC="0.96" CONTENT="anförts,"/><SP WIDTH="19" VPOS="1256" HPOS="693"/>
							<String ID="string_235" HPOS="712" VPOS="1258" WIDTH="40" HEIGHT="25" WC="0.96" CONTENT="att,"/><SP WIDTH="15" VPOS="1258" HPOS="752"/>
							<String ID="string_236" HPOS="767" VPOS="1260" WIDTH="55" HEIGHT="17" WC="0.96" CONTENT="enär"/><SP WIDTH="12" VPOS="1260" HPOS="822"/>
							<String ID="string_237" HPOS="834" VPOS="1256" WIDTH="60" HEIGHT="22" WC="0.96" CONTENT="brist"/><SP WIDTH="12" VPOS="1256" HPOS="894"/>
							<String ID="string_238" HPOS="906" VPOS="1257" WIDTH="30" HEIGHT="27" WC="0.95" CONTENT="på"/>
						</TextLine>
						<TextLine ID="line_32" HPOS="179" VPOS="1290" WIDTH="757" HEIGHT="28">
							<String ID="string_239" HPOS="179" VPOS="1290" WIDTH="111" HEIGHT="28" WC="0.95" CONTENT="lämpliga"/><SP WIDTH="27" VPOS="1290" HPOS="290"/>
							<String ID="string_240" HPOS="317" VPOS="1297" WIDTH="109" HEIGHT="21" WC="0.96" CONTENT="personer"/><SP WIDTH="30" VPOS="1297" HPOS="426"/>
							<String ID="string_241" HPOS="456" VPOS="1290" WIDTH="36" HEIGHT="21" WC="0.95" CONTENT="för"/><SP WIDTH="27" VPOS="1290" HPOS="492"/>
							<String ID="string_242" HPOS="519" VPOS="1290" WIDTH="100" HEIGHT="21" WC="0.95" CONTENT="ledande"/><SP WIDTH="27" VPOS="1290" HPOS="619"/>
							<String ID="string_243" HPOS="646" VPOS="1290" WIDTH="160" HEIGHT="28" WC="0.95" CONTENT="befattningar"/><SP WIDTH="16" VPOS="1290" HPOS="806"/>
							<String ID="string_244" HPOS="822" VPOS="1290" WIDTH="9" HEIGHT="21" WC="0.93" CONTENT="i"/><SP WIDTH="17" VPOS="1290" HPOS="831"/>
							<String ID="string_245" HPOS="848" VPOS="1290" WIDTH="88" HEIGHT="28" WC="0.93" CONTENT="privat-"/>
						</TextLine>
						<TextLine ID="line_33" HPOS="182" VPOS="1324" WIDTH="753" HEIGHT="29">
							<String ID="string_246" HPOS="182" VPOS="1324" WIDTH="120" HEIGHT="22" WC="0.96" CONTENT="bankerna"/><SP WIDTH="19" VPOS="1324" HPOS="302"/>
							<String ID="string_247" HPOS="321" VPOS="1324" WIDTH="48" HEIGHT="22" WC="0.96" CONTENT="ofta"/><SP WIDTH="18" VPOS="1324" HPOS="369"/>
							<String ID="string_248" HPOS="387" VPOS="1328" WIDTH="42" HEIGHT="25" WC="0.96" CONTENT="gör"/><SP WIDTH="18" VPOS="1328" HPOS="429"/>
							<String ID="string_249" HPOS="447" VPOS="1324" WIDTH="36" HEIGHT="28" WC="0.96" CONTENT="sig"/><SP WIDTH="18" VPOS="1324" HPOS="483"/>
							<String ID="string_250" HPOS="501" VPOS="1324" WIDTH="115" HEIGHT="29" WC="0.96" CONTENT="gällande,"/><SP WIDTH="18" VPOS="1324" HPOS="616"/>
							<String ID="string_251" HPOS="634" VPOS="1332" WIDTH="30" HEIGHT="14" WC="0.93" CONTENT="en"/><SP WIDTH="16" VPOS="1332" HPOS="664"/>
							<String ID="string_252" HPOS="680" VPOS="1324" WIDTH="116" HEIGHT="29" WC="0.90" CONTENT="begåfvad"/><SP WIDTH="12" VPOS="1324" HPOS="796"/>
							<String ID="string_253" HPOS="808" VPOS="1324" WIDTH="127" HEIGHT="29" WC="0.95" CONTENT="inspektör,"/>
						</TextLine>
						<TextLine ID="line_34" HPOS="182" VPOS="1358" WIDTH="754" HEIGHT="31">
							<String ID="string_254" HPOS="182" VPOS="1360" WIDTH="48" HEIGHT="29" WC="0.96" CONTENT="just"/><SP WIDTH="16" VPOS="1360" HPOS="230"/>
							<String ID="string_255" HPOS="246" VPOS="1359" WIDTH="54" HEIGHT="22" WC="0.96" CONTENT="med"/><SP WIDTH="21" VPOS="1359" HPOS="300"/>
							<String ID="string_256" HPOS="321" VPOS="1358" WIDTH="108" HEIGHT="23" WC="0.93" CONTENT="afseende"/><SP WIDTH="18" VPOS="1358" HPOS="429"/>
							<String ID="string_257" HPOS="447" VPOS="1360" WIDTH="14" HEIGHT="21" WC="0.91" CONTENT="å"/><SP WIDTH="18" VPOS="1360" HPOS="461"/>
							<String ID="string_258" HPOS="479" VPOS="1358" WIDTH="58" HEIGHT="22" WC="0.96" CONTENT="hans"/><SP WIDTH="18" VPOS="1358" HPOS="537"/>
							<String ID="string_259" HPOS="555" VPOS="1358" WIDTH="131" HEIGHT="23" WC="0.96" CONTENT="kännedom"/><SP WIDTH="19" VPOS="1358" HPOS="686"/>
							<String ID="string_260" HPOS="705" VPOS="1367" WIDTH="37" HEIGHT="14" WC="0.96" CONTENT="om"/><SP WIDTH="17" VPOS="1367" HPOS="742"/>
							<String ID="string_261" HPOS="759" VPOS="1358" WIDTH="177" HEIGHT="23" WC="0.96" CONTENT="förhållandena"/>
						</TextLine>
						<TextLine ID="line_35" HPOS="181" VPOS="1394" WIDTH="755" HEIGHT="29">
							<String ID="string_262" HPOS="181" VPOS="1394" WIDTH="10" HEIGHT="22" WC="0.96" CONTENT="i"/><SP WIDTH="17" VPOS="1394" HPOS="191"/>
							<String ID="string_263" HPOS="208" VPOS="1394" WIDTH="91" HEIGHT="22" WC="0.96" CONTENT="landets"/><SP WIDTH="19" VPOS="1394" HPOS="299"/>
							<String ID="string_264" HPOS="318" VPOS="1394" WIDTH="107" HEIGHT="29" WC="0.95" CONTENT="samtliga"/><SP WIDTH="17" VPOS="1394" HPOS="425"/>
							<String ID="string_265" HPOS="442" VPOS="1394" WIDTH="96" HEIGHT="28" WC="0.96" CONTENT="banker,"/><SP WIDTH="18" VPOS="1394" HPOS="538"/>
							<String ID="string_266" HPOS="556" VPOS="1394" WIDTH="73" HEIGHT="22" WC="0.96" CONTENT="måste"/><SP WIDTH="17" VPOS="1394" HPOS="629"/>
							<String ID="string_267" HPOS="646" VPOS="1394" WIDTH="96" HEIGHT="22" WC="0.96" CONTENT="framstå"/><SP WIDTH="13" VPOS="1394" HPOS="742"/>
							<String ID="string_268" HPOS="755" VPOS="1394" WIDTH="75" HEIGHT="22" WC="0.95" CONTENT="såsom"/><SP WIDTH="14" VPOS="1394" HPOS="830"/>
							<String ID="string_269" HPOS="844" VPOS="1402" WIDTH="29" HEIGHT="14" WC="0.93" CONTENT="en"/><SP WIDTH="12" VPOS="1402" HPOS="873"/>
							<String ID="string_270" HPOS="885" VPOS="1398" WIDTH="51" HEIGHT="18" WC="0.92" CONTENT="vär-"/>
						</TextLine>
						<TextLine ID="line_36" HPOS="182" VPOS="1428" WIDTH="754" HEIGHT="30">
							<String ID="string_271" HPOS="182" VPOS="1428" WIDTH="74" HEIGHT="23" WC="0.89" CONTENT="defull"/><SP WIDTH="21" VPOS="1428" HPOS="256"/>
							<String ID="string_272" HPOS="277" VPOS="1429" WIDTH="133" HEIGHT="28" WC="0.92" CONTENT="akvisition,"/><SP WIDTH="19" VPOS="1429" HPOS="410"/>
							<String ID="string_273" HPOS="429" VPOS="1428" WIDTH="30" HEIGHT="22" WC="0.97" CONTENT="då"/><SP WIDTH="21" VPOS="1428" HPOS="459"/>
							<String ID="string_274" HPOS="480" VPOS="1428" WIDTH="39" HEIGHT="22" WC="0.93" CONTENT="det"/><SP WIDTH="21" VPOS="1428" HPOS="519"/>
							<String ID="string_275" HPOS="540" VPOS="1428" WIDTH="68" HEIGHT="30" WC="0.90" CONTENT="gälde"/><SP WIDTH="19" VPOS="1428" HPOS="608"/>
							<String ID="string_276" HPOS="627" VPOS="1430" WIDTH="35" HEIGHT="21" WC="0.96" CONTENT="att"/><SP WIDTH="16" VPOS="1430" HPOS="662"/>
							<String ID="string_277" HPOS="678" VPOS="1429" WIDTH="92" HEIGHT="22" WC="0.96" CONTENT="besätta"/><SP WIDTH="18" VPOS="1429" HPOS="770"/>
							<String ID="string_278" HPOS="788" VPOS="1437" WIDTH="28" HEIGHT="13" WC="0.96" CONTENT="en"/><SP WIDTH="18" VPOS="1437" HPOS="816"/>
							<String ID="string_279" HPOS="834" VPOS="1429" WIDTH="61" HEIGHT="29" WC="0.96" CONTENT="plats"/><SP WIDTH="18" VPOS="1429" HPOS="895"/>
							<String ID="string_280" HPOS="913" VPOS="1429" WIDTH="23" HEIGHT="22" WC="0.96" CONTENT="af"/>
						</TextLine>
						<TextLine ID="line_37" HPOS="182" VPOS="1463" WIDTH="754" HEIGHT="30">
							<String ID="string_281" HPOS="182" VPOS="1464" WIDTH="98" HEIGHT="22" WC="0.96" CONTENT="berörda"/><SP WIDTH="18" VPOS="1464" HPOS="280"/>
							<String ID="string_282" HPOS="298" VPOS="1464" WIDTH="57" HEIGHT="29" WC="0.96" CONTENT="slag."/><SP WIDTH="25" VPOS="1464" HPOS="355"/>
							<String ID="string_283" HPOS="380" VPOS="1463" WIDTH="49" HEIGHT="22" WC="0.96" CONTENT="Och"/><SP WIDTH="16" VPOS="1463" HPOS="429"/>
							<String ID="string_284" HPOS="445" VPOS="1463" WIDTH="54" HEIGHT="22" WC="0.96" CONTENT="med"/><SP WIDTH="17" VPOS="1463" HPOS="499"/>
							<String ID="string_285" HPOS="516" VPOS="1463" WIDTH="92" HEIGHT="29" WC="0.96" CONTENT="hänsyn"/><SP WIDTH="17" VPOS="1463" HPOS="608"/>
							<String ID="string_286" HPOS="625" VPOS="1464" WIDTH="37" HEIGHT="21" WC="0.96" CONTENT="till"/><SP WIDTH="18" VPOS="1464" HPOS="662"/>
							<String ID="string_287" HPOS="680" VPOS="1464" WIDTH="45" HEIGHT="21" WC="0.96" CONTENT="den"/><SP WIDTH="18" VPOS="1464" HPOS="725"/>
							<String ID="string_288" HPOS="743" VPOS="1463" WIDTH="125" HEIGHT="29" WC="0.92" CONTENT="betydelse,"/><SP WIDTH="10" VPOS="1463" HPOS="868"/>
							<String ID="string_289" HPOS="878" VPOS="1464" WIDTH="58" HEIGHT="28" WC="0.91" CONTENT="hög-"/>
						</TextLine>
					</TextBlock>
					<TextBlock ID="block_4" HPOS="262" VPOS="1506" WIDTH="343" HEIGHT="19">
						<TextLine ID="line_38" HPOS="262" VPOS="1506" WIDTH="343" HEIGHT="19">
							<String ID="string_290" HPOS="262" VPOS="1507" WIDTH="147" HEIGHT="18" WC="0.90" CONTENT="Bankutskottets"/><SP WIDTH="12" VPOS="1507" HPOS="409"/>
							<String ID="string_291" HPOS="421" VPOS="1506" WIDTH="111" HEIGHT="18" WC="0.96" CONTENT="betänkande"/><SP WIDTH="11" VPOS="1506" HPOS="532"/>
							<String ID="string_292" HPOS="543" VPOS="1506" WIDTH="35" HEIGHT="18" WC="0.94" CONTENT="N:o"/><SP WIDTH="12" VPOS="1506" HPOS="578"/>
							<String ID="string_293" HPOS="590" VPOS="1507" WIDTH="15" HEIGHT="17" WC="0.96" CONTENT="1."/>
						</TextLine>
					</TextBlock>
				</ComposedBlock>
			</PrintSpace>
		</Page>
	</Layout>
</alto>
