1039 1706
105 210 15 28 8
136 210 34 22 95.

91 546 14 29 8
123 546 46 23 100.

191 144 27 20 52
420 142 29 23 U.
464 143 27 22 B.
507 156 28 3 —
549 143 72 27 Prop.
637 143 41 22 N:o
693 143 22 21 6.

259 213 32 19 Då
306 218 26 14 en
347 212 157 24 sakförståndig
520 214 39 18 och
574 218 109 18 noggrann
698 213 92 19 revision
801 215 23 17 är
834 213 24 19 af
863 213 81 19 största

192 241 45 23 vigt
251 241 32 19 för
298 240 185 26 upprätthållande
499 242 23 19 af
535 246 26 15 en
576 242 41 23 god
633 241 260 25 kommunalförvaltning,
904 241 40 20 och

191 269 75 20 tvifvel
282 270 50 24 eljes
342 270 70 19 kunde
425 270 77 24 uppstå
509 270 105 19 huruvida
625 270 59 19 detta
693 270 44 19 ofta
747 270 67 23 dryga
825 270 72 19 arbete
907 270 37 19 bör

192 297 72 21 såsom
280 303 26 15 en
320 298 125 20 kommunal
460 298 52 25 pligt
527 298 82 20 utföras
623 298 53 19 utan
691 298 139 25 godtgörelse,
841 298 51 19 eller
902 302 42 19 om,

192 326 101 20 särskildt
314 326 26 20 då
363 327 81 19 revisor
464 327 46 20 icke
525 329 24 17 är
564 326 93 20 medlem
673 327 23 19 af
709 327 137 23 kommunen,
863 326 81 20 arbetet

192 354 34 20 får
241 356 39 19 och
296 355 36 19 bör
348 355 99 25 ersättas,
463 355 90 20 föreslår
567 355 36 24 jag
619 354 122 25 ödmjukast
750 354 92 25 följande
852 354 92 25 tilläggs-

191 384 98 20 moment
304 383 31 20 till
350 384 11 22 $
376 384 36 19 95:

396 452 133 21 Revisorerne
554 451 81 26 åtnjuta
656 452 76 25 skäligt
753 452 80 25 arvode,
856 457 44 14 som
922 452 26 24 af

328 481 213 20 kommunalstämma
556 481 90 24 utfästes.

260 549 32 20 Då
312 549 36 25 jag
371 549 46 20 icke
439 550 84 19 kunnat
544 548 110 25 gendrifva
674 549 25 20 de
714 549 6 19 i
736 549 106 20 utskottet
857 549 88 20 anförda

192 578 47 20 skäl
261 579 32 19 för
315 577 115 25 fataljetids
446 579 135 19 beräknande
596 578 48 19 från
662 577 133 25 delgifvande
811 577 12 20 å
839 583 107 15 samman-

192 607 66 24 träde,
274 607 39 20 och
329 607 52 24 icke,
397 607 27 24 på
439 607 45 20 sätt
498 607 41 20 den
554 606 47 21 nåd.
617 607 157 24 propositionen
788 606 95 24 föreslår,
899 606 47 20 från

191 636 36 19 det
248 635 245 20 kommunalnämndens
515 635 131 25 ordförande,
669 635 50 20 eller
740 635 66 20 hellre
829 635 73 20 såsom
916 640 30 15 nu

192 665 82 23 ganska
289 664 94 24 brukligt
398 667 29 22 är,
444 665 157 19 vederbörande
616 664 124 20 ordförande
755 663 42 20 fått
807 664 33 19 del
851 664 23 20 af
882 664 63 19 hand-

191 693 103 24 lingarna,
310 693 40 20 har
362 693 38 24 jag
414 693 92 24 nödgats
521 693 56 20 afstå
591 692 48 20 från
652 693 81 19 tanken
748 692 27 25 på
786 697 25 16 en
819 693 127 23 välbehöflig

192 723 67 18 större
275 722 105 19 snabbhet
394 723 7 18 i
416 722 36 19 det
467 722 140 20 kommunala
618 721 144 24 maskineriet,
774 720 130 21 åtminstone
914 721 32 20 till

192 751 48 22 dess
257 750 59 20 tiden
330 751 44 19 kan
389 755 52 15 vara
457 751 48 19 inne
520 751 33 19 för
568 755 26 15 en
611 750 124 20 effektivare
750 751 40 19 och
800 755 59 15 mera
870 750 76 20 tidsen-

192 779 28 24 lig
239 779 186 20 kommunikation
440 779 40 19 och
499 779 136 24 publikation,
652 781 26 17 än
695 779 40 19 den
751 784 47 15 som
813 779 112 19 innebäres
940 779 7 18 i

193 808 105 23 systemet
314 808 23 19 af
349 807 127 25 kungörelse
490 808 7 19 i
512 808 74 24 kyrka.
617 807 47 20 Men
678 807 44 24 just
738 808 91 19 emedan
844 807 103 20 obestridt

192 839 24 17 är
231 837 33 18 att
278 836 51 20 slikt
342 837 138 23 kungörande
494 837 7 18 i
516 837 145 23 verkligheten
677 837 77 19 endast
768 837 6 18 i
789 836 61 24 ringa
861 835 52 21 mån
924 838 23 17 är

192 865 80 23 egnadt
294 865 32 20 att
349 870 91 14 sauvera
466 865 80 20 allmän
563 865 40 19 och
621 864 82 20 enskild
717 865 50 24 rätt,
783 865 39 19 har
837 865 42 23 det,
896 866 51 18 enär

192 893 70 20 denna
276 893 55 20 form
347 893 32 20 för
394 893 133 24 delgifvande
543 896 22 17 är
581 893 40 19 den
637 893 59 24 enda,
712 898 48 15 som
776 893 13 22 (i
803 893 47 24 Kgl.
864 893 83 19 brefvet

193 922 19 19 d.
235 922 12 18 5
269 922 83 24 januari
376 922 62 21 1808)
459 922 31 19 uti
506 922 108 20 allmänna
629 922 105 19 ekonomi-
750 922 40 20 och
804 921 104 25 politimål
924 924 23 17 är

192 950 139 20 föreskrifven
354 950 39 19 och
411 950 56 23 förty
486 951 63 19 äfven
567 950 67 20 oftast
648 950 79 20 brukas
742 950 6 19 i
764 950 26 20 de
804 950 32 19 för
850 950 96 20 kommu-

192 983 66 15 nerna
274 978 24 20 sä
313 978 81 24 vigtiga
408 981 48 21 väg-
472 979 39 19 och
527 978 283 24 skjutshällningsärendena
825 978 52 24 (jmf.
893 978 25 22 $$
928 979 18 23 6,

194 1007 25 19 11
239 1007 39 20 och
296 1007 40 23 40),
356 1007 62 24 synts
433 1007 44 24 mig
493 1008 17 24 ej
528 1007 90 20 allenast
633 1007 98 24 önskligt,
747 1007 53 20 utan
816 1007 64 19 äfven
895 1008 52 23 möj-

192 1035 40 23 ligt
246 1036 34 19 att
294 1036 52 18 utan
361 1035 85 24 inträng
460 1036 27 24 pä
502 1036 173 24 civilprocessens
689 1035 88 21 omräde
793 1036 6 18 i
814 1036 133 20 kommunal-

193 1063 153 24 författningen
361 1064 135 20 föreskrifva:
512 1065 33 19 att
561 1064 142 23 fataljetidens
713 1064 136 20 beräknande
858 1063 48 20 frän
914 1065 34 19 da-

193 1096 41 20 gen
252 1092 32 20 för
302 1092 148 24 kungörandet
467 1093 6 19 i
488 1092 73 24 dylika
575 1092 71 24 frägor
661 1093 125 19 förutsätter
801 1093 33 19 att
849 1092 97 20 kommu-

193 1120 159 20 nalstämmans
374 1121 124 20 ordförande
521 1121 111 23 samtidigt
651 1120 50 21 eller
719 1121 134 19 derförinnan
868 1120 42 20 fått
926 1121 24 19 af

193 1150 42 18 den
252 1149 118 24 kungjorda
384 1150 130 23 handlingen
529 1149 39 20 del.
585 1149 32 24 Ty
632 1150 61 20 utom
708 1150 33 19 att
755 1150 191 19 kommunalstäm-

193 1182 63 15 mans
276 1178 124 19 ordförande
416 1178 72 20 såsom
503 1177 72 21 ledare
590 1178 23 19 af
626 1178 143 20 kommunens
783 1177 114 25 verldsliga
912 1183 35 15 an-

194 1206 150 24 gelägenheter
369 1206 111 20 efterträdt
506 1207 41 19 den
568 1206 61 20 forna
651 1207 202 19 sockenstämmans
882 1206 65 20 ordfö-

193 1235 72 23 rande,
289 1235 49 19 eller
358 1234 163 24 församlingens
539 1235 78 24 pastor,
633 1236 87 18 hvilken
735 1234 46 20 äter
795 1235 44 23 just
853 1240 39 14 var
908 1236 39 18 och

194 1264 23 17 är
233 1263 46 22 den,
295 1268 47 14 som
358 1262 12 19 å
385 1263 104 19 embetets
505 1265 82 21 vägnar
601 1263 120 23 emottager
735 1263 41 19 och
791 1262 106 20 afkunnar
912 1263 36 23 dy-

194 1290 42 20 lika
251 1290 144 25 kungörelser,
410 1291 98 23 betingas
523 1296 26 14 en
565 1290 67 20 sädan
647 1290 222 25 tilläggsbestämning
884 1291 64 19 äfven

194 1319 65 24 deraf,
283 1319 33 20 att
338 1319 120 20 stämmans
481 1319 125 20 ordförande
631 1320 6 18 i
663 1319 52 21 våra
733 1320 66 23 dagar
814 1318 27 26 pä
855 1320 33 19 ett
903 1319 45 20 helt

194 1349 67 19 annat
283 1348 45 20 sätt
349 1349 157 24 representerar
530 1348 131 20 kommunen
683 1349 40 19 och
745 1349 7 19 i
769 1354 27 14 en
813 1348 134 25 väsentligen

194 1377 76 24 vidgad
286 1377 129 25 omfattning
436 1378 37 20 bär
496 1378 101 20 ansvaret
612 1378 32 19 för
663 1378 134 20 bevakandet
814 1378 23 20 af
852 1378 50 20 dess
919 1378 28 19 in-

193 1406 90 20 tressen.
451 1406 2 2 i
584 1412 4 4 :

262 1450 207 19 Kommunalutskottets
481 1449 111 19 betänkande
603 1449 35 19 N:o
650 1451 16 17 1.
