1056 1714
204 132 28 20 24
431 130 28 23 U.
475 130 28 22 B.
518 143 28 3 —
560 130 73 28 Prop.
649 130 42 23 N:o
707 130 21 22 1.

203 205 46 15 rum
264 199 34 21 för
314 201 32 20 ett
360 199 69 27 tvång
444 200 13 20 å
472 199 159 26 kommunerna,
646 205 64 21 synes
721 199 19 27 ej
752 198 82 22 mindre
845 204 111 22 omsorgen

204 240 32 14 om
256 234 73 21 dessas
344 235 45 20 rätt
403 235 28 19 än
445 232 132 23 folkskolans
593 235 50 25 eget
659 234 93 20 intresse
766 232 74 22 fordra
855 234 33 20 att
903 232 54 22 folk-

204 268 211 27 skoleförordningen
430 268 48 22 med
493 268 72 22 dertill
581 268 94 22 hörande
691 266 216 28 specialföreskrifter
917 273 39 15 un-

204 302 113 22 derkastas
332 308 27 16 en
374 301 126 28 fullständig
515 302 141 22 kodifikation
671 302 50 22 med
737 302 52 22 eller
800 303 52 21 utan
863 300 93 23 revision

204 335 25 23 af
248 336 98 22 enskilda
368 336 59 22 delar
449 336 7 22 i
479 336 128 22 densamma.
637 336 116 22 Utskottet
771 338 46 20 tror
831 336 34 28 sig
880 335 77 23 visser-

203 370 58 28 ligen
283 373 57 25 veta,
364 373 33 20 att
419 371 70 21 denna
504 371 66 22 tanke
585 371 48 22 icke
648 370 58 23 varit
720 370 35 22 för
769 371 110 27 Styrelsen
894 370 63 22 främ-

204 406 76 22 mande
299 406 39 22 och
352 408 34 20 att
400 405 123 23 förarbeten
537 406 8 22 i
559 405 69 23 sådan
643 405 98 28 riktning
756 405 67 22 redan
837 405 120 28 föreligga;

204 447 47 15 men:
274 441 39 21 har
335 440 55 22 dock
410 440 48 22 icke
473 442 71 21 ansett
559 441 34 28 sig
607 440 74 22 kunna
695 440 116 22 underlåta
826 442 33 20 att
873 440 8 22 i
897 440 60 22 detta

204 476 153 27 sammanhang
379 476 39 21 och
439 476 70 21 såsom
532 482 26 16 en
575 476 136 26 konseqvens
727 475 24 21 af
764 482 29 14 nu
807 474 150 30 föreliggande

204 510 81 28 förslag
300 516 33 16 om
348 510 219 22 folkskoleväsendets
581 510 151 28 befrämjande
747 510 122 22 hemställa:

409 575 32 21 att
457 574 124 23 Ständerna
595 574 9 21 i
618 574 39 21 sitt
670 581 50 14 svar
735 574 14 21 å
764 573 42 22 den
816 573 83 28 nådiga
907 580 50 21 pro-

340 608 93 23 sitionen
455 608 47 22 ville
519 608 89 23 anhålla
623 609 32 21 att
669 608 65 23 Hans
749 607 122 29 Kejserliga
887 607 69 29 Maje-

340 645 44 20 slät
404 643 77 22 täcktes
503 643 45 23 låta
569 643 98 22 utarbeta
684 643 82 28 förslag
781 643 33 22 till
828 649 31 22 ny
873 642 83 29 förord-

340 678 56 28 ning
410 678 93 22 rörande
517 678 200 28 folkskoleväsendet
731 678 8 21 i
754 677 74 23 landet
837 679 56 20 samt
903 678 54 28 före-

341 712 63 29 lägga
419 713 116 22 detsamma
544 714 51 21 näst
603 712 207 23 sammanträdande
823 712 94 23 Ständer
925 712 33 23 till

340 747 70 22 sådan
432 747 133 28 medverkan,
587 755 44 15 som
649 747 9 22 i
677 749 83 21 ämnets
775 747 56 22 olika
846 747 59 22 delar
916 747 41 28 på-

341 781 74 22 kallas.

273 850 134 29 Helsingfors
423 851 25 21 af
460 850 235 23 Kommunalutskottet
709 851 41 22 den
766 854 12 19 4
795 851 41 28 maj
853 853 62 20 1897.

272 1019 12 21 I
306 1018 100 22 ärendets
428 1018 163 28 handläggning
613 1018 68 23 hafva
703 1018 94 28 deltagit
814 1018 144 22 ordföranden

204 1052 24 22 T.
245 1053 20 22 J.
278 1052 98 28 Aminoff,
392 1053 144 23 ledamöterne
551 1053 90 22 friherre
656 1060 43 16 von
713 1053 64 27 Born,
794 1052 163 27 Nordenskiöld,

204 1086 123 23 Alexander
347 1087 98 27 Aminoff,
471 1087 23 22 J.
513 1087 26 21 R.
558 1087 124 28 Danielson,
705 1088 103 26 Ilmanen,
831 1087 126 28 Karlsberg,

204 1120 110 29 Eriksson,
330 1122 123 26 Stenström,
469 1122 103 26 Brander,
588 1122 91 28 Ojanen,
695 1122 110 22 Pitkänen
821 1122 38 21 och
870 1122 87 27 Torppa

204 1158 55 19 samt
281 1156 165 27 suppleanterne
467 1156 26 21 A.
509 1156 158 28 Wasastjerna,
690 1156 26 22 G.
732 1156 129 27 Ehrnrooth,
883 1156 75 22 Malm-

204 1190 60 27 berg,
279 1189 69 23 Arvid
362 1190 87 26 Genetz,
465 1190 72 22 Lindh
552 1191 38 21 och
605 1189 89 23 Suokas.

272 1446 205 19 Kommunalutskottets
489 1446 110 18 betänkande
610 1447 34 18 N:o
657 1447 18 17 4.
