1039 1711
127 728 15 29 8
159 727 34 24 78.

128 1102 15 29 8
159 1101 34 22 92.

202 146 27 21 78
428 145 30 22 U.
472 145 29 23 B.
516 159 27 2 —
558 145 74 27 Prop.
647 145 42 22 N:o
703 145 21 22 6.

200 216 65 23 gehör
287 215 31 20 för
341 215 33 20 sin
396 214 62 25 äsigt,
481 214 25 21 sä
528 220 81 19 gagnar
631 215 37 19 det
689 215 6 18 i
708 215 97 19 flertalet
823 215 37 20 fall
874 215 79 20 honom

199 245 47 20 icke
261 244 88 23 mycket
364 243 32 20 att
411 244 73 19 kunna
499 244 49 19 med
564 249 26 14 en
605 243 46 20 röst
667 243 86 24 bidraga
768 243 31 20 till
812 243 101 24 beslutet;
925 243 29 20 ät-

200 273 108 19 minstone
326 276 65 20 synes
410 272 36 19 det
460 272 32 19 för
508 273 54 19 hans
578 277 53 19 egen
647 272 112 23 värdighet
774 277 52 15 vara
840 277 61 14 mera
916 271 38 20 till-

199 300 87 21 talande
309 300 33 20 att
364 299 56 21 afstä
437 299 48 20 frän
503 300 127 24 deltagande
649 300 6 19 i
671 300 35 20 det
721 300 86 24 slutliga
822 300 131 24 afgörandet,

200 332 28 18 än
250 329 34 20 att
305 328 65 20 blifva
392 328 161 20 omkullröstad.
582 328 42 25 Jag
641 328 89 20 förbiser
747 329 75 19 härvid
840 328 115 24 ingalunda

200 359 39 24 att,
256 358 66 24 enligt
336 357 56 19 förut
408 357 116 25 åberopade
540 358 11 22 $
563 358 25 19 11
599 358 6 19 i
614 356 285 26 fattigvärdsförordningen,
908 358 47 24 kyr-

199 386 93 20 koherde
314 386 51 20 eller
386 386 56 20 hans
460 386 179 20 ställföreträdare
659 391 49 19 eger
726 386 111 20 rösträtt
832 382 11 32 i
853 386 102 24 samtliga

199 416 59 19 inom
276 415 120 25 pastoratet
414 414 108 25 befintliga
540 414 231 25 fattigvärdsstyrelser
789 415 40 20 och
847 414 83 20 således
949 415 6 19 i

199 444 61 24 fräga
282 449 37 15 om
337 442 222 25 fattigvärdsärenden
574 443 82 25 jemväl
674 444 6 19 i
699 443 213 25 kommunalnämnä,
928 443 28 20 dä

199 472 91 20 särskild
305 472 219 24 fattigvärdsstyrelse
540 472 18 24 ej
573 472 68 20 finnes
656 472 85 24 tillsatt;
757 477 51 15 men
822 472 60 20 detta
894 474 24 18 är
928 477 27 15 en

200 502 40 19 sak
258 501 32 20 för
309 501 32 24 sig
360 501 40 19 och
415 501 101 19 behöfver
532 501 18 23 ej
569 502 3 18 i
588 500 279 25 kommunalförfattningen
883 505 71 21 uppre-

200 535 44 19 pas,
260 529 57 20 helst
332 530 88 23 ändring
436 529 24 19 af
472 530 129 23 stadgandet
616 529 123 24 derigenom
754 530 6 19 i
771 530 33 19 sin
814 528 51 21 män
876 529 79 21 försvä-

199 563 43 15 ras.
271 558 41 24 Jag
330 557 117 24 tillstyrker
465 558 57 24 förty
537 558 33 19 att
585 558 6 19 i
607 558 149 23 förordningen
771 563 35 14 om
821 558 134 20 kommunal-

199 587 130 23 förvaltning
344 586 64 20 borde
422 586 86 25 intagas
523 585 53 22 blott
587 591 26 15 en
624 586 84 24 generel
718 586 128 24 hänvisning
855 586 32 20 till
897 587 58 20 hvad

199 616 8 19 i
222 615 77 25 antydt
314 615 106 24 afseende,
435 614 78 21 liksom
532 615 63 20 äfven
610 615 111 24 angäende
739 615 157 20 vederbörande
910 620 44 20 pro-

200 644 84 20 vincial-
294 643 50 20 eller
358 643 211 21 kommunalläkares
585 644 40 19 och
639 644 84 25 pastors
739 643 126 24 deltagande
879 644 7 19 i
896 644 59 20 kom-

199 673 167 20 munalnämnäds
380 673 157 24 förhandlingar
552 673 90 20 rörande
657 672 200 25 helsovärdsfrägor,
875 675 22 18 är
913 675 42 18 sär-

200 701 64 21 skildt
277 701 107 24 stadgadt.

268 730 113 20 Utskottet
402 730 40 20 har
463 730 125 24 visserligen
608 729 172 25 sammandragit
795 730 40 19 och
850 730 105 21 förkortat

200 759 11 23 $
228 759 32 24 78,
276 764 51 14 men
341 759 66 19 likväl
422 758 107 21 bibehållit
544 759 40 20 den
600 758 6 19 i
621 758 48 20 nåd.
684 759 157 24 propositionen
851 758 104 25 ingående

200 787 170 24 formuleringen,
393 787 87 20 hvilken
502 792 104 20 upprepar
629 787 136 20 definitionen
782 787 27 24 pä
824 787 94 20 medlem
933 788 24 19 af

200 817 138 23 kommunen,
354 816 70 19 denna
439 815 56 24 gång
511 816 62 19 äfven
589 816 50 19 med
655 815 97 25 tillägget
766 817 52 18 utan
833 816 94 24 afseende
941 815 14 21 ä&

200 845 172 23 medborgarrätt.
402 844 130 24 Härigenom
550 843 113 21 intrasslas
684 846 57 18 ännu
756 849 53 20 mer,
825 847 28 17 än
867 845 66 19 redan
949 845 6 19 i

200 873 12 23 S
233 874 12 18 3
264 873 64 25 skett,
344 873 41 19 den
400 872 7 19 i
422 873 40 19 och
477 873 32 19 för
524 873 32 23 sig
571 872 60 20 klara
646 872 75 24 frågan
737 878 36 14 om
787 873 66 19 hvem
868 878 48 14 som
932 875 23 18 är

200 902 93 20 medlem
309 901 23 20 af
345 901 138 20 kommunen.
506 901 32 20 Dä
552 901 115 24 meningen
678 901 117 19 emellertid
805 904 24 17 är
836 902 34 19 att
877 901 78 25 stadga

200 930 36 20 det
253 930 75 24 hvarje
345 930 93 20 medlem
457 930 23 20 af
498 930 132 20 kommunen
645 932 24 17 är
683 930 75 24 pligtig
773 930 33 19 att
821 930 88 24 bidraga
923 930 32 20 till

199 959 95 24 fyllande
308 958 25 20 af
345 958 143 20 kommunens
503 958 65 20 behof
581 958 58 20 samt
654 958 12 22 $
681 958 13 19 3
709 958 57 20 afser
779 959 33 19 att
821 958 134 25 fullständigt

200 987 100 21 definiera
315 988 113 24 begreppet
444 987 93 19 medlem
552 986 24 20 af
589 986 172 26 landskommun,
776 986 68 20 finner
857 987 37 25 jag
910 988 44 24 tyd-

200 1016 64 24 ligast
279 1016 40 20 och
334 1016 58 19 mest
406 1016 134 23 konsegvent
554 1020 53 15 vara
622 1015 33 20 att
671 1016 6 18 i
693 1016 12 22 $
721 1016 26 19 78
763 1015 89 24 stadgas
866 1016 45 20 helt
922 1021 34 15 en-

200 1044 46 20 kelt
260 1044 34 20 att
308 1044 210 24 skattskyldigheten
533 1044 32 19 till
580 1043 131 21 kommunen
726 1043 79 25 äligger
815 1044 74 24 hvarje
899 1044 57 20 med-

200 1073 43 20 lem
259 1072 23 21 af
295 1073 134 20 densamma.

269 1101 96 20 Emedan
387 1101 67 20 sättet
475 1101 32 19 för
526 1101 103 19 exekutiv
647 1101 113 23 indrifning
779 1101 24 20 af
815 1101 140 20 kommunala

200 1129 111 24 utskylder
332 1129 132 19 bestämmes
487 1130 7 18 i
511 1129 191 24 utsökmingslagen
720 1129 39 19 och
778 1129 69 19 dertill
861 1130 94 19 hörande

200 1158 157 24 författningar,
377 1162 65 20 synes
460 1158 35 19 det
510 1157 133 24 öfverflödigt
657 1158 41 19 och
713 1157 64 20 äfven
792 1158 115 24 oegentligt
923 1158 32 19 att

200 1187 8 19 i
226 1186 11 22 $
256 1186 27 19 92
301 1186 31 19 uti
348 1185 78 21 sådant
441 1186 120 20 hänseende
576 1186 78 23 stadga
669 1186 72 19 vidare
757 1188 28 18 än
800 1186 33 20 att
847 1186 108 24 restlängd

200 1215 38 19 bör
256 1215 59 19 inom
333 1214 40 20 den
388 1214 7 20 i
410 1214 33 22 S:n
458 1214 82 20 utsatta
555 1214 32 20 tid
601 1214 54 19 efter
670 1214 227 24 uppbördsstämmans
912 1214 43 20 slut

201 1243 145 19 öfverlemnas
360 1243 32 19 till
406 1242 113 24 indrifning
533 1243 8 19 i
556 1243 48 23 laga
621 1242 94 24 ordning.

268 1270 30 20 På
310 1270 88 20 anförda
408 1271 92 23 grunder
510 1270 80 20 tillåter
599 1270 36 24 jag
645 1270 44 24 mig
699 1270 162 20 vöräsammast
871 1270 83 24 föreslå,

407 1334 29 18 att
454 1333 68 19 nedan
536 1334 107 24 upptagna
658 1333 25 23 $$
697 1333 8 19 i
718 1333 100 25 förslaget
831 1334 30 19 till
872 1334 82 24 förord-

336 1362 53 24 ning
406 1367 34 14 om
458 1362 249 25 kommunalfärvaltning
719 1361 31 26 pä
764 1362 69 20 landet
846 1361 62 21 mätte
923 1368 31 15 er-

338 1390 56 21 hålla
407 1388 93 28 följande
514 1391 85 25 lydelse:

270 1457 206 18 Kommunalutskottets
488 1457 111 19 betänkande
610 1457 35 19 N:o
657 1458 15 17 1.
