1034 1709
183 145 28 20 30
413 144 29 22 U.
457 144 28 22 B.
501 156 27 3 —
543 143 74 29 Prop.
632 143 42 23 N:o
689 144 25 21 4.

252 211 185 21 Vidkommande
452 212 56 20 härä
524 211 309 27 samfällighetsdelegarenes
849 212 44 20 rätt
907 213 32 19 att

184 245 66 21 äfven
266 245 55 21 efter
336 245 124 21 storskiftet
474 245 103 27 begagna
592 245 28 21 de
635 247 77 24 ängar,
728 245 79 21 hvilka
817 245 39 21 vid
869 245 69 27 sagda

184 279 66 22 skifte
273 280 95 21 komma
389 282 32 19 att
436 280 54 21 falla
505 280 64 21 inom
585 279 161 28 kronojorden,
761 279 94 22 föreslås
871 279 7 21 i
894 279 45 21 den

184 314 83 27 nådiga
283 315 178 26 propositionen,
473 316 31 19 att
512 314 296 27 lägenhetsinnehafvarene
821 314 55 21 efter
884 316 55 19 stor-

185 348 75 21 skiftet
275 349 70 21 måtte
360 348 127 21 bibehållas
502 348 39 21 vid
556 348 147 27 nyttjorätten
718 348 34 20 till
768 348 125 26 desamma,
907 348 32 21 in-

184 382 33 21 till
240 383 51 20 dess
313 382 91 21 kronan
425 382 41 21 vill
486 382 53 21 dem
560 385 61 18 emot
643 382 134 27 erläggande
801 383 24 20 af
839 382 99 27 odlings-

184 416 128 22 kostnaden
328 417 80 20 inlösa.

253 451 36 21 Då
311 451 127 21 Ständerna
459 451 39 21 vid
515 451 139 20 1877—1878
669 451 37 21 års
725 451 110 26 landtdag
849 450 90 22 beslöto

184 487 33 18 att
238 485 295 26 lägenhetsinnehafvarene
556 485 139 21 fortfarande
715 485 74 21 skulle
811 485 128 21 bibehållas

184 519 39 20 vid
245 519 148 28 nyttjorätten
414 520 35 20 till
467 519 65 21 deras
548 519 64 22 inom
628 519 196 22 kronomarkerna
839 519 100 28 uppröd-

183 553 53 27 jade
251 555 78 25 ängar,
344 554 58 20 intill
418 554 52 21 dess
486 554 89 21 kronan
590 553 52 21 ville
658 554 52 21 dem
726 556 61 18 emot
803 553 136 27 erläggande

186 587 25 21 af
229 587 219 28 odlingskostnaden
463 587 81 27 inlösa,
560 587 85 22 skedde
661 588 88 26 sådant,
765 588 69 27 enligt
850 588 90 21 Utskot-

184 624 43 19 tets
244 622 156 27 förmenande,
416 623 25 20 af
453 623 44 20 den
513 622 125 27 anledning
652 625 32 18 att
698 623 67 20 dessa
781 624 70 25 ängar
865 622 74 21 blifvit

186 656 25 21 af
232 657 296 26 lägenhetsinnehafvarene
543 657 94 26 tidigare
652 659 68 24 tagna
734 657 8 20 i
757 657 123 26 besittning
895 657 44 20 och

187 690 99 21 häfdade
309 693 59 18 samt
390 691 96 20 emedan
509 690 37 21 det
564 697 40 14 var
622 691 70 20 ovisst
707 691 115 20 huruvida
837 691 50 21 icke
902 691 38 20 det

186 725 153 26 provisionela
362 725 76 20 skiftet
453 724 73 21 blefve
542 725 38 20 vid
605 725 37 20 det
660 725 117 21 definitiva
793 725 124 21 storskiftet
932 725 7 20 i

186 759 111 26 väsentlig
319 759 54 20 mån
395 759 104 26 ändradt,
523 759 25 20 så
572 761 32 18 att
625 759 25 20 af
669 759 66 21 dessa
758 761 71 24 ängar
854 766 28 14 en
902 759 36 20 del

186 793 117 20 måhända
313 793 78 21 kunde
400 793 95 21 komma
503 795 31 18 att
542 793 115 21 tillskiftas
665 793 166 26 lägenheterna.
849 793 90 21 Utskot-

186 829 31 19 tet
227 828 43 20 bar
277 827 76 21 derför
367 827 65 21 äfven
440 827 65 21 bållit
513 827 47 21 före
568 830 32 18 att
608 827 125 21 Ständerna
743 828 66 21 afsett
815 829 32 19 att
854 827 87 21 tilldela

187 862 294 27 lägenhetsinnehafvarene
497 862 138 21 fortfarande
650 862 180 27 besittningsrätt
845 863 34 20 till
894 869 47 14 om-

187 897 84 20 ordade
294 898 71 25 ängar
386 897 81 20 endast
487 897 45 20 tills
556 897 112 21 definitivt
687 897 115 20 storskifte
817 897 123 26 försiggått,

186 931 100 26 hvadan,
309 931 68 26 enligt
401 930 125 21 Utskottets
549 931 74 26 tanke,
644 931 297 26 lägenhetsinnehafvarene

187 965 49 20 icke
263 965 80 20 kunna
368 965 99 27 åberopa
492 971 55 21 nyss
563 965 101 20 nämnda
680 965 168 21 ständerbeslut
863 965 78 21 såsom

187 999 130 26 rättsgrund
339 999 35 20 för
396 1006 28 14 en
441 999 89 26 ständig
544 999 181 26 besittningsrätt
738 999 34 21 till
789 999 152 21 omförmälda

187 1034 76 25 ängar.
294 1033 68 21 Emot
383 1033 123 27 anspråket
528 1033 30 27 på
580 1040 28 13 en
624 1033 66 27 dylik
702 1033 182 27 besittningsrätt
899 1034 43 20 har

187 1067 49 27 ock,
260 1068 76 20 såsom
360 1067 69 21 ofvan
452 1067 93 26 anförts,
565 1067 143 26 framhållits,
724 1067 72 21 bland
813 1069 79 19 annat:
909 1070 33 18 att

186 1101 40 20 vid
248 1102 37 21 det
306 1101 117 21 blifvande
444 1101 124 21 storskiftet
587 1101 77 27 hvarje
680 1102 105 25 lägenhet
801 1102 93 21 komme
910 1104 32 19 att

188 1135 86 21 erhålla
296 1135 51 21 fullt
369 1135 105 26 vederlag
496 1135 34 21 för
552 1135 27 21 de
602 1136 64 25 ängs-
689 1135 44 22 och
756 1135 72 21 andra
844 1136 97 26 marker,

187 1169 79 21 hvilka
285 1169 147 21 derförinnan
448 1169 122 28 underlydt
585 1169 141 26 lägenheten,
742 1176 53 14 men
811 1170 38 21 vid
865 1170 77 21 skiftet

187 1203 117 27 frånginge
319 1203 146 26 densamma;
482 1206 32 18 att
529 1203 166 27 lägenheterna,
711 1210 38 14 om
765 1203 28 21 de
806 1204 35 21 för
851 1204 90 21 evärde-

187 1238 45 25 liga
253 1238 59 20 tider
333 1237 126 21 bibehölles
482 1237 38 20 vid
543 1237 142 20 häfderätten
707 1238 34 19 till
762 1237 86 21 sådana
864 1239 77 24 ängar,

188 1277 50 14 som
260 1271 40 20 vid
321 1270 75 21 skiftet
419 1271 92 20 komme
534 1272 32 19 att
590 1270 53 20 falla
663 1270 65 21 inom
751 1270 161 27 kronojorden,
934 1271 7 20 i

188 1305 79 26 sjelfva
282 1305 78 20 verket
375 1304 72 21 skulle
463 1304 87 20 erhålla
564 1310 63 15 mera
640 1303 58 27 jord,
715 1305 30 20 än
760 1304 52 21 dem
826 1305 69 26 enligt
905 1305 36 20 de-

188 1345 36 15 ras
247 1339 87 20 mantal
355 1338 113 26 tillborde,
492 1339 54 20 enär
566 1345 28 14 en
621 1338 113 27 evärdelig
757 1338 114 21 häfderätt
890 1338 51 27 föga

188 1373 81 28 skiljde
291 1373 33 28 sig
342 1373 50 21 från
408 1373 85 26 verklig
509 1373 144 26 eganderätt;
669 1375 31 18 att
716 1373 225 27 lägenhetsegarenes

189 1409 94 21 intresse
303 1411 32 18 att
355 1407 23 21 åt
393 1407 33 27 sig
441 1407 102 29 uppodla
559 1408 123 27 ängsmark
696 1408 65 21 inom
778 1413 57 22 egna
851 1408 91 28 egoråer

189 1444 73 22 skulle
291 1449 82 21 genom
398 1443 68 21 ofvan
486 1442 125 22 omordade
626 1442 183 28 besittningsrätt
824 1443 117 28 försvagas

256 1483 48 23 Lag-
317 1483 32 18 och
361 1482 182 19 Ekonomiutskottets
556 1482 109 18 betänkande
676 1482 38 18 N:o
727 1483 17 17 8.
