1034 1720
63 770 20 19 R.
95 771 21 18 B.
130 772 26 17 10:
170 773 14 16 1.

231 149 12 19 2
400 147 83 23 Ständ.
498 146 38 23 Sv.
553 159 25 3 —
594 147 72 27 Prop.
681 146 41 22 N:o
737 146 21 22 2.

201 212 76 28 grafer
291 213 8 20 i
315 212 219 29 rättegångsbalken,
550 212 84 28 förslag
648 211 35 22 till
693 211 134 29 förordning
838 211 117 28 angående

202 247 178 29 stämningsmän
400 249 59 19 samt
481 247 85 28 förslag
587 247 34 21 till
643 246 134 29 förordning
799 245 156 23 innefattande

202 282 110 22 särskilda
333 282 169 28 bestämningar
525 289 36 14 om
576 281 209 28 ändringssökande
800 281 8 21 i
822 281 132 22 underrätts

202 317 77 22 domar
295 318 43 21 och
352 317 81 29 utslag.

269 352 47 22 Vid
331 352 171 29 granskningen
517 352 24 21 af
553 351 98 22 nämnda
665 354 34 19 tre
715 351 86 28 förslag
810 351 70 21 hafva
891 351 64 22 Stän-

202 387 69 22 derna
285 387 9 21 i
307 386 132 22 hufvudsak
453 387 102 28 godkänt
571 387 119 25 desamma,
701 386 70 22 likväl
781 386 52 21 med
845 385 111 22 särskilda

201 421 122 29 ändringar
339 421 42 21 och
395 421 86 29 tillägg,
497 421 35 21 för
547 421 77 22 hvilka
635 420 127 22 Ständerna
772 420 94 28 utbedja
877 421 36 28 sig
922 423 33 19 att

200 456 30 26 få,
246 456 69 22 skildt
329 455 141 22 beträffande
484 455 79 29 hvarje
578 454 239 30 författningsförslag,
828 455 41 21 här
880 455 75 21 nedan

200 491 117 29 redogöra.

465 629 90 29 Förslag
562 629 34 24 till
606 629 131 28 förordning
745 629 114 28 angående
869 629 84 24 ändrad

407 664 82 29 lydelse
500 664 28 23 af
534 664 112 23 särskilda
654 663 133 30 paragrafer
797 664 5 22 i
812 665 141 28 rättegångs-

407 699 86 22 balken.

271 767 78 29 Enligt
365 767 44 22 den
423 767 83 30 nådiga
521 767 171 30 propositionen
707 767 72 22 skulle
793 767 9 22 i
817 770 11 19 1
841 768 13 29 $
865 770 26 19 10
902 768 51 29 kap.

199 803 28 22 R.
243 803 26 21 B.
285 803 88 28 intagas
389 803 124 28 stadgande
530 803 82 25 derom,
628 805 33 19 att
675 802 60 22 finsk
750 810 59 19 man,
825 811 48 13 som
883 803 70 22 vistas

200 840 12 19 å
227 837 129 26 utrikesort,
372 838 76 21 kunde
463 837 36 22 för
513 838 54 28 gäld
582 837 52 22 eller
649 837 8 21 i
673 839 68 19 annat
756 837 116 22 tvistemål
887 838 66 21 sökas

199 872 69 22 äfven
283 872 40 22 der
337 872 46 21 han
397 872 62 21 inom
473 872 77 22 landet
566 874 75 20 senast
656 867 67 36 varit,
739 871 85 26 boende,
836 872 119 21 äfvensom

200 910 38 22 att,
255 906 74 22 derest
343 906 60 22 finsk
418 914 52 13 man
479 906 59 22 hade
549 906 39 22 sitt
596 906 99 22 hemvist
705 906 62 21 inom
774 906 179 28 Kejsaredömet,

198 942 46 20 han
265 941 53 22 med
336 944 51 25 eget
405 942 117 27 samtycke
536 941 61 28 finge
612 943 105 19 stämmas
732 941 35 21 till
781 940 96 30 behörig
893 941 60 21 dom-

200 976 43 21 stol
257 976 9 21 i
280 975 104 25 Finland,
407 976 97 21 hvarvid
522 975 39 22 det
576 974 60 26 aftal,
653 982 48 14 som
716 978 104 26 parterne
837 976 94 21 emellan
946 976 8 21 i

200 1010 79 22 sådant
302 1010 60 28 syfte
384 1010 111 28 inginges,
517 1010 71 22 borde
611 1009 130 29 skriftligen
762 1012 117 26 upprättas
902 1010 52 21 med

199 1047 130 27 noggrannt
348 1045 129 21 utsättande
493 1044 25 22 af
530 1044 81 28 sjelfva
634 1044 70 21 saken
725 1044 44 21 och
791 1044 110 22 inlemnas
920 1044 34 22 till

200 1079 126 22 domstolen
341 1078 115 30 samtidigt
470 1079 52 22 med
538 1078 233 28 stämningsansökan.

267 1114 74 21 Dessa
355 1114 169 28 bestämningar
540 1120 68 22 synas
623 1113 124 22 emellertid
761 1120 55 14 vara
827 1113 126 22 sväfvande

199 1148 42 22 och
256 1149 78 21 kunna
349 1148 116 22 föranleda
479 1148 35 22 till
529 1148 118 22 osäkerhet
656 1148 41 22 vid
706 1148 179 28 tillämpningen.
909 1148 44 21 En-

198 1183 43 29 ligt
256 1186 11 18 1
284 1183 14 29 &
315 1185 26 19 10
363 1183 52 29 kap.
430 1183 27 21 R.
473 1183 28 21 B.
516 1185 68 26 utgör
599 1190 28 14 en
645 1190 94 21 persons
755 1182 75 22 forum
845 1182 108 22 domicilii

198 1218 44 21 den
264 1220 50 23 rätt,
339 1217 112 21 derunder
473 1218 46 21 han
537 1217 39 21 sitt
590 1216 29 22 bo
636 1218 43 20 och
693 1216 99 22 hemvist
807 1216 86 26 hafver,
910 1218 43 21 och

198 1252 71 26 enligt
289 1251 76 27 praxis
383 1260 65 12 anses
463 1259 94 14 numera
570 1251 9 20 i
593 1252 78 26 regeln
686 1259 29 13 en
730 1258 83 20 person
828 1252 71 21 hafva
914 1252 39 20 sitt

197 1286 29 20 bo
249 1285 43 20 och
313 1284 98 22 hemvist
427 1286 12 19 ä
455 1285 43 20 den
522 1287 41 22 ort,
586 1284 39 21 der
644 1285 46 20 han
705 1288 24 17 är
743 1284 209 22 mantalsskrifven.

196 1319 37 21 De
254 1319 73 21 finske
349 1319 153 28 medborgare,
524 1317 78 22 hvilka
619 1318 70 21 vistas
705 1318 8 21 i
727 1318 122 29 Ryssland,
865 1319 66 20 torde
945 1319 9 20 i

197 1353 121 22 allmänhet
337 1352 194 29 fortsättningsvis
553 1353 194 22 mantalsskrifvas
771 1352 62 23 inom
855 1353 98 22 Finland

197 1391 58 19 samt
276 1388 120 28 uppehälla
411 1388 36 29 sig
461 1388 8 21 i
483 1387 172 29 Kejsaredömet
669 1390 30 26 pä
713 1388 76 29 grund
805 1388 25 22 af
843 1396 60 21 pass,
919 1391 33 19 ut-

196 1423 93 22 färdade
305 1423 26 21 af
342 1423 170 23 vederbörande
534 1425 124 27 guvernör;
675 1423 43 21 och
733 1423 28 21 dä
777 1424 86 21 sädane
879 1423 73 22 finske

196 1458 155 28 medborgare,
360 1458 69 29 enligt
437 1466 56 20 nyss
504 1458 94 22 anförda
610 1458 192 29 domstolspraxis,
814 1458 50 22 icke
875 1458 77 22 kunde
