1034 1709
219 125 13 20 4
532 123 40 22 N:o
588 124 19 20 5.

190 191 85 27 besörja
291 190 166 22 verkställandet
472 190 24 22 af
509 191 100 27 frivilliga
621 191 120 27 auktioner,
753 192 24 20 så
788 191 39 21 ock
838 197 34 15 om
883 191 61 21 deras

190 225 123 34 skyldighet
328 227 33 19 att
376 225 114 27 uppehålla
506 225 153 21 auktionsverk
674 225 55 21 skall
745 225 106 27 upphöra.

258 254 30 27 Är
304 259 54 21 dock
373 258 33 22 för
421 259 133 21 närvarande
569 259 7 21 i
591 258 71 28 någon
677 259 48 21 stad
739 260 95 21 ledamot
845 260 24 21 af
877 260 66 26 magi-

189 296 83 20 straten
292 294 52 21 eller
364 300 69 14 annan
448 294 87 20 stadens
551 294 129 26 tjensteman
695 293 147 22 tillförsäkrad
859 294 62 21 andel
937 294 6 20 i

191 329 39 21 den
254 328 174 22 auktionsverket
450 334 74 20 genom
548 328 59 21 äldre
626 327 150 28 författningar
791 328 90 27 tillagda
896 334 48 21 pro-

190 363 67 22 vision
273 362 52 22 eller
341 368 69 16 annan
428 362 67 26 afgift,
512 362 40 22 och
567 362 40 21 har
622 362 42 21 han
680 362 19 27 ej
716 362 47 22 med
779 363 74 21 staden
867 368 78 16 annor-

190 397 64 22 lunda
272 396 198 27 öfverenskommit,
490 396 27 21 då
535 398 41 25 må,
593 396 23 22 så
632 397 63 27 länge
711 398 67 20 sådan
795 398 128 26 tjensteman
938 397 7 21 i

189 433 32 20 sin
240 432 121 21 nuvarande
380 431 119 27 befattning
515 431 104 27 qvarstår,
635 431 101 27 frivilliga
751 432 112 21 auktioner
879 433 6 20 i
901 434 44 19 sta-

190 466 41 22 den
253 466 69 21 hållas
346 466 76 21 endast
444 465 23 21 af
483 466 176 21 auktionsverket
673 468 56 19 samt
745 465 88 27 afgiften
850 466 34 21 för
898 472 47 15 ver-

189 501 47 21 kets
256 500 113 22 underhåll
384 500 118 28 uppbäras;
518 500 38 22 och
573 500 60 28 skall,
650 501 76 21 medan
743 501 36 21 det
794 500 151 22 auktionsverk

190 536 90 21 sålunda
296 535 163 27 upprätthälles,
476 534 111 27 angående
603 541 75 15 ansvar
694 535 39 21 och
750 535 55 27 öfrig
820 535 81 27 påföljd
912 535 33 21 för

190 569 81 27 olofligt
291 570 136 21 anställande
446 569 22 21 af
482 570 87 21 auktion
585 570 6 20 i
607 569 76 22 staden
697 570 58 26 gälla
769 570 56 21 hvad
839 569 105 22 härförin-

189 610 43 16 nan
248 604 33 21 för
297 604 59 27 dylik
371 604 154 22 öfverträdelse
541 604 104 27 stadgats.

396 702 82 26 Förslag
498 702 29 21 till
546 701 115 27 förordning
677 701 107 28 angäende
801 702 108 21 utöfvande
925 702 20 21 af

326 742 254 28 auktionsförrättareyrke
596 742 5 20 i
616 742 55 22 stad.

545 804 11 28 8
575 806 17 20 1.

258 844 26 28 Ej
302 844 36 23 mä
357 846 69 27 nägon
442 845 7 21 i
465 845 48 22 stad
533 844 68 23 säsom
620 845 52 28 yrke
687 845 73 23 utöfva
775 845 132 23 förrättande
923 844 23 24 af

190 880 119 28 auktioner,
332 880 64 22 innan
418 880 43 21 han
485 880 70 22 dertill
577 881 101 21 utverkat
697 880 32 28 sig
744 880 98 23 tillstånd
857 881 28 28 pä
900 883 45 20 sätt

188 915 70 22 nedan
277 916 56 26 sägs.
364 914 82 22 Sådant
464 915 97 21 tillstånd
580 914 35 22 mä
631 915 39 21 ock
685 915 108 22 meddelas
809 916 70 27 bolag,
895 916 49 21 med

189 950 69 21 vilkor
280 951 32 20 att
335 950 96 27 antaglig
446 950 147 21 föreståndare
608 949 33 22 för
657 950 106 22 rörelsens
779 950 166 22 handhafvande

189 984 80 22 ställes.
298 984 75 22 Under
396 984 112 22 enahanda
532 985 68 21 vilkor
623 991 38 20 ege
681 985 196 27 stadskommunen,
892 988 53 19 utan

189 1019 102 21 särskildt
307 1019 104 27 tillstånd,
428 1020 43 20 rätt
481 1021 33 19 att
525 1019 48 27 sjelf
583 1018 73 22 utöfva
668 1020 277 27 auktionsförrättareyrke.

256 1053 41 22 Till
325 1053 78 22 allmän
431 1054 214 21 auktionsförrättare
668 1054 51 21 eller
742 1054 147 22 föreståndare
912 1054 33 22 för

188 1088 188 26 auktionsrörelse,
398 1094 45 15 som
467 1088 22 22 af
510 1088 102 22 kommun
635 1088 53 22 eller
702 1088 64 28 bolag
782 1088 112 27 bedrifves,
910 1089 35 20 må

188 1124 92 24 antagas
300 1122 76 21 endast
394 1122 55 21 finsk
469 1122 145 27 medborgare,
635 1128 45 15 som
696 1123 63 21 råder
774 1122 59 22 öfver
849 1122 33 28 sig
897 1122 50 27 sjelf

187 1157 40 21 och
242 1156 32 22 sin
290 1156 103 27 egendom
408 1158 55 20 samt
478 1163 76 21 genom
565 1156 57 22 känd
637 1157 52 21 eller
700 1157 109 22 vitsordad
821 1156 122 24 redbarhet,

188 1191 122 27 pålitlighet
326 1191 38 21 och
380 1191 68 27 öfriga
464 1192 132 27 egenskaper
607 1191 99 27 erbjuder
716 1192 117 26 tillräcklig
844 1191 101 22 säkerhet

189 1226 33 21 för
240 1226 73 26 yrkets
330 1228 175 25 samvetsgranna
521 1226 122 22 utöfvande.
672 1226 67 22 Idkar
755 1226 122 27 aktiebolag
892 1226 53 21 auk-

187 1260 231 26 tionsförrättareyrke,
443 1260 55 20 skall
522 1260 47 21 dess
584 1260 88 26 styrelse
688 1260 64 21 hafva
767 1260 38 21 sitt
820 1262 47 19 säte
881 1260 7 20 i
901 1262 44 18 sta-

189 1294 39 20 den
244 1293 40 21 och
299 1292 61 22 bestä
376 1293 23 20 af
412 1293 67 21 finske
495 1294 147 26 medborgare.

542 1356 11 28 8
569 1358 19 20 2.

254 1397 107 22 Tillständ
376 1396 33 23 till
424 1396 93 23 idkande
528 1396 23 22 af
560 1397 278 28 auktionsförrättareyrke,
847 1397 53 23 eller
911 1400 32 20 att

187 1438 51 16 vara
253 1431 149 23 föreständare
417 1432 33 21 för
466 1432 187 28 auktionsrörelse,
669 1438 44 16 som
725 1432 104 22 bedrifves
841 1432 24 22 af
873 1434 68 20 stads-
