<?xml version="1.0" encoding="UTF-8"?>
<alto xmlns="http://www.loc.gov/standards/alto/ns-v3#" xmlns:xlink="http://www.w3.org/1999/xlink" xmlns:xsi="http://www.w3.org/2001/XMLSchema-instance" xsi:schemaLocation="http://www.loc.gov/standards/alto/ns-v3# http://www.loc.gov/alto/v3/alto-3-0.xsd">
	<Description>
		<MeasurementUnit>pixel</MeasurementUnit>
		<sourceImageInformation>
			<fileName>/tmp/tess__5rz5cqp_input.PNG</fileName>
		</sourceImageInformation>
		<OCRProcessing ID="OCR_0">
			<ocrProcessingStep>
				<processingSoftware>
					<softwareName>tesseract 5.3.4</softwareName>
				</processingSoftware>
			</ocrProcessingStep>
		</OCRProcessing>
	</Description>
	<Layout>
		<Page WIDTH="1034" HEIGHT="1706" PHYSICAL_IMG_NR="0" ID="page_0">
			<PrintSpace HPOS="0" VPOS="0" WIDTH="1034" HEIGHT="1706">
				<ComposedBlock ID="cblock_0" HPOS="190" VPOS="144" WIDTH="529" HEIGHT="28">
					<TextBlock ID="block_0" HPOS="190" VPOS="144" WIDTH="529" HEIGHT="28">
						<TextLine ID="line_0" HPOS="190" VPOS="144" WIDTH="529" HEIGHT="28">
							<String ID="string_0" HPOS="190" VPOS="146" WIDTH="28" HEIGHT="20" WC="0.96" CONTENT="26"/><SP WIDTH="197" VPOS="146" HPOS="218"/>
							<String ID="string_1" HPOS="415" VPOS="144" WIDTH="29" HEIGHT="22" WC="0.93" CONTENT="U."/><SP WIDTH="15" VPOS="144" HPOS="444"/>
							<String ID="string_2" HPOS="459" VPOS="145" WIDTH="29" HEIGHT="21" WC="0.92" CONTENT="B."/><SP WIDTH="15" VPOS="145" HPOS="488"/>
							<String ID="string_3" HPOS="503" VPOS="157" WIDTH="29" HEIGHT="2" WC="0.93" CONTENT="—"/><SP WIDTH="14" VPOS="157" HPOS="532"/>
							<String ID="string_4" HPOS="546" VPOS="144" WIDTH="74" HEIGHT="28" WC="0.95" CONTENT="Prop."/><SP WIDTH="17" VPOS="144" HPOS="620"/>
							<String ID="string_5" HPOS="637" VPOS="144" WIDTH="44" HEIGHT="22" WC="0.95" CONTENT="N:o"/><SP WIDTH="15" VPOS="144" HPOS="681"/>
							<String ID="string_6" HPOS="696" VPOS="144" WIDTH="23" HEIGHT="22" WC="0.96" CONTENT="4."/>
						</TextLine>
					</TextBlock>
				</ComposedBlock>
				<ComposedBlock ID="cblock_1" HPOS="189" VPOS="212" WIDTH="761" HEIGHT="1288">
					<TextBlock ID="block_1" HPOS="189" VPOS="212" WIDTH="761" HEIGHT="1288">
						<TextLine ID="line_1" HPOS="190" VPOS="212" WIDTH="754" HEIGHT="27">
							<String ID="string_7" HPOS="190" VPOS="212" WIDTH="51" HEIGHT="20" WC="0.92" CONTENT="icke"/><SP WIDTH="16" VPOS="212" HPOS="241"/>
							<String ID="string_8" HPOS="257" VPOS="212" WIDTH="71" HEIGHT="20" WC="0.96" CONTENT="heller"/><SP WIDTH="15" VPOS="212" HPOS="328"/>
							<String ID="string_9" HPOS="343" VPOS="214" WIDTH="32" HEIGHT="18" WC="0.93" CONTENT="att"/><SP WIDTH="19" VPOS="214" HPOS="375"/>
							<String ID="string_10" HPOS="394" VPOS="212" WIDTH="91" HEIGHT="26" WC="0.91" CONTENT="frägans"/><SP WIDTH="21" VPOS="212" HPOS="485"/>
							<String ID="string_11" HPOS="506" VPOS="212" WIDTH="123" HEIGHT="26" WC="0.91" CONTENT="afgörande"/><SP WIDTH="20" VPOS="212" HPOS="629"/>
							<String ID="string_12" HPOS="649" VPOS="212" WIDTH="106" HEIGHT="27" WC="0.90" CONTENT="erbjuder"/><SP WIDTH="21" VPOS="212" HPOS="755"/>
							<String ID="string_13" HPOS="776" VPOS="212" WIDTH="61" HEIGHT="20" WC="0.93" CONTENT="vissa"/><SP WIDTH="25" VPOS="212" HPOS="837"/>
							<String ID="string_14" HPOS="862" VPOS="212" WIDTH="82" HEIGHT="26" WC="0.92" CONTENT="svärig-"/>
						</TextLine>
						<TextLine ID="line_2" HPOS="190" VPOS="245" WIDTH="755" HEIGHT="27">
							<String ID="string_15" HPOS="190" VPOS="246" WIDTH="70" HEIGHT="20" WC="0.92" CONTENT="heter."/><SP WIDTH="31" VPOS="246" HPOS="260"/>
							<String ID="string_16" HPOS="291" VPOS="246" WIDTH="75" HEIGHT="20" WC="0.92" CONTENT="Ofvan"/><SP WIDTH="23" VPOS="246" HPOS="366"/>
							<String ID="string_17" HPOS="389" VPOS="246" WIDTH="43" HEIGHT="20" WC="0.91" CONTENT="har"/><SP WIDTH="24" VPOS="246" HPOS="432"/>
							<String ID="string_18" HPOS="456" VPOS="246" WIDTH="116" HEIGHT="20" WC="0.90" CONTENT="allaredan"/><SP WIDTH="25" VPOS="246" HPOS="572"/>
							<String ID="string_19" HPOS="597" VPOS="246" WIDTH="92" HEIGHT="26" WC="0.92" CONTENT="antydts"/><SP WIDTH="25" VPOS="246" HPOS="689"/>
							<String ID="string_20" HPOS="714" VPOS="248" WIDTH="32" HEIGHT="19" WC="0.96" CONTENT="att"/><SP WIDTH="25" VPOS="248" HPOS="746"/>
							<String ID="string_21" HPOS="771" VPOS="246" WIDTH="40" HEIGHT="20" WC="0.89" CONTENT="139"/><SP WIDTH="22" VPOS="246" HPOS="811"/>
							<String ID="string_22" HPOS="833" VPOS="246" WIDTH="13" HEIGHT="26" WC="0.70" CONTENT="$"/><SP WIDTH="24" VPOS="246" HPOS="846"/>
							<String ID="string_23" HPOS="870" VPOS="245" WIDTH="7" HEIGHT="20" WC="0.93" CONTENT="i"/><SP WIDTH="23" VPOS="245" HPOS="877"/>
							<String ID="string_24" HPOS="900" VPOS="246" WIDTH="45" HEIGHT="25" WC="0.92" CONTENT="gäl-"/>
						</TextLine>
						<TextLine ID="line_3" HPOS="192" VPOS="279" WIDTH="753" HEIGHT="27">
							<String ID="string_25" HPOS="192" VPOS="280" WIDTH="68" HEIGHT="20" WC="0.92" CONTENT="lande"/><SP WIDTH="20" VPOS="280" HPOS="260"/>
							<String ID="string_26" HPOS="280" VPOS="279" WIDTH="291" HEIGHT="27" WC="0.92" CONTENT="Landtmäterireglemente"/><SP WIDTH="16" VPOS="279" HPOS="571"/>
							<String ID="string_27" HPOS="587" VPOS="280" WIDTH="91" HEIGHT="26" WC="0.91" CONTENT="medger"/><SP WIDTH="15" VPOS="280" HPOS="678"/>
							<String ID="string_28" HPOS="693" VPOS="282" WIDTH="32" HEIGHT="19" WC="0.96" CONTENT="att"/><SP WIDTH="15" VPOS="282" HPOS="725"/>
							<String ID="string_29" HPOS="740" VPOS="280" WIDTH="44" HEIGHT="20" WC="0.96" CONTENT="den"/><SP WIDTH="16" VPOS="280" HPOS="784"/>
							<String ID="string_30" HPOS="800" VPOS="280" WIDTH="60" HEIGHT="20" WC="0.93" CONTENT="areal"/><SP WIDTH="17" VPOS="280" HPOS="860"/>
							<String ID="string_31" HPOS="877" VPOS="280" WIDTH="68" HEIGHT="20" WC="0.93" CONTENT="skatt-"/>
						</TextLine>
						<TextLine ID="line_4" HPOS="191" VPOS="314" WIDTH="753" HEIGHT="26">
							<String ID="string_32" HPOS="191" VPOS="314" WIDTH="41" HEIGHT="20" WC="0.96" CONTENT="bar"/><SP WIDTH="18" VPOS="314" HPOS="232"/>
							<String ID="string_33" HPOS="250" VPOS="314" WIDTH="74" HEIGHT="26" WC="0.96" CONTENT="mark,"/><SP WIDTH="22" VPOS="314" HPOS="324"/>
							<String ID="string_34" HPOS="346" VPOS="320" WIDTH="50" HEIGHT="14" WC="0.96" CONTENT="som"/><SP WIDTH="15" VPOS="320" HPOS="396"/>
							<String ID="string_35" HPOS="411" VPOS="314" WIDTH="43" HEIGHT="20" WC="0.96" CONTENT="bör"/><SP WIDTH="15" VPOS="314" HPOS="454"/>
							<String ID="string_36" HPOS="469" VPOS="314" WIDTH="35" HEIGHT="20" WC="0.96" CONTENT="för"/><SP WIDTH="15" VPOS="314" HPOS="504"/>
							<String ID="string_37" HPOS="519" VPOS="316" WIDTH="30" HEIGHT="18" WC="0.96" CONTENT="ett"/><SP WIDTH="15" VPOS="316" HPOS="549"/>
							<String ID="string_38" HPOS="564" VPOS="314" WIDTH="47" HEIGHT="20" WC="0.96" CONTENT="helt"/><SP WIDTH="15" VPOS="314" HPOS="611"/>
							<String ID="string_39" HPOS="626" VPOS="314" WIDTH="86" HEIGHT="20" WC="0.96" CONTENT="mantal"/><SP WIDTH="16" VPOS="314" HPOS="712"/>
							<String ID="string_40" HPOS="728" VPOS="314" WIDTH="114" HEIGHT="20" WC="0.93" CONTENT="beräknas"/><SP WIDTH="15" VPOS="314" HPOS="842"/>
							<String ID="string_41" HPOS="857" VPOS="326" WIDTH="28" HEIGHT="2" WC="0.92" CONTENT="—"/><SP WIDTH="15" VPOS="326" HPOS="885"/>
							<String ID="string_42" HPOS="900" VPOS="314" WIDTH="44" HEIGHT="20" WC="0.96" CONTENT="och"/>
						</TextLine>
						<TextLine ID="line_5" HPOS="191" VPOS="348" WIDTH="754" HEIGHT="26">
							<String ID="string_43" HPOS="191" VPOS="348" WIDTH="95" HEIGHT="20" WC="0.96" CONTENT="hvilken"/><SP WIDTH="22" VPOS="348" HPOS="286"/>
							<String ID="string_44" HPOS="308" VPOS="348" WIDTH="60" HEIGHT="20" WC="0.95" CONTENT="areal"/><SP WIDTH="23" VPOS="348" HPOS="368"/>
							<String ID="string_45" HPOS="391" VPOS="348" WIDTH="7" HEIGHT="20" WC="0.93" CONTENT="i"/><SP WIDTH="23" VPOS="348" HPOS="398"/>
							<String ID="string_46" HPOS="421" VPOS="348" WIDTH="126" HEIGHT="20" WC="0.95" CONTENT="allmänhet"/><SP WIDTH="20" VPOS="348" HPOS="547"/>
							<String ID="string_47" HPOS="567" VPOS="348" WIDTH="88" HEIGHT="26" WC="0.96" CONTENT="uppgår"/><SP WIDTH="17" VPOS="348" HPOS="655"/>
							<String ID="string_48" HPOS="672" VPOS="348" WIDTH="34" HEIGHT="20" WC="0.96" CONTENT="till"/><SP WIDTH="15" VPOS="348" HPOS="706"/>
							<String ID="string_49" HPOS="721" VPOS="349" WIDTH="43" HEIGHT="19" WC="0.96" CONTENT="600"/><SP WIDTH="15" VPOS="349" HPOS="764"/>
							<String ID="string_50" HPOS="779" VPOS="349" WIDTH="13" HEIGHT="19" WC="0.58" CONTENT="a"/><SP WIDTH="17" VPOS="349" HPOS="792"/>
							<String ID="string_51" HPOS="809" VPOS="348" WIDTH="54" HEIGHT="20" WC="0.93" CONTENT="1200"/><SP WIDTH="15" VPOS="348" HPOS="863"/>
							<String ID="string_52" HPOS="878" VPOS="350" WIDTH="67" HEIGHT="18" WC="0.91" CONTENT="tunn-"/>
						</TextLine>
						<TextLine ID="line_6" HPOS="191" VPOS="381" WIDTH="754" HEIGHT="27">
							<String ID="string_53" HPOS="191" VPOS="382" WIDTH="62" HEIGHT="26" WC="0.96" CONTENT="land,"/><SP WIDTH="23" VPOS="382" HPOS="253"/>
							<String ID="string_54" HPOS="276" VPOS="389" WIDTH="54" HEIGHT="13" WC="0.96" CONTENT="men"/><SP WIDTH="22" VPOS="389" HPOS="330"/>
							<String ID="string_55" HPOS="352" VPOS="382" WIDTH="8" HEIGHT="20" WC="0.95" CONTENT="i"/><SP WIDTH="20" VPOS="382" HPOS="360"/>
							<String ID="string_56" HPOS="380" VPOS="382" WIDTH="61" HEIGHT="20" WC="0.95" CONTENT="vissa"/><SP WIDTH="20" VPOS="382" HPOS="441"/>
							<String ID="string_57" HPOS="461" VPOS="381" WIDTH="62" HEIGHT="21" WC="0.96" CONTENT="delar"/><SP WIDTH="16" VPOS="381" HPOS="523"/>
							<String ID="string_58" HPOS="539" VPOS="382" WIDTH="24" HEIGHT="20" WC="0.96" CONTENT="af"/><SP WIDTH="13" VPOS="382" HPOS="563"/>
							<String ID="string_59" HPOS="576" VPOS="382" WIDTH="77" HEIGHT="20" WC="0.95" CONTENT="landet"/><SP WIDTH="14" VPOS="382" HPOS="653"/>
							<String ID="string_60" HPOS="667" VPOS="382" WIDTH="34" HEIGHT="20" WC="0.95" CONTENT="till"/><SP WIDTH="17" VPOS="382" HPOS="701"/>
							<String ID="string_61" HPOS="718" VPOS="383" WIDTH="54" HEIGHT="20" WC="0.93" CONTENT="1700"/><SP WIDTH="15" VPOS="383" HPOS="772"/>
							<String ID="string_62" HPOS="787" VPOS="382" WIDTH="114" HEIGHT="20" WC="0.92" CONTENT="tunnland"/><SP WIDTH="15" VPOS="382" HPOS="901"/>
							<String ID="string_63" HPOS="916" VPOS="394" WIDTH="29" HEIGHT="2" WC="0.92" CONTENT="—"/>
						</TextLine>
						<TextLine ID="line_7" HPOS="191" VPOS="416" WIDTH="753" HEIGHT="27">
							<String ID="string_64" HPOS="191" VPOS="416" WIDTH="35" HEIGHT="20" WC="0.93" CONTENT="för"/><SP WIDTH="15" VPOS="416" HPOS="226"/>
							<String ID="string_65" HPOS="241" VPOS="416" WIDTH="175" HEIGHT="27" WC="0.90" CONTENT="ifrägavarande"/><SP WIDTH="16" VPOS="416" HPOS="416"/>
							<String ID="string_66" HPOS="432" VPOS="416" WIDTH="98" HEIGHT="20" WC="0.91" CONTENT="socknar"/><SP WIDTH="17" VPOS="416" HPOS="530"/>
							<String ID="string_67" HPOS="547" VPOS="416" WIDTH="46" HEIGHT="20" WC="0.93" CONTENT="kan"/><SP WIDTH="17" VPOS="416" HPOS="593"/>
							<String ID="string_68" HPOS="610" VPOS="416" WIDTH="64" HEIGHT="27" WC="0.92" CONTENT="höjas"/><SP WIDTH="16" VPOS="416" HPOS="674"/>
							<String ID="string_69" HPOS="690" VPOS="416" WIDTH="33" HEIGHT="20" WC="0.96" CONTENT="till"/><SP WIDTH="16" VPOS="416" HPOS="723"/>
							<String ID="string_70" HPOS="739" VPOS="416" WIDTH="99" HEIGHT="27" WC="0.93" CONTENT="följande"/><SP WIDTH="16" VPOS="416" HPOS="838"/>
							<String ID="string_71" HPOS="854" VPOS="416" WIDTH="90" HEIGHT="27" WC="0.91" CONTENT="belopp,"/>
						</TextLine>
						<TextLine ID="line_8" HPOS="191" VPOS="450" WIDTH="754" HEIGHT="26">
							<String ID="string_72" HPOS="191" VPOS="450" WIDTH="125" HEIGHT="26" WC="0.96" CONTENT="nämligen:"/><SP WIDTH="26" VPOS="450" HPOS="316"/>
							<String ID="string_73" HPOS="342" VPOS="450" WIDTH="34" HEIGHT="20" WC="0.96" CONTENT="för"/><SP WIDTH="24" VPOS="450" HPOS="376"/>
							<String ID="string_74" HPOS="400" VPOS="450" WIDTH="118" HEIGHT="21" WC="0.96" CONTENT="Kuusamo"/><SP WIDTH="16" VPOS="450" HPOS="518"/>
							<String ID="string_75" HPOS="534" VPOS="450" WIDTH="44" HEIGHT="21" WC="0.93" CONTENT="och"/><SP WIDTH="17" VPOS="450" HPOS="578"/>
							<String ID="string_76" HPOS="595" VPOS="450" WIDTH="135" HEIGHT="26" WC="0.91" CONTENT="Kemiträsk,"/><SP WIDTH="15" VPOS="450" HPOS="730"/>
							<String ID="string_77" HPOS="745" VPOS="450" WIDTH="85" HEIGHT="21" WC="0.92" CONTENT="liksom"/><SP WIDTH="15" VPOS="450" HPOS="830"/>
							<String ID="string_78" HPOS="845" VPOS="450" WIDTH="35" HEIGHT="20" WC="0.93" CONTENT="för"/><SP WIDTH="16" VPOS="450" HPOS="880"/>
							<String ID="string_79" HPOS="896" VPOS="450" WIDTH="49" HEIGHT="20" WC="0.91" CONTENT="Pal-"/>
						</TextLine>
						<TextLine ID="line_9" HPOS="190" VPOS="484" WIDTH="754" HEIGHT="27">
							<String ID="string_80" HPOS="190" VPOS="484" WIDTH="78" HEIGHT="27" WC="0.89" CONTENT="damo,"/><SP WIDTH="24" VPOS="484" HPOS="268"/>
							<String ID="string_81" HPOS="292" VPOS="484" WIDTH="116" HEIGHT="26" WC="0.96" CONTENT="Sotkamo,"/><SP WIDTH="19" VPOS="484" HPOS="408"/>
							<String ID="string_82" HPOS="427" VPOS="484" WIDTH="156" HEIGHT="27" WC="0.96" CONTENT="Hyrynsalmi,"/><SP WIDTH="16" VPOS="484" HPOS="583"/>
							<String ID="string_83" HPOS="599" VPOS="484" WIDTH="134" HEIGHT="27" WC="0.96" CONTENT="Pudasjärvi"/><SP WIDTH="16" VPOS="484" HPOS="733"/>
							<String ID="string_84" HPOS="749" VPOS="485" WIDTH="44" HEIGHT="20" WC="0.96" CONTENT="och"/><SP WIDTH="16" VPOS="485" HPOS="793"/>
							<String ID="string_85" HPOS="809" VPOS="484" WIDTH="135" HEIGHT="21" WC="0.96" CONTENT="Rovaniemi"/>
						</TextLine>
						<TextLine ID="line_10" HPOS="191" VPOS="518" WIDTH="753" HEIGHT="27">
							<String ID="string_86" HPOS="191" VPOS="519" WIDTH="107" HEIGHT="26" WC="0.92" CONTENT="socknar,"/><SP WIDTH="21" VPOS="519" HPOS="298"/>
							<String ID="string_87" HPOS="319" VPOS="518" WIDTH="34" HEIGHT="21" WC="0.96" CONTENT="till"/><SP WIDTH="16" VPOS="518" HPOS="353"/>
							<String ID="string_88" HPOS="369" VPOS="519" WIDTH="55" HEIGHT="20" WC="0.92" CONTENT="3000"/><SP WIDTH="15" VPOS="519" HPOS="424"/>
							<String ID="string_89" HPOS="439" VPOS="518" WIDTH="120" HEIGHT="26" WC="0.92" CONTENT="tunnland,"/><SP WIDTH="16" VPOS="518" HPOS="559"/>
							<String ID="string_90" HPOS="575" VPOS="518" WIDTH="161" HEIGHT="21" WC="0.96" CONTENT="motsvarande"/><SP WIDTH="17" VPOS="518" HPOS="736"/>
							<String ID="string_91" HPOS="753" VPOS="519" WIDTH="60" HEIGHT="26" WC="0.96" CONTENT="1480,"/><SP WIDTH="10" VPOS="519" HPOS="813"/>
							<String ID="string_92" HPOS="823" VPOS="523" WIDTH="19" HEIGHT="16" WC="0.96" CONTENT="92"/><SP WIDTH="15" VPOS="523" HPOS="842"/>
							<String ID="string_93" HPOS="857" VPOS="519" WIDTH="87" HEIGHT="25" WC="0.96" CONTENT="hektar,"/>
						</TextLine>
						<TextLine ID="line_11" HPOS="190" VPOS="552" WIDTH="754" HEIGHT="27">
							<String ID="string_94" HPOS="190" VPOS="555" WIDTH="61" HEIGHT="18" WC="0.94" CONTENT="samt"/><SP WIDTH="30" VPOS="555" HPOS="251"/>
							<String ID="string_95" HPOS="281" VPOS="553" WIDTH="35" HEIGHT="20" WC="0.94" CONTENT="för"/><SP WIDTH="28" VPOS="553" HPOS="316"/>
							<String ID="string_96" HPOS="344" VPOS="552" WIDTH="137" HEIGHT="27" WC="0.93" CONTENT="Kuolajärvi,"/><SP WIDTH="23" VPOS="552" HPOS="481"/>
							<String ID="string_97" HPOS="504" VPOS="553" WIDTH="85" HEIGHT="20" WC="0.92" CONTENT="liksom"/><SP WIDTH="22" VPOS="553" HPOS="589"/>
							<String ID="string_98" HPOS="611" VPOS="552" WIDTH="35" HEIGHT="21" WC="0.93" CONTENT="för"/><SP WIDTH="23" VPOS="552" HPOS="646"/>
							<String ID="string_99" HPOS="669" VPOS="553" WIDTH="173" HEIGHT="26" WC="0.93" CONTENT="Lappmarkens"/><SP WIDTH="23" VPOS="553" HPOS="842"/>
							<String ID="string_100" HPOS="865" VPOS="553" WIDTH="79" HEIGHT="26" WC="0.92" CONTENT="härad,"/>
						</TextLine>
						<TextLine ID="line_12" HPOS="192" VPOS="587" WIDTH="754" HEIGHT="26">
							<String ID="string_101" HPOS="192" VPOS="587" WIDTH="33" HEIGHT="20" WC="0.92" CONTENT="till"/><SP WIDTH="23" VPOS="587" HPOS="225"/>
							<String ID="string_102" HPOS="248" VPOS="587" WIDTH="56" HEIGHT="20" WC="0.93" CONTENT="4000"/><SP WIDTH="23" VPOS="587" HPOS="304"/>
							<String ID="string_103" HPOS="327" VPOS="587" WIDTH="114" HEIGHT="20" WC="0.95" CONTENT="tunnland"/><SP WIDTH="21" VPOS="587" HPOS="441"/>
							<String ID="string_104" HPOS="462" VPOS="587" WIDTH="54" HEIGHT="20" WC="0.93" CONTENT="eller"/><SP WIDTH="24" VPOS="587" HPOS="516"/>
							<String ID="string_105" HPOS="540" VPOS="587" WIDTH="81" HEIGHT="26" WC="0.92" CONTENT="1974,56"/><SP WIDTH="22" VPOS="587" HPOS="621"/>
							<String ID="string_106" HPOS="643" VPOS="587" WIDTH="86" HEIGHT="26" WC="0.92" CONTENT="hektar,"/><SP WIDTH="27" VPOS="587" HPOS="729"/>
							<String ID="string_107" HPOS="756" VPOS="587" WIDTH="33" HEIGHT="20" WC="0.96" CONTENT="uti"/><SP WIDTH="22" VPOS="587" HPOS="789"/>
							<String ID="string_108" HPOS="811" VPOS="587" WIDTH="78" HEIGHT="20" WC="0.93" CONTENT="hvilka"/><SP WIDTH="20" VPOS="587" HPOS="889"/>
							<String ID="string_109" HPOS="909" VPOS="587" WIDTH="37" HEIGHT="20" WC="0.83" CONTENT="be-"/>
						</TextLine>
						<TextLine ID="line_13" HPOS="191" VPOS="621" WIDTH="754" HEIGHT="27">
							<String ID="string_110" HPOS="191" VPOS="621" WIDTH="57" HEIGHT="27" WC="0.92" CONTENT="lopp"/><SP WIDTH="23" VPOS="621" HPOS="248"/>
							<String ID="string_111" HPOS="271" VPOS="621" WIDTH="129" HEIGHT="27" WC="0.89" CONTENT="inbegripas"/><SP WIDTH="22" VPOS="621" HPOS="400"/>
							<String ID="string_112" HPOS="422" VPOS="621" WIDTH="28" HEIGHT="20" WC="0.96" CONTENT="de"/><SP WIDTH="23" VPOS="621" HPOS="450"/>
							<String ID="string_113" HPOS="473" VPOS="622" WIDTH="42" HEIGHT="20" WC="0.93" CONTENT="300"/><SP WIDTH="18" VPOS="622" HPOS="515"/>
							<String ID="string_114" HPOS="533" VPOS="621" WIDTH="113" HEIGHT="20" WC="0.91" CONTENT="tunnland"/><SP WIDTH="17" VPOS="621" HPOS="646"/>
							<String ID="string_115" HPOS="663" VPOS="621" WIDTH="13" HEIGHT="20" WC="0.92" CONTENT="ä"/><SP WIDTH="15" VPOS="621" HPOS="676"/>
							<String ID="string_116" HPOS="691" VPOS="621" WIDTH="78" HEIGHT="27" WC="0.91" CONTENT="hvarje"/><SP WIDTH="16" VPOS="621" HPOS="769"/>
							<String ID="string_117" HPOS="785" VPOS="621" WIDTH="94" HEIGHT="26" WC="0.89" CONTENT="mantal,"/><SP WIDTH="16" VPOS="621" HPOS="879"/>
							<String ID="string_118" HPOS="895" VPOS="628" WIDTH="50" HEIGHT="14" WC="0.96" CONTENT="som"/>
						</TextLine>
						<TextLine ID="line_14" HPOS="192" VPOS="655" WIDTH="754" HEIGHT="27">
							<String ID="string_119" HPOS="192" VPOS="655" WIDTH="6" HEIGHT="20" WC="0.93" CONTENT="i"/><SP WIDTH="24" VPOS="655" HPOS="198"/>
							<String ID="string_120" HPOS="222" VPOS="656" WIDTH="169" HEIGHT="26" WC="0.92" CONTENT="undantagsfall"/><SP WIDTH="23" VPOS="656" HPOS="391"/>
							<String ID="string_121" HPOS="414" VPOS="655" WIDTH="80" HEIGHT="20" WC="0.93" CONTENT="kunna"/><SP WIDTH="20" VPOS="655" HPOS="494"/>
							<String ID="string_122" HPOS="514" VPOS="655" WIDTH="97" HEIGHT="21" WC="0.92" CONTENT="tilldelas"/><SP WIDTH="24" VPOS="655" HPOS="611"/>
							<String ID="string_123" HPOS="635" VPOS="655" WIDTH="160" HEIGHT="26" WC="0.91" CONTENT="lägenheterna"/><SP WIDTH="22" VPOS="655" HPOS="795"/>
							<String ID="string_124" HPOS="817" VPOS="656" WIDTH="77" HEIGHT="20" WC="0.91" CONTENT="säsom"/><SP WIDTH="20" VPOS="656" HPOS="894"/>
							<String ID="string_125" HPOS="914" VPOS="662" WIDTH="32" HEIGHT="14" WC="0.91" CONTENT="er-"/>
						</TextLine>
						<TextLine ID="line_15" HPOS="192" VPOS="689" WIDTH="754" HEIGHT="28">
							<String ID="string_126" HPOS="192" VPOS="691" WIDTH="102" HEIGHT="26" WC="0.90" CONTENT="sättning"/><SP WIDTH="26" VPOS="691" HPOS="294"/>
							<String ID="string_127" HPOS="320" VPOS="690" WIDTH="35" HEIGHT="20" WC="0.93" CONTENT="för"/><SP WIDTH="27" VPOS="690" HPOS="355"/>
							<String ID="string_128" HPOS="382" VPOS="689" WIDTH="123" HEIGHT="27" WC="0.91" CONTENT="oskiljbara"/><SP WIDTH="25" VPOS="689" HPOS="505"/>
							<String ID="string_129" HPOS="530" VPOS="689" WIDTH="179" HEIGHT="27" WC="0.91" CONTENT="impedimenter."/><SP WIDTH="37" VPOS="689" HPOS="709"/>
							<String ID="string_130" HPOS="746" VPOS="689" WIDTH="131" HEIGHT="21" WC="0.91" CONTENT="Emellertid"/><SP WIDTH="26" VPOS="689" HPOS="877"/>
							<String ID="string_131" HPOS="903" VPOS="690" WIDTH="43" HEIGHT="20" WC="0.96" CONTENT="har"/>
						</TextLine>
						<TextLine ID="line_16" HPOS="192" VPOS="723" WIDTH="754" HEIGHT="28">
							<String ID="string_132" HPOS="192" VPOS="725" WIDTH="114" HEIGHT="20" WC="0.91" CONTENT="Utskottet"/><SP WIDTH="22" VPOS="725" HPOS="306"/>
							<String ID="string_133" HPOS="328" VPOS="724" WIDTH="63" HEIGHT="20" WC="0.90" CONTENT="säväl"/><SP WIDTH="23" VPOS="724" HPOS="391"/>
							<String ID="string_134" HPOS="414" VPOS="724" WIDTH="29" HEIGHT="27" WC="0.96" CONTENT="pä"/><SP WIDTH="24" VPOS="724" HPOS="443"/>
							<String ID="string_135" HPOS="467" VPOS="723" WIDTH="74" HEIGHT="26" WC="0.96" CONTENT="grund"/><SP WIDTH="23" VPOS="723" HPOS="541"/>
							<String ID="string_136" HPOS="564" VPOS="723" WIDTH="25" HEIGHT="20" WC="0.96" CONTENT="af"/><SP WIDTH="20" VPOS="723" HPOS="589"/>
							<String ID="string_137" HPOS="609" VPOS="723" WIDTH="28" HEIGHT="20" WC="0.93" CONTENT="de"/><SP WIDTH="21" VPOS="723" HPOS="637"/>
							<String ID="string_138" HPOS="658" VPOS="723" WIDTH="51" HEIGHT="20" WC="0.92" CONTENT="utaf"/><SP WIDTH="18" VPOS="723" HPOS="709"/>
							<String ID="string_139" HPOS="727" VPOS="723" WIDTH="131" HEIGHT="21" WC="0.92" CONTENT="förberörda"/><SP WIDTH="24" VPOS="723" HPOS="858"/>
							<String ID="string_140" HPOS="882" VPOS="723" WIDTH="64" HEIGHT="21" WC="0.92" CONTENT="kom-"/>
						</TextLine>
						<TextLine ID="line_17" HPOS="192" VPOS="757" WIDTH="754" HEIGHT="27">
							<String ID="string_141" HPOS="192" VPOS="758" WIDTH="123" HEIGHT="21" WC="0.93" CONTENT="missioner"/><SP WIDTH="15" VPOS="758" HPOS="315"/>
							<String ID="string_142" HPOS="330" VPOS="758" WIDTH="85" HEIGHT="26" WC="0.92" CONTENT="afgifna"/><SP WIDTH="16" VPOS="758" HPOS="415"/>
							<String ID="string_143" HPOS="431" VPOS="758" WIDTH="137" HEIGHT="26" WC="0.91" CONTENT="skildringar"/><SP WIDTH="14" VPOS="758" HPOS="568"/>
							<String ID="string_144" HPOS="582" VPOS="757" WIDTH="63" HEIGHT="21" WC="0.93" CONTENT="öfver"/><SP WIDTH="15" VPOS="757" HPOS="645"/>
							<String ID="string_145" HPOS="660" VPOS="757" WIDTH="27" HEIGHT="20" WC="0.93" CONTENT="de"/><SP WIDTH="16" VPOS="757" HPOS="687"/>
							<String ID="string_146" HPOS="703" VPOS="757" WIDTH="14" HEIGHT="20" WC="0.91" CONTENT="ä"/><SP WIDTH="12" VPOS="757" HPOS="717"/>
							<String ID="string_147" HPOS="729" VPOS="757" WIDTH="172" HEIGHT="26" WC="0.92" CONTENT="ifrägavarande"/><SP WIDTH="11" VPOS="757" HPOS="901"/>
							<String ID="string_148" HPOS="912" VPOS="765" WIDTH="34" HEIGHT="14" WC="0.91" CONTENT="or-"/>
						</TextLine>
						<TextLine ID="line_18" HPOS="191" VPOS="791" WIDTH="755" HEIGHT="27">
							<String ID="string_149" HPOS="191" VPOS="794" WIDTH="33" HEIGHT="19" WC="0.93" CONTENT="ter"/><SP WIDTH="15" VPOS="794" HPOS="224"/>
							<String ID="string_150" HPOS="239" VPOS="792" WIDTH="101" HEIGHT="21" WC="0.92" CONTENT="rädande"/><SP WIDTH="16" VPOS="792" HPOS="340"/>
							<String ID="string_151" HPOS="356" VPOS="792" WIDTH="166" HEIGHT="26" WC="0.91" CONTENT="förhällanden,"/><SP WIDTH="17" VPOS="792" HPOS="522"/>
							<String ID="string_152" HPOS="539" VPOS="798" WIDTH="50" HEIGHT="14" WC="0.93" CONTENT="som"/><SP WIDTH="16" VPOS="798" HPOS="589"/>
							<String ID="string_153" HPOS="605" VPOS="791" WIDTH="43" HEIGHT="21" WC="0.92" CONTENT="ock"/><SP WIDTH="15" VPOS="791" HPOS="648"/>
							<String ID="string_154" HPOS="663" VPOS="791" WIDTH="7" HEIGHT="20" WC="0.95" CONTENT="i"/><SP WIDTH="17" VPOS="791" HPOS="670"/>
							<String ID="string_155" HPOS="687" VPOS="791" WIDTH="50" HEIGHT="21" WC="0.96" CONTENT="stöd"/><SP WIDTH="14" VPOS="791" HPOS="737"/>
							<String ID="string_156" HPOS="751" VPOS="791" WIDTH="25" HEIGHT="20" WC="0.93" CONTENT="af"/><SP WIDTH="7" VPOS="791" HPOS="776"/>
							<String ID="string_157" HPOS="783" VPOS="791" WIDTH="62" HEIGHT="21" WC="0.92" CONTENT="hvad"/><SP WIDTH="11" VPOS="791" HPOS="845"/>
							<String ID="string_158" HPOS="856" VPOS="792" WIDTH="90" HEIGHT="21" WC="0.91" CONTENT="Utskot-"/>
						</TextLine>
						<TextLine ID="line_19" HPOS="192" VPOS="825" WIDTH="755" HEIGHT="27">
							<String ID="string_159" HPOS="192" VPOS="826" WIDTH="53" HEIGHT="21" WC="0.66" CONTENT="tet"/><SP WIDTH="-8" VPOS="826" HPOS="245"/>
							<String ID="string_160" HPOS="237" VPOS="821" WIDTH="16" HEIGHT="35" WC="0.66" CONTENT="i"/><SP WIDTH="15" VPOS="821" HPOS="253"/>
							<String ID="string_161" HPOS="268" VPOS="826" WIDTH="66" HEIGHT="26" WC="0.96" CONTENT="öfrigt"/><SP WIDTH="23" VPOS="826" HPOS="334"/>
							<String ID="string_162" HPOS="357" VPOS="833" WIDTH="38" HEIGHT="13" WC="0.90" CONTENT="om"/><SP WIDTH="23" VPOS="833" HPOS="395"/>
							<String ID="string_163" HPOS="418" VPOS="825" WIDTH="118" HEIGHT="21" WC="0.90" CONTENT="desamma"/><SP WIDTH="22" VPOS="825" HPOS="536"/>
							<String ID="string_164" HPOS="558" VPOS="825" WIDTH="117" HEIGHT="26" WC="0.89" CONTENT="inhemtat,"/><SP WIDTH="23" VPOS="825" HPOS="675"/>
							<String ID="string_165" HPOS="698" VPOS="827" WIDTH="74" HEIGHT="19" WC="0.96" CONTENT="ansett"/><SP WIDTH="15" VPOS="827" HPOS="772"/>
							<String ID="string_166" HPOS="787" VPOS="826" WIDTH="160" HEIGHT="25" WC="0.96" CONTENT="lägenheterna"/>
						</TextLine>
						<TextLine ID="line_20" HPOS="192" VPOS="859" WIDTH="755" HEIGHT="28">
							<String ID="string_167" HPOS="192" VPOS="861" WIDTH="64" HEIGHT="26" WC="0.96" CONTENT="böra,"/><SP WIDTH="18" VPOS="861" HPOS="256"/>
							<String ID="string_168" HPOS="274" VPOS="861" WIDTH="35" HEIGHT="20" WC="0.93" CONTENT="för"/><SP WIDTH="15" VPOS="861" HPOS="309"/>
							<String ID="string_169" HPOS="324" VPOS="860" WIDTH="179" HEIGHT="21" WC="0.93" CONTENT="säkerställande"/><SP WIDTH="16" VPOS="860" HPOS="503"/>
							<String ID="string_170" HPOS="519" VPOS="860" WIDTH="24" HEIGHT="20" WC="0.92" CONTENT="af"/><SP WIDTH="13" VPOS="860" HPOS="543"/>
							<String ID="string_171" HPOS="556" VPOS="859" WIDTH="77" HEIGHT="21" WC="0.96" CONTENT="dessas"/><SP WIDTH="16" VPOS="859" HPOS="633"/>
							<String ID="string_172" HPOS="649" VPOS="859" WIDTH="103" HEIGHT="27" WC="0.96" CONTENT="bestånd,"/><SP WIDTH="15" VPOS="859" HPOS="752"/>
							<String ID="string_173" HPOS="767" VPOS="859" WIDTH="98" HEIGHT="21" WC="0.96" CONTENT="tilldelas"/><SP WIDTH="19" VPOS="859" HPOS="865"/>
							<String ID="string_174" HPOS="884" VPOS="866" WIDTH="63" HEIGHT="14" WC="0.96" CONTENT="mera"/>
						</TextLine>
						<TextLine ID="line_21" HPOS="189" VPOS="893" WIDTH="758" HEIGHT="28">
							<String ID="string_175" HPOS="189" VPOS="895" WIDTH="60" HEIGHT="26" WC="0.95" CONTENT="jord,"/><SP WIDTH="20" VPOS="895" HPOS="249"/>
							<String ID="string_176" HPOS="269" VPOS="896" WIDTH="30" HEIGHT="19" WC="0.93" CONTENT="än"/><SP WIDTH="16" VPOS="896" HPOS="299"/>
							<String ID="string_177" HPOS="315" VPOS="894" WIDTH="61" HEIGHT="21" WC="0.96" CONTENT="hvad"/><SP WIDTH="16" VPOS="894" HPOS="376"/>
							<String ID="string_178" HPOS="392" VPOS="894" WIDTH="52" HEIGHT="21" WC="0.93" CONTENT="dem"/><SP WIDTH="13" VPOS="894" HPOS="444"/>
							<String ID="string_179" HPOS="457" VPOS="894" WIDTH="90" HEIGHT="27" WC="0.77" CONTENT="jemlikt"/><SP WIDTH="15" VPOS="894" HPOS="547"/>
							<String ID="string_180" HPOS="562" VPOS="893" WIDTH="104" HEIGHT="27" WC="0.93" CONTENT="gällande"/><SP WIDTH="16" VPOS="893" HPOS="666"/>
							<String ID="string_181" HPOS="682" VPOS="894" WIDTH="158" HEIGHT="26" WC="0.96" CONTENT="författningar"/><SP WIDTH="15" VPOS="894" HPOS="840"/>
							<String ID="string_182" HPOS="855" VPOS="894" WIDTH="7" HEIGHT="20" WC="0.93" CONTENT="i"/><SP WIDTH="16" VPOS="894" HPOS="862"/>
							<String ID="string_183" HPOS="878" VPOS="894" WIDTH="69" HEIGHT="21" WC="0.96" CONTENT="ofvan"/>
						</TextLine>
						<TextLine ID="line_22" HPOS="193" VPOS="927" WIDTH="754" HEIGHT="23">
							<String ID="string_184" HPOS="193" VPOS="929" WIDTH="82" HEIGHT="21" WC="0.92" CONTENT="anförd"/><SP WIDTH="21" VPOS="929" HPOS="275"/>
							<String ID="string_185" HPOS="296" VPOS="929" WIDTH="71" HEIGHT="20" WC="0.91" CONTENT="mätto"/><SP WIDTH="15" VPOS="929" HPOS="367"/>
							<String ID="string_186" HPOS="382" VPOS="928" WIDTH="82" HEIGHT="21" WC="0.89" CONTENT="tillbör."/><SP WIDTH="32" VPOS="928" HPOS="464"/>
							<String ID="string_187" HPOS="496" VPOS="928" WIDTH="113" HEIGHT="21" WC="0.91" CONTENT="Utskottet"/><SP WIDTH="15" VPOS="928" HPOS="609"/>
							<String ID="string_188" HPOS="624" VPOS="928" WIDTH="42" HEIGHT="20" WC="0.96" CONTENT="har"/><SP WIDTH="15" VPOS="928" HPOS="666"/>
							<String ID="string_189" HPOS="681" VPOS="927" WIDTH="38" HEIGHT="21" WC="0.93" CONTENT="vid"/><SP WIDTH="16" VPOS="927" HPOS="719"/>
							<String ID="string_190" HPOS="735" VPOS="928" WIDTH="54" HEIGHT="21" WC="0.93" CONTENT="slikt"/><SP WIDTH="14" VPOS="928" HPOS="789"/>
							<String ID="string_191" HPOS="803" VPOS="928" WIDTH="144" HEIGHT="21" WC="0.91" CONTENT="förhällande"/>
						</TextLine>
						<TextLine ID="line_23" HPOS="192" VPOS="962" WIDTH="756" HEIGHT="27">
							<String ID="string_192" HPOS="192" VPOS="963" WIDTH="26" HEIGHT="20" WC="0.96" CONTENT="sä"/><SP WIDTH="23" VPOS="963" HPOS="218"/>
							<String ID="string_193" HPOS="241" VPOS="963" WIDTH="92" HEIGHT="26" WC="0.95" CONTENT="mycket"/><SP WIDTH="22" VPOS="963" HPOS="333"/>
							<String ID="string_194" HPOS="355" VPOS="963" WIDTH="89" HEIGHT="20" WC="0.93" CONTENT="mindre"/><SP WIDTH="23" VPOS="963" HPOS="444"/>
							<String ID="string_195" HPOS="467" VPOS="963" WIDTH="77" HEIGHT="20" WC="0.96" CONTENT="tvekat"/><SP WIDTH="22" VPOS="963" HPOS="544"/>
							<String ID="string_196" HPOS="566" VPOS="964" WIDTH="32" HEIGHT="18" WC="0.96" CONTENT="att"/><SP WIDTH="20" VPOS="964" HPOS="598"/>
							<String ID="string_197" HPOS="618" VPOS="962" WIDTH="35" HEIGHT="20" WC="0.93" CONTENT="för"/><SP WIDTH="14" VPOS="962" HPOS="653"/>
							<String ID="string_198" HPOS="667" VPOS="962" WIDTH="166" HEIGHT="20" WC="0.44" CONTENT="meranämndäa"/><SP WIDTH="16" VPOS="962" HPOS="833"/>
							<String ID="string_199" HPOS="849" VPOS="963" WIDTH="99" HEIGHT="20" WC="0.96" CONTENT="socknar"/>
						</TextLine>
						<TextLine ID="line_24" HPOS="193" VPOS="996" WIDTH="756" HEIGHT="27">
							<String ID="string_200" HPOS="193" VPOS="997" WIDTH="92" HEIGHT="20" WC="0.96" CONTENT="förorda"/><SP WIDTH="23" VPOS="997" HPOS="285"/>
							<String ID="string_201" HPOS="308" VPOS="997" WIDTH="100" HEIGHT="26" WC="0.96" CONTENT="höjande"/><SP WIDTH="23" VPOS="997" HPOS="408"/>
							<String ID="string_202" HPOS="431" VPOS="997" WIDTH="25" HEIGHT="20" WC="0.96" CONTENT="af"/><SP WIDTH="12" VPOS="997" HPOS="456"/>
							<String ID="string_203" HPOS="468" VPOS="997" WIDTH="45" HEIGHT="20" WC="0.93" CONTENT="den"/><SP WIDTH="16" VPOS="997" HPOS="513"/>
							<String ID="string_204" HPOS="529" VPOS="996" WIDTH="116" HEIGHT="21" WC="0.68" CONTENT="skattbara"/><SP WIDTH="15" VPOS="996" HPOS="645"/>
							<String ID="string_205" HPOS="660" VPOS="996" WIDTH="108" HEIGHT="21" WC="0.96" CONTENT="markens"/><SP WIDTH="15" VPOS="996" HPOS="768"/>
							<String ID="string_206" HPOS="783" VPOS="997" WIDTH="61" HEIGHT="20" WC="0.93" CONTENT="areal"/><SP WIDTH="15" VPOS="997" HPOS="844"/>
							<String ID="string_207" HPOS="859" VPOS="997" WIDTH="90" HEIGHT="20" WC="0.92" CONTENT="utöfver"/>
						</TextLine>
						<TextLine ID="line_25" HPOS="193" VPOS="1030" WIDTH="754" HEIGHT="27">
							<String ID="string_208" HPOS="193" VPOS="1038" WIDTH="55" HEIGHT="19" WC="0.91" CONTENT="nyss"/><SP WIDTH="17" VPOS="1038" HPOS="248"/>
							<String ID="string_209" HPOS="265" VPOS="1031" WIDTH="125" HEIGHT="20" WC="0.91" CONTENT="omordade"/><SP WIDTH="16" VPOS="1031" HPOS="390"/>
							<String ID="string_210" HPOS="406" VPOS="1031" WIDTH="90" HEIGHT="26" WC="0.92" CONTENT="belopp,"/><SP WIDTH="12" VPOS="1031" HPOS="496"/>
							<String ID="string_211" HPOS="508" VPOS="1037" WIDTH="51" HEIGHT="14" WC="0.93" CONTENT="som"/><SP WIDTH="12" VPOS="1037" HPOS="559"/>
							<String ID="string_212" HPOS="571" VPOS="1030" WIDTH="125" HEIGHT="20" WC="0.92" CONTENT="Ständerna"/><SP WIDTH="13" VPOS="1030" HPOS="696"/>
							<String ID="string_213" HPOS="709" VPOS="1030" WIDTH="38" HEIGHT="20" WC="0.93" CONTENT="vid"/><SP WIDTH="13" VPOS="1030" HPOS="747"/>
							<String ID="string_214" HPOS="760" VPOS="1031" WIDTH="139" HEIGHT="20" WC="0.90" CONTENT="1877—1878"/><SP WIDTH="11" VPOS="1031" HPOS="899"/>
							<String ID="string_215" HPOS="910" VPOS="1031" WIDTH="37" HEIGHT="20" WC="0.92" CONTENT="ärs"/>
						</TextLine>
						<TextLine ID="line_26" HPOS="194" VPOS="1063" WIDTH="754" HEIGHT="28">
							<String ID="string_216" HPOS="194" VPOS="1065" WIDTH="109" HEIGHT="26" WC="0.91" CONTENT="landtdag"/><SP WIDTH="14" VPOS="1065" HPOS="303"/>
							<String ID="string_217" HPOS="317" VPOS="1065" WIDTH="180" HEIGHT="26" WC="0.91" CONTENT="uppenbarligen"/><SP WIDTH="16" VPOS="1065" HPOS="497"/>
							<String ID="string_218" HPOS="513" VPOS="1064" WIDTH="65" HEIGHT="21" WC="0.92" CONTENT="afsett"/><SP WIDTH="15" VPOS="1064" HPOS="578"/>
							<String ID="string_219" HPOS="593" VPOS="1066" WIDTH="32" HEIGHT="18" WC="0.92" CONTENT="att"/><SP WIDTH="15" VPOS="1066" HPOS="625"/>
							<String ID="string_220" HPOS="640" VPOS="1064" WIDTH="49" HEIGHT="20" WC="0.92" CONTENT="icke"/><SP WIDTH="16" VPOS="1064" HPOS="689"/>
							<String ID="string_221" HPOS="705" VPOS="1069" WIDTH="82" HEIGHT="20" WC="0.96" CONTENT="genom"/><SP WIDTH="13" VPOS="1069" HPOS="787"/>
							<String ID="string_222" HPOS="800" VPOS="1063" WIDTH="37" HEIGHT="21" WC="0.93" CONTENT="det"/><SP WIDTH="12" VPOS="1063" HPOS="837"/>
							<String ID="string_223" HPOS="849" VPOS="1064" WIDTH="99" HEIGHT="21" WC="0.92" CONTENT="skeende"/>
						</TextLine>
						<TextLine ID="line_27" HPOS="194" VPOS="1097" WIDTH="754" HEIGHT="26">
							<String ID="string_224" HPOS="194" VPOS="1099" WIDTH="126" HEIGHT="20" WC="0.91" CONTENT="storskiftet"/><SP WIDTH="15" VPOS="1099" HPOS="320"/>
							<String ID="string_225" HPOS="335" VPOS="1098" WIDTH="120" HEIGHT="21" WC="0.92" CONTENT="förfördela"/><SP WIDTH="11" VPOS="1098" HPOS="455"/>
							<String ID="string_226" HPOS="466" VPOS="1097" WIDTH="163" HEIGHT="26" WC="0.93" CONTENT="befolkningen"/><SP WIDTH="12" VPOS="1097" HPOS="629"/>
							<String ID="string_227" HPOS="641" VPOS="1097" WIDTH="13" HEIGHT="20" WC="0.93" CONTENT="ä"/><SP WIDTH="10" VPOS="1097" HPOS="654"/>
							<String ID="string_228" HPOS="664" VPOS="1097" WIDTH="159" HEIGHT="26" WC="0.92" CONTENT="ifrägakomna"/><SP WIDTH="11" VPOS="1097" HPOS="823"/>
							<String ID="string_229" HPOS="834" VPOS="1099" WIDTH="59" HEIGHT="18" WC="0.91" CONTENT="orter"/><SP WIDTH="11" VPOS="1099" HPOS="893"/>
							<String ID="string_230" HPOS="904" VPOS="1097" WIDTH="44" HEIGHT="20" WC="0.96" CONTENT="och"/>
						</TextLine>
						<TextLine ID="line_28" HPOS="194" VPOS="1131" WIDTH="753" HEIGHT="27">
							<String ID="string_231" HPOS="194" VPOS="1132" WIDTH="83" HEIGHT="21" WC="0.90" CONTENT="bereda"/><SP WIDTH="23" VPOS="1132" HPOS="277"/>
							<String ID="string_232" HPOS="300" VPOS="1132" WIDTH="136" HEIGHT="21" WC="0.90" CONTENT="densamma"/><SP WIDTH="20" VPOS="1132" HPOS="436"/>
							<String ID="string_233" HPOS="456" VPOS="1132" WIDTH="138" HEIGHT="26" WC="0.92" CONTENT="svärigheter"/><SP WIDTH="15" VPOS="1132" HPOS="594"/>
							<String ID="string_234" HPOS="609" VPOS="1131" WIDTH="7" HEIGHT="20" WC="0.96" CONTENT="i"/><SP WIDTH="15" VPOS="1131" HPOS="616"/>
							<String ID="string_235" HPOS="631" VPOS="1131" WIDTH="52" HEIGHT="20" WC="0.96" CONTENT="dess"/><SP WIDTH="16" VPOS="1131" HPOS="683"/>
							<String ID="string_236" HPOS="699" VPOS="1131" WIDTH="70" HEIGHT="27" WC="0.96" CONTENT="kamp"/><SP WIDTH="16" VPOS="1131" HPOS="769"/>
							<String ID="string_237" HPOS="785" VPOS="1131" WIDTH="34" HEIGHT="20" WC="0.93" CONTENT="för"/><SP WIDTH="15" VPOS="1131" HPOS="819"/>
							<String ID="string_238" HPOS="834" VPOS="1131" WIDTH="113" HEIGHT="21" WC="0.92" CONTENT="tillvaron."/>
						</TextLine>
						<TextLine ID="line_29" HPOS="194" VPOS="1165" WIDTH="755" HEIGHT="22">
							<String ID="string_239" HPOS="194" VPOS="1166" WIDTH="53" HEIGHT="21" WC="0.96" CONTENT="Och"/><SP WIDTH="17" VPOS="1166" HPOS="247"/>
							<String ID="string_240" HPOS="264" VPOS="1166" WIDTH="30" HEIGHT="21" WC="0.95" CONTENT="dä"/><SP WIDTH="16" VPOS="1166" HPOS="294"/>
							<String ID="string_241" HPOS="310" VPOS="1166" WIDTH="28" HEIGHT="21" WC="0.96" CONTENT="de"/><SP WIDTH="15" VPOS="1166" HPOS="338"/>
							<String ID="string_242" HPOS="353" VPOS="1166" WIDTH="25" HEIGHT="20" WC="0.96" CONTENT="af"/><SP WIDTH="13" VPOS="1166" HPOS="378"/>
							<String ID="string_243" HPOS="391" VPOS="1166" WIDTH="46" HEIGHT="21" WC="0.96" CONTENT="ofta"/><SP WIDTH="15" VPOS="1166" HPOS="437"/>
							<String ID="string_244" HPOS="452" VPOS="1166" WIDTH="102" HEIGHT="20" WC="0.93" CONTENT="nämnda"/><SP WIDTH="16" VPOS="1166" HPOS="554"/>
							<String ID="string_245" HPOS="570" VPOS="1165" WIDTH="178" HEIGHT="21" WC="0.92" CONTENT="kommissioner"/><SP WIDTH="15" VPOS="1165" HPOS="748"/>
							<String ID="string_246" HPOS="763" VPOS="1165" WIDTH="133" HEIGHT="20" WC="0.89" CONTENT="framstälda"/><SP WIDTH="11" VPOS="1165" HPOS="896"/>
							<String ID="string_247" HPOS="907" VPOS="1165" WIDTH="42" HEIGHT="20" WC="0.92" CONTENT="för-"/>
						</TextLine>
						<TextLine ID="line_30" HPOS="194" VPOS="1199" WIDTH="755" HEIGHT="28">
							<String ID="string_248" HPOS="194" VPOS="1201" WIDTH="48" HEIGHT="25" WC="0.93" CONTENT="slag"/><SP WIDTH="16" VPOS="1201" HPOS="242"/>
							<String ID="string_249" HPOS="258" VPOS="1200" WIDTH="88" HEIGHT="26" WC="0.92" CONTENT="grunda"/><SP WIDTH="16" VPOS="1200" HPOS="346"/>
							<String ID="string_250" HPOS="362" VPOS="1200" WIDTH="32" HEIGHT="26" WC="0.96" CONTENT="sig"/><SP WIDTH="16" VPOS="1200" HPOS="394"/>
							<String ID="string_251" HPOS="410" VPOS="1200" WIDTH="29" HEIGHT="27" WC="0.96" CONTENT="pä"/><SP WIDTH="15" VPOS="1200" HPOS="439"/>
							<String ID="string_252" HPOS="454" VPOS="1200" WIDTH="25" HEIGHT="20" WC="0.93" CONTENT="af"/><SP WIDTH="14" VPOS="1200" HPOS="479"/>
							<String ID="string_253" HPOS="493" VPOS="1200" WIDTH="69" HEIGHT="26" WC="0.93" CONTENT="sagda"/><SP WIDTH="10" VPOS="1200" HPOS="562"/>
							<String ID="string_254" HPOS="572" VPOS="1199" WIDTH="178" HEIGHT="21" WC="0.92" CONTENT="kommissioner"/><SP WIDTH="11" VPOS="1199" HPOS="750"/>
							<String ID="string_255" HPOS="761" VPOS="1199" WIDTH="14" HEIGHT="20" WC="0.92" CONTENT="ä"/><SP WIDTH="10" VPOS="1199" HPOS="775"/>
							<String ID="string_256" HPOS="785" VPOS="1201" WIDTH="35" HEIGHT="18" WC="0.96" CONTENT="ort"/><SP WIDTH="11" VPOS="1201" HPOS="820"/>
							<String ID="string_257" HPOS="831" VPOS="1199" WIDTH="43" HEIGHT="20" WC="0.93" CONTENT="och"/><SP WIDTH="11" VPOS="1199" HPOS="874"/>
							<String ID="string_258" HPOS="885" VPOS="1199" WIDTH="64" HEIGHT="20" WC="0.92" CONTENT="ställe"/>
						</TextLine>
						<TextLine ID="line_31" HPOS="194" VPOS="1233" WIDTH="755" HEIGHT="26">
							<String ID="string_259" HPOS="194" VPOS="1234" WIDTH="131" HEIGHT="20" WC="0.93" CONTENT="verkstälda"/><SP WIDTH="15" VPOS="1234" HPOS="325"/>
							<String ID="string_260" HPOS="340" VPOS="1234" WIDTH="199" HEIGHT="25" WC="0.92" CONTENT="undersökningar"/><SP WIDTH="14" VPOS="1234" HPOS="539"/>
							<String ID="string_261" HPOS="553" VPOS="1233" WIDTH="25" HEIGHT="20" WC="0.93" CONTENT="af"/><SP WIDTH="13" VPOS="1233" HPOS="578"/>
							<String ID="string_262" HPOS="591" VPOS="1233" WIDTH="63" HEIGHT="20" WC="0.92" CONTENT="säväl"/><SP WIDTH="8" VPOS="1233" HPOS="654"/>
							<String ID="string_263" HPOS="662" VPOS="1233" WIDTH="150" HEIGHT="26" WC="0.91" CONTENT="jordmänens"/><SP WIDTH="11" VPOS="1233" HPOS="812"/>
							<String ID="string_264" HPOS="823" VPOS="1233" WIDTH="126" HEIGHT="20" WC="0.89" CONTENT="beskaffen-"/>
						</TextLine>
						<TextLine ID="line_32" HPOS="193" VPOS="1266" WIDTH="757" HEIGHT="27">
							<String ID="string_265" HPOS="193" VPOS="1267" WIDTH="45" HEIGHT="26" WC="0.96" CONTENT="het,"/><SP WIDTH="24" VPOS="1267" HPOS="238"/>
							<String ID="string_266" HPOS="262" VPOS="1274" WIDTH="50" HEIGHT="13" WC="0.91" CONTENT="som"/><SP WIDTH="23" VPOS="1274" HPOS="312"/>
							<String ID="string_267" HPOS="335" VPOS="1267" WIDTH="72" HEIGHT="26" WC="0.89" CONTENT="öfriga"/><SP WIDTH="15" VPOS="1267" HPOS="407"/>
							<String ID="string_268" HPOS="422" VPOS="1267" WIDTH="13" HEIGHT="20" WC="0.87" CONTENT="ä"/><SP WIDTH="16" VPOS="1267" HPOS="435"/>
							<String ID="string_269" HPOS="451" VPOS="1267" WIDTH="71" HEIGHT="20" WC="0.93" CONTENT="saken"/><SP WIDTH="22" VPOS="1267" HPOS="522"/>
							<String ID="string_270" HPOS="544" VPOS="1266" WIDTH="115" HEIGHT="21" WC="0.91" CONTENT="verkande"/><SP WIDTH="16" VPOS="1266" HPOS="659"/>
							<String ID="string_271" HPOS="675" VPOS="1266" WIDTH="199" HEIGHT="26" WC="0.96" CONTENT="omständigheter,"/><SP WIDTH="17" VPOS="1266" HPOS="874"/>
							<String ID="string_272" HPOS="891" VPOS="1268" WIDTH="59" HEIGHT="18" WC="0.96" CONTENT="samt"/>
						</TextLine>
						<TextLine ID="line_33" HPOS="195" VPOS="1299" WIDTH="755" HEIGHT="22">
							<String ID="string_273" HPOS="195" VPOS="1301" WIDTH="113" HEIGHT="20" WC="0.88" CONTENT="Utskottet"/><SP WIDTH="22" VPOS="1301" HPOS="308"/>
							<String ID="string_274" HPOS="330" VPOS="1301" WIDTH="76" HEIGHT="20" WC="0.91" CONTENT="funnit"/><SP WIDTH="19" VPOS="1301" HPOS="406"/>
							<String ID="string_275" HPOS="425" VPOS="1301" WIDTH="220" HEIGHT="20" WC="0.90" CONTENT="kommissionernas"/><SP WIDTH="22" VPOS="1301" HPOS="645"/>
							<String ID="string_276" HPOS="667" VPOS="1300" WIDTH="34" HEIGHT="20" WC="0.90" CONTENT="uti"/><SP WIDTH="23" VPOS="1300" HPOS="701"/>
							<String ID="string_277" HPOS="724" VPOS="1299" WIDTH="76" HEIGHT="21" WC="0.96" CONTENT="denna"/><SP WIDTH="21" VPOS="1299" HPOS="800"/>
							<String ID="string_278" HPOS="821" VPOS="1300" WIDTH="35" HEIGHT="20" WC="0.93" CONTENT="del"/><SP WIDTH="27" VPOS="1300" HPOS="856"/>
							<String ID="string_279" HPOS="883" VPOS="1300" WIDTH="67" HEIGHT="20" WC="0.91" CONTENT="fram-"/>
						</TextLine>
						<TextLine ID="line_34" HPOS="194" VPOS="1334" WIDTH="756" HEIGHT="28">
							<String ID="string_280" HPOS="194" VPOS="1335" WIDTH="81" HEIGHT="26" WC="0.92" CONTENT="stälda,"/><SP WIDTH="20" VPOS="1335" HPOS="275"/>
							<String ID="string_281" HPOS="295" VPOS="1335" WIDTH="3" HEIGHT="20" WC="0.96" CONTENT="i"/><SP WIDTH="16" VPOS="1335" HPOS="298"/>
							<String ID="string_282" HPOS="314" VPOS="1335" WIDTH="43" HEIGHT="20" WC="0.91" CONTENT="den"/><SP WIDTH="23" VPOS="1335" HPOS="357"/>
							<String ID="string_283" HPOS="380" VPOS="1335" WIDTH="83" HEIGHT="26" WC="0.91" CONTENT="nädiga"/><SP WIDTH="19" VPOS="1335" HPOS="463"/>
							<String ID="string_284" HPOS="482" VPOS="1334" WIDTH="173" HEIGHT="28" WC="0.93" CONTENT="propositionen"/><SP WIDTH="14" VPOS="1334" HPOS="655"/>
							<String ID="string_285" HPOS="669" VPOS="1336" WIDTH="117" HEIGHT="25" WC="0.92" CONTENT="upptagna"/><SP WIDTH="16" VPOS="1336" HPOS="786"/>
							<String ID="string_286" HPOS="802" VPOS="1334" WIDTH="83" HEIGHT="27" WC="0.93" CONTENT="förslag"/><SP WIDTH="16" VPOS="1334" HPOS="885"/>
							<String ID="string_287" HPOS="901" VPOS="1334" WIDTH="49" HEIGHT="21" WC="0.92" CONTENT="skä-"/>
						</TextLine>
						<TextLine ID="line_35" HPOS="195" VPOS="1369" WIDTH="754" HEIGHT="27">
							<String ID="string_288" HPOS="195" VPOS="1369" WIDTH="45" HEIGHT="26" WC="0.93" CONTENT="ligt,"/><SP WIDTH="17" VPOS="1369" HPOS="240"/>
							<String ID="string_289" HPOS="257" VPOS="1369" WIDTH="44" HEIGHT="20" WC="0.93" CONTENT="har"/><SP WIDTH="16" VPOS="1369" HPOS="301"/>
							<String ID="string_290" HPOS="317" VPOS="1369" WIDTH="119" HEIGHT="27" WC="0.93" CONTENT="Utskottet,"/><SP WIDTH="16" VPOS="1369" HPOS="436"/>
							<String ID="string_291" HPOS="452" VPOS="1376" WIDTH="50" HEIGHT="14" WC="0.92" CONTENT="som"/><SP WIDTH="9" VPOS="1376" HPOS="502"/>
							<String ID="string_292" HPOS="511" VPOS="1369" WIDTH="86" HEIGHT="27" WC="0.91" CONTENT="jemväl"/><SP WIDTH="11" VPOS="1369" HPOS="597"/>
							<String ID="string_293" HPOS="608" VPOS="1369" WIDTH="35" HEIGHT="20" WC="0.96" CONTENT="för"/><SP WIDTH="10" VPOS="1369" HPOS="643"/>
							<String ID="string_294" HPOS="653" VPOS="1369" WIDTH="35" HEIGHT="20" WC="0.96" CONTENT="sin"/><SP WIDTH="11" VPOS="1369" HPOS="688"/>
							<String ID="string_295" HPOS="699" VPOS="1369" WIDTH="36" HEIGHT="20" WC="0.93" CONTENT="del"/><SP WIDTH="11" VPOS="1369" HPOS="735"/>
							<String ID="string_296" HPOS="746" VPOS="1371" WIDTH="74" HEIGHT="18" WC="0.92" CONTENT="ansett"/><SP WIDTH="11" VPOS="1371" HPOS="820"/>
							<String ID="string_297" HPOS="831" VPOS="1369" WIDTH="118" HEIGHT="20" WC="0.96" CONTENT="Kuusamo"/>
						</TextLine>
						<TextLine ID="line_36" HPOS="196" VPOS="1403" WIDTH="754" HEIGHT="28">
							<String ID="string_298" HPOS="196" VPOS="1404" WIDTH="93" HEIGHT="24" WC="0.96" CONTENT="socken,"/><SP WIDTH="16" VPOS="1404" HPOS="289"/>
							<String ID="string_299" HPOS="305" VPOS="1404" WIDTH="53" HEIGHT="20" WC="0.96" CONTENT="med"/><SP WIDTH="21" VPOS="1404" HPOS="358"/>
							<String ID="string_300" HPOS="379" VPOS="1404" WIDTH="91" HEIGHT="27" WC="0.96" CONTENT="hänsyn"/><SP WIDTH="20" VPOS="1404" HPOS="470"/>
							<String ID="string_301" HPOS="490" VPOS="1403" WIDTH="34" HEIGHT="21" WC="0.96" CONTENT="till"/><SP WIDTH="16" VPOS="1403" HPOS="524"/>
							<String ID="string_302" HPOS="540" VPOS="1403" WIDTH="39" HEIGHT="21" WC="0.93" CONTENT="der"/><SP WIDTH="17" VPOS="1403" HPOS="579"/>
							<String ID="string_303" HPOS="596" VPOS="1403" WIDTH="100" HEIGHT="21" WC="0.92" CONTENT="rädande"/><SP WIDTH="15" VPOS="1403" HPOS="696"/>
							<String ID="string_304" HPOS="711" VPOS="1403" WIDTH="167" HEIGHT="27" WC="0.92" CONTENT="förhällanden,"/><SP WIDTH="16" VPOS="1403" HPOS="878"/>
							<String ID="string_305" HPOS="894" VPOS="1403" WIDTH="56" HEIGHT="21" WC="0.92" CONTENT="böra"/>
						</TextLine>
						<TextLine ID="line_37" HPOS="197" VPOS="1437" WIDTH="753" HEIGHT="28">
							<String ID="string_306" HPOS="197" VPOS="1438" WIDTH="33" HEIGHT="21" WC="0.92" CONTENT="uti"/><SP WIDTH="23" VPOS="1438" HPOS="230"/>
							<String ID="string_307" HPOS="253" VPOS="1445" WIDTH="33" HEIGHT="14" WC="0.93" CONTENT="nu"/><SP WIDTH="20" VPOS="1445" HPOS="286"/>
							<String ID="string_308" HPOS="306" VPOS="1438" WIDTH="172" HEIGHT="27" WC="0.92" CONTENT="ifrägavarande"/><SP WIDTH="16" VPOS="1438" HPOS="478"/>
							<String ID="string_309" HPOS="494" VPOS="1438" WIDTH="105" HEIGHT="21" WC="0.92" CONTENT="afseende"/><SP WIDTH="16" VPOS="1438" HPOS="599"/>
							<String ID="string_310" HPOS="615" VPOS="1438" WIDTH="112" HEIGHT="21" WC="0.92" CONTENT="likställas"/><SP WIDTH="15" VPOS="1438" HPOS="727"/>
							<String ID="string_311" HPOS="742" VPOS="1437" WIDTH="53" HEIGHT="22" WC="0.95" CONTENT="med"/><SP WIDTH="17" VPOS="1437" HPOS="795"/>
							<String ID="string_312" HPOS="812" VPOS="1437" WIDTH="138" HEIGHT="28" WC="0.96" CONTENT="Kuolajärvi,"/>
						</TextLine>
						<TextLine ID="line_38" HPOS="264" VPOS="1477" WIDTH="486" HEIGHT="23">
							<String ID="string_313" HPOS="264" VPOS="1479" WIDTH="47" HEIGHT="21" WC="0.87" CONTENT="Lag-"/><SP WIDTH="13" VPOS="1479" HPOS="311"/>
							<String ID="string_314" HPOS="324" VPOS="1478" WIDTH="32" HEIGHT="17" WC="0.89" CONTENT="och"/><SP WIDTH="12" VPOS="1478" HPOS="356"/>
							<String ID="string_315" HPOS="368" VPOS="1477" WIDTH="182" HEIGHT="19" WC="0.91" CONTENT="Ekonomiutskottets"/><SP WIDTH="12" VPOS="1477" HPOS="550"/>
							<String ID="string_316" HPOS="562" VPOS="1477" WIDTH="109" HEIGHT="18" WC="0.96" CONTENT="betänkande"/><SP WIDTH="12" VPOS="1477" HPOS="671"/>
							<String ID="string_317" HPOS="683" VPOS="1477" WIDTH="36" HEIGHT="18" WC="0.96" CONTENT="N:o"/><SP WIDTH="13" VPOS="1477" HPOS="719"/>
							<String ID="string_318" HPOS="732" VPOS="1477" WIDTH="18" HEIGHT="18" WC="0.96" CONTENT="8."/>
						</TextLine>
					</TextBlock>
				</ComposedBlock>
			</PrintSpace>
		</Page>
	</Layout>
</alto>
