1061 1709
207 142 12 19 2
430 139 30 23 U.
475 140 32 22 B.
520 152 24 3 —
561 140 73 27 Prop.
649 139 43 22 N:o
708 139 21 22 1.

207 208 7 21 i
236 208 51 22 näd.
303 208 153 27 förordningen
475 214 32 15 om
523 208 145 27 organisation
684 207 25 21 af
724 207 208 23 folkskoleväsendet
951 207 8 22 i

206 242 205 23 Storfurstendömet
429 242 95 22 Finland
537 242 25 22 af
575 242 41 22 den
632 244 26 19 11
673 242 43 28 Maj
734 244 62 25 1866,
812 243 52 21 utan
879 242 78 22 lemna-

207 277 37 21 des
266 276 79 29 frågan
367 283 32 15 om
421 277 128 22 folkskolors
572 276 123 22 inrättande
714 277 6 20 i
743 276 216 22 landskommunerna

206 311 45 21 helt
276 312 39 21 och
340 311 67 22 hållet
431 311 105 22 beroende
558 311 26 21 af
603 311 162 21 kommunernas
788 311 39 22 och
850 310 108 22 enskildas

206 345 42 22 fria
270 346 59 21 skön.
360 345 79 23 Likväl
461 346 88 21 väcktes
567 345 67 22 redan
653 345 38 22 vid
706 345 112 22 1877—78
838 346 36 21 års
889 345 68 21 landt-

206 380 44 27 dag
271 380 8 21 i
299 380 92 26 Preste-,
406 381 105 26 Borgare-
526 381 38 21 och
580 379 167 22 Bondeständen
762 379 64 28 fräga
840 386 33 15 om
888 379 71 22 lands-

205 414 162 21 kommunernas
390 414 123 27 äläggande
535 416 34 20 att
591 414 82 21 inrätta
695 413 128 22 åtminstone
845 420 27 15 en
891 414 67 27 högre

205 448 108 23 folkskola
328 449 7 20 i
351 449 74 27 hvarje
440 449 105 21 kommun.
568 448 114 22 Allmänna
697 449 206 21 besvärsutskottets
913 448 45 27 plu-

205 483 72 22 ralitet
292 483 144 22 understödde
449 482 110 29 förslaget,
575 483 84 22 hvilket
673 482 67 23 likväl
755 482 48 22 icke
818 483 91 22 tillvann
923 483 35 26 sig

205 517 132 22 Ständernas
352 517 163 28 godkännande.
540 517 74 22 Såsom
630 517 37 22 det
681 517 120 28 vigtigaste
815 517 70 22 skälet
901 519 58 20 emot

205 558 26 15 en
248 552 69 22 sådan
335 551 174 29 lagbestämning
530 552 107 25 anfördes,
656 553 34 20 att
707 551 37 22 det
759 558 50 16 vore
824 551 85 28 obilligt
924 553 34 20 att

205 585 102 24 åhvälfva
329 586 43 22 alla
393 586 187 22 landskommuner
599 592 81 16 samma
703 588 68 25 tunga
788 588 52 20 utan
856 588 33 19 att
904 587 54 26 taga

204 620 83 28 hänsyn
304 621 34 21 till
352 621 61 22 deras
429 621 87 28 omfång
531 621 39 22 och
584 621 118 22 folktäthet
716 623 56 20 samt
787 622 35 20 att
836 621 77 27 tvinga
926 620 32 21 af-

203 655 102 27 lägsnare
319 655 82 22 boende
416 655 33 21 till
465 655 135 28 delaktighet
614 655 8 22 i
631 655 136 22 underhållet
777 655 24 21 af
809 661 25 15 en
845 655 8 21 i
862 655 95 21 kommu-

203 695 53 16 nens
269 691 94 20 centrum
374 689 92 28 belägen
481 689 111 27 folkskola,
609 689 25 22 af
646 690 87 22 hvilken
748 690 27 21 de
789 689 34 22 för
838 689 37 22 det
889 689 68 27 långa

204 723 121 22 afståndets
347 723 55 22 skull
418 723 84 22 kanske
516 723 40 22 alls
571 723 49 22 icke
633 723 72 22 kunde
719 723 102 28 begagna
835 723 41 27 sig.
905 723 51 21 Med

203 757 83 22 fästadt
301 754 101 26 afseende
417 758 13 21 å
446 758 63 22 dessa
523 758 168 27 anmärkningar
705 757 137 22 framstäldes
852 757 37 22 vid
901 759 54 20 1882

203 793 36 21 års
260 792 106 28 landtdag
385 792 8 22 i
410 792 184 28 Borgareståndet
613 794 32 20 ett
663 792 190 27 petitionsförslag,
872 792 86 22 hvilket

203 833 33 15 om
258 827 37 21 det
317 827 71 22 blifvit
410 828 91 27 antaget
523 827 33 21 till
576 827 44 28 lag,
638 827 69 21 skulle
725 827 62 27 ålagt
804 827 153 21 kommunerna

202 863 35 20 att
251 861 8 22 i
274 861 134 22 förhållande
423 861 33 22 till
471 861 151 28 folkmängden
637 861 81 22 inrätta
728 868 27 15 en
765 861 52 22 eller
826 861 52 22 flere
889 861 68 27 högre

202 895 124 22 folkskolor.
353 895 114 22 Utskottet
489 895 117 23 omfattade
623 895 111 28 förslaget,
753 895 83 22 hvilket
854 895 37 22 det
906 895 50 22 oak-

202 929 48 22 tadt
265 929 77 22 förföll.
372 929 35 22 En
421 929 147 23 betänkandet
583 929 104 28 vidfogad
701 929 132 23 reservation
849 929 106 27 framhöll,

202 965 34 21 att
257 964 59 27 barn,
340 963 33 22 för
394 964 75 22 hvilka
491 964 62 22 dessa
571 965 67 27 högre
654 963 117 23 folkskolor
788 970 51 16 vore
858 963 97 28 afsedda,

202 1001 56 18 ännu
276 998 97 22 saknade
391 999 141 27 erforderliga
550 999 130 22 elementära
697 999 129 26 kunskaper.
860 998 42 22 Vid
916 998 40 21 föl-

200 1032 66 27 jande
287 1032 105 27 landtdag
413 1033 145 22 behandlades
578 1033 79 27 frågan
677 1033 27 27 ej,
719 1039 48 16 men
783 1035 55 20 1888
854 1033 102 21 inlemna-

202 1067 37 21 des
253 1067 8 21 i
276 1067 165 22 Presteståndet
455 1070 32 19 ett
502 1067 216 28 petitionsmemorial,
733 1067 87 22 hvaruti
830 1067 125 28 påyrkades

200 1103 35 20 att
244 1101 76 28 hvarje
330 1102 99 21 kommun
441 1102 66 21 borde
518 1103 90 27 åläggas
619 1102 81 21 inrätta
710 1102 129 21 åtminstone
849 1109 27 14 en
885 1102 68 27 högre

200 1135 113 23 folkskola.
343 1131 71 27 Äfven
437 1136 60 22 detta
518 1137 82 27 förslag
622 1136 120 23 drabbades
765 1136 24 22 af
806 1143 81 15 samma
907 1136 47 28 öde,

200 1176 44 15 som
259 1171 88 21 kommit
361 1170 27 22 de
402 1170 130 28 föregående
547 1171 34 22 till
596 1171 41 21 del.

267 1205 128 21 Emellertid
416 1205 56 21 hade
491 1205 36 22 det
544 1205 72 22 blifvit
633 1206 126 27 uppenbart,
782 1207 34 20 att
838 1205 117 27 energiska

200 1239 104 26 åtgärder
324 1245 51 15 vore
397 1239 26 21 af
441 1239 76 27 nöden,
539 1239 35 22 för
592 1241 34 19 att
640 1240 77 26 bringa
732 1240 41 21 vår
787 1239 143 27 folkbildning
945 1239 7 21 i

197 1272 110 27 jemnhöjd
329 1273 48 21 med
394 1272 172 28 folkbildningen
584 1273 7 20 i
609 1273 69 21 andra
695 1273 82 22 länder.
811 1272 144 23 Framförallt

199 1307 69 21 måste
283 1307 81 21 barnen
378 1307 90 21 beredas
483 1313 58 16 mera
556 1306 84 23 tillfälle
655 1307 33 22 till
702 1307 108 28 skolgång
825 1310 27 19 än
867 1307 88 22 härtills

199 1341 105 28 erbjudits
322 1340 53 23 dem.
405 1341 76 22 Denna
498 1342 66 21 tanke
582 1341 38 28 låg
639 1342 33 21 till
686 1342 70 27 grund
771 1342 34 22 för
819 1343 32 21 ett
867 1344 54 20 1891
944 1342 8 21 i

198 1375 165 23 Presteståndet
384 1375 119 23 inlemnadt
524 1376 99 28 utförligt
640 1377 38 22 och
696 1377 112 28 grundligt
822 1377 130 23 motiveradt

199 1411 217 27 petitionsmemorial,
439 1417 43 15 som
502 1411 63 28 afsåg
580 1411 26 22 bl.
623 1419 20 14 a.
659 1412 134 22 inrättandet
808 1412 24 22 af
845 1412 64 22 minst
925 1419 28 15 en

266 1451 206 19 Kommunalutskottels
484 1452 110 18 betänkande
604 1452 35 18 N:o
652 1453 17 17 4.
