1031 1709
216 132 25 20 10
526 132 39 20 N:o
581 133 19 19 4.

184 199 79 21 Kittilä
285 199 40 22 och
347 198 120 28 Sodankylä
489 199 142 27 lappmarker,
655 198 65 22 likväl
742 198 79 22 saknar
845 198 26 22 de
893 197 47 21 rika

184 232 117 28 tillgångar
324 232 28 28 på
366 232 95 27 växtliga
475 232 108 28 naturliga
599 232 143 27 ängsmarker,
758 238 46 15 som
819 232 58 21 inom
892 231 50 21 sist-

184 267 93 21 nämnda
299 267 84 22 trakter
405 266 120 28 förefinnas,
548 273 65 15 anser
635 266 165 21 kommissionen
815 265 79 28 skäligt
909 267 33 20 att

185 301 153 27 lägenheterna
352 301 8 21 i
375 300 110 23 Kuusamo
500 301 35 21 vid
551 301 121 22 storskiftet
687 300 93 23 tilldelas
790 301 64 25 2,500
865 299 77 22 hektar

185 335 98 22 skattbar
298 335 69 27 mark,
382 335 149 22 motsvarande
547 336 98 27 5,064,50
661 334 110 27 tunnland,
787 334 29 27 på
829 334 110 27 mantalet,

184 371 25 20 så
230 370 85 27 mycket
329 375 60 16 mera
405 375 44 16 som
465 370 70 26 någon
549 369 82 28 hänsyn
645 369 40 21 bör
699 369 68 21 fästas
782 368 62 22 äfven
859 368 81 27 dervid,

185 407 33 19 att
232 404 153 28 lägenheterna
399 411 76 21 genom
491 404 233 23 knektekontraktenas
739 403 150 28 upphäfvande
905 403 36 22 be-

185 439 81 22 röfvats
281 439 48 22 sina
343 438 60 23 förra
417 439 128 28 privilegier.

253 484 136 23 Beträffande
417 485 124 27 Kuolajärvi
570 485 123 22 framhåller
718 485 166 22 kommissionen
909 487 33 20 att

185 519 69 22 denna
276 519 78 22 socken
377 526 75 21 genom
475 519 124 23 Maanselkä
621 519 59 22 delas
702 520 8 21 i
725 521 78 20 tvenne
818 519 85 27 hälfter,
919 519 25 22 af

184 553 73 22 hvilka
280 554 41 21 den
343 555 60 21 östra
426 554 83 21 hälften
530 554 75 22 består
627 554 23 21 af
671 561 26 15 en
715 554 43 27 hög
773 553 105 28 fjelltrakt
892 554 50 22 med

185 587 138 23 omvexlande
345 588 130 22 vidsträckta
497 595 66 15 moss-
586 587 39 22 och
648 588 139 28 myrmarker,
807 588 74 21 hvilka
897 588 44 22 ofta

184 629 42 21 nog
248 624 77 26 utgöra
341 622 26 22 de
382 622 199 28 hufvudsakligaste
596 622 195 28 ängstillgångarne
806 623 33 21 för
855 622 38 21 der
907 623 35 21 be-

184 657 63 27 lägna
269 657 107 28 hemman,
398 657 111 22 hvaremot
531 657 41 22 den
594 657 114 27 vestligare
731 657 62 21 delen
815 656 80 22 företer
911 658 31 21 ett

184 691 72 22 bättre
279 691 40 22 och
341 691 117 28 bördigare
473 691 109 22 utseende.
612 691 49 22 Men
677 691 62 22 äfven
753 691 40 22 här
808 693 23 19 är
847 690 95 29 åkerjor-

185 725 40 22 den
247 728 70 19 sämre
340 726 40 21 och
402 725 166 22 sädesväxterna
591 731 59 16 mera
672 727 83 20 utsatta
774 725 34 22 för
823 725 54 22 frost
892 727 27 20 än
934 726 8 21 i

184 759 118 23 Kuusamo.
327 755 212 33 Ängslägenheterna
555 760 7 22 i
578 759 69 23 denna
662 759 33 23 del
711 761 38 22 äro
765 760 96 22 deremot
876 759 67 29 något

184 795 79 21 bättre.
293 794 50 22 Alla
365 795 64 21 dessa
451 795 104 21 olikheter
578 796 37 20 äro
632 794 55 22 dock
701 794 24 22 af
738 795 40 21 den
793 794 149 22 beskaffenhet

184 831 32 19 att
238 828 27 22 de
287 831 99 26 motväga
408 829 130 27 hvarandra,
560 829 100 22 hvarföre
682 829 166 22 kommissionen
871 831 71 20 ansett

184 863 126 27 Kuolajärvi
333 863 41 22 och
388 864 111 21 Kuusamo
515 863 92 22 socknar
622 863 53 22 böra
689 864 32 21 uti
736 871 30 14 nu
780 863 162 28 ifrågavarande

187 897 100 22 afseende
302 897 49 22 med
366 897 121 22 hvarandra
502 898 113 21 likställas.

252 943 126 22 Kemiträsk
393 943 80 22 socken
488 943 39 21 har
543 943 166 22 kommissionen
721 943 95 22 deremot
825 943 117 22 betecknat

184 977 70 22 såsom
278 977 6 22 i
307 977 96 27 betydlig
427 977 49 22 mån
499 977 116 28 lyckligare
637 977 76 27 lottad,
729 977 102 22 särskildt
846 977 49 22 med
910 977 31 22 af-

184 1011 79 22 seende
285 1011 13 22 å
317 1012 38 21 der
370 1011 174 23 förekommande
558 1011 157 28 jemförelsevis
729 1011 72 22 bättre
816 1011 126 28 ängslägen-

184 1047 61 20 heter
264 1046 40 22 och
319 1046 62 22 deraf
394 1045 104 29 betingad
513 1046 110 28 möjlighet
637 1047 33 21 att
685 1046 22 22 få
722 1052 80 21 egorna
816 1046 125 27 lämpligare

184 1081 41 21 och
240 1080 209 28 ändamålsenligare
464 1081 151 26 arronderade,
626 1081 7 20 i
643 1080 142 23 betraktande
795 1080 78 23 hvaraf
881 1081 60 21 kom-

184 1115 115 21 missionen
321 1117 56 20 trott
400 1115 32 27 sig
446 1115 65 21 träffa
526 1115 41 22 den
582 1117 59 19 rätta
657 1115 138 26 medelvägen
810 1115 27 21 då
853 1115 40 21 den
908 1115 33 21 för

184 1149 155 27 lägenheterna
355 1149 8 21 i
379 1149 126 22 Kemiträsk
519 1149 78 22 socken
612 1149 97 22 förordat
724 1155 27 15 en
766 1150 59 21 areal
840 1149 24 22 af
879 1149 63 27 1,800

184 1183 84 27 hektar,
283 1183 53 22 eller
347 1183 97 26 3,646,44
457 1183 103 22 tunnland
573 1183 99 22 skattbar
683 1184 61 21 mark
754 1183 34 22 för
798 1184 45 22 helt
853 1184 88 21 mantal.

252 1224 32 21 På
298 1223 70 27 grund
384 1223 24 22 af
421 1229 30 16 nu
465 1223 91 22 anförda
571 1223 147 22 förhållanden
734 1223 65 22 hafva
814 1224 26 21 de
855 1223 24 22 af
893 1223 48 28 Sty-

186 1257 70 22 relsen
281 1257 164 21 tillförordnade
469 1257 146 21 ledamöterne
641 1258 8 20 i
671 1258 192 21 kommissionerna
885 1257 56 22 före-

185 1291 77 27 slagit:

254 1333 32 20 att
308 1331 124 22 storskiftet
454 1330 72 28 måtte,
550 1331 25 22 så
596 1330 44 23 fort
662 1332 38 21 ske
722 1331 49 29 kan,
786 1332 100 28 påbörjas
902 1332 40 23 och

184 1366 83 22 utföras
290 1366 7 22 i
321 1366 43 22 alla
379 1366 64 22 dessa
458 1367 97 27 socknar,
572 1366 55 22 dock
642 1368 32 21 att
689 1367 41 21 den
745 1369 58 20 öster
819 1374 33 15 om
867 1367 74 23 Maan-

184 1401 60 21 selkä
260 1400 177 28 höjdsträckning
452 1401 91 27 belägna
559 1401 62 22 delen
631 1401 23 22 af
663 1401 125 28 Kuolajärvi
799 1402 78 22 socken
887 1402 54 22 tills-

184 1436 73 21 vidare
272 1435 71 23 kunde
358 1435 96 23 undvara
469 1436 70 28 dylikt
553 1436 76 27 skifte;
