1034 1711
189 140 27 19 46
387 137 82 24 Ständ.
486 137 37 24 Sv.
540 151 26 2 —
582 138 73 27 Prop.
670 137 42 23 N:o
727 138 22 22 6.

537 205 27 18 54
580 203 20 28 8.

258 253 46 22 Det
324 253 75 22 tillhör
415 253 244 22 kommunalnämnden
674 256 33 19 att
721 254 132 22 handhafva
868 254 76 29 fattig-

189 289 87 21 vården
298 288 61 21 inom
381 288 138 22 kommunen
540 288 42 21 och
601 295 82 21 genom
698 288 49 22 sina
761 288 130 26 ledamöter,
907 296 38 14 en-

190 323 56 21 hvar
253 318 12 37 i
280 322 39 22 sitt
330 322 96 26 distrikt,
437 323 80 21 utöfva
527 322 78 29 tillsyn
616 322 64 22 öfver
691 322 28 22 de
729 322 215 29 hjälpbehöfvande,

190 357 93 22 såframt
301 356 19 29 ej
344 357 138 21 kommunen
504 357 129 29 uppdraget
651 358 22 20 åt
689 357 96 22 särskild
800 357 144 29 fattigvårds-

190 392 95 29 styrelse
301 391 155 22 öfverlemnat.

537 475 26 18 55
579 472 20 28 8.

258 517 21 28 Å
297 524 246 22 kommunalnämnden
565 524 130 22 ankommer
717 527 32 19 att
767 525 124 21 öfvervaka
906 525 38 21 all-

189 561 84 19 männa
286 558 190 22 helsotillståndet
490 558 62 22 inom
567 559 144 25 kommunen,
727 559 117 21 äfvensom
860 561 32 19 att
907 559 37 21 be-

190 592 112 22 träffande
322 592 72 22 helso-
417 593 42 21 och
479 592 139 28 sjukvården
633 595 58 19 samt
705 593 62 22 hvad
781 593 92 22 därmed
888 600 56 15 sam-

190 628 145 27 manhänger,
352 628 73 20 såsom
435 627 8 21 i
453 627 77 28 frågor
541 634 37 14 om
587 627 179 26 vaccinationen,
777 627 166 27 barnmorskor,

190 662 96 21 farsoter
302 662 42 20 och
360 661 164 21 smittosamma
539 661 130 28 sjukdomar
680 662 69 21 bland
759 662 130 22 menniskor
901 662 43 21 och

189 696 97 28 husdjur
301 695 52 22 med
368 703 61 13 mera
444 696 80 28 dylikt,
540 696 63 21 ställa
619 696 35 28 sig
668 696 34 21 till
717 696 134 22 efterlefnad
864 696 81 22 hvad
931 691 18 37 i

190 734 26 26 ty
231 730 39 22 fall
286 730 106 22 särskildt
406 730 155 22 föreskrifves.

258 764 252 22 Kommunalnämnden
529 772 53 21 eger
598 764 106 22 särskildt
718 766 59 21 hålla
792 766 62 21 hand
871 765 73 22 däröf-

190 807 46 19 ver,
252 801 33 19 att
299 806 90 22 person,
406 806 48 14 som
469 799 58 22 fallit
542 799 8 21 i
560 799 189 29 sinnessjukdom,
760 800 93 22 beredes
864 800 81 28 tjenlig

189 834 64 25 vård,
273 836 58 19 samt
353 836 33 19 att
403 834 87 28 fattiga,
512 834 29 21 då
557 834 27 22 de
599 834 64 22 råkat
678 834 7 21 i
701 834 84 22 sinnes-
800 834 53 22 eller
869 842 76 14 annan

190 868 113 29 sjukdom,
318 869 30 27 på
365 869 150 20 kommunens
530 868 126 21 bekostnad
671 869 73 21 undfå
759 868 134 29 erforderlig
907 869 38 22 be-

191 902 109 29 handling
316 903 42 21 och
374 903 146 21 omvårdnad.

258 937 83 22 Likaså
356 937 41 21 bör
412 937 115 22 nämnden
537 937 123 22 öfvervaka
671 939 32 19 att
712 937 84 26 blinda,
808 937 138 22 döfstumma

191 973 43 20 och
259 971 58 28 lytta
340 978 114 21 personer,
480 972 28 21 de
534 971 40 22 där
598 971 102 22 hvarken
721 971 78 22 kunna
821 972 66 21 sköta
909 972 37 28 sig

191 1006 81 28 själfva
294 1005 53 22 eller
369 1005 70 22 hafva
462 1006 114 28 anhöriga,
597 1013 49 14 som
665 1006 66 21 deras
749 1006 84 22 skötsel
848 1006 96 29 besörja,

190 1041 33 20 till
242 1039 72 29 nödig
332 1039 140 22 omvårdnad
490 1041 50 26 och,
556 1040 75 22 såvidt
645 1039 95 29 möjligt,
756 1040 134 29 erforderlig
904 1048 42 14 un-

191 1074 133 29 dervisning
338 1074 132 29 förhjälpas.

537 1151 26 19 56
579 1148 21 28 8.

258 1200 126 28 Angäende
399 1199 227 22 kommunalnämnds
642 1199 136 29 äligganden
793 1200 51 22 med
854 1200 91 28 hänsyn

190 1234 34 21 till
239 1234 77 29 frägor
332 1234 96 22 rörande
444 1234 188 28 förmynderskap
649 1234 42 22 och
705 1234 62 22 hvad
782 1234 92 22 därmed
888 1242 56 14 sam-

191 1268 138 28 manhänger
344 1270 24 18 är
384 1267 107 21 särskildt
505 1267 112 29 stadgadt.

537 1356 26 19 57
580 1354 20 29 8.

259 1406 252 22 Kommunalnämnden
529 1414 53 21 eger
598 1406 61 21 såväl
673 1406 8 21 i
696 1406 35 22 sin
746 1406 76 22 helhet
837 1414 48 15 som
901 1408 43 20 ock

191 1448 82 23 genom
292 1441 48 22 sina
362 1440 130 27 ledamöter,
514 1441 85 21 enhvar
618 1441 9 21 i
645 1440 39 22 sitt
704 1441 97 26 distrikt,
821 1441 125 23 öfvervaka
