1050 1709
180 156 27 20 26
395 155 29 22 U.
436 154 28 23 B.
482 167 24 3 —
522 154 74 28 Prop.
612 154 42 23 N:o
669 154 36 22 10.

247 221 47 21 För
311 220 145 22 närvarande
474 221 78 28 uppgå
570 220 29 21 de
618 219 204 29 aflöningsbidrag,
842 226 49 15 som
908 218 23 23 af

179 255 120 22 bankerna
315 256 102 27 utgöras,
435 254 38 21 till
489 254 103 29 följande
610 254 96 29 belopp:

247 335 240 28 Förenings-Banken
504 335 9 20 i
534 334 101 22 Finland
653 334 60 21 Fmk
732 334 80 27 2,000:
833 346 28 3 —

247 369 118 22 Nordiska
382 368 166 23 Aktiebanken
588 385 4 4 .
630 385 4 4 .
680 385 11 11 ,
733 369 79 27 1,500:
834 380 27 3 —

248 403 72 22 Wasa
338 403 71 21 Aktie
427 403 84 22 Bank.
548 420 4 4 .
589 419 4 4 .
630 419 4 4 .
680 419 11 12 ,
734 403 78 27 1,000:
835 415 27 2 —

248 437 106 28 Nylands
372 437 136 22 Aktiebank
548 454 4 4 .
590 454 4 4 .
631 453 3 4 .
680 454 12 11 »
734 437 78 27 1,200:
834 449 27 2 —

248 471 310 22 Kansallis-Osake-Pankki
590 488 4 4 .
631 487 4 5 .
680 488 12 11 ,
733 471 79 28 1,500:
835 483 27 2 —

248 506 177 22 Privatbanken
442 506 9 21 i
468 506 148 29 Helsingfors
633 522 1 4 .
680 522 11 11 ,
733 505 80 28 1,200:
835 517 27 3 —

249 540 127 22 Städernas
393 541 200 28 Hypotekskassa.
630 557 4 3 .
680 557 11 10 ,
733 540 79 27 1,000:
834 552 28 3 —

248 571 53 26 Åbo
319 575 71 21 Aktie
408 575 70 21 Bank
507 592 4 4 .
548 592 4 4 .
589 591 4 4 .
630 591 4 4 .
680 591 11 10 »
733 574 79 27 1,200:
834 586 28 3 —

636 620 60 21 Fmk
716 620 97 28 10,600:
834 632 28 3 —

248 701 37 21 Då
311 708 30 13 en
367 699 229 30 bidragsskyldighet
619 699 37 22 till
674 699 39 22 det
731 700 9 21 i
756 699 177 29 propositionen

180 735 132 28 föreslagna
338 735 131 28 procenttal
494 732 44 27 '/150
553 733 27 26 */%
604 734 44 21 sku
668 742 18 20 e,
709 734 53 22 med
780 734 152 29 iakttagande

182 770 23 22 af
231 771 35 20 ett
283 769 121 22 minimum
426 777 37 13 om
483 769 71 28 1,000
572 769 72 28 mark,
664 769 74 28 enligt
755 768 178 22 förhällandena

181 804 42 22 ult.
250 804 121 22 december
396 804 63 21 1896
486 804 65 28 gifva
578 806 33 19 ett
638 804 145 28 totalbelopp
808 811 41 21 per
867 804 26 20 är
911 804 23 21 af

182 839 71 22 omkr.
281 838 91 29 21,090
389 838 73 28 mark,
480 838 84 22 medan
581 838 37 22 för
634 838 146 22 närvarande
799 837 83 22 endast
900 840 34 19 ett

181 873 85 29 belopp
293 873 24 22 af
346 873 88 28 10,600
461 873 66 22 mark
544 873 36 22 för
599 873 132 22 ändamälet
748 873 75 28 utgär,
842 872 44 22 och
904 873 30 21 dä

181 908 88 27 vidare,
296 907 70 22 äfven
383 915 37 14 om
438 907 40 22 det
495 915 29 14 ur
540 907 103 22 tabellen
660 907 150 28 framgäende
828 909 106 26 procent-

181 942 59 21 talet
260 942 37 21 för
323 941 125 22 tillväxten
469 942 23 21 af
509 942 131 21 bankernas
658 942 80 21 aktiva
755 941 37 22 för
809 941 125 22 framtiden

180 977 92 21 komme
299 978 36 19 att
360 977 74 27 något
460 976 90 29 sjunka,
577 984 29 13 en
631 975 133 29 betydande
786 975 95 22 tillväxt
898 975 36 22 för

181 1011 81 28 hvarje
281 1011 26 20 år
324 1010 60 21 dock
403 1014 25 17 är
444 1012 34 19 att
488 1012 92 26 emotse,
589 1010 43 21 har
641 1010 123 22 Utskottet
776 1012 77 19 ansett
862 1010 72 29 sagda

182 1045 131 29 procenttal
339 1045 80 21 kunna
448 1045 120 21 reduceras
596 1047 58 19 samt
680 1045 9 21 i
715 1044 84 22 sådant
826 1044 108 22 afseende

181 1079 127 29 föreslagit,
335 1081 35 20 att
396 1079 128 22 detsamma
540 1079 77 22 blefve
635 1079 119 22 faststäldt
772 1079 38 21 till
835 1077 47 26 /so
900 1077 33 27 %/

181 1113 55 22 Med
261 1113 153 29 iakttagande
448 1113 67 22 häraf
541 1114 74 21 skulle
632 1113 85 28 högsta
734 1113 200 29 bidragsskyldig-

181 1147 71 22 heten
271 1147 74 29 enligt
362 1147 177 22 förhållandena
556 1147 40 22 vid
614 1147 84 22 nämda
709 1147 113 29 tidpunkt
833 1148 102 28 uppgått

182 1182 38 21 till
245 1182 71 21 omkr.
343 1182 61 21 Fmk
424 1182 95 27 14,040,
537 1181 94 23 hvadan
648 1182 133 21 bankernas
799 1181 135 22 nuvarande

181 1215 84 29 bidrag
283 1216 73 21 redan
374 1216 58 21 efter
450 1216 76 21 denna
544 1215 220 29 beräkningsgrund
774 1215 79 22 kunde
862 1216 73 28 något

180 1249 110 29 förhöjas,
326 1249 78 21 därest
438 1250 97 27 publika
570 1249 115 21 ombuden
719 1249 77 22 blefve
826 1249 109 21 åhvälfda

182 1283 28 21 de
237 1283 74 22 ökade
347 1283 166 29 skyldigheter,
543 1283 81 22 hvilka
650 1283 123 21 Utskottet
800 1283 70 21 ofvan
896 1283 38 21 be-

181 1319 55 27 rört,
264 1317 44 22 och
335 1325 29 14 en
390 1317 62 22 ökad
478 1318 130 28 ersättning
629 1318 37 21 för
687 1317 115 22 desamme
820 1317 114 23 befunnes

182 1352 66 23 däraf
265 1352 117 30 påkallad.

249 1388 48 22 För
322 1387 146 23 närvarande
494 1387 60 29 lyfta
580 1387 29 22 de
636 1387 96 29 publika
751 1387 116 23 ombuden
884 1387 51 22 sina

182 1422 103 22 arvoden
302 1422 78 22 direkt
396 1422 42 22 hos
456 1430 60 21 resp.
534 1422 94 22 banker.
662 1422 71 22 Detta
750 1423 73 29 något
841 1424 94 28 oegent-

181 1456 48 30 liga
255 1458 174 28 förfaringssätt
451 1457 72 22 borde
541 1457 75 29 enligt
633 1458 134 22 Utskottets
784 1456 150 24 förmenande

249 1501 144 19 Bankutskottets
406 1501 110 18 betänkande
527 1502 37 17 N:o
577 1502 15 17 1.
