1039 1703
236 139 27 21 38

517 203 48 21 VII
580 202 63 25 Kap.

351 252 44 22 Om
410 252 226 28 underställning
651 252 48 22 och
714 253 103 21 besvär.

552 323 25 20 97
594 323 19 25 8.

275 373 250 22 Kommunalstämmas
548 373 76 22 beslut
643 372 66 28 skall,
724 372 37 22 för
776 373 34 20 att
825 371 71 22 vinna
911 371 49 29 gäl-

207 409 67 22 lande
289 408 69 27 kraft,
374 408 153 21 underställas
538 408 113 21 Senatens
659 406 300 29 Ekonomiedepartements

207 443 111 29 pröfning
340 443 43 21 och
405 442 155 29 fastställelse,
577 442 29 21 då
619 442 102 21 beslutet
735 441 72 28 angår
821 440 78 28 (utesl.)
914 440 46 21 för-

208 477 107 28 säljning,
336 476 213 29 pantförskrifning
564 476 56 21 eller
634 476 83 28 utbyte
733 475 24 22 af
769 475 72 23 sådan
856 475 104 21 kommu-

208 519 45 13 nen
275 510 106 28 tillhörig
402 510 47 21 fast
472 510 113 29 egendom
608 509 56 22 eller
678 509 117 28 rättighet,
812 515 49 15 som
876 515 84 22 genom

208 546 69 28 gåfva
292 545 56 21 eller
362 546 138 20 testamente
515 544 100 22 tillfallit
630 544 141 21 kommunen
782 542 43 22 och
834 542 81 22 blifvit
922 550 39 14 an-

208 580 80 28 slagen
309 579 37 21 för
360 580 57 26 visst,
434 579 52 21 dess
502 586 169 21 gemensamma
687 580 67 26 nytta
769 577 108 21 afseende
893 576 68 22 ända-

208 614 51 27 mål,
283 614 119 20 äfvensom
425 613 8 21 i
455 612 66 29 fråga
543 620 36 14 om
596 612 233 22 öfverenskommelse
844 612 57 21 eller
916 611 44 21 för-

207 648 100 27 likning,
332 647 116 22 verkande
474 647 37 21 till
533 646 100 29 ändring
655 646 56 22 eller
732 646 172 28 inskränkning
926 645 35 21 uti

208 682 44 21 den
274 683 46 20 rätt
343 682 141 21 kommunen
506 681 37 22 till
566 681 71 22 sådan
659 680 112 29 fastighet
793 681 56 20 eller
871 679 90 22 förmån

208 723 54 21 eger
276 715 83 28 (utesl.).

275 749 83 22 Beslut
380 750 56 21 eller
456 749 94 29 förslag,
567 749 91 22 hvilket
674 749 41 22 bör
729 748 154 22 underställas
898 748 64 28 pröf-

208 784 58 28 ning
288 784 26 21 af
331 784 113 21 Senatens
459 783 296 28 Ekonomiedepartement,
773 783 59 21 skall
852 782 109 21 insändas

208 818 38 21 till
268 818 158 26 Guvernören,
449 825 49 14 som
521 817 42 22 har
586 819 34 20 att
640 817 170 29 handlingarna
821 817 74 28 jemte
910 818 53 26 eget

208 852 119 22 utlåtande
342 852 37 21 till
394 852 190 28 Departementet
600 851 148 22 öfverlemna.

555 921 27 21 98
597 921 20 26 &.

280 971 148 22 Guvernörens
449 971 108 28 pröfning
581 971 59 22 skola
664 971 143 22 underställas
831 971 131 22 kommunal-

208 1007 101 20 stämmas
324 1005 66 21 beslut
404 1005 8 20 i
428 1005 25 20 de
468 1006 101 26 ärenden,
585 1012 33 14 om
633 1004 71 22 hvilka
719 1005 80 21 sådant
812 1005 9 20 i
836 1004 72 21 denna
920 1005 43 27 för-

210 1039 94 28 ordning
318 1039 102 22 särskildt
433 1038 142 29 föreskrifves,
589 1040 56 20 samt
660 1039 103 22 dessutom
779 1038 71 27 beslut,
865 1045 43 14 som
925 1045 38 15 an-

208 1074 41 27 går
270 1073 109 22 bildande
402 1072 25 21 af
449 1072 244 29 brandstodsförening
713 1073 50 21 eller
777 1072 149 29 upptagande
941 1072 25 21 af

208 1108 45 27 län,
270 1107 72 21 stäldt
356 1107 30 28 pä
400 1101 87 34 längre
495 1107 219 28 äterbetalningstid
729 1110 29 18 än
773 1107 33 20 tio
822 1107 30 21 år.

278 1141 44 22 Till
339 1141 163 22 Guvernörens
518 1140 112 29 pröfning
641 1141 168 22 öfverlemnadt
819 1141 77 21 beslut
904 1141 59 21 skall

209 1175 126 22 fastställas
351 1175 149 21 oförändradt
516 1175 56 22 eller
587 1175 89 28 ogillas.
702 1175 88 28 Vägras
806 1175 156 28 fastställelse,

209 1209 113 29 uppgifve
344 1209 151 22 Guvernören
512 1209 80 21 skälen
608 1209 83 26 dertill,
708 1209 42 22 och
767 1213 24 17 är
807 1209 38 21 det
860 1209 104 22 kommu-

209 1244 137 21 nalstämma
361 1243 107 28 obetaget
484 1246 39 25 att,
539 1251 38 13 om
592 1243 45 21 den
652 1246 49 18 tror
715 1244 38 27 sig
769 1243 78 21 dertill
863 1243 41 28 fog
914 1251 49 20 ega,

210 1278 65 21 öfver
290 1277 86 28 vägrad
390 1277 149 22 fastställelse
555 1277 80 22 anföra
651 1278 84 28 klagan
751 1277 8 21 i
775 1277 113 22 Senatens
903 1277 61 22 Eko-

209 1312 243 29 nomiedepartement.

560 1365 27 22 99
603 1366 19 26 8.

277 1404 70 28 Hvar,
372 1412 48 14 som
443 1404 51 22 icke
517 1404 66 30 nöjes
599 1405 24 21 ät
637 1405 83 27 beslut,
736 1404 86 31 fattadt
841 1405 4 21 i
861 1405 103 22 kommu-

209 1440 142 27 nalstämma,
367 1440 77 27 (utesl.)
460 1438 25 22 af
499 1439 290 29 kommunalfullmäktige,
806 1440 78 28 (utesl.)
900 1440 64 22 kom-
