1042 1709
186 154 13 20 4
379 151 84 23 Ständ.
479 152 38 22 Sv.
532 165 29 3 —
575 152 74 28 Prop,
665 152 42 22 N:o
723 152 21 22 7.

256 224 150 21 Beträffande
429 223 162 23 anskaffandet
609 224 23 21 af
650 223 195 22 ofvanomordade
862 223 75 22 medel

187 258 96 29 utbedja
310 258 36 28 sig
374 258 130 22 Ständerna
527 260 34 20 att
584 258 24 22 få
625 258 98 22 hänvisa
740 258 38 22 till
796 258 41 22 sitt
854 258 83 22 under-

188 292 85 29 dåniga
292 300 52 14 svar
362 292 8 21 i
388 292 127 29 anledning
532 293 23 21 af
573 292 74 22 Eders
665 292 133 29 Kejserliga
815 293 122 28 Majestäts

186 327 86 28 nådiga
290 327 144 28 proposition
453 327 120 28 angående
591 327 108 28 samtliga
716 327 40 22 vid
774 327 160 22 innevarande

186 361 114 28 landtdag
318 361 85 22 äskade
418 361 81 29 anslag
512 363 59 20 samt
582 363 131 26 utvägarna
722 361 37 22 till
769 361 66 22 dessa
844 361 93 30 anslags

185 395 155 23 bestridande.

253 533 12 22 I
289 532 167 29 sammanhang
479 533 52 22 med
555 540 32 15 nu
612 533 153 22 förevarande
783 533 86 29 nådiga
886 541 51 21 pro-

186 568 101 29 position
305 567 71 23 hafva
395 567 129 22 Ständerna
542 567 61 30 tagit
614 567 9 22 i
633 567 178 30 öfvervägande,
821 567 116 23 huruvida

185 603 52 21 icke
255 610 84 21 genom
350 602 138 22 förändrade
501 602 158 29 anordningar
674 602 23 21 af
706 602 90 22 arbetet
808 603 40 21 vid
860 603 77 21 landt-

186 637 104 29 dagarna
314 645 28 13 en
363 637 118 28 möjligast
505 637 146 28 omsorgsfull
668 637 143 28 behandling
830 637 24 22 af
871 641 65 18 ären-

186 671 59 22 dena
264 671 77 22 kunde
360 671 118 22 befordras
497 673 58 20 samt
574 671 39 21 det
629 671 142 22 öfverdrifna
782 671 119 29 hopandet
914 672 23 21 af

186 706 85 28 arbete,
302 713 48 14 som
379 705 91 23 härtills
496 708 48 20 mot
570 705 155 29 landtdagens
752 705 47 22 slut
817 708 39 27 egt
879 714 56 21 rum,

183 741 159 22 förekommas.

253 775 12 22 I
290 776 55 21 män
372 775 23 22 af
424 774 46 22 den
496 774 136 30 fortgäende
660 774 276 31 samhällsutvecklingen

186 810 54 22 ökas
253 810 133 29 naturligen
409 809 117 29 mängden
544 809 43 23 och
599 809 149 29 mångfalden
762 809 23 22 af
797 810 28 21 de
838 811 13 21 &
863 810 72 22 hand-

184 845 115 29 läggning
317 845 23 22 af
358 845 213 29 representationen
589 844 168 22 ankommande
777 845 101 22 ärenden
892 845 43 22 och

186 879 76 22 denna
290 879 87 29 ökning
403 879 53 22 frän
478 879 113 28 landtdag
611 879 38 21 till
666 879 114 28 landtdag
797 880 74 21 mäste
889 884 46 17 sär-

186 914 72 21 skildt
275 917 57 26 göra
350 914 35 29 sig
402 913 114 28 kännbar,
534 914 25 21 sä
573 913 69 29 länge
656 914 215 28 representationen
883 915 52 21 icke

184 948 182 22 sammanträder
383 949 74 21 oftare
475 952 30 18 än
523 948 58 21 efter
597 950 36 19 tre
651 948 36 21 ärs
705 948 98 28 förlopp.
838 949 97 29 Knapp-

183 982 70 22 heten
280 983 23 21 af
332 983 45 21 den
404 982 42 28 tid,
473 990 48 14 som
547 986 26 17 är
595 984 86 19 utmätt
699 982 36 21 för
752 982 182 29 landtdagarnas

184 1017 102 28 arbeten,
304 1017 108 22 framstår
430 1016 78 23 därför
525 1017 42 22 allt
585 1024 48 14 mer
645 1016 44 21 och
700 1024 54 20 mer,
767 1017 43 21 och
823 1018 111 21 särskildt

183 1051 73 22 under
278 1051 46 22 den
346 1059 80 14 senare
448 1051 67 22 delen
533 1051 22 22 af
573 1050 182 29 landtdagarnas
774 1059 159 15 sammanvaro

182 1086 85 22 blifver
288 1085 38 22 det
347 1085 147 30 nödvändigt
512 1088 34 20 att
563 1085 88 22 forcera
670 1085 89 22 arbetet
776 1087 31 27 pä
824 1088 35 19 ett
879 1089 54 26 sätt,

184 1128 48 14 som
262 1121 20 28 ej
310 1121 47 21 kan
384 1122 72 20 annat
483 1124 29 18 än
535 1119 146 30 väsentligen
710 1119 127 23 förminska
861 1121 72 22 förut-

183 1155 163 28 sättningarna
369 1155 36 21 för
428 1155 126 21 ärendenas
576 1154 161 29 omsorgsfulla
761 1154 42 21 och
825 1155 108 30 allsidiga

182 1189 116 28 pröfning.

250 1223 47 22 För
324 1223 126 22 ernäendet
473 1223 23 22 af
514 1231 28 14 en
561 1223 222 30 ändamälsenligare
802 1223 131 30 anordning

182 1257 23 21 af
231 1257 217 28 landtdagsarbetet
465 1264 54 14 vore
543 1257 40 20 det
604 1257 175 28 otvifvelaktiet
797 1258 134 27 önskvärdt,

183 1293 35 19 att
234 1290 123 29 möjlighet
377 1290 79 21 kunde
479 1290 96 21 beredas
598 1291 99 21 ständen
719 1293 34 20 att
771 1292 48 21 före
838 1291 95 22 ärende-

181 1333 42 13 nas
249 1325 80 22 remiss
356 1325 37 21 till
416 1325 91 21 utskott
532 1324 49 22 dels
605 1325 126 22 verkställa
755 1328 34 19 ett
813 1328 119 27 strängare

181 1360 67 22 urval
266 1360 23 22 af
307 1359 28 22 de
353 1360 63 21 inom
434 1359 98 22 ständen
547 1360 136 22 framstälda
695 1361 236 29 petitionsförslagen,

180 1395 48 22 dels
256 1403 60 21 egna
342 1395 28 21 de
396 1394 87 29 nådiga
504 1395 201 29 propositionerna
724 1396 43 22 och
785 1396 146 22 motionsför-

180 1430 80 28 slagen
282 1438 29 13 en
334 1429 150 29 grundligare
506 1429 144 30 behandling
673 1434 30 18 än
721 1430 52 22 med
792 1430 107 23 afseende
918 1432 13 21 &

180 1464 44 22 den
238 1465 90 29 knappt
340 1464 110 23 tillmätta
460 1464 63 22 tiden
534 1464 115 22 härintills
660 1465 89 23 kunnat
756 1466 173 29 ifrägakomma.
