1034 1709
182 134 27 19 30
377 132 81 22 Ständ.
473 132 37 22 Sv.
526 144 26 2 —
568 132 72 26 Prop.
656 131 42 22 N:o
714 131 20 21 6.

250 196 79 28 Angår
352 196 79 20 sådant
452 196 83 21 ärende
550 196 80 21 endast
644 196 8 20 i
667 196 84 20 mantal
766 198 45 18 satt
824 195 59 28 jord,
899 197 37 19 må

182 230 19 27 ej
221 230 70 20 andra
313 232 29 18 än
361 230 34 25 de,
415 236 49 14 som
481 230 36 20 för
533 230 70 20 sådan
616 229 53 28 jord
684 232 38 18 äro
739 230 195 28 röstberättigade,

182 264 105 21 däröfver
309 264 74 21 rådslå
406 264 42 21 och
469 264 97 26 besluta;
590 264 43 20 och
656 264 135 22 tillkommer
813 266 123 20 rösträtten

181 298 164 22 innehafvaren
367 298 23 21 af
409 298 89 28 jorden,
521 305 54 14 vare
597 298 35 28 sig
654 298 74 22 denna
745 298 76 22 tillhör
840 299 94 25 kronan,

182 332 81 21 allmän
277 332 126 28 inrättning
418 332 53 22 eller
487 332 88 23 enskild
590 340 88 21 person,
696 333 76 22 därest
786 333 51 22 icke
853 341 83 21 egaren

182 369 24 18 är
224 366 4 21 i
242 367 139 21 kommunen
398 366 75 22 bosatt
488 368 43 20 och
546 369 122 19 rösträtten
683 367 35 29 sig
733 367 130 22 förbehållit
878 370 58 19 samt

182 401 77 21 därom
281 401 33 21 till
337 401 138 28 anteckning
495 401 8 21 i
525 401 146 28 röstlängden
692 402 89 21 anmält.
812 402 68 21 Hvad
894 402 41 21 här

182 438 64 25 säges
262 442 36 14 om
311 435 54 28 jord
379 436 69 28 gäller
461 436 8 20 i
479 435 131 29 tillämpliga
620 436 40 20 fall
670 436 68 21 äfven
748 436 133 28 lägenheter
893 437 42 21 och

181 469 157 29 inrättningar,
360 470 77 21 hvilka
459 470 7 21 i
489 470 106 22 afseende
614 472 12 19 å
645 470 134 29 deltagande
797 470 8 22 i
821 471 62 21 vissa
898 471 37 21 all-

181 507 82 18 männa
278 504 81 22 besvär
374 504 69 21 hafva
459 504 34 29 sig
508 505 84 21 mantal
607 506 79 20 åsatta.

249 538 87 22 Finnas
353 539 54 21 flere
422 539 158 29 församlingar
595 540 108 22 förenade
718 540 73 22 under
806 547 129 21 gemensam

181 573 270 29 kommunalförvaltning
470 575 42 21 och
527 577 37 19 rör
580 574 80 28 frågan
674 575 58 21 blott
748 582 27 14 en
791 575 144 28 församlings

181 610 51 23 rätt,
251 608 53 22 eller
326 610 69 26 angår
418 609 69 21 saken
509 609 79 21 endast
609 616 29 14 en
656 611 74 19 såsom
745 609 91 21 distrikt
851 609 84 21 afskild

182 642 36 22 del
236 642 25 21 af
281 643 143 25 kommunen,
443 650 41 21 ege
502 644 43 21 ock
563 643 93 21 allenast
676 644 44 21 den
734 643 133 29 församling
882 644 53 21 eller

182 677 79 21 sådant
277 677 90 21 distrikt
382 680 32 18 att
429 678 69 21 saken
513 678 34 21 till
563 678 175 28 öfverläggning
752 678 43 21 och
811 678 124 28 afgörande

180 711 9 21 i
204 711 224 21 kommunalstämma
443 714 107 26 upptaga.

528 800 25 19 12
569 798 20 28 8.

249 848 146 29 Röstegande
417 848 45 22 kan
484 848 35 22 sin
541 849 61 21 talan
620 849 43 22 och
680 852 93 20 rösträtt
792 850 110 22 öfverlåta
922 851 13 21 å

181 891 75 13 annan
271 883 96 21 medlem
381 884 24 20 af
419 883 136 22 kommunen
567 884 53 21 eller
631 884 139 28 skyldeman,
782 892 48 14 som
841 888 24 18 är
875 885 60 21 finsk

181 918 154 28 medborgare,
351 918 92 21 såframt
459 918 64 22 desse
538 922 38 18 äro
592 918 140 29 berättigade
745 922 33 19 att
788 920 50 21 föra
848 927 86 14 annans

180 953 62 20 talan
256 953 42 21 hos
315 953 95 21 domstol
426 953 52 21 eller
493 960 75 14 annan
584 953 81 21 allmän
679 954 146 28 myndighet;
843 955 42 21 och
900 957 33 19 ut-

181 986 63 22 färde
267 986 36 21 för
325 986 80 22 sådant
427 987 103 21 ändamål
553 989 13 19 å
582 987 47 21 viss
647 994 84 21 person
749 988 58 21 stäld
822 988 111 26 fullmakt,

180 1020 158 22 innehållande
353 1020 92 29 uppgift
460 1023 13 19 å
488 1021 38 21 det
541 1021 110 21 särskilda
665 1022 93 25 tillfälle,
775 1022 28 21 då
819 1022 44 22 den
877 1023 58 21 skall

180 1054 122 29 begagnas,
325 1054 53 22 eller
400 1055 99 28 lydande
521 1055 35 21 för
578 1055 47 21 viss
648 1055 39 26 tid,
710 1056 69 28 högst
798 1059 31 19 ett
847 1058 31 24 år,
898 1064 36 14 om

180 1088 132 22 utställaren
333 1088 62 22 inom
416 1089 77 21 landet
515 1089 35 28 sig
568 1090 138 27 uppehåller,
721 1097 52 15 men
788 1090 8 21 i
811 1094 69 18 annat
895 1091 40 21 fall

180 1123 36 21 för
239 1124 44 20 den
305 1123 33 21 tid
360 1124 45 20 han
426 1123 65 21 borta
513 1126 31 23 är,
567 1123 58 21 dock
648 1123 19 29 ej
691 1124 36 21 för
749 1124 79 28 längre
850 1125 34 21 tid
905 1128 30 18 än

181 1157 45 22 fem
241 1159 32 20 år.

248 1192 151 25 Fullmakten,
422 1199 49 13 som
492 1192 56 21 skall
566 1199 55 14 vara
643 1192 109 28 antingen
770 1193 103 22 skrifven
889 1194 44 21 och

180 1226 176 22 underskrifven
379 1226 23 21 af
419 1226 131 22 utställaren
570 1229 56 19 samt
644 1226 52 22 med
712 1227 86 21 dennes
813 1227 61 29 sigill
889 1228 44 21 för-

181 1259 61 25 sedd,
259 1259 53 21 eller
328 1260 23 20 af
363 1260 84 20 honom
456 1260 171 21 undertecknad
638 1262 42 19 och
690 1261 24 21 af
723 1261 90 21 vittnen
822 1262 111 28 bestyrkt,

180 1293 35 21 får
230 1293 20 27 ej
267 1293 24 21 af
306 1294 43 20 den
363 1293 200 28 befullmäktigade
579 1295 13 19 å
606 1301 75 14 annan
696 1294 128 26 öfverlåtas,
841 1295 93 21 såframt

181 1327 19 29 ej
216 1330 45 18 rätt
275 1327 33 21 till
324 1327 141 22 öfverlåtelse
480 1327 8 21 i
502 1328 135 22 fullmakten
652 1328 140 28 medgifvits.

248 1362 74 28 Ingen
339 1364 37 19 må
393 1364 30 26 på
440 1362 75 28 grund
533 1362 23 22 af
570 1362 105 22 fullmakt
690 1363 50 21 föra
754 1363 61 22 talan
831 1364 52 21 eller
898 1366 35 19 ut-

181 1396 53 22 öfva
248 1400 57 18 röst-
320 1396 52 22 eller
387 1397 82 22 valrätt
484 1397 36 21 för
534 1405 48 14 mer
597 1400 29 19 än
641 1400 38 20 två
694 1398 195 29 röstberättigade,
901 1400 32 21 så-

180 1432 53 22 vida
248 1432 20 28 ej
285 1432 65 22 dessa
365 1435 38 18 äro
419 1432 142 22 sinsemellan
577 1432 139 29 skyldemän.
