1034 1711
119 721 29 20 38
163 719 21 28 &.

118 1268 28 19 39
162 1267 20 28 8.

202 140 26 19 10
397 137 82 23 Ständ.
494 136 38 23 Sv.
547 150 28 2 —
591 137 73 27 Prop.
679 136 42 22 N:o
736 136 21 22 6.

268 202 33 22 Af
319 203 27 20 de
369 202 8 20 i
400 202 55 21 sista
476 204 124 19 momentet
617 201 23 21 af
657 201 173 27 ifrägavarande
847 200 107 28 paragraf

200 236 185 22 förekommande
409 235 121 29 ordalagen
550 236 48 26 ,för
616 238 32 18 att
663 233 140 30 fullmäktige
818 235 52 21 med
885 234 68 22 erfor-

200 271 87 28 derliga
309 270 166 29 upplysningar
497 270 152 28 tillhandagä*
672 270 76 21 kunde
768 270 38 21 det
821 276 68 22 synas
905 276 48 15 som

200 312 37 14 om
252 307 185 26 representanten
452 305 35 22 för
497 304 245 22 kommunalnämnden
751 305 41 21 vid
801 303 153 29 fullmäktiges

200 339 165 22 sammanträde
387 339 20 28 ej
426 340 57 28 egde
502 347 76 14 annan
592 342 44 18 rätt
651 342 28 17 än
694 342 34 19 att
742 346 67 15 svara
823 340 29 27 pä
867 338 34 21 till
915 339 39 21 ho-

199 382 53 14 nom
275 375 72 21 stälda
369 374 83 28 frågor.
482 375 36 20 Då
540 373 121 28 meningen
682 374 70 21 likväl
769 373 65 22 torde
852 381 55 14 vara
922 376 32 19 att

199 409 74 21 denne
295 411 155 26 representant
473 409 68 21 äfven
559 408 114 29 själfmant
687 409 71 20 borde
773 408 23 21 få
812 408 93 29 bidraga
920 408 34 21 till

199 443 136 22 utredandet
350 443 23 21 af
389 443 26 21 de
435 443 194 29 angelägenheter,
646 450 48 15 som
709 443 136 25 förehafvas,
861 443 41 21 har
917 443 36 21 be-

199 479 144 28 stämningen
362 478 154 21 omstiliserats
541 478 91 25 därhän,
651 481 32 18 att
698 478 125 21 nämndens
839 485 114 21 represen-

199 516 49 19 tant
271 520 53 21 eger
343 515 44 18 rätt
405 516 32 18 att
453 513 89 28 deltaga
557 513 9 20 i
579 512 153 29 fullmäktiges
747 513 206 28 öfverläggningar,

199 555 51 13 men
273 547 19 27 ej
312 547 8 20 i
337 547 110 25 besluten,
467 547 93 22 säframt
576 547 46 21 han
636 547 50 21 icke
701 547 72 21 tillika
789 550 24 18 är
827 547 78 21 invald
920 547 34 22 till

198 581 139 29 fullmäktig;
359 582 99 21 hvarhos
477 584 31 18 ett
526 580 168 29 förtydligande
710 583 85 19 ansetts
811 581 142 28 erforderligt

200 617 77 21 därom
300 619 33 18 att
355 616 44 21 den
420 616 104 26 ledamot,
548 623 48 14 som
614 616 40 21 vid
668 616 81 21 hinder
764 616 36 20 för
815 616 138 21 kommunal-

198 651 127 21 nämndens
348 650 135 22 ordförande
506 651 41 21 har
570 653 31 19 att
619 650 113 22 företräda
747 650 84 21 honom
846 651 42 21 hos
903 650 50 21 full-

199 686 105 27 mäktige,
319 685 42 22 bör
377 689 61 17 utses
454 685 24 21 af
490 685 120 21 nämnden.

267 720 12 20 I
301 721 26 19 38
347 720 13 27 &
379 720 81 21 saknas
483 719 159 22 motsvarande
664 719 118 28 paragrafs
801 721 34 26 (37
855 720 23 28 8)
896 720 8 20 i
921 727 32 13 nu

199 753 104 29 gällande
317 753 136 28 förordning
467 753 143 29 bestämning
626 754 82 25 därom,
725 756 32 19 att
769 754 136 28 kungörelse
916 761 37 14 an-

199 788 87 28 gående
304 788 284 29 kommunalfullmäktiges
603 788 73 21 beslut
691 788 8 21 i
715 789 89 25 ärende,
820 796 49 13 som
884 790 69 27 angår

199 823 144 25 kommunen,
361 822 39 21 bör
415 822 102 22 utfärdas
533 825 12 19 &
560 823 38 21 det
613 823 67 28 spräk
699 822 95 22 flertalet
813 823 25 20 af
853 823 100 21 kommu-

198 864 56 14 nens
273 857 143 21 medlemmar
438 856 116 29 begagnar
572 859 57 19 samt
643 857 9 20 i
666 857 28 21 de
709 857 140 25 kommuner,
865 857 40 21 där
921 859 32 19 sä-

198 890 37 21 väl
250 891 99 21 svenska
365 898 48 14 som
427 891 74 21 finska
516 892 98 27 språken
623 891 63 25 talas,
703 892 6 20 å
719 891 73 29 bägge
802 892 65 20 dessa
878 892 73 27 språk.

198 924 36 21 Då
255 928 32 18 ett
310 925 125 28 stadgande
456 925 8 21 i
487 926 80 21 sådant
589 925 60 28 syfte
671 926 124 21 emellertid
813 929 24 17 är
855 925 25 21 af
896 928 57 19 stort

198 959 76 26 värde,
292 961 73 20 säsom
380 960 83 27 egnadt
479 963 32 18 att
526 960 35 21 uti
575 959 171 28 ifrägavarande
758 960 105 22 afseende
874 967 79 21 garan-

198 997 48 18 tera
259 994 146 28 tillämpning
420 994 25 21 af
457 995 95 21 rättvisa
567 995 42 21 och
621 994 107 28 billighet,
740 994 69 22 hafva
819 994 133 26 Ständerna,

198 1029 52 21 med
269 1028 157 22 bibehållande
441 1028 8 21 i
463 1029 131 21 hufvudsak
609 1028 23 22 af
646 1029 161 28 nyssnämnda,
823 1028 36 22 för
874 1032 78 19 närva-

198 1063 70 21 rande
283 1063 104 28 gällande
402 1063 143 29 bestämning
560 1064 8 20 i
583 1066 80 22 ämnet,
679 1064 159 28 kompletterat
848 1071 104 21 paragra-

198 1096 39 22 fen
260 1097 92 25 därhän,
375 1100 32 18 att
429 1098 143 28 kungörelse,
591 1105 49 13 som
657 1098 8 20 i
678 1098 135 28 paragrafen
829 1098 66 25 afses,
912 1098 40 22 bör

197 1131 102 21 utfärdas
318 1132 13 19 å
350 1131 37 20 det
406 1132 74 27 språk,
495 1132 87 27 hvarpä
597 1132 81 21 allmän
693 1132 129 28 gudstjenst
836 1132 8 21 i
859 1132 92 22 försam-

197 1165 79 28 lingen
297 1165 112 26 förrättas,
432 1173 53 14 men
506 1167 30 27 pä
553 1166 57 21 både
625 1165 73 22 finska
714 1167 43 20 och
774 1167 97 21 svenska
885 1167 7 21 i
908 1167 43 21 för-

198 1199 103 28 samling,
325 1199 39 21 där
388 1199 103 29 offentlig
513 1199 129 29 gudstjenst
664 1200 148 28 regelbundet
833 1201 71 22 hälles
923 1203 28 26 pä

197 1233 121 21 hvartdera
333 1233 97 27 spräket.

266 1267 60 20 Enär
349 1267 37 21 det
404 1267 8 21 i
432 1269 11 19 1
459 1275 65 13 mom.
541 1267 25 22 af
578 1269 28 20 39
623 1268 13 28 &
652 1275 26 14 ur
694 1268 104 28 gällande
813 1269 138 21 kommunal-

198 1300 136 29 förordning
348 1304 117 25 upptagna
480 1301 134 28 stadgandet
625 1304 32 19 att
667 1299 87 30 förslag
763 1309 37 14 om
811 1303 140 21 afskaffande

197 1335 23 21 af
238 1335 419 29 kommunalfullmäktiginstitutionen
675 1336 49 21 icke
740 1335 35 22 fär
794 1336 4 21 i
812 1337 139 22 kommunal-

197 1373 94 18 stämma
308 1370 121 28 företagas,
448 1371 47 21 förr
513 1374 29 18 än
557 1371 45 21 fem
617 1373 25 19 är
656 1371 97 22 förflutit
768 1372 70 21 sedan
853 1373 51 21 dess
919 1373 32 21 in-

196 1404 95 22 förande
313 1404 109 29 möjligen
443 1406 77 21 kunde
538 1413 55 14 vara
608 1406 82 28 egnadt
706 1408 32 19 att
753 1406 82 22 afhälla
850 1407 100 22 kommu-

196 1446 71 14 nerna
282 1439 51 22 frän
348 1442 31 19 att
395 1439 100 29 tillämpa
510 1440 166 26 institutionen,
692 1440 28 22 dä
736 1440 129 23 densamma
880 1443 70 21 mäste
