1042 1709
326 120 25 22 U.
369 120 27 22 B:
414 134 26 3 —
457 121 72 29 Prop.
545 121 44 22 N:o
605 120 22 22 2.
793 121 27 19 23

104 192 81 22 seende
202 193 13 19 &
232 194 27 20 10
275 192 14 29 $
305 187 25 27 11
343 193 52 28 kap.
407 192 27 23 R.
446 194 28 21 B.
495 193 44 23 Väl
550 197 24 18 är
584 193 39 22 det
634 192 116 29 sjelffallet
760 193 34 20 att
804 191 46 22 vite

104 227 42 23 bör
166 228 77 21 kunna
259 228 128 28 föreläggas
403 229 80 21 endast
498 229 8 22 i
521 229 109 22 brottmål
646 228 26 21 af
684 227 88 22 mindre
787 224 64 31 bety-

103 263 90 21 denhet.
225 263 54 21 Men
303 264 39 21 det
361 263 74 29 gifves
451 264 68 22 äfven
534 264 84 22 sådana
633 263 87 21 mindre
735 262 115 25 brottmål,

104 299 36 21 för
173 299 78 21 hvilka
279 299 82 28 högsta
393 300 88 21 straffet
517 302 67 27 utgör
616 307 48 14 mer
694 302 29 18 än
751 299 41 20 tvä
816 299 35 20 ärs

103 334 113 29 fängelse;
240 335 41 21 och
303 342 53 14 vare
378 335 35 29 sig
436 335 84 22 brottet
543 335 65 22 faller
631 335 61 21 inom
712 334 56 21 eller
788 336 62 19 utom

103 371 74 21 denna
205 373 74 26 gräns,
307 371 52 26 kan,
384 371 112 22 beroende
519 373 29 28 pä
572 371 28 22 de
625 371 7 21 i
656 371 70 21 målet
741 369 111 22 förekom-

104 407 81 20 mande
217 407 230 28 omständigheterna,
479 408 131 21 utsättande
641 406 26 22 af
689 405 163 29 hemtningsät-

103 444 83 26 ventyr
209 442 107 31 stundom
340 444 81 27 utgöra
445 445 32 20 ett
504 443 124 29 kraftigare
646 442 74 22 medel
743 441 35 22 till
794 441 58 22 före-

103 478 135 21 kommande
272 477 27 22 af
329 479 138 21 svarandens
501 482 93 19 utevaro
630 481 29 18 än
690 477 160 29 föreläggande

102 513 27 21 af
148 513 55 26 vite,
225 521 52 14 men
300 513 152 22 förhållandet
473 515 107 21 stundom
604 516 48 20 åter
670 521 54 14 vara
742 513 38 22 det
795 515 57 19 mot-

102 551 66 19 satta.
207 549 46 21 Det
277 557 68 21 synes
375 549 142 22 fördenskull
543 550 50 21 icke
615 557 55 14 vara
689 549 106 28 lämpligt
817 550 35 19 att

102 584 123 21 inskränka
249 585 137 21 domstolens
411 584 138 30 befogenhet
564 585 140 22 beträffande
720 583 130 22 utsättande

102 619 27 22 af
148 619 119 30 påföljden
291 620 36 22 för
350 623 93 19 utevaro
467 621 52 22 med
541 621 107 22 afseende
670 623 13 18 å
707 621 61 20 vissa
790 620 61 20 kate-

103 656 74 28 gorier
199 655 27 22 af
246 655 68 23 brott.
345 657 46 20 Det
415 657 96 28 tidigare
533 657 101 22 nämnda
654 656 117 28 uttrycket
795 654 56 27 ,rin-

103 698 53 21 gare
172 691 121 22 brottmål"
310 699 54 14 vore
376 691 82 27 derför,
471 693 72 28 enligt
554 693 131 21 Utskottets
697 690 154 26 förmenande,

103 729 29 26 på
148 727 35 22 sin
199 727 60 28 plats
275 728 7 21 i
298 727 28 22 R.
342 728 27 21 B.
388 730 79 25 11:10,
479 729 42 21 och
532 728 34 22 får
577 728 121 22 Utskottet
710 727 88 22 således
808 723 43 26 för-

103 763 55 22 orda
168 771 28 13 en
208 763 70 22 sådan
289 763 96 29 ändring
396 763 27 22 af
431 765 38 20 det
480 764 128 29 föreslagna
619 764 106 28 tillägget
735 763 36 22 till
782 763 69 28 sagda

104 799 97 28 lagrum,
217 802 34 19 att
267 800 128 21 domstolen
409 799 9 22 i
434 801 78 28 dylika
527 801 108 21 brottmål
650 799 76 22 kunde
735 799 117 28 förelägga

105 834 43 22 den
165 835 110 22 tilltalade
291 835 54 22 vite.

174 871 62 21 Enär
254 871 88 22 landets
367 871 97 22 Ständer
482 871 39 22 vid
536 872 170 27 behandlingen
716 871 26 22 af
750 878 28 14 en
790 873 61 19 ännu

104 906 35 22 till
154 906 153 22 innevarande
323 907 111 29 landtdag
448 908 116 21 emotsedd
581 908 69 28 nådig
661 906 142 30 proposition
815 914 36 14 om

103 942 97 29 ändring
222 943 27 21 af
269 943 110 22 särskilda
397 943 141 28 stadganden
562 943 8 21 i
587 946 27 19 15
630 944 51 27 kap.
698 943 28 22 R.
743 943 27 20 B.
786 943 64 21 torde

104 978 23 22 få
143 978 122 29 anledning
281 980 35 20 att
331 980 62 27 yttra
409 979 36 28 sig
461 979 141 22 beträffande
613 979 44 21 den
668 978 130 29 föreslagna
808 977 44 22 för-

104 1013 125 30 ändringen
245 1014 26 21 af
284 1016 12 19 2
313 1015 14 28 &
342 1014 9 21 i
367 1015 69 28 sagda
452 1015 59 29 kap.,
527 1015 40 21 har
582 1015 120 22 Utskottet
712 1022 32 13 nu
754 1013 50 22 icke
815 1021 37 14 ve-

104 1050 32 21 lat
151 1049 54 29 ingå
228 1051 7 20 i
259 1049 140 30 granskning
423 1050 23 21 af
469 1051 73 21 denna
563 1051 21 28 8,
600 1053 56 18 utan
671 1049 131 22 hemställer
817 1051 35 20 att

104 1086 131 21 densamma
250 1088 71 19 måtte
337 1094 26 13 ur
379 1086 259 29 författningsförslaget
653 1086 119 21 uteslutas.

176 1121 79 22 Såsom
282 1122 96 29 tidigare
404 1123 93 28 antydts
523 1122 69 23 hafva
615 1122 127 22 Ständerna
764 1123 7 20 i
795 1122 57 21 före-

104 1158 98 21 nämnda
224 1158 98 28 petition
346 1157 70 22 bland
439 1159 127 21 önskvärda
589 1158 157 28 förändringar
761 1157 8 22 i
784 1160 68 19 rätte-

105 1195 143 26 gångssättet
270 1193 39 22 vid
332 1194 119 21 underrätt
476 1194 124 21 framhållit
623 1193 109 22 behofvet
750 1193 26 22 af
788 1193 64 21 verk-

105 1236 109 14 sammare
238 1229 74 22 medel
336 1228 36 22 till
395 1229 171 29 förebyggande
582 1229 26 22 af
621 1229 173 28 svarandeparts
810 1228 42 21 och

104 1265 85 21 vittnes
205 1267 94 19 utevaro
315 1264 51 22 från
382 1265 110 22 domstols
509 1265 171 26 sammanträde,
697 1267 29 18 än
742 1265 27 20 de
785 1264 7 21 i
806 1264 46 28 gäl-

104 1300 68 21 lande
195 1300 38 29 lag
251 1300 143 22 föreskrifna.
425 1295 78 27 Äfven
520 1300 121 22 Utskottet
656 1307 73 18 anser,
745 1302 35 19 att
795 1299 58 22 otill-

105 1336 157 27 räckligheten
283 1335 26 21 af
322 1336 27 20 de
366 1337 102 19 häremot
483 1337 34 19 uti
532 1338 14 19 2
562 1337 14 26 $
595 1338 26 18 12
637 1336 52 27 kap.
706 1335 42 20 och
764 1337 14 18 3
794 1335 14 28 $
825 1337 26 18 17

105 1371 52 28 kap.
181 1371 28 20 R.
233 1371 26 21 B.
284 1371 109 28 stadgade
417 1371 146 21 korrektiven
584 1373 68 25 utgör
673 1371 43 20 den
741 1370 112 21 måhända

106 1405 71 23 oftast
200 1405 183 23 förekommande
408 1406 151 28 anledningen
581 1405 35 23 till
637 1405 104 29 uppskof
758 1405 8 22 i
786 1407 66 20 rätte-

177 1455 136 22 Lagutskoitets
326 1454 122 19 betänkande
456 1455 36 18 N:o
504 1456 18 16 5.

866 875 21 19 R.
900 875 21 18 B.
935 875 28 18 15:
977 876 16 18 2.

870 1127 22 18 R.
905 1126 21 18 B.
940 1126 27 18 12:
981 1127 11 16 2

878 1156 34 18 och
925 1156 28 17 17:
967 1157 16 16 3.
