1048 1709
203 138 11 19 6
428 136 29 22 U.
473 136 28 20 B.
516 148 29 2 —
559 136 72 26 Prop.
648 135 41 22 N:o
705 136 22 21 6.

201 203 67 21 behof
280 202 26 22 af
318 202 98 28 revision,
432 203 152 22 kommunerna
598 204 91 20 lemnats
704 202 87 22 tillfälle
806 205 33 19 att
852 204 61 26 yttra
922 202 35 27 sig

202 243 33 16 om
258 236 74 24 hvilka
353 236 118 29 ändringar
486 237 153 28 förordningen
653 237 66 22 borde
734 236 149 27 underkastas,
901 239 56 19 samt

203 273 34 20 att
252 272 26 21 de
292 272 136 27 handlingar,
452 278 44 16 som
511 272 8 21 i
534 272 89 22 ärendet
639 272 90 22 sålunda
745 271 128 26 tillkommit,
889 273 67 25 ytter-

202 313 60 15 mera
283 306 112 21 bekräftat
416 306 93 22 nämnda
531 307 124 22 erfarenhet
676 307 39 22 och
738 306 72 22 tillika
832 305 66 28 gifvit
920 305 37 22 vid

202 341 86 21 handen
310 342 40 26 att,
373 341 66 21 ehuru
462 342 24 21 åt
507 341 153 22 kommunerna
679 341 58 22 varit
752 340 157 23 öfverlemnadt
923 342 34 19 att

202 375 35 22 för
258 375 161 27 förvaltningen
442 375 24 22 af
478 375 48 22 sina
541 375 110 26 ordnings-
667 375 38 22 och
721 374 236 28 hushållningsangelä-

203 410 104 27 genheter
329 409 59 28 välja
406 415 24 15 en
446 416 59 15 mera
520 409 115 23 utvecklad
651 409 52 22 form
719 409 52 22 eller
787 408 170 23 kommunalfull-

202 443 240 28 mäktiginstitutionen,
460 444 70 21 denna
545 443 54 22 form
613 443 68 22 likväl
697 443 25 22 af
735 443 77 22 endast
826 443 24 21 få
865 443 93 22 kommu-

204 484 38 15 ner
265 477 103 28 antagits,
392 477 110 22 äfvensom
524 480 34 19 att
573 480 32 20 ett
619 477 124 28 betydande
759 477 60 22 antal
833 478 124 21 kommuner

203 515 57 19 ännu
282 512 48 21 icke
352 511 76 22 hunnit
449 512 58 22 lefva
530 512 34 27 sig
585 513 23 21 in
631 519 37 14 ens
683 512 7 21 i
707 512 41 21 den
763 511 88 22 enklare
867 511 52 22 form
936 511 23 22 af

203 546 140 29 sjelfstyrelse
366 546 153 28 förordningen
540 547 89 26 tillåter,
652 547 52 21 eller
719 547 47 26 den,
785 546 69 27 enligt
868 546 87 23 hvilken

203 581 76 27 hvarje
293 581 90 22 medlem
399 581 24 21 af
435 581 126 22 kommunen
575 583 24 20 är
614 581 125 27 berättigad
755 583 33 19 att
798 580 51 28 sjelf
857 583 54 26 taga
921 581 35 20 del

203 616 8 21 i
226 615 161 27 förvaltningen
403 615 25 22 af
440 615 137 22 kommunens
593 621 158 22 gemensamma
767 615 190 28 angelägenheter.

271 650 11 21 I
296 649 78 28 sjelfva
389 651 77 21 verket
481 653 24 18 är
521 650 65 22 också
601 650 146 21 förhållandet
761 650 80 21 sådant
856 652 33 19 att
899 650 60 21 kom-

203 683 344 28 munalfullmäktiginstitutionen
562 685 77 21 hittills
654 685 108 26 knappast
777 685 40 21 alls
833 684 104 21 existerat
952 684 7 21 i

204 719 54 21 våra
280 719 191 22 landskommuner.
501 719 98 22 Orsaken
621 719 62 21 torde
705 725 54 15 vara
782 721 33 19 att
833 718 64 22 sökas
913 718 45 22 dels

205 753 46 22 deri
273 755 33 20 att
329 752 159 29 befolkningen,
507 760 44 15 som
566 753 46 22 före
628 754 25 21 år
670 755 53 20 1865
740 753 48 22 haft
800 752 157 29 jemförelsevis

204 788 64 27 ringa
283 787 85 22 tillfälle
383 788 34 21 till
432 788 122 22 kommunal
568 788 143 26 verksamhet,
730 787 69 22 under
814 788 41 21 den
869 787 90 22 relativt

204 822 64 22 korta
282 822 60 22 tiden
357 822 34 22 för
406 822 41 22 den
462 829 43 21 nya
520 822 169 28 författningens
704 822 103 28 giltighet
819 822 72 21 funnit
901 822 58 21 kom-

203 857 179 22 munalstämman
402 857 74 22 kunna
498 857 63 28 gifva
583 857 36 22 det
634 857 135 22 kommunala
784 856 63 22 lifvet
862 858 32 20 ett
909 856 50 22 fullt

203 891 201 22 tillfredsställande
422 892 93 27 uttryck,
535 892 45 22 dels
594 892 32 21 uti
642 892 40 21 den
698 891 7 22 i
721 891 119 28 folklynnet
855 891 104 28 liggande

204 926 163 27 benägenheten
390 928 40 25 att,
450 926 73 22 såvidt
537 926 92 28 möjligt,
644 925 51 28 sjelf
708 926 85 27 besörja
809 926 47 21 sina
871 926 88 27 angelä-

204 961 105 27 genheter
331 961 39 21 och
384 960 48 22 icke
448 961 74 21 förlita
537 961 34 28 sig
585 961 28 26 på
630 961 75 21 andra.
735 961 76 21 Denna
826 961 133 21 sistnämnda

206 995 160 27 omständighet
388 995 61 22 torde
472 996 39 21 ock
533 995 23 22 få
574 995 103 22 tillmätas
693 995 25 21 så
733 997 45 20 stor
793 995 117 27 betydelse,
927 997 32 19 att

204 1029 48 22 med
273 1029 137 22 sannolikhet
432 1030 44 21 kan
497 1029 130 28 förutsägas,
652 1029 36 22 det
706 1029 254 26 kommunalfullmäktig-

204 1063 151 22 institutionen
376 1063 48 22 icke
438 1063 8 22 i
462 1064 40 21 den
517 1066 108 19 närmaste
641 1063 115 22 framtiden
771 1064 94 21 kommer
881 1065 32 19 att
929 1063 27 26 på

204 1097 149 28 landsbygden
375 1098 131 21 allmännare
528 1098 87 26 införas,
638 1104 33 15 om
693 1098 80 21 sådant
795 1097 18 27 ej
831 1103 76 22 genom
922 1097 38 27 lag

205 1132 111 27 påbjudes.

273 1167 51 21 Men
338 1166 75 22 hvilka
428 1166 83 27 åsigter
526 1173 48 15 man
589 1169 28 19 än
632 1167 35 21 må
683 1167 53 26 hysa
751 1172 33 15 om
795 1165 164 23 kommunalför-

205 1201 137 27 valtningens
364 1200 88 28 ledning
472 1207 75 21 genom
568 1208 26 15 en
609 1201 121 21 kommunal
745 1201 158 27 representativ
918 1200 41 21 för-

204 1235 98 27 samling,
311 1235 39 22 har
360 1235 114 22 Utskottet
484 1235 54 22 dock
548 1235 48 22 icke
606 1235 59 22 velat
675 1235 80 22 föreslå
766 1237 33 20 ett
809 1234 151 27 obligatoriskt

204 1267 114 23 införande
340 1268 25 21 af
384 1269 394 26 kommunalfullmäktiginstitutionen
803 1274 37 16 ens
862 1268 7 21 i
891 1269 70 21 större

206 1302 129 21 kommuner.
365 1302 142 26 Rättigheten
530 1302 34 21 för
579 1302 84 27 menige
677 1308 50 15 man
743 1304 34 19 att
791 1302 7 21 i
814 1302 76 27 hvarje
905 1302 55 21 före-

204 1336 128 22 kommande
354 1336 63 28 fråga
439 1337 54 21 söka
515 1338 54 26 göra
583 1337 33 21 sin
632 1336 58 28 åsigt
705 1336 101 28 gällande
821 1336 40 22 och
876 1336 84 28 afgifva

206 1370 33 22 sin
261 1372 46 20 röst
329 1373 25 19 är
375 1370 108 28 nämligen
501 1372 25 20 så
541 1370 112 27 värdefull,
670 1372 33 20 att
718 1372 65 26 tungt
797 1370 100 28 vägande
912 1370 48 22 skäl

204 1405 53 22 böra
272 1406 73 21 kunna
360 1405 86 22 anföras
461 1405 73 22 förrän
549 1405 8 22 i
572 1406 61 21 detta
645 1404 101 24 afseende
762 1412 26 15 en
799 1405 92 28 ändring
903 1405 7 22 i
923 1405 37 22 det

274 1445 206 19 Kommunalutskottets
492 1445 111 19 betänkande
614 1445 35 19 N:o
662 1446 14 17 1.
