1034 1714
296 127 81 24 Ständ.
393 128 38 24 Sv.
445 141 26 3 —
487 128 73 28 Prop.
576 129 42 22 N:o
632 128 22 22 2.
808 130 11 19 5

97 193 107 28 gammalt
225 193 60 22 varit
300 199 153 23 permanenta,
469 195 81 21 medan
562 194 219 22 landsdomstolarna
795 193 54 22 fort-

97 228 93 21 farande
206 228 8 21 i
229 229 77 28 regeln
329 229 164 21 sammanträda
514 229 58 22 blott
589 231 39 19 två
642 231 85 26 gånger
744 236 36 13 om
795 229 53 24 året,

98 263 71 21 skulle
185 263 44 20 den
240 263 128 28 föreslagna
377 263 135 22 valfriheten
520 263 51 22 leda
582 264 91 24 derhän,
685 266 32 19 att
727 271 29 14 en
766 262 83 27 mängd

96 297 51 26 mål,
163 297 8 20 i
186 298 123 27 synnerhet
327 297 228 30 skuldfordringsmål
569 300 48 19 mot
632 305 113 21 personer,
760 297 89 21 bosatta

96 331 8 20 1
118 331 138 26 landsorten,
272 333 89 20 komme
377 334 32 19 att
424 332 80 29 dragas
519 332 34 21 till
566 332 216 21 stadsdomstolarna
793 333 56 19 samt

96 368 34 19 att
145 366 65 21 dessa
227 366 133 29 härigenom
373 366 76 23 blefve
463 367 64 21 öfver
541 367 86 21 höfvan
642 366 135 29 betungade,
793 365 56 21 hvil-

95 401 39 21 ket
157 401 114 21 sannolikt
293 401 72 22 skulle
379 401 69 22 hafva
462 402 34 21 till
511 401 57 28 följd
583 403 33 20 att
631 400 215 23 stadsdomstolarna

95 435 76 22 blefve
186 435 8 21 i
208 436 73 21 behof
293 435 26 22 af
334 435 155 30 förstärkning
510 443 82 22 genom
612 435 128 22 inrättande
761 435 25 21 af
802 441 47 21 nya

96 469 320 29 rådstufvurättsafdelningar
439 473 57 19 samt
518 470 105 21 städerna
638 470 131 28 härigenom
785 469 63 21 drab-

95 503 69 22 bades
180 504 26 21 af
217 505 116 21 kännbara
348 505 128 21 kostnader.

164 539 34 22 På
220 539 65 22 dessa
305 539 49 22 skäl
373 540 64 22 hafva
452 540 126 21 Ständerna
593 539 77 22 funnit
685 547 28 14 en
728 539 70 21 sådan
812 537 37 22 be-

96 574 125 29 gränsning
237 574 24 22 af
273 573 137 23 valfriheten
431 583 54 13 vara
500 575 25 21 af
537 574 76 21 nöden
635 577 32 18 att
682 573 50 26 mål,
749 580 49 14 som
813 579 36 14 en-

95 608 42 29 ligt
153 611 10 19 1
182 609 14 28 8
213 611 26 20 10
254 609 51 28 kap.
321 609 28 21 R.
365 609 26 22 B.
407 609 56 22 höra
477 609 34 22 till
525 609 133 26 häradsrätt,
674 609 50 21 icke
739 608 60 28 finge
810 614 37 22 ge-

95 651 53 14 nom
170 643 229 23 öfverenskommelse
422 644 81 29 dragas
525 644 72 21 under
619 643 165 22 rådstufvurätt
807 642 42 22 och

95 677 77 26 likaså,
189 678 36 21 för
240 678 112 22 ernående
368 679 25 21 af
405 679 149 28 reciprocitet,
569 681 33 19 att
617 678 19 29 ej
653 678 70 22 heller
737 677 51 26 mål,
800 685 48 14 som

93 712 89 29 jemlikt
203 714 154 27 nyssnämnda
379 713 125 28 stadgande
519 713 56 22 böra
589 713 141 28 handläggas
744 712 41 21 vid
799 712 48 21 räd-

96 748 131 25 stufvurätt,
241 748 61 29 finge
317 748 40 22 vid
371 749 127 21 häradsrätt
513 748 189 29 anhängiggöras.

164 783 61 20 Enär
241 783 42 20 alla
297 783 153 28 tvistefrågor,
466 791 47 13 som
529 785 83 26 uppstå
626 783 7 20 i
649 782 123 29 anledning
783 782 25 21 af
816 784 33 18 ut-

94 817 110 28 mätning,
228 820 37 18 äro
282 819 25 20 så
321 817 136 26 beskaffade,
477 820 32 19 att
529 818 70 28 enligt
615 818 81 21 sakens
711 819 67 19 natur
794 816 54 22 aftal

95 860 37 14 om
154 852 76 21 forum
251 852 36 21 för
310 853 63 21 deras
388 852 172 29 handläggning
574 852 50 21 icke
639 852 42 21 bör
696 852 23 21 få
734 859 42 21 ega
791 859 56 18 rum,

94 887 41 21 har
151 887 38 21 det
203 887 7 20 i
228 889 10 19 1
255 889 112 20 momentet
396 887 112 28 ingående
523 887 117 28 uttrycket
656 903 8 10 ,
667 886 74 22 bättre
756 889 45 19 rätt
815 886 34 21 till

94 924 82 19 utmätt
198 922 159 29 lösegendom"
380 922 51 21 icke
454 925 84 19 ansetts
557 929 55 15 vara
627 929 46 20 nog
688 921 161 26 uttömmande,

95 956 93 22 hvarför
210 957 123 21 detsamma
354 956 77 22 blifvit
449 960 70 18 ersatt
540 957 52 21 med
612 956 141 29 ,utmätning
767 956 26 21 af
805 956 45 21 fast

96 991 52 22 eller
163 991 33 21 lös
213 992 131 28 egendom".

164 1026 53 21 Med
239 1026 106 22 afseende
361 1026 59 25 derå,
436 1028 33 20 att
483 1026 172 28 bestämningen
669 1025 8 21 i
699 1029 6 18 2
720 1027 129 23 momentet,

95 1061 117 28 angående
228 1063 44 19 rätt
287 1061 36 21 för
333 1061 44 20 den
387 1061 86 22 stämde
484 1063 33 19 att
526 1061 124 21 framställa
659 1060 143 28 invändning
812 1067 37 14 om

95 1095 109 22 domstols
227 1096 139 28 behörighet,
389 1095 8 22 i
419 1095 57 29 följd
496 1096 24 21 af
541 1095 51 22 dess
613 1095 142 28 ordalydelse
772 1094 76 21 kunde

95 1130 138 22 missförstås
256 1131 91 25 derhän,
371 1133 32 18 att
426 1131 168 28 svarandepart,
618 1137 36 14 om
673 1131 44 20 han
735 1129 114 22 uteblifvit

94 1165 41 21 vid
154 1165 72 22 första
248 1165 234 28 rättegångstillfället,
501 1173 52 14 men
568 1172 78 14 senare
660 1164 95 22 kommit
769 1163 79 22 tillstä-

96 1200 46 25 des,
164 1200 94 21 förlorat
277 1201 74 20 denna
366 1202 50 23 rätt,
432 1200 86 21 hvilket
532 1200 8 21 i
556 1200 44 21 den
615 1199 84 28 nådiga
713 1197 136 30 propositio-

95 1242 45 13 nen
155 1234 180 29 uppenbarligen
348 1234 51 22 icke
415 1235 92 28 åsyftas,
522 1235 41 20 har
574 1241 28 14 en
613 1233 98 28 ändring
721 1233 25 22 af
753 1233 95 21 bestäm-

95 1269 86 28 ningen
203 1269 108 28 vidtagits
326 1269 9 20 i
350 1269 59 28 syfte
432 1271 33 19 att
487 1269 53 21 slikt
559 1268 158 22 missförstånd
739 1269 37 20 må
791 1267 56 22 före-

95 1303 107 22 kommas.

164 1338 45 20 Det
231 1337 55 21 sista
301 1340 122 18 momentet
438 1338 33 19 uti
486 1337 173 27 ifrågavarande
674 1337 109 26 paragraf
796 1344 53 13 anse

96 1370 127 22 Ständerna
238 1371 50 20 icke
303 1371 78 20 kunna
397 1373 98 24 antagas.
519 1371 12 20 I
547 1372 26 19 13
589 1370 13 27 &
620 1373 26 18 10
661 1370 51 27 kap.
728 1369 27 21 R.
771 1369 26 21 B.
809 1369 40 21 fin-

95 1413 40 14 nes
159 1405 44 21 den
225 1405 122 28 grundsats
369 1404 93 26 uttalad,
483 1406 33 19 att
538 1403 79 22 hinder
632 1403 36 22 för
684 1411 28 14 en
728 1403 51 22 saks
795 1403 54 22 fort-

96 1442 58 20 satta
173 1439 172 28 handläggning
368 1439 42 22 och
433 1439 135 22 afdömande
583 1439 40 21 vid
641 1446 28 14 en
682 1438 47 22 viss
752 1438 97 22 domstol
