1034 1709
193 138 27 18 60
388 135 83 23 Ständ.
487 135 38 24 Sv.
540 148 27 3 —
583 136 73 26 Prop.
671 135 42 23 N:o
726 136 21 21 6.

194 200 113 28 ändagått,
323 200 86 28 åligger
425 200 38 21 det
472 200 244 22 kommunalnämnden
728 202 33 19 att
771 200 90 21 utfärda
871 200 76 21 debet-

193 234 73 22 sedlar
289 235 42 21 och
353 234 46 22 låta
421 234 66 21 dessa
507 236 25 19 så
549 234 45 22 fort
610 234 39 22 ske
664 235 46 21 kan
725 236 12 20 å
752 234 66 26 vissa,
834 234 8 21 i
856 236 53 20 mån
924 234 23 22 af

193 269 149 21 kommunens
363 268 55 21 vidd
442 269 43 21 och
507 268 132 29 folkmängd
654 268 97 22 utsedda
766 268 42 22 och
823 268 8 21 i
845 268 102 22 kommu-

192 310 56 14 nens
266 303 75 28 kyrka
363 303 52 21 eller
437 303 87 27 kyrkor
540 302 130 29 kungjorda
688 303 80 21 ställen
783 303 27 21 de
825 303 121 27 skattskyl-

194 337 52 28 dige
260 336 187 22 tillhandahållas.

261 370 106 22 Därefter
390 371 56 21 skall
468 372 13 19 å
499 371 33 21 tid
550 370 52 22 eller
617 370 65 26 tider,
698 371 95 21 hvarom
808 371 139 21 kommunal-

194 408 109 18 stämman
321 405 125 25 förordnat,
464 406 214 27 uppbördsstämma
695 405 57 22 efter
768 406 77 21 därom
860 405 87 29 fjorton

194 439 69 29 dagar
277 439 63 21 förut
355 439 72 21 skedd
442 439 136 29 kungörelse
593 441 13 19 å
615 439 93 29 lämplig
720 442 36 19 ort
766 440 112 25 anställas,
890 442 57 19 samt

193 474 23 20 af
238 473 245 22 kommunalnämnden
505 474 52 22 eller
579 474 61 22 vissa
662 474 51 22 dess
734 474 144 22 medlemmar
893 474 54 22 eller

194 508 42 21 ock
251 508 23 21 af
288 508 113 22 nämnden
417 511 98 25 antagen
530 509 172 29 uppbördsman
716 509 113 21 förrättas.

539 608 27 20 90
582 607 21 28 8.

261 658 86 21 Finnes
362 659 77 27 någon
453 658 8 20 i
476 658 147 28 debiterings-
640 658 42 20 och
692 658 189 28 uppbördslängd
890 666 57 20 upp-

194 694 73 26 tagen,
291 692 33 21 till
346 692 93 28 utskyld
461 691 82 29 pliktig
560 698 84 22 person
661 692 69 21 hafva
744 692 50 21 från
809 692 138 22 kommunen

192 726 128 29 bortflyttat
335 726 72 22 under
422 726 78 28 loppet
515 726 25 22 af
554 726 38 22 det
606 727 31 25 år,
648 726 35 21 för
693 726 88 22 hvilket
791 726 157 29 debiteringen

194 760 65 26 skett,
275 760 58 22 skall
347 761 45 21 han
407 760 50 22 icke
473 761 63 21 desto
551 760 88 22 mindre
654 760 92 29 erlägga
761 761 44 21 den
814 762 86 20 honom
909 763 38 27 på-

194 795 64 21 förda
280 795 129 28 utskylden,
432 802 53 14 men
505 802 55 14 vare
582 795 36 21 för
637 802 85 14 samma
737 796 24 20 år
776 795 105 21 frikallad
896 796 51 21 från

195 830 114 29 betalning
331 829 34 21 till
387 830 45 21 den
449 830 114 25 kommun,
583 830 33 21 dit
633 830 46 21 han
696 829 106 29 inflyttat,
818 830 93 22 såframt
926 830 20 29 ej

193 865 122 28 utskylden
337 868 24 18 är
384 865 77 25 sådan,
484 867 34 19 att
541 865 44 21 den
605 864 40 22 bör
660 867 62 26 utgå,
738 865 74 22 ehvad
827 866 46 20 han
888 866 59 22 varit

193 899 62 21 inom
269 900 138 21 kommunen
422 899 75 22 bosatt
512 900 53 21 eller
580 899 57 21 icke.

539 976 26 19 91
582 974 20 28 8.

261 1025 35 21 De
318 1025 34 21 till
374 1025 138 21 kommunen
534 1025 172 29 skattskyldige,
730 1032 49 14 som
798 1029 55 18 utan
871 1026 77 21 förfall

193 1059 116 22 uraktlåtit
332 1062 33 18 att
386 1060 62 21 inom
470 1060 97 28 stadgad
588 1060 34 21 tid
643 1062 56 26 göra
720 1060 150 28 anmärkning
888 1063 60 19 emot

193 1094 185 28 taxeringslängd
397 1094 53 21 eller
468 1097 47 19 mot
534 1094 146 28 debiterings-
696 1095 43 20 och
754 1094 193 29 uppbördslängd,

193 1128 67 22 hafve
283 1128 77 22 vidare
382 1131 45 19 rätt
445 1128 34 21 till
496 1129 84 27 klagan
597 1128 100 22 förlorat.
727 1129 48 21 Har
790 1130 76 27 nägon
881 1128 66 22 fram-

193 1163 53 21 stält
264 1162 149 29 anmärkning
433 1165 60 19 emot
508 1163 71 28 sagda
592 1162 100 29 längder,
708 1170 52 14 men
775 1163 45 21 den
835 1163 20 28 ej
871 1163 77 23 blifvit

192 1197 114 28 godkänd,
325 1199 36 19 må
383 1197 46 21 han
451 1196 64 22 öfver
533 1197 98 21 beslutet
649 1197 35 28 sig
701 1197 96 22 besvära
814 1197 8 21 i
838 1198 44 20 den
897 1198 50 21 ord-

192 1231 57 28 ning
266 1232 41 20 här
326 1231 74 21 nedan
417 1234 70 25 säges.
517 1232 67 21 Dock
598 1238 54 15 vare
667 1232 46 21 han
727 1232 50 21 icke
793 1232 51 21 dess
859 1231 88 22 mindre

192 1264 82 28 pliktig
296 1266 33 19 att
350 1265 39 20 det
410 1264 95 28 påförda
528 1264 211 28 utskyldsbeloppet
760 1264 40 22 vid
821 1264 126 29 uppbörds-

193 1300 94 19 stämma
304 1298 97 28 erlägga,
423 1305 53 14 men
498 1306 41 20 ege
561 1301 45 19 rätt
624 1300 33 19 att
675 1298 23 21 få
714 1298 38 22 det
765 1298 90 22 betalda
870 1300 54 25 åter,
939 1299 8 21 i

193 1332 106 22 händelse
318 1333 56 21 hans
392 1333 82 21 besvär
489 1333 139 28 godkännas,
642 1332 70 29 jämte
728 1333 125 29 ersättning
867 1334 36 21 för
919 1334 29 21 de

192 1367 123 22 kostnader
336 1368 46 22 han
404 1367 35 22 för
458 1368 222 28 ändringssökandet
696 1368 98 29 nödgats
813 1368 134 26 vidkännas,

193 1402 74 22 därest
283 1402 19 28 ej
320 1402 117 29 synnerlig
451 1402 123 29 anledning
589 1402 151 22 förekommer
756 1405 31 20 att
802 1403 73 22 befria
884 1404 63 21 kom-

191 1444 85 15 munen
291 1437 51 21 från
357 1436 43 23 slik
415 1437 274 29 ersättningsskyldighet.
