1056 1711
331 130 29 23 U.
375 130 28 21 B.
419 143 27 2 —
462 130 72 28 Prop.
550 131 40 22 N:o
606 131 21 21 1.
829 132 26 19 23

102 199 81 28 platser
198 199 66 22 borde
280 199 65 28 fyllas
361 199 48 22 med
423 199 89 28 sådana,
523 206 43 15 som
578 199 127 28 genomgått
714 199 141 22 seminarium.

101 233 82 28 Dylika
204 233 71 22 lärare
297 241 53 15 voro
365 234 37 21 vid
418 234 145 22 folkskolorna
578 235 28 26 på
620 234 75 21 landet
710 234 99 21 anstälda
823 239 32 16 se-

101 269 63 20 naste
186 268 128 22 hösttermin
336 268 34 21 till
393 270 33 19 ett
440 269 60 21 antal
516 268 24 22 af
553 270 48 24 361,
617 267 25 22 af
655 268 73 21 hvilka
742 268 68 21 likväl
825 269 32 19 ett

102 301 81 22 mindre
199 302 60 22 antal
274 302 46 22 kan
335 308 62 16 anses
413 302 129 27 kompetent.
565 302 57 22 Hela
638 302 83 21 antalet
735 304 16 19 t.
761 302 15 20 f.
787 302 69 20 lärare

103 336 100 27 utgjorde
224 336 38 22 vid
283 342 82 16 samma
386 336 33 21 tid
441 337 48 21 410.
519 336 43 22 Det
584 338 25 19 är
632 336 107 22 dessutom
760 335 97 22 otvifvel-

102 370 79 28 aktigt,
197 372 34 20 att
246 371 41 21 den
302 377 29 15 nu
345 370 126 27 föreslagna
480 370 158 28 författningen
648 371 95 21 kommer
753 371 33 20 att
795 369 61 27 gifva

102 404 118 28 anledning
235 405 33 22 till
283 405 142 27 uppkomsten
440 405 25 21 af
477 412 27 15 en
519 404 79 28 mängd
613 411 43 21 nya
670 404 77 23 skolor.

170 439 51 22 Med
242 439 84 22 fästadt
344 439 102 22 afseende
461 440 13 21 ä
490 440 39 21 allt
544 439 60 22 detta
619 439 35 22 fär
668 440 113 21 Utskottet
795 438 61 22 vörd-

102 475 56 19 samt
179 474 80 22 föreslä
281 476 34 20 att
339 474 122 22 Ständerna
480 474 8 22 i
507 474 39 22 sitt
568 480 51 15 svar
636 474 49 22 med
703 473 116 27 anledning
834 472 25 22 af

103 508 82 28 nädiga
199 508 159 28 propositionen
373 508 51 23 ville
439 509 7 21 i
461 508 172 28 underdänighet
648 508 87 22 anhälla

309 573 32 20 att
357 571 64 22 Hans
436 571 122 28 Kejserliga
573 571 104 28 Majestät
690 572 66 21 mätte
773 571 6 21 i
788 571 69 21 näder

238 606 91 28 vidtaga
350 607 86 21 sådana
455 607 105 28 åtgärder,
576 605 33 23 till
625 606 137 28 afhjelpande
776 605 28 28 af
814 605 43 22 bri-

239 641 48 21 sten
313 641 32 27 pä
373 640 179 29 folkskolelärare,
581 647 45 15 som
647 640 209 28 omständigheterna

239 674 84 28 kräfva.

169 818 65 22 Efter
256 819 37 22 det
316 819 123 22 Ständerna
457 819 37 21 vid
509 821 113 21 1863—64
637 819 35 22 ärs
686 819 106 28 landtdag
806 819 51 28 god-

102 853 54 21 känt
178 853 42 21 den
242 853 7 21 i
268 854 68 27 nädig
351 853 131 28 proposition
498 854 28 21 dä
540 853 129 22 framhällna
684 853 107 22 allmänna
806 853 50 27 plan

102 887 34 22 för
157 886 223 24 folkskoleväsendets
403 888 109 22 ordnande
528 888 39 22 och
582 888 34 21 för
630 888 61 21 detta
706 887 100 22 ändamål
820 888 35 21 be-

101 921 63 27 viljat
181 922 82 28 nödiga
278 923 76 27 medel,
369 922 141 22 utvecklades
526 922 121 28 detaljerna
662 922 24 22 af
699 922 70 22 denna
784 922 50 27 plan
849 922 8 21 i

103 956 41 22 den
159 956 108 22 allmänna
281 957 133 27 författning
429 964 50 20 ang.
494 957 86 22 landets
595 956 206 27 folkskoleväsende,
811 962 45 16 som

102 991 73 21 utkom
191 991 20 22 d.
228 993 26 20 11
270 992 41 28 maj
330 994 54 20 1866
407 992 40 21 och
465 992 123 22 sedermera
604 992 69 27 tjenat
688 991 121 23 Ständerna
823 991 34 21 till

102 1025 89 28 ledning
205 1026 37 22 vid
257 1026 63 22 deras
335 1026 76 28 hvarje
421 1026 106 28 landtdag
538 1026 174 22 äterkommande
723 1026 100 27 pröfning
834 1025 25 21 af

102 1060 104 28 anslagen
221 1060 34 23 för
269 1061 121 22 folkskolan
402 1061 39 22 och
452 1062 68 21 andra
530 1061 92 22 rörande
633 1061 61 22 detta
704 1063 61 20 ämne
776 1060 80 23 väckta

102 1095 119 28 spörjsmäl.
251 1096 52 22 Men
325 1096 67 21 under
414 1096 72 28 loppet
508 1095 24 23 af
553 1096 27 22 de
602 1096 66 22 sedan
691 1096 49 21 dess
755 1095 101 22 förflutna

102 1129 165 29 framstegsrika
285 1132 33 20 tre
334 1131 129 21 ärtiondena
478 1131 40 21 har
532 1131 118 21 innehället
664 1131 8 21 i
688 1131 70 21 denna
772 1129 84 22 författ-

102 1164 53 28 ning
177 1164 46 22 dels
245 1165 117 27 undergätt
385 1165 120 27 ändringar
520 1165 24 21 af
557 1165 79 27 mänga
650 1165 54 27 slag,
720 1164 45 22 dels
780 1170 76 21 genom

102 1204 27 16 en
150 1198 56 22 serie
229 1198 24 22 af
274 1199 143 28 öfverhetliga
440 1199 94 22 cirkulär
556 1199 34 21 till
607 1206 55 20 resp.
678 1198 179 23 skoldirektioner

102 1232 163 28 kompletterats
288 1233 39 21 och
349 1235 28 19 än
398 1234 77 21 vidare
497 1233 128 27 utvecklats,
643 1234 26 20 sä
684 1235 34 19 att
733 1233 48 21 hela
796 1232 60 22 detta

103 1267 87 22 omräde
204 1274 89 15 numera
307 1268 57 20 bäde
380 1274 25 15 ur
420 1267 158 28 lagstiftnings-
589 1268 39 21 och
639 1267 159 22 administrativ
807 1273 48 21 syn-

103 1302 68 26 punkt
186 1304 26 19 är
226 1302 52 27 föga
292 1302 212 27 sammanhängande
520 1302 38 22 och
573 1303 54 21 trots
642 1302 181 26 förefintligheten
833 1302 26 21 af

102 1342 26 14 en
143 1336 100 20 handbok
258 1336 8 20 i
281 1337 73 19 ämnet
369 1336 52 26 föga
436 1336 164 26 öfverskädligt.

169 1369 36 21 Dä
220 1375 28 15 nu
263 1369 97 22 rädande
375 1370 67 20 frihet
453 1369 8 21 i
472 1369 64 27 fräga
551 1375 33 15 om
595 1369 127 21 folkskolors
733 1369 122 21 inrättande

102 1409 75 22 genom
199 1403 151 28 föreliggande
372 1404 37 27 lag
430 1404 95 21 kommer
548 1405 33 20 att
603 1403 7 22 i
632 1404 72 26 nägon
722 1403 50 21 män
786 1403 70 22 lemna

169 1443 207 19 Kommunalutskottets
387 1443 111 18 betänkande
509 1442 34 19 N:o
556 1444 17 17 4.
