1048 1714
316 146 29 23 U.
360 147 29 22 B.
404 160 28 3 —
447 148 66 28 Prop
529 148 42 23 N:o
586 149 37 22 10.
834 151 27 21 27

109 212 37 21 för
171 212 125 22 framtiden
323 212 83 22 ändras
428 213 94 29 därhän,
541 216 36 20 att
595 215 116 22 ombuden
729 215 59 29 egde
805 223 57 21 upp-

109 246 58 22 bära
193 247 85 21 arvode
295 247 41 22 vid
353 247 218 29 landtränterierna,
589 249 37 21 till
643 248 81 23 hvilka
741 250 122 21 bankerna

109 280 30 21 då
149 280 72 22 borde
238 281 128 22 inleverera
384 281 29 22 de
431 282 84 29 bidrag
532 283 37 21 till
586 283 143 22 bekostande
748 284 23 21 af
789 284 73 21 bank-

109 314 139 29 kontrollen,
267 323 49 14 som
334 315 23 21 af
375 315 103 22 Senaten
494 316 145 22 bestämmas.

177 488 13 25 $
219 486 13 22 9
259 487 9 21 i
295 486 45 23 den
363 487 86 29 nådiga
475 488 176 28 propositionen
672 492 26 18 är
718 488 144 29 fullkomligt

108 520 251 24 öfverensstämmande
385 522 53 22 med
464 522 162 22 motsvarande
653 524 28 26 SS
705 523 9 21 i
736 523 66 21 1886
824 524 37 21 års

108 555 143 30 förordning,
273 559 64 19 utom
355 559 35 20 att
408 557 72 22 orden
499 557 110 29 ,publika
628 557 122 22 ombudet"
769 558 92 28 utbytts

107 592 50 20 mot
186 591 247 29 bankinspektören*.
470 591 69 22 Emot
561 592 158 29 affattningen
741 592 23 21 af
785 592 76 22 denna

108 626 13 26 8
139 625 43 21 har
200 625 128 22 emellertid
345 626 64 21 inom
426 626 123 21 Utskottet
564 627 128 21 anmärkts:
705 628 35 20 att
752 626 40 22 det
803 629 58 19 utan

107 659 152 29 uppgörande
286 660 24 22 af
335 661 95 21 bokslut
456 661 52 21 icke
535 665 25 17 är
577 661 93 29 möjligt
687 663 35 19 att
740 661 30 28 pä
787 661 74 28 nägra

108 696 97 27 procent
231 698 43 18 när
292 695 86 28 afgöra,
396 695 60 21 huru
474 695 93 28 mycket
585 695 24 22 af
626 695 74 22 banks
718 695 142 29 grundkapi-

107 729 34 21 tal
163 729 104 28 äterstär,
288 737 53 14 men
359 732 35 19 att
412 730 130 28 uttrycklig
558 730 121 21 föreskrift
696 730 52 21 icke
765 730 9 21 i
791 730 70 28 lagen

107 763 69 28 ingär
202 771 37 14 om
265 763 136 30 skyldighet
425 764 37 21 för
487 764 74 21 banks
589 764 97 29 styrelse
717 766 41 26 att,
784 764 10 21 i
818 764 43 22 fall

108 797 24 22 af
160 797 77 28 behof,
271 799 69 21 äfven
371 798 73 22 under
475 798 100 29 löpande
605 798 170 29 räkenskapsår
801 799 59 21 oför-

108 831 116 30 dröjligen
249 832 97 29 vidtaga
372 833 84 28 åtgärd
482 841 38 14 om
545 833 156 29 upprättande
728 833 24 22 af
778 833 83 22 sådant

107 867 105 27 bokslut;
231 869 35 20 att
283 867 206 29 bestämningarna
506 868 9 21 i
532 868 70 28 lagen
619 867 73 22 borde
704 868 94 21 affattas
810 867 50 22 där-

107 901 54 28 hän,
174 903 41 26 att,
229 901 78 22 därest
318 902 63 21 bank
393 903 63 28 gjort
467 902 114 28 förluster,
592 910 84 21 genom
685 902 81 22 hvilka
774 901 87 30 grund-

108 936 114 29 kapitalet
248 937 121 28 angripits,
397 936 164 29 skyldigheten
585 939 36 20 att
637 937 97 28 vidtaga
752 936 109 29 åtgärder

107 970 37 22 för
161 970 136 29 skyddande
316 971 23 22 af
356 971 227 29 fordringsegarenes
601 973 48 20 rätt
667 971 9 22 i
692 971 96 22 främsta
800 978 61 14 rum-

107 1007 48 20 met
172 1005 77 23 blefve
266 1006 106 22 bankens
390 1005 97 29 styrelse
503 1006 106 28 åhvälfd;
623 1007 59 21 samt
694 1007 36 21 att
741 1005 121 29 uttrycket

109 1040 22 28 pi
148 1040 54 28 laga
220 1040 112 29 ordning"
355 1045 26 17 är
399 1040 126 22 sväfvande
543 1040 44 22 och
604 1041 48 21 kan
669 1040 123 22 framkalla
808 1040 53 21 vill-

107 1074 116 28 rådighet,
249 1074 115 22 huruvida
390 1075 97 29 publika
514 1075 110 21 ombudet
649 1075 8 22 i
681 1075 42 21 fall
747 1074 23 22 af
790 1074 71 22 behof

108 1116 55 21 eger
189 1109 94 28 påkalla
309 1109 111 22 domstols
447 1110 56 21 eller
523 1110 171 21 administrativ
711 1108 149 29 myndighets

107 1143 146 29 ingripande.
289 1144 122 21 Utskottet
432 1144 43 21 har
495 1144 80 21 funnit
595 1144 67 21 dessa
680 1143 182 29 anmärkningar

107 1177 115 29 befogade
240 1178 44 21 och
301 1178 52 21 med
371 1178 129 28 anledning
517 1178 67 22 häraf
601 1178 111 28 uppgjort
724 1178 88 28 förslag
824 1177 37 21 till

108 1211 126 22 förändrad
251 1212 89 28 lydelse
359 1212 23 22 af
400 1214 13 25 $
432 1212 22 28 9,
466 1212 70 22 hvars
549 1212 90 28 sakliga
651 1212 105 21 innehåll
768 1212 8 21 i
790 1211 72 29 öfrigt

107 1245 140 22 bibehållits.

176 1422 47 22 Vid
251 1421 192 23 remissdebatten
469 1420 9 22 i
505 1420 198 30 Borgareståndet
732 1420 128 28 framhölls,

107 1456 110 23 hurusom
243 1456 139 30 stadgandet
408 1456 9 22 i
443 1457 13 26 $
486 1456 36 28 10,
551 1458 35 20 att
611 1455 65 22 bank
702 1455 61 23 skall
783 1455 9 22 i
811 1455 50 23 lan-

177 1500 144 19 Bankutskottets
333 1500 112 17 betänkande
456 1499 38 18 N:o
507 1500 15 18 1.
