1048 1706
220 131 26 21 12
528 130 40 22 N:o
584 132 21 20 2.

395 244 83 27 Förslag
494 244 30 22 till
540 244 123 28 förordning,
681 243 140 23 innefattande
838 243 105 23 särskilda

327 284 153 28 bestämningar
487 290 31 16 om
530 284 187 28 ändringssökande
729 284 5 22 i
745 284 118 22 underrätts
872 284 71 23 domar

325 325 38 21 och
379 324 75 28 utslag.

257 386 49 22 Med
328 386 149 28 upphäfvande
500 386 23 22 af
540 388 9 20 1
569 386 39 22 och
624 388 14 20 2
652 387 24 27 88
695 387 27 21 27
737 386 49 28 kap.
809 386 132 28 rättegängs-

188 421 78 21 balken
287 420 111 22 äfvensom
420 420 78 28 Kongl.
513 420 83 22 brefvet
611 420 23 22 af
648 421 39 21 den
706 421 23 21 11
747 420 42 27 maj
807 421 61 27 1774,
884 424 56 19 samt

190 454 89 28 ändring
293 454 23 22 af
330 456 12 20 6
359 455 12 27 &
388 456 25 20 14
429 455 56 27 kap.,
501 456 13 20 2
530 456 12 27 $
560 456 25 20 16
600 455 49 27 kap.
665 454 38 22 och
718 455 13 21 8
747 454 11 28 $
774 455 27 21 27
814 454 48 28 kap.
874 456 65 26 sagde

188 488 57 28 balk,
268 489 27 21 38
313 489 95 27 punkten
423 490 7 20 i
445 490 77 27 Kongl.
546 489 142 27 förklaringen
706 489 41 21 den
765 489 28 21 23
812 495 57 16 mars
885 490 56 21 1807

190 523 39 22 och
243 523 80 27 nädiga
337 523 83 24 brefvet
436 524 39 22 den
492 526 13 20 4
518 524 46 28 juni
581 525 61 26 1817,
657 524 76 22 varder
747 524 125 28 härigenom
883 524 57 22 stad-

189 558 61 27 gadt:

508 658 15 16 1
544 656 79 22 kap.

189 714 37 21 Om
241 714 98 21 anmälan
354 713 25 22 af
391 713 100 26 missnöje
507 714 56 20 emot
576 712 120 22 underrätts
709 714 70 28 utslag
789 714 8 20 i
805 713 136 22 besvärsmäl.

542 776 45 28 18.

256 816 45 22 När
323 816 112 22 underrätt
457 816 108 22 afkunnar
586 815 78 23 sädant
685 816 83 28 slutligt
785 816 77 28 utslag,
882 816 60 22 hvari

189 851 90 27 ändring
293 851 63 21 sökes
371 856 75 22 genom
466 850 82 28 besvär,
564 851 52 21 eller
631 853 66 19 annat
712 851 70 27 utslag
797 851 52 22 eller
863 850 78 28 beslut,

189 885 112 23 hvaröfver
316 885 106 22 särskilda
437 885 76 22 besvär
523 886 73 21 kunna
605 892 40 20 ega
655 891 53 21 rum,
717 885 55 22 skall
783 888 71 20 rätten
865 887 77 27 genast

188 920 99 22 meddela
301 920 133 28 sakegarene
449 920 157 22 underrättelse
620 926 34 16 om
670 920 55 21 hvad
738 920 40 21 den
789 921 47 21 med
847 920 95 27 utslaget

189 954 52 22 eller
255 955 93 21 beslutet
362 954 117 28 missnöjde
495 954 33 22 för
543 955 120 22 bevarande
678 954 39 22 och
732 954 134 28 fullföljande
877 954 24 22 af
909 956 32 20 sin

189 989 146 22 besvärstalan
358 991 55 19 samt
436 990 120 25 motparten
580 988 34 22 för
628 988 175 22 svarandetalans
817 989 126 21 bevakande

188 1023 64 21 hafva
267 1024 33 20 att
313 1022 104 28 iakttaga.
446 1022 56 22 Göre
518 1022 40 22 ock
572 1024 71 20 rätten
658 1028 34 16 om
707 1022 67 22 sädan
784 1023 157 22 underrättelse

189 1056 127 27 anteckning
331 1057 7 20 i
353 1056 138 27 protokollet.

541 1119 47 28 28.

257 1159 54 27 Den,
328 1165 45 15 som
389 1159 19 27 ej
424 1159 59 28 nöjes
502 1159 23 22 ät
540 1159 75 22 sädant
629 1159 70 28 utslag
714 1159 53 22 eller
781 1159 76 27 beslut,
872 1165 47 16 som
935 1160 7 21 i

191 1195 8 20 1
217 1194 12 27 &
244 1193 145 28 omförmäles,
411 1193 56 22 skall
489 1193 85 22 anmäla
596 1193 98 28 missnöje
717 1193 40 22 hos
781 1193 40 21 den
841 1193 100 27 domstol,

188 1228 86 22 hvilken
289 1228 7 21 i
311 1227 65 22 saken
398 1227 65 26 dömt,
485 1228 53 21 eller
560 1227 48 22 dess
631 1228 139 22 ordförande:
794 1234 34 15 om
848 1228 93 27 utslaget

189 1262 66 26 angår
277 1261 130 26 invändning
422 1261 7 20 i
445 1263 151 24 rättegången,
618 1261 58 21 inom
700 1261 40 22 den
762 1261 38 25 tid,
816 1267 47 15 som
878 1261 8 21 i
902 1262 10 20 1
929 1261 12 28 $

191 1296 25 20 16
232 1295 49 27 kap.
296 1294 205 27 rättegängsbalken
515 1294 98 22 bestämd
628 1296 30 25 är,
674 1295 40 21 och
728 1295 8 21 i
750 1294 69 22 andra
829 1295 38 21 fall
877 1295 64 22 innan

189 1329 85 22 åttonde
297 1329 70 27 dagen
391 1329 143 28 tilländagätt,
559 1328 41 23 den
619 1329 104 22 inräknad
738 1329 28 22 dä
781 1329 94 28 utslaget
889 1329 53 22 eller

188 1364 93 21 beslutet
296 1363 139 22 afkunnades,
465 1363 61 22 Inom
540 1369 82 16 samma
637 1364 33 21 tid
684 1371 50 21 eger
746 1364 79 28 jemväl
837 1365 47 27 den,
895 1371 45 16 som

188 1399 19 26 ej
223 1399 37 21 vill
274 1398 93 28 fullfölja
389 1398 46 21 sina
449 1398 83 27 besvär,
550 1399 38 22 hos
603 1399 118 22 domstolen
737 1399 52 22 eller
804 1399 47 22 dess
867 1399 73 22 ordfö-

189 1433 66 22 rande
270 1433 107 22 äterkalla
392 1433 219 27 missnöjesanmälan.
