1031 1709
190 146 27 20 10
415 144 29 22 U.
460 145 28 21 B.
503 156 27 4 —
545 144 73 28 Prop.
634 143 46 23 N:o
695 144 22 21 4.

257 214 74 20 Jemte
347 214 37 20 det
396 213 150 21 Guvernören
561 212 147 22 understälde
724 212 61 21 detta
795 212 74 26 utslag
880 212 64 20 Hans

190 248 123 27 Kejserliga
329 247 115 28 Majestäts
460 248 83 26 nådiga
559 247 112 27 pröfning,
687 246 96 21 insände
797 246 147 21 Guvernören

187 282 169 21 meranämnda
371 282 105 20 ansökan
492 289 38 14 om
545 281 231 27 mantalsförhöjning
791 280 154 22 tillsammans

189 316 53 21 med
264 316 72 26 öfriga
351 316 8 20 i
374 316 94 21 ärendet
482 316 121 21 tillkomna
619 315 138 26 handlingar
772 315 34 21 till
822 314 123 27 Kejserliga

189 350 105 26 Senaten,
317 357 50 14 som
390 350 104 21 deröfver
515 349 131 21 infordrade
665 349 279 26 Landtmäteristyrelsens

188 384 158 26 underdåniga
367 384 123 20 utlåtande.
522 385 42 20 Det
587 384 25 20 af
630 383 107 21 bemälda
758 383 93 27 styrelse
866 382 7 20 i
889 382 56 27 följd

187 418 70 20 häraf
278 418 85 26 afgifna
380 418 114 27 yttrandet
510 420 30 24 är,
558 417 74 22 såvidt
646 418 71 26 angår
733 417 78 27 frågan
827 423 39 15 om
881 423 65 13 man-

187 452 213 27 talsförhöjningen,
417 452 25 21 af
454 452 100 27 följande
569 452 94 27 lydelse:

257 486 101 27 »Enligt.
371 487 61 21 hvad
455 486 250 26 remisshandlingarna
727 486 98 26 bilagda,
846 485 39 21 vid
900 485 44 21 den

187 522 15 20 3
218 522 96 20 oktober
335 522 54 20 1880
405 522 77 20 hållen
498 521 236 21 kommunalstämma
750 520 64 21 förda
829 520 115 28 protokoll

188 555 136 27 innehåller,
337 556 69 20 hafva
422 556 187 21 socknemännen
624 555 93 21 beslutit
731 557 32 19 att
775 555 7 20 i
794 554 152 26 underdånig-

189 590 39 21 het
250 590 93 21 anhålla
366 592 38 24 att,
424 590 7 20 i
455 590 109 21 händelse
585 590 114 21 storskifte
717 590 8 20 i
745 589 85 21 socken
846 590 64 20 ännu
925 588 19 28 ej

189 624 78 21 kunde
289 624 163 27 tillförordnas,
475 624 138 21 åtminstone
636 630 32 20 ny
687 623 166 27 skattläggning
868 623 76 26 måtte,

189 658 30 28 på
235 658 7 20 i
258 659 138 27 protokollet
419 658 96 22 anförda
531 659 56 26 skäl,
604 658 22 20 få
642 658 91 26 öfvergå
748 657 28 21 de
792 658 74 26 gamla
882 657 63 21 hem-

188 698 86 15 manen
289 693 7 20 i
312 692 105 22 afseende
434 693 12 20 å
462 692 130 28 förhöjning
607 692 25 21 af
642 692 130 21 desammas
785 691 161 27 ursprungliga

189 726 51 27 låga
257 727 94 26 mantal,
367 726 70 21 innan
455 727 133 27 utbrytning
603 726 25 21 af
640 725 156 28 kronojorden
812 726 53 20 eller
876 725 69 21 afrös-

188 760 57 27 ning
260 761 25 20 af
295 760 297 27 samfällighetsdelegarene
603 760 138 21 tillbörande
751 760 66 21 mark
828 760 116 26 företages,

187 795 96 21 hvilken
299 795 111 21 anhållan
426 796 147 20 Guvernören
588 801 46 21 nog
644 795 76 21 funnit
731 794 78 27 skälig,
821 801 51 14 men
885 794 60 22 dock

189 829 51 21 icke
262 830 90 20 kunnat
375 829 33 21 till
432 830 106 27 pröfning
553 832 106 25 upptaga,
675 832 55 17 utan
747 828 88 22 anvisat
851 829 94 20 sockne-

189 865 102 19 männen
307 866 32 18 att
354 864 38 21 vid
408 864 98 22 skeende
522 864 114 21 storskifte
651 864 80 20 derom
747 865 54 25 göra
813 863 130 27 påstående.

189 898 82 21 Ehuru
293 898 147 21 Guvernören
463 901 35 24 egt
513 898 136 27 befogenhet
663 898 34 20 till
713 898 82 21 sådant
809 898 136 23 förfarande,

189 932 46 21 kan
254 928 181 32 Öfverstyrelsen
454 932 49 22 icke
519 932 121 22 oanmärkt
656 932 76 21 lemna
748 934 32 19 att
795 932 150 21 socknemän-

188 974 58 14 nens
268 967 104 26 berörda,
395 967 25 21 af
437 967 322 27 förättningslandtmätarene,
783 967 161 26 Kronofogden

187 1002 47 20 och
255 1002 231 20 Länelandtmätaren
507 1001 120 21 förordade
643 1001 110 21 anhållan
769 1001 96 21 rörande
881 1008 64 13 man-

188 1035 205 27 talsförhöjningen
414 1036 13 20 å
447 1036 27 20 de
499 1036 76 26 gamla
599 1036 146 25 hemmanen,
771 1035 92 21 lemnad
888 1038 56 18 utan

188 1070 79 26 nådigt
292 1070 112 26 afseende,
430 1070 164 26 otvifvelaktigt
616 1070 74 20 skulle
712 1070 55 20 efter
790 1070 153 26 afrösningen,

188 1104 117 20 verkstäld
320 1104 55 20 efter
389 1104 28 20 de
428 1105 75 25 gamla
514 1105 150 20 hemmanens
675 1104 133 21 nuvarande
820 1104 51 26 låga
880 1110 65 14 man-

188 1138 39 26 tal,
236 1138 122 21 framkalla
368 1138 136 26 berättigadt
514 1138 114 27 missnöje,
641 1140 55 19 enär
703 1138 66 21 dessa
780 1138 164 21 vidsträcktare

189 1172 44 21 och
255 1172 72 21 bättre
351 1172 109 26 odlingar,
481 1172 69 27 enligt
569 1172 62 21 hvad
647 1172 297 26 samfällighetsdelegarene

187 1206 81 26 sjelfva
283 1206 87 25 erkänt,
386 1206 174 26 underlydande
575 1207 116 25 hemman,
708 1206 115 21 fördelade
834 1212 51 15 som
895 1206 49 20 fler-

187 1240 56 20 talet
257 1240 25 20 af
295 1240 118 20 desamma
429 1241 39 19 äro
484 1240 97 20 emellan
594 1240 38 20 två
642 1240 44 20 och
697 1240 54 20 flera
763 1240 76 25 åboar,
851 1240 93 20 komme

188 1272 7 21 i
211 1272 143 21 förhållande
376 1272 34 21 till
433 1273 111 21 åboarnes
560 1272 62 21 antal
638 1275 32 17 att
685 1273 86 20 erhålla
786 1273 53 21 vida
855 1272 90 21 mindre

187 1306 46 22 och
252 1306 74 21 dertill
347 1306 33 20 till
397 1308 70 19 större
482 1306 66 21 delen
563 1306 71 21 redan
651 1307 117 26 uthuggna
784 1306 161 27 skogsmarker

187 1342 31 20 än
234 1341 178 27 nyhemmanen.
440 1341 35 20 Då
491 1340 123 22 storskiftet
629 1340 7 20 i
653 1341 100 21 socknen
765 1340 7 21 i
783 1341 112 21 anseende
910 1341 34 21 till

186 1375 95 21 dermed
297 1374 107 22 förenade
420 1374 71 28 dryga
506 1375 124 21 kostnader
645 1376 63 20 ännu
724 1376 49 20 icke
789 1375 64 21 torde
863 1376 81 20 kunna

185 1409 158 22 tillförordnas
366 1412 60 18 samt
448 1409 102 22 definitiv
573 1410 168 27 skattläggning
761 1410 50 21 icke
833 1410 45 21 kan
904 1410 40 22 ske

187 1444 71 22 innan
282 1444 133 27 fullständig
434 1452 32 20 ny
481 1444 119 28 affattning
615 1444 25 22 af
653 1450 83 22 egorna
752 1445 121 27 försiggått,
890 1452 54 15 men

256 1489 47 23 Lag-
317 1490 33 18 och
362 1489 182 19 Ekonomiutskottets
556 1490 111 19 betänkande
679 1490 36 18 N:o
729 1491 18 17 8.
