1031 1714
124 385 25 19 11

166 383 13 28 vy

202 146 13 19 4
399 143 81 23 Ständ.
496 143 37 22 Sv.
550 156 26 3 —
592 143 73 26 Prop.
681 142 41 22 N:o
737 142 21 21 6.

203 209 50 21 från
268 209 80 28 början
363 209 26 20 af
402 208 38 21 sitt
456 208 86 21 inträde
558 208 7 21 i
580 208 37 20 det
630 207 145 21 kommunala
785 206 116 21 samhället
912 206 43 21 del-

204 247 51 24 taga
270 243 8 22 i
293 243 119 22 skötandet
428 243 25 21 af
466 243 50 20 dess
532 242 194 28 angelägenheter.
750 241 54 21 Men
819 241 28 20 då
858 240 98 22 nämnda

204 277 69 22 afsikt
296 279 63 27 synts
379 277 7 21 i
406 277 44 21 den
464 277 83 28 nådiga
560 275 172 30 propositionen
747 275 157 28 ofullständigt
919 282 37 21 ge-

203 313 111 24 nomförd,
330 312 41 21 har
386 311 173 29 ifrågavarande
575 313 98 19 moment
689 311 5 20 i
712 310 99 29 antydda
823 309 60 22 delar
894 310 61 21 kom-

202 347 122 29 pletterats.

269 381 33 22 På
317 384 44 18 sätt
375 381 7 20 i
399 381 37 21 det
452 381 135 28 föregående
602 378 133 23 framhållits
750 380 68 21 hafva
829 379 126 22 Ständerna

203 419 73 18 ansett
294 416 104 28 riktigast
416 423 54 14 vara
485 418 32 19 att
532 415 34 21 till
582 417 24 19 11
623 415 13 28 $
652 414 131 29 öfverflytta
798 414 37 21 det
850 414 8 21 i
873 414 83 29 nådiga

203 451 183 29 propositionens
411 453 26 19 10
460 450 13 28 &
496 449 92 29 intagna
608 449 135 28 stadgandet
761 457 37 13 om
812 451 92 19 rösträtt
920 449 36 21 för

203 486 114 28 fastighet,
336 485 59 21 dock
417 485 51 21 med
491 485 69 22 sådan
583 484 102 29 ändring,
705 487 32 18 att
754 491 83 21 egaren
851 484 45 21 kan
912 483 43 22 för-

202 520 89 22 behålla
309 520 35 28 sig
361 522 122 19 rösträtten
496 520 80 21 endast
591 527 36 13 om
642 519 45 21 han
703 522 24 17 är
745 519 4 20 i
765 519 138 20 kommunen
917 518 39 21 bo-

203 558 50 23 satt,
276 562 28 13 en
326 555 150 27 bestämning,
499 554 93 22 hvilken
614 553 42 22 ock
679 557 24 18 är
721 561 47 14 mer
783 553 172 21 öfverensstäm-

203 589 80 22 mande
294 589 52 21 med
356 597 31 12 nu
398 589 102 28 gällande
511 588 272 28 kommunalförfattning.
803 587 48 22 Och
861 588 95 21 emedan

203 624 69 28 enligt
291 626 12 18 2
323 624 13 28 8
355 623 8 21 i
382 624 82 28 nådiga
487 623 163 28 förordningen
672 623 116 28 angående
810 626 81 25 vägars
912 623 43 21 och

201 658 79 22 broars
293 658 122 29 byggande
431 659 42 21 och
488 658 117 22 underhåll
622 660 12 18 å
646 658 77 21 landet
735 658 24 21 af
768 658 44 20 den
823 660 26 19 15
859 657 96 22 Januari

203 696 61 23 1883,
282 696 63 18 utom
367 701 66 21 egare
450 694 42 20 och
506 693 96 21 brukare
618 692 25 22 af
656 692 7 21 i
679 692 84 22 mantal
778 695 43 19 satt
834 692 53 28 jord
899 692 56 28 jäm-

200 728 37 22 väl
261 728 147 21 innebafvare
431 728 23 21 af
476 728 127 28 skattlagda
629 730 51 26 torp
706 728 42 21 och
772 726 103 29 utjordar
897 730 57 18 samt

201 762 110 23 särskilda
333 762 59 29 slags
410 762 140 22 industriella
572 762 150 28 inrättningar
745 766 38 17 äro
803 762 104 29 skyldige
923 765 31 18 att

203 798 88 28 deltaga
313 798 7 20 i
343 800 53 26 väg-
419 798 40 20 och
482 797 274 29 brobyggnadsbesväret,
779 800 57 18 samt
858 797 96 21 berörda

200 833 129 28 lägenheter
344 833 42 20 och
401 832 141 22 industriella
556 832 151 28 inrättningar
717 832 56 21 böra
782 832 35 21 för
829 832 125 21 ändamålet

202 867 23 21 få
241 866 34 29 sig
290 867 84 21 mantal
389 868 63 24 åsatt,
468 869 30 26 på
512 867 75 28 grund
601 866 82 22 hvaraf
698 867 28 21 de
741 866 43 22 ock
799 867 7 21 i
822 867 61 21 detta
893 867 61 28 slags

201 902 98 21 ärenden
314 909 41 20 ega
370 904 92 19 rösträtt
478 904 12 19 å
505 902 225 21 kommunalstämma
745 901 56 21 efter
811 902 91 25 mantal,
912 902 41 20 har

201 937 38 21 det
262 936 116 22 befunnits
401 936 80 28 nödigt
504 940 32 18 att
555 936 8 21 i
587 938 23 18 11
635 936 15 28 &
669 936 198 28 uppmärksamma
886 936 68 21 äfven

201 972 74 20 denna
297 970 173 28 omständighet.
503 970 84 22 Vidare
609 971 42 21 har
673 970 158 28 ordalydelsen
853 971 26 21 af
899 971 54 21 sista

199 1005 122 29 meningen
347 1005 7 21 i
376 1005 136 28 paragrafen
541 1007 85 19 ansetts
651 1005 76 21 kunna
749 1005 74 21 lemma
845 1012 50 14 rum
918 1005 35 21 för

201 1040 80 22 sådant
303 1039 164 26 missförstånd,
491 1042 32 19 att
546 1040 60 20 delar
629 1039 25 21 af
673 1040 115 25 kommun,
811 1042 15 18 t.
845 1047 33 14 ex.
896 1039 56 22 visst

201 1074 84 28 byalag
303 1074 53 21 eller
379 1074 101 21 enskilda
495 1074 150 25 medlemmar,
662 1081 48 15 som
725 1074 143 28 tillfälligtvis
883 1074 69 22 hafva

202 1112 31 18 ett
262 1108 53 22 eller
345 1111 68 18 annat
442 1111 138 25 gemensamt
609 1108 102 26 intresse,
740 1109 72 20 skulle
842 1117 42 20 ega
908 1112 44 18 rätt

201 1146 32 18 att
259 1143 36 21 för
320 1142 85 21 sädana
434 1143 87 27 frägors
551 1142 124 29 afgörande
700 1143 89 28 päkalla
813 1143 139 21 kommunal-

199 1180 100 22 stämma,
323 1177 43 21 och
389 1177 94 21 sälunda
506 1180 28 18 än
555 1180 122 25 yttermera
699 1178 104 20 inveckla
820 1177 81 29 frägan
916 1184 35 15 om

199 1212 28 21 de
245 1214 58 18 rätta
322 1212 123 20 föremälen
464 1212 42 21 och
524 1214 122 26 gränserna
662 1212 35 21 för
713 1214 120 19 stämmans
850 1212 40 21 och
908 1212 44 21 den

201 1253 165 20 gemensamma
394 1246 181 28 förvaltningens
606 1254 121 20 omsorger.
764 1247 54 20 Med
845 1247 106 21 afseende

199 1279 54 21 härå
277 1279 44 21 och
349 1279 36 21 för
412 1282 32 18 att
468 1279 73 21 lemna
570 1280 131 28 tillräckligt
731 1280 74 28 tydlig
831 1280 121 28 anvisning

200 1313 83 25 därom,
306 1316 32 18 att
357 1313 271 29 vägbyggnadsskyldige
650 1314 51 21 från
723 1317 32 19 ett
776 1314 175 29 vägbyggnads-

199 1347 37 29 lag
261 1347 19 29 ej
304 1351 37 18 äro
367 1347 139 29 berättigade
534 1350 32 20 att
590 1348 8 21 i
621 1348 28 21 de
671 1348 46 26 fall,
741 1349 28 21 då
793 1349 61 21 delar
877 1349 25 21 af
923 1356 28 14 en

198 1383 109 21 kommun
329 1382 94 22 faktiskt
444 1382 90 22 tillhöra
555 1383 53 21 flere
631 1383 70 22 härad
724 1384 43 21 och
789 1383 86 22 således
895 1383 56 29 jäm-

198 1417 37 22 väl
251 1417 72 22 skilda
341 1417 210 29 vägbyggnadslag,
567 1418 89 28 deltaga
670 1418 8 21 i
693 1422 68 17 annat
776 1419 174 28 vägbyggnads-

197 1452 49 29 lags
265 1452 193 29 angelägenheter,
477 1453 40 20 har
536 1460 28 14 en
579 1453 168 28 omredigering
761 1453 138 22 härutinnan
914 1461 36 14 an-
