<?xml version="1.0" encoding="UTF-8"?>
<alto xmlns="http://www.loc.gov/standards/alto/ns-v3#" xmlns:xlink="http://www.w3.org/1999/xlink" xmlns:xsi="http://www.w3.org/2001/XMLSchema-instance" xsi:schemaLocation="http://www.loc.gov/standards/alto/ns-v3# http://www.loc.gov/alto/v3/alto-3-0.xsd">
	<Description>
		<MeasurementUnit>pixel</MeasurementUnit>
		<sourceImageInformation>
			<fileName>/tmp/tess_q9psdwsu_input.PNG</fileName>
		</sourceImageInformation>
		<OCRProcessing ID="OCR_0">
			<ocrProcessingStep>
				<processingSoftware>
					<softwareName>tesseract 5.3.4</softwareName>
				</processingSoftware>
			</ocrProcessingStep>
		</OCRProcessing>
	</Description>
	<Layout>
		<Page WIDTH="1042" HEIGHT="1706" PHYSICAL_IMG_NR="0" ID="page_0">
			<PrintSpace HPOS="0" VPOS="0" WIDTH="1042" HEIGHT="1706">
				<ComposedBlock ID="cblock_0" HPOS="333" VPOS="124" WIDTH="529" HEIGHT="30">
					<TextBlock ID="block_0" HPOS="333" VPOS="124" WIDTH="529" HEIGHT="30">
						<TextLine ID="line_0" HPOS="333" VPOS="124" WIDTH="529" HEIGHT="30">
							<String ID="string_0" HPOS="333" VPOS="124" WIDTH="28" HEIGHT="23" WC="0.91" CONTENT="U."/><SP WIDTH="15" VPOS="124" HPOS="361"/>
							<String ID="string_1" HPOS="376" VPOS="125" WIDTH="28" HEIGHT="22" WC="0.87" CONTENT="B."/><SP WIDTH="17" VPOS="125" HPOS="404"/>
							<String ID="string_2" HPOS="421" VPOS="138" WIDTH="25" HEIGHT="4" WC="0.87" CONTENT="—"/><SP WIDTH="18" VPOS="138" HPOS="446"/>
							<String ID="string_3" HPOS="464" VPOS="125" WIDTH="74" HEIGHT="29" WC="0.95" CONTENT="Prop."/><SP WIDTH="15" VPOS="125" HPOS="538"/>
							<String ID="string_4" HPOS="553" VPOS="125" WIDTH="45" HEIGHT="23" WC="0.96" CONTENT="N:o"/><SP WIDTH="15" VPOS="125" HPOS="598"/>
							<String ID="string_5" HPOS="613" VPOS="126" WIDTH="24" HEIGHT="22" WC="0.96" CONTENT="8."/><SP WIDTH="213" VPOS="126" HPOS="637"/>
							<String ID="string_6" HPOS="850" VPOS="128" WIDTH="12" HEIGHT="20" WC="0.96" CONTENT="9"/>
						</TextLine>
					</TextBlock>
				</ComposedBlock>
				<ComposedBlock ID="cblock_1" HPOS="476" VPOS="196" WIDTH="233" HEIGHT="30">
					<TextBlock ID="block_1" HPOS="476" VPOS="196" WIDTH="233" HEIGHT="30">
						<TextLine ID="line_1" HPOS="476" VPOS="196" WIDTH="233" HEIGHT="30">
							<String ID="string_7" HPOS="476" VPOS="196" WIDTH="233" HEIGHT="30" WC="0.96" CONTENT="Förordning,"/>
						</TextLine>
					</TextBlock>
				</ComposedBlock>
				<ComposedBlock ID="cblock_2" HPOS="328" VPOS="242" WIDTH="533" HEIGHT="65">
					<TextBlock ID="block_2" HPOS="328" VPOS="242" WIDTH="533" HEIGHT="65">
						<TextLine ID="line_2" HPOS="328" VPOS="242" WIDTH="533" HEIGHT="30">
							<String ID="string_8" HPOS="328" VPOS="242" WIDTH="106" HEIGHT="30" WC="0.96" CONTENT="angående"/><SP WIDTH="15" VPOS="242" HPOS="434"/>
							<String ID="string_9" HPOS="449" VPOS="245" WIDTH="148" HEIGHT="27" WC="0.96" CONTENT="verkställighet"/><SP WIDTH="15" VPOS="245" HPOS="597"/>
							<String ID="string_10" HPOS="612" VPOS="245" WIDTH="5" HEIGHT="21" WC="0.96" CONTENT="i"/><SP WIDTH="16" VPOS="245" HPOS="617"/>
							<String ID="string_11" HPOS="633" VPOS="244" WIDTH="80" HEIGHT="23" WC="0.95" CONTENT="Finland"/><SP WIDTH="17" VPOS="244" HPOS="713"/>
							<String ID="string_12" HPOS="730" VPOS="246" WIDTH="21" HEIGHT="21" WC="0.96" CONTENT="af"/><SP WIDTH="12" VPOS="246" HPOS="751"/>
							<String ID="string_13" HPOS="763" VPOS="245" WIDTH="98" HEIGHT="22" WC="0.96" CONTENT="domstols"/>
						</TextLine>
						<TextLine ID="line_3" HPOS="408" VPOS="278" WIDTH="377" HEIGHT="29">
							<String ID="string_14" HPOS="408" VPOS="280" WIDTH="5" HEIGHT="21" WC="0.93" CONTENT="i"/><SP WIDTH="17" VPOS="280" HPOS="413"/>
							<String ID="string_15" HPOS="430" VPOS="280" WIDTH="153" HEIGHT="27" WC="0.91" CONTENT="Kejsaredömet"/><SP WIDTH="15" VPOS="280" HPOS="583"/>
							<String ID="string_16" HPOS="598" VPOS="280" WIDTH="45" HEIGHT="22" WC="0.96" CONTENT="dom"/><SP WIDTH="17" VPOS="280" HPOS="643"/>
							<String ID="string_17" HPOS="660" VPOS="281" WIDTH="5" HEIGHT="21" WC="0.96" CONTENT="i"/><SP WIDTH="15" VPOS="281" HPOS="665"/>
							<String ID="string_18" HPOS="680" VPOS="278" WIDTH="105" HEIGHT="25" WC="0.95" CONTENT="tvistemål."/>
						</TextLine>
					</TextBlock>
				</ComposedBlock>
				<ComposedBlock ID="cblock_3" HPOS="325" VPOS="334" WIDTH="538" HEIGHT="284">
					<TextBlock ID="block_3" HPOS="568" VPOS="334" WIDTH="48" HEIGHT="25">
						<TextLine ID="line_4" HPOS="568" VPOS="334" WIDTH="48" HEIGHT="25">
							<String ID="string_19" HPOS="568" VPOS="334" WIDTH="12" HEIGHT="21" WC="0.72" CONTENT="1"/><SP WIDTH="17" VPOS="334" HPOS="580"/>
							<String ID="string_20" HPOS="597" VPOS="336" WIDTH="19" HEIGHT="23" WC="0.72" CONTENT="$."/>
						</TextLine>
					</TextBlock>
					<TextBlock ID="block_4" HPOS="325" VPOS="375" WIDTH="538" HEIGHT="243">
						<TextLine ID="line_5" HPOS="400" VPOS="375" WIDTH="463" HEIGHT="28">
							<String ID="string_21" HPOS="400" VPOS="375" WIDTH="63" HEIGHT="28" WC="0.91" CONTENT="Dom,"/><SP WIDTH="24" VPOS="375" HPOS="463"/>
							<String ID="string_22" HPOS="487" VPOS="376" WIDTH="115" HEIGHT="21" WC="0.96" CONTENT="meddelad"/><SP WIDTH="22" VPOS="376" HPOS="602"/>
							<String ID="string_23" HPOS="624" VPOS="376" WIDTH="9" HEIGHT="21" WC="0.93" CONTENT="i"/><SP WIDTH="22" VPOS="376" HPOS="633"/>
							<String ID="string_24" HPOS="655" VPOS="375" WIDTH="164" HEIGHT="28" WC="0.59" CONTENT="Kejsaredömet"/><SP WIDTH="18" VPOS="375" HPOS="819"/>
							<String ID="string_25" HPOS="837" VPOS="376" WIDTH="26" HEIGHT="27" WC="0.96" CONTENT="af"/>
						</TextLine>
						<TextLine ID="line_6" HPOS="328" VPOS="412" WIDTH="532" HEIGHT="27">
							<String ID="string_26" HPOS="328" VPOS="412" WIDTH="100" HEIGHT="26" WC="0.96" CONTENT="domstol,"/><SP WIDTH="24" VPOS="412" HPOS="428"/>
							<String ID="string_27" HPOS="452" VPOS="418" WIDTH="47" HEIGHT="15" WC="0.93" CONTENT="som"/><SP WIDTH="19" VPOS="418" HPOS="499"/>
							<String ID="string_28" HPOS="518" VPOS="418" WIDTH="49" HEIGHT="21" WC="0.92" CONTENT="eger"/><SP WIDTH="18" VPOS="418" HPOS="567"/>
							<String ID="string_29" HPOS="585" VPOS="413" WIDTH="31" HEIGHT="20" WC="0.93" CONTENT="att"/><SP WIDTH="19" VPOS="413" HPOS="616"/>
							<String ID="string_30" HPOS="635" VPOS="412" WIDTH="65" HEIGHT="22" WC="0.92" CONTENT="döma"/><SP WIDTH="18" VPOS="412" HPOS="700"/>
							<String ID="string_31" HPOS="718" VPOS="413" WIDTH="9" HEIGHT="21" WC="0.95" CONTENT="i"/><SP WIDTH="18" VPOS="413" HPOS="727"/>
							<String ID="string_32" HPOS="745" VPOS="413" WIDTH="115" HEIGHT="21" WC="0.95" CONTENT="allmänna"/>
						</TextLine>
						<TextLine ID="line_7" HPOS="328" VPOS="447" WIDTH="533" HEIGHT="28">
							<String ID="string_33" HPOS="328" VPOS="447" WIDTH="108" HEIGHT="22" WC="0.96" CONTENT="tvistemål"/><SP WIDTH="19" VPOS="447" HPOS="436"/>
							<String ID="string_34" HPOS="455" VPOS="448" WIDTH="51" HEIGHT="22" WC="0.94" CONTENT="eller"/><SP WIDTH="17" VPOS="448" HPOS="506"/>
							<String ID="string_35" HPOS="523" VPOS="449" WIDTH="9" HEIGHT="20" WC="0.93" CONTENT="i"/><SP WIDTH="17" VPOS="449" HPOS="532"/>
							<String ID="string_36" HPOS="549" VPOS="448" WIDTH="163" HEIGHT="27" WC="0.93" CONTENT="handelssaker,"/><SP WIDTH="18" VPOS="448" HPOS="712"/>
							<String ID="string_37" HPOS="730" VPOS="447" WIDTH="39" HEIGHT="23" WC="0.95" CONTENT="mä"/><SP WIDTH="18" VPOS="447" HPOS="769"/>
							<String ID="string_38" HPOS="787" VPOS="448" WIDTH="8" HEIGHT="21" WC="0.93" CONTENT="i"/><SP WIDTH="15" VPOS="448" HPOS="795"/>
							<String ID="string_39" HPOS="810" VPOS="448" WIDTH="51" HEIGHT="22" WC="0.93" CONTENT="Fin-"/>
						</TextLine>
						<TextLine ID="line_8" HPOS="328" VPOS="484" WIDTH="532" HEIGHT="27">
							<String ID="string_40" HPOS="328" VPOS="484" WIDTH="54" HEIGHT="21" WC="0.90" CONTENT="land"/><SP WIDTH="18" VPOS="484" HPOS="382"/>
							<String ID="string_41" HPOS="400" VPOS="484" WIDTH="136" HEIGHT="26" WC="0.95" CONTENT="verkställas,"/><SP WIDTH="20" VPOS="484" HPOS="536"/>
							<String ID="string_42" HPOS="556" VPOS="484" WIDTH="53" HEIGHT="21" WC="0.96" CONTENT="dock"/><SP WIDTH="18" VPOS="484" HPOS="609"/>
							<String ID="string_43" HPOS="627" VPOS="484" WIDTH="77" HEIGHT="22" WC="0.96" CONTENT="endast"/><SP WIDTH="18" VPOS="484" HPOS="704"/>
							<String ID="string_44" HPOS="722" VPOS="484" WIDTH="53" HEIGHT="27" WC="0.91" CONTENT="efter"/><SP WIDTH="14" VPOS="484" HPOS="775"/>
							<String ID="string_45" HPOS="789" VPOS="484" WIDTH="71" HEIGHT="21" WC="0.93" CONTENT="veder-"/>
						</TextLine>
						<TextLine ID="line_9" HPOS="329" VPOS="520" WIDTH="531" HEIGHT="26">
							<String ID="string_46" HPOS="329" VPOS="520" WIDTH="96" HEIGHT="21" WC="0.64" CONTENT="börande"/><SP WIDTH="23" VPOS="520" HPOS="425"/>
							<String ID="string_47" HPOS="448" VPOS="520" WIDTH="175" HEIGHT="26" WC="0.88" CONTENT="öfverexekutors"/><SP WIDTH="22" VPOS="520" HPOS="623"/>
							<String ID="string_48" HPOS="645" VPOS="520" WIDTH="112" HEIGHT="21" WC="0.92" CONTENT="särskilda"/><SP WIDTH="16" VPOS="520" HPOS="757"/>
							<String ID="string_49" HPOS="773" VPOS="520" WIDTH="87" HEIGHT="26" WC="0.92" CONTENT="förord-"/>
						</TextLine>
						<TextLine ID="line_10" HPOS="327" VPOS="556" WIDTH="534" HEIGHT="26">
							<String ID="string_50" HPOS="327" VPOS="556" WIDTH="73" HEIGHT="21" WC="0.91" CONTENT="nande"/><SP WIDTH="18" VPOS="556" HPOS="400"/>
							<String ID="string_51" HPOS="418" VPOS="556" WIDTH="38" HEIGHT="21" WC="0.95" CONTENT="och"/><SP WIDTH="20" VPOS="556" HPOS="456"/>
							<String ID="string_52" HPOS="476" VPOS="556" WIDTH="50" HEIGHT="21" WC="0.92" CONTENT="med"/><SP WIDTH="15" VPOS="556" HPOS="526"/>
							<String ID="string_53" HPOS="541" VPOS="556" WIDTH="140" HEIGHT="26" WC="0.90" CONTENT="iakttagande"/><SP WIDTH="15" VPOS="556" HPOS="681"/>
							<String ID="string_54" HPOS="696" VPOS="556" WIDTH="29" HEIGHT="26" WC="0.96" CONTENT="af"/><SP WIDTH="12" VPOS="556" HPOS="725"/>
							<String ID="string_55" HPOS="737" VPOS="556" WIDTH="72" HEIGHT="21" WC="0.93" CONTENT="nedan"/><SP WIDTH="15" VPOS="556" HPOS="809"/>
							<String ID="string_56" HPOS="824" VPOS="562" WIDTH="37" HEIGHT="15" WC="0.92" CONTENT="an-"/>
						</TextLine>
						<TextLine ID="line_11" HPOS="325" VPOS="591" WIDTH="228" HEIGHT="27">
							<String ID="string_57" HPOS="325" VPOS="591" WIDTH="69" HEIGHT="27" WC="0.96" CONTENT="förda"/><SP WIDTH="13" VPOS="591" HPOS="394"/>
							<String ID="string_58" HPOS="407" VPOS="592" WIDTH="146" HEIGHT="26" WC="0.96" CONTENT="föreskrifter."/>
						</TextLine>
					</TextBlock>
				</ComposedBlock>
				<ComposedBlock ID="cblock_4" HPOS="327" VPOS="650" WIDTH="534" HEIGHT="182">
					<TextBlock ID="block_5" HPOS="569" VPOS="650" WIDTH="50" HEIGHT="26">
						<TextLine ID="line_12" HPOS="569" VPOS="650" WIDTH="50" HEIGHT="26">
							<String ID="string_59" HPOS="569" VPOS="650" WIDTH="50" HEIGHT="26" WC="0.79" CONTENT="28."/>
						</TextLine>
					</TextBlock>
					<TextBlock ID="block_6" HPOS="327" VPOS="696" WIDTH="534" HEIGHT="136">
						<TextLine ID="line_13" HPOS="404" VPOS="696" WIDTH="457" HEIGHT="30">
							<String ID="string_60" HPOS="404" VPOS="698" WIDTH="163" HEIGHT="27" WC="0.96" CONTENT="Verkställighet"/><SP WIDTH="14" VPOS="698" HPOS="567"/>
							<String ID="string_61" HPOS="581" VPOS="698" WIDTH="60" HEIGHT="21" WC="0.96" CONTENT="inom"/><SP WIDTH="16" VPOS="698" HPOS="641"/>
							<String ID="string_62" HPOS="657" VPOS="696" WIDTH="99" HEIGHT="24" WC="0.96" CONTENT="Finland"/><SP WIDTH="15" VPOS="696" HPOS="756"/>
							<String ID="string_63" HPOS="771" VPOS="699" WIDTH="28" HEIGHT="27" WC="0.92" CONTENT="af"/><SP WIDTH="3" VPOS="699" HPOS="799"/>
							<String ID="string_64" HPOS="802" VPOS="699" WIDTH="59" HEIGHT="21" WC="0.92" CONTENT="dom-"/>
						</TextLine>
						<TextLine ID="line_14" HPOS="327" VPOS="734" WIDTH="532" HEIGHT="28">
							<String ID="string_65" HPOS="327" VPOS="734" WIDTH="53" HEIGHT="22" WC="0.92" CONTENT="stols"/><SP WIDTH="18" VPOS="734" HPOS="380"/>
							<String ID="string_66" HPOS="398" VPOS="734" WIDTH="4" HEIGHT="21" WC="0.93" CONTENT="i"/><SP WIDTH="16" VPOS="734" HPOS="402"/>
							<String ID="string_67" HPOS="418" VPOS="734" WIDTH="165" HEIGHT="26" WC="0.88" CONTENT="Kejsaredömet"/><SP WIDTH="15" VPOS="734" HPOS="583"/>
							<String ID="string_68" HPOS="598" VPOS="734" WIDTH="51" HEIGHT="21" WC="0.96" CONTENT="dom"/><SP WIDTH="15" VPOS="734" HPOS="649"/>
							<String ID="string_69" HPOS="664" VPOS="734" WIDTH="61" HEIGHT="21" WC="0.96" CONTENT="sökes"/><SP WIDTH="11" VPOS="734" HPOS="725"/>
							<String ID="string_70" HPOS="736" VPOS="734" WIDTH="123" HEIGHT="28" WC="0.96" CONTENT="skriftligen"/>
						</TextLine>
						<TextLine ID="line_15" HPOS="327" VPOS="770" WIDTH="530" HEIGHT="27">
							<String ID="string_71" HPOS="327" VPOS="770" WIDTH="40" HEIGHT="21" WC="0.93" CONTENT="hos"/><SP WIDTH="18" VPOS="770" HPOS="367"/>
							<String ID="string_72" HPOS="385" VPOS="770" WIDTH="164" HEIGHT="27" WC="0.92" CONTENT="öfverexekutor"/><SP WIDTH="14" VPOS="770" HPOS="549"/>
							<String ID="string_73" HPOS="563" VPOS="770" WIDTH="8" HEIGHT="21" WC="0.95" CONTENT="i"/><SP WIDTH="16" VPOS="770" HPOS="571"/>
							<String ID="string_74" HPOS="587" VPOS="770" WIDTH="42" HEIGHT="21" WC="0.96" CONTENT="den"/><SP WIDTH="15" VPOS="770" HPOS="629"/>
							<String ID="string_75" HPOS="644" VPOS="771" WIDTH="41" HEIGHT="25" WC="0.96" CONTENT="ort,"/><SP WIDTH="16" VPOS="771" HPOS="685"/>
							<String ID="string_76" HPOS="701" VPOS="770" WIDTH="40" HEIGHT="21" WC="0.93" CONTENT="der"/><SP WIDTH="15" VPOS="770" HPOS="741"/>
							<String ID="string_77" HPOS="756" VPOS="770" WIDTH="101" HEIGHT="22" WC="0.91" CONTENT="verkstäl-"/>
						</TextLine>
						<TextLine ID="line_16" HPOS="327" VPOS="806" WIDTH="275" HEIGHT="26">
							<String ID="string_78" HPOS="327" VPOS="806" WIDTH="91" HEIGHT="26" WC="0.95" CONTENT="ligheten"/><SP WIDTH="16" VPOS="806" HPOS="418"/>
							<String ID="string_79" HPOS="434" VPOS="806" WIDTH="38" HEIGHT="21" WC="0.93" CONTENT="bör"/><SP WIDTH="16" VPOS="806" HPOS="472"/>
							<String ID="string_80" HPOS="488" VPOS="812" WIDTH="39" HEIGHT="20" WC="0.92" CONTENT="ega"/><SP WIDTH="16" VPOS="812" HPOS="527"/>
							<String ID="string_81" HPOS="543" VPOS="812" WIDTH="59" HEIGHT="15" WC="0.96" CONTENT="rum."/>
						</TextLine>
					</TextBlock>
				</ComposedBlock>
				<ComposedBlock ID="cblock_5" HPOS="324" VPOS="872" WIDTH="538" HEIGHT="323">
					<TextBlock ID="block_7" HPOS="563" VPOS="872" WIDTH="50" HEIGHT="24">
						<TextLine ID="line_17" HPOS="563" VPOS="872" WIDTH="50" HEIGHT="24">
							<String ID="string_82" HPOS="563" VPOS="872" WIDTH="15" HEIGHT="20" WC="0.84" CONTENT="3"/><SP WIDTH="15" VPOS="872" HPOS="578"/>
							<String ID="string_83" HPOS="593" VPOS="872" WIDTH="20" HEIGHT="24" WC="0.84" CONTENT="$."/>
						</TextLine>
					</TextBlock>
					<TextBlock ID="block_8" HPOS="324" VPOS="917" WIDTH="538" HEIGHT="278">
						<TextLine ID="line_18" HPOS="398" VPOS="917" WIDTH="464" HEIGHT="29">
							<String ID="string_84" HPOS="398" VPOS="918" WIDTH="157" HEIGHT="28" WC="0.80" CONTENT="Ansökningen"/><SP WIDTH="22" VPOS="918" HPOS="555"/>
							<String ID="string_85" HPOS="577" VPOS="918" WIDTH="57" HEIGHT="22" WC="0.93" CONTENT="skall"/><SP WIDTH="15" VPOS="918" HPOS="634"/>
							<String ID="string_86" HPOS="649" VPOS="917" WIDTH="90" HEIGHT="28" WC="0.96" CONTENT="åtföljas"/><SP WIDTH="14" VPOS="917" HPOS="739"/>
							<String ID="string_87" HPOS="753" VPOS="920" WIDTH="26" HEIGHT="26" WC="0.94" CONTENT="af"/><SP WIDTH="14" VPOS="920" HPOS="779"/>
							<String ID="string_88" HPOS="793" VPOS="925" WIDTH="25" HEIGHT="15" WC="0.96" CONTENT="en"/><SP WIDTH="16" VPOS="925" HPOS="818"/>
							<String ID="string_89" HPOS="834" VPOS="919" WIDTH="28" HEIGHT="27" WC="0.96" CONTENT="af"/>
						</TextLine>
						<TextLine ID="line_19" HPOS="327" VPOS="954" WIDTH="530" HEIGHT="27">
							<String ID="string_90" HPOS="327" VPOS="954" WIDTH="42" HEIGHT="22" WC="0.91" CONTENT="den"/><SP WIDTH="22" VPOS="954" HPOS="369"/>
							<String ID="string_91" HPOS="391" VPOS="954" WIDTH="238" HEIGHT="27" WC="0.91" CONTENT="domstolsmyndighet,"/><SP WIDTH="20" VPOS="954" HPOS="629"/>
							<String ID="string_92" HPOS="649" VPOS="960" WIDTH="47" HEIGHT="15" WC="0.93" CONTENT="som"/><SP WIDTH="15" VPOS="960" HPOS="696"/>
							<String ID="string_93" HPOS="711" VPOS="955" WIDTH="44" HEIGHT="26" WC="0.91" CONTENT="fält"/><SP WIDTH="18" VPOS="955" HPOS="755"/>
							<String ID="string_94" HPOS="773" VPOS="955" WIDTH="84" HEIGHT="26" WC="0.93" CONTENT="domen,"/>
						</TextLine>
						<TextLine ID="line_20" HPOS="325" VPOS="990" WIDTH="532" HEIGHT="28">
							<String ID="string_95" HPOS="325" VPOS="990" WIDTH="38" HEIGHT="26" WC="0.93" CONTENT="för"/><SP WIDTH="18" VPOS="990" HPOS="363"/>
							<String ID="string_96" HPOS="381" VPOS="990" WIDTH="160" HEIGHT="26" WC="0.92" CONTENT="verkställighet"/><SP WIDTH="15" VPOS="990" HPOS="541"/>
							<String ID="string_97" HPOS="556" VPOS="990" WIDTH="111" HEIGHT="27" WC="0.89" CONTENT="utfärdad"/><SP WIDTH="14" VPOS="990" HPOS="667"/>
							<String ID="string_98" HPOS="681" VPOS="990" WIDTH="91" HEIGHT="27" WC="0.92" CONTENT="afskrift"/><SP WIDTH="15" VPOS="990" HPOS="772"/>
							<String ID="string_99" HPOS="787" VPOS="990" WIDTH="70" HEIGHT="28" WC="0.92" CONTENT="deraf,"/>
						</TextLine>
						<TextLine ID="line_21" HPOS="324" VPOS="1024" WIDTH="535" HEIGHT="29">
							<String ID="string_100" HPOS="324" VPOS="1024" WIDTH="91" HEIGHT="29" WC="0.96" CONTENT="försedd"/><SP WIDTH="18" VPOS="1024" HPOS="415"/>
							<String ID="string_101" HPOS="433" VPOS="1026" WIDTH="50" HEIGHT="21" WC="0.93" CONTENT="med"/><SP WIDTH="19" VPOS="1026" HPOS="483"/>
							<String ID="string_102" HPOS="502" VPOS="1026" WIDTH="131" HEIGHT="21" WC="0.96" CONTENT="domstolens"/><SP WIDTH="17" VPOS="1026" HPOS="633"/>
							<String ID="string_103" HPOS="650" VPOS="1026" WIDTH="62" HEIGHT="27" WC="0.96" CONTENT="intyg"/><SP WIDTH="18" VPOS="1026" HPOS="712"/>
							<String ID="string_104" HPOS="730" VPOS="1028" WIDTH="33" HEIGHT="20" WC="0.93" CONTENT="att"/><SP WIDTH="18" VPOS="1028" HPOS="763"/>
							<String ID="string_105" HPOS="781" VPOS="1026" WIDTH="78" HEIGHT="22" WC="0.96" CONTENT="domen"/>
						</TextLine>
						<TextLine ID="line_22" HPOS="326" VPOS="1061" WIDTH="531" HEIGHT="28">
							<String ID="string_106" HPOS="326" VPOS="1062" WIDTH="78" HEIGHT="21" WC="0.95" CONTENT="vunnit"/><SP WIDTH="16" VPOS="1062" HPOS="404"/>
							<String ID="string_107" HPOS="420" VPOS="1061" WIDTH="51" HEIGHT="28" WC="0.96" CONTENT="laga"/><SP WIDTH="15" VPOS="1061" HPOS="471"/>
							<String ID="string_108" HPOS="486" VPOS="1062" WIDTH="61" HEIGHT="26" WC="0.95" CONTENT="kraft"/><SP WIDTH="15" VPOS="1062" HPOS="547"/>
							<String ID="string_109" HPOS="562" VPOS="1063" WIDTH="58" HEIGHT="20" WC="0.94" CONTENT="samt"/><SP WIDTH="15" VPOS="1063" HPOS="620"/>
							<String ID="string_110" HPOS="635" VPOS="1063" WIDTH="50" HEIGHT="20" WC="0.96" CONTENT="med"/><SP WIDTH="12" VPOS="1063" HPOS="685"/>
							<String ID="string_111" HPOS="697" VPOS="1062" WIDTH="56" HEIGHT="21" WC="0.96" CONTENT="bevis"/><SP WIDTH="7" VPOS="1062" HPOS="753"/>
							<String ID="string_112" HPOS="760" VPOS="1062" WIDTH="28" HEIGHT="26" WC="0.93" CONTENT="af"/><SP WIDTH="5" VPOS="1062" HPOS="788"/>
							<String ID="string_113" HPOS="793" VPOS="1062" WIDTH="64" HEIGHT="21" WC="0.92" CONTENT="Gene-"/>
						</TextLine>
						<TextLine ID="line_23" HPOS="326" VPOS="1097" WIDTH="531" HEIGHT="27">
							<String ID="string_114" HPOS="326" VPOS="1097" WIDTH="173" HEIGHT="27" WC="0.87" CONTENT="ralguvernören"/><SP WIDTH="21" VPOS="1097" HPOS="499"/>
							<String ID="string_115" HPOS="520" VPOS="1098" WIDTH="51" HEIGHT="21" WC="0.92" CONTENT="eller"/><SP WIDTH="20" VPOS="1098" HPOS="571"/>
							<String ID="string_116" HPOS="591" VPOS="1097" WIDTH="210" HEIGHT="22" WC="0.91" CONTENT="Statssekretariatet"/><SP WIDTH="17" VPOS="1097" HPOS="801"/>
							<String ID="string_117" HPOS="818" VPOS="1098" WIDTH="39" HEIGHT="26" WC="0.96" CONTENT="för"/>
						</TextLine>
						<TextLine ID="line_24" HPOS="324" VPOS="1132" WIDTH="536" HEIGHT="27">
							<String ID="string_118" HPOS="324" VPOS="1133" WIDTH="99" HEIGHT="21" WC="0.96" CONTENT="Finland"/><SP WIDTH="23" VPOS="1133" HPOS="423"/>
							<String ID="string_119" HPOS="446" VPOS="1134" WIDTH="31" HEIGHT="20" WC="0.93" CONTENT="att"/><SP WIDTH="18" VPOS="1134" HPOS="477"/>
							<String ID="string_120" HPOS="495" VPOS="1133" WIDTH="154" HEIGHT="26" WC="0.96" CONTENT="myndigheten"/><SP WIDTH="18" VPOS="1133" HPOS="649"/>
							<String ID="string_121" HPOS="667" VPOS="1135" WIDTH="28" HEIGHT="19" WC="0.93" CONTENT="är"/><SP WIDTH="18" VPOS="1135" HPOS="695"/>
							<String ID="string_122" HPOS="713" VPOS="1132" WIDTH="72" HEIGHT="22" WC="0.96" CONTENT="sådan"/><SP WIDTH="16" VPOS="1132" HPOS="785"/>
							<String ID="string_123" HPOS="801" VPOS="1133" WIDTH="59" HEIGHT="22" WC="0.96" CONTENT="dom."/>
						</TextLine>
						<TextLine ID="line_25" HPOS="326" VPOS="1169" WIDTH="276" HEIGHT="26">
							<String ID="string_124" HPOS="326" VPOS="1169" WIDTH="48" HEIGHT="26" WC="0.95" CONTENT="stol,"/><SP WIDTH="16" VPOS="1169" HPOS="374"/>
							<String ID="string_125" HPOS="390" VPOS="1174" WIDTH="47" HEIGHT="16" WC="0.95" CONTENT="som"/><SP WIDTH="16" VPOS="1174" HPOS="437"/>
							<String ID="string_126" HPOS="453" VPOS="1169" WIDTH="9" HEIGHT="21" WC="0.86" CONTENT="i"/><SP WIDTH="15" VPOS="1169" HPOS="462"/>
							<String ID="string_127" HPOS="477" VPOS="1169" WIDTH="12" HEIGHT="20" WC="0.86" CONTENT="1"/><SP WIDTH="17" VPOS="1169" HPOS="489"/>
							<String ID="string_128" HPOS="506" VPOS="1171" WIDTH="14" HEIGHT="23" WC="0.90" CONTENT="$"/><SP WIDTH="15" VPOS="1171" HPOS="520"/>
							<String ID="string_129" HPOS="535" VPOS="1170" WIDTH="67" HEIGHT="25" WC="0.96" CONTENT="sagts."/>
						</TextLine>
					</TextBlock>
				</ComposedBlock>
				<ComposedBlock ID="cblock_6" HPOS="183" VPOS="1234" WIDTH="676" HEIGHT="254">
					<TextBlock ID="block_9" HPOS="566" VPOS="1234" WIDTH="49" HEIGHT="25">
						<TextLine ID="line_26" HPOS="566" VPOS="1234" WIDTH="49" HEIGHT="25">
							<String ID="string_130" HPOS="566" VPOS="1234" WIDTH="49" HEIGHT="25" WC="0.86" CONTENT="48."/>
						</TextLine>
					</TextBlock>
					<TextBlock ID="block_10" HPOS="323" VPOS="1275" WIDTH="536" HEIGHT="170">
						<TextLine ID="line_27" HPOS="396" VPOS="1275" WIDTH="463" HEIGHT="27">
							<String ID="string_131" HPOS="396" VPOS="1275" WIDTH="63" HEIGHT="27" WC="0.90" CONTENT="Efter"/><SP WIDTH="23" VPOS="1275" HPOS="459"/>
							<String ID="string_132" HPOS="482" VPOS="1276" WIDTH="159" HEIGHT="26" WC="0.90" CONTENT="emottagandet"/><SP WIDTH="24" VPOS="1276" HPOS="641"/>
							<String ID="string_133" HPOS="665" VPOS="1275" WIDTH="28" HEIGHT="27" WC="0.92" CONTENT="af"/><SP WIDTH="16" VPOS="1275" HPOS="693"/>
							<String ID="string_134" HPOS="709" VPOS="1275" WIDTH="150" HEIGHT="27" WC="0.92" CONTENT="ansökningen"/>
						</TextLine>
						<TextLine ID="line_28" HPOS="323" VPOS="1311" WIDTH="535" HEIGHT="28">
							<String ID="string_135" HPOS="323" VPOS="1311" WIDTH="112" HEIGHT="28" WC="0.81" CONTENT="förelägge"/><SP WIDTH="29" VPOS="1311" HPOS="435"/>
							<String ID="string_136" HPOS="464" VPOS="1311" WIDTH="163" HEIGHT="27" WC="0.44" CONTENT="öfverexekutor"/><SP WIDTH="28" VPOS="1311" HPOS="627"/>
							<String ID="string_137" HPOS="655" VPOS="1311" WIDTH="144" HEIGHT="27" WC="0.90" CONTENT="vederparten"/><SP WIDTH="26" VPOS="1311" HPOS="799"/>
							<String ID="string_138" HPOS="825" VPOS="1313" WIDTH="33" HEIGHT="20" WC="0.96" CONTENT="att"/>
						</TextLine>
						<TextLine ID="line_29" HPOS="325" VPOS="1345" WIDTH="533" HEIGHT="28">
							<String ID="string_139" HPOS="325" VPOS="1347" WIDTH="60" HEIGHT="20" WC="0.96" CONTENT="inom"/><SP WIDTH="15" VPOS="1347" HPOS="385"/>
							<String ID="string_140" HPOS="400" VPOS="1347" WIDTH="46" HEIGHT="20" WC="0.96" CONTENT="viss"/><SP WIDTH="16" VPOS="1347" HPOS="446"/>
							<String ID="string_141" HPOS="462" VPOS="1347" WIDTH="32" HEIGHT="20" WC="0.96" CONTENT="tid"/><SP WIDTH="10" VPOS="1347" HPOS="494"/>
							<String ID="string_142" HPOS="504" VPOS="1347" WIDTH="54" HEIGHT="26" WC="0.93" CONTENT="efter"/><SP WIDTH="8" VPOS="1347" HPOS="558"/>
							<String ID="string_143" HPOS="566" VPOS="1345" WIDTH="121" HEIGHT="28" WC="0.53" CONTENT="delfdendet"/><SP WIDTH="8" VPOS="1345" HPOS="687"/>
							<String ID="string_144" HPOS="695" VPOS="1347" WIDTH="9" HEIGHT="20" WC="0.96" CONTENT="i"/><SP WIDTH="7" VPOS="1347" HPOS="704"/>
							<String ID="string_145" HPOS="711" VPOS="1345" WIDTH="66" HEIGHT="22" WC="0.93" CONTENT="saken"/><SP WIDTH="7" VPOS="1345" HPOS="777"/>
							<String ID="string_146" HPOS="784" VPOS="1346" WIDTH="74" HEIGHT="27" WC="0.80" CONTENT="skrift-"/>
						</TextLine>
						<TextLine ID="line_30" HPOS="327" VPOS="1381" WIDTH="532" HEIGHT="28">
							<String ID="string_147" HPOS="327" VPOS="1382" WIDTH="55" HEIGHT="27" WC="0.94" CONTENT="ligen"/><SP WIDTH="16" VPOS="1382" HPOS="382"/>
							<String ID="string_148" HPOS="398" VPOS="1387" WIDTH="74" HEIGHT="21" WC="0.96" CONTENT="svara,"/><SP WIDTH="17" VPOS="1387" HPOS="472"/>
							<String ID="string_149" HPOS="489" VPOS="1381" WIDTH="37" HEIGHT="22" WC="0.93" CONTENT="vid"/><SP WIDTH="15" VPOS="1381" HPOS="526"/>
							<String ID="string_150" HPOS="541" VPOS="1382" WIDTH="109" HEIGHT="26" WC="0.92" CONTENT="äfventyr,"/><SP WIDTH="17" VPOS="1382" HPOS="650"/>
							<String ID="string_151" HPOS="667" VPOS="1387" WIDTH="35" HEIGHT="16" WC="0.96" CONTENT="om"/><SP WIDTH="15" VPOS="1387" HPOS="702"/>
							<String ID="string_152" HPOS="717" VPOS="1381" WIDTH="45" HEIGHT="22" WC="0.96" CONTENT="han"/><SP WIDTH="11" VPOS="1381" HPOS="762"/>
							<String ID="string_153" HPOS="773" VPOS="1381" WIDTH="34" HEIGHT="22" WC="0.92" CONTENT="det"/><SP WIDTH="6" VPOS="1381" HPOS="807"/>
							<String ID="string_154" HPOS="813" VPOS="1382" WIDTH="46" HEIGHT="27" WC="0.91" CONTENT="för-"/>
						</TextLine>
						<TextLine ID="line_31" HPOS="325" VPOS="1417" WIDTH="450" HEIGHT="28">
							<String ID="string_155" HPOS="325" VPOS="1424" WIDTH="109" HEIGHT="20" WC="0.92" CONTENT="summar,"/><SP WIDTH="17" VPOS="1424" HPOS="434"/>
							<String ID="string_156" HPOS="451" VPOS="1419" WIDTH="32" HEIGHT="20" WC="0.93" CONTENT="att"/><SP WIDTH="15" VPOS="1419" HPOS="483"/>
							<String ID="string_157" HPOS="498" VPOS="1418" WIDTH="91" HEIGHT="21" WC="0.92" CONTENT="ärendet"/><SP WIDTH="16" VPOS="1418" HPOS="589"/>
							<String ID="string_158" HPOS="605" VPOS="1417" WIDTH="61" HEIGHT="22" WC="0.89" CONTENT="ändä"/><SP WIDTH="14" VPOS="1417" HPOS="666"/>
							<String ID="string_159" HPOS="680" VPOS="1418" WIDTH="95" HEIGHT="27" WC="0.91" CONTENT="afgöres."/>
						</TextLine>
					</TextBlock>
					<TextBlock ID="block_11" HPOS="183" VPOS="1464" WIDTH="346" HEIGHT="24">
						<TextLine ID="line_32" HPOS="183" VPOS="1464" WIDTH="346" HEIGHT="24">
							<String ID="string_160" HPOS="183" VPOS="1464" WIDTH="138" HEIGHT="24" WC="0.78" CONTENT="Lagutskottets"/><SP WIDTH="13" VPOS="1464" HPOS="321"/>
							<String ID="string_161" HPOS="334" VPOS="1465" WIDTH="116" HEIGHT="18" WC="0.96" CONTENT="betänkande"/><SP WIDTH="12" VPOS="1465" HPOS="450"/>
							<String ID="string_162" HPOS="462" VPOS="1464" WIDTH="37" HEIGHT="19" WC="0.96" CONTENT="N:o"/><SP WIDTH="13" VPOS="1464" HPOS="499"/>
							<String ID="string_163" HPOS="512" VPOS="1464" WIDTH="17" HEIGHT="18" WC="0.82" CONTENT="3."/>
						</TextLine>
					</TextBlock>
				</ComposedBlock>
			</PrintSpace>
		</Page>
	</Layout>
</alto>
