<?xml version="1.0" encoding="UTF-8"?>
<alto xmlns="http://www.loc.gov/standards/alto/ns-v3#" xmlns:xlink="http://www.w3.org/1999/xlink" xmlns:xsi="http://www.w3.org/2001/XMLSchema-instance" xsi:schemaLocation="http://www.loc.gov/standards/alto/ns-v3# http://www.loc.gov/alto/v3/alto-3-0.xsd">
	<Description>
		<MeasurementUnit>pixel</MeasurementUnit>
		<sourceImageInformation>
			<fileName>/tmp/tess_c5ktd1wl_input.PNG</fileName>
		</sourceImageInformation>
		<OCRProcessing ID="OCR_0">
			<ocrProcessingStep>
				<processingSoftware>
					<softwareName>tesseract 5.3.4</softwareName>
				</processingSoftware>
			</ocrProcessingStep>
		</OCRProcessing>
	</Description>
	<Layout>
		<Page WIDTH="1045" HEIGHT="1717" PHYSICAL_IMG_NR="0" ID="page_0">
			<PrintSpace HPOS="0" VPOS="0" WIDTH="1045" HEIGHT="1717">
				<ComposedBlock ID="cblock_0" HPOS="211" VPOS="131" WIDTH="386" HEIGHT="21">
					<TextBlock ID="block_0" HPOS="211" VPOS="131" WIDTH="386" HEIGHT="21">
						<TextLine ID="line_0" HPOS="211" VPOS="131" WIDTH="386" HEIGHT="21">
							<String ID="string_0" HPOS="211" VPOS="132" WIDTH="27" HEIGHT="20" WC="0.91" CONTENT="32"/><SP WIDTH="284" VPOS="132" HPOS="238"/>
							<String ID="string_1" HPOS="522" VPOS="131" WIDTH="39" HEIGHT="21" WC="0.93" CONTENT="N:o"/><SP WIDTH="17" VPOS="131" HPOS="561"/>
							<String ID="string_2" HPOS="578" VPOS="132" WIDTH="19" HEIGHT="20" WC="0.95" CONTENT="6."/>
						</TextLine>
					</TextBlock>
				</ComposedBlock>
				<ComposedBlock ID="cblock_1" HPOS="181" VPOS="194" WIDTH="754" HEIGHT="102">
					<TextBlock ID="block_1" HPOS="181" VPOS="194" WIDTH="754" HEIGHT="102">
						<TextLine ID="line_1" HPOS="182" VPOS="194" WIDTH="752" HEIGHT="32">
							<String ID="string_3" HPOS="182" VPOS="194" WIDTH="65" HEIGHT="26" WC="0.93" CONTENT="Öfver"/><SP WIDTH="23" VPOS="194" HPOS="247"/>
							<String ID="string_4" HPOS="270" VPOS="199" WIDTH="110" HEIGHT="21" WC="0.92" CONTENT="framstäld"/><SP WIDTH="24" VPOS="199" HPOS="380"/>
							<String ID="string_5" HPOS="404" VPOS="199" WIDTH="140" HEIGHT="26" WC="0.96" CONTENT="anmärkning"/><SP WIDTH="22" VPOS="199" HPOS="544"/>
							<String ID="string_6" HPOS="566" VPOS="199" WIDTH="94" HEIGHT="21" WC="0.96" CONTENT="besluter"/><SP WIDTH="22" VPOS="199" HPOS="660"/>
							<String ID="string_7" HPOS="682" VPOS="200" WIDTH="105" HEIGHT="20" WC="0.26" CONTENT="stämman"/><SP WIDTH="17" VPOS="200" HPOS="787"/>
							<String ID="string_8" HPOS="804" VPOS="202" WIDTH="75" HEIGHT="24" WC="0.26" CONTENT="genast"/><SP WIDTH="16" VPOS="202" HPOS="879"/>
							<String ID="string_9" HPOS="895" VPOS="199" WIDTH="39" HEIGHT="21" WC="0.97" CONTENT="och"/>
						</TextLine>
						<TextLine ID="line_2" HPOS="181" VPOS="233" WIDTH="754" HEIGHT="27">
							<String ID="string_10" HPOS="181" VPOS="233" WIDTH="62" HEIGHT="27" WC="0.93" CONTENT="låter,"/><SP WIDTH="12" VPOS="233" HPOS="243"/>
							<String ID="string_11" HPOS="255" VPOS="233" WIDTH="69" HEIGHT="22" WC="0.91" CONTENT="såvidt"/><SP WIDTH="11" VPOS="233" HPOS="324"/>
							<String ID="string_12" HPOS="335" VPOS="234" WIDTH="168" HEIGHT="26" WC="0.96" CONTENT="anmärkningen"/><SP WIDTH="10" VPOS="234" HPOS="503"/>
							<String ID="string_13" HPOS="513" VPOS="233" WIDTH="128" HEIGHT="27" WC="0.96" CONTENT="godkännes,"/><SP WIDTH="10" VPOS="233" HPOS="641"/>
							<String ID="string_14" HPOS="651" VPOS="233" WIDTH="62" HEIGHT="21" WC="0.93" CONTENT="deraf"/><SP WIDTH="9" VPOS="233" HPOS="713"/>
							<String ID="string_15" HPOS="722" VPOS="233" WIDTH="111" HEIGHT="22" WC="0.92" CONTENT="föranledd"/><SP WIDTH="12" VPOS="233" HPOS="833"/>
							<String ID="string_16" HPOS="845" VPOS="233" WIDTH="90" HEIGHT="27" WC="0.96" CONTENT="ändring"/>
						</TextLine>
						<TextLine ID="line_3" HPOS="181" VPOS="268" WIDTH="205" HEIGHT="28">
							<String ID="string_17" HPOS="181" VPOS="268" WIDTH="7" HEIGHT="21" WC="0.96" CONTENT="i"/><SP WIDTH="15" VPOS="268" HPOS="188"/>
							<String ID="string_18" HPOS="203" VPOS="268" WIDTH="93" HEIGHT="28" WC="0.95" CONTENT="längden"/><SP WIDTH="15" VPOS="268" HPOS="296"/>
							<String ID="string_19" HPOS="311" VPOS="268" WIDTH="75" HEIGHT="21" WC="0.95" CONTENT="införa."/>
						</TextLine>
					</TextBlock>
				</ComposedBlock>
				<ComposedBlock ID="cblock_2" HPOS="177" VPOS="326" WIDTH="758" HEIGHT="894">
					<TextBlock ID="block_2" HPOS="530" VPOS="326" WIDTH="61" HEIGHT="27">
						<TextLine ID="line_4" HPOS="530" VPOS="326" WIDTH="61" HEIGHT="27">
							<String ID="string_20" HPOS="530" VPOS="326" WIDTH="27" HEIGHT="21" WC="0.94" CONTENT="85"/><SP WIDTH="17" VPOS="326" HPOS="557"/>
							<String ID="string_21" HPOS="574" VPOS="326" WIDTH="17" HEIGHT="27" WC="0.76" CONTENT="8."/>
						</TextLine>
					</TextBlock>
					<TextBlock ID="block_3" HPOS="180" VPOS="365" WIDTH="755" HEIGHT="62">
						<TextLine ID="line_5" HPOS="250" VPOS="365" WIDTH="685" HEIGHT="28">
							<String ID="string_22" HPOS="250" VPOS="366" WIDTH="209" HEIGHT="21" WC="0.90" CONTENT="Kommunalnämnd"/><SP WIDTH="23" VPOS="366" HPOS="459"/>
							<String ID="string_23" HPOS="482" VPOS="366" WIDTH="74" HEIGHT="21" WC="0.89" CONTENT="tillhör"/><SP WIDTH="16" VPOS="366" HPOS="556"/>
							<String ID="string_24" HPOS="572" VPOS="368" WIDTH="31" HEIGHT="19" WC="0.96" CONTENT="att"/><SP WIDTH="15" VPOS="368" HPOS="603"/>
							<String ID="string_25" HPOS="618" VPOS="366" WIDTH="33" HEIGHT="21" WC="0.96" CONTENT="för"/><SP WIDTH="16" VPOS="366" HPOS="651"/>
							<String ID="string_26" HPOS="667" VPOS="365" WIDTH="72" HEIGHT="27" WC="0.95" CONTENT="hvarje"/><SP WIDTH="15" VPOS="365" HPOS="739"/>
							<String ID="string_27" HPOS="754" VPOS="366" WIDTH="24" HEIGHT="21" WC="0.93" CONTENT="år"/><SP WIDTH="16" VPOS="366" HPOS="778"/>
							<String ID="string_28" HPOS="794" VPOS="368" WIDTH="95" HEIGHT="25" WC="0.92" CONTENT="uppgöra"/><SP WIDTH="15" VPOS="368" HPOS="889"/>
							<String ID="string_29" HPOS="904" VPOS="368" WIDTH="31" HEIGHT="20" WC="0.95" CONTENT="ett"/>
						</TextLine>
						<TextLine ID="line_6" HPOS="180" VPOS="399" WIDTH="340" HEIGHT="28">
							<String ID="string_30" HPOS="180" VPOS="399" WIDTH="87" HEIGHT="28" WC="0.92" CONTENT="utgifts-"/><SP WIDTH="16" VPOS="399" HPOS="267"/>
							<String ID="string_31" HPOS="283" VPOS="400" WIDTH="39" HEIGHT="21" WC="0.93" CONTENT="och"/><SP WIDTH="16" VPOS="400" HPOS="322"/>
							<String ID="string_32" HPOS="338" VPOS="400" WIDTH="182" HEIGHT="26" WC="0.90" CONTENT="inkomstförslag."/>
						</TextLine>
					</TextBlock>
					<TextBlock ID="block_4" HPOS="251" VPOS="434" WIDTH="336" HEIGHT="28">
						<TextLine ID="line_7" HPOS="251" VPOS="434" WIDTH="336" HEIGHT="28">
							<String ID="string_33" HPOS="251" VPOS="434" WIDTH="10" HEIGHT="21" WC="0.93" CONTENT="I"/><SP WIDTH="15" VPOS="434" HPOS="261"/>
							<String ID="string_34" HPOS="276" VPOS="434" WIDTH="180" HEIGHT="27" WC="0.90" CONTENT="utgiftsförslaget"/><SP WIDTH="15" VPOS="434" HPOS="456"/>
							<String ID="string_35" HPOS="471" VPOS="437" WIDTH="116" HEIGHT="25" WC="0.95" CONTENT="upptagas:"/>
						</TextLine>
					</TextBlock>
					<TextBlock ID="block_5" HPOS="180" VPOS="469" WIDTH="754" HEIGHT="62">
						<TextLine ID="line_8" HPOS="251" VPOS="469" WIDTH="683" HEIGHT="27">
							<String ID="string_36" HPOS="251" VPOS="470" WIDTH="20" HEIGHT="26" WC="0.96" CONTENT="1)"/><SP WIDTH="16" VPOS="470" HPOS="271"/>
							<String ID="string_37" HPOS="287" VPOS="469" WIDTH="92" HEIGHT="25" WC="0.96" CONTENT="skulder,"/><SP WIDTH="17" VPOS="469" HPOS="379"/>
							<String ID="string_38" HPOS="396" VPOS="475" WIDTH="45" HEIGHT="15" WC="0.96" CONTENT="som"/><SP WIDTH="16" VPOS="475" HPOS="441"/>
							<String ID="string_39" HPOS="457" VPOS="469" WIDTH="100" HEIGHT="27" WC="0.95" CONTENT="antingen"/><SP WIDTH="16" VPOS="469" HPOS="557"/>
							<String ID="string_40" HPOS="573" VPOS="469" WIDTH="33" HEIGHT="21" WC="0.95" CONTENT="till"/><SP WIDTH="15" VPOS="469" HPOS="606"/>
							<String ID="string_41" HPOS="621" VPOS="469" WIDTH="49" HEIGHT="21" WC="0.96" CONTENT="hela"/><SP WIDTH="15" VPOS="469" HPOS="670"/>
							<String ID="string_42" HPOS="685" VPOS="469" WIDTH="100" HEIGHT="27" WC="0.96" CONTENT="beloppet"/><SP WIDTH="12" VPOS="469" HPOS="785"/>
							<String ID="string_43" HPOS="797" VPOS="470" WIDTH="51" HEIGHT="21" WC="0.96" CONTENT="eller"/><SP WIDTH="12" VPOS="470" HPOS="848"/>
							<String ID="string_44" HPOS="860" VPOS="470" WIDTH="74" HEIGHT="21" WC="0.96" CONTENT="endast"/>
						</TextLine>
						<TextLine ID="line_9" HPOS="180" VPOS="503" WIDTH="754" HEIGHT="28">
							<String ID="string_45" HPOS="180" VPOS="504" WIDTH="34" HEIGHT="21" WC="0.96" CONTENT="till"/><SP WIDTH="16" VPOS="504" HPOS="214"/>
							<String ID="string_46" HPOS="230" VPOS="504" WIDTH="42" HEIGHT="21" WC="0.96" CONTENT="viss"/><SP WIDTH="17" VPOS="504" HPOS="272"/>
							<String ID="string_47" HPOS="289" VPOS="504" WIDTH="34" HEIGHT="21" WC="0.96" CONTENT="del"/><SP WIDTH="11" VPOS="504" HPOS="323"/>
							<String ID="string_48" HPOS="334" VPOS="503" WIDTH="88" HEIGHT="22" WC="0.96" CONTENT="förfalla"/><SP WIDTH="10" VPOS="503" HPOS="422"/>
							<String ID="string_49" HPOS="432" VPOS="504" WIDTH="33" HEIGHT="21" WC="0.96" CONTENT="till"/><SP WIDTH="12" VPOS="504" HPOS="465"/>
							<String ID="string_50" HPOS="477" VPOS="504" WIDTH="110" HEIGHT="27" WC="0.96" CONTENT="betalning"/><SP WIDTH="10" VPOS="504" HPOS="587"/>
							<String ID="string_51" HPOS="597" VPOS="504" WIDTH="68" HEIGHT="21" WC="0.96" CONTENT="under"/><SP WIDTH="11" VPOS="504" HPOS="665"/>
							<String ID="string_52" HPOS="676" VPOS="504" WIDTH="35" HEIGHT="21" WC="0.96" CONTENT="det"/><SP WIDTH="11" VPOS="504" HPOS="711"/>
							<String ID="string_53" HPOS="722" VPOS="503" WIDTH="144" HEIGHT="28" WC="0.95" CONTENT="nästföljande"/><SP WIDTH="13" VPOS="503" HPOS="866"/>
							<String ID="string_54" HPOS="879" VPOS="504" WIDTH="55" HEIGHT="26" WC="0.94" CONTENT="året;"/>
						</TextLine>
					</TextBlock>
					<TextBlock ID="block_6" HPOS="180" VPOS="538" WIDTH="754" HEIGHT="61">
						<TextLine ID="line_10" HPOS="250" VPOS="538" WIDTH="684" HEIGHT="28">
							<String ID="string_55" HPOS="250" VPOS="538" WIDTH="23" HEIGHT="28" WC="0.96" CONTENT="2)"/><SP WIDTH="15" VPOS="538" HPOS="273"/>
							<String ID="string_56" HPOS="288" VPOS="538" WIDTH="94" HEIGHT="28" WC="0.96" CONTENT="utgifter,"/><SP WIDTH="16" VPOS="538" HPOS="382"/>
							<String ID="string_57" HPOS="398" VPOS="545" WIDTH="45" HEIGHT="15" WC="0.96" CONTENT="som"/><SP WIDTH="16" VPOS="545" HPOS="443"/>
							<String ID="string_58" HPOS="459" VPOS="538" WIDTH="67" HEIGHT="28" WC="0.95" CONTENT="enligt"/><SP WIDTH="15" VPOS="538" HPOS="526"/>
							<String ID="string_59" HPOS="541" VPOS="539" WIDTH="66" HEIGHT="21" WC="0.96" CONTENT="redan"/><SP WIDTH="14" VPOS="539" HPOS="607"/>
							<String ID="string_60" HPOS="621" VPOS="538" WIDTH="82" HEIGHT="22" WC="0.96" CONTENT="fattade"/><SP WIDTH="15" VPOS="538" HPOS="703"/>
							<String ID="string_61" HPOS="718" VPOS="539" WIDTH="71" HEIGHT="21" WC="0.95" CONTENT="beslut"/><SP WIDTH="16" VPOS="539" HPOS="789"/>
							<String ID="string_62" HPOS="805" VPOS="539" WIDTH="52" HEIGHT="21" WC="0.96" CONTENT="böra"/><SP WIDTH="10" VPOS="539" HPOS="857"/>
							<String ID="string_63" HPOS="867" VPOS="539" WIDTH="67" HEIGHT="22" WC="0.96" CONTENT="under"/>
						</TextLine>
						<TextLine ID="line_11" HPOS="180" VPOS="572" WIDTH="253" HEIGHT="27">
							<String ID="string_64" HPOS="180" VPOS="579" WIDTH="82" HEIGHT="15" WC="0.96" CONTENT="samma"/><SP WIDTH="16" VPOS="579" HPOS="262"/>
							<String ID="string_65" HPOS="278" VPOS="573" WIDTH="24" HEIGHT="21" WC="0.94" CONTENT="år"/><SP WIDTH="15" VPOS="573" HPOS="302"/>
							<String ID="string_66" HPOS="317" VPOS="572" WIDTH="116" HEIGHT="27" WC="0.88" CONTENT="bestridas;"/>
						</TextLine>
					</TextBlock>
					<TextBlock ID="block_7" HPOS="179" VPOS="607" WIDTH="755" HEIGHT="96">
						<TextLine ID="line_12" HPOS="249" VPOS="607" WIDTH="685" HEIGHT="27">
							<String ID="string_67" HPOS="249" VPOS="607" WIDTH="22" HEIGHT="27" WC="0.96" CONTENT="3)"/><SP WIDTH="24" VPOS="607" HPOS="271"/>
							<String ID="string_68" HPOS="295" VPOS="607" WIDTH="94" HEIGHT="27" WC="0.95" CONTENT="utgifter,"/><SP WIDTH="23" VPOS="607" HPOS="389"/>
							<String ID="string_69" HPOS="412" VPOS="614" WIDTH="46" HEIGHT="15" WC="0.93" CONTENT="som"/><SP WIDTH="24" VPOS="614" HPOS="458"/>
							<String ID="string_70" HPOS="482" VPOS="607" WIDTH="120" HEIGHT="22" WC="0.89" CONTENT="derutöfver"/><SP WIDTH="19" VPOS="607" HPOS="602"/>
							<String ID="string_71" HPOS="621" VPOS="608" WIDTH="23" HEIGHT="20" WC="0.96" CONTENT="af"/><SP WIDTH="17" VPOS="608" HPOS="644"/>
							<String ID="string_72" HPOS="661" VPOS="608" WIDTH="106" HEIGHT="21" WC="0.95" CONTENT="nämnden"/><SP WIDTH="16" VPOS="608" HPOS="767"/>
							<String ID="string_73" HPOS="783" VPOS="614" WIDTH="62" HEIGHT="15" WC="0.95" CONTENT="anses"/><SP WIDTH="16" VPOS="614" HPOS="845"/>
							<String ID="string_74" HPOS="861" VPOS="608" WIDTH="73" HEIGHT="22" WC="0.96" CONTENT="kunna"/>
						</TextLine>
						<TextLine ID="line_13" HPOS="179" VPOS="642" WIDTH="755" HEIGHT="28">
							<String ID="string_75" HPOS="179" VPOS="642" WIDTH="34" HEIGHT="21" WC="0.96" CONTENT="för"/><SP WIDTH="16" VPOS="642" HPOS="213"/>
							<String ID="string_76" HPOS="229" VPOS="642" WIDTH="137" HEIGHT="22" WC="0.95" CONTENT="kommunens"/><SP WIDTH="16" VPOS="642" HPOS="366"/>
							<String ID="string_77" HPOS="382" VPOS="648" WIDTH="157" HEIGHT="21" WC="0.92" CONTENT="gemensamma"/><SP WIDTH="15" VPOS="648" HPOS="539"/>
							<String ID="string_78" HPOS="554" VPOS="642" WIDTH="65" HEIGHT="22" WC="0.91" CONTENT="behof"/><SP WIDTH="14" VPOS="642" HPOS="619"/>
							<String ID="string_79" HPOS="633" VPOS="642" WIDTH="96" HEIGHT="28" WC="0.96" CONTENT="påkallas"/><SP WIDTH="16" VPOS="642" HPOS="729"/>
							<String ID="string_80" HPOS="745" VPOS="643" WIDTH="69" HEIGHT="21" WC="0.96" CONTENT="under"/><SP WIDTH="16" VPOS="643" HPOS="814"/>
							<String ID="string_81" HPOS="830" VPOS="643" WIDTH="35" HEIGHT="21" WC="0.93" CONTENT="det"/><SP WIDTH="10" VPOS="643" HPOS="865"/>
							<String ID="string_82" HPOS="875" VPOS="643" WIDTH="59" HEIGHT="21" WC="0.92" CONTENT="kom-"/>
						</TextLine>
						<TextLine ID="line_14" HPOS="180" VPOS="677" WIDTH="205" HEIGHT="26">
							<String ID="string_83" HPOS="180" VPOS="677" WIDTH="78" HEIGHT="21" WC="0.95" CONTENT="mande"/><SP WIDTH="15" VPOS="677" HPOS="258"/>
							<String ID="string_84" HPOS="273" VPOS="678" WIDTH="57" HEIGHT="25" WC="0.96" CONTENT="året;"/><SP WIDTH="16" VPOS="678" HPOS="330"/>
							<String ID="string_85" HPOS="346" VPOS="677" WIDTH="39" HEIGHT="21" WC="0.96" CONTENT="och"/>
						</TextLine>
					</TextBlock>
					<TextBlock ID="block_8" HPOS="179" VPOS="712" WIDTH="755" HEIGHT="61">
						<TextLine ID="line_15" HPOS="249" VPOS="712" WIDTH="685" HEIGHT="28">
							<String ID="string_86" HPOS="249" VPOS="712" WIDTH="22" HEIGHT="27" WC="0.95" CONTENT="4)"/><SP WIDTH="16" VPOS="712" HPOS="271"/>
							<String ID="string_87" HPOS="287" VPOS="712" WIDTH="124" HEIGHT="27" WC="0.95" CONTENT="förslagsvis"/><SP WIDTH="16" VPOS="712" HPOS="411"/>
							<String ID="string_88" HPOS="427" VPOS="714" WIDTH="32" HEIGHT="20" WC="0.96" CONTENT="ett"/><SP WIDTH="14" VPOS="714" HPOS="459"/>
							<String ID="string_89" HPOS="473" VPOS="712" WIDTH="76" HEIGHT="28" WC="0.96" CONTENT="belopp"/><SP WIDTH="17" VPOS="712" HPOS="549"/>
							<String ID="string_90" HPOS="566" VPOS="713" WIDTH="6" HEIGHT="21" WC="0.96" CONTENT="i"/><SP WIDTH="18" VPOS="713" HPOS="572"/>
							<String ID="string_91" HPOS="590" VPOS="712" WIDTH="117" HEIGHT="27" WC="0.96" CONTENT="penningar"/><SP WIDTH="11" VPOS="712" HPOS="707"/>
							<String ID="string_92" HPOS="718" VPOS="714" WIDTH="31" HEIGHT="20" WC="0.96" CONTENT="att"/><SP WIDTH="12" VPOS="714" HPOS="749"/>
							<String ID="string_93" HPOS="761" VPOS="712" WIDTH="35" HEIGHT="22" WC="0.93" CONTENT="vid"/><SP WIDTH="11" VPOS="712" HPOS="796"/>
							<String ID="string_94" HPOS="807" VPOS="712" WIDTH="127" HEIGHT="22" WC="0.92" CONTENT="inträffande"/>
						</TextLine>
						<TextLine ID="line_16" HPOS="179" VPOS="745" WIDTH="351" HEIGHT="28">
							<String ID="string_95" HPOS="179" VPOS="745" WIDTH="138" HEIGHT="23" WC="0.93" CONTENT="oförutsedda"/><SP WIDTH="15" VPOS="745" HPOS="317"/>
							<String ID="string_96" HPOS="332" VPOS="746" WIDTH="66" HEIGHT="22" WC="0.92" CONTENT="behof"/><SP WIDTH="14" VPOS="746" HPOS="398"/>
							<String ID="string_97" HPOS="412" VPOS="747" WIDTH="118" HEIGHT="26" WC="0.96" CONTENT="användas;"/>
						</TextLine>
					</TextBlock>
					<TextBlock ID="block_9" HPOS="249" VPOS="780" WIDTH="357" HEIGHT="28">
						<TextLine ID="line_17" HPOS="249" VPOS="780" WIDTH="357" HEIGHT="28">
							<String ID="string_98" HPOS="249" VPOS="780" WIDTH="37" HEIGHT="21" WC="0.93" CONTENT="Uti"/><SP WIDTH="16" VPOS="780" HPOS="286"/>
							<String ID="string_99" HPOS="302" VPOS="780" WIDTH="196" HEIGHT="28" WC="0.92" CONTENT="inkomstförslaget"/><SP WIDTH="15" VPOS="780" HPOS="498"/>
							<String ID="string_100" HPOS="513" VPOS="782" WIDTH="93" HEIGHT="26" WC="0.91" CONTENT="intagas:"/>
						</TextLine>
					</TextBlock>
					<TextBlock ID="block_10" HPOS="251" VPOS="814" WIDTH="484" HEIGHT="29">
						<TextLine ID="line_18" HPOS="251" VPOS="814" WIDTH="484" HEIGHT="29">
							<String ID="string_101" HPOS="251" VPOS="814" WIDTH="20" HEIGHT="28" WC="0.96" CONTENT="1)"/><SP WIDTH="16" VPOS="814" HPOS="271"/>
							<String ID="string_102" HPOS="287" VPOS="815" WIDTH="90" HEIGHT="27" WC="0.96" CONTENT="löpande"/><SP WIDTH="16" VPOS="815" HPOS="377"/>
							<String ID="string_103" HPOS="393" VPOS="815" WIDTH="57" HEIGHT="22" WC="0.93" CONTENT="årets"/><SP WIDTH="16" VPOS="815" HPOS="450"/>
							<String ID="string_104" HPOS="466" VPOS="816" WIDTH="122" HEIGHT="26" WC="0.92" CONTENT="päräknade"/><SP WIDTH="15" VPOS="816" HPOS="588"/>
							<String ID="string_105" HPOS="603" VPOS="815" WIDTH="132" HEIGHT="28" WC="0.58" CONTENT="behållning;"/>
						</TextLine>
					</TextBlock>
					<TextBlock ID="block_11" HPOS="179" VPOS="849" WIDTH="755" HEIGHT="63">
						<TextLine ID="line_19" HPOS="249" VPOS="849" WIDTH="685" HEIGHT="28">
							<String ID="string_106" HPOS="249" VPOS="850" WIDTH="22" HEIGHT="26" WC="0.95" CONTENT="2)"/><SP WIDTH="17" VPOS="850" HPOS="271"/>
							<String ID="string_107" HPOS="288" VPOS="849" WIDTH="32" HEIGHT="21" WC="0.93" CONTENT="för"/><SP WIDTH="12" VPOS="849" HPOS="320"/>
							<String ID="string_108" HPOS="332" VPOS="850" WIDTH="190" HEIGHT="22" WC="0.92" CONTENT="kommunalbehof"/><SP WIDTH="8" VPOS="850" HPOS="522"/>
							<String ID="string_109" HPOS="530" VPOS="850" WIDTH="66" HEIGHT="22" WC="0.96" CONTENT="redan"/><SP WIDTH="11" VPOS="850" HPOS="596"/>
							<String ID="string_110" HPOS="607" VPOS="850" WIDTH="104" HEIGHT="27" WC="0.95" CONTENT="beviljade"/><SP WIDTH="12" VPOS="850" HPOS="711"/>
							<String ID="string_111" HPOS="723" VPOS="851" WIDTH="75" HEIGHT="26" WC="0.96" CONTENT="medel,"/><SP WIDTH="12" VPOS="851" HPOS="798"/>
							<String ID="string_112" HPOS="810" VPOS="857" WIDTH="46" HEIGHT="15" WC="0.96" CONTENT="som"/><SP WIDTH="11" VPOS="857" HPOS="856"/>
							<String ID="string_113" HPOS="867" VPOS="852" WIDTH="67" HEIGHT="21" WC="0.96" CONTENT="under"/>
						</TextLine>
						<TextLine ID="line_20" HPOS="179" VPOS="883" WIDTH="511" HEIGHT="29">
							<String ID="string_114" HPOS="179" VPOS="883" WIDTH="38" HEIGHT="21" WC="0.96" CONTENT="det"/><SP WIDTH="16" VPOS="883" HPOS="217"/>
							<String ID="string_115" HPOS="233" VPOS="883" WIDTH="126" HEIGHT="22" WC="0.96" CONTENT="kommande"/><SP WIDTH="16" VPOS="883" HPOS="359"/>
							<String ID="string_116" HPOS="375" VPOS="884" WIDTH="46" HEIGHT="21" WC="0.96" CONTENT="året"/><SP WIDTH="15" VPOS="884" HPOS="421"/>
							<String ID="string_117" HPOS="436" VPOS="884" WIDTH="32" HEIGHT="22" WC="0.93" CONTENT="till"/><SP WIDTH="16" VPOS="884" HPOS="468"/>
							<String ID="string_118" HPOS="484" VPOS="884" WIDTH="97" HEIGHT="28" WC="0.92" CONTENT="uppbörd"/><SP WIDTH="14" VPOS="884" HPOS="581"/>
							<String ID="string_119" HPOS="595" VPOS="884" WIDTH="95" HEIGHT="26" WC="0.92" CONTENT="förfalla;"/>
						</TextLine>
					</TextBlock>
					<TextBlock ID="block_12" HPOS="178" VPOS="915" WIDTH="757" HEIGHT="65">
						<TextLine ID="line_21" HPOS="251" VPOS="915" WIDTH="684" HEIGHT="31">
							<String ID="string_120" HPOS="251" VPOS="918" WIDTH="23" HEIGHT="27" WC="0.93" CONTENT="3)"/><SP WIDTH="15" VPOS="918" HPOS="274"/>
							<String ID="string_121" HPOS="289" VPOS="918" WIDTH="123" HEIGHT="26" WC="0.95" CONTENT="inkomster,"/><SP WIDTH="16" VPOS="918" HPOS="412"/>
							<String ID="string_122" HPOS="428" VPOS="925" WIDTH="45" HEIGHT="15" WC="0.96" CONTENT="som"/><SP WIDTH="15" VPOS="925" HPOS="473"/>
							<String ID="string_123" HPOS="488" VPOS="920" WIDTH="28" HEIGHT="26" WC="0.96" CONTENT="på"/><SP WIDTH="16" VPOS="920" HPOS="516"/>
							<String ID="string_124" HPOS="532" VPOS="925" WIDTH="68" HEIGHT="15" WC="0.96" CONTENT="annan"/><SP WIDTH="14" VPOS="925" HPOS="600"/>
							<String ID="string_125" HPOS="614" VPOS="919" WIDTH="69" HEIGHT="27" WC="0.96" CONTENT="grund"/><SP WIDTH="16" VPOS="919" HPOS="683"/>
							<String ID="string_126" HPOS="699" VPOS="926" WIDTH="61" HEIGHT="14" WC="0.96" CONTENT="anses"/><SP WIDTH="12" VPOS="926" HPOS="760"/>
							<String ID="string_127" HPOS="772" VPOS="915" WIDTH="85" HEIGHT="26" WC="0.96" CONTENT="komma"/><SP WIDTH="10" VPOS="915" HPOS="857"/>
							<String ID="string_128" HPOS="867" VPOS="920" WIDTH="68" HEIGHT="22" WC="0.96" CONTENT="under"/>
						</TextLine>
						<TextLine ID="line_22" HPOS="178" VPOS="952" WIDTH="592" HEIGHT="28">
							<String ID="string_129" HPOS="178" VPOS="952" WIDTH="38" HEIGHT="22" WC="0.96" CONTENT="det"/><SP WIDTH="16" VPOS="952" HPOS="216"/>
							<String ID="string_130" HPOS="232" VPOS="952" WIDTH="145" HEIGHT="27" WC="0.96" CONTENT="nästföljande"/><SP WIDTH="15" VPOS="952" HPOS="377"/>
							<String ID="string_131" HPOS="392" VPOS="953" WIDTH="46" HEIGHT="21" WC="0.96" CONTENT="året"/><SP WIDTH="15" VPOS="953" HPOS="438"/>
							<String ID="string_132" HPOS="453" VPOS="953" WIDTH="128" HEIGHT="22" WC="0.96" CONTENT="kommunen"/><SP WIDTH="15" VPOS="953" HPOS="581"/>
							<String ID="string_133" HPOS="596" VPOS="954" WIDTH="34" HEIGHT="21" WC="0.96" CONTENT="till"/><SP WIDTH="15" VPOS="954" HPOS="630"/>
							<String ID="string_134" HPOS="645" VPOS="953" WIDTH="70" HEIGHT="27" WC="0.84" CONTENT="godo"/><SP WIDTH="-7" VPOS="953" HPOS="715"/>
							<String ID="string_135" HPOS="708" VPOS="948" WIDTH="12" HEIGHT="37" WC="0.84" CONTENT=";"/><SP WIDTH="11" VPOS="948" HPOS="720"/>
							<String ID="string_136" HPOS="731" VPOS="954" WIDTH="39" HEIGHT="21" WC="0.96" CONTENT="och"/>
						</TextLine>
					</TextBlock>
					<TextBlock ID="block_13" HPOS="177" VPOS="987" WIDTH="757" HEIGHT="57">
						<TextLine ID="line_23" HPOS="249" VPOS="987" WIDTH="685" HEIGHT="29">
							<String ID="string_137" HPOS="249" VPOS="987" WIDTH="22" HEIGHT="26" WC="0.96" CONTENT="4)"/><SP WIDTH="17" VPOS="987" HPOS="271"/>
							<String ID="string_138" HPOS="288" VPOS="987" WIDTH="36" HEIGHT="21" WC="0.95" CONTENT="det"/><SP WIDTH="20" VPOS="987" HPOS="324"/>
							<String ID="string_139" HPOS="344" VPOS="987" WIDTH="84" HEIGHT="27" WC="0.96" CONTENT="belopp,"/><SP WIDTH="16" VPOS="987" HPOS="428"/>
							<String ID="string_140" HPOS="444" VPOS="994" WIDTH="44" HEIGHT="15" WC="0.96" CONTENT="som"/><SP WIDTH="16" VPOS="994" HPOS="488"/>
							<String ID="string_141" HPOS="504" VPOS="988" WIDTH="125" HEIGHT="27" WC="0.96" CONTENT="ytterligare"/><SP WIDTH="16" VPOS="988" HPOS="629"/>
							<String ID="string_142" HPOS="645" VPOS="987" WIDTH="113" HEIGHT="28" WC="0.96" CONTENT="erfordras,"/><SP WIDTH="14" VPOS="987" HPOS="758"/>
							<String ID="string_143" HPOS="772" VPOS="988" WIDTH="67" HEIGHT="28" WC="0.96" CONTENT="jemte"/><SP WIDTH="16" VPOS="988" HPOS="839"/>
							<String ID="string_144" HPOS="855" VPOS="988" WIDTH="79" HEIGHT="28" WC="0.96" CONTENT="förslag"/>
						</TextLine>
						<TextLine ID="line_24" HPOS="177" VPOS="1020" WIDTH="344" HEIGHT="24">
							<String ID="string_145" HPOS="177" VPOS="1020" WIDTH="35" HEIGHT="22" WC="0.93" CONTENT="till"/><SP WIDTH="18" VPOS="1020" HPOS="212"/>
							<String ID="string_146" HPOS="230" VPOS="1021" WIDTH="130" HEIGHT="22" WC="0.91" CONTENT="detsammas"/><SP WIDTH="17" VPOS="1021" HPOS="360"/>
							<String ID="string_147" HPOS="377" VPOS="1022" WIDTH="144" HEIGHT="22" WC="0.91" CONTENT="anskaffande."/>
						</TextLine>
					</TextBlock>
					<TextBlock ID="block_14" HPOS="177" VPOS="1056" WIDTH="757" HEIGHT="164">
						<TextLine ID="line_25" HPOS="249" VPOS="1056" WIDTH="683" HEIGHT="28">
							<String ID="string_148" HPOS="249" VPOS="1056" WIDTH="32" HEIGHT="21" WC="0.96" CONTENT="De"/><SP WIDTH="14" VPOS="1056" HPOS="281"/>
							<String ID="string_149" HPOS="295" VPOS="1056" WIDTH="108" HEIGHT="22" WC="0.96" CONTENT="särskilda"/><SP WIDTH="15" VPOS="1056" HPOS="403"/>
							<String ID="string_150" HPOS="418" VPOS="1058" WIDTH="102" HEIGHT="26" WC="0.96" CONTENT="styrelser"/><SP WIDTH="15" VPOS="1058" HPOS="520"/>
							<String ID="string_151" HPOS="535" VPOS="1058" WIDTH="52" HEIGHT="20" WC="0.96" CONTENT="eller"/><SP WIDTH="14" VPOS="1058" HPOS="587"/>
							<String ID="string_152" HPOS="601" VPOS="1064" WIDTH="108" HEIGHT="20" WC="0.96" CONTENT="personer,"/><SP WIDTH="16" VPOS="1064" HPOS="709"/>
							<String ID="string_153" HPOS="725" VPOS="1058" WIDTH="73" HEIGHT="21" WC="0.96" CONTENT="hvilka"/><SP WIDTH="11" VPOS="1058" HPOS="798"/>
							<String ID="string_154" HPOS="809" VPOS="1058" WIDTH="70" HEIGHT="22" WC="0.93" CONTENT="blifvit"/><SP WIDTH="11" VPOS="1058" HPOS="879"/>
							<String ID="string_155" HPOS="890" VPOS="1058" WIDTH="42" HEIGHT="22" WC="0.92" CONTENT="till-"/>
						</TextLine>
						<TextLine ID="line_26" HPOS="177" VPOS="1090" WIDTH="757" HEIGHT="30">
							<String ID="string_156" HPOS="177" VPOS="1093" WIDTH="61" HEIGHT="18" WC="0.96" CONTENT="satta"/><SP WIDTH="15" VPOS="1093" HPOS="238"/>
							<String ID="string_157" HPOS="253" VPOS="1090" WIDTH="34" HEIGHT="21" WC="0.96" CONTENT="för"/><SP WIDTH="14" VPOS="1090" HPOS="287"/>
							<String ID="string_158" HPOS="301" VPOS="1090" WIDTH="56" HEIGHT="22" WC="0.93" CONTENT="vissa"/><SP WIDTH="16" VPOS="1090" HPOS="357"/>
							<String ID="string_159" HPOS="373" VPOS="1091" WIDTH="182" HEIGHT="27" WC="0.92" CONTENT="verkställighets-"/><SP WIDTH="18" VPOS="1091" HPOS="555"/>
							<String ID="string_160" HPOS="573" VPOS="1092" WIDTH="52" HEIGHT="21" WC="0.93" CONTENT="eller"/><SP WIDTH="11" VPOS="1092" HPOS="625"/>
							<String ID="string_161" HPOS="636" VPOS="1091" WIDTH="248" HEIGHT="28" WC="0.93" CONTENT="förvaltningsätgärder,"/><SP WIDTH="11" VPOS="1091" HPOS="884"/>
							<String ID="string_162" HPOS="895" VPOS="1098" WIDTH="39" HEIGHT="22" WC="0.92" CONTENT="ega"/>
						</TextLine>
						<TextLine ID="line_27" HPOS="177" VPOS="1124" WIDTH="756" HEIGHT="30">
							<String ID="string_163" HPOS="177" VPOS="1127" WIDTH="35" HEIGHT="18" WC="0.93" CONTENT="att"/><SP WIDTH="23" VPOS="1127" HPOS="212"/>
							<String ID="string_164" HPOS="235" VPOS="1124" WIDTH="6" HEIGHT="21" WC="0.93" CONTENT="i"/><SP WIDTH="22" VPOS="1124" HPOS="241"/>
							<String ID="string_165" HPOS="263" VPOS="1124" WIDTH="42" HEIGHT="27" WC="0.96" CONTENT="god"/><SP WIDTH="22" VPOS="1124" HPOS="305"/>
							<String ID="string_166" HPOS="327" VPOS="1125" WIDTH="32" HEIGHT="21" WC="0.96" CONTENT="tid"/><SP WIDTH="23" VPOS="1125" HPOS="359"/>
							<String ID="string_167" HPOS="382" VPOS="1125" WIDTH="32" HEIGHT="21" WC="0.93" CONTENT="till"/><SP WIDTH="23" VPOS="1125" HPOS="414"/>
							<String ID="string_168" HPOS="437" VPOS="1126" WIDTH="105" HEIGHT="21" WC="0.92" CONTENT="nämnden"/><SP WIDTH="21" VPOS="1126" HPOS="542"/>
							<String ID="string_169" HPOS="563" VPOS="1125" WIDTH="92" HEIGHT="22" WC="0.92" CONTENT="aflemna"/><SP WIDTH="16" VPOS="1125" HPOS="655"/>
							<String ID="string_170" HPOS="671" VPOS="1126" WIDTH="163" HEIGHT="28" WC="0.92" CONTENT="specialförslag"/><SP WIDTH="15" VPOS="1126" HPOS="834"/>
							<String ID="string_171" HPOS="849" VPOS="1126" WIDTH="33" HEIGHT="22" WC="0.96" CONTENT="för"/><SP WIDTH="16" VPOS="1126" HPOS="882"/>
							<String ID="string_172" HPOS="898" VPOS="1127" WIDTH="35" HEIGHT="21" WC="0.96" CONTENT="det"/>
						</TextLine>
						<TextLine ID="line_28" HPOS="180" VPOS="1158" WIDTH="754" HEIGHT="30">
							<String ID="string_173" HPOS="180" VPOS="1158" WIDTH="144" HEIGHT="28" WC="0.92" CONTENT="nästföljande"/><SP WIDTH="22" VPOS="1158" HPOS="324"/>
							<String ID="string_174" HPOS="346" VPOS="1159" WIDTH="46" HEIGHT="21" WC="0.91" CONTENT="äret"/><SP WIDTH="23" VPOS="1159" HPOS="392"/>
							<String ID="string_175" HPOS="415" VPOS="1160" WIDTH="59" HEIGHT="22" WC="0.95" CONTENT="öfver"/><SP WIDTH="20" VPOS="1160" HPOS="474"/>
							<String ID="string_176" HPOS="494" VPOS="1160" WIDTH="25" HEIGHT="22" WC="0.96" CONTENT="de"/><SP WIDTH="21" VPOS="1160" HPOS="519"/>
							<String ID="string_177" HPOS="540" VPOS="1160" WIDTH="88" HEIGHT="27" WC="0.96" CONTENT="utgifter"/><SP WIDTH="19" VPOS="1160" HPOS="628"/>
							<String ID="string_178" HPOS="647" VPOS="1160" WIDTH="38" HEIGHT="22" WC="0.96" CONTENT="och"/><SP WIDTH="16" VPOS="1160" HPOS="685"/>
							<String ID="string_179" HPOS="701" VPOS="1160" WIDTH="124" HEIGHT="28" WC="0.96" CONTENT="inkomster,"/><SP WIDTH="16" VPOS="1160" HPOS="825"/>
							<String ID="string_180" HPOS="841" VPOS="1167" WIDTH="43" HEIGHT="15" WC="0.96" CONTENT="som"/><SP WIDTH="17" VPOS="1167" HPOS="884"/>
							<String ID="string_181" HPOS="901" VPOS="1162" WIDTH="33" HEIGHT="21" WC="0.96" CONTENT="till"/>
						</TextLine>
						<TextLine ID="line_29" HPOS="177" VPOS="1193" WIDTH="283" HEIGHT="27">
							<String ID="string_182" HPOS="177" VPOS="1193" WIDTH="65" HEIGHT="21" WC="0.96" CONTENT="deras"/><SP WIDTH="15" VPOS="1193" HPOS="242"/>
							<String ID="string_183" HPOS="257" VPOS="1193" WIDTH="129" HEIGHT="27" WC="0.93" CONTENT="förvaltning"/><SP WIDTH="16" VPOS="1193" HPOS="386"/>
							<String ID="string_184" HPOS="402" VPOS="1194" WIDTH="58" HEIGHT="22" WC="0.92" CONTENT="höra."/>
						</TextLine>
					</TextBlock>
				</ComposedBlock>
				<ComposedBlock ID="cblock_3" HPOS="176" VPOS="1264" WIDTH="758" HEIGHT="204">
					<TextBlock ID="block_15" HPOS="529" VPOS="1264" WIDTH="61" HEIGHT="26">
						<TextLine ID="line_30" HPOS="529" VPOS="1264" WIDTH="61" HEIGHT="26">
							<String ID="string_185" HPOS="529" VPOS="1264" WIDTH="27" HEIGHT="20" WC="0.92" CONTENT="86"/><SP WIDTH="16" VPOS="1264" HPOS="556"/>
							<String ID="string_186" HPOS="572" VPOS="1264" WIDTH="18" HEIGHT="26" WC="0.41" CONTENT="$."/>
						</TextLine>
					</TextBlock>
					<TextBlock ID="block_16" HPOS="176" VPOS="1300" WIDTH="758" HEIGHT="168">
						<TextLine ID="line_31" HPOS="248" VPOS="1300" WIDTH="685" HEIGHT="30">
							<String ID="string_187" HPOS="248" VPOS="1300" WIDTH="90" HEIGHT="27" WC="0.93" CONTENT="Utgifts-"/><SP WIDTH="17" VPOS="1300" HPOS="338"/>
							<String ID="string_188" HPOS="355" VPOS="1301" WIDTH="39" HEIGHT="21" WC="0.93" CONTENT="och"/><SP WIDTH="19" VPOS="1301" HPOS="394"/>
							<String ID="string_189" HPOS="413" VPOS="1301" WIDTH="200" HEIGHT="28" WC="0.92" CONTENT="inkomstförslagen"/><SP WIDTH="15" VPOS="1301" HPOS="613"/>
							<String ID="string_190" HPOS="628" VPOS="1302" WIDTH="53" HEIGHT="22" WC="0.92" CONTENT="böra"/><SP WIDTH="15" VPOS="1302" HPOS="681"/>
							<String ID="string_191" HPOS="696" VPOS="1309" WIDTH="52" HEIGHT="15" WC="0.96" CONTENT="vara"/><SP WIDTH="15" VPOS="1309" HPOS="748"/>
							<String ID="string_192" HPOS="763" VPOS="1303" WIDTH="25" HEIGHT="21" WC="0.93" CONTENT="sä"/><SP WIDTH="15" VPOS="1303" HPOS="788"/>
							<String ID="string_193" HPOS="803" VPOS="1303" WIDTH="63" HEIGHT="27" WC="0.92" CONTENT="tidigt"/><SP WIDTH="15" VPOS="1303" HPOS="866"/>
							<String ID="string_194" HPOS="881" VPOS="1310" WIDTH="52" HEIGHT="20" WC="0.92" CONTENT="upp-"/>
						</TextLine>
						<TextLine ID="line_32" HPOS="177" VPOS="1334" WIDTH="756" HEIGHT="28">
							<String ID="string_195" HPOS="177" VPOS="1334" WIDTH="84" HEIGHT="28" WC="0.96" CONTENT="gjorda,"/><SP WIDTH="17" VPOS="1334" HPOS="261"/>
							<String ID="string_196" HPOS="278" VPOS="1338" WIDTH="32" HEIGHT="19" WC="0.93" CONTENT="att"/><SP WIDTH="16" VPOS="1338" HPOS="310"/>
							<String ID="string_197" HPOS="326" VPOS="1335" WIDTH="110" HEIGHT="22" WC="0.95" CONTENT="desamma"/><SP WIDTH="15" VPOS="1335" HPOS="436"/>
							<String ID="string_198" HPOS="451" VPOS="1336" WIDTH="35" HEIGHT="22" WC="0.93" CONTENT="vid"/><SP WIDTH="15" VPOS="1336" HPOS="486"/>
							<String ID="string_199" HPOS="501" VPOS="1337" WIDTH="217" HEIGHT="23" WC="0.90" CONTENT="kommunalstämma"/><SP WIDTH="14" VPOS="1337" HPOS="718"/>
							<String ID="string_200" HPOS="732" VPOS="1338" WIDTH="69" HEIGHT="22" WC="0.96" CONTENT="under"/><SP WIDTH="16" VPOS="1338" HPOS="801"/>
							<String ID="string_201" HPOS="817" VPOS="1338" WIDTH="116" HEIGHT="22" WC="0.96" CONTENT="December"/>
						</TextLine>
						<TextLine ID="line_33" HPOS="179" VPOS="1369" WIDTH="755" HEIGHT="30">
							<String ID="string_202" HPOS="179" VPOS="1369" WIDTH="76" HEIGHT="22" WC="0.91" CONTENT="mänad"/><SP WIDTH="20" VPOS="1369" HPOS="255"/>
							<String ID="string_203" HPOS="275" VPOS="1370" WIDTH="71" HEIGHT="22" WC="0.96" CONTENT="kunna"/><SP WIDTH="16" VPOS="1370" HPOS="346"/>
							<String ID="string_204" HPOS="362" VPOS="1370" WIDTH="33" HEIGHT="22" WC="0.93" CONTENT="till"/><SP WIDTH="15" VPOS="1370" HPOS="395"/>
							<String ID="string_205" HPOS="410" VPOS="1371" WIDTH="130" HEIGHT="28" WC="0.92" CONTENT="granskning"/><SP WIDTH="15" VPOS="1371" HPOS="540"/>
							<String ID="string_206" HPOS="555" VPOS="1371" WIDTH="138" HEIGHT="28" WC="0.92" CONTENT="framläggas."/><SP WIDTH="30" VPOS="1371" HPOS="693"/>
							<String ID="string_207" HPOS="723" VPOS="1372" WIDTH="69" HEIGHT="22" WC="0.96" CONTENT="Sedan"/><SP WIDTH="16" VPOS="1372" HPOS="792"/>
							<String ID="string_208" HPOS="808" VPOS="1373" WIDTH="68" HEIGHT="21" WC="0.93" CONTENT="denna"/><SP WIDTH="15" VPOS="1373" HPOS="876"/>
							<String ID="string_209" HPOS="891" VPOS="1372" WIDTH="43" HEIGHT="22" WC="0.92" CONTENT="för-"/>
						</TextLine>
						<TextLine ID="line_34" HPOS="176" VPOS="1404" WIDTH="755" HEIGHT="31">
							<String ID="string_210" HPOS="176" VPOS="1404" WIDTH="89" HEIGHT="28" WC="0.92" CONTENT="siggätt,"/><SP WIDTH="24" VPOS="1404" HPOS="265"/>
							<String ID="string_211" HPOS="289" VPOS="1407" WIDTH="55" HEIGHT="19" WC="0.96" CONTENT="samt"/><SP WIDTH="24" VPOS="1407" HPOS="344"/>
							<String ID="string_212" HPOS="368" VPOS="1405" WIDTH="26" HEIGHT="21" WC="0.93" CONTENT="de"/><SP WIDTH="16" VPOS="1405" HPOS="394"/>
							<String ID="string_213" HPOS="410" VPOS="1405" WIDTH="72" HEIGHT="28" WC="0.91" CONTENT="frägor"/><SP WIDTH="16" VPOS="1405" HPOS="482"/>
							<String ID="string_214" HPOS="498" VPOS="1412" WIDTH="33" HEIGHT="15" WC="0.96" CONTENT="om"/><SP WIDTH="15" VPOS="1412" HPOS="531"/>
							<String ID="string_215" HPOS="546" VPOS="1412" WIDTH="42" HEIGHT="22" WC="0.96" CONTENT="nya"/><SP WIDTH="15" VPOS="1412" HPOS="588"/>
							<String ID="string_216" HPOS="603" VPOS="1406" WIDTH="95" HEIGHT="28" WC="0.93" CONTENT="utgifter,"/><SP WIDTH="16" VPOS="1406" HPOS="698"/>
							<String ID="string_217" HPOS="714" VPOS="1407" WIDTH="72" HEIGHT="22" WC="0.92" CONTENT="hvilka"/><SP WIDTH="15" VPOS="1407" HPOS="786"/>
							<String ID="string_218" HPOS="801" VPOS="1408" WIDTH="7" HEIGHT="21" WC="0.93" CONTENT="i"/><SP WIDTH="16" VPOS="1408" HPOS="808"/>
							<String ID="string_219" HPOS="824" VPOS="1408" WIDTH="107" HEIGHT="27" WC="0.92" CONTENT="förslagen"/>
						</TextLine>
						<TextLine ID="line_35" HPOS="176" VPOS="1439" WIDTH="756" HEIGHT="29">
							<String ID="string_220" HPOS="176" VPOS="1439" WIDTH="141" HEIGHT="28" WC="0.96" CONTENT="förekomma,"/><SP WIDTH="16" VPOS="1439" HPOS="317"/>
							<String ID="string_221" HPOS="333" VPOS="1440" WIDTH="69" HEIGHT="22" WC="0.93" CONTENT="blifvit"/><SP WIDTH="15" VPOS="1440" HPOS="402"/>
							<String ID="string_222" HPOS="417" VPOS="1440" WIDTH="103" HEIGHT="28" WC="0.93" CONTENT="afgjorda,"/><SP WIDTH="16" VPOS="1440" HPOS="520"/>
							<String ID="string_223" HPOS="536" VPOS="1441" WIDTH="61" HEIGHT="22" WC="0.96" CONTENT="skola"/><SP WIDTH="15" VPOS="1441" HPOS="597"/>
							<String ID="string_224" HPOS="612" VPOS="1442" WIDTH="61" HEIGHT="21" WC="0.96" CONTENT="dessa"/><SP WIDTH="16" VPOS="1442" HPOS="673"/>
							<String ID="string_225" HPOS="689" VPOS="1442" WIDTH="40" HEIGHT="22" WC="0.93" CONTENT="och"/><SP WIDTH="13" VPOS="1442" HPOS="729"/>
							<String ID="string_226" HPOS="742" VPOS="1442" WIDTH="190" HEIGHT="22" WC="0.76" CONTENT="kommunalstäm-"/>
						</TextLine>
					</TextBlock>
				</ComposedBlock>
			</PrintSpace>
		</Page>
	</Layout>
</alto>
