1031 1714
299 132 81 23 Ständ.
397 133 37 23 Sv.
451 147 27 3 —
492 134 72 27 Prop.
580 134 42 22 N:o
637 134 21 22 6.
828 136 24 19 11

100 197 124 23 bibehållas
239 198 72 22 under
326 199 97 22 nämnda
438 200 68 28 långa
520 200 33 21 tid
568 200 68 21 äfven
650 207 36 14 om
697 200 157 28 anordningen

101 232 138 22 omedelbart
262 233 53 21 eller
336 234 62 20 inom
424 234 51 21 kort
497 234 77 22 visade
597 234 36 28 sig
655 234 198 29 oändamålsenlig,

99 267 69 21 hafva
191 267 126 22 Ständerna
337 270 24 19 så
376 269 91 27 mycket
481 269 69 21 hellre
568 268 98 22 uteslutit
682 268 74 22 denna
770 268 82 22 tidsbe-

100 301 120 29 stämning,
241 309 49 14 som
308 302 134 29 erforderlig
456 303 89 28 garanti
560 306 60 18 emot
635 303 129 21 förhastade
779 303 74 22 beslut

99 336 138 21 härutinnan
259 336 88 22 komme
371 340 31 18 att
424 338 80 21 vinnas
527 337 132 29 därigenom
677 341 34 18 att
728 337 36 21 för
783 338 70 21 sådan

98 370 77 28 frågas
197 371 124 27 afgörande
344 371 142 22 erfordrades
502 372 116 21 enahanda
632 372 136 28 betingelser
784 380 48 14 som
845 372 8 21 i

99 407 26 19 31
143 405 14 28 $
175 406 124 28 uppställas
322 406 140 22 beträffande
481 406 297 28 fullmäktiginstitutionens
796 406 57 22 infö-

99 440 77 21 rande.
206 440 123 22 Dessutom
350 441 40 21 har
413 441 7 21 i
442 441 135 29 paragrafen
598 440 93 29 intagits
711 441 143 28 bestämning

98 475 85 25 därom,
207 478 32 18 att
262 475 73 22 beslut
358 475 8 21 i
384 479 74 18 ämnet
476 476 56 22 skall
550 478 144 26 guvernören
713 476 116 28 delgifvas,
846 476 6 20 i

101 509 71 22 likhet
187 510 51 21 med
254 510 60 21 hvad
329 510 8 21 i
353 512 26 20 31
396 511 14 28 $
425 511 72 21 finnes
513 511 150 22 föreskrifvet.

167 544 11 21 I
194 544 63 29 fråga
273 553 37 13 om
325 552 129 21 gemensam
469 545 236 22 kommunalstämmas
720 545 133 29 kompetens

99 587 67 20 synes
186 579 36 21 det
245 587 54 14 vara
321 580 48 21 skäl
392 583 32 18 att
446 580 83 29 tydligt
546 580 77 25 uttala,
642 583 32 18 att
690 580 44 21 den
749 581 104 21 omfattar

99 614 58 21 blott
173 614 82 21 sådana
271 615 82 28 frågor,
370 622 48 14 som
434 615 70 28 enligt
518 615 38 28 lag
570 616 78 20 kunna
663 617 12 18 å
691 615 88 21 enskild
791 615 62 21 kom-

98 649 173 21 munalstämma
293 649 146 28 handläggas,
459 649 95 22 hvarvid
572 649 59 21 dock
650 649 41 21 bör
705 649 100 25 beaktas,
821 653 32 18 att

99 682 62 22 vissa
183 683 104 26 ärenden,
311 691 48 14 som
381 683 143 22 uteslutande
542 687 50 18 röra
610 683 7 21 i
636 683 83 22 mantal
737 686 44 19 satt
794 684 59 28 jord,

99 718 73 21 ehuru
189 718 24 20 af
227 718 43 21 den
289 718 154 21 beskaffenhet
459 722 31 18 att
505 719 112 21 desamma
633 719 77 21 kunna
726 721 12 18 å
753 719 100 21 kommu-

99 759 57 14 nens
175 752 102 21 enskilda
297 755 93 19 stämma
404 753 130 26 behandlas,
550 753 69 21 likväl
633 753 50 21 icke
699 753 22 21 få
737 755 12 19 å
765 761 88 20 gemen-

99 794 47 14 sam
166 790 93 18 stämma
281 790 118 25 upptagas,
423 788 94 21 emedan
539 788 37 28 lag
594 789 76 26 någon
687 789 61 26 gång
766 790 41 26 gör
823 790 30 19 åt-

99 821 86 28 gärden
206 821 113 21 beroende
342 821 23 22 af
385 822 175 21 kommunernas
578 821 112 29 enhälliga
708 821 74 22 beslut
801 822 52 21 eller

96 856 90 21 enskild
209 856 120 21 kommuns
352 856 70 21 bifall.
452 857 74 21 Jämte
544 857 38 20 det
597 856 127 21 Ständerna
739 857 8 20 i
762 857 91 21 anfördt

100 891 60 28 syfte
183 891 168 21 omformulerat
373 893 28 19 40
423 891 21 28 $,
467 892 41 20 har
529 891 34 22 till
581 891 129 21 densamma
729 891 74 28 fogats
821 894 32 19 ett

96 925 82 29 tillägg
193 925 84 26 därom,
293 929 32 18 att
336 933 128 21 gemensam
474 925 224 22 kommunalstämma
709 925 57 22 skall
776 926 76 25 hållas,

98 964 41 17 när
162 963 115 25 guvernör
299 960 7 22 i
328 962 78 27 någon
428 960 63 29 fråga
510 962 64 20 äskar
592 961 70 21 sådan
677 963 105 19 stämmas
798 960 54 22 utlå-

99 995 74 25 tande,
191 1002 27 14 en
233 995 148 28 bestämning,
398 1002 49 14 som
462 995 20 28 ej
499 996 93 20 allenast
607 996 46 20 står
663 994 8 21 i
681 995 172 21 öfverensstäm-

98 1030 68 21 melse
182 1030 52 21 med
249 1032 27 18 20
292 1030 13 28 8
321 1030 6 20 i
344 1029 103 29 gällande
462 1030 271 28 kommunalförfattning,
746 1032 54 18 utan
811 1029 42 21 ock

98 1064 133 22 förutsättes
247 1064 25 22 af
285 1067 28 19 50
328 1065 13 28 $
356 1064 9 21 i
380 1066 44 20 den
439 1065 83 29 nådiga
537 1064 176 29 propositionen.

167 1099 102 21 Emedan
289 1106 128 22 gemensam
439 1100 225 21 kommunalstämma
682 1099 107 22 stundom
807 1099 46 21 kan

98 1133 115 22 erfordras
229 1134 24 21 at
264 1133 166 29 jämförelsevis
442 1134 117 29 obetydlig
569 1134 129 28 anledning,
709 1134 68 21 hafva
788 1134 65 20 Stän-

98 1169 70 21 derna
183 1169 52 20 med
249 1169 90 28 hänsyn
351 1168 86 28 jämväl
452 1169 74 21 därtill
542 1172 31 18 att
589 1169 27 21 de
632 1170 47 19 små
690 1169 162 21 kommunerna

98 1203 50 21 icke
168 1204 37 20 må
219 1203 112 28 betungas
346 1204 52 20 med
414 1204 97 27 onödiga
526 1204 129 23 kostnader,
671 1205 69 25 något
755 1202 97 22 minskat

98 1236 83 22 antalet
204 1237 25 21 af
249 1236 147 30 fullmäktige,
420 1237 50 21 dem
493 1238 162 21 kommunerna
677 1237 70 28 enligt
764 1237 88 21 författ-

97 1271 178 28 ningsförslaget
299 1279 41 21 ega
355 1274 32 19 att
403 1272 70 21 sända
488 1272 33 21 till
537 1272 69 21 sådan
622 1274 99 18 stämma.
751 1272 100 21 Bestäm-

97 1306 112 28 ningarna
225 1306 115 28 angående
356 1306 38 22 det
409 1307 60 21 antal
484 1306 146 28 fullmäktige,
647 1313 49 14 som
709 1306 70 21 borde
791 1308 60 18 utses

98 1340 35 20 för
157 1341 134 26 afgörandet
314 1340 25 20 af
359 1340 77 27 frågor
455 1348 34 13 om
510 1341 41 20 den
571 1341 6 19 i
594 1340 83 20 mantal
693 1343 57 17 satta
763 1340 88 27 jorden,

97 1373 69 22 hafva
185 1377 64 24 synts
272 1374 75 21 alltför
369 1374 90 27 mycket
478 1374 119 27 tillgodose
617 1374 87 20 mindre
719 1373 133 21 kommuner

98 1409 29 27 på
150 1411 71 18 större
244 1409 145 20 kommuners
411 1407 131 26 bekostnad,
566 1407 93 22 hvarför
678 1415 29 13 en
722 1407 131 28 minskning

98 1443 68 21 äfven
185 1442 25 21 af
227 1443 60 21 detta
307 1443 60 21 antal
381 1446 85 18 ansetts
482 1442 74 29 nödig,
572 1442 125 28 hvarjämte
713 1449 28 14 en
756 1441 96 29 ändring

866 1100 27 20 42
910 1098 21 29 8.
