1045 1709
64 387 22 17 R.
99 387 21 17 B.
134 387 26 17 17:
175 387 17 17 1.

230 132 28 19 20
419 128 27 22 U.
463 129 26 21 B.
511 142 18 2 -
550 129 73 27 Prop.
638 128 45 22 N:o
699 128 22 22 2.

199 202 81 20 ersatts
296 200 51 21 med
364 200 116 21 enahanda
496 200 161 28 stämningstid
672 199 36 22 för
724 200 50 26 den,
791 207 49 14 som
855 200 41 21 bor
912 200 32 21 in-

200 243 36 14 om
259 235 130 29 tingslaget.
420 235 36 21 Då
479 235 74 21 denna
576 234 149 30 formulering
740 235 49 21 icke
805 242 68 22 synes
890 243 54 14 vara

199 272 74 29 egnad
288 274 34 19 att
343 271 104 22 befordra
464 271 163 28 skyndsamhet
640 271 6 21 i
659 271 146 26 förfarandet,
817 271 127 28 tillstyrker

198 308 120 21 Utskottet
344 309 33 20 att
409 307 64 21 ordet
504 307 150 28 ,tingslaget*
682 309 70 19 måtte
776 307 94 28 utbytas
896 310 48 19 mot

200 344 158 28 »domsagan."

272 380 51 21 Den
334 379 128 28 föreslagna
472 379 173 28 bestämningen
655 378 8 21 i
681 381 5 18 1
699 385 66 15 mom.
777 379 26 21 af
810 381 11 19 7
831 379 14 28 $
856 381 24 19 11
891 379 51 28 kap.

199 416 27 21 R.
243 415 27 21 B.
287 415 77 21 derom
380 417 33 18 att
430 415 99 28 skriftlig
540 415 114 28 stämning
664 415 42 21 bör
717 415 126 21 svaranden
854 415 90 21 medde-

198 451 34 22 las
255 451 26 21 af
301 453 39 19 två
358 451 128 28 trovärdige
507 453 53 18 män
581 452 58 19 samt
659 452 34 19 att
715 451 76 27 styrkt
811 450 91 22 afskrift
920 450 27 22 af

199 487 144 28 stämningen
365 486 74 21 tillika
462 486 58 21 skall
543 488 23 19 åt
588 486 84 21 honom
695 486 93 26 lemnas,
799 487 40 20 har
849 486 95 22 Utskot-

199 526 34 19 tet
252 524 75 20 ansett
350 522 55 21 böra
420 521 136 29 förtydligas
572 522 100 25 sålunda,
689 524 34 19 att
739 522 65 21 deraf
816 522 127 29 framginge

199 559 39 21 det
261 558 144 28 stämningen
421 558 57 21 skall
494 557 126 22 svaranden
635 557 112 28 delgifvas
763 558 7 21 i
786 558 158 21 hufvudskrift

199 596 58 19 samt
280 593 91 22 afskrift
392 593 115 21 dessutom
523 595 23 19 åt
561 593 84 21 honom
660 593 39 21 vid
715 593 228 28 stämningstillfället

199 630 92 21 lemnas.
322 629 46 21 Det
390 629 73 28 ligger
486 628 114 29 nämligen
624 636 28 13 en
674 629 47 20 viss
744 629 49 28 vigt
817 629 76 28 derpå,
909 631 35 19 att

199 665 90 22 tillfälle
305 665 92 21 beredes
421 665 125 20 svaranden
570 666 33 19 att
627 666 54 26 taga
704 665 127 21 kännedom
855 665 26 21 af
901 665 42 21 och

199 701 97 29 granska
320 701 39 20 det
382 699 227 29 originaldokument,
633 700 89 21 hvilket
737 702 67 26 utgör
819 700 125 29 begynnel-

199 745 40 13 sen
255 737 35 21 till
306 737 42 21 och
364 736 141 28 grundvalen
520 735 35 22 för
572 736 43 21 den
630 735 118 22 tillernade
764 737 156 27 rättegången.

272 773 37 21 En
335 771 36 22 del
394 771 225 22 utskottsledamöter
641 771 41 21 har
707 771 140 29 visserligen,
873 773 71 20 under

199 808 164 22 framhällande
379 807 26 21 af
419 808 37 20 det
473 807 143 28 betungande
631 807 35 21 för
676 808 114 20 käranden
803 810 33 18 att
847 808 7 21 i
864 808 79 28 hvarje

199 844 100 22 enskildt
314 843 48 26 fall,
379 843 39 22 der
435 842 99 29 skriftlig
545 843 114 28 stämning
671 842 118 29 erfordras,
801 844 86 28 nödgas
899 851 45 15 om-

199 880 90 29 besörja
313 879 91 22 afskrift
427 879 26 21 af
469 879 43 21 den
528 879 109 28 originala
654 879 149 29 stämningen,
819 882 75 19 ansett
910 883 34 18 att

199 916 39 21 det
253 915 76 22 kunde
346 915 150 21 öfverlemnas
512 917 24 18 åt
551 915 115 20 käranden
682 917 34 18 att
732 915 131 26 bestämma,
877 916 67 21 huru-

198 951 53 22 vida
275 951 44 21 den
340 950 113 28 skriftliga
470 950 143 28 stämningen
628 950 70 21 borde
715 951 124 20 svaranden
855 951 89 22 medde-

198 987 34 21 las
255 987 7 21 i
286 985 157 22 hufvudskrift
466 985 55 22 eller
536 985 7 21 i
561 985 76 28 styrkt
652 985 97 22 afskrift.
780 985 12 22 I
808 987 80 21 sådant
903 987 41 21 fall

199 1022 79 29 gåfves
299 1022 59 21 dock
375 1022 69 28 ingen
467 1018 105 25 säkerhet
588 1021 35 21 för
639 1024 34 18 att
689 1021 44 21 den
748 1021 114 30 skriftliga
877 1025 66 19 stäm-

198 1059 92 28 ningen,
313 1065 49 14 som
385 1057 177 28 nödvändigtvis
582 1057 41 21 bör
637 1065 54 13 vara
707 1057 36 21 till
757 1058 72 21 hands
845 1059 39 20 vid
899 1061 45 19 må-

198 1095 43 20 lets
266 1093 220 28 anhängiggörande,
511 1093 75 22 blefve
609 1093 36 21 till
664 1095 74 19 rätten
753 1093 121 27 inlemnad,
891 1097 53 19 enär

198 1130 150 25 svaranden,
341 1124 15 38 i
364 1129 106 21 händelse
486 1129 46 21 han
543 1128 168 22 omhänderfått
723 1130 143 28 stämningen
875 1130 8 21 i
893 1130 51 21 huf-

198 1165 122 26 vudskrift,
344 1165 76 21 kunde
444 1164 118 21 underlåta
585 1166 34 19 att
637 1163 100 22 inlemna
752 1165 43 21 den
811 1165 35 21 till
861 1167 81 25 rätten,

198 1200 36 22 för
250 1203 34 18 att
300 1201 95 20 sålunda
409 1200 122 28 uppehålla
547 1199 80 22 målets
643 1200 176 29 handläggning.

274 1236 142 27 Stadgandet
432 1236 7 20 i
461 1238 6 19 2
481 1243 67 14 mom.
560 1235 26 22 af
595 1238 11 18 7
619 1235 14 28 8
647 1238 24 19 11
684 1236 52 27 kap.
747 1236 28 21 R.
786 1236 35 26 B.,
832 1239 34 18 att
877 1239 67 20 stäm-

199 1271 55 28 ning
266 1273 12 19 å
290 1271 69 21 sådan
371 1277 89 21 person,
472 1277 48 14 som
530 1270 20 28 ej
561 1270 40 21 har
610 1270 85 28 stadigt
703 1270 104 27 hemvist,
816 1273 37 19 må
861 1279 82 21 genom

199 1306 113 22 allmänna
328 1305 144 29 tidningarna
487 1306 84 21 honom
586 1306 122 28 kungöras,
728 1306 41 21 har
785 1306 25 22 af
823 1306 120 22 Utskottet

198 1344 86 21 ansetts
307 1342 56 22 böra
385 1341 135 29 förtydligas
544 1342 85 21 derhän
650 1344 33 19 att
699 1342 44 21 slik
759 1343 114 29 stämning
889 1343 54 22 ovil-

197 1378 104 29 korligen
317 1378 58 22 skall
390 1385 54 15 vara
463 1378 106 28 skriftlig,
585 1378 88 22 hvilket
689 1378 68 22 äfven
771 1378 8 22 i
795 1379 148 29 lagförslaget

197 1414 180 30 uppenbarligen
393 1414 93 28 åsyftas.

269 1463 136 23 Lagutskottets
417 1463 116 18 betänkande
546 1463 37 18 N:o
595 1464 27 18 5.'
