1031 1706
422 117 56 23 N:o
494 117 31 23 4.

301 508 69 25 Hans
404 507 162 32 Kejserliga
594 507 145 32 Majestäts
769 506 82 33 nådiga

233 548 140 33 proposition
391 547 35 26 till
438 547 103 26 Finlands
554 547 102 33 Ständer,
666 547 115 32 angående
791 549 60 23 stor-

233 588 71 25 skifte
322 588 40 25 och
380 588 169 32 skattläggning
567 588 8 24 i
592 587 119 32 Kuusamo,
723 587 128 25 Kemiträsk

234 628 40 25 och
291 627 133 32 Kuolajärvi
444 628 97 25 socknar
558 629 7 24 i
584 627 123 32 Uleåborgs
724 627 45 26 län.

165 697 42 22 Vid
221 697 158 27 behandlingen
395 695 24 22 af
428 695 40 23 den
479 696 34 21 vid
526 696 140 21 1877—1878
677 696 62 21 årens
750 695 102 27 landtdag

97 731 121 23 Ständerna
227 731 110 27 förelagda
348 730 77 28 nådiga
432 731 167 27 propositionen,
608 730 111 27 angående
726 729 126 28 förändring

97 766 23 21 af
142 766 25 21 de
190 765 48 22 med
257 765 116 27 Kuusamo,
388 765 124 21 Kemiträsk
528 763 39 23 och
581 763 125 28 Kuolajärvi
721 763 132 22 sockneboar

96 800 107 22 afslutade
218 799 190 26 knektekontrakt,
422 798 114 28 godkände
552 798 120 23 Ständerna
687 797 36 22 det
738 799 7 20 i
757 798 95 27 proposi-

97 835 73 22 tionen
191 834 124 27 föreslagna
337 833 160 28 upphäfvandet
515 833 23 22 af
552 833 40 21 den
608 833 98 21 bemälde
721 832 132 22 sockneboar

97 869 162 22 tillförsäkrade
274 868 65 22 frihet
353 868 48 22 från
416 867 90 28 refning,
521 867 112 22 storskifte
643 867 40 22 och
694 867 159 27 skattläggning

97 905 56 20 samt
168 902 181 28 öfverloppsjords
367 901 120 28 afvittring.
516 902 12 21 I
543 901 94 28 enlighet
653 901 88 22 härmed
756 901 97 22 utfärda-

98 937 39 21 des
155 936 40 22 den
210 937 13 21 5
238 936 62 27 April
317 936 54 22 1879
386 936 81 21 allmän
482 935 133 28 författning,
631 935 149 22 innehållande
794 935 59 22 stad-

99 972 83 27 ganden
193 971 110 27 angående
314 971 46 21 dels
371 971 91 27 ändring
473 971 45 22 dels
525 970 151 28 upphäfvande
684 970 23 22 af
713 970 140 22 förenämnda

98 1006 104 22 kontrakt
216 1002 57 25 samt
289 1011 34 15 om
338 1005 130 28 provisionel
484 1005 109 27 afrösning
608 1005 34 21 för
657 1005 92 22 kronans
762 1004 92 28 räkning

98 1040 24 22 af
137 1040 26 22 de
177 1040 135 22 vidsträckta
328 1040 157 27 skogsmarker,
501 1040 73 22 hvilka
589 1040 48 21 icke
652 1046 51 15 voro
719 1039 134 27 nödvändiga

98 1075 34 21 för
147 1074 165 27 hushållningen
323 1075 13 20 å
347 1074 25 22 de
383 1074 57 22 inom
450 1074 199 27 samfälligheterna
659 1074 92 27 belägna
760 1074 94 21 hemma-

99 1116 41 15 nen
157 1111 56 19 samt
228 1109 26 21 de
269 1108 112 28 nybyggen
397 1108 40 22 och
453 1111 54 25 torp,
523 1108 73 22 hvilka
609 1108 55 22 efter
674 1108 99 27 pröfning
782 1108 72 21 kunde

99 1144 67 22 bilda.
173 1143 164 27 sjelfbestående
353 1143 130 27 lägenheter.

167 1178 102 21 Deremot
291 1177 66 22 funno
380 1177 118 22 Ständerna
521 1178 36 20 det
579 1177 47 21 icke
649 1183 51 15 vara
723 1176 132 28 ådagalagdt

99 1215 34 19 att
152 1212 278 27 jordbruksförhållandena
448 1212 28 26 på
492 1212 63 21 dessa
570 1213 64 25 orter,
651 1211 86 21 hvarest
752 1217 48 15 ren-
815 1210 40 22 och

100 1246 197 27 boskapsskötseln,
320 1246 97 27 grundad
432 1246 28 26 på
476 1245 107 28 naturliga
598 1246 64 21 beten
678 1245 40 22 och
733 1247 74 25 ängar,
822 1247 34 19 ut-

100 1282 40 25 gör
154 1280 141 22 invånarenes
311 1280 107 27 egentliga
432 1280 82 26 näring,
530 1280 69 21 skulle
615 1280 65 21 hafva
695 1280 75 21 hunnit
784 1279 34 21 till
829 1285 26 15 en

100 1314 66 22 sådan
181 1314 127 27 utveckling,
324 1316 33 20 att
372 1314 58 22 tiden
445 1314 67 22 redan
527 1314 27 21 då
569 1314 57 21 varit
640 1314 48 21 inne
702 1316 33 19 att
745 1314 7 21 i
763 1313 94 21 nämnda

100 1348 85 22 trakter
199 1348 98 26 tillämpa
312 1348 26 21 de
353 1348 109 20 allmänna
477 1346 192 28 reglementariska
678 1346 131 27 stadganden
821 1352 35 16 om

100 1381 90 27 refning,
213 1381 109 22 storskifte
345 1381 40 21 och
408 1380 166 28 skattläggning,
597 1380 73 22 hvilka
689 1382 38 20 äro
743 1380 113 28 afpassade

101 1416 54 22 efter
171 1416 26 22 de
212 1416 107 28 sydligare
333 1416 90 27 belägna
438 1415 161 23 landsdelarnes
614 1414 71 28 behof,
701 1415 38 21 der
755 1414 101 22 åkerbru-
