1034 1709
283 131 82 23 Ständ.
381 132 37 23 Sv.
433 145 27 3 —
476 133 71 27 Prop.
563 132 41 23 N:o
618 134 20 21 6.
810 134 25 20 67

86 205 40 13 ren
146 198 129 21 ankommer
291 200 32 20 att
338 198 7 22 i
361 198 63 28 dylik
439 199 64 28 fråga
518 199 55 21 höra
588 198 172 22 medlemmarne
776 199 7 21 i
799 199 38 21 kö-

86 232 84 28 pingen
190 233 43 21 och
255 232 45 22 den
317 233 179 26 landskommun,
514 234 62 21 inom
591 234 93 21 hvilken
699 234 43 21 den
757 234 79 28 ligger,

86 268 57 19 samt
161 266 138 22 underställa
320 267 80 28 frågan
421 268 109 21 Senatens
545 268 291 28 Ekonomiedepartements

85 299 114 29 pröfning.
232 300 62 22 Intill
317 301 51 21 dess
391 301 77 22 därom
490 301 107 29 slutligen
621 302 112 21 bestämdt
754 301 82 26 blifvit,

86 334 100 21 kommer
209 335 37 20 det
269 335 145 26 förhållande,
438 344 47 13 som
508 336 147 21 därförinnan
673 339 37 26 egt
729 343 57 18 rum,
805 339 33 18 att

85 368 101 22 fortfara.

424 447 39 18 104
479 445 20 28 8.

153 501 86 22 Finnas
255 502 90 21 utöfver
360 502 60 21 hvad
435 502 8 21 i
458 504 34 23 64,
510 504 24 19 73
551 502 42 22 och
609 503 26 20 89
650 502 28 29 88
690 502 92 28 stadgas
793 505 43 18 sär-

86 535 73 22 skilda
177 535 103 22 biträden
303 537 54 21 eller
375 536 134 29 tjenstemän
525 537 35 21 för
575 537 261 21 kommunalförvaltnin-

85 578 44 20 gen
152 570 53 21 eller
226 571 149 22 kommunens
397 579 166 21 gemensamma
584 571 70 22 behof
671 571 54 29 eljes
745 579 55 14 vara
815 571 23 22 af

85 605 81 25 nöden,
186 607 36 20 mä
244 606 25 21 af
285 606 240 22 kommunalstämman
543 607 54 21 bero
613 609 32 19 att
660 606 94 25 besluta,
770 607 67 20 huru-

85 639 53 22 vida
161 639 42 22 och
225 641 30 28 pä
273 640 61 22 hvad
352 641 74 21 vilkor
442 641 83 22 sädana
540 647 107 22 personer
661 641 56 21 böra
732 643 29 26 pä
775 641 62 21 kom-

85 681 95 14 munens
198 674 126 22 bekostnad
343 675 112 25 anställas,
472 676 41 21 och
530 683 51 21 eger
597 675 240 22 kommunalstämman

85 709 72 22 tillika
171 709 47 22 ifall
234 709 25 22 af
271 709 72 22 behof
355 710 35 22 för
406 710 94 22 sälunda
515 710 102 22 anstälde
627 710 90 22 utfärda
728 710 109 22 erforder-

85 744 45 28 liga
145 743 170 23 instruktioner.

424 833 38 19 105
479 832 20 28 8.

153 889 142 22 Ordförande
318 889 5 20 i
347 889 230 26 kommunalstämma,
596 889 41 21 hos
655 888 182 22 kommunalfull-

84 923 105 29 mäktige,
212 923 213 22 kommunalnämnd
450 925 41 20 och
510 924 25 21 af
548 923 240 22 kommunalstämman
803 926 33 18 ut-

84 958 69 21 sedda
176 958 110 22 särskilda
308 959 106 28 styrelser
437 959 74 21 tillhör
535 961 32 19 att
585 959 89 21 förvara
692 958 145 29 protokollen

85 993 51 21 med
152 993 72 22 därtill
241 993 100 21 hörande
357 992 134 29 handlingar
507 993 43 21 och
566 993 85 28 bilagor
663 992 69 28 jämte
743 992 95 29 register

85 1027 64 22 öfver
173 1028 50 21 dem
245 1029 29 26 på
293 1030 44 19 sätt
353 1028 41 21 och
411 1028 69 25 ställe,
496 1035 48 14 som
560 1027 25 22 af
597 1027 240 22 kommunalstämman

86 1062 103 25 beslutes,
210 1063 41 20 och
274 1065 33 18 att
328 1062 59 21 hålla
410 1063 50 21 dem
478 1062 141 29 tillgängliga
638 1061 34 22 för
687 1062 149 22 kommunens

84 1097 143 21 medlemmar
247 1097 116 22 äfvensom
383 1100 31 19 att
430 1097 39 21 vid
484 1096 143 22 afträdandet
642 1096 50 21 från
708 1096 35 22 sin
757 1096 79 22 befatt-

84 1131 56 29 ning
156 1131 138 23 öfverlemna
310 1131 50 22 dem
376 1133 22 20 åt
413 1131 168 22 efterträdaren.

153 1161 74 26 Äskar
242 1167 95 21 medlem
353 1166 24 21 af
385 1167 137 21 kommunen
532 1167 103 27 bestyrkt
646 1167 90 21 afskrift
747 1166 24 21 af
781 1166 57 21 slika

84 1201 134 28 handlingar
241 1201 53 21 eller
316 1201 82 28 utdrag
421 1209 27 12 ur
467 1201 119 28 protokoll,
606 1201 61 21 fördt
684 1201 39 20 vid
739 1201 98 20 nämnda

84 1235 171 28 myndigheters
270 1235 195 25 :sammanträden,
488 1237 37 19 må
547 1235 80 21 sådant
646 1235 20 28 ej
686 1237 92 25 vägras;
794 1235 43 21 och

85 1269 56 22 skall
160 1269 8 21 i
190 1269 138 22 besvärsmål
350 1269 129 28 expedition
498 1269 134 28 skyndsamt
645 1269 41 21 och
702 1269 135 21 åtminstone

84 1304 62 21 inom
162 1303 60 22 förra
237 1303 86 22 hälften
338 1303 25 22 af
377 1304 43 21 den
435 1303 8 21 i
457 1303 79 29 hvarje
551 1303 39 22 fall
604 1305 83 20 utsatta
697 1302 141 29 fataljetiden

84 1337 107 28 utgifvas.
222 1339 76 19 Lösen
320 1337 35 21 för
378 1338 128 27 expedition
529 1338 102 27 erlägges
646 1338 33 19 till
695 1337 37 20 det
747 1337 89 27 belopp,

85 1379 48 14 som
155 1371 40 21 vid
216 1371 225 21 kommunalstämma
468 1373 70 20 utsatt
560 1371 81 21 blifvit.
672 1371 76 20 Sådan
770 1370 68 28 afgift

85 1414 41 21 ege
141 1405 19 29 ej
177 1413 50 14 rum
243 1405 34 22 för
293 1406 141 28 handlingar,
449 1405 77 22 hvilka
541 1405 36 21 för
587 1405 149 22 kommunens
747 1403 89 31 gemen-

85 1448 84 15 samma
190 1440 71 22 behof
279 1440 52 22 eller
347 1440 34 22 till
395 1440 170 22 vederbörande
579 1439 136 29 tjenstemän
731 1440 53 22 eller
800 1439 38 22 all-
