1036 1711
324 129 28 23 U.
368 129 27 22 B.
410 141 27 4 —
453 129 71 28 Prop.
540 129 42 24 N:o
596 130 22 22 6.
818 131 27 21 63

301 199 46 22 Rör
360 199 86 27 frägan
460 200 77 21 endast
551 206 26 15 en
592 199 97 22 särskild
699 200 44 21 dels
754 200 28 27 af
788 199 56 22 kom-

234 233 81 16 munen
337 229 52 25 rätt,
412 234 36 21 ege
470 229 37 20 ock
528 229 42 20 den
591 234 77 15 ensam
685 229 31 20 att
730 228 68 21 saken
813 229 32 20 till

231 256 167 27 öfverläggning
413 257 37 20 och
466 257 122 27 afgörande
602 258 105 25 upptaga.

375 334 33 22 24
423 334 34 28 8:s
473 334 14 24 3
504 340 62 18 mom.

161 393 41 24 Jag
224 396 23 17 är
269 394 24 19 af
313 399 85 15 samma
421 395 86 24 mening
521 400 47 14 som
583 394 112 20 Utskottet
710 394 132 24 derutinnan,

95 423 32 18 att
141 422 177 24 rösträttigheten
335 423 36 19 bör
386 423 116 24 begränsas
517 424 6 19 i
538 423 64 24 högre
618 423 52 23 grad
685 425 27 18 än
727 423 6 19 i
746 422 97 25 gällande

93 451 252 24 kommunalförfattning
367 451 58 20 skett
447 452 40 20 och
509 452 7 19 i
538 452 39 19 den
596 451 77 24 nådiga
687 451 156 25 propositionen

94 479 120 25 föreslagits
229 481 34 18 att
277 480 105 24 vidtagas,
399 481 112 19 äfvensom
523 480 50 25 deri,
584 480 34 20 att
628 480 168 25 begränsningen
806 480 38 19 bör

93 509 132 19 bestämmas
249 509 67 19 delvis
338 509 49 19 med
409 509 84 24 hänsyn
515 509 32 19 till
569 509 25 19 de
609 509 111 20 röstandes
736 513 108 15 samman-

92 537 63 24 lagda
169 537 96 25 röstetal,
281 542 51 15 men
346 537 24 20 af
382 537 56 20 olika
453 538 86 23 mening
548 537 132 20 beträffande
690 537 78 24 högsta
778 537 66 20 röste-

92 565 59 21 talet.
181 566 45 19 Den
249 566 23 20 af
291 565 113 21 Utskottet
418 566 120 24 föreslagna
553 566 169 23 begränsningen
738 568 24 17 är
777 565 66 23 enligt

92 594 45 20 min
160 594 56 24 åsigt
237 594 24 20 så
283 594 66 24 ringa,
366 595 32 20 att
413 595 126 19 densamma
554 594 6 20 i
575 594 51 20 flere
640 594 38 20 fall
691 594 32 20 till
738 594 39 20 och
793 594 50 20 med

91 623 47 21 icke
160 624 99 19 kommer
274 623 33 20 att
322 622 65 22 hafva
402 624 118 19 nämnvärd
535 623 87 21 verkan.
652 623 39 24 Jag
706 623 39 19 har
760 622 31 20 uti
806 622 36 20 Ut-

92 652 81 20 skottet
187 652 111 24 föreslagit
312 657 27 15 en
353 652 141 25 begränsning
509 652 23 20 af
544 652 112 20 röstetalet
673 652 31 19 till
720 656 26 15 en
761 651 81 25 tjugon-

92 681 59 21 dedel
173 681 24 20 af
216 681 25 19 de
263 681 111 21 röstandes
394 681 48 20 hela
457 681 94 20 röstetal.
581 680 31 20 Då
627 680 32 20 till
673 681 83 19 försvar
770 680 72 20 härför

93 710 111 24 gentemot
219 710 60 20 såväl
294 710 55 25 dem,
360 710 72 20 hvilka
442 710 71 20 fordra
522 715 27 15 en
560 710 74 24 större,
646 714 47 15 som
703 710 55 24 dem,
770 709 73 19 hvilka

93 739 67 20 önska
175 744 27 14 en
216 739 83 19 mindre
313 739 148 24 begränsning,
476 739 73 20 kunna
564 738 86 20 anföras
664 735 178 27 hufvudsakligen

92 773 85 15 samma
192 768 52 24 skäl,
261 772 47 15 som
323 768 111 20 Utskottet
448 767 32 20 till
494 768 82 20 försvar
591 768 33 19 för
639 767 40 19 den
689 766 23 21 af
720 766 122 21 detsamma

92 796 109 20 förordade
217 797 170 23 begränsningen
401 796 7 20 i
422 796 115 21 hvartdera
551 796 60 20 fallet
626 796 76 24 anfört,
720 795 60 20 torde
796 795 46 19 icke

91 825 65 20 heller
170 826 36 23 jag
221 825 92 20 behöfva
328 826 46 19 visa
390 825 71 25 annat,
481 827 27 17 än
523 825 33 20 att
571 825 41 19 den
627 824 24 20 af
662 824 44 24 mig
721 823 122 25 föreslagna

92 854 169 24 begränsningen
285 857 23 17 är
323 854 7 19 i
345 854 41 20 allo
401 854 74 23 skälig.
505 854 63 19 Detta
584 852 129 21 förhållande
729 857 62 16 anser
805 852 37 24 jag

91 883 49 20 bäst
161 882 84 25 framgå
266 887 26 15 ur
313 882 91 25 följande
426 882 71 25 tabell,
518 882 32 20 uti
572 881 86 21 hvilken
680 886 77 19 genom
775 880 67 25 några

93 911 97 25 exempel
213 912 63 24 visas,
292 911 7 20 i
314 911 86 20 hvilken
415 912 52 23 grad
481 911 169 24 begränsningen
665 911 6 19 i
689 909 97 25 gällande
803 909 39 20 för-

91 940 94 25 ordning,
209 940 41 20 den
264 940 77 25 nådiga
355 940 158 25 propositionen
526 940 59 20 samt
599 939 123 20 Utskottets
737 939 39 20 och
791 938 51 20 mitt

91 969 79 24 förslag
191 969 86 20 utöfvar
299 969 81 20 verkan
402 969 35 19 vid
459 968 237 25 kommunalstämmor,
718 968 36 19 vid
769 967 73 20 hvilka

92 998 56 21 olika
164 997 58 21 antal
236 998 101 21 röstande
352 997 75 21 finnas.

160 1448 205 19 Kommunalutskottets
377 1447 111 19 betänkande
498 1447 34 19 N:o
545 1448 15 18 1.
