1034 1709
187 148 27 20 24
410 147 30 22 U.
455 147 28 21 B.
500 158 26 4 —
541 146 75 28 Prop.
632 146 44 22 N:o
692 146 22 22 5.

186 213 43 21 har
243 213 36 22 för
294 213 36 21 sin
345 213 37 21 del
397 216 77 18 ansett
488 213 127 28 anledning
629 213 50 21 icke
692 212 142 22 förekomma
847 214 35 19 att
894 212 45 22 för-

187 247 70 29 bjuda
276 247 199 29 utmätningsman
498 249 34 19 att
547 248 8 20 i
570 246 156 29 ofvanantydt
740 246 61 29 syfte
816 246 76 22 vända
902 247 36 28 sig

183 282 88 27 jemväl
286 282 37 21 till
339 281 71 22 sädan
426 282 85 20 allmän
524 280 236 28 auktionsförrättare,
776 288 48 14 som
840 281 51 21 icke
902 281 37 22 be-

187 315 87 22 drifver
296 315 68 29 yrket
383 315 8 21 i
406 315 98 21 särskild
520 315 69 27 lokal,
605 315 75 21 derest
695 315 75 22 denne
783 319 25 18 är
822 315 68 29 villig
905 317 34 20 att

187 349 130 30 uppdraget
333 352 123 25 emottaga.

258 384 42 22 Uti
322 383 135 22 rubrikerna
480 383 35 22 till
530 383 177 22 nästomordade
723 384 41 21 två
778 383 161 28 författnings-

187 418 88 29 förslag
297 418 66 21 torde
385 418 109 28 slutligen
513 418 66 21 ordet
602 417 158 29 ,förordning*
775 417 56 22 böra
846 417 93 29 utbytas

188 455 61 19 emot
272 453 172 28 ,kungörelse*,
465 452 72 29 jemte
555 453 40 20 det
609 452 109 21 rubriken
732 452 38 21 till
785 452 39 21 det
838 452 63 21 förra
916 451 26 22 af

188 487 65 21 dessa
275 486 240 29 författningsförslag
537 493 68 22 synes
623 486 55 21 böra
694 486 107 29 angifvas
817 487 75 20 säsom
907 485 34 22 in-

187 521 134 21 nefattande
341 524 105 17 närmare
468 520 144 22 föreskrifter
634 521 119 27 angäende
775 520 128 22 utöfvande
917 519 26 22 af

189 554 288 29 auktionsförrättareyrke
492 555 8 20 i
516 555 58 21 stad.

255 617 54 23 Med
328 618 126 28 anledning
473 617 69 22 häraf
560 617 35 22 fär
609 617 121 22 Utskottet
747 617 118 22 vördsamt
879 617 62 22 hera-

188 653 67 22 ställa

460 719 33 18 att
514 716 132 27 beträffande
667 716 169 27 ofvannämnda
857 715 83 28 förslag

392 751 35 20 till
452 751 167 28 författningar,
646 750 74 21 hvilka
742 752 39 19 äro
800 750 90 27 afsedda
908 751 33 20 att

391 785 9 20 i
410 785 166 21 administrativ
588 787 41 25 väg
641 785 107 27 utfärdas,
760 785 24 20 de
797 785 29 27 af
839 785 104 21 Utskottet

392 820 117 20 anmärkta
529 819 181 27 omständigheter
728 819 67 20 måtte
809 819 10 20 i
834 819 106 21 Ständer-

392 861 42 14 nas
449 853 152 28 underdåniga
615 852 174 28 svarsskrifvelse
801 852 139 28 framhållas.

260 1035 12 22 I
294 1035 166 29 sammanhang
478 1036 52 22 med
541 1043 32 14 nu
588 1035 158 28 föreliggande
762 1036 66 28 fråga
843 1036 43 21 har
900 1035 41 22 Ut-

190 1070 87 21 skottet
299 1072 76 19 ansett
397 1070 36 28 sig
455 1070 55 21 böra
531 1070 123 27 framhålla
676 1070 109 21 hurusom
802 1071 26 20 14
843 1073 11 22 $
869 1070 8 21 i
892 1069 49 29 gäl-

189 1103 69 22 lande
277 1103 142 29 näringslag,
442 1105 75 20 såsom
533 1104 75 21 denna
624 1104 110 28 paragraf
746 1104 68 28 lyder
828 1104 8 21 i
851 1103 91 29 Kejser-

190 1138 47 28 liga
256 1137 177 29 Förordningen
448 1138 45 21 den
510 1139 25 21 12
551 1138 44 28 maj
615 1139 60 24 1884,
690 1137 136 22 förutsätter
841 1137 101 22 förefint-

189 1172 104 28 ligheten
315 1172 27 21 af
361 1172 111 21 särskilda
494 1172 144 29 stadganden
652 1172 98 21 rörande
766 1171 176 29 mäklareyrket.

189 1207 78 28 Några
283 1206 80 28 dylika
378 1206 35 21 för
428 1206 52 22 hela
495 1206 80 22 landet
589 1206 108 29 gällande
712 1206 174 28 bestämningar
900 1205 43 22 fin-

190 1248 42 14 nas
252 1241 128 20 emellertid
398 1241 42 20 hos
459 1249 36 12 oss
516 1241 59 25 icke,
589 1243 57 18 utan
665 1240 71 21 hafva
752 1240 28 21 de
796 1239 83 27 städer,
895 1247 48 14 som

191 1276 76 19 ansett
281 1273 83 22 sådant
379 1274 87 27 nödigt,
482 1274 58 21 hvar
554 1273 36 22 för
605 1273 36 28 sig
656 1273 102 28 vidtagit
773 1273 82 28 åtgärd
866 1273 78 21 derom

191 1309 34 20 att
244 1307 203 28 mäklareordning
465 1307 78 21 blifvit
563 1306 36 22 för
617 1307 81 21 staden
717 1307 114 23 utfärdad.
859 1307 37 21 Då
910 1307 35 21 så-

190 1341 72 22 lunda
282 1341 72 23 behof
373 1341 25 22 af
416 1342 170 29 yrkesmässiga
613 1341 101 22 mäklare
734 1342 72 21 redan
826 1343 63 28 gjort
909 1342 36 29 sig

191 1376 108 30 gällande
314 1377 43 21 och
378 1376 251 29 auktionsmonopolets
648 1376 164 29 upphäfvande
833 1377 66 22 torde
910 1377 35 22 bi-

192 1412 71 28 draga
281 1412 36 21 till
337 1414 35 19 att
390 1412 44 21 öka
452 1412 64 20 detta
530 1411 75 27 behof,
621 1411 42 21 har
677 1412 122 21 Utskottet
813 1412 69 21 hållit
896 1411 48 22 före

192 1449 35 19 att
241 1446 28 22 de
288 1446 116 22 allmänna
420 1446 107 28 grunder,
543 1446 73 28 enligt
630 1445 80 22 hvilka
724 1446 172 28 mäklareyrket
907 1446 38 22 må

260 1488 49 22 Lag-
321 1486 32 18 och
365 1486 183 18 Ekonomiutskottets
560 1486 110 18 betänkande
682 1486 38 18 N:o
732 1486 16 18 1.
