1042 1703
227 139 29 19 44
419 137 28 22 U.
463 137 27 22 B.
506 150 29 3 —
549 138 75 27 Prop.
640 137 45 23 N:o
700 137 23 22 2.

196 207 35 22 för
255 208 34 27 sig
313 209 75 26 ställa;
411 214 50 15 men
485 208 84 22 komme
586 208 56 21 ändä
659 208 53 27 sjelf
725 209 117 24 tillstädes,
858 215 35 15 om
908 208 36 21 do-

197 248 74 17 maren
295 244 90 27 pröfvar
409 244 38 21 det
471 244 76 27 nödigt
570 250 58 16 vara.
659 243 12 22 I
693 243 103 22 brottmål
819 250 65 16 svare
903 243 42 22 den

197 278 57 29 sjelf,
279 285 44 16 som
347 279 111 28 anklagad
481 281 31 20 är.
544 279 47 22 Vill
613 279 43 21 han
680 279 59 28 hjelp
765 279 8 22 i
799 279 146 28 rättegången

197 314 72 29 hafva,
294 315 28 21 då
345 315 84 22 tillåtes
445 315 77 22 honom
539 315 127 27 fullmäktig
681 315 50 22 med
747 315 35 27 sig
797 317 57 25 taga.
884 315 60 22 Man-

197 356 43 16 nen
256 351 35 21 må
306 350 41 21 ock
362 350 101 28 hustrun,
479 351 40 21 och
535 350 105 22 målsman
656 350 42 22 den
714 350 117 28 omyndiga
846 350 6 22 i
869 352 24 25 ty
906 350 40 22 fall

197 386 89 21 bistånd
309 388 60 25 göra.
399 380 33 27 Är
455 386 20 27 ej
499 386 91 22 svårare
613 386 66 21 straff
700 388 27 19 än
744 386 36 21 två
796 386 36 21 års
846 386 99 28 jängelse

190 420 41 28 för
253 421 74 21 brottet
342 421 111 27 stadgadt;
470 422 34 21 mä
520 422 48 27 den,
586 428 45 14 som
646 422 96 21 tilltalad
760 424 32 25 är,
809 428 78 20 genom
902 428 43 16 om-

197 457 106 21 budsman
327 463 71 21 svara,
418 464 50 15 men
484 464 52 15 vare
552 457 57 22 ändä
625 457 81 28 pligtig
722 459 32 20 att
770 457 54 28 sjelf
837 457 34 22 för
887 460 58 20 rätta

197 493 92 27 komma,
305 499 35 15 om
356 492 102 23 domaren
475 493 38 21 det
528 492 92 22 fordrar.

269 528 24 27 (2
308 529 15 26 $
339 528 72 29 utesl).

503 606 41 16 16
562 605 75 24 kap.

548 661 14 19 4
578 659 18 29 &.

269 708 46 21 Gör
331 708 71 27 nägon
419 714 72 14 annan
506 708 142 26 invändning,
665 709 27 19 än
708 714 29 14 nu
753 707 65 27 sagdt
833 710 31 25 är,
876 708 71 22 ehvad

199 743 37 22 det
259 746 26 19 är
305 746 58 19 emot
385 743 110 27 domaren,
519 743 55 23 eller
598 746 57 19 emot
678 743 159 27 vederpartens
860 750 86 20 person,

199 779 55 22 eller
269 780 34 20 att
317 780 44 23 han
378 779 19 27 ej
413 779 41 22 vill
469 779 69 22 inläta
554 779 35 27 sig
604 779 7 21 i
627 779 85 22 tvisten
727 779 49 22 med
792 780 83 26 honom,
893 779 55 21 eller

199 816 32 20 att
246 814 52 23 flere
314 814 66 22 hafva
395 814 7 22 i
419 814 69 22 saken
505 814 41 26 del,
564 815 55 22 eller
635 816 57 20 emot
707 814 94 28 vittnen,
810 815 56 21 eller
877 815 70 22 ehvad

199 849 65 28 eljest
286 850 114 27 invändes,
425 850 104 26 antingen
545 850 66 27 förut,
628 850 55 21 eller
699 850 68 22 sedan
782 850 44 21 han
840 850 84 27 begynt
939 850 8 21 i

199 885 68 22 saken
283 892 76 19 svara;
375 884 60 28 gifve
451 885 103 22 domaren
570 886 39 21 sitt
624 886 74 26 utslag
714 885 103 23 deröfver
833 885 112 28 särskildt,

199 927 33 15 om
256 921 67 21 mälet
347 920 37 22 det
406 920 97 23 fordrar:
528 922 39 20 och
591 921 104 27 antingen
717 921 37 22 det
769 922 8 20 i
792 921 154 22 hufvudsaken

198 957 78 22 binder
297 957 56 21 eller
369 956 26 28 ej,
413 956 93 22 forttare
522 957 43 21 han
581 957 19 27 ej
617 956 51 22 dess
684 957 84 21 mindre
784 959 79 25 genast
878 957 69 27 derpä

198 992 50 22 med
263 992 161 27 hufvudsaken,
441 992 57 21 ändä
513 994 33 19 att
561 992 127 27 nägondera
703 994 79 25 parten
793 992 39 22 sitt
843 992 104 28 missnöje

199 1027 112 22 förklarar
325 1027 58 22 inom
399 1027 42 21 den
457 1027 38 28 tid,
513 1033 45 16 som
574 1027 7 21 i
599 1029 8 18 1
626 1027 41 21 och
682 1029 13 19 2
712 1027 28 28 $$
756 1027 93 27 stadgad
865 1029 30 19 är.
918 1027 27 28 Ej

199 1063 35 21 mä
249 1063 166 22 öfverdomaren
431 1063 81 22 besvär
528 1062 62 23 öfver
605 1062 32 22 fel
652 1063 7 20 i
674 1063 148 27 rättegängen
830 1064 116 27 emottaga,

198 1098 67 21 innan
281 1098 174 22 underdomaren
471 1098 7 21 i
493 1098 154 22 hufvudsaken
663 1098 65 21 dömt.
760 1097 70 22 Söker
840 1098 49 28 den,
901 1105 45 15 som

198 1136 83 25 tappat,
305 1133 70 27 högre
396 1135 47 20 rätt
463 1133 8 22 i
486 1133 162 27 hufvudsaken;
665 1134 78 21 stände
759 1134 79 21 honom
854 1133 27 22 dä
897 1134 50 21 fritt

199 1169 48 22 sina
261 1169 82 22 besvär
358 1169 8 21 i
382 1169 26 22 de
423 1169 48 28 fall,
488 1175 46 16 som
550 1169 68 27 sagda
633 1171 45 26 äro,
695 1169 73 22 tillika
783 1169 112 22 framföra.

549 1230 11 20 5
578 1228 18 28 &

269 1275 50 21 Alla
335 1275 162 27 invändningar
513 1275 62 21 skola
591 1275 6 21 i
613 1275 159 27 rättegängens
789 1275 76 27 början
881 1275 28 26 pä
920 1281 27 15 en

198 1310 59 28 gäng
281 1310 89 28 företes,
394 1310 40 22 der
454 1310 27 22 de
497 1310 82 22 sädana
594 1312 45 26 äro,
656 1312 32 20 att
704 1310 38 22 det
758 1310 40 22 ske
814 1310 49 22 kan.
894 1310 53 22 Fin-

197 1352 40 16 nes
260 1346 72 27 någon
355 1346 68 22 hafva
446 1346 88 22 dermed
554 1346 124 27 innehållit,
695 1348 33 19 att
744 1346 80 21 sakens
840 1346 44 21 slut
899 1346 47 21 hin-

199 1382 46 27 dra;
269 1382 51 21 böte
344 1382 67 28 tjugu,
437 1381 87 29 fyratio,
549 1383 70 22 sextio
645 1383 69 25 mark,
736 1382 55 23 eller
806 1389 66 22 mera,
889 1382 57 22 efter

198 1424 45 16 som
267 1418 69 22 saken
360 1420 25 20 är
408 1419 39 21 till.
479 1418 121 28 Angående
623 1418 136 28 invändning
774 1425 34 16 om
823 1419 50 27 laga
889 1419 57 22 dom-

269 1466 137 23 Lagutskottets
419 1466 115 19 betänkande
546 1467 38 18 N:o
596 1467 18 18 5.
