1045 1706
434 132 39 21 N:o
489 133 20 21 6.
795 133 23 20 11

99 200 40 21 den
154 200 52 22 eller
222 200 48 22 dess
286 200 128 22 ordförande
429 201 73 21 derom
518 201 97 21 anhäller
629 201 52 21 eller
691 200 158 27 omständighe-

97 236 63 20 terna
174 234 8 21 i
198 234 65 27 öfrigt
278 234 35 21 det
323 234 92 27 päkalla,
427 235 6 21 i
444 234 72 27 hvarje
526 234 102 22 händelse
638 234 65 22 minst
713 234 47 27 fyra
770 235 80 26 gänger

99 274 34 15 om
156 268 47 21 äret
225 268 40 22 och
287 268 58 21 helst
366 268 28 27 pä
413 268 93 27 följande
521 269 65 21 tider:
603 274 26 16 en
645 268 7 20 i
667 268 89 21 Januari
771 268 78 21 mänad

97 302 34 21 för
146 302 132 27 granskning
292 302 24 22 af
329 302 139 28 debiterings-
484 303 38 21 och
538 302 180 28 uppbördslängd;
735 308 25 16 en
770 302 7 21 i
787 302 62 26 April

97 336 76 22 månad
196 336 34 22 för
252 336 97 22 fattande
371 336 24 22 af
411 337 71 21 beslut
497 337 7 21 i
518 337 115 26 anledning
648 336 23 22 af
685 336 40 22 den
741 336 108 22 ärsberät-

97 371 54 21 telse
170 371 40 21 och
228 372 137 26 redovisning
379 372 34 20 för
428 371 129 27 föregäende
572 371 57 21 ärets
644 371 130 27 förvaltning
790 371 59 21 kom-

96 406 180 21 munalnämnden
299 406 99 27 afgifver;
421 412 25 15 en
467 406 5 21 i
493 405 123 28 September
631 405 77 21 månad
723 405 33 21 för
770 406 79 21 anstäl-

97 440 63 21 lande
183 439 24 22 af
227 440 34 21 val
283 440 34 21 till
338 440 27 21 de
386 440 148 28 befattningar
552 441 57 20 inom
624 440 135 27 kommunen,
775 439 72 22 hvilka

97 474 35 21 vid
155 475 57 20 ärets
236 475 43 20 slut
295 474 68 22 blifva
377 475 81 26 lediga;
473 475 39 21 och
527 481 26 15 en
569 475 7 20 i
591 474 118 21 December
724 473 76 22 mänad
816 473 33 22 för

97 508 130 26 granskning
242 508 23 21 af
279 508 39 21 den
333 509 7 20 i
355 509 27 20 83
398 509 12 26 $
425 509 92 21 nämnda
532 509 117 26 taxerings-
665 508 52 21 eller
731 507 117 27 röstlängd,

97 544 55 19 samt
174 541 34 22 för
225 542 159 21 bestämmande
402 542 24 21 af
440 543 138 21 kommunens
592 542 85 27 utgifts-
693 542 39 21 och
747 542 101 21 inkomst-

97 578 44 20 stat
156 577 66 20 under
238 576 36 21 det
289 577 127 21 kommande
432 577 51 22 äret.

447 647 27 20 20
489 647 18 27 8.

166 685 70 26 Äskar
258 691 126 26 tjensteman
404 691 52 21 eller
472 691 38 22 ock
526 691 82 22 enskild
623 697 77 21 person
716 691 131 20 kommunal-

97 726 103 20 stämmas
214 725 196 21 sammankallande
421 725 33 21 för
463 725 111 28 uppgifvet
584 725 85 27 ärende,
680 725 84 21 anmäle
775 725 72 21 derom

98 759 40 21 hos
158 759 149 28 ordföranden,
322 766 46 15 som
383 760 39 21 har
438 763 31 19 att
484 760 67 21 sädan
566 760 101 22 anhällan
683 760 81 27 pröfva.
795 760 54 21 Var-

97 793 38 22 der
150 794 69 21 denna
234 793 94 28 begäran
344 795 102 27 afslagen,
464 795 96 21 meddele
574 795 49 26 han,
639 801 34 14 om
689 795 24 20 sä
729 794 68 26 äskas,
810 794 39 21 sitt

97 828 70 22 beslut
188 828 120 27 skriftligen
332 829 47 21 med
395 829 73 21 skälen
485 829 71 22 dertill
572 829 38 21 och
625 828 56 27 gifve
697 828 69 22 tillika
781 829 67 20 sädan

97 861 111 28 anvisning
223 863 32 20 till
271 863 86 21 besvärs
372 863 122 26 anförande,
511 870 46 15 som
573 864 6 20 i
595 864 26 20 99
637 863 11 27 &
664 865 69 24 säges.

165 958 3 2 |
447 932 60 27 218.
753 949 5 5 ;

165 976 47 21 Kan
235 976 158 28 handläggning
415 976 24 22 af
460 978 78 21 ärende
560 978 13 20 &
595 977 214 21 kommunalstämma
829 976 19 27 ej

97 1010 28 27 pä
140 1012 69 20 utsatt
225 1011 41 27 dag
280 1011 33 21 till
328 1011 43 21 slut
385 1011 93 27 bringas,
493 1012 118 21 bestämme
622 1011 149 27 ordföranden,
781 1011 67 21 innan

97 1046 105 20 stämman
225 1046 105 26 upplöses,
353 1051 26 21 ny
403 1045 40 27 dag
465 1045 33 21 för
521 1046 48 21 dess
591 1045 148 21 fortsättande.
769 1045 78 21 Derom

98 1078 100 22 behöfver
214 1079 90 21 särskild
320 1080 128 26 kungörelse
464 1080 18 26 ej
499 1079 102 22 utfärdas.

446 1149 26 20 22
489 1148 18 28 8.

166 1192 149 22 Ordföranden
331 1193 81 27 äligger
427 1195 33 19 att
471 1194 104 21 ärendena
585 1194 34 20 vid
631 1194 219 21 kommunalstämma

97 1226 122 22 framställa
234 1228 39 21 och
288 1228 190 27 förhandlingarna
492 1228 56 27 leda,
564 1230 56 20 samt
635 1228 58 22 tillse
709 1230 32 20 att
752 1228 18 27 ej
781 1228 69 22 andra

97 1261 71 27 frägor
192 1262 123 27 föredragas
337 1264 26 20 än
386 1263 27 21 de
435 1263 7 21 i
464 1263 141 27 kungörelsen
626 1262 109 28 uppgifna.
765 1262 84 22 Väckes

98 1296 74 22 dervid
187 1304 28 20 ny
230 1297 68 27 fräga,
313 1297 35 22 mä
363 1298 40 21 den
419 1298 19 26 ej
454 1298 45 21 förr
514 1300 26 19 än
555 1298 54 22 efter
623 1298 129 26 föregängen
768 1298 81 26 kungö-

97 1331 55 21 relse
167 1331 35 21 vid
217 1338 70 14 annan
303 1334 92 18 stämma
410 1332 34 20 till
459 1332 157 27 handläggning
631 1334 114 24 företagas.

166 1364 147 22 Ordföranden
336 1365 54 21 vake
405 1365 40 21 ock
460 1365 59 21 öfver
535 1366 116 26 ordningen
667 1366 7 20 i
689 1368 104 18 stämman
809 1365 40 21 och

98 1404 37 22 ege
158 1400 34 20 att
214 1399 55 22 efter
288 1400 89 26 varning
391 1399 45 22 läta
453 1398 96 28 aflägsna
564 1399 47 27 den,
627 1405 45 16 som
687 1399 33 27 sig
735 1398 115 28 oskickligt

97 1433 109 22 förhäller.
236 1434 95 27 Uppstär
353 1434 112 27 oordning,
488 1440 45 16 som
556 1429 42 26 han
614 1434 19 27 ej
649 1434 82 27 afstyra
749 1434 48 27 kan,
813 1435 36 20 mä

98 1470 104 21 stämman
218 1469 106 28 upplösas.
