<?xml version="1.0" encoding="UTF-8"?>
<alto xmlns="http://www.loc.gov/standards/alto/ns-v3#" xmlns:xlink="http://www.w3.org/1999/xlink" xmlns:xsi="http://www.w3.org/2001/XMLSchema-instance" xsi:schemaLocation="http://www.loc.gov/standards/alto/ns-v3# http://www.loc.gov/alto/v3/alto-3-0.xsd">
	<Description>
		<MeasurementUnit>pixel</MeasurementUnit>
		<sourceImageInformation>
			<fileName>/tmp/tess_v_5xesen_input.PNG</fileName>
		</sourceImageInformation>
		<OCRProcessing ID="OCR_0">
			<ocrProcessingStep>
				<processingSoftware>
					<softwareName>tesseract 5.3.4</softwareName>
				</processingSoftware>
			</ocrProcessingStep>
		</OCRProcessing>
	</Description>
	<Layout>
		<Page WIDTH="1050" HEIGHT="1711" PHYSICAL_IMG_NR="0" ID="page_0">
			<PrintSpace HPOS="0" VPOS="0" WIDTH="1050" HEIGHT="1711">
				<ComposedBlock ID="cblock_0" HPOS="442" VPOS="124" WIDTH="385" HEIGHT="21">
					<TextBlock ID="block_0" HPOS="442" VPOS="124" WIDTH="385" HEIGHT="21">
						<TextLine ID="line_0" HPOS="442" VPOS="124" WIDTH="385" HEIGHT="21">
							<String ID="string_0" HPOS="442" VPOS="124" WIDTH="42" HEIGHT="21" WC="0.95" CONTENT="N:o"/><SP WIDTH="14" VPOS="124" HPOS="484"/>
							<String ID="string_1" HPOS="498" VPOS="124" WIDTH="21" HEIGHT="20" WC="0.96" CONTENT="2."/><SP WIDTH="295" VPOS="124" HPOS="519"/>
							<String ID="string_2" HPOS="814" VPOS="124" WIDTH="13" HEIGHT="20" WC="0.96" CONTENT="3"/>
						</TextLine>
					</TextBlock>
				</ComposedBlock>
				<ComposedBlock ID="cblock_1" HPOS="103" VPOS="191" WIDTH="755" HEIGHT="337">
					<TextBlock ID="block_1" HPOS="103" VPOS="191" WIDTH="755" HEIGHT="337">
						<TextLine ID="line_1" HPOS="104" VPOS="191" WIDTH="752" HEIGHT="27">
							<String ID="string_3" HPOS="104" VPOS="192" WIDTH="53" HEIGHT="22" WC="0.96" CONTENT="eller"/><SP WIDTH="13" VPOS="192" HPOS="157"/>
							<String ID="string_4" HPOS="170" VPOS="191" WIDTH="54" HEIGHT="27" WC="0.96" CONTENT="gods"/><SP WIDTH="14" VPOS="191" HPOS="224"/>
							<String ID="string_5" HPOS="238" VPOS="192" WIDTH="7" HEIGHT="21" WC="0.96" CONTENT="i"/><SP WIDTH="15" VPOS="192" HPOS="245"/>
							<String ID="string_6" HPOS="260" VPOS="192" WIDTH="73" HEIGHT="22" WC="0.96" CONTENT="landet"/><SP WIDTH="14" VPOS="192" HPOS="333"/>
							<String ID="string_7" HPOS="347" VPOS="198" WIDTH="56" HEIGHT="20" WC="0.95" CONTENT="eger."/><SP WIDTH="30" VPOS="198" HPOS="403"/>
							<String ID="string_8" HPOS="433" VPOS="192" WIDTH="74" HEIGHT="22" WC="0.96" CONTENT="Vistas"/><SP WIDTH="13" VPOS="192" HPOS="507"/>
							<String ID="string_9" HPOS="520" VPOS="191" WIDTH="55" HEIGHT="24" WC="0.96" CONTENT="finsk"/><SP WIDTH="14" VPOS="191" HPOS="575"/>
							<String ID="string_10" HPOS="589" VPOS="198" WIDTH="50" HEIGHT="15" WC="0.93" CONTENT="man"/><SP WIDTH="14" VPOS="198" HPOS="639"/>
							<String ID="string_11" HPOS="653" VPOS="191" WIDTH="14" HEIGHT="23" WC="0.92" CONTENT="å"/><SP WIDTH="14" VPOS="191" HPOS="667"/>
							<String ID="string_12" HPOS="681" VPOS="192" WIDTH="124" HEIGHT="26" WC="0.91" CONTENT="utrikesort,"/><SP WIDTH="15" VPOS="192" HPOS="805"/>
							<String ID="string_13" HPOS="820" VPOS="192" WIDTH="36" HEIGHT="21" WC="0.96" CONTENT="må"/>
						</TextLine>
						<TextLine ID="line_2" HPOS="103" VPOS="225" WIDTH="755" HEIGHT="23">
							<String ID="string_14" HPOS="103" VPOS="226" WIDTH="43" HEIGHT="21" WC="0.93" CONTENT="han"/><SP WIDTH="8" VPOS="226" HPOS="146"/>
							<String ID="string_15" HPOS="154" VPOS="226" WIDTH="48" HEIGHT="22" WC="0.91" CONTENT=".ock"/><SP WIDTH="14" VPOS="226" HPOS="202"/>
							<String ID="string_16" HPOS="216" VPOS="226" WIDTH="64" HEIGHT="21" WC="0.96" CONTENT="sökas"/><SP WIDTH="16" VPOS="226" HPOS="280"/>
							<String ID="string_17" HPOS="296" VPOS="226" WIDTH="38" HEIGHT="21" WC="0.96" CONTENT="der"/><SP WIDTH="10" VPOS="226" HPOS="334"/>
							<String ID="string_18" HPOS="344" VPOS="226" WIDTH="44" HEIGHT="21" WC="0.96" CONTENT="han"/><SP WIDTH="9" VPOS="226" HPOS="388"/>
							<String ID="string_19" HPOS="397" VPOS="226" WIDTH="58" HEIGHT="22" WC="0.96" CONTENT="inom"/><SP WIDTH="12" VPOS="226" HPOS="455"/>
							<String ID="string_20" HPOS="467" VPOS="225" WIDTH="204" HEIGHT="23" WC="0.95" CONTENT="Storfurstendömet"/><SP WIDTH="10" VPOS="225" HPOS="671"/>
							<String ID="string_21" HPOS="681" VPOS="225" WIDTH="92" HEIGHT="21" WC="0.95" CONTENT="Finland"/><SP WIDTH="11" VPOS="225" HPOS="773"/>
							<String ID="string_22" HPOS="784" VPOS="228" WIDTH="74" HEIGHT="18" WC="0.96" CONTENT="senast"/>
						</TextLine>
						<TextLine ID="line_3" HPOS="104" VPOS="258" WIDTH="752" HEIGHT="28">
							<String ID="string_23" HPOS="104" VPOS="265" WIDTH="38" HEIGHT="16" WC="0.96" CONTENT="var"/><SP WIDTH="15" VPOS="265" HPOS="142"/>
							<String ID="string_24" HPOS="157" VPOS="259" WIDTH="89" HEIGHT="22" WC="0.96" CONTENT="boende."/><SP WIDTH="30" VPOS="259" HPOS="246"/>
							<String ID="string_25" HPOS="276" VPOS="260" WIDTH="46" HEIGHT="21" WC="0.96" CONTENT="Har"/><SP WIDTH="21" VPOS="260" HPOS="322"/>
							<String ID="string_26" HPOS="343" VPOS="258" WIDTH="61" HEIGHT="24" WC="0.96" CONTENT="finsk."/><SP WIDTH="13" VPOS="258" HPOS="404"/>
							<String ID="string_27" HPOS="417" VPOS="266" WIDTH="56" HEIGHT="20" WC="0.96" CONTENT="man,"/><SP WIDTH="16" VPOS="266" HPOS="473"/>
							<String ID="string_28" HPOS="489" VPOS="266" WIDTH="46" HEIGHT="15" WC="0.96" CONTENT="som"/><SP WIDTH="14" VPOS="266" HPOS="535"/>
							<String ID="string_29" HPOS="549" VPOS="259" WIDTH="56" HEIGHT="22" WC="0.93" CONTENT="skall"/><SP WIDTH="15" VPOS="259" HPOS="605"/>
							<String ID="string_30" HPOS="620" VPOS="261" WIDTH="110" HEIGHT="25" WC="0.92" CONTENT="stämmas,"/><SP WIDTH="16" VPOS="261" HPOS="730"/>
							<String ID="string_31" HPOS="746" VPOS="259" WIDTH="38" HEIGHT="22" WC="0.93" CONTENT="sitt"/><SP WIDTH="15" VPOS="259" HPOS="784"/>
							<String ID="string_32" HPOS="799" VPOS="259" WIDTH="57" HEIGHT="21" WC="0.92" CONTENT="hem-"/>
						</TextLine>
						<TextLine ID="line_4" HPOS="103" VPOS="292" WIDTH="753" HEIGHT="29">
							<String ID="string_33" HPOS="103" VPOS="293" WIDTH="43" HEIGHT="22" WC="0.92" CONTENT="vist"/><SP WIDTH="21" VPOS="293" HPOS="146"/>
							<String ID="string_34" HPOS="167" VPOS="293" WIDTH="58" HEIGHT="21" WC="0.93" CONTENT="inom"/><SP WIDTH="22" VPOS="293" HPOS="225"/>
							<String ID="string_35" HPOS="247" VPOS="293" WIDTH="173" HEIGHT="28" WC="0.92" CONTENT="Kejsaredömet,"/><SP WIDTH="22" VPOS="293" HPOS="420"/>
							<String ID="string_36" HPOS="442" VPOS="293" WIDTH="36" HEIGHT="22" WC="0.96" CONTENT="mä"/><SP WIDTH="21" VPOS="293" HPOS="478"/>
							<String ID="string_37" HPOS="499" VPOS="294" WIDTH="49" HEIGHT="26" WC="0.93" CONTENT="han,"/><SP WIDTH="18" VPOS="294" HPOS="548"/>
							<String ID="string_38" HPOS="566" VPOS="293" WIDTH="72" HEIGHT="22" WC="0.92" CONTENT="derest"/><SP WIDTH="17" VPOS="293" HPOS="638"/>
							<String ID="string_39" HPOS="655" VPOS="293" WIDTH="43" HEIGHT="22" WC="0.93" CONTENT="han"/><SP WIDTH="15" VPOS="293" HPOS="698"/>
							<String ID="string_40" HPOS="713" VPOS="292" WIDTH="72" HEIGHT="22" WC="0.93" CONTENT="dertill"/><SP WIDTH="16" VPOS="292" HPOS="785"/>
							<String ID="string_41" HPOS="801" VPOS="299" WIDTH="55" HEIGHT="15" WC="0.92" CONTENT="sam-"/>
						</TextLine>
						<TextLine ID="line_5" HPOS="103" VPOS="327" WIDTH="754" HEIGHT="28">
							<String ID="string_42" HPOS="103" VPOS="327" WIDTH="80" HEIGHT="28" WC="0.93" CONTENT="tycker,"/><SP WIDTH="15" VPOS="327" HPOS="183"/>
							<String ID="string_43" HPOS="198" VPOS="327" WIDTH="64" HEIGHT="22" WC="0.92" CONTENT="sökas"/><SP WIDTH="15" VPOS="327" HPOS="262"/>
							<String ID="string_44" HPOS="277" VPOS="327" WIDTH="35" HEIGHT="22" WC="0.93" CONTENT="vid"/><SP WIDTH="16" VPOS="327" HPOS="312"/>
							<String ID="string_45" HPOS="328" VPOS="327" WIDTH="87" HEIGHT="28" WC="0.93" CONTENT="behörig"/><SP WIDTH="14" VPOS="327" HPOS="415"/>
							<String ID="string_46" HPOS="429" VPOS="327" WIDTH="92" HEIGHT="22" WC="0.96" CONTENT="domstol"/><SP WIDTH="10" VPOS="327" HPOS="521"/>
							<String ID="string_47" HPOS="531" VPOS="328" WIDTH="8" HEIGHT="21" WC="0.93" CONTENT="i"/><SP WIDTH="10" VPOS="328" HPOS="539"/>
							<String ID="string_48" HPOS="549" VPOS="327" WIDTH="216" HEIGHT="26" WC="0.92" CONTENT="Storfurstendömet;"/><SP WIDTH="16" VPOS="327" HPOS="765"/>
							<String ID="string_49" HPOS="781" VPOS="327" WIDTH="76" HEIGHT="22" WC="0.92" CONTENT="sädant"/>
						</TextLine>
						<TextLine ID="line_6" HPOS="103" VPOS="361" WIDTH="754" HEIGHT="28">
							<String ID="string_50" HPOS="103" VPOS="361" WIDTH="54" HEIGHT="22" WC="0.91" CONTENT="aftal"/><SP WIDTH="15" VPOS="361" HPOS="157"/>
							<String ID="string_51" HPOS="172" VPOS="362" WIDTH="91" HEIGHT="21" WC="0.93" CONTENT="emellan"/><SP WIDTH="16" VPOS="362" HPOS="263"/>
							<String ID="string_52" HPOS="279" VPOS="364" WIDTH="103" HEIGHT="25" WC="0.96" CONTENT="parterna"/><SP WIDTH="14" VPOS="364" HPOS="382"/>
							<String ID="string_53" HPOS="396" VPOS="362" WIDTH="57" HEIGHT="22" WC="0.93" CONTENT="skall"/><SP WIDTH="16" VPOS="362" HPOS="453"/>
							<String ID="string_54" HPOS="469" VPOS="362" WIDTH="121" HEIGHT="27" WC="0.92" CONTENT="skriftligen"/><SP WIDTH="14" VPOS="362" HPOS="590"/>
							<String ID="string_55" HPOS="604" VPOS="364" WIDTH="118" HEIGHT="25" WC="0.92" CONTENT="uppsättas,"/><SP WIDTH="16" VPOS="364" HPOS="722"/>
							<String ID="string_56" HPOS="738" VPOS="361" WIDTH="48" HEIGHT="22" WC="0.93" CONTENT="med"/><SP WIDTH="16" VPOS="361" HPOS="786"/>
							<String ID="string_57" HPOS="802" VPOS="368" WIDTH="55" HEIGHT="21" WC="0.92" CONTENT="noga"/>
						</TextLine>
						<TextLine ID="line_7" HPOS="103" VPOS="395" WIDTH="753" HEIGHT="29">
							<String ID="string_58" HPOS="103" VPOS="396" WIDTH="125" HEIGHT="22" WC="0.96" CONTENT="utsättande"/><SP WIDTH="23" VPOS="396" HPOS="228"/>
							<String ID="string_59" HPOS="251" VPOS="395" WIDTH="24" HEIGHT="22" WC="0.93" CONTENT="af"/><SP WIDTH="19" VPOS="395" HPOS="275"/>
							<String ID="string_60" HPOS="294" VPOS="396" WIDTH="77" HEIGHT="27" WC="0.96" CONTENT="sjelfva"/><SP WIDTH="18" VPOS="396" HPOS="371"/>
							<String ID="string_61" HPOS="389" VPOS="397" WIDTH="72" HEIGHT="27" WC="0.96" CONTENT="saken,"/><SP WIDTH="16" VPOS="397" HPOS="461"/>
							<String ID="string_62" HPOS="477" VPOS="397" WIDTH="39" HEIGHT="22" WC="0.92" CONTENT="och"/><SP WIDTH="15" VPOS="397" HPOS="516"/>
							<String ID="string_63" HPOS="531" VPOS="397" WIDTH="103" HEIGHT="21" WC="0.92" CONTENT="inlemnas"/><SP WIDTH="15" VPOS="397" HPOS="634"/>
							<String ID="string_64" HPOS="649" VPOS="397" WIDTH="33" HEIGHT="21" WC="0.93" CONTENT="till"/><SP WIDTH="15" VPOS="397" HPOS="682"/>
							<String ID="string_65" HPOS="697" VPOS="399" WIDTH="71" HEIGHT="19" WC="0.93" CONTENT="rätten"/><SP WIDTH="15" VPOS="399" HPOS="768"/>
							<String ID="string_66" HPOS="783" VPOS="397" WIDTH="73" HEIGHT="21" WC="0.93" CONTENT="samti-"/>
						</TextLine>
						<TextLine ID="line_8" HPOS="104" VPOS="429" WIDTH="752" HEIGHT="29">
							<String ID="string_67" HPOS="104" VPOS="430" WIDTH="46" HEIGHT="27" WC="0.93" CONTENT="digt"/><SP WIDTH="22" VPOS="430" HPOS="150"/>
							<String ID="string_68" HPOS="172" VPOS="429" WIDTH="49" HEIGHT="22" WC="0.92" CONTENT="med"/><SP WIDTH="21" VPOS="429" HPOS="221"/>
							<String ID="string_69" HPOS="242" VPOS="431" WIDTH="221" HEIGHT="27" WC="0.89" CONTENT="stämningsansökan."/><SP WIDTH="30" VPOS="431" HPOS="463"/>
							<String ID="string_70" HPOS="493" VPOS="431" WIDTH="34" HEIGHT="22" WC="0.96" CONTENT="Nu"/><SP WIDTH="22" VPOS="431" HPOS="527"/>
							<String ID="string_71" HPOS="549" VPOS="431" WIDTH="37" HEIGHT="21" WC="0.96" CONTENT="vill"/><SP WIDTH="16" VPOS="431" HPOS="586"/>
							<String ID="string_72" HPOS="602" VPOS="431" WIDTH="40" HEIGHT="21" WC="0.93" CONTENT="den"/><SP WIDTH="15" VPOS="431" HPOS="642"/>
							<String ID="string_73" HPOS="657" VPOS="431" WIDTH="84" HEIGHT="22" WC="0.92" CONTENT="stämde"/><SP WIDTH="15" VPOS="431" HPOS="741"/>
							<String ID="string_74" HPOS="756" VPOS="431" WIDTH="53" HEIGHT="21" WC="0.92" CONTENT="kära"/><SP WIDTH="14" VPOS="431" HPOS="809"/>
							<String ID="string_75" HPOS="823" VPOS="431" WIDTH="33" HEIGHT="21" WC="0.95" CONTENT="till"/>
						</TextLine>
						<TextLine ID="line_9" HPOS="103" VPOS="465" WIDTH="753" HEIGHT="28">
							<String ID="string_76" HPOS="103" VPOS="465" WIDTH="79" HEIGHT="22" WC="0.95" CONTENT="honom"/><SP WIDTH="22" VPOS="465" HPOS="182"/>
							<String ID="string_77" HPOS="204" VPOS="465" WIDTH="56" HEIGHT="28" WC="0.95" CONTENT="igen,"/><SP WIDTH="22" VPOS="465" HPOS="260"/>
							<String ID="string_78" HPOS="282" VPOS="471" WIDTH="46" HEIGHT="16" WC="0.93" CONTENT="som"/><SP WIDTH="23" VPOS="471" HPOS="328"/>
							<String ID="string_79" HPOS="351" VPOS="468" WIDTH="92" HEIGHT="20" WC="0.96" CONTENT="stämma"/><SP WIDTH="22" VPOS="468" HPOS="443"/>
							<String ID="string_80" HPOS="465" VPOS="465" WIDTH="57" HEIGHT="27" WC="0.96" CONTENT="låtit;"/><SP WIDTH="22" VPOS="465" HPOS="522"/>
							<String ID="string_81" HPOS="544" VPOS="472" WIDTH="51" HEIGHT="15" WC="0.96" CONTENT="vare"/><SP WIDTH="15" VPOS="472" HPOS="595"/>
							<String ID="string_82" HPOS="610" VPOS="466" WIDTH="41" HEIGHT="21" WC="0.93" CONTENT="han"/><SP WIDTH="15" VPOS="466" HPOS="651"/>
							<String ID="string_83" HPOS="666" VPOS="467" WIDTH="40" HEIGHT="21" WC="0.96" CONTENT="ock"/><SP WIDTH="15" VPOS="467" HPOS="706"/>
							<String ID="string_84" HPOS="721" VPOS="465" WIDTH="85" HEIGHT="28" WC="0.96" CONTENT="skyldig"/><SP WIDTH="14" VPOS="465" HPOS="806"/>
							<String ID="string_85" HPOS="820" VPOS="467" WIDTH="36" HEIGHT="20" WC="0.96" CONTENT="vid"/>
						</TextLine>
						<TextLine ID="line_10" HPOS="104" VPOS="500" WIDTH="752" HEIGHT="28">
							<String ID="string_86" HPOS="104" VPOS="505" WIDTH="80" HEIGHT="16" WC="0.96" CONTENT="samma"/><SP WIDTH="15" VPOS="505" HPOS="184"/>
							<String ID="string_87" HPOS="199" VPOS="501" WIDTH="43" HEIGHT="20" WC="0.93" CONTENT="rätt"/><SP WIDTH="10" VPOS="501" HPOS="242"/>
							<String ID="string_88" HPOS="252" VPOS="506" WIDTH="69" HEIGHT="20" WC="0.93" CONTENT="svara,"/><SP WIDTH="11" VPOS="506" HPOS="321"/>
							<String ID="string_89" HPOS="332" VPOS="500" WIDTH="39" HEIGHT="21" WC="0.93" CONTENT="der"/><SP WIDTH="10" VPOS="500" HPOS="371"/>
							<String ID="string_90" HPOS="381" VPOS="500" WIDTH="70" HEIGHT="23" WC="0.92" CONTENT="mälen"/><SP WIDTH="11" VPOS="500" HPOS="451"/>
							<String ID="string_91" HPOS="462" VPOS="501" WIDTH="49" HEIGHT="21" WC="0.93" CONTENT="med"/><SP WIDTH="9" VPOS="501" HPOS="511"/>
							<String ID="string_92" HPOS="520" VPOS="501" WIDTH="120" HEIGHT="21" WC="0.92" CONTENT="hvarandra"/><SP WIDTH="9" VPOS="501" HPOS="640"/>
							<String ID="string_93" HPOS="649" VPOS="501" WIDTH="129" HEIGHT="27" WC="0.92" CONTENT="gemenskap"/><SP WIDTH="8" VPOS="501" HPOS="778"/>
							<String ID="string_94" HPOS="786" VPOS="500" WIDTH="70" HEIGHT="22" WC="0.91" CONTENT="hafva."/>
						</TextLine>
					</TextBlock>
				</ComposedBlock>
				<ComposedBlock ID="cblock_2" HPOS="101" VPOS="563" WIDTH="757" HEIGHT="618">
					<TextBlock ID="block_2" HPOS="451" VPOS="563" WIDTH="60" HEIGHT="28">
						<TextLine ID="line_11" HPOS="451" VPOS="563" WIDTH="60" HEIGHT="28">
							<String ID="string_95" HPOS="451" VPOS="565" WIDTH="24" HEIGHT="20" WC="0.87" CONTENT="11"/><SP WIDTH="18" VPOS="565" HPOS="475"/>
							<String ID="string_96" HPOS="493" VPOS="563" WIDTH="18" HEIGHT="28" WC="0.87" CONTENT="&amp;."/>
						</TextLine>
					</TextBlock>
					<TextBlock ID="block_3" HPOS="102" VPOS="603" WIDTH="756" HEIGHT="235">
						<TextLine ID="line_12" HPOS="171" VPOS="603" WIDTH="685" HEIGHT="31">
							<String ID="string_97" HPOS="171" VPOS="604" WIDTH="83" HEIGHT="30" WC="0.93" CONTENT="Förena"/><SP WIDTH="22" VPOS="604" HPOS="254"/>
							<String ID="string_98" HPOS="276" VPOS="603" WIDTH="33" HEIGHT="28" WC="0.92" CONTENT="sig"/><SP WIDTH="21" VPOS="603" HPOS="309"/>
							<String ID="string_99" HPOS="330" VPOS="606" WIDTH="100" HEIGHT="25" WC="0.92" CONTENT="parterne"/><SP WIDTH="15" VPOS="606" HPOS="430"/>
							<String ID="string_100" HPOS="445" VPOS="604" WIDTH="7" HEIGHT="22" WC="0.91" CONTENT="i"/><SP WIDTH="15" VPOS="604" HPOS="452"/>
							<String ID="string_101" HPOS="467" VPOS="604" WIDTH="115" HEIGHT="27" WC="0.91" CONTENT="tvistemäl,"/><SP WIDTH="22" VPOS="604" HPOS="582"/>
							<String ID="string_102" HPOS="604" VPOS="610" WIDTH="45" HEIGHT="16" WC="0.95" CONTENT="som"/><SP WIDTH="23" VPOS="610" HPOS="649"/>
							<String ID="string_103" HPOS="672" VPOS="604" WIDTH="41" HEIGHT="22" WC="0.95" CONTENT="hör"/><SP WIDTH="14" VPOS="604" HPOS="713"/>
							<String ID="string_104" HPOS="727" VPOS="604" WIDTH="34" HEIGHT="22" WC="0.93" CONTENT="till"/><SP WIDTH="15" VPOS="604" HPOS="761"/>
							<String ID="string_105" HPOS="776" VPOS="604" WIDTH="80" HEIGHT="22" WC="0.92" CONTENT="alimän"/>
						</TextLine>
						<TextLine ID="line_13" HPOS="103" VPOS="638" WIDTH="753" HEIGHT="28">
							<String ID="string_106" HPOS="103" VPOS="638" WIDTH="119" HEIGHT="26" WC="0.91" CONTENT="underrätt,"/><SP WIDTH="15" VPOS="638" HPOS="222"/>
							<String ID="string_107" HPOS="237" VPOS="645" WIDTH="35" HEIGHT="15" WC="0.96" CONTENT="om"/><SP WIDTH="15" VPOS="645" HPOS="272"/>
							<String ID="string_108" HPOS="287" VPOS="644" WIDTH="70" HEIGHT="16" WC="0.93" CONTENT="annan"/><SP WIDTH="15" VPOS="644" HPOS="357"/>
							<String ID="string_109" HPOS="372" VPOS="639" WIDTH="66" HEIGHT="21" WC="0.93" CONTENT="sädan"/><SP WIDTH="16" VPOS="639" HPOS="438"/>
							<String ID="string_110" HPOS="454" VPOS="639" WIDTH="93" HEIGHT="22" WC="0.82" CONTENT="domstol"/><SP WIDTH="14" VPOS="639" HPOS="547"/>
							<String ID="string_111" HPOS="561" VPOS="640" WIDTH="28" HEIGHT="20" WC="0.96" CONTENT="än"/><SP WIDTH="14" VPOS="640" HPOS="589"/>
							<String ID="string_112" HPOS="603" VPOS="646" WIDTH="29" HEIGHT="14" WC="0.96" CONTENT="nu"/><SP WIDTH="14" VPOS="646" HPOS="632"/>
							<String ID="string_113" HPOS="646" VPOS="640" WIDTH="25" HEIGHT="20" WC="0.93" CONTENT="är"/><SP WIDTH="14" VPOS="640" HPOS="671"/>
							<String ID="string_114" HPOS="685" VPOS="639" WIDTH="60" HEIGHT="27" WC="0.92" CONTENT="sagd,"/><SP WIDTH="11" VPOS="639" HPOS="745"/>
							<String ID="string_115" HPOS="756" VPOS="645" WIDTH="49" HEIGHT="15" WC="0.93" CONTENT="vare"/><SP WIDTH="11" VPOS="645" HPOS="805"/>
							<String ID="string_116" HPOS="816" VPOS="639" WIDTH="40" HEIGHT="21" WC="0.97" CONTENT="den"/>
						</TextLine>
						<TextLine ID="line_14" HPOS="103" VPOS="672" WIDTH="754" HEIGHT="29">
							<String ID="string_117" HPOS="103" VPOS="672" WIDTH="89" HEIGHT="27" WC="0.96" CONTENT="behörig"/><SP WIDTH="15" VPOS="672" HPOS="192"/>
							<String ID="string_118" HPOS="207" VPOS="674" WIDTH="33" HEIGHT="20" WC="0.93" CONTENT="att"/><SP WIDTH="14" VPOS="674" HPOS="240"/>
							<String ID="string_119" HPOS="254" VPOS="672" WIDTH="123" HEIGHT="28" WC="0.96" CONTENT="handlägga"/><SP WIDTH="14" VPOS="672" HPOS="377"/>
							<String ID="string_120" HPOS="391" VPOS="673" WIDTH="72" HEIGHT="28" WC="0.96" CONTENT="saken,"/><SP WIDTH="20" VPOS="673" HPOS="463"/>
							<String ID="string_121" HPOS="483" VPOS="674" WIDTH="38" HEIGHT="20" WC="0.93" CONTENT="der"/><SP WIDTH="15" VPOS="674" HPOS="521"/>
							<String ID="string_122" HPOS="536" VPOS="673" WIDTH="66" HEIGHT="22" WC="0.96" CONTENT="målet"/><SP WIDTH="15" VPOS="673" HPOS="602"/>
							<String ID="string_123" HPOS="617" VPOS="674" WIDTH="20" HEIGHT="26" WC="0.96" CONTENT="ej"/><SP WIDTH="16" VPOS="674" HPOS="637"/>
							<String ID="string_124" HPOS="653" VPOS="675" WIDTH="68" HEIGHT="25" WC="0.96" CONTENT="angår"/><SP WIDTH="14" VPOS="675" HPOS="721"/>
							<String ID="string_125" HPOS="735" VPOS="673" WIDTH="43" HEIGHT="21" WC="0.93" CONTENT="fast"/><SP WIDTH="15" VPOS="673" HPOS="778"/>
							<String ID="string_126" HPOS="793" VPOS="679" WIDTH="64" HEIGHT="21" WC="0.90" CONTENT="egen-"/>
						</TextLine>
						<TextLine ID="line_15" HPOS="103" VPOS="706" WIDTH="753" HEIGHT="28">
							<String ID="string_127" HPOS="103" VPOS="706" WIDTH="49" HEIGHT="26" WC="0.96" CONTENT="dom"/><SP WIDTH="16" VPOS="706" HPOS="152"/>
							<String ID="string_128" HPOS="168" VPOS="706" WIDTH="52" HEIGHT="22" WC="0.96" CONTENT="eller"/><SP WIDTH="14" VPOS="706" HPOS="220"/>
							<String ID="string_129" HPOS="234" VPOS="707" WIDTH="72" HEIGHT="22" WC="0.96" CONTENT="bättre"/><SP WIDTH="14" VPOS="707" HPOS="306"/>
							<String ID="string_130" HPOS="320" VPOS="709" WIDTH="45" HEIGHT="20" WC="0.96" CONTENT="rätt"/><SP WIDTH="14" VPOS="709" HPOS="365"/>
							<String ID="string_131" HPOS="379" VPOS="707" WIDTH="34" HEIGHT="23" WC="0.93" CONTENT="till"/><SP WIDTH="14" VPOS="707" HPOS="413"/>
							<String ID="string_132" HPOS="427" VPOS="710" WIDTH="79" HEIGHT="20" WC="0.91" CONTENT="utmätt"/><SP WIDTH="14" VPOS="710" HPOS="506"/>
							<String ID="string_133" HPOS="520" VPOS="708" WIDTH="33" HEIGHT="22" WC="0.96" CONTENT="lös"/><SP WIDTH="16" VPOS="708" HPOS="553"/>
							<String ID="string_134" HPOS="569" VPOS="708" WIDTH="110" HEIGHT="26" WC="0.96" CONTENT="egendom,"/><SP WIDTH="12" VPOS="708" HPOS="679"/>
							<String ID="string_135" HPOS="691" VPOS="708" WIDTH="53" HEIGHT="21" WC="0.93" CONTENT="eller"/><SP WIDTH="9" VPOS="708" HPOS="744"/>
							<String ID="string_136" HPOS="753" VPOS="708" WIDTH="41" HEIGHT="21" WC="0.93" CONTENT="ock"/><SP WIDTH="10" VPOS="708" HPOS="794"/>
							<String ID="string_137" HPOS="804" VPOS="708" WIDTH="52" HEIGHT="21" WC="0.93" CONTENT="kon-"/>
						</TextLine>
						<TextLine ID="line_16" HPOS="102" VPOS="740" WIDTH="754" HEIGHT="30">
							<String ID="string_138" HPOS="102" VPOS="741" WIDTH="52" HEIGHT="21" WC="0.96" CONTENT="kurs"/><SP WIDTH="16" VPOS="741" HPOS="154"/>
							<String ID="string_139" HPOS="170" VPOS="740" WIDTH="52" HEIGHT="23" WC="0.93" CONTENT="eller"/><SP WIDTH="14" VPOS="740" HPOS="222"/>
							<String ID="string_140" HPOS="236" VPOS="741" WIDTH="113" HEIGHT="22" WC="0.92" CONTENT="boskilnad"/><SP WIDTH="15" VPOS="741" HPOS="349"/>
							<String ID="string_141" HPOS="364" VPOS="742" WIDTH="53" HEIGHT="21" WC="0.96" CONTENT="eller"/><SP WIDTH="10" VPOS="742" HPOS="417"/>
							<String ID="string_142" HPOS="427" VPOS="742" WIDTH="26" HEIGHT="21" WC="0.93" CONTENT="de"/><SP WIDTH="11" VPOS="742" HPOS="453"/>
							<String ID="string_143" HPOS="464" VPOS="742" WIDTH="48" HEIGHT="26" WC="0.96" CONTENT="mål,"/><SP WIDTH="11" VPOS="742" HPOS="512"/>
							<String ID="string_144" HPOS="523" VPOS="748" WIDTH="46" HEIGHT="16" WC="0.96" CONTENT="som"/><SP WIDTH="11" VPOS="748" HPOS="569"/>
							<String ID="string_145" HPOS="580" VPOS="742" WIDTH="7" HEIGHT="21" WC="0.96" CONTENT="i"/><SP WIDTH="11" VPOS="742" HPOS="587"/>
							<String ID="string_146" HPOS="598" VPOS="743" WIDTH="20" HEIGHT="25" WC="0.95" CONTENT="2,"/><SP WIDTH="10" VPOS="743" HPOS="618"/>
							<String ID="string_147" HPOS="628" VPOS="743" WIDTH="13" HEIGHT="20" WC="0.95" CONTENT="3"/><SP WIDTH="11" VPOS="743" HPOS="641"/>
							<String ID="string_148" HPOS="652" VPOS="742" WIDTH="39" HEIGHT="21" WC="0.96" CONTENT="och"/><SP WIDTH="11" VPOS="742" HPOS="691"/>
							<String ID="string_149" HPOS="702" VPOS="743" WIDTH="13" HEIGHT="20" WC="0.96" CONTENT="4"/><SP WIDTH="10" VPOS="743" HPOS="715"/>
							<String ID="string_150" HPOS="725" VPOS="742" WIDTH="25" HEIGHT="28" WC="0.91" CONTENT="$$"/><SP WIDTH="12" VPOS="742" HPOS="750"/>
							<String ID="string_151" HPOS="762" VPOS="742" WIDTH="94" HEIGHT="21" WC="0.95" CONTENT="nämnda"/>
						</TextLine>
						<TextLine ID="line_17" HPOS="102" VPOS="775" WIDTH="756" HEIGHT="29">
							<String ID="string_152" HPOS="102" VPOS="777" WIDTH="46" HEIGHT="19" WC="0.92" CONTENT="äro."/><SP WIDTH="28" VPOS="777" HPOS="148"/>
							<String ID="string_153" HPOS="176" VPOS="775" WIDTH="26" HEIGHT="27" WC="0.93" CONTENT="Ej"/><SP WIDTH="16" VPOS="775" HPOS="202"/>
							<String ID="string_154" HPOS="218" VPOS="775" WIDTH="66" HEIGHT="22" WC="0.96" CONTENT="heller"/><SP WIDTH="15" VPOS="775" HPOS="284"/>
							<String ID="string_155" HPOS="299" VPOS="775" WIDTH="35" HEIGHT="22" WC="0.93" CONTENT="mä"/><SP WIDTH="14" VPOS="775" HPOS="334"/>
							<String ID="string_156" HPOS="348" VPOS="777" WIDTH="57" HEIGHT="25" WC="0.91" CONTENT="tvist,"/><SP WIDTH="15" VPOS="777" HPOS="405"/>
							<String ID="string_157" HPOS="420" VPOS="782" WIDTH="46" HEIGHT="15" WC="0.96" CONTENT="som"/><SP WIDTH="14" VPOS="782" HPOS="466"/>
							<String ID="string_158" HPOS="480" VPOS="776" WIDTH="67" HEIGHT="28" WC="0.96" CONTENT="enligt"/><SP WIDTH="14" VPOS="776" HPOS="547"/>
							<String ID="string_159" HPOS="561" VPOS="776" WIDTH="105" HEIGHT="22" WC="0.93" CONTENT="särskilda"/><SP WIDTH="9" VPOS="776" HPOS="666"/>
							<String ID="string_160" HPOS="675" VPOS="776" WIDTH="133" HEIGHT="28" WC="0.93" CONTENT="stadganden"/><SP WIDTH="9" VPOS="776" HPOS="808"/>
							<String ID="string_161" HPOS="817" VPOS="776" WIDTH="41" HEIGHT="23" WC="0.96" CONTENT="bör"/>
						</TextLine>
						<TextLine ID="line_18" HPOS="102" VPOS="809" WIDTH="647" HEIGHT="29">
							<String ID="string_162" HPOS="102" VPOS="809" WIDTH="117" HEIGHT="22" WC="0.92" CONTENT="behandlas"/><SP WIDTH="14" VPOS="809" HPOS="219"/>
							<String ID="string_163" HPOS="233" VPOS="809" WIDTH="36" HEIGHT="22" WC="0.93" CONTENT="vid"/><SP WIDTH="14" VPOS="809" HPOS="269"/>
							<String ID="string_164" HPOS="283" VPOS="809" WIDTH="163" HEIGHT="29" WC="0.92" CONTENT="rädstufvurätt,"/><SP WIDTH="16" VPOS="809" HPOS="446"/>
							<String ID="string_165" HPOS="462" VPOS="811" WIDTH="23" HEIGHT="21" WC="0.93" CONTENT="af"/><SP WIDTH="13" VPOS="811" HPOS="485"/>
							<String ID="string_166" HPOS="498" VPOS="811" WIDTH="122" HEIGHT="21" WC="0.92" CONTENT="häradsrätt"/><SP WIDTH="15" VPOS="811" HPOS="620"/>
							<String ID="string_167" HPOS="635" VPOS="812" WIDTH="114" HEIGHT="26" WC="0.92" CONTENT="upptagas."/>
						</TextLine>
					</TextBlock>
					<TextBlock ID="block_4" HPOS="102" VPOS="844" WIDTH="756" HEIGHT="234">
						<TextLine ID="line_19" HPOS="170" VPOS="844" WIDTH="686" HEIGHT="29">
							<String ID="string_168" HPOS="170" VPOS="844" WIDTH="59" HEIGHT="22" WC="0.93" CONTENT="Aftal"/><SP WIDTH="15" VPOS="844" HPOS="229"/>
							<String ID="string_169" HPOS="244" VPOS="850" WIDTH="34" HEIGHT="16" WC="0.93" CONTENT="om"/><SP WIDTH="15" VPOS="850" HPOS="278"/>
							<String ID="string_170" HPOS="293" VPOS="845" WIDTH="49" HEIGHT="27" WC="0.96" CONTENT="laga"/><SP WIDTH="15" VPOS="845" HPOS="342"/>
							<String ID="string_171" HPOS="357" VPOS="845" WIDTH="93" HEIGHT="21" WC="0.96" CONTENT="domstol"/><SP WIDTH="15" VPOS="845" HPOS="450"/>
							<String ID="string_172" HPOS="465" VPOS="845" WIDTH="7" HEIGHT="21" WC="0.93" CONTENT="i"/><SP WIDTH="16" VPOS="845" HPOS="472"/>
							<String ID="string_173" HPOS="488" VPOS="845" WIDTH="106" HEIGHT="22" WC="0.96" CONTENT="tvistemål"/><SP WIDTH="11" VPOS="845" HPOS="594"/>
							<String ID="string_174" HPOS="605" VPOS="846" WIDTH="57" HEIGHT="21" WC="0.93" CONTENT="skall"/><SP WIDTH="10" VPOS="846" HPOS="662"/>
							<String ID="string_175" HPOS="672" VPOS="845" WIDTH="120" HEIGHT="27" WC="0.93" CONTENT="skriftligen"/><SP WIDTH="10" VPOS="845" HPOS="792"/>
							<String ID="string_176" HPOS="802" VPOS="851" WIDTH="54" HEIGHT="22" WC="0.93" CONTENT="upp-"/>
						</TextLine>
						<TextLine ID="line_20" HPOS="102" VPOS="878" WIDTH="753" HEIGHT="29">
							<String ID="string_177" HPOS="102" VPOS="880" WIDTH="69" HEIGHT="26" WC="0.92" CONTENT="rättas"/><SP WIDTH="14" VPOS="880" HPOS="171"/>
							<String ID="string_178" HPOS="185" VPOS="878" WIDTH="45" HEIGHT="26" WC="0.89" CONTENT="och"/><SP WIDTH="11" VPOS="878" HPOS="230"/>
							<String ID="string_179" HPOS="241" VPOS="878" WIDTH="119" HEIGHT="23" WC="0.91" CONTENT="domstolen"/><SP WIDTH="18" VPOS="878" HPOS="360"/>
							<String ID="string_180" HPOS="378" VPOS="881" WIDTH="57" HEIGHT="20" WC="0.93" CONTENT="samt"/><SP WIDTH="15" VPOS="881" HPOS="435"/>
							<String ID="string_181" HPOS="450" VPOS="879" WIDTH="75" HEIGHT="27" WC="0.87" CONTENT="sjelfva"/><SP WIDTH="14" VPOS="879" HPOS="525"/>
							<String ID="string_182" HPOS="539" VPOS="880" WIDTH="66" HEIGHT="22" WC="0.93" CONTENT="saken"/><SP WIDTH="17" VPOS="880" HPOS="605"/>
							<String ID="string_183" HPOS="622" VPOS="880" WIDTH="45" HEIGHT="22" WC="0.90" CONTENT="deri"/><SP WIDTH="14" VPOS="880" HPOS="667"/>
							<String ID="string_184" HPOS="681" VPOS="886" WIDTH="59" HEIGHT="21" WC="0.93" CONTENT="noga"/><SP WIDTH="14" VPOS="886" HPOS="740"/>
							<String ID="string_185" HPOS="754" VPOS="881" WIDTH="101" HEIGHT="21" WC="0.92" CONTENT="utsättas."/>
						</TextLine>
						<TextLine ID="line_21" HPOS="102" VPOS="908" WIDTH="756" HEIGHT="33">
							<String ID="string_186" HPOS="102" VPOS="908" WIDTH="31" HEIGHT="27" WC="0.93" CONTENT="Är"/><SP WIDTH="14" VPOS="908" HPOS="133"/>
							<String ID="string_187" HPOS="147" VPOS="913" WIDTH="49" HEIGHT="26" WC="0.91" CONTENT="mål,"/><SP WIDTH="16" VPOS="913" HPOS="196"/>
							<String ID="string_188" HPOS="212" VPOS="913" WIDTH="88" HEIGHT="22" WC="0.92" CONTENT="hvarom"/><SP WIDTH="16" VPOS="913" HPOS="300"/>
							<String ID="string_189" HPOS="316" VPOS="913" WIDTH="78" HEIGHT="22" WC="0.93" CONTENT="sådant"/><SP WIDTH="14" VPOS="913" HPOS="394"/>
							<String ID="string_190" HPOS="408" VPOS="913" WIDTH="53" HEIGHT="23" WC="0.92" CONTENT="aftal"/><SP WIDTH="16" VPOS="913" HPOS="461"/>
							<String ID="string_191" HPOS="477" VPOS="914" WIDTH="33" HEIGHT="22" WC="0.96" CONTENT="får"/><SP WIDTH="14" VPOS="914" HPOS="510"/>
							<String ID="string_192" HPOS="524" VPOS="914" WIDTH="23" HEIGHT="22" WC="0.93" CONTENT="af"/><SP WIDTH="14" VPOS="914" HPOS="547"/>
							<String ID="string_193" HPOS="561" VPOS="916" WIDTH="98" HEIGHT="25" WC="0.93" CONTENT="parterne"/><SP WIDTH="14" VPOS="916" HPOS="659"/>
							<String ID="string_194" HPOS="673" VPOS="914" WIDTH="68" HEIGHT="27" WC="0.91" CONTENT="ingås,"/><SP WIDTH="11" VPOS="914" HPOS="741"/>
							<String ID="string_195" HPOS="752" VPOS="914" WIDTH="106" HEIGHT="22" WC="0.79" CONTENT="instämät"/>
						</TextLine>
						<TextLine ID="line_22" HPOS="102" VPOS="948" WIDTH="754" HEIGHT="27">
							<String ID="string_196" HPOS="102" VPOS="948" WIDTH="33" HEIGHT="22" WC="0.96" CONTENT="till"/><SP WIDTH="22" VPOS="948" HPOS="135"/>
							<String ID="string_197" HPOS="157" VPOS="954" WIDTH="69" HEIGHT="16" WC="0.93" CONTENT="annan"/><SP WIDTH="22" VPOS="954" HPOS="226"/>
							<String ID="string_198" HPOS="248" VPOS="948" WIDTH="111" HEIGHT="22" WC="0.92" CONTENT="underrätt"/><SP WIDTH="21" VPOS="948" HPOS="359"/>
							<String ID="string_199" HPOS="380" VPOS="950" WIDTH="27" HEIGHT="20" WC="0.96" CONTENT="än"/><SP WIDTH="22" VPOS="950" HPOS="407"/>
							<String ID="string_200" HPOS="429" VPOS="948" WIDTH="36" HEIGHT="27" WC="0.95" CONTENT="lag"/><SP WIDTH="18" VPOS="948" HPOS="465"/>
							<String ID="string_201" HPOS="483" VPOS="949" WIDTH="8" HEIGHT="21" WC="0.89" CONTENT="i"/><SP WIDTH="14" VPOS="949" HPOS="491"/>
							<String ID="string_202" HPOS="505" VPOS="948" WIDTH="116" HEIGHT="22" WC="0.89" CONTENT="allmänhet"/><SP WIDTH="16" VPOS="948" HPOS="621"/>
							<String ID="string_203" HPOS="637" VPOS="948" WIDTH="93" HEIGHT="27" WC="0.93" CONTENT="stadgar,"/><SP WIDTH="16" VPOS="948" HPOS="730"/>
							<String ID="string_204" HPOS="746" VPOS="954" WIDTH="51" HEIGHT="16" WC="0.92" CONTENT="vare"/><SP WIDTH="15" VPOS="954" HPOS="797"/>
							<String ID="string_205" HPOS="812" VPOS="949" WIDTH="44" HEIGHT="25" WC="0.97" CONTENT="det,"/>
						</TextLine>
						<TextLine ID="line_23" HPOS="102" VPOS="982" WIDTH="754" HEIGHT="28">
							<String ID="string_206" HPOS="102" VPOS="982" WIDTH="83" HEIGHT="22" WC="0.93" CONTENT="ändock"/><SP WIDTH="15" VPOS="982" HPOS="185"/>
							<String ID="string_207" HPOS="200" VPOS="984" WIDTH="34" HEIGHT="20" WC="0.93" CONTENT="att"/><SP WIDTH="14" VPOS="984" HPOS="234"/>
							<String ID="string_208" HPOS="248" VPOS="982" WIDTH="54" HEIGHT="22" WC="0.92" CONTENT="aftal"/><SP WIDTH="15" VPOS="982" HPOS="302"/>
							<String ID="string_209" HPOS="317" VPOS="982" WIDTH="19" HEIGHT="28" WC="0.93" CONTENT="ej"/><SP WIDTH="16" VPOS="982" HPOS="336"/>
							<String ID="string_210" HPOS="352" VPOS="982" WIDTH="63" HEIGHT="28" WC="0.96" CONTENT="skett,"/><SP WIDTH="16" VPOS="982" HPOS="415"/>
							<String ID="string_211" HPOS="431" VPOS="982" WIDTH="37" HEIGHT="22" WC="0.93" CONTENT="der"/><SP WIDTH="15" VPOS="982" HPOS="468"/>
							<String ID="string_212" HPOS="483" VPOS="982" WIDTH="123" HEIGHT="28" WC="0.92" CONTENT="handlagdt,"/><SP WIDTH="11" VPOS="982" HPOS="606"/>
							<String ID="string_213" HPOS="617" VPOS="988" WIDTH="34" HEIGHT="16" WC="0.92" CONTENT="om"/><SP WIDTH="11" VPOS="988" HPOS="651"/>
							<String ID="string_214" HPOS="662" VPOS="982" WIDTH="47" HEIGHT="22" WC="0.88" CONTENT="icke"/><SP WIDTH="11" VPOS="982" HPOS="709"/>
							<String ID="string_215" HPOS="720" VPOS="982" WIDTH="41" HEIGHT="22" WC="0.93" CONTENT="den"/><SP WIDTH="10" VPOS="982" HPOS="761"/>
							<String ID="string_216" HPOS="771" VPOS="983" WIDTH="85" HEIGHT="21" WC="0.92" CONTENT="stämde"/>
						</TextLine>
						<TextLine ID="line_24" HPOS="102" VPOS="1016" WIDTH="754" HEIGHT="28">
							<String ID="string_217" HPOS="102" VPOS="1018" WIDTH="35" HEIGHT="20" WC="0.96" CONTENT="vid"/><SP WIDTH="22" VPOS="1018" HPOS="137"/>
							<String ID="string_218" HPOS="159" VPOS="1017" WIDTH="70" HEIGHT="21" WC="0.93" CONTENT="första"/><SP WIDTH="21" VPOS="1017" HPOS="229"/>
							<String ID="string_219" HPOS="250" VPOS="1016" WIDTH="216" HEIGHT="28" WC="0.91" CONTENT="rättegängstillfället"/><SP WIDTH="23" VPOS="1016" HPOS="466"/>
							<String ID="string_220" HPOS="489" VPOS="1017" WIDTH="38" HEIGHT="22" WC="0.93" CONTENT="och"/><SP WIDTH="22" VPOS="1017" HPOS="527"/>
							<String ID="string_221" HPOS="549" VPOS="1017" WIDTH="66" HEIGHT="22" WC="0.91" CONTENT="innan"/><SP WIDTH="18" VPOS="1017" HPOS="615"/>
							<String ID="string_222" HPOS="633" VPOS="1017" WIDTH="43" HEIGHT="22" WC="0.93" CONTENT="han"/><SP WIDTH="15" VPOS="1017" HPOS="676"/>
							<String ID="string_223" HPOS="691" VPOS="1017" WIDTH="81" HEIGHT="27" WC="0.93" CONTENT="begynt"/><SP WIDTH="14" VPOS="1017" HPOS="772"/>
							<String ID="string_224" HPOS="786" VPOS="1016" WIDTH="8" HEIGHT="22" WC="0.93" CONTENT="i"/><SP WIDTH="15" VPOS="1016" HPOS="794"/>
							<String ID="string_225" HPOS="809" VPOS="1016" WIDTH="47" HEIGHT="22" WC="0.89" CONTENT="huf-"/>
						</TextLine>
						<TextLine ID="line_25" HPOS="102" VPOS="1050" WIDTH="753" HEIGHT="28">
							<String ID="string_226" HPOS="102" VPOS="1052" WIDTH="108" HEIGHT="21" WC="0.91" CONTENT="vudsaken"/><SP WIDTH="16" VPOS="1052" HPOS="210"/>
							<String ID="string_227" HPOS="226" VPOS="1057" WIDTH="68" HEIGHT="20" WC="0.92" CONTENT="svara,"/><SP WIDTH="15" VPOS="1057" HPOS="294"/>
							<String ID="string_228" HPOS="309" VPOS="1052" WIDTH="101" HEIGHT="21" WC="0.91" CONTENT="invänder"/><SP WIDTH="15" VPOS="1052" HPOS="410"/>
							<String ID="string_229" HPOS="425" VPOS="1053" WIDTH="33" HEIGHT="20" WC="0.96" CONTENT="att"/><SP WIDTH="14" VPOS="1053" HPOS="458"/>
							<String ID="string_230" HPOS="472" VPOS="1052" WIDTH="66" HEIGHT="21" WC="0.93" CONTENT="saken"/><SP WIDTH="15" VPOS="1052" HPOS="538"/>
							<String ID="string_231" HPOS="553" VPOS="1051" WIDTH="19" HEIGHT="27" WC="0.92" CONTENT="ej"/><SP WIDTH="16" VPOS="1051" HPOS="572"/>
							<String ID="string_232" HPOS="588" VPOS="1052" WIDTH="32" HEIGHT="21" WC="0.96" CONTENT="till"/><SP WIDTH="11" VPOS="1052" HPOS="620"/>
							<String ID="string_233" HPOS="631" VPOS="1052" WIDTH="40" HEIGHT="21" WC="0.96" CONTENT="den"/><SP WIDTH="10" VPOS="1052" HPOS="671"/>
							<String ID="string_234" HPOS="681" VPOS="1051" WIDTH="94" HEIGHT="23" WC="0.93" CONTENT="domstol"/><SP WIDTH="9" VPOS="1051" HPOS="775"/>
							<String ID="string_235" HPOS="784" VPOS="1050" WIDTH="71" HEIGHT="23" WC="0.92" CONTENT="hörer."/>
						</TextLine>
					</TextBlock>
					<TextBlock ID="block_5" HPOS="101" VPOS="1085" WIDTH="755" HEIGHT="96">
						<TextLine ID="line_26" HPOS="170" VPOS="1085" WIDTH="685" HEIGHT="28">
							<String ID="string_236" HPOS="170" VPOS="1086" WIDTH="72" HEIGHT="22" WC="0.93" CONTENT="Sedan"/><SP WIDTH="19" VPOS="1086" HPOS="242"/>
							<String ID="string_237" HPOS="261" VPOS="1086" WIDTH="42" HEIGHT="21" WC="0.96" CONTENT="mål"/><SP WIDTH="18" VPOS="1086" HPOS="303"/>
							<String ID="string_238" HPOS="321" VPOS="1086" WIDTH="28" HEIGHT="27" WC="0.96" CONTENT="pä"/><SP WIDTH="16" VPOS="1086" HPOS="349"/>
							<String ID="string_239" HPOS="365" VPOS="1086" WIDTH="68" HEIGHT="26" WC="0.96" CONTENT="grund"/><SP WIDTH="15" VPOS="1086" HPOS="433"/>
							<String ID="string_240" HPOS="448" VPOS="1086" WIDTH="24" HEIGHT="21" WC="0.93" CONTENT="af"/><SP WIDTH="13" VPOS="1086" HPOS="472"/>
							<String ID="string_241" HPOS="485" VPOS="1086" WIDTH="59" HEIGHT="27" WC="0.87" CONTENT="aftal,"/><SP WIDTH="16" VPOS="1086" HPOS="544"/>
							<String ID="string_242" HPOS="560" VPOS="1086" WIDTH="89" HEIGHT="22" WC="0.91" CONTENT="hvarom"/><SP WIDTH="15" VPOS="1086" HPOS="649"/>
							<String ID="string_243" HPOS="664" VPOS="1086" WIDTH="7" HEIGHT="22" WC="0.96" CONTENT="i"/><SP WIDTH="16" VPOS="1086" HPOS="671"/>
							<String ID="string_244" HPOS="687" VPOS="1086" WIDTH="71" HEIGHT="22" WC="0.96" CONTENT="denna"/><SP WIDTH="14" VPOS="1086" HPOS="758"/>
							<String ID="string_245" HPOS="772" VPOS="1085" WIDTH="12" HEIGHT="28" WC="0.48" CONTENT="8"/><SP WIDTH="16" VPOS="1085" HPOS="784"/>
							<String ID="string_246" HPOS="800" VPOS="1087" WIDTH="55" HEIGHT="25" WC="0.96" CONTENT="sägs,"/>
						</TextLine>
						<TextLine ID="line_27" HPOS="102" VPOS="1120" WIDTH="754" HEIGHT="27">
							<String ID="string_247" HPOS="102" VPOS="1120" WIDTH="23" HEIGHT="22" WC="0.96" CONTENT="af"/><SP WIDTH="13" VPOS="1120" HPOS="125"/>
							<String ID="string_248" HPOS="138" VPOS="1121" WIDTH="42" HEIGHT="21" WC="0.95" CONTENT="viss"/><SP WIDTH="22" VPOS="1121" HPOS="180"/>
							<String ID="string_249" HPOS="202" VPOS="1120" WIDTH="92" HEIGHT="22" WC="0.93" CONTENT="domstol"/><SP WIDTH="21" VPOS="1120" HPOS="294"/>
							<String ID="string_250" HPOS="315" VPOS="1120" WIDTH="116" HEIGHT="27" WC="0.92" CONTENT="upptagits,"/><SP WIDTH="20" VPOS="1120" HPOS="431"/>
							<String ID="string_251" HPOS="451" VPOS="1120" WIDTH="35" HEIGHT="22" WC="0.96" CONTENT="mä"/><SP WIDTH="15" VPOS="1120" HPOS="486"/>
							<String ID="string_252" HPOS="501" VPOS="1126" WIDTH="69" HEIGHT="16" WC="0.93" CONTENT="annan"/><SP WIDTH="14" VPOS="1126" HPOS="570"/>
							<String ID="string_253" HPOS="584" VPOS="1120" WIDTH="99" HEIGHT="22" WC="0.92" CONTENT="häremot"/><SP WIDTH="14" VPOS="1120" HPOS="683"/>
							<String ID="string_254" HPOS="697" VPOS="1120" WIDTH="113" HEIGHT="22" WC="0.93" CONTENT="stridande"/><SP WIDTH="15" VPOS="1120" HPOS="810"/>
							<String ID="string_255" HPOS="825" VPOS="1120" WIDTH="31" HEIGHT="21" WC="0.92" CONTENT="öf-"/>
						</TextLine>
						<TextLine ID="line_28" HPOS="101" VPOS="1155" WIDTH="544" HEIGHT="26">
							<String ID="string_256" HPOS="101" VPOS="1155" WIDTH="192" HEIGHT="22" WC="0.93" CONTENT="verenskommelse"/><SP WIDTH="14" VPOS="1155" HPOS="293"/>
							<String ID="string_257" HPOS="307" VPOS="1155" WIDTH="48" HEIGHT="22" WC="0.90" CONTENT="icke"/><SP WIDTH="14" VPOS="1155" HPOS="355"/>
							<String ID="string_258" HPOS="369" VPOS="1155" WIDTH="66" HEIGHT="26" WC="0.92" CONTENT="gälla."/><SP WIDTH="202" VPOS="1155" HPOS="435"/>
							<String ID="string_259" HPOS="637" VPOS="1165" WIDTH="8" HEIGHT="6" WC="0.35" CONTENT="ja"/>
						</TextLine>
					</TextBlock>
				</ComposedBlock>
				<ComposedBlock ID="cblock_3" HPOS="101" VPOS="1218" WIDTH="755" HEIGHT="237">
					<TextBlock ID="block_6" HPOS="447" VPOS="1218" WIDTH="62" HEIGHT="27">
						<TextLine ID="line_29" HPOS="447" VPOS="1218" WIDTH="62" HEIGHT="27">
							<String ID="string_260" HPOS="447" VPOS="1219" WIDTH="26" HEIGHT="21" WC="0.93" CONTENT="21"/><SP WIDTH="18" VPOS="1219" HPOS="473"/>
							<String ID="string_261" HPOS="491" VPOS="1218" WIDTH="18" HEIGHT="27" WC="0.87" CONTENT="8."/>
						</TextLine>
					</TextBlock>
					<TextBlock ID="block_7" HPOS="101" VPOS="1257" WIDTH="755" HEIGHT="198">
						<TextLine ID="line_30" HPOS="169" VPOS="1257" WIDTH="687" HEIGHT="28">
							<String ID="string_262" HPOS="169" VPOS="1259" WIDTH="64" HEIGHT="21" WC="0.89" CONTENT="Brott"/><SP WIDTH="21" VPOS="1259" HPOS="233"/>
							<String ID="string_263" HPOS="254" VPOS="1258" WIDTH="40" HEIGHT="21" WC="0.88" CONTENT="och"/><SP WIDTH="22" VPOS="1258" HPOS="294"/>
							<String ID="string_264" HPOS="316" VPOS="1257" WIDTH="200" HEIGHT="28" WC="0.88" CONTENT="missgerningsmäl,"/><SP WIDTH="22" VPOS="1257" HPOS="516"/>
							<String ID="string_265" HPOS="538" VPOS="1257" WIDTH="87" HEIGHT="22" WC="0.91" CONTENT="svärare"/><SP WIDTH="19" VPOS="1257" HPOS="625"/>
							<String ID="string_266" HPOS="644" VPOS="1257" WIDTH="39" HEIGHT="22" WC="0.96" CONTENT="och"/><SP WIDTH="17" VPOS="1257" HPOS="683"/>
							<String ID="string_267" HPOS="700" VPOS="1257" WIDTH="91" HEIGHT="26" WC="0.93" CONTENT="mindre,"/><SP WIDTH="15" VPOS="1257" HPOS="791"/>
							<String ID="string_268" HPOS="806" VPOS="1263" WIDTH="50" HEIGHT="15" WC="0.93" CONTENT="ran-"/>
						</TextLine>
						<TextLine ID="line_31" HPOS="102" VPOS="1291" WIDTH="754" HEIGHT="28">
							<String ID="string_269" HPOS="102" VPOS="1293" WIDTH="62" HEIGHT="22" WC="0.91" CONTENT="sakas"/><SP WIDTH="24" VPOS="1293" HPOS="164"/>
							<String ID="string_270" HPOS="188" VPOS="1291" WIDTH="40" HEIGHT="23" WC="0.93" CONTENT="och"/><SP WIDTH="22" VPOS="1291" HPOS="228"/>
							<String ID="string_271" HPOS="250" VPOS="1292" WIDTH="73" HEIGHT="21" WC="0.91" CONTENT="dömas"/><SP WIDTH="23" VPOS="1292" HPOS="323"/>
							<String ID="string_272" HPOS="346" VPOS="1292" WIDTH="37" HEIGHT="21" WC="0.92" CONTENT="der"/><SP WIDTH="22" VPOS="1292" HPOS="383"/>
							<String ID="string_273" HPOS="405" VPOS="1291" WIDTH="116" HEIGHT="28" WC="0.92" CONTENT="gerningen"/><SP WIDTH="22" VPOS="1291" HPOS="521"/>
							<String ID="string_274" HPOS="543" VPOS="1291" WIDTH="62" HEIGHT="28" WC="0.92" CONTENT="gjord"/><SP WIDTH="18" VPOS="1291" HPOS="605"/>
							<String ID="string_275" HPOS="623" VPOS="1293" WIDTH="32" HEIGHT="25" WC="0.93" CONTENT="är,"/><SP WIDTH="14" VPOS="1293" HPOS="655"/>
							<String ID="string_276" HPOS="669" VPOS="1291" WIDTH="70" HEIGHT="22" WC="0.93" CONTENT="ehvad"/><SP WIDTH="14" VPOS="1291" HPOS="739"/>
							<String ID="string_277" HPOS="753" VPOS="1293" WIDTH="45" HEIGHT="20" WC="0.96" CONTENT="rätt"/><SP WIDTH="14" VPOS="1293" HPOS="798"/>
							<String ID="string_278" HPOS="812" VPOS="1291" WIDTH="44" HEIGHT="21" WC="0.96" CONTENT="han"/>
						</TextLine>
						<TextLine ID="line_32" HPOS="102" VPOS="1322" WIDTH="754" HEIGHT="32">
							<String ID="string_279" HPOS="102" VPOS="1327" WIDTH="61" HEIGHT="27" WC="0.93" CONTENT="eljest"/><SP WIDTH="21" VPOS="1327" HPOS="163"/>
							<String ID="string_280" HPOS="184" VPOS="1327" WIDTH="64" HEIGHT="21" WC="0.92" CONTENT="hörer"/><SP WIDTH="22" VPOS="1327" HPOS="248"/>
							<String ID="string_281" HPOS="270" VPOS="1326" WIDTH="40" HEIGHT="26" WC="0.96" CONTENT="till,"/><SP WIDTH="23" VPOS="1326" HPOS="310"/>
							<String ID="string_282" HPOS="333" VPOS="1333" WIDTH="46" HEIGHT="14" WC="0.93" CONTENT="som"/><SP WIDTH="22" VPOS="1333" HPOS="379"/>
							<String ID="string_283" HPOS="401" VPOS="1326" WIDTH="74" HEIGHT="22" WC="0.90" CONTENT="brutit."/><SP WIDTH="30" VPOS="1326" HPOS="475"/>
							<String ID="string_284" HPOS="505" VPOS="1322" WIDTH="30" HEIGHT="26" WC="0.92" CONTENT="Är"/><SP WIDTH="18" VPOS="1322" HPOS="535"/>
							<String ID="string_285" HPOS="553" VPOS="1326" WIDTH="37" HEIGHT="21" WC="0.93" CONTENT="det"/><SP WIDTH="15" VPOS="1326" HPOS="590"/>
							<String ID="string_286" HPOS="605" VPOS="1326" WIDTH="86" HEIGHT="27" WC="0.93" CONTENT="okändt,"/><SP WIDTH="15" VPOS="1326" HPOS="691"/>
							<String ID="string_287" HPOS="706" VPOS="1326" WIDTH="54" HEIGHT="21" WC="0.93" CONTENT="hvar"/><SP WIDTH="14" VPOS="1326" HPOS="760"/>
							<String ID="string_288" HPOS="774" VPOS="1325" WIDTH="82" HEIGHT="22" WC="0.96" CONTENT="brottet"/>
						</TextLine>
						<TextLine ID="line_33" HPOS="102" VPOS="1357" WIDTH="754" HEIGHT="29">
							<String ID="string_289" HPOS="102" VPOS="1360" WIDTH="128" HEIGHT="25" WC="0.92" CONTENT="föröfvades,"/><SP WIDTH="15" VPOS="1360" HPOS="230"/>
							<String ID="string_290" HPOS="245" VPOS="1359" WIDTH="35" HEIGHT="22" WC="0.93" CONTENT="mä"/><SP WIDTH="14" VPOS="1359" HPOS="280"/>
							<String ID="string_291" HPOS="294" VPOS="1359" WIDTH="98" HEIGHT="22" WC="0.65" CONTENT="deröiver"/><SP WIDTH="14" VPOS="1359" HPOS="392"/>
							<String ID="string_292" HPOS="406" VPOS="1359" WIDTH="75" HEIGHT="22" WC="0.93" CONTENT="dömas"/><SP WIDTH="15" VPOS="1359" HPOS="481"/>
							<String ID="string_293" HPOS="496" VPOS="1359" WIDTH="13" HEIGHT="21" WC="0.92" CONTENT="&amp;"/><SP WIDTH="14" VPOS="1359" HPOS="509"/>
							<String ID="string_294" HPOS="523" VPOS="1359" WIDTH="70" HEIGHT="27" WC="0.96" CONTENT="någon"/><SP WIDTH="15" VPOS="1359" HPOS="593"/>
							<String ID="string_295" HPOS="608" VPOS="1358" WIDTH="23" HEIGHT="22" WC="0.96" CONTENT="af"/><SP WIDTH="13" VPOS="1358" HPOS="631"/>
							<String ID="string_296" HPOS="644" VPOS="1359" WIDTH="27" HEIGHT="21" WC="0.93" CONTENT="de"/><SP WIDTH="16" VPOS="1359" HPOS="671"/>
							<String ID="string_297" HPOS="687" VPOS="1360" WIDTH="66" HEIGHT="24" WC="0.95" CONTENT="orter,"/><SP WIDTH="17" VPOS="1360" HPOS="753"/>
							<String ID="string_298" HPOS="770" VPOS="1358" WIDTH="38" HEIGHT="21" WC="0.96" CONTENT="der"/><SP WIDTH="11" VPOS="1358" HPOS="808"/>
							<String ID="string_299" HPOS="819" VPOS="1357" WIDTH="37" HEIGHT="22" WC="0.96" CONTENT="det"/>
						</TextLine>
						<TextLine ID="line_34" HPOS="101" VPOS="1390" WIDTH="754" HEIGHT="32">
							<String ID="string_300" HPOS="101" VPOS="1394" WIDTH="43" HEIGHT="22" WC="0.93" CONTENT="kan"/><SP WIDTH="14" VPOS="1394" HPOS="144"/>
							<String ID="string_301" HPOS="158" VPOS="1390" WIDTH="89" HEIGHT="32" WC="0.92" CONTENT="antagas"/><SP WIDTH="14" VPOS="1390" HPOS="247"/>
							<String ID="string_302" HPOS="261" VPOS="1393" WIDTH="64" HEIGHT="22" WC="0.92" CONTENT="hafva"/><SP WIDTH="15" VPOS="1393" HPOS="325"/>
							<String ID="string_303" HPOS="340" VPOS="1393" WIDTH="65" HEIGHT="21" WC="0.93" CONTENT="skett."/><SP WIDTH="28" VPOS="1393" HPOS="405"/>
							<String ID="string_304" HPOS="433" VPOS="1392" WIDTH="81" HEIGHT="24" WC="0.88" CONTENT="Haiver"/><SP WIDTH="14" VPOS="1392" HPOS="514"/>
							<String ID="string_305" HPOS="528" VPOS="1392" WIDTH="70" HEIGHT="28" WC="0.92" CONTENT="nägon"/><SP WIDTH="16" VPOS="1392" HPOS="598"/>
							<String ID="string_306" HPOS="614" VPOS="1392" WIDTH="13" HEIGHT="22" WC="0.92" CONTENT="&amp;"/><SP WIDTH="14" VPOS="1392" HPOS="627"/>
							<String ID="string_307" HPOS="641" VPOS="1392" WIDTH="52" HEIGHT="22" WC="0.92" CONTENT="flere"/><SP WIDTH="15" VPOS="1392" HPOS="693"/>
							<String ID="string_308" HPOS="708" VPOS="1392" WIDTH="77" HEIGHT="22" WC="0.92" CONTENT="ställen"/><SP WIDTH="12" VPOS="1392" HPOS="785"/>
							<String ID="string_309" HPOS="797" VPOS="1391" WIDTH="58" HEIGHT="29" WC="0.96" CONTENT="gjort"/>
						</TextLine>
						<TextLine ID="line_35" HPOS="101" VPOS="1426" WIDTH="755" HEIGHT="29">
							<String ID="string_310" HPOS="101" VPOS="1428" WIDTH="146" HEIGHT="27" WC="0.91" CONTENT="missgerning,"/><SP WIDTH="23" VPOS="1428" HPOS="247"/>
							<String ID="string_311" HPOS="270" VPOS="1427" WIDTH="91" HEIGHT="22" WC="0.92" CONTENT="ransake"/><SP WIDTH="22" VPOS="1427" HPOS="361"/>
							<String ID="string_312" HPOS="383" VPOS="1427" WIDTH="39" HEIGHT="22" WC="0.93" CONTENT="och"/><SP WIDTH="20" VPOS="1427" HPOS="422"/>
							<String ID="string_313" HPOS="442" VPOS="1426" WIDTH="73" HEIGHT="29" WC="0.92" CONTENT="pröfve"/><SP WIDTH="16" VPOS="1426" HPOS="515"/>
							<String ID="string_314" HPOS="531" VPOS="1427" WIDTH="101" HEIGHT="22" WC="0.93" CONTENT="domaren"/><SP WIDTH="15" VPOS="1427" HPOS="632"/>
							<String ID="string_315" HPOS="647" VPOS="1426" WIDTH="13" HEIGHT="22" WC="0.91" CONTENT="å"/><SP WIDTH="15" VPOS="1426" HPOS="660"/>
							<String ID="string_316" HPOS="675" VPOS="1426" WIDTH="72" HEIGHT="27" WC="0.96" CONTENT="hvarje"/><SP WIDTH="15" VPOS="1426" HPOS="747"/>
							<String ID="string_317" HPOS="762" VPOS="1428" WIDTH="44" HEIGHT="25" WC="0.96" CONTENT="ort,"/><SP WIDTH="15" VPOS="1428" HPOS="806"/>
							<String ID="string_318" HPOS="821" VPOS="1431" WIDTH="35" HEIGHT="16" WC="0.96" CONTENT="om"/>
						</TextLine>
					</TextBlock>
				</ComposedBlock>
			</PrintSpace>
		</Page>
	</Layout>
</alto>
