1048 1709
448 122 40 22 N:o
503 123 20 21 2.
805 122 26 20 15

109 192 94 21 beslutet
218 191 52 21 eller
284 191 149 21 underrättens
448 191 114 27 protokoll,
577 190 37 22 der
625 190 59 22 detta
693 189 56 23 varit
760 189 32 21 för
802 188 58 28 pröf-

110 226 51 26 ning
180 226 23 21 af
220 226 53 22 hans
292 226 58 21 talan
368 226 74 26 nödigt
460 225 39 22 och
518 225 19 27 ej
556 224 23 22 af
593 231 70 15 annan
677 226 50 25 part
741 224 124 21 inlemnats,

110 267 50 14 vare
175 260 58 21 talan
246 260 80 27 jemväl
342 259 28 22 då
384 259 112 22 försutten.

178 295 46 21 Har
242 296 50 25 part
309 293 117 22 underlåtit
444 296 32 19 att
492 293 67 28 jemte
577 293 70 26 inlaga
665 293 52 22 eller
736 292 126 21 bemötande

110 328 94 22 inlemna
226 328 85 21 afskrift
329 327 61 22 deraf
407 328 52 21 eller
478 327 22 22 af
518 327 116 27 åtföljande
653 327 64 26 bevis,
737 327 72 26 varde,
829 332 34 15 om

110 363 66 22 behof
194 362 23 22 af
234 362 139 22 afskrifterna
392 363 62 26 göres
472 362 40 21 och
529 364 49 25 part
597 361 19 27 ej
635 361 49 27 sjelf
697 361 62 22 deras
776 360 88 21 utskrif-

110 398 70 21 vande
195 397 13 22 å
223 397 109 22 hofrätten
342 397 120 27 ombesörja
473 397 43 27 vill,
527 397 82 21 sådana
619 402 76 21 genom
706 395 158 22 vederbörande

111 433 137 27 tjenstemans
268 431 82 28 försorg
368 432 28 27 på
415 431 40 22 den
470 431 134 27 försumliges
619 430 120 22 bekostnad
753 429 113 22 utskrifna.

465 500 46 28 78.

181 541 89 28 Styrker
289 542 49 26 part
354 541 12 21 ä
382 540 159 27 inställelsedag
559 540 52 21 eller
626 539 13 22 å
653 539 38 27 tid,
712 545 46 16 som
775 539 33 22 för
824 539 43 22 för-

113 575 95 28 klarings
224 575 124 28 ingifvande
363 575 52 22 eller
430 581 69 15 annan
515 574 121 23 föreskrifts
652 573 134 28 fullgörande
797 576 24 19 är
832 573 35 22 be-

112 611 78 26 stämd,
206 611 48 26 laga
269 610 79 26 förfall,
364 611 56 21 sätte
435 609 107 22 hofrätten
558 616 27 21 ny
600 609 32 22 tid
647 611 24 20 ut
685 609 34 22 för
732 609 134 27 fullgörande

113 645 24 22 af
150 645 57 22 hvad
222 647 75 25 parten
313 645 7 21 i
335 644 52 27 följd
402 644 23 22 af
438 644 95 22 förfallet
547 644 132 22 försummat.

466 708 48 27 88.

182 747 103 22 Anhåller
300 749 49 26 part
364 749 33 20 att
412 747 58 22 öfver
485 748 42 21 viss
543 747 156 27 omständighet
713 747 22 22 få
749 747 120 22 framställa

113 783 65 27 bevis,
198 783 39 21 och
253 782 87 28 pröfvar
358 782 108 22 hofrätten
482 784 32 20 att
529 782 46 22 skäl
591 782 70 22 dertill
677 784 43 25 äro,
737 782 52 22 eller
803 782 66 27 begär

114 818 42 21 han
180 819 32 20 att
234 818 38 20 der
291 817 67 21 varda
380 817 118 27 muntligen
520 817 62 26 hörd,
605 816 52 22 eller
675 816 67 22 finner
761 816 107 22 hofrätten

114 852 64 27 eljest
192 853 60 26 parts
267 851 94 22 hörande
376 851 81 27 nödigt,
473 850 108 29 förelägge
596 851 108 22 hofrätten
715 853 100 25 parterne
825 851 43 21 viss

115 887 41 27 dag
172 886 28 22 då
215 886 138 27 bevisningen
368 886 52 21 eller
435 886 95 22 förhöret
545 886 54 21 skall
615 892 39 21 ega
669 892 54 21 rum,
738 885 40 22 och
789 887 80 20 utsätte

114 921 77 28 tillika,
211 921 54 22 efter
284 921 76 22 sakens
377 921 154 27 beskaffenhet,
550 921 107 27 påföljden
677 921 33 21 för
725 922 49 26 part
789 921 22 21 af
826 920 43 22 för-

115 956 87 22 fallolös
217 958 87 20 utevaro
320 955 52 22 eller
386 955 153 22 försummelse.

185 991 79 21 Finner
285 990 109 21 hofrätten
417 990 151 21 vittnesförhör
591 990 50 21 eller
664 996 71 15 annan
759 989 110 27 bevisning

115 1025 72 21 kunna
207 1024 125 27 lämpligare
351 1023 94 28 försiggå
463 1024 56 21 inför
538 1024 41 21 den
599 1023 96 27 domstol,
716 1030 45 15 som
779 1023 8 22 i
803 1023 64 22 saken

116 1059 66 27 dömt,
202 1059 52 21 eller
269 1059 6 21 i
292 1059 26 21 de
337 1058 44 27 fall,
400 1064 45 15 som
464 1058 137 22 omförmälas
617 1057 6 22 i
639 1059 13 20 4
667 1058 12 27 &
697 1059 24 20 17
737 1058 50 27 kap.
803 1060 66 19 rätte-

115 1093 153 28 gängsbalken,
287 1093 55 22 inför
361 1099 70 15 annan
450 1093 117 28 underrätt,
587 1093 117 22 bestämme
723 1092 28 22 dä
770 1092 43 22 viss
831 1093 38 27 tid,

116 1129 59 21 inom
198 1128 86 21 hvilken
306 1129 75 26 parten
405 1128 39 21 bör
463 1128 33 21 till
515 1128 109 21 hofrätten
647 1127 92 22 inlemna
761 1127 109 28 protokoll

117 1163 59 22 öfver
192 1163 40 21 den
248 1162 121 27 åberopade
384 1162 141 28 bevisningen.
548 1163 136 21 Försummas
701 1162 68 21 denna
778 1161 31 22 tid
819 1163 50 20 utan

116 1197 50 27 laga
189 1197 77 27 förfall,
286 1197 74 27 afgöre
377 1196 108 22 hofrätten
504 1196 65 22 mälet
587 1196 28 28 pä
635 1196 26 22 de
681 1196 53 27 skäl,
752 1202 45 16 som
812 1196 58 21 förut

117 1231 112 22 företedda
244 1233 44 21 äro.

469 1290 46 27 98.

186 1329 152 21 Förekommer
352 1329 7 21 i
375 1329 109 26 brottmäl,
499 1335 45 15 som
560 1335 75 20 genom
651 1328 78 22 besvär
743 1328 34 21 till
790 1328 81 21 hofrät-

118 1365 36 20 ten
170 1363 118 27 inkommit,
304 1363 116 27 synnerligt
434 1363 47 21 skäl
496 1364 33 20 att
545 1362 58 22 öfver
618 1362 69 27 nägon
703 1362 24 20 af
735 1364 50 24 part
795 1361 75 21 anförd

118 1398 157 27 omständighet
293 1398 53 21 höra
365 1403 71 15 annan
455 1399 54 25 part,
527 1397 65 21 varde
610 1396 54 22 hans
681 1396 99 28 yttrande
795 1402 75 21 genom

118 1433 105 27 Kejsaren
238 1432 40 22 och
294 1432 143 22 Storfurstens
452 1431 235 29 befallningshafvande
703 1431 126 22 infordradt.
