1045 1711
218 135 26 20 36
527 134 40 21 N:o
583 135 20 19 6.

188 201 109 22 äfvensom
319 201 139 22 kommunens
480 201 147 27 värdepapper
646 201 39 21 och
704 201 105 20 kontanta
824 199 115 28 tillgångar

188 238 56 18 samt
267 235 98 22 deröfver
388 235 80 27 afgifva
482 234 121 27 berättelse,
619 241 45 15 som
680 235 56 21 inom
752 234 95 27 förelagd
862 234 32 21 tid
908 233 30 22 af-

188 270 82 21 lemnas
292 270 32 20 till
340 269 239 22 kommunalstämmans
595 269 134 21 ordförande.
758 269 72 21 Denne
846 268 93 22 tillkom-

188 310 52 21 mer,
256 306 33 20 att
303 304 54 21 efter
368 304 74 21 härom
453 303 101 22 utfärdad
564 304 126 26 kungörelse
700 303 58 21 hålla
768 303 172 27 räkenskaperna

189 338 39 22 och
249 338 231 22 revisionsberättelsen
497 338 65 21 under
576 338 79 27 fjorton
669 338 77 27 dagars
761 337 32 22 tid
808 337 132 28 tillgängliga

188 372 33 22 för
244 373 139 21 kommunens
405 372 145 28 medlemmar,
574 372 116 27 hvarjemte
712 372 43 22 han
770 378 49 21 eger
835 374 32 19 att
882 372 58 21 öfver

189 407 26 21 de
238 407 24 21 af
278 407 131 21 revisorerne
424 406 139 27 tilläfventyrs
578 407 73 27 gjorda
667 407 162 26 anmärkningar
844 407 96 21 infordra

189 441 158 22 vederbörande
362 441 140 26 redogörares
518 441 124 26 förklaring.

256 475 84 22 Jemväl
359 475 54 22 böra
429 475 131 22 revisorerne
576 476 64 21 minst
655 475 36 21 två
705 475 80 28 gånger
801 481 33 15 om
851 476 46 21 året
912 475 28 27 på

188 510 58 22 förut
260 510 47 22 icke
322 509 166 28 tillkännagifna
502 509 56 22 tider
573 510 116 21 verkställa
704 510 132 26 inventering
848 510 23 21 af
880 511 59 21 kom-

188 551 90 16 munens
299 545 100 27 samtliga
421 544 75 22 kassor
519 545 46 27 och,
581 545 7 21 i
602 545 101 21 händelse
721 544 71 22 dervid
808 544 132 23 missförhål-

188 579 78 22 landen
289 579 70 22 skulle
380 585 74 22 yppas,
470 579 72 22 derom
556 581 75 26 genast
647 579 38 21 hos
700 579 239 22 kommunalstämmans

189 614 127 22 ordförande
331 614 93 26 anmäla;
440 614 116 28 hvarjemte
572 614 131 22 revisorerne
719 614 61 22 skola
794 614 49 22 med
854 614 86 28 ledning

188 649 24 22 af
233 649 27 22 de
282 648 6 22 i
311 650 27 21 59
361 649 12 28 $
396 650 129 21 omnämnda
546 648 159 28 förteckningar
726 649 58 22 öfver
801 650 139 21 kommunens

187 690 158 22 gemensamma
367 685 103 27 egendom
486 685 7 21 i
508 685 42 21 löst
569 685 38 21 och
625 684 43 22 fast
683 684 12 22 å
710 685 88 27 lämplig
812 685 31 21 tid
859 684 81 28 årligen

188 720 110 21 inventera
314 720 40 21 den
370 719 47 22 lösa
432 720 129 26 egendomen
578 722 56 19 samt
649 720 65 21 minst
728 720 64 21 hvart
807 719 68 27 tredje
891 720 23 21 år
928 719 12 22 å

188 754 103 28 fastighet
313 754 92 22 anställa
427 754 120 28 besigtning
569 754 32 22 för
623 754 118 22 utrönande
759 754 23 21 af
799 754 141 27 egendomens

188 788 98 22 tillstånd
301 788 40 22 och
356 788 133 28 förvaltning.
515 789 73 27 Yppas
603 789 34 21 vid
653 788 62 22 dessa
725 789 154 27 förrättningar
890 796 50 14 van-

188 823 52 21 vård
263 823 52 21 eller
337 823 143 27 förskingring
502 824 52 20 eller
577 830 69 14 annan
668 822 134 28 felaktighet,
822 823 118 23 framställe

189 857 71 22 derom
276 857 8 22 i
299 857 234 22 revisionsberättelsen
548 858 147 26 anmärkning.

255 893 47 20 Den
317 892 8 21 i
340 892 60 27 April
416 892 77 21 månad
509 892 127 22 inträffande
651 892 229 22 kommunalstämman
895 893 42 21 till-

188 926 39 21 hör
250 929 33 19 att
305 926 88 26 besluta,
417 926 103 22 huruvida
542 926 141 27 anmärkning
705 926 35 22 må
756 926 85 22 förfalla
852 927 52 22 eller
918 927 24 22 af

188 961 92 21 särskild
303 961 143 27 kompromiss
468 961 86 27 pröfvas
578 961 38 21 och
639 961 92 27 afgöras.
761 961 11 22 I
794 961 58 22 förra
871 961 68 27 fallet,

189 995 52 22 eller
263 1001 33 16 om
319 995 139 28 anmärkning
480 995 18 27 ej
521 995 69 22 blifvit
613 995 67 28 gjord,
704 995 109 22 meddelar
833 998 106 19 stämman

188 1029 159 22 vederbörande
363 1030 151 21 ansvarsfrihet
529 1030 32 21 för
578 1030 48 21 dess
642 1029 135 28 förvaltning.

537 1094 26 20 96
580 1093 17 28 &.

256 1132 59 22 Skall
338 1133 142 27 kompromiss
503 1133 112 27 tillsättas,
635 1135 58 19 utser
712 1133 227 22 kommunalstämman

188 1173 26 15 en
237 1166 53 22 eller
311 1168 78 20 tvenne
411 1167 39 21 och
466 1168 40 21 den
521 1168 148 27 redogörande
684 1168 104 26 styrelsen
804 1168 44 22 lika
863 1170 77 25 många

188 1201 124 27 ledamöter,
329 1202 101 26 antingen
446 1202 63 22 bland
525 1202 138 22 kommunens
675 1209 56 21 egna
740 1202 138 22 medlemmar
889 1203 51 21 eller

188 1236 69 22 andra
278 1240 109 23 personer,
410 1242 46 16 som
480 1239 37 20 äro
537 1237 7 21 i
562 1237 126 26 åtnjutande
703 1236 24 22 af
740 1237 89 25 aktning
845 1238 39 20 och
900 1237 40 21 för-

187 1270 96 21 troende.
313 1269 155 27 Undandrager
484 1271 32 26 sig
530 1270 145 27 redogörande
691 1271 88 27 styrelse
794 1271 79 21 sådant
888 1271 52 26 ålig-

187 1304 75 27 gande,
286 1304 112 22 ankomme
421 1304 27 28 på
471 1305 169 21 domhafvanden
654 1305 8 21 i
677 1307 60 19 orten
752 1307 33 20 att
799 1305 28 28 på
842 1306 98 21 anmälan

188 1338 24 22 af
233 1340 116 20 stämmans
371 1339 127 22 ordförande
521 1341 48 20 utse
592 1340 25 21 de
640 1339 33 22 för
695 1340 180 27 kompromissens
891 1340 49 22 full-

188 1373 90 28 talighet
296 1373 139 28 erforderliga
450 1374 150 22 ledamöterne.
630 1374 32 22 De
677 1374 88 22 sålunda
779 1375 86 22 kallade
880 1376 60 22 kom-

188 1408 175 28 promissarierne
389 1409 60 22 skola
475 1410 93 21 derefter
590 1410 159 21 sammanträda
771 1410 39 21 och
833 1410 106 22 dessutom

187 1445 133 26 gemensamt
342 1443 59 28 eller,
425 1444 39 22 der
486 1444 26 21 de
531 1444 19 28 ej
570 1446 37 20 äro
623 1451 57 20 ense,
696 1444 55 23 efter
765 1445 60 22 flesta
841 1447 98 21 rösterna
