1039 1703
212 138 28 20 60

536 496 34 22 IL

252 569 60 21 Ense
335 568 50 22 med
407 568 116 22 Utskottet
546 568 74 21 därom
644 570 33 20 att
692 570 57 25 part,
766 574 46 16 som
827 569 101 27 päkallar

180 604 93 28 aflägset
295 604 84 22 boende
402 604 77 28 vittne,
496 603 66 23 äfven
577 604 41 21 bör
632 604 61 22 tillse
709 607 32 19 att
757 604 171 28 olägenheterna

181 640 25 22 af
221 640 183 27 vittnespliktens
427 640 144 27 uppfyllande
594 639 35 22 för
652 640 81 22 vittnet
756 640 7 22 i
783 641 72 27 nägon
878 642 49 20 män

180 676 83 22 lindras
286 676 125 27 därigenom
435 678 33 19 att
483 678 79 24 parten
578 676 105 26 antingen
698 676 58 21 läter
771 676 66 21 ställa
852 677 77 26 nödigt

180 711 240 28 fortskaffningsmedel
444 711 35 22 till
502 711 93 22 vittnets
611 710 130 28 förfogande
757 711 55 22 eller
827 712 41 21 ock
883 712 44 22 för-

181 747 85 28 skjuter
290 747 146 27 erforderliga
458 747 123 27 penningar
597 747 34 21 till
647 747 185 22 resekostnadens
849 748 78 21 bestri-

181 783 77 27 dande,
280 783 75 21 kunna
379 783 21 22 vi
423 783 55 21 dock
502 783 49 21 icke
574 783 49 21 dela
642 783 127 22 Uiskottets
785 783 142 28 uppfattning

180 819 75 21 därom
271 821 33 19 att
319 819 93 22 vittnets
428 819 139 27 berättigade
582 819 97 26 anspräk
695 819 7 20 i
719 825 29 15 nu
758 819 169 27 ifrägavarande

179 855 105 22 afseende
300 861 53 16 vore
368 855 160 26 tillgodosedda
544 861 77 21 genom
637 857 33 19 ett
685 854 178 23 förskotterande
874 855 52 22 alle-

180 893 50 19 nast
253 891 25 21 af
298 891 149 22 kostnaderna
470 891 34 21 för
526 897 66 16 resan
616 891 35 21 till
665 892 81 26 rätten,
763 897 49 16 men
828 891 49 22 icke
892 890 35 23 för

179 927 121 22 äterresan.
331 927 121 21 Enahanda
476 927 55 27 skäl,
552 933 45 16 som
620 927 89 27 betinga
725 929 33 20 ett
773 927 152 28 förskjutande

180 962 25 22 af
217 963 72 22 medel
312 963 35 22 för
370 963 93 22 vittnets
478 969 50 16 resa
544 963 35 21 till
595 965 86 19 rättens
697 963 167 28 sammanträde,
880 963 45 22 tala

179 999 111 26 nämligen
306 998 67 22 äfven
387 998 36 22 för
438 1001 34 19 att
482 999 81 22 vittnet
573 998 83 22 befrias
667 998 50 22 frän
732 999 192 27 nödvändigheten

179 1036 33 19 att
228 1034 54 27 själf
296 1034 90 27 utlägga
401 1034 149 22 kostnaderna
565 1033 36 22 för
616 1034 133 22 äterfärden.
778 1034 42 22 Det
829 1034 40 22 har
879 1034 45 22 vis-

179 1069 97 27 serligen
292 1069 113 21 anmärkts
422 1072 33 18 att
469 1070 8 20 i
492 1070 157 26 värkligheten
664 1069 120 27 vanligtvis
800 1070 76 27 tillgår
892 1070 33 21 sä-

179 1104 67 22 lunda
269 1107 32 19 att
324 1104 71 22 vittne
418 1104 90 22 förenar
531 1105 35 27 sig
588 1104 49 22 med
653 1111 71 15 annan
739 1105 186 27 tingsbesökande

179 1146 35 16 om
229 1146 125 21 gemensam
377 1140 79 27 skjuts.
473 1140 140 27 hvarigenom
629 1139 96 28 utgiften
740 1139 35 23 för
790 1146 66 16 resan
871 1141 53 21 min-

179 1176 52 21 skas
254 1176 35 21 till
312 1175 91 28 hälften,
428 1176 40 21 och
490 1177 33 20 att
546 1176 37 21 det
599 1176 7 21 i
622 1176 162 26 propositionen
800 1175 126 28 föreslagna

178 1211 120 22 förskottet
324 1211 56 22 altsä
402 1218 53 15 vore
478 1211 145 23 öfverhöfvan
639 1210 104 29 rundiigt.
774 1211 45 22 För
834 1212 41 22 vär
890 1212 35 22 del

178 1250 34 18 tro
229 1248 22 20 vi
267 1247 55 21 dock
346 1250 32 18 att
401 1248 148 26 nästantydda
574 1248 185 26 tillvägagäende,
775 1248 86 21 hvilket
876 1248 49 20 med

178 1282 71 21 fördel
273 1282 111 21 användes
408 1281 25 21 af
453 1282 112 27 menighet
587 1282 51 21 frän
661 1288 82 15 samma
765 1282 103 28 tingslag,
885 1283 40 21 där

178 1317 72 27 tinget
265 1317 79 28 hälles,
360 1319 83 25 ytterst
458 1318 71 21 sällan
545 1318 44 21 kan
605 1317 80 21 anlitas
701 1316 25 22 af
734 1319 58 20 utom
803 1318 121 27 tingslaget

177 1353 85 21 boende
284 1352 77 23 vittne.
393 1353 46 21 Och
463 1353 27 21 dä
506 1353 169 27 ifrägavarande
691 1353 129 28 skyldighet
835 1355 33 20 att
883 1354 42 21 för-

178 1389 74 27 skjuta
272 1389 122 22 resemedel
410 1389 99 22 inträder
524 1389 57 22 blott
597 1391 40 20 när
653 1389 81 22 vittnet
749 1389 40 22 bor
803 1390 29 27 pä
846 1390 79 27 längre

177 1424 89 22 afständ
282 1427 28 19 än
328 1427 27 19 50
372 1425 116 22 kilometer
503 1425 50 22 frän
568 1427 81 26 rätten,
659 1428 56 19 samt
731 1426 24 21 sä
766 1426 66 27 länga
842 1427 81 22 distan-
