1045 1709
226 138 28 21 20

543 203 28 21 49
587 203 19 26 8.

265 252 139 29 Ersättning
418 252 36 22 för
468 252 135 30 fullmäktig
617 252 126 22 fastställes
758 252 43 22 och
811 253 103 29 utgifves
924 253 26 22 af

198 287 44 22 den
256 287 118 27 kommun,
389 287 135 29 fullmäktig
538 287 134 22 företräder.

266 316 80 34 Öfriga
367 321 53 22 med
441 321 44 22 den
514 329 170 22 gemensamma
712 322 236 22 kommunalstämman

197 356 108 22 förenade
327 356 56 21 eller
405 356 67 21 deraf
491 356 133 23 föranledda
646 357 125 22 kostnader
790 357 113 22 bestridas
918 357 30 29 på

197 393 47 20 sätt
258 393 114 20 stämman
387 391 78 22 derom
480 391 103 23 beslutit.

541 455 28 23 50
584 456 20 26 8.

266 495 76 28 Äskar
365 501 122 22 Guvernör
508 501 9 21 i
539 501 84 22 ärende
642 501 119 21 utlåtande
776 501 26 21 af
814 508 133 21 gemensam

196 535 238 28 kommunalstämma,
456 535 109 22 förordne
586 535 76 22 tillika
684 542 37 15 om
744 537 66 20 orten
825 535 43 22 och
882 535 65 22 tiden

196 569 38 22 för
256 572 124 19 stämmans
403 570 108 21 hållande
526 569 43 22 och
584 569 104 22 meddele
703 570 39 21 det
756 570 168 21 kommunerna
938 569 9 22 i

197 604 25 21 så
236 604 47 29 god
296 604 41 28 tid,
354 606 34 20 att
408 604 154 29 fullmäktige,
578 605 75 21 såsom
668 605 8 21 i
692 604 64 22 detta
770 605 88 28 kapitel
873 607 73 26 säges,

196 639 72 22 hinna
283 639 78 22 dertill
376 640 70 21 utses.

543 703 26 22 51
585 704 20 26 8.

264 748 47 22 För
326 748 72 28 öfrigt
413 748 60 28 gälle
488 748 9 21 i
511 748 107 22 afseende
634 748 13 21 å
662 755 131 21 gemensam
804 748 142 22 kommunal-

196 785 98 19 stämma
315 783 35 21 uti
372 783 139 28 tillämpliga
535 782 62 22 delar
619 783 38 20 till
680 782 153 22 efterrättelse
855 783 61 21 hvad
938 783 8 21 i

196 817 76 22 denna
293 817 137 28 förordning
451 824 37 15 om
506 817 231 22 kommunalstämma
758 817 43 22 och
816 817 71 22 andra
901 817 45 22 hit-

196 851 102 22 hörande
313 851 197 28 omständigheter
525 851 108 29 stadgadt
647 854 31 19 är.

523 950 24 21 V
562 950 62 26 Kap.

408 999 45 22 Om
470 999 262 23 kommunalnämnd.

540 1051 28 22 52
583 1052 19 26 8.

262 1097 12 21 I
296 1096 79 29 hvarje
397 1096 163 22 landskommun
582 1096 59 21 skall
662 1096 75 21 finnas
759 1103 29 14 en
803 1096 142 22 kommunal-

194 1131 92 25 nämnd,
308 1137 49 15 som
380 1131 9 20 i
411 1131 103 28 enlighet
535 1130 53 22 med
605 1131 203 28 bestämningarna
822 1131 35 22 uti
873 1131 71 22 denna

194 1165 129 29 förordning
345 1165 43 22 och
404 1165 29 21 de
447 1165 151 28 föreskrifter,
614 1165 80 22 hvilka
709 1165 79 22 kunna
803 1165 26 22 af
841 1165 103 22 kommu-

194 1200 137 21 nalstämma
350 1200 56 21 eller
421 1207 75 14 annan
511 1199 137 30 myndighet
663 1200 102 28 lagligen
780 1199 112 30 påbjudas
907 1200 37 21 till

194 1234 160 27 efterrättelse,
370 1234 104 21 handhar
488 1234 174 27 förvaltningen
674 1235 64 20 inom
747 1234 147 28 kommunen,
906 1235 38 22 be-

194 1268 71 21 vakar
280 1267 52 22 dess
346 1274 169 21 gemensamma
529 1267 101 22 fördelar
645 1269 59 20 samt
718 1267 38 22 till
765 1267 179 29 verkställighet

193 1301 120 22 befordrar
327 1301 242 22 kommunalstämmas
584 1301 77 22 beslut
675 1301 43 22 och
733 1301 177 22 förordnanden.

262 1336 53 22 Med
337 1336 108 22 afseende
467 1336 13 21 å
498 1335 45 23 den
557 1336 249 22 kommunalnämnden
821 1337 122 28 åliggande

193 1371 145 29 förvaltning
347 1371 87 22 indelar
440 1371 228 22 kommunalstämman
677 1371 140 22 kommunen
825 1371 9 22 i
843 1371 99 29 distrikt,

194 1406 25 21 af
237 1406 80 22 hvilka
337 1405 69 23 hvart
420 1406 43 22 och
479 1407 34 21 ett
528 1407 47 21 står
589 1406 73 22 under
677 1407 76 28 (utesl.)
768 1406 82 29 tillsyn
865 1407 26 21 af
902 1407 40 22 nå-

193 1448 43 22 gon
250 1440 101 23 ledamot
366 1441 9 21 i
389 1440 122 23 nämnden.
542 1440 86 29 (Utesl)
