1039 1706
421 125 55 22 N:o
491 124 30 22 6.

299 513 58 25 Hans
381 513 127 32 Kejserliga
530 513 117 32 Majestäts
666 513 81 32 nädiga
765 521 82 25 propo-

232 560 65 24 sition
311 559 34 25 till
358 559 103 26 Finlands
473 560 102 29 Ständer,
588 559 113 32 angäende
714 560 133 31 förordning

231 612 33 17 om
282 605 265 32 kommunalförvaltning
565 605 28 32 pä
611 605 82 25 landet.

163 706 69 22 Sedan
252 706 122 22 erfarenhet
389 707 84 21 vunnits
490 707 79 26 derom,
585 709 33 19 att
633 707 79 27 nädiga
727 707 118 22 förordnin-

91 747 40 20 gen
147 740 24 21 af
181 740 40 21 den
232 742 13 20 6
255 741 105 22 Februari
373 741 60 26 1865,
445 741 108 27 angäende
564 741 282 28 kommunalförvaltningen

91 776 28 27 pä
142 775 74 22 landet
238 777 24 19 är
277 775 7 21 i
299 775 67 22 behof
378 775 23 22 af
415 775 97 28 revision,
527 775 64 22 hafva
606 776 100 27 samtliga
721 776 126 21 kommuner

91 810 7 20 i
114 809 92 22 Finland
222 809 90 22 lemnats
328 809 85 22 tillfälle
429 812 33 19 att
476 812 58 25 yttra
549 811 32 26 sig
597 816 34 15 om
647 810 73 21 hvilka
730 811 116 26 ändringar

91 844 152 27 förordningen
258 844 68 21 borde
341 845 148 26 underkastas,
504 845 109 21 hvarefter
623 851 26 15 en
659 845 81 21 komit6
749 845 98 22 nedsatts

92 878 33 21 för
140 878 142 22 utarbetande
298 879 24 21 af
334 879 81 26 förslag
430 879 33 21 till
477 885 27 21 ny
520 879 127 27 författning
662 880 7 20 i
686 881 77 20 ämnet.

159 913 32 21 De
207 913 133 28 handlingar,
356 919 45 15 som
417 913 7 21 i
439 914 90 21 ärendet
539 913 91 22 sälunda
640 913 131 27 tillkommit,
781 914 64 21 hafva

91 949 118 25 yttermera
223 947 109 22 bekräftat
347 947 93 22 nämnda
455 947 122 22 erfarenhet
592 947 41 22 och
649 947 70 22 tillika
735 948 60 26 visat,
806 950 40 25 att,

91 982 67 21 ehuru
177 981 23 21 ät
218 981 152 22 kommunerna
385 982 57 20 varit
456 981 154 22 öfverlemnadt
625 984 32 19 att
673 982 33 21 för
721 982 127 21 förvaltnin-

91 1022 40 20 gen
154 1015 22 21 af
198 1015 45 21 sina
266 1015 110 27 ordnings-
392 1016 40 21 och
448 1015 327 28 hushällningsangelägenheter
789 1017 58 26 välja

91 1056 26 15 en
132 1056 60 14 mera
208 1049 114 22 utvecklad
336 1050 62 27 form,
414 1050 53 21 eller
482 1050 364 27 kommunalfullmäktiginstitutio-

91 1090 48 20 nen,
155 1084 71 21 denna
240 1084 55 21 form
310 1084 66 21 likväl
392 1084 24 21 af
430 1085 77 21 endast
521 1084 22 22 fä
558 1085 126 21 kommuner
699 1085 99 27 antagits,
815 1085 32 21 äf-

91 1124 86 16 vensom
194 1120 32 20 att
241 1121 31 18 ett
287 1119 120 27 betydande
422 1119 58 22 antal
495 1119 124 22 kommuner
635 1121 56 20 ännu
707 1119 47 22 icke
769 1120 78 21 hunnit

91 1153 55 22 lefva
169 1153 32 26 sig
219 1153 22 21 in
261 1159 37 15 ens
313 1153 7 21 i
336 1153 40 22 den
392 1153 88 22 enklare
495 1153 55 22 form
566 1153 23 22 af
603 1153 143 28 sjelfstyrelse,
762 1154 84 21 förord-

90 1187 78 27 ningen
191 1187 87 26 tilläter,
301 1187 52 22 eller
376 1188 46 25 den,
446 1188 66 27 enligt
534 1188 85 21 hvilken
641 1188 76 27 hvarje
731 1188 91 21 medlem
838 1189 7 20 i

91 1222 129 21 kommunen
243 1223 24 20 är
289 1222 121 27 berättigad
433 1224 32 19 att
488 1222 51 27 sjelf
551 1225 51 24 taga
617 1223 34 20 del
667 1222 7 21 i
689 1222 158 27 förvaltningen

91 1256 22 21 af
127 1256 140 26 kommunens
282 1262 158 21 gemensamma
455 1257 183 30 angelägenheter.

159 1291 50 21 Med
232 1290 100 22 afseende
356 1291 12 20 &
390 1291 68 26 sagda
480 1291 121 21 erfarenhet
615 1291 40 21 har
671 1291 35 22 det
721 1293 59 25 synts
795 1291 52 21 nöd-

90 1325 88 26 vändigt
204 1327 38 24 att,
264 1325 66 26 jemte
356 1325 37 21 det
419 1325 280 26 kommunalförvaltningen
721 1327 28 25 pä
772 1326 73 21 landet

90 1358 134 22 fortfarande
246 1358 118 22 bibehälles
380 1358 34 22 vid
430 1359 40 21 den
484 1359 76 26 grund,
576 1359 28 27 pä
619 1359 86 22 hvilken
722 1359 124 21 densamma

90 1393 35 22 för
139 1393 133 21 närvarande
287 1393 75 27 hvilar,
378 1393 26 21 de
419 1393 85 27 brister,
519 1399 46 16 som
580 1393 87 22 vidläda
677 1393 99 28 gällande
786 1393 59 22 kom-

90 1427 199 28 munalförfattning
304 1428 24 21 af
340 1427 25 22 är
382 1428 54 22 1865
452 1429 47 21 med
515 1428 72 22 dertill
602 1428 75 27 gjorda
687 1428 74 28 tillägg
772 1427 23 23 af
805 1428 41 22 den
