1048 1706
216 135 14 19 4
408 134 28 21 U.
452 134 28 21 B.
496 147 28 3 —
540 134 74 28 Prop.
630 134 45 22 N:o
691 134 20 21 2.

185 204 157 26 omförmälda,
366 210 61 15 mera
451 204 141 22 omfattande
608 204 91 26 reform,
715 206 30 27 på
760 205 75 28 grund
852 205 23 21 af
891 208 44 19 sär-

186 240 70 21 skildt
287 239 153 22 förordnande
464 240 116 22 utarbetat
604 240 86 28 förslag
711 240 36 21 till
773 240 44 22 den
842 248 32 14 nu
900 240 35 22 till

185 276 141 28 granskning
350 274 157 30 föreliggande
530 276 84 28 nädiga
634 275 179 29 propositionen,
828 276 36 22 uti
878 276 57 22 hvil-

184 312 46 20 ken
252 311 28 21 de
304 310 26 22 af
353 310 127 22 Ständerna
503 311 8 21 i
535 311 142 22 förestäende
701 313 71 20 mätto
800 312 135 21 framhällna

185 346 144 29 synpunkter
345 346 110 22 beaktats.

256 382 62 21 Enär
341 381 290 23 hufvudbeständsdelarne
647 382 26 21 af
686 384 34 20 ett
735 382 65 22 lands
816 384 119 20 domstols-

185 417 137 29 författning
346 417 42 21 och
411 420 203 27 rättegängsväsen
638 420 36 19 stä
694 418 7 21 i
718 420 24 20 sä
757 421 55 20 nära
827 418 107 23 inbördes

184 453 117 26 samband,
319 455 34 19 att
368 461 29 13 en
413 453 142 29 ombildning
570 453 26 22 af
608 455 76 27 nägon
696 454 36 21 del
744 454 66 22 deraf
818 455 117 22 ovilkorli-

184 497 46 20 gen
251 489 104 28 päkallar
375 489 108 21 reformer
499 489 69 22 äfven
583 489 8 21 i
606 489 74 28 öfriga
696 490 68 26 delar,
781 493 24 18 är
820 491 39 20 det
874 491 60 21 klart

184 527 35 19 att
240 525 97 28 partiela
361 525 158 28 förändringar
543 525 26 21 af
586 525 267 30 processlagstiftningen
869 526 65 22 alltid

184 563 72 19 måste
280 560 72 22 blifva
373 560 167 29 jemförelsevis
560 561 87 22 mindre
665 561 135 28 betydande.
832 563 35 20 De
882 562 51 21 huf-

183 596 144 29 vudsakliga,
353 596 274 28 rättegängsförfarandet
652 596 136 22 vidlädande
814 598 120 28 olägenhe-

185 634 63 19 terna
271 632 78 21 kunna
372 632 49 21 icke
445 631 112 29 aflägsnas
580 632 142 21 annorlunda
746 635 28 18 än
798 640 82 21 genom
905 641 28 13 en

184 667 143 28 fullständig,
351 667 58 22 efter
425 668 74 21 tidens
515 668 54 21 kraf
582 667 107 29 afpassad
704 668 84 21 reform
804 669 26 20 af
843 669 89 21 landets

184 703 119 21 domstols-
320 703 42 22 och
385 705 211 26 rättegängsväsen.
627 703 11 21 I
655 703 109 22 afvaktan
775 706 30 27 pä
816 705 74 20 denna
900 712 33 14 re-

183 739 59 21 form
262 739 42 21 bör
321 739 126 21 emellertid
458 739 80 28 hvarje
554 739 87 28 ätgärd,
658 746 48 14 som
722 740 40 21 har
778 739 35 22 till
828 740 105 21 ändamäl

184 776 34 19 att
239 774 107 21 befordra
369 775 107 20 enkelhet
499 775 42 21 och
565 775 165 28 skyndsamhet
753 775 7 21 i
784 775 148 26 förfarandet,

181 809 75 22 helsas
278 809 53 22 med
347 809 205 27 tillfredsställelse,
569 810 42 21 och
628 809 72 29 enligt
714 810 133 21 Utskottets
863 811 69 21 tanke

182 848 39 18 äro
243 845 87 28 jemväl
354 845 27 22 de
404 853 32 13 nu
456 845 130 29 föreslagna
602 845 227 29 lagförändringarna
845 847 87 28 egnade

182 883 35 19 att
234 881 6 20 i
258 881 50 21 icke
325 881 128 28 oväsentlig
469 881 56 28 grad
540 881 95 28 bidraga
650 881 35 21 till
701 881 113 22 vinnande
831 882 27 21 af
869 883 63 21 detta

182 917 112 21 ändamäl.

253 953 35 21 De
309 952 130 29 föreslagna
454 953 200 28 bestämningarna
669 953 54 28 ingä
739 953 7 21 i
762 955 34 19 tre
812 953 60 22 olika
888 953 44 22 för-

182 987 207 30 fattningsförslag,
405 989 116 28 nämligen
544 990 21 27 a)
590 988 86 29 förslag
695 989 34 21 till
746 988 133 29 förordning
895 997 37 14 an-

182 1024 87 28 gående
293 1024 85 21 ändrad
402 1024 87 28 lydelse
513 1024 27 22 af
558 1024 110 22 särskilda
684 1025 29 28 88
729 1025 7 21 i
752 1025 180 28 rättegängsbal-

182 1060 52 26 ken,
260 1060 23 28 b)
302 1059 85 29 förslag
403 1060 36 21 till
454 1060 140 29 förordning,
611 1061 116 26 angäende
743 1061 187 28 stämningsmän,

182 1096 42 21 och
248 1097 20 26 c)
287 1095 86 29 förslag
389 1096 35 21 till
439 1095 140 30 förordning,
594 1096 158 22 innefattande
768 1097 111 21 särskilda
895 1097 36 21 be-

182 1131 141 29 stämningar
347 1138 37 15 om
399 1131 210 29 ändringssökande
625 1132 7 21 i
648 1132 130 21 underrätts
794 1133 78 21 domar
888 1133 43 21 och

181 1167 83 28 utslag.

252 1203 122 21 Utskottet
392 1203 106 28 öfvergär
513 1203 93 22 härmed
622 1203 36 21 till
673 1205 35 20 att
722 1203 7 21 i
745 1203 69 28 detalj
832 1203 98 28 granska

182 1237 271 29 författningsförslagen.

251 1465 137 22 Lagutskottets
401 1465 116 18 betänkande
529 1465 37 18 N:o
579 1466 16 17 5.
