<?xml version="1.0" encoding="UTF-8"?>
<alto xmlns="http://www.loc.gov/standards/alto/ns-v3#" xmlns:xlink="http://www.w3.org/1999/xlink" xmlns:xsi="http://www.w3.org/2001/XMLSchema-instance" xsi:schemaLocation="http://www.loc.gov/standards/alto/ns-v3# http://www.loc.gov/alto/v3/alto-3-0.xsd">
	<Description>
		<MeasurementUnit>pixel</MeasurementUnit>
		<sourceImageInformation>
			<fileName>/tmp/tess_o3ookzsd_input.PNG</fileName>
		</sourceImageInformation>
		<OCRProcessing ID="OCR_0">
			<ocrProcessingStep>
				<processingSoftware>
					<softwareName>tesseract 5.3.4</softwareName>
				</processingSoftware>
			</ocrProcessingStep>
		</OCRProcessing>
	</Description>
	<Layout>
		<Page WIDTH="1048" HEIGHT="1706" PHYSICAL_IMG_NR="0" ID="page_0">
			<PrintSpace HPOS="0" VPOS="0" WIDTH="1048" HEIGHT="1706">
				<ComposedBlock ID="cblock_0" HPOS="222" VPOS="128" WIDTH="382" HEIGHT="24">
					<TextBlock ID="block_0" HPOS="222" VPOS="128" WIDTH="382" HEIGHT="24">
						<TextLine ID="line_0" HPOS="222" VPOS="128" WIDTH="382" HEIGHT="24">
							<String ID="string_0" HPOS="222" VPOS="129" WIDTH="25" HEIGHT="21" WC="0.96" CONTENT="14"/><SP WIDTH="282" VPOS="129" HPOS="247"/>
							<String ID="string_1" HPOS="529" VPOS="128" WIDTH="41" HEIGHT="23" WC="0.94" CONTENT="N:o"/><SP WIDTH="15" VPOS="128" HPOS="570"/>
							<String ID="string_2" HPOS="585" VPOS="131" WIDTH="19" HEIGHT="21" WC="0.96" CONTENT="2."/>
						</TextLine>
					</TextBlock>
				</ComposedBlock>
				<ComposedBlock ID="cblock_1" HPOS="185" VPOS="195" WIDTH="758" HEIGHT="715">
					<TextBlock ID="block_1" HPOS="186" VPOS="195" WIDTH="757" HEIGHT="201">
						<TextLine ID="line_1" HPOS="190" VPOS="195" WIDTH="753" HEIGHT="30">
							<String ID="string_3" HPOS="190" VPOS="195" WIDTH="39" HEIGHT="21" WC="0.93" CONTENT="och"/><SP WIDTH="14" VPOS="195" HPOS="229"/>
							<String ID="string_4" HPOS="243" VPOS="197" WIDTH="78" HEIGHT="26" WC="0.92" CONTENT="uttaga"/><SP WIDTH="15" VPOS="197" HPOS="321"/>
							<String ID="string_5" HPOS="336" VPOS="196" WIDTH="112" HEIGHT="27" WC="0.92" CONTENT="dupletten"/><SP WIDTH="16" VPOS="196" HPOS="448"/>
							<String ID="string_6" HPOS="464" VPOS="196" WIDTH="23" HEIGHT="22" WC="0.96" CONTENT="af"/><SP WIDTH="12" VPOS="196" HPOS="487"/>
							<String ID="string_7" HPOS="499" VPOS="197" WIDTH="148" HEIGHT="27" WC="0.96" CONTENT="ansökningen"/><SP WIDTH="15" VPOS="197" HPOS="647"/>
							<String ID="string_8" HPOS="662" VPOS="199" WIDTH="56" HEIGHT="19" WC="0.96" CONTENT="samt"/><SP WIDTH="10" VPOS="199" HPOS="718"/>
							<String ID="string_9" HPOS="728" VPOS="197" WIDTH="26" HEIGHT="22" WC="0.79" CONTENT="de"/><SP WIDTH="10" VPOS="197" HPOS="754"/>
							<String ID="string_10" HPOS="764" VPOS="198" WIDTH="7" HEIGHT="21" WC="0.65" CONTENT="i"/><SP WIDTH="11" VPOS="198" HPOS="771"/>
							<String ID="string_11" HPOS="782" VPOS="198" WIDTH="13" HEIGHT="21" WC="0.65" CONTENT="4"/><SP WIDTH="11" VPOS="198" HPOS="795"/>
							<String ID="string_12" HPOS="806" VPOS="198" WIDTH="12" HEIGHT="27" WC="0.59" CONTENT="$"/><SP WIDTH="11" VPOS="198" HPOS="818"/>
							<String ID="string_13" HPOS="829" VPOS="198" WIDTH="114" HEIGHT="22" WC="0.91" CONTENT="omnämda"/>
						</TextLine>
						<TextLine ID="line_2" HPOS="190" VPOS="229" WIDTH="752" HEIGHT="30">
							<String ID="string_14" HPOS="190" VPOS="229" WIDTH="114" HEIGHT="27" WC="0.92" CONTENT="afskrifter,"/><SP WIDTH="16" VPOS="229" HPOS="304"/>
							<String ID="string_15" HPOS="320" VPOS="230" WIDTH="41" HEIGHT="21" WC="0.93" CONTENT="och"/><SP WIDTH="16" VPOS="230" HPOS="361"/>
							<String ID="string_16" HPOS="377" VPOS="230" WIDTH="78" HEIGHT="27" WC="0.92" CONTENT="ingifve"/><SP WIDTH="17" VPOS="230" HPOS="455"/>
							<String ID="string_17" HPOS="472" VPOS="231" WIDTH="66" HEIGHT="21" WC="0.96" CONTENT="sedan"/><SP WIDTH="14" VPOS="231" HPOS="538"/>
							<String ID="string_18" HPOS="552" VPOS="231" WIDTH="47" HEIGHT="21" WC="0.96" CONTENT="före"/><SP WIDTH="14" VPOS="231" HPOS="599"/>
							<String ID="string_19" HPOS="613" VPOS="231" WIDTH="91" HEIGHT="21" WC="0.93" CONTENT="klockan"/><SP WIDTH="15" VPOS="231" HPOS="704"/>
							<String ID="string_20" HPOS="719" VPOS="231" WIDTH="42" HEIGHT="21" WC="0.91" CONTENT="tolf"/><SP WIDTH="13" VPOS="231" HPOS="761"/>
							<String ID="string_21" HPOS="774" VPOS="232" WIDTH="13" HEIGHT="21" WC="0.91" CONTENT="å"/><SP WIDTH="14" VPOS="232" HPOS="787"/>
							<String ID="string_22" HPOS="801" VPOS="238" WIDTH="82" HEIGHT="16" WC="0.96" CONTENT="samma"/><SP WIDTH="17" VPOS="238" HPOS="883"/>
							<String ID="string_23" HPOS="900" VPOS="232" WIDTH="42" HEIGHT="27" WC="0.96" CONTENT="dag"/>
						</TextLine>
						<TextLine ID="line_3" HPOS="188" VPOS="263" WIDTH="754" HEIGHT="31">
							<String ID="string_24" HPOS="188" VPOS="263" WIDTH="8" HEIGHT="22" WC="0.96" CONTENT="i"/><SP WIDTH="15" VPOS="263" HPOS="196"/>
							<String ID="string_25" HPOS="211" VPOS="265" WIDTH="64" HEIGHT="21" WC="0.96" CONTENT="nästa"/><SP WIDTH="21" VPOS="265" HPOS="275"/>
							<String ID="string_26" HPOS="296" VPOS="264" WIDTH="67" HEIGHT="22" WC="0.96" CONTENT="vecka"/><SP WIDTH="18" VPOS="264" HPOS="363"/>
							<String ID="string_27" HPOS="381" VPOS="264" WIDTH="94" HEIGHT="23" WC="0.96" CONTENT="derefter"/><SP WIDTH="14" VPOS="264" HPOS="475"/>
							<String ID="string_28" HPOS="489" VPOS="266" WIDTH="32" HEIGHT="21" WC="0.93" CONTENT="till"/><SP WIDTH="15" VPOS="266" HPOS="521"/>
							<String ID="string_29" HPOS="536" VPOS="265" WIDTH="109" HEIGHT="23" WC="0.92" CONTENT="hofrätten"/><SP WIDTH="15" VPOS="265" HPOS="645"/>
							<String ID="string_30" HPOS="660" VPOS="266" WIDTH="38" HEIGHT="21" WC="0.95" CONTENT="sitt"/><SP WIDTH="14" VPOS="266" HPOS="698"/>
							<String ID="string_31" HPOS="712" VPOS="272" WIDTH="50" HEIGHT="15" WC="0.96" CONTENT="svar"/><SP WIDTH="12" VPOS="272" HPOS="762"/>
							<String ID="string_32" HPOS="774" VPOS="266" WIDTH="67" HEIGHT="27" WC="0.93" CONTENT="jemte"/><SP WIDTH="9" VPOS="266" HPOS="841"/>
							<String ID="string_33" HPOS="850" VPOS="266" WIDTH="92" HEIGHT="28" WC="0.88" CONTENT="duplett"/>
						</TextLine>
						<TextLine ID="line_4" HPOS="190" VPOS="298" WIDTH="751" HEIGHT="29">
							<String ID="string_34" HPOS="190" VPOS="298" WIDTH="61" HEIGHT="22" WC="0.96" CONTENT="deraf"/><SP WIDTH="19" VPOS="298" HPOS="251"/>
							<String ID="string_35" HPOS="270" VPOS="298" WIDTH="109" HEIGHT="22" WC="0.92" CONTENT="äfvensom"/><SP WIDTH="22" VPOS="298" HPOS="379"/>
							<String ID="string_36" HPOS="401" VPOS="298" WIDTH="110" HEIGHT="23" WC="0.91" CONTENT="afskrifter"/><SP WIDTH="22" VPOS="298" HPOS="511"/>
							<String ID="string_37" HPOS="533" VPOS="299" WIDTH="23" HEIGHT="22" WC="0.90" CONTENT="af"/><SP WIDTH="12" VPOS="299" HPOS="556"/>
							<String ID="string_38" HPOS="568" VPOS="299" WIDTH="86" HEIGHT="27" WC="0.90" CONTENT="bilagda"/><SP WIDTH="21" VPOS="299" HPOS="654"/>
							<String ID="string_39" HPOS="675" VPOS="299" WIDTH="64" HEIGHT="27" WC="0.96" CONTENT="bevis,"/><SP WIDTH="16" VPOS="299" HPOS="739"/>
							<String ID="string_40" HPOS="755" VPOS="299" WIDTH="85" HEIGHT="23" WC="0.93" CONTENT="hvilken"/><SP WIDTH="15" VPOS="299" HPOS="840"/>
							<String ID="string_41" HPOS="855" VPOS="300" WIDTH="86" HEIGHT="27" WC="0.93" CONTENT="duplett"/>
						</TextLine>
						<TextLine ID="line_5" HPOS="186" VPOS="332" WIDTH="755" HEIGHT="30">
							<String ID="string_42" HPOS="186" VPOS="332" WIDTH="66" HEIGHT="27" WC="0.93" CONTENT="jemte"/><SP WIDTH="15" VPOS="332" HPOS="252"/>
							<String ID="string_43" HPOS="267" VPOS="332" WIDTH="138" HEIGHT="23" WC="0.91" CONTENT="afskrifterna"/><SP WIDTH="13" VPOS="332" HPOS="405"/>
							<String ID="string_44" HPOS="418" VPOS="335" WIDTH="124" HEIGHT="26" WC="0.96" CONTENT="motparten"/><SP WIDTH="16" VPOS="335" HPOS="542"/>
							<String ID="string_45" HPOS="558" VPOS="334" WIDTH="28" HEIGHT="22" WC="0.96" CONTENT="då"/><SP WIDTH="9" VPOS="334" HPOS="586"/>
							<String ID="string_46" HPOS="595" VPOS="340" WIDTH="50" HEIGHT="21" WC="0.93" CONTENT="eger"/><SP WIDTH="9" VPOS="340" HPOS="645"/>
							<String ID="string_47" HPOS="654" VPOS="335" WIDTH="84" HEIGHT="27" WC="0.91" CONTENT="uttaga,"/><SP WIDTH="11" VPOS="335" HPOS="738"/>
							<String ID="string_48" HPOS="749" VPOS="334" WIDTH="39" HEIGHT="22" WC="0.96" CONTENT="allt"/><SP WIDTH="9" VPOS="334" HPOS="788"/>
							<String ID="string_49" HPOS="797" VPOS="334" WIDTH="36" HEIGHT="22" WC="0.93" CONTENT="vid"/><SP WIDTH="10" VPOS="334" HPOS="833"/>
							<String ID="string_50" HPOS="843" VPOS="334" WIDTH="98" HEIGHT="28" WC="0.92" CONTENT="äfventyr"/>
						</TextLine>
						<TextLine ID="line_6" HPOS="189" VPOS="367" WIDTH="454" HEIGHT="29">
							<String ID="string_51" HPOS="189" VPOS="368" WIDTH="34" HEIGHT="20" WC="0.93" CONTENT="att"/><SP WIDTH="14" VPOS="368" HPOS="223"/>
							<String ID="string_52" HPOS="237" VPOS="367" WIDTH="88" HEIGHT="22" WC="0.90" CONTENT="rådrum"/><SP WIDTH="15" VPOS="367" HPOS="325"/>
							<String ID="string_53" HPOS="340" VPOS="367" WIDTH="71" HEIGHT="23" WC="0.89" CONTENT="dertill"/><SP WIDTH="15" VPOS="367" HPOS="411"/>
							<String ID="string_54" HPOS="426" VPOS="368" WIDTH="18" HEIGHT="28" WC="0.96" CONTENT="ej"/><SP WIDTH="16" VPOS="368" HPOS="444"/>
							<String ID="string_55" HPOS="460" VPOS="368" WIDTH="74" HEIGHT="22" WC="0.96" CONTENT="vidare"/><SP WIDTH="14" VPOS="368" HPOS="534"/>
							<String ID="string_56" HPOS="548" VPOS="368" WIDTH="95" HEIGHT="28" WC="0.96" CONTENT="beviljas."/>
						</TextLine>
					</TextBlock>
					<TextBlock ID="block_2" HPOS="187" VPOS="396" WIDTH="754" HEIGHT="135">
						<TextLine ID="line_7" HPOS="256" VPOS="396" WIDTH="685" HEIGHT="34">
							<String ID="string_57" HPOS="256" VPOS="396" WIDTH="43" HEIGHT="27" WC="0.91" CONTENT="Äro"/><SP WIDTH="23" VPOS="396" HPOS="299"/>
							<String ID="string_58" HPOS="322" VPOS="403" WIDTH="148" HEIGHT="26" WC="0.91" CONTENT="motparterne"/><SP WIDTH="13" VPOS="403" HPOS="470"/>
							<String ID="string_59" HPOS="483" VPOS="402" WIDTH="52" HEIGHT="22" WC="0.96" CONTENT="flere"/><SP WIDTH="15" VPOS="402" HPOS="535"/>
							<String ID="string_60" HPOS="550" VPOS="402" WIDTH="39" HEIGHT="22" WC="0.96" CONTENT="och"/><SP WIDTH="14" VPOS="402" HPOS="589"/>
							<String ID="string_61" HPOS="603" VPOS="403" WIDTH="74" HEIGHT="21" WC="0.96" CONTENT="kunna"/><SP WIDTH="15" VPOS="403" HPOS="677"/>
							<String ID="string_62" HPOS="692" VPOS="402" WIDTH="27" HEIGHT="22" WC="0.92" CONTENT="de"/><SP WIDTH="14" VPOS="402" HPOS="719"/>
							<String ID="string_63" HPOS="733" VPOS="402" WIDTH="18" HEIGHT="27" WC="0.92" CONTENT="ej"/><SP WIDTH="16" VPOS="402" HPOS="751"/>
							<String ID="string_64" HPOS="767" VPOS="402" WIDTH="76" HEIGHT="22" WC="0.96" CONTENT="förena"/><SP WIDTH="14" VPOS="402" HPOS="843"/>
							<String ID="string_65" HPOS="857" VPOS="403" WIDTH="34" HEIGHT="27" WC="0.96" CONTENT="sig"/><SP WIDTH="15" VPOS="403" HPOS="891"/>
							<String ID="string_66" HPOS="906" VPOS="410" WIDTH="35" HEIGHT="15" WC="0.96" CONTENT="om"/>
						</TextLine>
						<TextLine ID="line_8" HPOS="188" VPOS="435" WIDTH="752" HEIGHT="29">
							<String ID="string_67" HPOS="188" VPOS="435" WIDTH="84" HEIGHT="22" WC="0.96" CONTENT="hvilken"/><SP WIDTH="15" VPOS="435" HPOS="272"/>
							<String ID="string_68" HPOS="287" VPOS="435" WIDTH="24" HEIGHT="22" WC="0.96" CONTENT="af"/><SP WIDTH="12" VPOS="435" HPOS="311"/>
							<String ID="string_69" HPOS="323" VPOS="435" WIDTH="49" HEIGHT="22" WC="0.93" CONTENT="dem"/><SP WIDTH="21" VPOS="435" HPOS="372"/>
							<String ID="string_70" HPOS="393" VPOS="436" WIDTH="242" HEIGHT="28" WC="0.89" CONTENT="dupletthandlingarna"/><SP WIDTH="21" VPOS="436" HPOS="635"/>
							<String ID="string_71" HPOS="656" VPOS="437" WIDTH="78" HEIGHT="27" WC="0.91" CONTENT="uttaga"/><SP WIDTH="18" VPOS="437" HPOS="734"/>
							<String ID="string_72" HPOS="752" VPOS="437" WIDTH="41" HEIGHT="26" WC="0.91" CONTENT="må,"/><SP WIDTH="17" VPOS="437" HPOS="793"/>
							<String ID="string_73" HPOS="810" VPOS="443" WIDTH="39" HEIGHT="21" WC="0.91" CONTENT="ega"/><SP WIDTH="16" VPOS="443" HPOS="849"/>
							<String ID="string_74" HPOS="865" VPOS="437" WIDTH="26" HEIGHT="22" WC="0.96" CONTENT="de"/><SP WIDTH="15" VPOS="437" HPOS="891"/>
							<String ID="string_75" HPOS="906" VPOS="443" WIDTH="34" HEIGHT="16" WC="0.96" CONTENT="om"/>
						</TextLine>
						<TextLine ID="line_9" HPOS="188" VPOS="469" WIDTH="753" HEIGHT="29">
							<String ID="string_76" HPOS="188" VPOS="469" WIDTH="48" HEIGHT="22" WC="0.96" CONTENT="dem"/><SP WIDTH="13" VPOS="469" HPOS="236"/>
							<String ID="string_77" HPOS="249" VPOS="471" WIDTH="53" HEIGHT="26" WC="0.96" CONTENT="taga"/><SP WIDTH="13" VPOS="471" HPOS="302"/>
							<String ID="string_78" HPOS="315" VPOS="470" WIDTH="122" HEIGHT="22" WC="0.96" CONTENT="kännedom"/><SP WIDTH="15" VPOS="470" HPOS="437"/>
							<String ID="string_79" HPOS="452" VPOS="470" WIDTH="39" HEIGHT="23" WC="0.96" CONTENT="hos"/><SP WIDTH="16" VPOS="470" HPOS="491"/>
							<String ID="string_80" HPOS="507" VPOS="471" WIDTH="40" HEIGHT="22" WC="0.93" CONTENT="den"/><SP WIDTH="16" VPOS="471" HPOS="547"/>
							<String ID="string_81" HPOS="563" VPOS="471" WIDTH="135" HEIGHT="27" WC="0.90" CONTENT="tjensteman,"/><SP WIDTH="11" VPOS="471" HPOS="698"/>
							<String ID="string_82" HPOS="709" VPOS="477" WIDTH="46" HEIGHT="16" WC="0.96" CONTENT="som"/><SP WIDTH="10" VPOS="477" HPOS="755"/>
							<String ID="string_83" HPOS="765" VPOS="470" WIDTH="98" HEIGHT="23" WC="0.93" CONTENT="förvarar"/><SP WIDTH="9" VPOS="470" HPOS="863"/>
							<String ID="string_84" HPOS="872" VPOS="471" WIDTH="69" HEIGHT="22" WC="0.91" CONTENT="hand-"/>
						</TextLine>
						<TextLine ID="line_10" HPOS="187" VPOS="503" WIDTH="207" HEIGHT="28">
							<String ID="string_85" HPOS="187" VPOS="503" WIDTH="99" HEIGHT="28" WC="0.96" CONTENT="lingarna"/><SP WIDTH="14" VPOS="503" HPOS="286"/>
							<String ID="string_86" HPOS="300" VPOS="504" WIDTH="8" HEIGHT="21" WC="0.96" CONTENT="i"/><SP WIDTH="15" VPOS="504" HPOS="308"/>
							<String ID="string_87" HPOS="323" VPOS="504" WIDTH="71" HEIGHT="23" WC="0.96" CONTENT="målet."/>
						</TextLine>
					</TextBlock>
					<TextBlock ID="block_3" HPOS="186" VPOS="538" WIDTH="754" HEIGHT="199">
						<TextLine ID="line_11" HPOS="254" VPOS="538" WIDTH="686" HEIGHT="28">
							<String ID="string_88" HPOS="254" VPOS="538" WIDTH="45" HEIGHT="22" WC="0.96" CONTENT="Rör"/><SP WIDTH="14" VPOS="538" HPOS="299"/>
							<String ID="string_89" HPOS="313" VPOS="539" WIDTH="66" HEIGHT="21" WC="0.96" CONTENT="målet"/><SP WIDTH="14" VPOS="539" HPOS="379"/>
							<String ID="string_90" HPOS="393" VPOS="539" WIDTH="82" HEIGHT="22" WC="0.96" CONTENT="häktad"/><SP WIDTH="14" VPOS="539" HPOS="475"/>
							<String ID="string_91" HPOS="489" VPOS="545" WIDTH="86" HEIGHT="21" WC="0.96" CONTENT="person,"/><SP WIDTH="16" VPOS="545" HPOS="575"/>
							<String ID="string_92" HPOS="591" VPOS="539" WIDTH="40" HEIGHT="22" WC="0.96" CONTENT="och"/><SP WIDTH="13" VPOS="539" HPOS="631"/>
							<String ID="string_93" HPOS="644" VPOS="539" WIDTH="70" HEIGHT="22" WC="0.93" CONTENT="finner"/><SP WIDTH="13" VPOS="539" HPOS="714"/>
							<String ID="string_94" HPOS="727" VPOS="539" WIDTH="110" HEIGHT="22" WC="0.91" CONTENT="hofrätten"/><SP WIDTH="16" VPOS="539" HPOS="837"/>
							<String ID="string_95" HPOS="853" VPOS="540" WIDTH="87" HEIGHT="22" WC="0.91" CONTENT="uteblif-"/>
						</TextLine>
						<TextLine ID="line_12" HPOS="186" VPOS="573" WIDTH="753" HEIGHT="28">
							<String ID="string_96" HPOS="186" VPOS="579" WIDTH="41" HEIGHT="15" WC="0.93" CONTENT="ven"/><SP WIDTH="22" VPOS="579" HPOS="227"/>
							<String ID="string_97" HPOS="249" VPOS="575" WIDTH="107" HEIGHT="26" WC="0.91" CONTENT="motparts"/><SP WIDTH="22" VPOS="575" HPOS="356"/>
							<String ID="string_98" HPOS="378" VPOS="573" WIDTH="95" HEIGHT="22" WC="0.95" CONTENT="hörande"/><SP WIDTH="22" VPOS="573" HPOS="473"/>
							<String ID="string_99" HPOS="495" VPOS="574" WIDTH="74" HEIGHT="21" WC="0.96" CONTENT="kunna"/><SP WIDTH="21" VPOS="574" HPOS="569"/>
							<String ID="string_100" HPOS="590" VPOS="574" WIDTH="30" HEIGHT="27" WC="0.96" CONTENT="på"/><SP WIDTH="21" VPOS="574" HPOS="620"/>
							<String ID="string_101" HPOS="641" VPOS="574" WIDTH="66" HEIGHT="21" WC="0.96" CONTENT="saken"/><SP WIDTH="22" VPOS="574" HPOS="707"/>
							<String ID="string_102" HPOS="729" VPOS="574" WIDTH="72" HEIGHT="27" WC="0.96" CONTENT="verka,"/><SP WIDTH="22" VPOS="574" HPOS="801"/>
							<String ID="string_103" HPOS="823" VPOS="575" WIDTH="66" HEIGHT="21" WC="0.96" CONTENT="varde"/><SP WIDTH="22" VPOS="575" HPOS="889"/>
							<String ID="string_104" HPOS="911" VPOS="575" WIDTH="28" HEIGHT="22" WC="0.96" CONTENT="då"/>
						</TextLine>
						<TextLine ID="line_13" HPOS="187" VPOS="607" WIDTH="751" HEIGHT="30">
							<String ID="string_105" HPOS="187" VPOS="607" WIDTH="241" HEIGHT="28" WC="0.91" CONTENT="dupletthandlingarna"/><SP WIDTH="18" VPOS="607" HPOS="428"/>
							<String ID="string_106" HPOS="446" VPOS="610" WIDTH="62" HEIGHT="25" WC="0.96" CONTENT="samt,"/><SP WIDTH="20" VPOS="610" HPOS="508"/>
							<String ID="string_107" HPOS="528" VPOS="615" WIDTH="35" HEIGHT="15" WC="0.92" CONTENT="om"/><SP WIDTH="14" VPOS="615" HPOS="563"/>
							<String ID="string_108" HPOS="577" VPOS="608" WIDTH="109" HEIGHT="22" WC="0.92" CONTENT="hofrätten"/><SP WIDTH="15" VPOS="608" HPOS="686"/>
							<String ID="string_109" HPOS="701" VPOS="608" WIDTH="88" HEIGHT="28" WC="0.91" CONTENT="pröfvar"/><SP WIDTH="14" VPOS="608" HPOS="789"/>
							<String ID="string_110" HPOS="803" VPOS="609" WIDTH="36" HEIGHT="21" WC="0.93" CONTENT="det"/><SP WIDTH="15" VPOS="609" HPOS="839"/>
							<String ID="string_111" HPOS="854" VPOS="609" WIDTH="84" HEIGHT="28" WC="0.91" CONTENT="nödigt,"/>
						</TextLine>
						<TextLine ID="line_14" HPOS="186" VPOS="641" WIDTH="753" HEIGHT="29">
							<String ID="string_112" HPOS="186" VPOS="641" WIDTH="158" HEIGHT="28" WC="0.96" CONTENT="förrättningen"/><SP WIDTH="15" VPOS="641" HPOS="344"/>
							<String ID="string_113" HPOS="359" VPOS="642" WIDTH="8" HEIGHT="22" WC="0.96" CONTENT="i"/><SP WIDTH="15" VPOS="642" HPOS="367"/>
							<String ID="string_114" HPOS="382" VPOS="642" WIDTH="65" HEIGHT="22" WC="0.96" CONTENT="målet"/><SP WIDTH="21" VPOS="642" HPOS="447"/>
							<String ID="string_115" HPOS="468" VPOS="649" WIDTH="77" HEIGHT="21" WC="0.96" CONTENT="genom"/><SP WIDTH="22" VPOS="649" HPOS="545"/>
							<String ID="string_116" HPOS="567" VPOS="643" WIDTH="104" HEIGHT="27" WC="0.91" CONTENT="Kejsaren"/><SP WIDTH="15" VPOS="643" HPOS="671"/>
							<String ID="string_117" HPOS="686" VPOS="643" WIDTH="39" HEIGHT="21" WC="0.93" CONTENT="och"/><SP WIDTH="15" VPOS="643" HPOS="725"/>
							<String ID="string_118" HPOS="740" VPOS="642" WIDTH="147" HEIGHT="23" WC="0.92" CONTENT="Storfurstens"/><SP WIDTH="14" VPOS="642" HPOS="887"/>
							<String ID="string_119" HPOS="901" VPOS="643" WIDTH="38" HEIGHT="22" WC="0.92" CONTENT="be-"/>
						</TextLine>
						<TextLine ID="line_15" HPOS="186" VPOS="675" WIDTH="751" HEIGHT="29">
							<String ID="string_120" HPOS="186" VPOS="675" WIDTH="205" HEIGHT="28" WC="0.91" CONTENT="fallningshafvande"/><SP WIDTH="22" VPOS="675" HPOS="391"/>
							<String ID="string_121" HPOS="413" VPOS="679" WIDTH="123" HEIGHT="25" WC="0.92" CONTENT="motparten"/><SP WIDTH="22" VPOS="679" HPOS="536"/>
							<String ID="string_122" HPOS="558" VPOS="677" WIDTH="104" HEIGHT="22" WC="0.88" CONTENT="tillstälda"/><SP WIDTH="22" VPOS="677" HPOS="662"/>
							<String ID="string_123" HPOS="684" VPOS="677" WIDTH="39" HEIGHT="22" WC="0.96" CONTENT="och"/><SP WIDTH="22" VPOS="677" HPOS="723"/>
							<String ID="string_124" HPOS="745" VPOS="677" WIDTH="43" HEIGHT="24" WC="0.95" CONTENT="viss"/><SP WIDTH="23" VPOS="677" HPOS="788"/>
							<String ID="string_125" HPOS="811" VPOS="678" WIDTH="31" HEIGHT="21" WC="0.96" CONTENT="tid"/><SP WIDTH="17" VPOS="678" HPOS="842"/>
							<String ID="string_126" HPOS="859" VPOS="678" WIDTH="78" HEIGHT="22" WC="0.96" CONTENT="honom"/>
						</TextLine>
						<TextLine ID="line_16" HPOS="186" VPOS="710" WIDTH="504" HEIGHT="27">
							<String ID="string_127" HPOS="186" VPOS="710" WIDTH="95" HEIGHT="27" WC="0.92" CONTENT="förelagd"/><SP WIDTH="15" VPOS="710" HPOS="281"/>
							<String ID="string_128" HPOS="296" VPOS="712" WIDTH="34" HEIGHT="20" WC="0.96" CONTENT="att"/><SP WIDTH="15" VPOS="712" HPOS="330"/>
							<String ID="string_129" HPOS="345" VPOS="711" WIDTH="48" HEIGHT="21" WC="0.96" CONTENT="med"/><SP WIDTH="14" VPOS="711" HPOS="393"/>
							<String ID="string_130" HPOS="407" VPOS="717" WIDTH="50" HEIGHT="16" WC="0.96" CONTENT="svar"/><SP WIDTH="14" VPOS="717" HPOS="457"/>
							<String ID="string_131" HPOS="471" VPOS="711" WIDTH="8" HEIGHT="22" WC="0.96" CONTENT="i"/><SP WIDTH="14" VPOS="711" HPOS="479"/>
							<String ID="string_132" HPOS="493" VPOS="712" WIDTH="67" HEIGHT="21" WC="0.96" CONTENT="saken"/><SP WIDTH="15" VPOS="712" HPOS="560"/>
							<String ID="string_133" HPOS="575" VPOS="711" WIDTH="115" HEIGHT="22" WC="0.96" CONTENT="inkomma."/>
						</TextLine>
					</TextBlock>
					<TextBlock ID="block_4" HPOS="185" VPOS="744" WIDTH="752" HEIGHT="166">
						<TextLine ID="line_17" HPOS="253" VPOS="744" WIDTH="683" HEIGHT="28">
							<String ID="string_134" HPOS="253" VPOS="744" WIDTH="84" HEIGHT="22" WC="0.96" CONTENT="Allmän"/><SP WIDTH="23" VPOS="744" HPOS="337"/>
							<String ID="string_135" HPOS="360" VPOS="745" WIDTH="107" HEIGHT="27" WC="0.95" CONTENT="åklagare,"/><SP WIDTH="20" VPOS="745" HPOS="467"/>
							<String ID="string_136" HPOS="487" VPOS="751" WIDTH="46" HEIGHT="16" WC="0.96" CONTENT="som"/><SP WIDTH="14" VPOS="751" HPOS="533"/>
							<String ID="string_137" HPOS="547" VPOS="745" WIDTH="34" HEIGHT="22" WC="0.93" CONTENT="för"/><SP WIDTH="13" VPOS="745" HPOS="581"/>
							<String ID="string_138" HPOS="594" VPOS="745" WIDTH="125" HEIGHT="22" WC="0.92" CONTENT="bevakande"/><SP WIDTH="16" VPOS="745" HPOS="719"/>
							<String ID="string_139" HPOS="735" VPOS="745" WIDTH="23" HEIGHT="22" WC="0.92" CONTENT="af"/><SP WIDTH="13" VPOS="745" HPOS="758"/>
							<String ID="string_140" HPOS="771" VPOS="746" WIDTH="165" HEIGHT="22" WC="0.91" CONTENT="svarandetalan"/>
						</TextLine>
						<TextLine ID="line_18" HPOS="186" VPOS="779" WIDTH="751" HEIGHT="29">
							<String ID="string_141" HPOS="186" VPOS="779" WIDTH="13" HEIGHT="20" WC="0.90" CONTENT="å"/><SP WIDTH="21" VPOS="779" HPOS="199"/>
							<String ID="string_142" HPOS="220" VPOS="779" WIDTH="186" HEIGHT="28" WC="0.91" CONTENT="inställelsedagen"/><SP WIDTH="23" VPOS="779" HPOS="406"/>
							<String ID="string_143" HPOS="429" VPOS="779" WIDTH="201" HEIGHT="27" WC="0.87" CONTENT="tillstädeskommit,"/><SP WIDTH="23" VPOS="779" HPOS="630"/>
							<String ID="string_144" HPOS="653" VPOS="780" WIDTH="35" HEIGHT="21" WC="0.93" CONTENT="mä"/><SP WIDTH="21" VPOS="780" HPOS="688"/>
							<String ID="string_145" HPOS="709" VPOS="780" WIDTH="228" HEIGHT="28" WC="0.92" CONTENT="ändringsansökning"/>
						</TextLine>
						<TextLine ID="line_19" HPOS="185" VPOS="813" WIDTH="752" HEIGHT="28">
							<String ID="string_146" HPOS="185" VPOS="814" WIDTH="76" HEIGHT="26" WC="0.92" CONTENT="uttaga"/><SP WIDTH="15" VPOS="814" HPOS="261"/>
							<String ID="string_147" HPOS="276" VPOS="813" WIDTH="39" HEIGHT="22" WC="0.93" CONTENT="och"/><SP WIDTH="14" VPOS="813" HPOS="315"/>
							<String ID="string_148" HPOS="329" VPOS="813" WIDTH="87" HEIGHT="22" WC="0.91" CONTENT="bemöta"/><SP WIDTH="16" VPOS="813" HPOS="416"/>
							<String ID="string_149" HPOS="432" VPOS="814" WIDTH="29" HEIGHT="27" WC="0.96" CONTENT="pä"/><SP WIDTH="15" VPOS="814" HPOS="461"/>
							<String ID="string_150" HPOS="476" VPOS="815" WIDTH="45" HEIGHT="20" WC="0.95" CONTENT="sätt"/><SP WIDTH="14" VPOS="815" HPOS="521"/>
							<String ID="string_151" HPOS="535" VPOS="814" WIDTH="8" HEIGHT="21" WC="0.96" CONTENT="i"/><SP WIDTH="23" VPOS="814" HPOS="543"/>
							<String ID="string_152" HPOS="566" VPOS="815" WIDTH="2" HEIGHT="20" WC="0.92" CONTENT="|"/><SP WIDTH="18" VPOS="815" HPOS="568"/>
							<String ID="string_153" HPOS="586" VPOS="820" WIDTH="63" HEIGHT="15" WC="0.96" CONTENT="mom."/><SP WIDTH="16" VPOS="820" HPOS="649"/>
							<String ID="string_154" HPOS="665" VPOS="815" WIDTH="24" HEIGHT="20" WC="0.93" CONTENT="är"/><SP WIDTH="14" VPOS="815" HPOS="689"/>
							<String ID="string_155" HPOS="703" VPOS="814" WIDTH="97" HEIGHT="21" WC="0.92" CONTENT="nämndt."/><SP WIDTH="30" VPOS="814" HPOS="800"/>
							<String ID="string_156" HPOS="830" VPOS="814" WIDTH="46" HEIGHT="22" WC="0.96" CONTENT="Har"/><SP WIDTH="17" VPOS="814" HPOS="876"/>
							<String ID="string_157" HPOS="893" VPOS="815" WIDTH="44" HEIGHT="21" WC="0.96" CONTENT="han"/>
						</TextLine>
						<TextLine ID="line_20" HPOS="186" VPOS="847" WIDTH="751" HEIGHT="28">
							<String ID="string_158" HPOS="186" VPOS="847" WIDTH="18" HEIGHT="28" WC="0.88" CONTENT="ej"/><SP WIDTH="15" VPOS="847" HPOS="204"/>
							<String ID="string_159" HPOS="219" VPOS="848" WIDTH="196" HEIGHT="21" WC="0.91" CONTENT="tillstädeskommit"/><SP WIDTH="15" VPOS="848" HPOS="415"/>
							<String ID="string_160" HPOS="430" VPOS="848" WIDTH="39" HEIGHT="22" WC="0.93" CONTENT="och"/><SP WIDTH="14" VPOS="848" HPOS="469"/>
							<String ID="string_161" HPOS="483" VPOS="848" WIDTH="70" HEIGHT="22" WC="0.93" CONTENT="finner"/><SP WIDTH="13" VPOS="848" HPOS="553"/>
							<String ID="string_162" HPOS="566" VPOS="848" WIDTH="109" HEIGHT="22" WC="0.91" CONTENT="hofrätten"/><SP WIDTH="15" VPOS="848" HPOS="675"/>
							<String ID="string_163" HPOS="690" VPOS="848" WIDTH="54" HEIGHT="22" WC="0.93" CONTENT="hans"/><SP WIDTH="10" VPOS="848" HPOS="744"/>
							<String ID="string_164" HPOS="754" VPOS="848" WIDTH="96" HEIGHT="23" WC="0.92" CONTENT="hörande"/><SP WIDTH="10" VPOS="848" HPOS="850"/>
							<String ID="string_165" HPOS="860" VPOS="849" WIDTH="77" HEIGHT="22" WC="0.96" CONTENT="kunna"/>
						</TextLine>
						<TextLine ID="line_21" HPOS="186" VPOS="882" WIDTH="585" HEIGHT="28">
							<String ID="string_166" HPOS="186" VPOS="883" WIDTH="29" HEIGHT="27" WC="0.96" CONTENT="pä"/><SP WIDTH="14" VPOS="883" HPOS="215"/>
							<String ID="string_167" HPOS="229" VPOS="883" WIDTH="66" HEIGHT="21" WC="0.96" CONTENT="saken"/><SP WIDTH="15" VPOS="883" HPOS="295"/>
							<String ID="string_168" HPOS="310" VPOS="883" WIDTH="72" HEIGHT="26" WC="0.93" CONTENT="verka,"/><SP WIDTH="15" VPOS="883" HPOS="382"/>
							<String ID="string_169" HPOS="397" VPOS="889" WIDTH="51" HEIGHT="15" WC="0.92" CONTENT="vare"/><SP WIDTH="15" VPOS="889" HPOS="448"/>
							<String ID="string_170" HPOS="463" VPOS="883" WIDTH="35" HEIGHT="27" WC="0.96" CONTENT="lag"/><SP WIDTH="15" VPOS="883" HPOS="498"/>
							<String ID="string_171" HPOS="513" VPOS="889" WIDTH="45" HEIGHT="15" WC="0.96" CONTENT="som"/><SP WIDTH="15" VPOS="889" HPOS="558"/>
							<String ID="string_172" HPOS="573" VPOS="882" WIDTH="8" HEIGHT="22" WC="0.96" CONTENT="i"/><SP WIDTH="21" VPOS="882" HPOS="581"/>
							<String ID="string_173" HPOS="602" VPOS="883" WIDTH="6" HEIGHT="21" WC="0.96" CONTENT="3"/><SP WIDTH="16" VPOS="883" HPOS="608"/>
							<String ID="string_174" HPOS="624" VPOS="888" WIDTH="61" HEIGHT="16" WC="0.93" CONTENT="mom."/><SP WIDTH="17" VPOS="888" HPOS="685"/>
							<String ID="string_175" HPOS="702" VPOS="885" WIDTH="69" HEIGHT="25" WC="0.92" CONTENT="säges."/>
						</TextLine>
					</TextBlock>
				</ComposedBlock>
				<ComposedBlock ID="cblock_2" HPOS="181" VPOS="945" WIDTH="756" HEIGHT="514">
					<TextBlock ID="block_5" HPOS="537" VPOS="945" WIDTH="47" HEIGHT="28">
						<TextLine ID="line_22" HPOS="537" VPOS="945" WIDTH="47" HEIGHT="28">
							<String ID="string_176" HPOS="537" VPOS="947" WIDTH="12" HEIGHT="20" WC="0.68" CONTENT="6"/><SP WIDTH="17" VPOS="947" HPOS="549"/>
							<String ID="string_177" HPOS="566" VPOS="945" WIDTH="18" HEIGHT="28" WC="0.68" CONTENT="8."/>
						</TextLine>
					</TextBlock>
					<TextBlock ID="block_6" HPOS="181" VPOS="985" WIDTH="756" HEIGHT="403">
						<TextLine ID="line_23" HPOS="251" VPOS="985" WIDTH="686" HEIGHT="28">
							<String ID="string_178" HPOS="251" VPOS="985" WIDTH="60" HEIGHT="26" WC="0.96" CONTENT="Part,"/><SP WIDTH="16" VPOS="985" HPOS="311"/>
							<String ID="string_179" HPOS="327" VPOS="991" WIDTH="46" HEIGHT="15" WC="0.96" CONTENT="som"/><SP WIDTH="14" VPOS="991" HPOS="373"/>
							<String ID="string_180" HPOS="387" VPOS="985" WIDTH="58" HEIGHT="22" WC="0.93" CONTENT="inom"/><SP WIDTH="14" VPOS="985" HPOS="445"/>
							<String ID="string_181" HPOS="459" VPOS="985" WIDTH="93" HEIGHT="22" WC="0.92" CONTENT="föresatt"/><SP WIDTH="14" VPOS="985" HPOS="552"/>
							<String ID="string_182" HPOS="566" VPOS="985" WIDTH="32" HEIGHT="22" WC="0.93" CONTENT="tid"/><SP WIDTH="15" VPOS="985" HPOS="598"/>
							<String ID="string_183" HPOS="613" VPOS="986" WIDTH="17" HEIGHT="27" WC="0.90" CONTENT="ej"/><SP WIDTH="16" VPOS="986" HPOS="630"/>
							<String ID="string_184" HPOS="646" VPOS="985" WIDTH="99" HEIGHT="28" WC="0.92" CONTENT="fullföljer"/><SP WIDTH="14" VPOS="985" HPOS="745"/>
							<String ID="string_185" HPOS="759" VPOS="986" WIDTH="64" HEIGHT="21" WC="0.93" CONTENT="vade-"/><SP WIDTH="15" VPOS="986" HPOS="823"/>
							<String ID="string_186" HPOS="838" VPOS="986" WIDTH="51" HEIGHT="22" WC="0.93" CONTENT="eller"/><SP WIDTH="10" VPOS="986" HPOS="889"/>
							<String ID="string_187" HPOS="899" VPOS="986" WIDTH="38" HEIGHT="22" WC="0.92" CONTENT="be-"/>
						</TextLine>
						<TextLine ID="line_24" HPOS="184" VPOS="1018" WIDTH="753" HEIGHT="29">
							<String ID="string_188" HPOS="184" VPOS="1018" WIDTH="121" HEIGHT="22" WC="0.92" CONTENT="svärstalan"/><SP WIDTH="15" VPOS="1018" HPOS="305"/>
							<String ID="string_189" HPOS="320" VPOS="1019" WIDTH="39" HEIGHT="21" WC="0.93" CONTENT="och"/><SP WIDTH="15" VPOS="1019" HPOS="359"/>
							<String ID="string_190" HPOS="374" VPOS="1020" WIDTH="18" HEIGHT="26" WC="0.92" CONTENT="ej"/><SP WIDTH="15" VPOS="1020" HPOS="392"/>
							<String ID="string_191" HPOS="407" VPOS="1020" WIDTH="67" HEIGHT="21" WC="0.93" CONTENT="heller"/><SP WIDTH="14" VPOS="1020" HPOS="474"/>
							<String ID="string_192" HPOS="488" VPOS="1020" WIDTH="58" HEIGHT="22" WC="0.93" CONTENT="visar"/><SP WIDTH="14" VPOS="1020" HPOS="546"/>
							<String ID="string_193" HPOS="560" VPOS="1020" WIDTH="48" HEIGHT="27" WC="0.92" CONTENT="laga"/><SP WIDTH="14" VPOS="1020" HPOS="608"/>
							<String ID="string_194" HPOS="622" VPOS="1020" WIDTH="77" HEIGHT="26" WC="0.92" CONTENT="förfall,"/><SP WIDTH="15" VPOS="1020" HPOS="699"/>
							<String ID="string_195" HPOS="714" VPOS="1026" WIDTH="52" HEIGHT="15" WC="0.93" CONTENT="vare"/><SP WIDTH="9" VPOS="1026" HPOS="766"/>
							<String ID="string_196" HPOS="775" VPOS="1020" WIDTH="34" HEIGHT="21" WC="0.93" CONTENT="sin"/><SP WIDTH="10" VPOS="1020" HPOS="809"/>
							<String ID="string_197" HPOS="819" VPOS="1020" WIDTH="60" HEIGHT="22" WC="0.93" CONTENT="talan"/><SP WIDTH="13" VPOS="1020" HPOS="879"/>
							<String ID="string_198" HPOS="892" VPOS="1020" WIDTH="45" HEIGHT="22" WC="0.92" CONTENT="för-"/>
						</TextLine>
						<TextLine ID="line_25" HPOS="183" VPOS="1052" WIDTH="754" HEIGHT="29">
							<String ID="string_199" HPOS="183" VPOS="1052" WIDTH="72" HEIGHT="28" WC="0.92" CONTENT="lustig."/><SP WIDTH="29" VPOS="1052" HPOS="255"/>
							<String ID="string_200" HPOS="284" VPOS="1052" WIDTH="47" HEIGHT="22" WC="0.91" CONTENT="Har"/><SP WIDTH="22" VPOS="1052" HPOS="331"/>
							<String ID="string_201" HPOS="353" VPOS="1055" WIDTH="122" HEIGHT="25" WC="0.91" CONTENT="motparten"/><SP WIDTH="22" VPOS="1055" HPOS="475"/>
							<String ID="string_202" HPOS="497" VPOS="1054" WIDTH="196" HEIGHT="22" WC="0.91" CONTENT="tillstädeskommit"/><SP WIDTH="19" VPOS="1054" HPOS="693"/>
							<String ID="string_203" HPOS="712" VPOS="1054" WIDTH="39" HEIGHT="21" WC="0.95" CONTENT="och"/><SP WIDTH="14" VPOS="1054" HPOS="751"/>
							<String ID="string_204" HPOS="765" VPOS="1054" WIDTH="37" HEIGHT="21" WC="0.96" CONTENT="vill"/><SP WIDTH="14" VPOS="1054" HPOS="802"/>
							<String ID="string_205" HPOS="816" VPOS="1054" WIDTH="43" HEIGHT="21" WC="0.93" CONTENT="han"/><SP WIDTH="15" VPOS="1054" HPOS="859"/>
							<String ID="string_206" HPOS="874" VPOS="1054" WIDTH="63" HEIGHT="27" WC="0.93" CONTENT="njuta"/>
						</TextLine>
						<TextLine ID="line_26" HPOS="184" VPOS="1087" WIDTH="752" HEIGHT="27">
							<String ID="string_207" HPOS="184" VPOS="1087" WIDTH="121" HEIGHT="27" WC="0.96" CONTENT="ersättning"/><SP WIDTH="21" VPOS="1087" HPOS="305"/>
							<String ID="string_208" HPOS="326" VPOS="1087" WIDTH="33" HEIGHT="21" WC="0.96" CONTENT="för"/><SP WIDTH="22" VPOS="1087" HPOS="359"/>
							<String ID="string_209" HPOS="381" VPOS="1087" WIDTH="33" HEIGHT="21" WC="0.91" CONTENT="sin"/><SP WIDTH="21" VPOS="1087" HPOS="414"/>
							<String ID="string_210" HPOS="435" VPOS="1088" WIDTH="101" HEIGHT="26" WC="0.87" CONTENT="kostnad,"/><SP WIDTH="18" VPOS="1088" HPOS="536"/>
							<String ID="string_211" HPOS="554" VPOS="1088" WIDTH="92" HEIGHT="21" WC="0.93" CONTENT="inlemne"/><SP WIDTH="19" VPOS="1088" HPOS="646"/>
							<String ID="string_212" HPOS="665" VPOS="1087" WIDTH="32" HEIGHT="22" WC="0.93" CONTENT="till"/><SP WIDTH="14" VPOS="1087" HPOS="697"/>
							<String ID="string_213" HPOS="711" VPOS="1087" WIDTH="110" HEIGHT="22" WC="0.93" CONTENT="hofrätten"/><SP WIDTH="15" VPOS="1087" HPOS="821"/>
							<String ID="string_214" HPOS="836" VPOS="1088" WIDTH="40" HEIGHT="21" WC="0.96" CONTENT="sist"/><SP WIDTH="14" VPOS="1088" HPOS="876"/>
							<String ID="string_215" HPOS="890" VPOS="1088" WIDTH="46" HEIGHT="22" WC="0.96" CONTENT="före"/>
						</TextLine>
						<TextLine ID="line_27" HPOS="182" VPOS="1120" WIDTH="753" HEIGHT="29">
							<String ID="string_216" HPOS="182" VPOS="1120" WIDTH="91" HEIGHT="22" WC="0.93" CONTENT="klockan"/><SP WIDTH="16" VPOS="1120" HPOS="273"/>
							<String ID="string_217" HPOS="289" VPOS="1120" WIDTH="41" HEIGHT="22" WC="0.92" CONTENT="tolf"/><SP WIDTH="13" VPOS="1120" HPOS="330"/>
							<String ID="string_218" HPOS="343" VPOS="1121" WIDTH="14" HEIGHT="21" WC="0.77" CONTENT="&amp;"/><SP WIDTH="14" VPOS="1121" HPOS="357"/>
							<String ID="string_219" HPOS="371" VPOS="1121" WIDTH="118" HEIGHT="22" WC="0.96" CONTENT="trettionde"/><SP WIDTH="11" VPOS="1121" HPOS="489"/>
							<String ID="string_220" HPOS="500" VPOS="1122" WIDTH="68" HEIGHT="26" WC="0.96" CONTENT="dagen"/><SP WIDTH="11" VPOS="1122" HPOS="568"/>
							<String ID="string_221" HPOS="579" VPOS="1121" WIDTH="54" HEIGHT="22" WC="0.93" CONTENT="efter"/><SP WIDTH="10" VPOS="1121" HPOS="633"/>
							<String ID="string_222" HPOS="643" VPOS="1121" WIDTH="186" HEIGHT="27" WC="0.92" CONTENT="inställelsedagen"/><SP WIDTH="12" VPOS="1121" HPOS="829"/>
							<String ID="string_223" HPOS="841" VPOS="1121" WIDTH="94" HEIGHT="28" WC="0.96" CONTENT="skriftlig"/>
						</TextLine>
						<TextLine ID="line_28" HPOS="183" VPOS="1155" WIDTH="752" HEIGHT="28">
							<String ID="string_224" HPOS="183" VPOS="1155" WIDTH="120" HEIGHT="27" WC="0.93" CONTENT="ansökning"/><SP WIDTH="15" VPOS="1155" HPOS="303"/>
							<String ID="string_225" HPOS="318" VPOS="1155" WIDTH="72" HEIGHT="22" WC="0.93" CONTENT="derom"/><SP WIDTH="15" VPOS="1155" HPOS="390"/>
							<String ID="string_226" HPOS="405" VPOS="1156" WIDTH="7" HEIGHT="20" WC="0.93" CONTENT="i"/><SP WIDTH="15" VPOS="1156" HPOS="412"/>
							<String ID="string_227" HPOS="427" VPOS="1156" WIDTH="37" HEIGHT="21" WC="0.92" CONTENT="tvä"/><SP WIDTH="15" VPOS="1156" HPOS="464"/>
							<String ID="string_228" HPOS="479" VPOS="1156" WIDTH="107" HEIGHT="27" WC="0.93" CONTENT="exemplar"/><SP WIDTH="12" VPOS="1156" HPOS="586"/>
							<String ID="string_229" HPOS="598" VPOS="1156" WIDTH="67" HEIGHT="27" WC="0.92" CONTENT="jemte"/><SP WIDTH="9" VPOS="1156" HPOS="665"/>
							<String ID="string_230" HPOS="674" VPOS="1156" WIDTH="58" HEIGHT="21" WC="0.92" CONTENT="bevis"/><SP WIDTH="11" VPOS="1156" HPOS="732"/>
							<String ID="string_231" HPOS="743" VPOS="1156" WIDTH="23" HEIGHT="21" WC="0.96" CONTENT="af"/><SP WIDTH="8" VPOS="1156" HPOS="766"/>
							<String ID="string_232" HPOS="774" VPOS="1156" WIDTH="161" HEIGHT="22" WC="0.96" CONTENT="vederbörande"/>
						</TextLine>
						<TextLine ID="line_29" HPOS="182" VPOS="1189" WIDTH="752" HEIGHT="28">
							<String ID="string_233" HPOS="182" VPOS="1189" WIDTH="129" HEIGHT="27" WC="0.91" CONTENT="tjensteman"/><SP WIDTH="15" VPOS="1189" HPOS="311"/>
							<String ID="string_234" HPOS="326" VPOS="1189" WIDTH="7" HEIGHT="22" WC="0.93" CONTENT="i"/><SP WIDTH="15" VPOS="1189" HPOS="333"/>
							<String ID="string_235" HPOS="348" VPOS="1189" WIDTH="115" HEIGHT="27" WC="0.92" CONTENT="hofrätten,"/><SP WIDTH="24" VPOS="1189" HPOS="463"/>
							<String ID="string_236" HPOS="487" VPOS="1192" WIDTH="33" HEIGHT="20" WC="0.96" CONTENT="att"/><SP WIDTH="22" VPOS="1192" HPOS="520"/>
							<String ID="string_237" HPOS="542" VPOS="1190" WIDTH="42" HEIGHT="22" WC="0.93" CONTENT="han"/><SP WIDTH="16" VPOS="1190" HPOS="584"/>
							<String ID="string_238" HPOS="600" VPOS="1190" WIDTH="13" HEIGHT="21" WC="0.84" CONTENT="ä"/><SP WIDTH="14" VPOS="1190" HPOS="613"/>
							<String ID="string_239" HPOS="627" VPOS="1190" WIDTH="187" HEIGHT="27" WC="0.92" CONTENT="inställelsedagen"/><SP WIDTH="15" VPOS="1190" HPOS="814"/>
							<String ID="string_240" HPOS="829" VPOS="1190" WIDTH="105" HEIGHT="27" WC="0.93" CONTENT="närvarit,"/>
						</TextLine>
						<TextLine ID="line_30" HPOS="183" VPOS="1223" WIDTH="751" HEIGHT="29">
							<String ID="string_241" HPOS="183" VPOS="1223" WIDTH="39" HEIGHT="22" WC="0.92" CONTENT="och"/><SP WIDTH="22" VPOS="1223" HPOS="222"/>
							<String ID="string_242" HPOS="244" VPOS="1224" WIDTH="73" HEIGHT="27" WC="0.96" CONTENT="styrke"/><SP WIDTH="21" VPOS="1224" HPOS="317"/>
							<String ID="string_243" HPOS="338" VPOS="1224" WIDTH="69" HEIGHT="22" WC="0.96" CONTENT="tillika"/><SP WIDTH="22" VPOS="1224" HPOS="407"/>
							<String ID="string_244" HPOS="429" VPOS="1224" WIDTH="48" HEIGHT="22" WC="0.93" CONTENT="med"/><SP WIDTH="22" VPOS="1224" HPOS="477"/>
							<String ID="string_245" HPOS="499" VPOS="1225" WIDTH="114" HEIGHT="21" WC="0.96" CONTENT="domarens"/><SP WIDTH="21" VPOS="1225" HPOS="613"/>
							<String ID="string_246" HPOS="634" VPOS="1224" WIDTH="61" HEIGHT="28" WC="0.95" CONTENT="intyg"/><SP WIDTH="22" VPOS="1224" HPOS="695"/>
							<String ID="string_247" HPOS="717" VPOS="1226" WIDTH="34" HEIGHT="20" WC="0.96" CONTENT="att"/><SP WIDTH="19" VPOS="1226" HPOS="751"/>
							<String ID="string_248" HPOS="770" VPOS="1224" WIDTH="68" HEIGHT="22" WC="0.93" CONTENT="andra"/><SP WIDTH="18" VPOS="1224" HPOS="838"/>
							<String ID="string_249" HPOS="856" VPOS="1226" WIDTH="78" HEIGHT="26" WC="0.96" CONTENT="parten"/>
						</TextLine>
						<TextLine ID="line_31" HPOS="182" VPOS="1257" WIDTH="752" HEIGHT="27">
							<String ID="string_250" HPOS="182" VPOS="1258" WIDTH="73" HEIGHT="26" WC="0.96" CONTENT="vädjat"/><SP WIDTH="15" VPOS="1258" HPOS="255"/>
							<String ID="string_251" HPOS="270" VPOS="1258" WIDTH="51" HEIGHT="21" WC="0.96" CONTENT="eller"/><SP WIDTH="15" VPOS="1258" HPOS="321"/>
							<String ID="string_252" HPOS="336" VPOS="1258" WIDTH="81" HEIGHT="20" WC="0.96" CONTENT="anmält"/><SP WIDTH="14" VPOS="1258" HPOS="417"/>
							<String ID="string_253" HPOS="431" VPOS="1258" WIDTH="107" HEIGHT="26" WC="0.95" CONTENT="missnöje."/><SP WIDTH="30" VPOS="1258" HPOS="538"/>
							<String ID="string_254" HPOS="568" VPOS="1258" WIDTH="42" HEIGHT="21" WC="0.96" CONTENT="Vill"/><SP WIDTH="15" VPOS="1258" HPOS="610"/>
							<String ID="string_255" HPOS="625" VPOS="1257" WIDTH="69" HEIGHT="22" WC="0.96" CONTENT="denne"/><SP WIDTH="14" VPOS="1257" HPOS="694"/>
							<String ID="string_256" HPOS="708" VPOS="1258" WIDTH="87" HEIGHT="21" WC="0.96" CONTENT="bemöta"/><SP WIDTH="10" VPOS="1258" HPOS="795"/>
							<String ID="string_257" HPOS="805" VPOS="1258" WIDTH="41" HEIGHT="21" WC="0.93" CONTENT="slik"/><SP WIDTH="10" VPOS="1258" HPOS="846"/>
							<String ID="string_258" HPOS="856" VPOS="1258" WIDTH="78" HEIGHT="21" WC="0.91" CONTENT="ansök-"/>
						</TextLine>
						<TextLine ID="line_32" HPOS="182" VPOS="1290" WIDTH="752" HEIGHT="28">
							<String ID="string_259" HPOS="182" VPOS="1290" WIDTH="57" HEIGHT="27" WC="0.93" CONTENT="ning,"/><SP WIDTH="16" VPOS="1290" HPOS="239"/>
							<String ID="string_260" HPOS="255" VPOS="1297" WIDTH="38" HEIGHT="21" WC="0.92" CONTENT="ege"/><SP WIDTH="14" VPOS="1297" HPOS="293"/>
							<String ID="string_261" HPOS="307" VPOS="1291" WIDTH="42" HEIGHT="21" WC="0.93" CONTENT="han"/><SP WIDTH="16" VPOS="1291" HPOS="349"/>
							<String ID="string_262" HPOS="365" VPOS="1292" WIDTH="77" HEIGHT="26" WC="0.92" CONTENT="uttaga"/><SP WIDTH="22" VPOS="1292" HPOS="442"/>
							<String ID="string_263" HPOS="464" VPOS="1292" WIDTH="69" HEIGHT="21" WC="0.96" CONTENT="andra"/><SP WIDTH="22" VPOS="1292" HPOS="533"/>
							<String ID="string_264" HPOS="555" VPOS="1292" WIDTH="129" HEIGHT="26" WC="0.96" CONTENT="exemplaret"/><SP WIDTH="20" VPOS="1292" HPOS="684"/>
							<String ID="string_265" HPOS="704" VPOS="1291" WIDTH="62" HEIGHT="22" WC="0.96" CONTENT="deraf"/><SP WIDTH="13" VPOS="1291" HPOS="766"/>
							<String ID="string_266" HPOS="779" VPOS="1292" WIDTH="40" HEIGHT="21" WC="0.96" CONTENT="och"/><SP WIDTH="14" VPOS="1292" HPOS="819"/>
							<String ID="string_267" HPOS="833" VPOS="1292" WIDTH="58" HEIGHT="22" WC="0.96" CONTENT="inom"/><SP WIDTH="16" VPOS="1292" HPOS="891"/>
							<String ID="string_268" HPOS="907" VPOS="1298" WIDTH="27" HEIGHT="16" WC="0.96" CONTENT="en"/>
						</TextLine>
						<TextLine ID="line_33" HPOS="182" VPOS="1325" WIDTH="752" HEIGHT="29">
							<String ID="string_269" HPOS="182" VPOS="1325" WIDTH="65" HEIGHT="22" WC="0.93" CONTENT="vecka"/><SP WIDTH="15" VPOS="1325" HPOS="247"/>
							<String ID="string_270" HPOS="262" VPOS="1325" WIDTH="53" HEIGHT="22" WC="0.93" CONTENT="efter"/><SP WIDTH="14" VPOS="1325" HPOS="315"/>
							<String ID="string_271" HPOS="329" VPOS="1326" WIDTH="119" HEIGHT="27" WC="0.92" CONTENT="nästsagda"/><SP WIDTH="14" VPOS="1326" HPOS="448"/>
							<String ID="string_272" HPOS="462" VPOS="1326" WIDTH="31" HEIGHT="22" WC="0.96" CONTENT="tid"/><SP WIDTH="10" VPOS="1326" HPOS="493"/>
							<String ID="string_273" HPOS="503" VPOS="1326" WIDTH="33" HEIGHT="22" WC="0.93" CONTENT="till"/><SP WIDTH="10" VPOS="1326" HPOS="536"/>
							<String ID="string_274" HPOS="546" VPOS="1326" WIDTH="109" HEIGHT="22" WC="0.92" CONTENT="hofrätten"/><SP WIDTH="10" VPOS="1326" HPOS="655"/>
							<String ID="string_275" HPOS="665" VPOS="1326" WIDTH="108" HEIGHT="22" WC="0.96" CONTENT="inkomma"/><SP WIDTH="10" VPOS="1326" HPOS="773"/>
							<String ID="string_276" HPOS="783" VPOS="1326" WIDTH="48" HEIGHT="22" WC="0.96" CONTENT="med"/><SP WIDTH="10" VPOS="1326" HPOS="831"/>
							<String ID="string_277" HPOS="841" VPOS="1326" WIDTH="93" HEIGHT="28" WC="0.95" CONTENT="skriftlig"/>
						</TextLine>
						<TextLine ID="line_34" HPOS="181" VPOS="1359" WIDTH="124" HEIGHT="29">
							<String ID="string_278" HPOS="181" VPOS="1359" WIDTH="124" HEIGHT="29" WC="0.96" CONTENT="förklaring."/>
						</TextLine>
					</TextBlock>
					<TextBlock ID="block_7" HPOS="182" VPOS="1394" WIDTH="751" HEIGHT="65">
						<TextLine ID="line_35" HPOS="248" VPOS="1394" WIDTH="685" HEIGHT="29">
							<String ID="string_279" HPOS="248" VPOS="1394" WIDTH="47" HEIGHT="23" WC="0.96" CONTENT="Har"/><SP WIDTH="14" VPOS="1394" HPOS="295"/>
							<String ID="string_280" HPOS="309" VPOS="1397" WIDTH="57" HEIGHT="26" WC="0.96" CONTENT="part,"/><SP WIDTH="17" VPOS="1397" HPOS="366"/>
							<String ID="string_281" HPOS="383" VPOS="1397" WIDTH="54" HEIGHT="21" WC="0.96" CONTENT="utan"/><SP WIDTH="15" VPOS="1397" HPOS="437"/>
							<String ID="string_282" HPOS="452" VPOS="1396" WIDTH="71" HEIGHT="27" WC="0.96" CONTENT="styrkt"/><SP WIDTH="14" VPOS="1396" HPOS="523"/>
							<String ID="string_283" HPOS="537" VPOS="1396" WIDTH="77" HEIGHT="27" WC="0.96" CONTENT="förfall,"/><SP WIDTH="14" VPOS="1396" HPOS="614"/>
							<String ID="string_284" HPOS="628" VPOS="1396" WIDTH="127" HEIGHT="22" WC="0.95" CONTENT="försummat"/><SP WIDTH="11" VPOS="1396" HPOS="755"/>
							<String ID="string_285" HPOS="766" VPOS="1397" WIDTH="34" HEIGHT="21" WC="0.96" CONTENT="att"/><SP WIDTH="9" VPOS="1397" HPOS="800"/>
							<String ID="string_286" HPOS="809" VPOS="1396" WIDTH="58" HEIGHT="22" WC="0.93" CONTENT="inom"/><SP WIDTH="10" VPOS="1396" HPOS="867"/>
							<String ID="string_287" HPOS="877" VPOS="1396" WIDTH="56" HEIGHT="22" WC="0.90" CONTENT="före-"/>
						</TextLine>
						<TextLine ID="line_36" HPOS="182" VPOS="1430" WIDTH="749" HEIGHT="29">
							<String ID="string_288" HPOS="182" VPOS="1431" WIDTH="45" HEIGHT="21" WC="0.96" CONTENT="satt"/><SP WIDTH="13" VPOS="1431" HPOS="227"/>
							<String ID="string_289" HPOS="240" VPOS="1430" WIDTH="32" HEIGHT="21" WC="0.95" CONTENT="tid"/><SP WIDTH="15" VPOS="1430" HPOS="272"/>
							<String ID="string_290" HPOS="287" VPOS="1430" WIDTH="33" HEIGHT="21" WC="0.93" CONTENT="till"/><SP WIDTH="14" VPOS="1430" HPOS="320"/>
							<String ID="string_291" HPOS="334" VPOS="1430" WIDTH="109" HEIGHT="22" WC="0.92" CONTENT="hofrätten"/><SP WIDTH="17" VPOS="1430" HPOS="443"/>
							<String ID="string_292" HPOS="460" VPOS="1430" WIDTH="80" HEIGHT="28" WC="0.92" CONTENT="ingifva"/><SP WIDTH="15" VPOS="1430" HPOS="540"/>
							<String ID="string_293" HPOS="555" VPOS="1431" WIDTH="37" HEIGHT="22" WC="0.93" CONTENT="det"/><SP WIDTH="14" VPOS="1431" HPOS="592"/>
							<String ID="string_294" HPOS="606" VPOS="1431" WIDTH="149" HEIGHT="28" WC="0.92" CONTENT="öfverklagade"/><SP WIDTH="15" VPOS="1431" HPOS="755"/>
							<String ID="string_295" HPOS="770" VPOS="1432" WIDTH="94" HEIGHT="27" WC="0.96" CONTENT="utslaget"/><SP WIDTH="15" VPOS="1432" HPOS="864"/>
							<String ID="string_296" HPOS="879" VPOS="1432" WIDTH="52" HEIGHT="21" WC="0.96" CONTENT="eller"/>
						</TextLine>
					</TextBlock>
				</ComposedBlock>
			</PrintSpace>
		</Page>
	</Layout>
</alto>
