1039 1709
194 148 13 21 2
388 148 84 22 Ständ.
489 148 38 22 Sv.
544 161 26 3 —
586 148 74 28 Prop.
676 147 45 24 N:o
736 148 21 22 7.

261 218 47 22 Vid
330 218 160 29 beräkningen
510 219 23 21 af
551 218 28 22 de
597 219 89 28 anslag,
705 226 49 14 som
772 220 88 20 ansetts
876 218 70 22 erfor-

195 252 88 29 derliga
304 253 36 21 för
362 252 143 29 landtdagen
530 254 25 21 år
583 253 63 21 1900
669 252 118 23 äfvensom
804 253 37 22 för
859 252 89 22 vården

194 287 44 22 och
263 286 148 23 underhållet
438 287 23 22 af
485 287 162 23 ständerhuset
671 290 59 20 samt
755 288 24 21 af
803 287 143 22 Ständernas

193 322 67 22 arkiv
278 321 43 22 och
338 321 115 22 bibliotek
471 322 74 22 under
563 323 55 21 åren
636 322 174 28 1898—1900,
823 321 42 22 har
878 322 68 22 Stän-

192 357 83 21 dernas
307 356 155 22 Statsutskott
491 357 41 22 vid
557 356 168 23 förberedande
752 356 145 29 behandling
923 357 24 21 af

191 391 45 21 den
262 391 86 28 nådiga
374 391 176 28 propositionen
572 391 50 28 lagt
643 391 37 22 till
700 390 77 29 grund
802 391 28 21 de
852 391 93 28 belopp,

191 425 96 22 hvartill
304 424 164 23 motsvarande
487 425 97 29 utgifter
601 425 101 28 tidigare
720 425 107 29 uppgått.
863 425 83 28 Enligt

190 459 77 22 denna
282 459 132 29 beräkning
427 459 75 22 skulle
514 459 179 30 ifrågavarande
705 459 126 23 kostnader
843 459 102 30 gestalta

190 494 36 29 sig
244 494 29 28 på
290 493 104 30 följande
412 496 56 20 sätt:

747 525 45 18 Fmk
861 525 47 18 Fmk

192 550 104 23 Stånden
325 553 60 20 samt
411 551 66 22 deras
500 551 185 30 kanslipersonal

258 586 43 21 och
318 585 122 30 betjening
472 603 5 4 .
514 603 4 4 .
680 603 4 4 .
706 587 113 28 100,000.

188 620 128 22 Utskotten
334 620 70 29 jämte
420 619 66 23 deras
498 603 186 47 kanslipersona!

257 655 44 22 och
318 655 122 29 betjening
473 671 5 5 .
720 655 97 28 95,000.

188 689 157 29 Trycknings-
368 689 43 22 och
435 672 249 47 häftningskostnader
705 690 112 28 115,000.

188 723 133 22 Kostnader
339 723 36 22 för
393 724 176 29 öfversättning,
589 725 94 22 korrek-

256 759 132 28 turläsning
405 766 29 15 m.
452 767 30 13 m.
513 775 5 5 .
637 776 4 5 <
678 776 4 5 .
719 759 97 28 20,000.

188 793 96 23 Diverse
302 793 98 29 utgifter
416 793 38 22 för
471 775 144 47 landtdagen
637 811 4 4 +
679 811 3 4 +
720 794 220 33 22,000.352,000.

190 833 178 23 Ständerhusets
386 835 172 29 uppvärmning
594 850 4 5 .
635 851 4 4 .
676 851 4 4 .
719 835 95 28 15,000.

264 886 9 12 n
386 868 125 30 belysning
553 887 4 4 .
594 886 4 4 .
636 886 4 4 .
676 886 4 4 .
719 870 96 28 11,000.

266 920 10 12 »
387 903 105 28 ekonom,
511 903 84 23 arvode
636 921 45 4 .:.
736 904 80 28 3,600.

266 955 9 11 n
389 937 123 30 betjening
554 955 4 4 .
595 955 4 5 .
721 939 94 28 11,000.

264 989 10 12 5
388 968 156 37 renhällning,
560 950 123 55 underhåll

451 1007 23 21 af
484 1007 198 29 planteringarna,

449 1041 230 29 gatubelysningsaf-

448 1075 46 29 gift
512 1083 76 16 mm
635 1093 4 4 .
676 1093 4 4 .
735 1076 80 28 9,000.

264 1126 11 13 7
388 1117 126 15 assurans
513 1106 15 37 .
552 1127 5 4 .
593 1127 4 5 .
634 1127 4 4 .
675 1127 4 5 .
735 1111 79 27 2,640.

264 1161 10 12 a
387 1147 91 19 remont
512 1144 43 22 och
587 1145 90 22 diverse

446 1179 152 28 utgifter.
635 1195 4 4 .
676 1196 4 11 ,
717 1179 97 28 27,760.
841 1185 99 28 80,000.

188 1218 144 22 Ständernas
349 1217 170 29 bibliotekarie,
539 1217 101 24 arvode.
677 1235 4 4 .
735 1219 82 28 3,500.

187 1253 103 28 Uppköp
309 1252 23 21 af
349 1252 87 21 böcker
454 1260 28 13 m.
501 1260 29 13 m.
554 1269 4 4 .
595 1269 4 4 .
636 1268 5 5 .
677 1269 4 4 .
735 1253 82 28 4,500.
858 1259 81 27 8,000.

585 1298 94 38 Summa
752 1316 27 3 —
823 1303 116 30 440,000.

253 1352 138 29 Ständerna,
422 1360 48 15 som
496 1354 105 29 godkänt
627 1355 67 22 dessa
721 1355 167 30 beräkningar,
916 1357 24 22 få

184 1389 63 28 förty
273 1388 42 22 hos
339 1388 72 22 Eders
435 1389 133 30 Kejserliga
592 1391 109 29 Majestät
725 1391 8 21 i
751 1390 189 32 underdänighet

184 1423 101 23 anmäla:
