<?xml version="1.0" encoding="UTF-8"?>
<alto xmlns="http://www.loc.gov/standards/alto/ns-v3#" xmlns:xlink="http://www.w3.org/1999/xlink" xmlns:xsi="http://www.w3.org/2001/XMLSchema-instance" xsi:schemaLocation="http://www.loc.gov/standards/alto/ns-v3# http://www.loc.gov/alto/v3/alto-3-0.xsd">
	<Description>
		<MeasurementUnit>pixel</MeasurementUnit>
		<sourceImageInformation>
			<fileName>/tmp/tess_zm5g82p1_input.PNG</fileName>
		</sourceImageInformation>
		<OCRProcessing ID="OCR_0">
			<ocrProcessingStep>
				<processingSoftware>
					<softwareName>tesseract 5.3.4</softwareName>
				</processingSoftware>
			</ocrProcessingStep>
		</OCRProcessing>
	</Description>
	<Layout>
		<Page WIDTH="1050" HEIGHT="1709" PHYSICAL_IMG_NR="0" ID="page_0">
			<PrintSpace HPOS="0" VPOS="0" WIDTH="1050" HEIGHT="1709">
				<ComposedBlock ID="cblock_0" HPOS="134" VPOS="1204" WIDTH="67" HEIGHT="30">
					<TextBlock ID="block_0" HPOS="134" VPOS="1204" WIDTH="67" HEIGHT="30">
						<TextLine ID="line_0" HPOS="134" VPOS="1204" WIDTH="67" HEIGHT="30">
							<String ID="string_0" HPOS="134" VPOS="1204" WIDTH="29" HEIGHT="24" WC="0.95" CONTENT="83"/><SP WIDTH="15" VPOS="1204" HPOS="163"/>
							<String ID="string_1" HPOS="178" VPOS="1204" WIDTH="23" HEIGHT="30" WC="0.90" CONTENT="8."/>
						</TextLine>
					</TextBlock>
				</ComposedBlock>
				<ComposedBlock ID="cblock_1" HPOS="211" VPOS="139" WIDTH="523" HEIGHT="27">
					<TextBlock ID="block_1" HPOS="211" VPOS="139" WIDTH="523" HEIGHT="27">
						<TextLine ID="line_1" HPOS="211" VPOS="139" WIDTH="523" HEIGHT="27">
							<String ID="string_2" HPOS="211" VPOS="142" WIDTH="27" HEIGHT="19" WC="0.96" CONTENT="46"/><SP WIDTH="201" VPOS="142" HPOS="238"/>
							<String ID="string_3" HPOS="439" VPOS="140" WIDTH="29" HEIGHT="21" WC="0.93" CONTENT="U."/><SP WIDTH="14" VPOS="140" HPOS="468"/>
							<String ID="string_4" HPOS="482" VPOS="140" WIDTH="28" HEIGHT="21" WC="0.90" CONTENT="B."/><SP WIDTH="16" VPOS="140" HPOS="510"/>
							<String ID="string_5" HPOS="526" VPOS="152" WIDTH="26" HEIGHT="2" WC="0.92" CONTENT="—"/><SP WIDTH="16" VPOS="152" HPOS="552"/>
							<String ID="string_6" HPOS="568" VPOS="140" WIDTH="73" HEIGHT="26" WC="0.96" CONTENT="Prop."/><SP WIDTH="15" VPOS="140" HPOS="641"/>
							<String ID="string_7" HPOS="656" VPOS="139" WIDTH="42" HEIGHT="21" WC="0.96" CONTENT="N:o"/><SP WIDTH="15" VPOS="139" HPOS="698"/>
							<String ID="string_8" HPOS="713" VPOS="139" WIDTH="21" HEIGHT="21" WC="0.96" CONTENT="6."/>
						</TextLine>
					</TextBlock>
				</ComposedBlock>
				<ComposedBlock ID="cblock_2" HPOS="211" VPOS="206" WIDTH="757" HEIGHT="1266">
					<TextBlock ID="block_2" HPOS="211" VPOS="206" WIDTH="756" HEIGHT="408">
						<TextLine ID="line_2" HPOS="211" VPOS="206" WIDTH="754" HEIGHT="28">
							<String ID="string_9" HPOS="211" VPOS="214" WIDTH="48" HEIGHT="15" WC="0.96" CONTENT="men"/><SP WIDTH="22" VPOS="214" HPOS="259"/>
							<String ID="string_10" HPOS="281" VPOS="208" WIDTH="71" HEIGHT="21" WC="0.93" CONTENT="denna"/><SP WIDTH="21" VPOS="208" HPOS="352"/>
							<String ID="string_11" HPOS="373" VPOS="208" WIDTH="105" HEIGHT="26" WC="0.92" CONTENT="trygghet"/><SP WIDTH="14" VPOS="208" HPOS="478"/>
							<String ID="string_12" HPOS="492" VPOS="207" WIDTH="34" HEIGHT="21" WC="0.96" CONTENT="för"/><SP WIDTH="15" VPOS="207" HPOS="526"/>
							<String ID="string_13" HPOS="541" VPOS="208" WIDTH="39" HEIGHT="21" WC="0.93" CONTENT="den"/><SP WIDTH="18" VPOS="208" HPOS="580"/>
							<String ID="string_14" HPOS="598" VPOS="206" WIDTH="96" HEIGHT="22" WC="0.92" CONTENT="enskilde"/><SP WIDTH="16" VPOS="206" HPOS="694"/>
							<String ID="string_15" HPOS="710" VPOS="209" WIDTH="116" HEIGHT="25" WC="0.92" CONTENT="uppväges,"/><SP WIDTH="16" VPOS="209" HPOS="826"/>
							<String ID="string_16" HPOS="842" VPOS="206" WIDTH="68" HEIGHT="27" WC="0.93" CONTENT="enligt"/><SP WIDTH="15" VPOS="206" HPOS="910"/>
							<String ID="string_17" HPOS="925" VPOS="207" WIDTH="40" HEIGHT="21" WC="0.92" CONTENT="Ut-"/>
						</TextLine>
						<TextLine ID="line_3" HPOS="211" VPOS="240" WIDTH="755" HEIGHT="29">
							<String ID="string_18" HPOS="211" VPOS="242" WIDTH="93" HEIGHT="22" WC="0.92" CONTENT="skottets"/><SP WIDTH="15" VPOS="242" HPOS="304"/>
							<String ID="string_19" HPOS="319" VPOS="241" WIDTH="144" HEIGHT="27" WC="0.92" CONTENT="förmenande,"/><SP WIDTH="12" VPOS="241" HPOS="463"/>
							<String ID="string_20" HPOS="475" VPOS="241" WIDTH="120" HEIGHT="28" WC="0.92" CONTENT="mängfaldt"/><SP WIDTH="11" VPOS="241" HPOS="595"/>
							<String ID="string_21" HPOS="606" VPOS="241" WIDTH="24" HEIGHT="22" WC="0.96" CONTENT="af"/><SP WIDTH="9" VPOS="241" HPOS="630"/>
							<String ID="string_22" HPOS="639" VPOS="241" WIDTH="41" HEIGHT="22" WC="0.93" CONTENT="den"/><SP WIDTH="10" VPOS="241" HPOS="680"/>
							<String ID="string_23" HPOS="690" VPOS="241" WIDTH="111" HEIGHT="27" WC="0.90" CONTENT="orättvisa,"/><SP WIDTH="12" VPOS="241" HPOS="801"/>
							<String ID="string_24" HPOS="813" VPOS="243" WIDTH="33" HEIGHT="19" WC="0.93" CONTENT="att"/><SP WIDTH="10" VPOS="243" HPOS="846"/>
							<String ID="string_25" HPOS="856" VPOS="240" WIDTH="110" HEIGHT="28" WC="0.89" CONTENT="tillfälliga"/>
						</TextLine>
						<TextLine ID="line_4" HPOS="213" VPOS="276" WIDTH="751" HEIGHT="28">
							<String ID="string_26" HPOS="213" VPOS="276" WIDTH="51" HEIGHT="22" WC="0.93" CONTENT="eller"/><SP WIDTH="21" VPOS="276" HPOS="264"/>
							<String ID="string_27" HPOS="285" VPOS="276" WIDTH="82" HEIGHT="22" WC="0.93" CONTENT="mindre"/><SP WIDTH="22" VPOS="276" HPOS="367"/>
							<String ID="string_28" HPOS="389" VPOS="276" WIDTH="142" HEIGHT="28" WC="0.92" CONTENT="regelbundet"/><SP WIDTH="22" VPOS="276" HPOS="531"/>
							<String ID="string_29" HPOS="553" VPOS="276" WIDTH="175" HEIGHT="22" WC="0.92" CONTENT="äterkommande"/><SP WIDTH="22" VPOS="276" HPOS="728"/>
							<String ID="string_30" HPOS="750" VPOS="276" WIDTH="124" HEIGHT="27" WC="0.93" CONTENT="inkomster,"/><SP WIDTH="17" VPOS="276" HPOS="874"/>
							<String ID="string_31" HPOS="891" VPOS="276" WIDTH="73" HEIGHT="21" WC="0.93" CONTENT="hvilka"/>
						</TextLine>
						<TextLine ID="line_5" HPOS="212" VPOS="310" WIDTH="754" HEIGHT="28">
							<String ID="string_32" HPOS="212" VPOS="310" WIDTH="51" HEIGHT="28" WC="0.93" CONTENT="ofta,"/><SP WIDTH="24" VPOS="310" HPOS="263"/>
							<String ID="string_33" HPOS="287" VPOS="312" WIDTH="14" HEIGHT="20" WC="0.88" CONTENT="t."/><SP WIDTH="16" VPOS="312" HPOS="301"/>
							<String ID="string_34" HPOS="317" VPOS="317" WIDTH="32" HEIGHT="15" WC="0.96" CONTENT="ex."/><SP WIDTH="25" VPOS="317" HPOS="349"/>
							<String ID="string_35" HPOS="374" VPOS="311" WIDTH="27" HEIGHT="21" WC="0.96" CONTENT="dä"/><SP WIDTH="16" VPOS="311" HPOS="401"/>
							<String ID="string_36" HPOS="417" VPOS="311" WIDTH="27" HEIGHT="21" WC="0.92" CONTENT="de"/><SP WIDTH="14" VPOS="311" HPOS="444"/>
							<String ID="string_37" HPOS="458" VPOS="311" WIDTH="90" HEIGHT="21" WC="0.96" CONTENT="härleda"/><SP WIDTH="14" VPOS="311" HPOS="548"/>
							<String ID="string_38" HPOS="562" VPOS="310" WIDTH="34" HEIGHT="28" WC="0.93" CONTENT="sig"/><SP WIDTH="15" VPOS="310" HPOS="596"/>
							<String ID="string_39" HPOS="611" VPOS="310" WIDTH="49" HEIGHT="22" WC="0.93" CONTENT="från"/><SP WIDTH="14" VPOS="310" HPOS="660"/>
							<String ID="string_40" HPOS="674" VPOS="310" WIDTH="202" HEIGHT="28" WC="0.58" CONTENT="skogsförsäljning,"/><SP WIDTH="17" VPOS="310" HPOS="876"/>
							<String ID="string_41" HPOS="893" VPOS="311" WIDTH="73" HEIGHT="21" WC="0.77" CONTENT="kunna"/>
						</TextLine>
						<TextLine ID="line_6" HPOS="212" VPOS="344" WIDTH="754" HEIGHT="28">
							<String ID="string_42" HPOS="212" VPOS="352" WIDTH="53" HEIGHT="16" WC="0.93" CONTENT="vara"/><SP WIDTH="15" VPOS="352" HPOS="265"/>
							<String ID="string_43" HPOS="280" VPOS="346" WIDTH="64" HEIGHT="26" WC="0.92" CONTENT="högst"/><SP WIDTH="15" VPOS="346" HPOS="344"/>
							<String ID="string_44" HPOS="359" VPOS="345" WIDTH="129" HEIGHT="27" WC="0.93" CONTENT="betydande,"/><SP WIDTH="16" VPOS="345" HPOS="488"/>
							<String ID="string_45" HPOS="504" VPOS="346" WIDTH="82" HEIGHT="21" WC="0.92" CONTENT="komme"/><SP WIDTH="16" VPOS="346" HPOS="586"/>
							<String ID="string_46" HPOS="602" VPOS="347" WIDTH="34" HEIGHT="19" WC="0.93" CONTENT="att"/><SP WIDTH="14" VPOS="347" HPOS="636"/>
							<String ID="string_47" HPOS="650" VPOS="344" WIDTH="74" HEIGHT="28" WC="0.91" CONTENT="undgä"/><SP WIDTH="15" VPOS="344" HPOS="724"/>
							<String ID="string_48" HPOS="739" VPOS="345" WIDTH="121" HEIGHT="21" WC="0.93" CONTENT="kommunal"/><SP WIDTH="10" VPOS="345" HPOS="860"/>
							<String ID="string_49" HPOS="870" VPOS="345" WIDTH="96" HEIGHT="22" WC="0.92" CONTENT="beskatt-"/>
						</TextLine>
						<TextLine ID="line_7" HPOS="213" VPOS="379" WIDTH="753" HEIGHT="29">
							<String ID="string_50" HPOS="213" VPOS="380" WIDTH="56" HEIGHT="27" WC="0.96" CONTENT="ning."/><SP WIDTH="31" VPOS="380" HPOS="269"/>
							<String ID="string_51" HPOS="300" VPOS="379" WIDTH="35" HEIGHT="22" WC="0.92" CONTENT="En"/><SP WIDTH="23" VPOS="379" HPOS="335"/>
							<String ID="string_52" HPOS="358" VPOS="380" WIDTH="165" HEIGHT="28" WC="0.95" CONTENT="omständighet,"/><SP WIDTH="23" VPOS="380" HPOS="523"/>
							<String ID="string_53" HPOS="546" VPOS="386" WIDTH="44" HEIGHT="15" WC="0.93" CONTENT="som"/><SP WIDTH="22" VPOS="386" HPOS="590"/>
							<String ID="string_54" HPOS="612" VPOS="379" WIDTH="48" HEIGHT="22" WC="0.96" CONTENT="icke"/><SP WIDTH="22" VPOS="379" HPOS="660"/>
							<String ID="string_55" HPOS="682" VPOS="379" WIDTH="67" HEIGHT="22" WC="0.93" CONTENT="heller"/><SP WIDTH="22" VPOS="379" HPOS="749"/>
							<String ID="string_56" HPOS="771" VPOS="379" WIDTH="34" HEIGHT="21" WC="0.93" CONTENT="får"/><SP WIDTH="21" VPOS="379" HPOS="805"/>
							<String ID="string_57" HPOS="826" VPOS="379" WIDTH="100" HEIGHT="28" WC="0.67" CONTENT="förbises,"/><SP WIDTH="16" VPOS="379" HPOS="926"/>
							<String ID="string_58" HPOS="942" VPOS="381" WIDTH="24" HEIGHT="20" WC="0.96" CONTENT="är"/>
						</TextLine>
						<TextLine ID="line_8" HPOS="213" VPOS="414" WIDTH="753" HEIGHT="28">
							<String ID="string_59" HPOS="213" VPOS="416" WIDTH="33" HEIGHT="20" WC="0.94" CONTENT="att"/><SP WIDTH="14" VPOS="416" HPOS="246"/>
							<String ID="string_60" HPOS="260" VPOS="420" WIDTH="77" HEIGHT="21" WC="0.96" CONTENT="genom"/><SP WIDTH="15" VPOS="420" HPOS="337"/>
							<String ID="string_61" HPOS="352" VPOS="420" WIDTH="26" HEIGHT="16" WC="0.96" CONTENT="en"/><SP WIDTH="15" VPOS="420" HPOS="378"/>
							<String ID="string_62" HPOS="393" VPOS="415" WIDTH="25" HEIGHT="21" WC="0.93" CONTENT="sä"/><SP WIDTH="15" VPOS="415" HPOS="418"/>
							<String ID="string_63" HPOS="433" VPOS="414" WIDTH="112" HEIGHT="22" WC="0.91" CONTENT="beskaffad"/><SP WIDTH="15" VPOS="414" HPOS="545"/>
							<String ID="string_64" HPOS="560" VPOS="414" WIDTH="140" HEIGHT="27" WC="0.92" CONTENT="beskattning"/><SP WIDTH="16" VPOS="414" HPOS="700"/>
							<String ID="string_65" HPOS="716" VPOS="415" WIDTH="32" HEIGHT="20" WC="0.93" CONTENT="ett"/><SP WIDTH="11" VPOS="415" HPOS="748"/>
							<String ID="string_66" HPOS="759" VPOS="414" WIDTH="71" HEIGHT="28" WC="0.92" CONTENT="afsteg"/><SP WIDTH="12" VPOS="414" HPOS="830"/>
							<String ID="string_67" HPOS="842" VPOS="416" WIDTH="64" HEIGHT="26" WC="0.91" CONTENT="göres"/><SP WIDTH="11" VPOS="416" HPOS="906"/>
							<String ID="string_68" HPOS="917" VPOS="414" WIDTH="49" HEIGHT="22" WC="0.92" CONTENT="frän"/>
						</TextLine>
						<TextLine ID="line_9" HPOS="213" VPOS="448" WIDTH="753" HEIGHT="27">
							<String ID="string_69" HPOS="213" VPOS="449" WIDTH="40" HEIGHT="21" WC="0.93" CONTENT="den"/><SP WIDTH="15" VPOS="449" HPOS="253"/>
							<String ID="string_70" HPOS="268" VPOS="448" WIDTH="123" HEIGHT="27" WC="0.90" CONTENT="grundsats,"/><SP WIDTH="16" VPOS="448" HPOS="391"/>
							<String ID="string_71" HPOS="407" VPOS="449" WIDTH="28" HEIGHT="26" WC="0.93" CONTENT="pä"/><SP WIDTH="15" VPOS="449" HPOS="435"/>
							<String ID="string_72" HPOS="450" VPOS="449" WIDTH="87" HEIGHT="21" WC="0.91" CONTENT="hvilken"/><SP WIDTH="15" VPOS="449" HPOS="537"/>
							<String ID="string_73" HPOS="552" VPOS="448" WIDTH="48" HEIGHT="22" WC="0.93" CONTENT="icke"/><SP WIDTH="15" VPOS="448" HPOS="600"/>
							<String ID="string_74" HPOS="615" VPOS="448" WIDTH="55" HEIGHT="22" WC="0.90" CONTENT="blott"/><SP WIDTH="15" VPOS="448" HPOS="670"/>
							<String ID="string_75" HPOS="685" VPOS="450" WIDTH="13" HEIGHT="25" WC="0.93" CONTENT="&amp;"/><SP WIDTH="16" VPOS="450" HPOS="698"/>
							<String ID="string_76" HPOS="714" VPOS="450" WIDTH="34" HEIGHT="25" WC="0.95" CONTENT="82,"/><SP WIDTH="11" VPOS="450" HPOS="748"/>
							<String ID="string_77" HPOS="759" VPOS="450" WIDTH="52" HEIGHT="20" WC="0.93" CONTENT="utan"/><SP WIDTH="12" VPOS="450" HPOS="811"/>
							<String ID="string_78" HPOS="823" VPOS="448" WIDTH="64" HEIGHT="22" WC="0.92" CONTENT="äfven"/><SP WIDTH="12" VPOS="448" HPOS="887"/>
							<String ID="string_79" HPOS="899" VPOS="449" WIDTH="67" HEIGHT="21" WC="0.96" CONTENT="andra"/>
						</TextLine>
						<TextLine ID="line_10" HPOS="212" VPOS="482" WIDTH="754" HEIGHT="28">
							<String ID="string_80" HPOS="212" VPOS="482" WIDTH="136" HEIGHT="28" WC="0.92" CONTENT="stadganden"/><SP WIDTH="15" VPOS="482" HPOS="348"/>
							<String ID="string_81" HPOS="363" VPOS="482" WIDTH="7" HEIGHT="21" WC="0.93" CONTENT="i"/><SP WIDTH="15" VPOS="482" HPOS="370"/>
							<String ID="string_82" HPOS="385" VPOS="482" WIDTH="157" HEIGHT="28" WC="0.90" CONTENT="författningen"/><SP WIDTH="14" VPOS="482" HPOS="542"/>
							<String ID="string_83" HPOS="556" VPOS="482" WIDTH="65" HEIGHT="26" WC="0.92" CONTENT="hvila,"/><SP WIDTH="15" VPOS="482" HPOS="621"/>
							<String ID="string_84" HPOS="636" VPOS="482" WIDTH="108" HEIGHT="28" WC="0.96" CONTENT="nämligen"/><SP WIDTH="16" VPOS="482" HPOS="744"/>
							<String ID="string_85" HPOS="760" VPOS="484" WIDTH="33" HEIGHT="20" WC="0.96" CONTENT="att"/><SP WIDTH="10" VPOS="484" HPOS="793"/>
							<String ID="string_86" HPOS="803" VPOS="482" WIDTH="37" HEIGHT="22" WC="0.96" CONTENT="det"/><SP WIDTH="10" VPOS="482" HPOS="840"/>
							<String ID="string_87" HPOS="850" VPOS="485" WIDTH="25" HEIGHT="19" WC="0.92" CONTENT="är"/><SP WIDTH="11" VPOS="485" HPOS="875"/>
							<String ID="string_88" HPOS="886" VPOS="483" WIDTH="80" HEIGHT="22" WC="0.92" CONTENT="inkom-"/>
						</TextLine>
						<TextLine ID="line_11" HPOS="212" VPOS="516" WIDTH="754" HEIGHT="27">
							<String ID="string_89" HPOS="212" VPOS="519" WIDTH="55" HEIGHT="24" WC="0.96" CONTENT="sten,"/><SP WIDTH="15" VPOS="519" HPOS="267"/>
							<String ID="string_90" HPOS="282" VPOS="523" WIDTH="44" HEIGHT="16" WC="0.96" CONTENT="som"/><SP WIDTH="15" VPOS="523" HPOS="326"/>
							<String ID="string_91" HPOS="341" VPOS="517" WIDTH="56" HEIGHT="21" WC="0.93" CONTENT="skall"/><SP WIDTH="14" VPOS="517" HPOS="397"/>
							<String ID="string_92" HPOS="411" VPOS="517" WIDTH="119" HEIGHT="22" WC="0.92" CONTENT="beskattas."/><SP WIDTH="23" VPOS="517" HPOS="530"/>
							<String ID="string_93" HPOS="553" VPOS="516" WIDTH="79" HEIGHT="22" WC="0.92" CONTENT="Derför"/><SP WIDTH="14" VPOS="516" HPOS="632"/>
							<String ID="string_94" HPOS="646" VPOS="517" WIDTH="40" HEIGHT="21" WC="0.93" CONTENT="har"/><SP WIDTH="14" VPOS="517" HPOS="686"/>
							<String ID="string_95" HPOS="700" VPOS="517" WIDTH="94" HEIGHT="22" WC="0.92" CONTENT="flertalet"/><SP WIDTH="16" VPOS="517" HPOS="794"/>
							<String ID="string_96" HPOS="810" VPOS="517" WIDTH="24" HEIGHT="21" WC="0.93" CONTENT="af"/><SP WIDTH="8" VPOS="517" HPOS="834"/>
							<String ID="string_97" HPOS="842" VPOS="518" WIDTH="124" HEIGHT="22" WC="0.92" CONTENT="Utskottets"/>
						</TextLine>
						<TextLine ID="line_12" HPOS="213" VPOS="550" WIDTH="754" HEIGHT="30">
							<String ID="string_98" HPOS="213" VPOS="552" WIDTH="136" HEIGHT="22" WC="0.93" CONTENT="medlemmar"/><SP WIDTH="21" VPOS="552" HPOS="349"/>
							<String ID="string_99" HPOS="370" VPOS="550" WIDTH="65" HEIGHT="23" WC="0.92" CONTENT="äfven"/><SP WIDTH="15" VPOS="550" HPOS="435"/>
							<String ID="string_100" HPOS="450" VPOS="553" WIDTH="109" HEIGHT="26" WC="0.92" CONTENT="gentemot"/><SP WIDTH="15" VPOS="553" HPOS="559"/>
							<String ID="string_101" HPOS="574" VPOS="551" WIDTH="61" HEIGHT="22" WC="0.97" CONTENT="detta"/><SP WIDTH="15" VPOS="551" HPOS="635"/>
							<String ID="string_102" HPOS="650" VPOS="551" WIDTH="82" HEIGHT="28" WC="0.93" CONTENT="förslag"/><SP WIDTH="15" VPOS="551" HPOS="732"/>
							<String ID="string_103" HPOS="747" VPOS="551" WIDTH="97" HEIGHT="22" WC="0.92" CONTENT="förhällit"/><SP WIDTH="14" VPOS="551" HPOS="844"/>
							<String ID="string_104" HPOS="858" VPOS="552" WIDTH="35" HEIGHT="28" WC="0.92" CONTENT="sig"/><SP WIDTH="15" VPOS="552" HPOS="893"/>
							<String ID="string_105" HPOS="908" VPOS="552" WIDTH="59" HEIGHT="22" WC="0.88" CONTENT="afbö-"/>
						</TextLine>
						<TextLine ID="line_13" HPOS="211" VPOS="586" WIDTH="72" HEIGHT="28">
							<String ID="string_106" HPOS="211" VPOS="586" WIDTH="72" HEIGHT="28" WC="0.91" CONTENT="jande."/>
						</TextLine>
					</TextBlock>
					<TextBlock ID="block_3" HPOS="212" VPOS="620" WIDTH="756" HEIGHT="579">
						<TextLine ID="line_14" HPOS="281" VPOS="620" WIDTH="685" HEIGHT="30">
							<String ID="string_107" HPOS="281" VPOS="621" WIDTH="35" HEIGHT="21" WC="0.90" CONTENT="Dä"/><SP WIDTH="14" VPOS="621" HPOS="316"/>
							<String ID="string_108" HPOS="330" VPOS="620" WIDTH="114" HEIGHT="22" WC="0.92" CONTENT="Utskottet"/><SP WIDTH="15" VPOS="620" HPOS="444"/>
							<String ID="string_109" HPOS="459" VPOS="621" WIDTH="29" HEIGHT="27" WC="0.96" CONTENT="pä"/><SP WIDTH="14" VPOS="621" HPOS="488"/>
							<String ID="string_110" HPOS="502" VPOS="621" WIDTH="40" HEIGHT="21" WC="0.93" CONTENT="här"/><SP WIDTH="14" VPOS="621" HPOS="542"/>
							<String ID="string_111" HPOS="556" VPOS="620" WIDTH="91" HEIGHT="22" WC="0.92" CONTENT="anförda"/><SP WIDTH="15" VPOS="620" HPOS="647"/>
							<String ID="string_112" HPOS="662" VPOS="621" WIDTH="95" HEIGHT="27" WC="0.96" CONTENT="grunder"/><SP WIDTH="14" VPOS="621" HPOS="757"/>
							<String ID="string_113" HPOS="771" VPOS="621" WIDTH="8" HEIGHT="22" WC="0.96" CONTENT="i"/><SP WIDTH="15" VPOS="621" HPOS="779"/>
							<String ID="string_114" HPOS="794" VPOS="621" WIDTH="38" HEIGHT="21" WC="0.96" CONTENT="allt"/><SP WIDTH="15" VPOS="621" HPOS="832"/>
							<String ID="string_115" HPOS="847" VPOS="622" WIDTH="119" HEIGHT="28" WC="0.96" CONTENT="väsentligt"/>
						</TextLine>
						<TextLine ID="line_15" HPOS="213" VPOS="655" WIDTH="752" HEIGHT="28">
							<String ID="string_116" HPOS="213" VPOS="656" WIDTH="90" HEIGHT="22" WC="0.95" CONTENT="anslutit"/><SP WIDTH="20" VPOS="656" HPOS="303"/>
							<String ID="string_117" HPOS="323" VPOS="655" WIDTH="34" HEIGHT="27" WC="0.96" CONTENT="sig"/><SP WIDTH="22" VPOS="655" HPOS="357"/>
							<String ID="string_118" HPOS="379" VPOS="655" WIDTH="33" HEIGHT="22" WC="0.96" CONTENT="till"/><SP WIDTH="23" VPOS="655" HPOS="412"/>
							<String ID="string_119" HPOS="435" VPOS="655" WIDTH="41" HEIGHT="22" WC="0.93" CONTENT="den"/><SP WIDTH="23" VPOS="655" HPOS="476"/>
							<String ID="string_120" HPOS="499" VPOS="656" WIDTH="49" HEIGHT="21" WC="0.93" CONTENT="nåd."/><SP WIDTH="22" VPOS="656" HPOS="548"/>
							<String ID="string_121" HPOS="570" VPOS="655" WIDTH="170" HEIGHT="27" WC="0.91" CONTENT="propositionens"/><SP WIDTH="22" VPOS="655" HPOS="740"/>
							<String ID="string_122" HPOS="762" VPOS="656" WIDTH="136" HEIGHT="27" WC="0.96" CONTENT="stadganden"/><SP WIDTH="15" VPOS="656" HPOS="898"/>
							<String ID="string_123" HPOS="913" VPOS="656" WIDTH="7" HEIGHT="22" WC="0.90" CONTENT="i"/><SP WIDTH="15" VPOS="656" HPOS="920"/>
							<String ID="string_124" HPOS="935" VPOS="656" WIDTH="30" HEIGHT="22" WC="0.90" CONTENT="fö-"/>
						</TextLine>
						<TextLine ID="line_16" HPOS="212" VPOS="689" WIDTH="754" HEIGHT="29">
							<String ID="string_125" HPOS="212" VPOS="690" WIDTH="120" HEIGHT="23" WC="0.90" CONTENT="revarande"/><SP WIDTH="22" VPOS="690" HPOS="332"/>
							<String ID="string_126" HPOS="354" VPOS="689" WIDTH="19" HEIGHT="29" WC="0.21" CONTENT="8,"/><SP WIDTH="16" VPOS="689" HPOS="373"/>
							<String ID="string_127" HPOS="389" VPOS="690" WIDTH="40" HEIGHT="21" WC="0.96" CONTENT="har"/><SP WIDTH="15" VPOS="690" HPOS="429"/>
							<String ID="string_128" HPOS="444" VPOS="690" WIDTH="54" HEIGHT="22" WC="0.96" CONTENT="dock"/><SP WIDTH="22" VPOS="690" HPOS="498"/>
							<String ID="string_129" HPOS="520" VPOS="690" WIDTH="8" HEIGHT="22" WC="0.76" CONTENT="i"/><SP WIDTH="16" VPOS="690" HPOS="528"/>
							<String ID="string_130" HPOS="544" VPOS="692" WIDTH="10" HEIGHT="20" WC="0.76" CONTENT="1"/><SP WIDTH="18" VPOS="692" HPOS="554"/>
							<String ID="string_131" HPOS="572" VPOS="696" WIDTH="60" HEIGHT="16" WC="0.93" CONTENT="mom."/><SP WIDTH="16" VPOS="696" HPOS="632"/>
							<String ID="string_132" HPOS="648" VPOS="690" WIDTH="91" HEIGHT="28" WC="0.96" CONTENT="intagits"/><SP WIDTH="16" VPOS="690" HPOS="739"/>
							<String ID="string_133" HPOS="755" VPOS="692" WIDTH="31" HEIGHT="20" WC="0.93" CONTENT="ett"/><SP WIDTH="18" VPOS="692" HPOS="786"/>
							<String ID="string_134" HPOS="804" VPOS="690" WIDTH="162" HEIGHT="28" WC="0.96" CONTENT="förtydligande"/>
						</TextLine>
						<TextLine ID="line_17" HPOS="213" VPOS="724" WIDTH="754" HEIGHT="30">
							<String ID="string_135" HPOS="213" VPOS="725" WIDTH="84" HEIGHT="28" WC="0.91" CONTENT="tillägg,"/><SP WIDTH="23" VPOS="725" HPOS="297"/>
							<String ID="string_136" HPOS="320" VPOS="724" WIDTH="24" HEIGHT="22" WC="0.93" CONTENT="af"/><SP WIDTH="20" VPOS="724" HPOS="344"/>
							<String ID="string_137" HPOS="364" VPOS="724" WIDTH="100" HEIGHT="26" WC="0.92" CONTENT="innehäll,"/><SP WIDTH="24" VPOS="724" HPOS="464"/>
							<String ID="string_138" HPOS="488" VPOS="726" WIDTH="34" HEIGHT="20" WC="0.96" CONTENT="att"/><SP WIDTH="21" VPOS="726" HPOS="522"/>
							<String ID="string_139" HPOS="543" VPOS="724" WIDTH="37" HEIGHT="23" WC="0.93" CONTENT="vid"/><SP WIDTH="21" VPOS="724" HPOS="580"/>
							<String ID="string_140" HPOS="601" VPOS="725" WIDTH="185" HEIGHT="27" WC="0.92" CONTENT="uppskattningen"/><SP WIDTH="16" VPOS="725" HPOS="786"/>
							<String ID="string_141" HPOS="802" VPOS="724" WIDTH="24" HEIGHT="23" WC="0.93" CONTENT="af"/><SP WIDTH="13" VPOS="724" HPOS="826"/>
							<String ID="string_142" HPOS="839" VPOS="725" WIDTH="128" HEIGHT="29" WC="0.92" CONTENT="afkastning"/>
						</TextLine>
						<TextLine ID="line_18" HPOS="213" VPOS="758" WIDTH="755" HEIGHT="29">
							<String ID="string_143" HPOS="213" VPOS="759" WIDTH="49" HEIGHT="22" WC="0.92" CONTENT="frän"/><SP WIDTH="14" VPOS="759" HPOS="262"/>
							<String ID="string_144" HPOS="276" VPOS="759" WIDTH="158" HEIGHT="22" WC="0.90" CONTENT="kronoboställe"/><SP WIDTH="16" VPOS="759" HPOS="434"/>
							<String ID="string_145" HPOS="450" VPOS="759" WIDTH="78" HEIGHT="28" WC="0.91" CONTENT="afdrag"/><SP WIDTH="14" VPOS="759" HPOS="528"/>
							<String ID="string_146" HPOS="542" VPOS="759" WIDTH="48" HEIGHT="22" WC="0.92" CONTENT="icke"/><SP WIDTH="14" VPOS="759" HPOS="590"/>
							<String ID="string_147" HPOS="604" VPOS="758" WIDTH="57" HEIGHT="28" WC="0.92" CONTENT="finge"/><SP WIDTH="15" VPOS="758" HPOS="661"/>
							<String ID="string_148" HPOS="676" VPOS="761" WIDTH="65" HEIGHT="25" WC="0.90" CONTENT="göras"/><SP WIDTH="15" VPOS="761" HPOS="741"/>
							<String ID="string_149" HPOS="756" VPOS="759" WIDTH="34" HEIGHT="22" WC="0.94" CONTENT="för"/><SP WIDTH="8" VPOS="759" HPOS="790"/>
							<String ID="string_150" HPOS="798" VPOS="760" WIDTH="37" HEIGHT="22" WC="0.96" CONTENT="det"/><SP WIDTH="9" VPOS="760" HPOS="835"/>
							<String ID="string_151" HPOS="844" VPOS="759" WIDTH="33" HEIGHT="22" WC="0.93" CONTENT="till"/><SP WIDTH="8" VPOS="759" HPOS="877"/>
							<String ID="string_152" HPOS="885" VPOS="760" WIDTH="83" HEIGHT="22" WC="0.91" CONTENT="kronan"/>
						</TextLine>
						<TextLine ID="line_19" HPOS="213" VPOS="794" WIDTH="754" HEIGHT="28">
							<String ID="string_153" HPOS="213" VPOS="794" WIDTH="82" HEIGHT="22" WC="0.91" CONTENT="utfästa"/><SP WIDTH="21" VPOS="794" HPOS="295"/>
							<String ID="string_154" HPOS="316" VPOS="794" WIDTH="106" HEIGHT="22" WC="0.92" CONTENT="arrendet."/><SP WIDTH="30" VPOS="794" HPOS="422"/>
							<String ID="string_155" HPOS="452" VPOS="794" WIDTH="150" HEIGHT="27" WC="0.96" CONTENT="Anledningen"/><SP WIDTH="22" VPOS="794" HPOS="602"/>
							<String ID="string_156" HPOS="624" VPOS="794" WIDTH="34" HEIGHT="20" WC="0.95" CONTENT="till"/><SP WIDTH="24" VPOS="794" HPOS="658"/>
							<String ID="string_157" HPOS="682" VPOS="794" WIDTH="60" HEIGHT="21" WC="0.91" CONTENT="detta"/><SP WIDTH="22" VPOS="794" HPOS="742"/>
							<String ID="string_158" HPOS="764" VPOS="794" WIDTH="78" HEIGHT="28" WC="0.95" CONTENT="tillägg"/><SP WIDTH="22" VPOS="794" HPOS="842"/>
							<String ID="string_159" HPOS="864" VPOS="796" WIDTH="24" HEIGHT="20" WC="0.85" CONTENT="är"/><SP WIDTH="16" VPOS="796" HPOS="888"/>
							<String ID="string_160" HPOS="904" VPOS="795" WIDTH="63" HEIGHT="26" WC="0.13" CONTENT="att,"/><SP WIDTH="-11" VPOS="795" HPOS="967"/>
							<String ID="string_161" HPOS="956" VPOS="790" WIDTH="14" HEIGHT="36" WC="0.96" CONTENT="i"/>
						</TextLine>
						<TextLine ID="line_20" HPOS="213" VPOS="827" WIDTH="752" HEIGHT="28">
							<String ID="string_162" HPOS="213" VPOS="828" WIDTH="38" HEIGHT="22" WC="0.93" CONTENT="fall"/><SP WIDTH="22" VPOS="828" HPOS="251"/>
							<String ID="string_163" HPOS="273" VPOS="828" WIDTH="91" HEIGHT="22" WC="0.92" CONTENT="arrende"/><SP WIDTH="22" VPOS="828" HPOS="364"/>
							<String ID="string_164" HPOS="386" VPOS="827" WIDTH="34" HEIGHT="22" WC="0.93" CONTENT="för"/><SP WIDTH="14" VPOS="827" HPOS="420"/>
							<String ID="string_165" HPOS="434" VPOS="828" WIDTH="158" HEIGHT="22" WC="0.91" CONTENT="kronoboställe"/><SP WIDTH="16" VPOS="828" HPOS="592"/>
							<String ID="string_166" HPOS="608" VPOS="828" WIDTH="58" HEIGHT="27" WC="0.92" CONTENT="finge"/><SP WIDTH="15" VPOS="828" HPOS="666"/>
							<String ID="string_167" HPOS="681" VPOS="827" WIDTH="103" HEIGHT="28" WC="0.92" CONTENT="afdragas"/><SP WIDTH="14" VPOS="827" HPOS="784"/>
							<String ID="string_168" HPOS="798" VPOS="828" WIDTH="50" HEIGHT="22" WC="0.92" CONTENT="frän"/><SP WIDTH="18" VPOS="828" HPOS="848"/>
							<String ID="string_169" HPOS="866" VPOS="828" WIDTH="99" HEIGHT="22" WC="0.93" CONTENT="arrenda-"/>
						</TextLine>
						<TextLine ID="line_21" HPOS="213" VPOS="862" WIDTH="753" HEIGHT="29">
							<String ID="string_170" HPOS="213" VPOS="866" WIDTH="44" HEIGHT="19" WC="0.96" CONTENT="tors"/><SP WIDTH="22" VPOS="866" HPOS="257"/>
							<String ID="string_171" HPOS="279" VPOS="863" WIDTH="93" HEIGHT="21" WC="0.96" CONTENT="inkomst"/><SP WIDTH="17" VPOS="863" HPOS="372"/>
							<String ID="string_172" HPOS="389" VPOS="862" WIDTH="25" HEIGHT="22" WC="0.93" CONTENT="af"/><SP WIDTH="12" VPOS="862" HPOS="414"/>
							<String ID="string_173" HPOS="426" VPOS="863" WIDTH="137" HEIGHT="27" WC="0.96" CONTENT="lägenheten,"/><SP WIDTH="17" VPOS="863" HPOS="563"/>
							<String ID="string_174" HPOS="580" VPOS="863" WIDTH="41" HEIGHT="22" WC="0.96" CONTENT="den"/><SP WIDTH="15" VPOS="863" HPOS="621"/>
							<String ID="string_175" HPOS="636" VPOS="862" WIDTH="35" HEIGHT="22" WC="0.96" CONTENT="del"/><SP WIDTH="15" VPOS="862" HPOS="671"/>
							<String ID="string_176" HPOS="686" VPOS="863" WIDTH="25" HEIGHT="21" WC="0.93" CONTENT="af"/><SP WIDTH="12" VPOS="863" HPOS="711"/>
							<String ID="string_177" HPOS="723" VPOS="863" WIDTH="69" HEIGHT="22" WC="0.93" CONTENT="sådan"/><SP WIDTH="14" VPOS="863" HPOS="792"/>
							<String ID="string_178" HPOS="806" VPOS="864" WIDTH="113" HEIGHT="27" WC="0.93" CONTENT="lägenhets"/><SP WIDTH="15" VPOS="864" HPOS="919"/>
							<String ID="string_179" HPOS="934" VPOS="864" WIDTH="32" HEIGHT="22" WC="0.92" CONTENT="af-"/>
						</TextLine>
						<TextLine ID="line_22" HPOS="213" VPOS="898" WIDTH="754" HEIGHT="28">
							<String ID="string_180" HPOS="213" VPOS="898" WIDTH="109" HEIGHT="27" WC="0.92" CONTENT="kastning,"/><SP WIDTH="15" VPOS="898" HPOS="322"/>
							<String ID="string_181" HPOS="337" VPOS="904" WIDTH="46" HEIGHT="16" WC="0.96" CONTENT="som"/><SP WIDTH="14" VPOS="904" HPOS="383"/>
							<String ID="string_182" HPOS="397" VPOS="899" WIDTH="121" HEIGHT="21" WC="0.93" CONTENT="motsvarar"/><SP WIDTH="15" VPOS="899" HPOS="518"/>
							<String ID="string_183" HPOS="533" VPOS="898" WIDTH="107" HEIGHT="27" WC="0.92" CONTENT="arrendet,"/><SP WIDTH="20" VPOS="898" HPOS="640"/>
							<String ID="string_184" HPOS="660" VPOS="898" WIDTH="73" HEIGHT="22" WC="0.96" CONTENT="städse"/><SP WIDTH="14" VPOS="898" HPOS="733"/>
							<String ID="string_185" HPOS="747" VPOS="898" WIDTH="83" HEIGHT="22" WC="0.96" CONTENT="komme"/><SP WIDTH="15" VPOS="898" HPOS="830"/>
							<String ID="string_186" HPOS="845" VPOS="900" WIDTH="34" HEIGHT="20" WC="0.92" CONTENT="att"/><SP WIDTH="15" VPOS="900" HPOS="879"/>
							<String ID="string_187" HPOS="894" VPOS="898" WIDTH="73" HEIGHT="28" WC="0.96" CONTENT="undgå"/>
						</TextLine>
						<TextLine ID="line_23" HPOS="213" VPOS="932" WIDTH="753" HEIGHT="28">
							<String ID="string_188" HPOS="213" VPOS="932" WIDTH="269" HEIGHT="27" WC="0.88" CONTENT="kommunalbeskattning,"/><SP WIDTH="17" VPOS="932" HPOS="482"/>
							<String ID="string_189" HPOS="499" VPOS="932" WIDTH="29" HEIGHT="22" WC="0.93" CONTENT="dä"/><SP WIDTH="14" VPOS="932" HPOS="528"/>
							<String ID="string_190" HPOS="542" VPOS="933" WIDTH="90" HEIGHT="27" WC="0.91" CONTENT="kronan,"/><SP WIDTH="16" VPOS="933" HPOS="632"/>
							<String ID="string_191" HPOS="648" VPOS="938" WIDTH="43" HEIGHT="16" WC="0.93" CONTENT="som"/><SP WIDTH="16" VPOS="938" HPOS="691"/>
							<String ID="string_192" HPOS="707" VPOS="932" WIDTH="83" HEIGHT="28" WC="0.92" CONTENT="uppbär"/><SP WIDTH="10" VPOS="932" HPOS="790"/>
							<String ID="string_193" HPOS="800" VPOS="933" WIDTH="107" HEIGHT="24" WC="0.91" CONTENT="arrendet,"/><SP WIDTH="11" VPOS="933" HPOS="907"/>
							<String ID="string_194" HPOS="918" VPOS="932" WIDTH="48" HEIGHT="22" WC="0.92" CONTENT="der-"/>
						</TextLine>
						<TextLine ID="line_24" HPOS="213" VPOS="966" WIDTH="753" HEIGHT="28">
							<String ID="string_195" HPOS="213" VPOS="966" WIDTH="35" HEIGHT="22" WC="0.93" CONTENT="för"/><SP WIDTH="13" VPOS="966" HPOS="248"/>
							<String ID="string_196" HPOS="261" VPOS="967" WIDTH="48" HEIGHT="21" WC="0.89" CONTENT="icke"/><SP WIDTH="20" VPOS="967" HPOS="309"/>
							<String ID="string_197" HPOS="329" VPOS="966" WIDTH="100" HEIGHT="28" WC="0.90" CONTENT="erlägger"/><SP WIDTH="14" VPOS="966" HPOS="429"/>
							<String ID="string_198" HPOS="443" VPOS="967" WIDTH="73" HEIGHT="26" WC="0.91" CONTENT="nägon"/><SP WIDTH="14" VPOS="967" HPOS="516"/>
							<String ID="string_199" HPOS="530" VPOS="967" WIDTH="67" HEIGHT="27" WC="0.92" CONTENT="skatt,"/><SP WIDTH="16" VPOS="967" HPOS="597"/>
							<String ID="string_200" HPOS="613" VPOS="967" WIDTH="112" HEIGHT="21" WC="0.92" CONTENT="hvaremot"/><SP WIDTH="14" VPOS="967" HPOS="725"/>
							<String ID="string_201" HPOS="739" VPOS="968" WIDTH="92" HEIGHT="20" WC="0.92" CONTENT="arrende"/><SP WIDTH="14" VPOS="968" HPOS="831"/>
							<String ID="string_202" HPOS="845" VPOS="967" WIDTH="34" HEIGHT="22" WC="0.93" CONTENT="för"/><SP WIDTH="14" VPOS="967" HPOS="879"/>
							<String ID="string_203" HPOS="893" VPOS="967" WIDTH="73" HEIGHT="27" WC="0.92" CONTENT="lägen-"/>
						</TextLine>
						<TextLine ID="line_25" HPOS="214" VPOS="1000" WIDTH="754" HEIGHT="29">
							<String ID="string_204" HPOS="214" VPOS="1002" WIDTH="43" HEIGHT="26" WC="0.95" CONTENT="het,"/><SP WIDTH="22" VPOS="1002" HPOS="257"/>
							<String ID="string_205" HPOS="279" VPOS="1007" WIDTH="45" HEIGHT="15" WC="0.95" CONTENT="som"/><SP WIDTH="22" VPOS="1007" HPOS="324"/>
							<String ID="string_206" HPOS="346" VPOS="1003" WIDTH="25" HEIGHT="19" WC="0.96" CONTENT="är"/><SP WIDTH="21" VPOS="1003" HPOS="371"/>
							<String ID="string_207" HPOS="392" VPOS="1001" WIDTH="8" HEIGHT="21" WC="0.93" CONTENT="i"/><SP WIDTH="22" VPOS="1001" HPOS="400"/>
							<String ID="string_208" HPOS="422" VPOS="1000" WIDTH="83" HEIGHT="22" WC="0.95" CONTENT="enskild"/><SP WIDTH="23" VPOS="1000" HPOS="505"/>
							<String ID="string_209" HPOS="528" VPOS="1007" WIDTH="40" HEIGHT="21" WC="0.95" CONTENT="ego"/><SP WIDTH="15" VPOS="1007" HPOS="568"/>
							<String ID="string_210" HPOS="583" VPOS="1001" WIDTH="52" HEIGHT="21" WC="0.93" CONTENT="eller"/><SP WIDTH="13" VPOS="1001" HPOS="635"/>
							<String ID="string_211" HPOS="648" VPOS="1001" WIDTH="73" HEIGHT="21" WC="0.96" CONTENT="tillhör"/><SP WIDTH="15" VPOS="1001" HPOS="721"/>
							<String ID="string_212" HPOS="736" VPOS="1001" WIDTH="140" HEIGHT="28" WC="0.93" CONTENT="beskattning"/><SP WIDTH="15" VPOS="1001" HPOS="876"/>
							<String ID="string_213" HPOS="891" VPOS="1001" WIDTH="77" HEIGHT="22" WC="0.91" CONTENT="under-"/>
						</TextLine>
						<TextLine ID="line_26" HPOS="214" VPOS="1035" WIDTH="752" HEIGHT="27">
							<String ID="string_214" HPOS="214" VPOS="1035" WIDTH="78" HEIGHT="22" WC="0.90" CONTENT="kastad"/><SP WIDTH="22" VPOS="1035" HPOS="292"/>
							<String ID="string_215" HPOS="314" VPOS="1035" WIDTH="127" HEIGHT="27" WC="0.88" CONTENT="inrättning,"/><SP WIDTH="23" VPOS="1035" HPOS="441"/>
							<String ID="string_216" HPOS="464" VPOS="1036" WIDTH="86" HEIGHT="20" WC="0.91" CONTENT="taxeras"/><SP WIDTH="22" VPOS="1036" HPOS="550"/>
							<String ID="string_217" HPOS="572" VPOS="1035" WIDTH="69" HEIGHT="21" WC="0.92" CONTENT="säsom"/><SP WIDTH="23" VPOS="1035" HPOS="641"/>
							<String ID="string_218" HPOS="664" VPOS="1035" WIDTH="93" HEIGHT="21" WC="0.92" CONTENT="inkomst"/><SP WIDTH="17" VPOS="1035" HPOS="757"/>
							<String ID="string_219" HPOS="774" VPOS="1035" WIDTH="6" HEIGHT="21" WC="0.93" CONTENT="i"/><SP WIDTH="16" VPOS="1035" HPOS="780"/>
							<String ID="string_220" HPOS="796" VPOS="1041" WIDTH="90" HEIGHT="21" WC="0.91" CONTENT="egarens"/><SP WIDTH="16" VPOS="1041" HPOS="886"/>
							<String ID="string_221" HPOS="902" VPOS="1035" WIDTH="64" HEIGHT="22" WC="0.96" CONTENT="hand."/>
						</TextLine>
						<TextLine ID="line_27" HPOS="213" VPOS="1069" WIDTH="751" HEIGHT="28">
							<String ID="string_222" HPOS="213" VPOS="1070" WIDTH="78" HEIGHT="27" WC="0.90" CONTENT="Nägon"/><SP WIDTH="15" VPOS="1070" HPOS="291"/>
							<String ID="string_223" HPOS="306" VPOS="1071" WIDTH="58" HEIGHT="20" WC="0.91" CONTENT="orätt"/><SP WIDTH="15" VPOS="1071" HPOS="364"/>
							<String ID="string_224" HPOS="379" VPOS="1069" WIDTH="128" HEIGHT="27" WC="0.88" CONTENT="tillskyndas"/><SP WIDTH="15" VPOS="1069" HPOS="507"/>
							<String ID="string_225" HPOS="522" VPOS="1069" WIDTH="124" HEIGHT="27" WC="0.92" CONTENT="härigenom"/><SP WIDTH="10" VPOS="1069" HPOS="646"/>
							<String ID="string_226" HPOS="656" VPOS="1069" WIDTH="48" HEIGHT="22" WC="0.93" CONTENT="icke"/><SP WIDTH="11" VPOS="1069" HPOS="704"/>
							<String ID="string_227" HPOS="715" VPOS="1069" WIDTH="249" HEIGHT="28" WC="0.92" CONTENT="boställsinnehafvaren,"/>
						</TextLine>
						<TextLine ID="line_28" HPOS="214" VPOS="1103" WIDTH="754" HEIGHT="29">
							<String ID="string_228" HPOS="214" VPOS="1106" WIDTH="52" HEIGHT="20" WC="0.92" CONTENT="enär"/><SP WIDTH="21" VPOS="1106" HPOS="266"/>
							<String ID="string_229" HPOS="287" VPOS="1104" WIDTH="43" HEIGHT="20" WC="0.93" CONTENT="han"/><SP WIDTH="23" VPOS="1104" HPOS="330"/>
							<String ID="string_230" HPOS="353" VPOS="1103" WIDTH="65" HEIGHT="22" WC="0.91" CONTENT="äfven"/><SP WIDTH="22" VPOS="1103" HPOS="418"/>
							<String ID="string_231" HPOS="440" VPOS="1104" WIDTH="68" HEIGHT="27" WC="0.96" CONTENT="enligt"/><SP WIDTH="18" VPOS="1104" HPOS="508"/>
							<String ID="string_232" HPOS="526" VPOS="1104" WIDTH="126" HEIGHT="21" WC="0.93" CONTENT="nuvarande"/><SP WIDTH="14" VPOS="1104" HPOS="652"/>
							<String ID="string_233" HPOS="666" VPOS="1104" WIDTH="162" HEIGHT="27" WC="0.91" CONTENT="bestämningar"/><SP WIDTH="15" VPOS="1104" HPOS="828"/>
							<String ID="string_234" HPOS="843" VPOS="1106" WIDTH="25" HEIGHT="20" WC="0.92" CONTENT="är"/><SP WIDTH="14" VPOS="1106" HPOS="868"/>
							<String ID="string_235" HPOS="882" VPOS="1104" WIDTH="86" HEIGHT="28" WC="0.92" CONTENT="skyldig"/>
						</TextLine>
						<TextLine ID="line_29" HPOS="214" VPOS="1137" WIDTH="753" HEIGHT="29">
							<String ID="string_236" HPOS="214" VPOS="1140" WIDTH="39" HEIGHT="25" WC="0.96" CONTENT="att,"/><SP WIDTH="16" VPOS="1140" HPOS="253"/>
							<String ID="string_237" HPOS="269" VPOS="1139" WIDTH="54" HEIGHT="20" WC="0.93" CONTENT="utan"/><SP WIDTH="15" VPOS="1139" HPOS="323"/>
							<String ID="string_238" HPOS="338" VPOS="1137" WIDTH="78" HEIGHT="28" WC="0.92" CONTENT="afdrag"/><SP WIDTH="15" VPOS="1137" HPOS="416"/>
							<String ID="string_239" HPOS="431" VPOS="1137" WIDTH="25" HEIGHT="22" WC="0.93" CONTENT="af"/><SP WIDTH="13" VPOS="1137" HPOS="456"/>
							<String ID="string_240" HPOS="469" VPOS="1137" WIDTH="193" HEIGHT="28" WC="0.91" CONTENT="arrendesumman,"/><SP WIDTH="16" VPOS="1137" HPOS="662"/>
							<String ID="string_241" HPOS="678" VPOS="1144" WIDTH="93" HEIGHT="16" WC="0.93" CONTENT="ansvara"/><SP WIDTH="12" VPOS="1144" HPOS="771"/>
							<String ID="string_242" HPOS="783" VPOS="1138" WIDTH="34" HEIGHT="21" WC="0.93" CONTENT="för"/><SP WIDTH="9" VPOS="1138" HPOS="817"/>
							<String ID="string_243" HPOS="826" VPOS="1138" WIDTH="141" HEIGHT="28" WC="0.92" CONTENT="lägenhetens"/>
						</TextLine>
						<TextLine ID="line_30" HPOS="214" VPOS="1172" WIDTH="241" HEIGHT="27">
							<String ID="string_244" HPOS="214" VPOS="1172" WIDTH="135" HEIGHT="22" WC="0.93" CONTENT="kommunala"/><SP WIDTH="15" VPOS="1172" HPOS="349"/>
							<String ID="string_245" HPOS="364" VPOS="1172" WIDTH="91" HEIGHT="27" WC="0.92" CONTENT="utlagor."/>
						</TextLine>
					</TextBlock>
					<TextBlock ID="block_4" HPOS="214" VPOS="1206" WIDTH="754" HEIGHT="234">
						<TextLine ID="line_31" HPOS="283" VPOS="1206" WIDTH="685" HEIGHT="28">
							<String ID="string_246" HPOS="283" VPOS="1206" WIDTH="214" HEIGHT="28" WC="0.92" CONTENT="Taxeringslängden"/><SP WIDTH="23" VPOS="1206" HPOS="497"/>
							<String ID="string_247" HPOS="520" VPOS="1206" WIDTH="56" HEIGHT="22" WC="0.96" CONTENT="skall"/><SP WIDTH="22" VPOS="1206" HPOS="576"/>
							<String ID="string_248" HPOS="598" VPOS="1206" WIDTH="68" HEIGHT="28" WC="0.80" CONTENT="enligt"/><SP WIDTH="15" VPOS="1206" HPOS="666"/>
							<String ID="string_249" HPOS="681" VPOS="1209" WIDTH="26" HEIGHT="19" WC="0.93" CONTENT="83"/><SP WIDTH="16" VPOS="1209" HPOS="707"/>
							<String ID="string_250" HPOS="723" VPOS="1208" WIDTH="14" HEIGHT="26" WC="0.91" CONTENT="$"/><SP WIDTH="15" VPOS="1208" HPOS="737"/>
							<String ID="string_251" HPOS="752" VPOS="1206" WIDTH="7" HEIGHT="22" WC="0.96" CONTENT="i"/><SP WIDTH="15" VPOS="1206" HPOS="759"/>
							<String ID="string_252" HPOS="774" VPOS="1206" WIDTH="50" HEIGHT="23" WC="0.93" CONTENT="nåd."/><SP WIDTH="18" VPOS="1206" HPOS="824"/>
							<String ID="string_253" HPOS="842" VPOS="1207" WIDTH="126" HEIGHT="27" WC="0.92" CONTENT="propositio-"/>
						</TextLine>
						<TextLine ID="line_32" HPOS="215" VPOS="1240" WIDTH="753" HEIGHT="28">
							<String ID="string_254" HPOS="215" VPOS="1247" WIDTH="41" HEIGHT="15" WC="0.93" CONTENT="nen"/><SP WIDTH="15" VPOS="1247" HPOS="256"/>
							<String ID="string_255" HPOS="271" VPOS="1242" WIDTH="97" HEIGHT="26" WC="0.92" CONTENT="upptaga"/><SP WIDTH="16" VPOS="1242" HPOS="368"/>
							<String ID="string_256" HPOS="384" VPOS="1240" WIDTH="36" HEIGHT="22" WC="0.96" CONTENT="det"/><SP WIDTH="14" VPOS="1240" HPOS="420"/>
							<String ID="string_257" HPOS="434" VPOS="1242" WIDTH="60" HEIGHT="20" WC="0.93" CONTENT="antal"/><SP WIDTH="14" VPOS="1242" HPOS="494"/>
							<String ID="string_258" HPOS="508" VPOS="1242" WIDTH="120" HEIGHT="24" WC="0.92" CONTENT="skattören,"/><SP WIDTH="15" VPOS="1242" HPOS="628"/>
							<String ID="string_259" HPOS="643" VPOS="1248" WIDTH="45" HEIGHT="14" WC="0.96" CONTENT="som"/><SP WIDTH="16" VPOS="1248" HPOS="688"/>
							<String ID="string_260" HPOS="704" VPOS="1242" WIDTH="41" HEIGHT="20" WC="0.93" CONTENT="den"/><SP WIDTH="14" VPOS="1242" HPOS="745"/>
							<String ID="string_261" HPOS="759" VPOS="1242" WIDTH="159" HEIGHT="26" WC="0.91" CONTENT="skattskyldige"/><SP WIDTH="12" VPOS="1242" HPOS="918"/>
							<String ID="string_262" HPOS="930" VPOS="1242" WIDTH="38" HEIGHT="26" WC="0.92" CONTENT="pä-"/>
						</TextLine>
						<TextLine ID="line_33" HPOS="214" VPOS="1274" WIDTH="754" HEIGHT="28">
							<String ID="string_263" HPOS="214" VPOS="1274" WIDTH="61" HEIGHT="27" WC="0.91" CONTENT="förts,"/><SP WIDTH="14" VPOS="1274" HPOS="275"/>
							<String ID="string_264" HPOS="289" VPOS="1280" WIDTH="48" HEIGHT="16" WC="0.96" CONTENT="men"/><SP WIDTH="16" VPOS="1280" HPOS="337"/>
							<String ID="string_265" HPOS="353" VPOS="1274" WIDTH="37" HEIGHT="21" WC="0.93" CONTENT="det"/><SP WIDTH="14" VPOS="1274" HPOS="390"/>
							<String ID="string_266" HPOS="404" VPOS="1274" WIDTH="177" HEIGHT="27" WC="0.90" CONTENT="inkomstbelopp,"/><SP WIDTH="12" VPOS="1274" HPOS="581"/>
							<String ID="string_267" HPOS="593" VPOS="1280" WIDTH="44" HEIGHT="16" WC="0.96" CONTENT="som"/><SP WIDTH="11" VPOS="1280" HPOS="637"/>
							<String ID="string_268" HPOS="648" VPOS="1274" WIDTH="71" HEIGHT="28" WC="0.96" CONTENT="ligger"/><SP WIDTH="10" VPOS="1274" HPOS="719"/>
							<String ID="string_269" HPOS="729" VPOS="1275" WIDTH="34" HEIGHT="21" WC="0.96" CONTENT="till"/><SP WIDTH="11" VPOS="1275" HPOS="763"/>
							<String ID="string_270" HPOS="774" VPOS="1275" WIDTH="70" HEIGHT="27" WC="0.96" CONTENT="grund"/><SP WIDTH="10" VPOS="1275" HPOS="844"/>
							<String ID="string_271" HPOS="854" VPOS="1275" WIDTH="34" HEIGHT="21" WC="0.93" CONTENT="för"/><SP WIDTH="11" VPOS="1275" HPOS="888"/>
							<String ID="string_272" HPOS="899" VPOS="1275" WIDTH="69" HEIGHT="21" WC="0.92" CONTENT="skatt-"/>
						</TextLine>
						<TextLine ID="line_34" HPOS="215" VPOS="1308" WIDTH="753" HEIGHT="27">
							<String ID="string_273" HPOS="215" VPOS="1308" WIDTH="98" HEIGHT="27" WC="0.33" CONTENT="Oretalet,"/><SP WIDTH="22" VPOS="1308" HPOS="313"/>
							<String ID="string_274" HPOS="335" VPOS="1308" WIDTH="103" HEIGHT="22" WC="0.91" CONTENT="behöfver"/><SP WIDTH="18" VPOS="1308" HPOS="438"/>
							<String ID="string_275" HPOS="456" VPOS="1308" WIDTH="49" HEIGHT="22" WC="0.96" CONTENT="icke"/><SP WIDTH="15" VPOS="1308" HPOS="505"/>
							<String ID="string_276" HPOS="520" VPOS="1314" WIDTH="54" HEIGHT="17" WC="0.96" CONTENT="vara"/><SP WIDTH="15" VPOS="1314" HPOS="574"/>
							<String ID="string_277" HPOS="589" VPOS="1308" WIDTH="38" HEIGHT="22" WC="0.93" CONTENT="der"/><SP WIDTH="15" VPOS="1308" HPOS="627"/>
							<String ID="string_278" HPOS="642" VPOS="1311" WIDTH="76" HEIGHT="19" WC="0.96" CONTENT="utsatt."/><SP WIDTH="29" VPOS="1311" HPOS="718"/>
							<String ID="string_279" HPOS="747" VPOS="1309" WIDTH="35" HEIGHT="22" WC="0.88" CONTENT="Då"/><SP WIDTH="15" VPOS="1309" HPOS="782"/>
							<String ID="string_280" HPOS="797" VPOS="1309" WIDTH="119" HEIGHT="21" WC="0.96" CONTENT="emellertid"/><SP WIDTH="16" VPOS="1309" HPOS="916"/>
							<String ID="string_281" HPOS="932" VPOS="1309" WIDTH="36" HEIGHT="22" WC="0.96" CONTENT="det"/>
						</TextLine>
						<TextLine ID="line_35" HPOS="215" VPOS="1342" WIDTH="753" HEIGHT="30">
							<String ID="string_282" HPOS="215" VPOS="1343" WIDTH="118" HEIGHT="28" WC="0.96" CONTENT="viktigaste"/><SP WIDTH="14" VPOS="1343" HPOS="333"/>
							<String ID="string_283" HPOS="347" VPOS="1342" WIDTH="35" HEIGHT="22" WC="0.96" CONTENT="för"/><SP WIDTH="16" VPOS="1342" HPOS="382"/>
							<String ID="string_284" HPOS="398" VPOS="1342" WIDTH="41" HEIGHT="22" WC="0.93" CONTENT="den"/><SP WIDTH="15" VPOS="1342" HPOS="439"/>
							<String ID="string_285" HPOS="454" VPOS="1343" WIDTH="173" HEIGHT="29" WC="0.89" CONTENT="skattdragande"/><SP WIDTH="14" VPOS="1343" HPOS="627"/>
							<String ID="string_286" HPOS="641" VPOS="1345" WIDTH="25" HEIGHT="20" WC="0.96" CONTENT="är"/><SP WIDTH="15" VPOS="1345" HPOS="666"/>
							<String ID="string_287" HPOS="681" VPOS="1345" WIDTH="34" HEIGHT="21" WC="0.96" CONTENT="att"/><SP WIDTH="15" VPOS="1345" HPOS="715"/>
							<String ID="string_288" HPOS="730" VPOS="1344" WIDTH="7" HEIGHT="21" WC="0.93" CONTENT="i"/><SP WIDTH="15" VPOS="1344" HPOS="737"/>
							<String ID="string_289" HPOS="752" VPOS="1344" WIDTH="92" HEIGHT="28" WC="0.96" CONTENT="längden"/><SP WIDTH="16" VPOS="1344" HPOS="844"/>
							<String ID="string_290" HPOS="860" VPOS="1343" WIDTH="24" HEIGHT="22" WC="0.96" CONTENT="få"/><SP WIDTH="12" VPOS="1343" HPOS="884"/>
							<String ID="string_291" HPOS="896" VPOS="1350" WIDTH="24" HEIGHT="16" WC="0.97" CONTENT="se"/><SP WIDTH="12" VPOS="1350" HPOS="920"/>
							<String ID="string_292" HPOS="932" VPOS="1344" WIDTH="36" HEIGHT="22" WC="0.96" CONTENT="det"/>
						</TextLine>
						<TextLine ID="line_36" HPOS="214" VPOS="1377" WIDTH="754" HEIGHT="29">
							<String ID="string_293" HPOS="214" VPOS="1378" WIDTH="77" HEIGHT="27" WC="0.90" CONTENT="belopp"/><SP WIDTH="23" VPOS="1378" HPOS="291"/>
							<String ID="string_294" HPOS="314" VPOS="1378" WIDTH="24" HEIGHT="22" WC="0.96" CONTENT="af"/><SP WIDTH="21" VPOS="1378" HPOS="338"/>
							<String ID="string_295" HPOS="359" VPOS="1377" WIDTH="57" HEIGHT="22" WC="0.93" CONTENT="olika"/><SP WIDTH="22" VPOS="1377" HPOS="416"/>
							<String ID="string_296" HPOS="438" VPOS="1378" WIDTH="59" HEIGHT="28" WC="0.91" CONTENT="slags"/><SP WIDTH="21" VPOS="1378" HPOS="497"/>
							<String ID="string_297" HPOS="518" VPOS="1378" WIDTH="99" HEIGHT="27" WC="0.91" CONTENT="inkomst,"/><SP WIDTH="23" VPOS="1378" HPOS="617"/>
							<String ID="string_298" HPOS="640" VPOS="1378" WIDTH="34" HEIGHT="22" WC="0.93" CONTENT="för"/><SP WIDTH="14" VPOS="1378" HPOS="674"/>
							<String ID="string_299" HPOS="688" VPOS="1378" WIDTH="85" HEIGHT="23" WC="0.92" CONTENT="hvilket"/><SP WIDTH="13" VPOS="1378" HPOS="773"/>
							<String ID="string_300" HPOS="786" VPOS="1379" WIDTH="43" HEIGHT="22" WC="0.93" CONTENT="han"/><SP WIDTH="15" VPOS="1379" HPOS="829"/>
							<String ID="string_301" HPOS="844" VPOS="1378" WIDTH="72" HEIGHT="23" WC="0.92" CONTENT="blifvit"/><SP WIDTH="15" VPOS="1378" HPOS="916"/>
							<String ID="string_302" HPOS="931" VPOS="1379" WIDTH="37" HEIGHT="22" WC="0.93" CONTENT="be-"/>
						</TextLine>
						<TextLine ID="line_37" HPOS="215" VPOS="1412" WIDTH="753" HEIGHT="28">
							<String ID="string_303" HPOS="215" VPOS="1413" WIDTH="94" HEIGHT="27" WC="0.96" CONTENT="skattad,"/><SP WIDTH="24" VPOS="1413" HPOS="309"/>
							<String ID="string_304" HPOS="333" VPOS="1412" WIDTH="74" HEIGHT="28" WC="0.96" CONTENT="tyckes"/><SP WIDTH="24" VPOS="1412" HPOS="407"/>
							<String ID="string_305" HPOS="431" VPOS="1412" WIDTH="36" HEIGHT="22" WC="0.93" CONTENT="det"/><SP WIDTH="15" VPOS="1412" HPOS="467"/>
							<String ID="string_306" HPOS="482" VPOS="1413" WIDTH="112" HEIGHT="23" WC="0.96" CONTENT="Utskottet"/><SP WIDTH="16" VPOS="1413" HPOS="594"/>
							<String ID="string_307" HPOS="610" VPOS="1419" WIDTH="54" HEIGHT="16" WC="0.96" CONTENT="vara"/><SP WIDTH="15" VPOS="1419" HPOS="664"/>
							<String ID="string_308" HPOS="679" VPOS="1413" WIDTH="24" HEIGHT="22" WC="0.93" CONTENT="af"/><SP WIDTH="14" VPOS="1413" HPOS="703"/>
							<String ID="string_309" HPOS="717" VPOS="1414" WIDTH="69" HEIGHT="22" WC="0.96" CONTENT="nöden"/><SP WIDTH="16" VPOS="1414" HPOS="786"/>
							<String ID="string_310" HPOS="802" VPOS="1415" WIDTH="33" HEIGHT="21" WC="0.96" CONTENT="att"/><SP WIDTH="17" VPOS="1415" HPOS="835"/>
							<String ID="string_311" HPOS="852" VPOS="1414" WIDTH="8" HEIGHT="21" WC="0.85" CONTENT="i"/><SP WIDTH="22" VPOS="1414" HPOS="860"/>
							<String ID="string_312" HPOS="882" VPOS="1415" WIDTH="5" HEIGHT="21" WC="0.85" CONTENT="1"/><SP WIDTH="19" VPOS="1415" HPOS="887"/>
							<String ID="string_313" HPOS="906" VPOS="1420" WIDTH="62" HEIGHT="16" WC="0.96" CONTENT="mom."/>
						</TextLine>
					</TextBlock>
					<TextBlock ID="block_5" HPOS="283" VPOS="1453" WIDTH="402" HEIGHT="19">
						<TextLine ID="line_38" HPOS="283" VPOS="1453" WIDTH="402" HEIGHT="19">
							<String ID="string_314" HPOS="283" VPOS="1453" WIDTH="206" HEIGHT="19" WC="0.91" CONTENT="Kommunalutskottets"/><SP WIDTH="12" VPOS="1453" HPOS="489"/>
							<String ID="string_315" HPOS="501" VPOS="1454" WIDTH="111" HEIGHT="18" WC="0.96" CONTENT="betänkande"/><SP WIDTH="11" VPOS="1454" HPOS="612"/>
							<String ID="string_316" HPOS="623" VPOS="1453" WIDTH="34" HEIGHT="19" WC="0.95" CONTENT="N:o"/><SP WIDTH="13" VPOS="1453" HPOS="657"/>
							<String ID="string_317" HPOS="670" VPOS="1455" WIDTH="15" HEIGHT="17" WC="0.96" CONTENT="1."/>
						</TextLine>
					</TextBlock>
				</ComposedBlock>
			</PrintSpace>
		</Page>
	</Layout>
</alto>
