1045 1711
441 119 40 21 N:o
497 119 20 21 6.
801 120 26 20 33

105 193 60 16 mans
188 187 71 22 beslut
282 187 141 22 öfverlemnas
445 187 34 22 till
500 188 111 27 nämnden,
626 194 45 15 som
690 188 40 21 har
745 189 32 21 att
792 188 7 21 i
814 188 42 21 för-

105 223 73 25 slagen
200 221 71 22 införa
295 222 23 21 af
338 224 105 19 stämman
465 222 99 21 beslutna
586 223 115 26 ändringar
721 223 38 21 och
775 223 81 26 tillägg,

105 256 108 21 äfvensom
229 257 32 20 att
276 255 150 28 ofördröjligen
442 255 29 28 på
486 257 67 26 grund
568 256 24 21 af
605 257 41 20 den
660 256 123 27 granskade
798 259 58 19 taxe-

105 290 150 26 ringslängden
270 292 56 19 samt
342 290 25 21 de
382 289 91 22 sålunda
484 290 115 21 faststälda
609 290 84 27 utgifts-
705 291 39 21 och
754 291 102 21 inkomst-

105 324 106 27 förslagen
226 326 100 25 upprätta
341 324 139 27 debiterings-
495 324 39 22 och
552 324 178 28 uppbördslängd.
759 325 62 21 Hvad
835 324 24 22 af

105 359 215 21 kommunalstämma
342 358 99 27 beviljats
464 361 32 19 att
518 359 67 21 under
604 358 36 22 det
654 359 143 27 nästföljande
811 359 46 22 året

104 394 113 26 uppbäras,
241 394 55 21 skall
318 395 70 20 såsom
412 393 37 22 det
470 393 91 27 löpande
577 393 56 22 årets
648 393 209 28 kommunalutskyld

105 428 86 27 påföras
213 428 43 21 alla
276 428 54 27 dem,
346 434 44 15 som
407 430 82 19 ansetts
505 428 97 27 skyldiga
617 429 33 20 att
666 429 36 21 det
718 428 47 22 året
780 430 77 25 utgöra

105 463 182 21 kommunalskatt
312 462 96 26 sålunda,
434 464 32 19 att
491 462 48 21 hela
562 461 197 29 utskyldsbeloppet
781 463 76 21 varder

102 498 68 27 jemnt
186 497 107 22 fördeladt
307 497 27 27 på
345 497 43 22 alla
398 497 56 22 inom
466 497 126 22 kommunen
603 498 127 21 uttaxerade
740 497 116 22 skattören.

455 562 26 20 87
497 561 18 27 8.

173 600 146 27 Debiterings-
335 600 40 22 och
390 600 173 27 uppbördslängd
579 600 54 22 skall
649 600 108 22 innehålla
772 600 85 23 hänvis-

105 636 50 26 ning
170 636 33 21 till
219 635 26 22 de
261 635 77 27 beslut,
353 634 28 28 på
395 635 73 21 hvilka
482 634 148 28 uttaxeringen
645 634 32 28 sig
691 635 101 27 grundar,
807 636 50 21 med

105 670 83 28 uppgift
208 670 102 26 derjemte
325 670 13 20 å
354 670 36 21 det
405 670 85 27 belopp,
506 676 45 15 som
567 669 38 22 bör
619 669 52 28 utgå
686 670 101 27 antingen
802 670 55 22 efter

105 705 70 21 åsatta
198 705 112 21 skattören
332 704 51 22 eller
400 710 70 15 annan
486 704 6 21 i
508 704 34 27 lag
558 705 51 21 eller
624 704 92 22 särskild
731 704 127 28 författning

104 739 99 21 bestämd
217 739 76 27 grund,
308 740 69 20 såsom
394 739 89 27 antydes
498 739 7 20 i
522 740 26 20 79
564 739 11 28 $
592 745 63 15 mom.
668 740 18 24 1,
698 741 55 19 samt
763 741 95 25 upptaga

105 774 74 27 hvarje
195 773 142 27 skattskyldig
352 774 33 21 till
401 773 77 21 bostad
494 773 38 21 och
547 780 70 20 namn,
633 773 26 21 de
675 774 78 20 honom
769 774 89 27 påförda

105 809 116 25 skattören,
244 808 80 22 antalet
346 808 24 21 af
390 808 26 21 de
440 808 37 21 hos
500 808 76 22 honom
598 808 141 21 skattskrifna
757 814 102 22 personer

106 843 38 21 och
168 843 26 20 de
217 842 33 21 för
272 842 58 21 olika
351 842 236 27 beskattningsföremål
610 842 39 21 hos
663 842 78 22 honom
756 842 103 22 särskildt

105 877 125 21 uttaxerade
257 876 243 27 kommunalutskylder.
529 877 41 21 Till
596 876 65 27 nödig
683 876 94 23 kontroll
800 877 59 22 öfver

105 911 124 28 uppbörden
251 911 53 22 böra
324 911 79 28 jemväl
426 911 106 22 särskilda
553 911 110 21 kolumner
681 911 33 21 för
733 912 126 27 anteckning

105 953 35 15 om
155 946 157 28 inbetalningar
327 946 40 21 och
382 948 68 19 rester
466 952 51 16 vara
531 946 7 22 i
552 946 92 27 längden
658 946 131 28 uppdragna.

455 1011 27 21 88
497 1011 19 26 8.

173 1051 137 22 Beträffande
326 1051 139 27 debiterings-
477 1051 39 22 och
528 1051 182 27 uppbördslängds
721 1051 138 27 kungörande

105 1087 56 20 samt
184 1086 48 21 dess
254 1085 130 28 granskning
405 1085 45 22 före
467 1085 39 22 och
520 1085 36 22 vid
570 1085 217 22 kommunalstämma
801 1085 7 21 i
823 1085 36 22 Ja-

106 1120 63 21 nuari
184 1120 76 21 månad
272 1120 62 27 gälle,
345 1120 55 21 hvad
411 1120 7 21 i
429 1121 27 20 84
466 1120 12 28 8
488 1126 34 15 om
533 1119 174 27 taxeringslängd
718 1119 99 27 stadgadt
827 1121 32 20 är.

456 1184 27 20 89
499 1183 18 27 &.

175 1223 139 21 Framställas
336 1222 34 22 vid
390 1223 41 21 den
447 1223 7 21 i
470 1224 26 20 88
512 1223 11 27 $
538 1222 92 22 nämnda
645 1222 215 22 kommunalstämma

107 1257 167 27 anmärkningar
290 1259 44 19 mot
349 1257 98 27 längden,
464 1264 38 20 ege
517 1259 105 19 stämman
633 1258 33 20 att
677 1257 98 21 deröfver
784 1259 76 25 genast

105 1292 85 21 besluta
213 1292 38 21 och
273 1292 27 21 de
322 1291 74 27 gjorda
421 1292 143 26 ändringarna
579 1291 6 21 i
601 1292 91 27 längden
707 1291 75 27 införa,
798 1292 62 21 hvar-

105 1326 56 20 efter
186 1327 130 25 densamma,
340 1326 85 21 försedd
448 1326 48 20 med
518 1326 60 26 intyg
592 1326 59 21 öfver
665 1325 158 27 granskningen
838 1326 23 21 af

107 1360 143 21 ordföranden
273 1360 39 20 och
335 1361 34 20 tre
390 1359 24 21 af
435 1361 116 19 stämmans
574 1359 143 26 medlemmar,
738 1358 121 22 äterställes

106 1394 33 22 till
162 1394 236 26 kommunalnämnden,
417 1399 45 15 som
483 1394 74 21 tillhör
574 1395 33 20 att
622 1392 87 22 utfärda
724 1392 136 22 debetsedlar

107 1429 41 22 och
163 1429 46 21 läta
224 1429 64 21 dessa
303 1428 63 22 innan
381 1427 108 28 utgängen
504 1427 24 22 af
540 1427 143 28 nästföljande
697 1427 103 22 Februari
814 1428 47 21 mä-

793 1474 10 18 3
