1053 1709
191 150 14 19 4
385 148 83 22 Ständ.
485 148 39 22 Sv.
540 160 28 3 —
584 147 73 28 Prop.
672 147 43 23 N:o
731 147 21 22 1.

195 219 35 25 tet,
249 217 44 21 har
314 217 72 26 fogats
407 216 37 22 det
463 216 77 28 tillägg
558 218 32 19 att
607 216 87 21 barnen
709 216 57 21 böra
781 222 54 15 vara
850 215 94 21 hemma

193 252 50 20 från
259 258 90 15 samma
363 251 103 21 distrikt."

261 286 76 27 Enligt
359 285 137 22 Ständernas
516 285 68 22 tanke
606 286 25 20 är
645 285 38 22 det
698 285 35 22 för
747 284 113 23 ernående
876 284 25 21 af
915 286 30 19 ett

193 321 53 26 godt
261 321 93 20 resultat
371 320 6 21 i
393 320 93 21 skolans
502 320 75 21 arbete
593 319 173 28 fördelaktigare
781 321 38 25 att,
835 319 41 21 där
888 319 58 21 elev-

193 355 85 20 antalet
304 354 130 27 öfverstiger
460 354 85 27 femtio,
573 354 6 21 i
607 354 94 21 främsta
724 356 99 19 rummet
851 353 93 22 skolans

194 389 158 21 lärarekrafter
367 389 56 20 ökas
446 391 60 18 samt
526 389 56 20 först
604 389 7 20 i
632 389 72 20 andra
720 391 98 18 rummet
833 387 112 22 distriktet

194 423 68 21 delas.
294 423 82 21 Härtill
398 423 105 21 kommer
525 425 32 19 att
579 423 159 21 förstnämnda
758 422 187 27 förfaringssätt
934 418 15 36 i

195 458 52 21 flere
270 457 39 21 fall
332 457 88 22 medför
439 457 89 22 mindre
543 457 124 22 kostnader
682 457 34 22 för
731 457 169 22 kommunerna
915 457 30 20 än

195 492 37 21 det
254 498 86 20 senare,
365 491 157 22 hvarförutom
549 492 28 21 de
604 491 140 28 geografiska
772 491 173 22 förhållandena

195 526 108 22 stundom
319 527 80 20 kunna
413 533 55 15 vara
484 526 86 21 sådana
586 529 32 18 att
632 526 124 22 distriktets
771 526 92 27 delning
877 525 8 22 i
900 526 46 26 hög

194 561 55 28 grad
271 561 126 26 försvåras;
420 561 92 22 hvarför
533 561 133 28 paragrafen
688 561 74 21 blifvit
782 561 8 20 i
811 560 79 28 antydt
915 560 31 21 af-

197 595 82 22 seende
295 595 183 22 omformulerad.

264 630 8 20 I
289 631 12 20 5
316 631 13 25 8
345 630 21 26 (4
381 630 21 27 8)
417 629 69 22 hafva
501 632 82 19 tvenne
602 632 103 19 moment
720 629 74 21 blifvit
809 629 99 27 tillagda,
924 629 25 20 af

195 664 79 21 hvilka
297 664 37 21 det
356 664 60 21 förra
436 664 60 21 afser
518 667 31 18 att
573 664 133 21 säkerställa
726 663 70 22 redan
811 663 135 26 förefintliga

197 698 142 21 skoldistrikt
362 700 48 19 mot
430 698 153 27 oberättigade
599 698 101 27 ingrepp,
715 698 84 21 medan
814 698 37 21 det
868 704 79 15 senare

196 733 35 20 för
253 733 78 27 hvarje
353 733 39 20 fall
416 732 147 22 tillerkänner
584 733 143 20 kommunen
749 734 44 19 rätt
816 735 31 18 att
869 732 78 21 utöfva

196 767 99 22 kontroll
318 767 62 21 öfver
402 767 45 20 alla
462 767 30 27 på
510 767 51 21 dess
577 766 93 22 område
686 766 112 21 inrättade
814 766 131 21 folkskolor.

265 801 9 21 I
290 801 184 28 propositionens
490 801 13 21 6
518 802 13 25 &
556 801 43 20 har
617 801 44 21 den
676 800 98 27 ändring
788 800 112 27 vidtagits,
916 802 32 19 att

197 836 69 27 tiden,
281 835 64 22 inom
361 835 93 22 hvilken
471 835 105 28 förslaget
595 835 117 28 angående
728 835 220 27 distriktsindelning

196 871 43 21 bör
253 871 152 20 underställas
420 872 153 25 guvernörens
584 870 112 28 pröfning,
710 870 122 21 utsträckts
844 869 51 22 från
910 870 38 21 två

197 905 34 21 till
245 907 33 19 tre
299 905 31 26 år,
350 905 7 20 i
378 905 56 27 syfte
454 907 32 18 att
508 905 34 21 för
564 905 169 20 kommunerna
755 904 128 21 underlätta
899 904 50 21 full-

199 939 109 27 görandet
329 939 25 20 af
373 939 65 20 deras
464 939 128 27 skyldighet
614 938 140 21 beträffande
778 938 74 21 denna
875 938 73 21 indel-

199 973 60 27 ning.

267 1007 9 21 I
296 1007 11 20 7
331 1008 13 25 8
359 1007 22 26 (6
395 1007 21 26 8)
431 1007 43 20 har
488 1006 91 27 intagits
594 1006 145 27 bestämning
754 1006 87 26 därom,
857 1008 32 19 att
905 1006 43 21 för-

199 1043 64 19 utom
285 1041 77 21 lokala
385 1041 66 21 äfven
474 1041 72 20 andra
567 1041 159 20 förhållanden
746 1040 79 21 kunna
840 1040 109 27 berättiga

199 1075 112 22 kommun
326 1075 35 20 till
376 1075 102 20 befrielse
493 1075 50 20 från
560 1074 156 27 skyldigheten
732 1076 32 19 att
778 1074 82 21 inrätta
872 1074 77 21 skolor

199 1110 68 26 enligt
292 1109 76 21 denna
393 1109 138 26 förordning.
572 1108 101 21 Härmed
701 1108 69 21 hafva
793 1108 126 21 Ständerna
942 1108 7 21 i

199 1144 94 21 främsta
315 1145 99 19 rummet
432 1143 48 20 haft
502 1142 105 22 afseende
627 1143 29 27 på
679 1143 44 20 den
746 1142 136 27 lärarebrist,
899 1149 50 14 som

199 1179 34 20 för
248 1177 142 22 närvarande
406 1179 25 19 är
445 1177 108 27 rådande,
568 1183 54 15 men
632 1177 110 27 därjämte
758 1177 66 20 äfven
837 1177 29 27 på
877 1177 72 20 andra

199 1211 200 28 omständigheter,
420 1211 137 28 exempelvis
577 1211 37 21 det
635 1211 39 20 fall
690 1213 32 18 att
737 1211 27 20 de
780 1211 63 20 flesta
859 1210 90 22 distrikt

198 1247 63 20 inom
278 1247 142 20 kommunen
436 1245 115 26 samtidigt
566 1245 85 26 yrkade
666 1245 30 26 på
711 1245 128 20 inrättande
855 1245 25 20 af
892 1245 58 20 hvar

199 1280 35 20 sin
253 1279 121 26 folkskola,
393 1279 53 20 eller
460 1281 32 18 att
511 1278 108 21 bildande
635 1278 24 20 af
672 1278 149 26 skoldistrikt,
837 1285 50 14 som
903 1284 47 15 om-

199 1313 84 22 fattade
302 1313 63 21 delar
385 1313 25 20 af
430 1312 61 22 olika
511 1313 144 26 kommuner,
671 1312 29 27 på
716 1312 73 27 grund
805 1312 25 21 af
841 1312 63 27 långt
919 1312 31 21 af-

201 1348 66 21 stånd
283 1348 50 21 från
349 1349 114 20 närmaste
479 1347 64 22 skola
559 1347 72 21 blefve
647 1347 147 27 nödvändigt.

268 1382 89 21 Mindre
379 1381 129 28 ändringar,
529 1381 78 22 hvilka
630 1381 130 22 därutöfver
775 1381 7 22 i
798 1381 151 27 författnings-

199 1418 106 27 förslaget
320 1417 111 28 vidtagits,
446 1417 64 21 torde
526 1417 49 21 icke
590 1416 92 29 påkalla
698 1416 98 22 särskild
807 1416 140 28 motivering.
