1039 1703
319 137 30 23 U.
363 137 27 22 B.
405 149 29 4 —
448 137 73 27 Prop.
537 137 42 22 N:o
593 137 21 22 6.
814 138 27 21 47

160 208 47 21 Med
230 208 180 25 tillgodogörande
433 209 24 20 af
476 209 32 19 ett
529 208 49 20 utaf
591 213 71 15 annan
677 208 94 20 medlem
785 208 7 19 i
806 207 38 20 Ut-

92 237 82 20 skottet
188 238 6 18 i
210 237 59 19 detta
284 237 56 24 syfte
356 236 138 21 formuleradt
509 236 78 24 förslag
602 236 79 20 tillåter
693 237 38 24 jag
745 236 44 24 mig
800 236 42 19 der-

91 265 32 20 för
139 265 115 20 hemställa
268 265 33 20 att
316 265 54 20 efter
385 265 27 20 13
427 270 66 15 mom.
508 265 7 19 i
530 265 13 20 6
558 265 11 22 S
584 264 68 21 måtte
662 265 80 20 införas
752 264 90 25 följande

92 293 83 24 tillägg:

160 331 28 4 —
202 327 37 18 —;
256 322 112 19 äfvensom

298 378 33 21 14)
347 382 35 15 om
397 376 186 26 angelägenheter,
599 381 53 20 som,
666 376 78 26 fastän
759 376 25 20 de
798 375 44 21 icke

228 406 55 20 röra
298 404 133 22 kommunen
445 405 8 20 i
468 405 49 21 dess
531 404 74 27 helhet,
621 404 52 21 dock

296 432 105 27 antingen
416 435 40 19 äro
471 438 165 21 gemensamma
649 432 38 26 för
701 431 141 28 innehafvare

228 462 27 26 af
269 462 9 20 i
294 461 85 21 manta!
396 462 44 20 salt
453 460 54 28 jord
524 460 38 22 och
580 466 77 16 annan
673 460 105 28 fastighet
792 460 50 22 eller

227 490 54 21 visst
302 490 50 26 slag
374 490 28 26 af
420 490 8 21 i
450 490 86 21 mantal
557 490 44 20 satt
611 488 59 28 jord,
693 489 37 21 och
747 489 45 21 icke
808 495 34 15 en-

228 518 39 27 ligt
282 519 37 26 lag
334 518 119 22 ankomma
464 518 33 27 pä
512 518 84 22 enskild
611 518 219 26 öfverenskommelse,

296 547 52 21 eller
362 546 61 28 angä
438 547 49 21 blott
502 546 88 22 sädana
604 546 89 22 distrikt
707 546 60 21 inom
782 546 59 21 kom-

227 581 87 21 munen,
330 581 47 15 som
392 576 8 21 i
414 576 15 21 2
443 577 13 22 $
470 576 14 20 3
498 581 65 16 mom.
579 576 64 26 afses,

295 604 57 27 eller,
374 604 39 22 der
436 603 37 22 två
487 604 51 22 eller
551 604 51 27 flere
615 603 163 28 församlingar
792 603 50 22 med

226 634 44 25 eget
285 632 90 23 omräde
390 635 41 20 äro
446 634 69 20 under
529 638 126 22 gemensam
669 632 171 27 kommunalför-

227 661 99 27 valining
346 661 112 27 förenade,
480 663 53 20 röra
555 661 50 22 blott
619 667 26 15 en
659 660 74 22 sådan
746 661 94 27 försam-

226 690 59 26 lings
300 690 51 21 rätt.

158 753 9 19 I
182 753 88 20 konträr
284 754 94 20 motsats
392 754 32 19 till
439 759 28 15 nu
482 754 97 24 gällande
589 754 35 23 lag
635 754 88 23 stadgas
733 754 6 18 i
758 754 5 18 3
774 758 65 15 mom.

88 781 23 20 af
131 782 69 20 denna
216 782 11 22 $
242 782 34 20 att
291 783 63 24 ingen
369 782 37 20 må
420 782 27 25 på
462 783 67 24 grund
543 783 24 20 af
579 782 100 20 fullmakt
694 782 35 20 vid
744 782 95 20 kommu-

87 810 133 20 nalstämma
242 811 46 20 föra
310 811 59 20 talan
391 812 32 18 för
446 816 46 15 mer
516 814 27 17 än
558 816 27 15 en
599 810 171 25 röstberättigad.
799 810 41 24 Jag

88 839 87 24 medger
198 840 33 19 att
249 840 59 20 detta
323 840 118 24 stadgande
456 840 45 20 står
515 840 7 19 i
538 840 31 20 ett
584 840 55 19 visst
654 839 185 20 kausalsamman-

87 868 58 24 hang
158 869 50 19 med
222 868 41 20 den
278 869 6 19 i
301 868 12 20 3
331 874 65 14 mom.
416 868 23 20 af
448 869 27 19 24
485 869 11 22 $
511 869 72 24 gjorda
594 868 244 24 qvotitets-begränsnin-

88 902 41 18 gen
151 896 24 20 af
188 896 82 20 enskild
284 897 105 20 medlems
404 898 89 19 rösträtt
509 896 140 21 öfverhufvud
663 906 28 3 —
706 896 32 20 till
753 896 86 20 hvilken

87 925 71 20 alltför
175 926 89 23 stränga
278 926 112 19 reduktion
403 926 37 24 jag
455 926 72 20 såsom
542 926 35 19 vid
592 925 92 20 beslutet
696 924 143 21 frånvarande

86 954 47 20 icke
155 954 66 20 heller
242 954 91 24 bidragit
355 960 37 18 —;
415 959 50 15 men
483 954 117 20 oberoende
615 954 68 24 häraf,
698 954 39 19 och
753 952 27 21 då
794 952 45 21 full-

88 982 178 20 maktsväsendet
286 982 67 20 redan
374 987 78 19 genom
475 983 58 23 $:ens
554 982 38 20 två
607 982 67 20 första
689 982 97 20 moment
800 982 39 19 blir

87 1011 70 20 starkt
172 1011 118 24 inskränkt,
306 1010 66 21 håller
388 1012 37 23 jag
440 1012 49 23 före,
508 1012 33 20 att
559 1012 69 19 denna
638 1011 200 24 qvotitetsbegräns-

86 1040 50 23 ning
158 1039 6 19 i
187 1040 32 19 ett
240 1040 56 23 glest
314 1039 107 20 befolkadt
436 1040 49 19 land
499 1040 50 19 med
564 1039 132 20 vidsträckta
711 1039 127 19 kommuner

86 1068 46 19 icke
148 1067 38 20 har
202 1067 47 20 skäl
263 1068 32 19 för
310 1067 38 25 sig.
378 1067 62 20 Helst
458 1068 68 20 skulle
539 1069 37 24 jag
592 1068 78 19 stanna
685 1067 36 20 vid
735 1066 53 21 talet
805 1067 32 24 10,

87 1101 35 15 om
144 1096 71 25 någon
237 1096 66 21 sådan
326 1099 64 22 gräns
406 1097 200 24 öfverhufvudtaget
622 1101 63 15 anses
700 1096 72 24 nödig;
788 1100 50 15 men

85 1124 28 25 på
134 1125 36 20 det
192 1125 33 19 att
248 1125 130 20 åtminstone
400 1125 46 20 icke
468 1126 82 24 makar,
573 1130 47 15 som
635 1124 27 25 på
676 1125 69 23 grund
760 1124 23 20 af
795 1123 42 24 lag,

86 1153 69 20 förord
178 1153 49 20 eller
249 1153 110 21 boskilnad
382 1154 104 20 hvardera
512 1159 39 19 ega
574 1153 95 24 rösträtt,
692 1153 50 19 eller
757 1152 79 25 syskon

87 1182 50 19 eller
159 1183 67 19 andra
249 1183 110 19 samarfva
381 1182 7 19 i
409 1183 102 19 oskiftadt
525 1183 32 24 bo,
573 1182 43 25 må,
632 1182 37 19 der
686 1182 26 19 de
728 1181 19 24 ej
762 1181 75 24 sjelfva

85 1211 73 20 kunna
180 1210 50 20 eller
252 1211 50 24 vilja
325 1211 35 19 vid
374 1211 96 20 stämma
485 1211 45 20 föra
545 1210 32 20 sin
592 1210 65 23 talan,
673 1215 53 14 vara
742 1211 96 22 tvungna

86 1239 33 19 att
140 1238 56 25 välja
217 1239 53 20 hvar
292 1239 38 20 sitt
353 1239 83 24 ombud,
460 1239 87 20 föreslår
568 1239 36 24 jag
619 1239 32 19 för
664 1243 66 15 mom.
746 1238 93 24 följande

85 1267 89 24 lydelse:

290 1325 66 23 Ingen
364 1324 37 20 må
408 1324 28 24 på
444 1325 67 23 grund
520 1325 24 19 af
552 1324 100 20 fullmakt
661 1324 46 19 föra
717 1323 60 20 talan
787 1322 51 20 eller

222 1352 74 19 utöfva
318 1352 52 19 röst-
392 1352 50 19 eller
464 1353 80 19 valrätt
558 1352 31 19 för
604 1357 47 14 mer
666 1354 27 17 än
709 1349 36 22 två
760 1348 76 21 röstbe-

222 1379 116 26 rättigade,
356 1377 78 23 såvida
453 1378 20 27 ej
491 1379 64 21 dessa
571 1380 41 20 äro
627 1378 140 21 sinsemellan
780 1377 57 26 skyl-

222 1407 86 22 demän.

154 1446 206 19 Kommunalutskottets
372 1446 110 19 betänkande
492 1446 35 19 N:o
539 1447 15 18 1.

862 749 15 29 8
894 749 32 23 12.
