<?xml version="1.0" encoding="UTF-8"?>
<alto xmlns="http://www.loc.gov/standards/alto/ns-v3#" xmlns:xlink="http://www.w3.org/1999/xlink" xmlns:xsi="http://www.w3.org/2001/XMLSchema-instance" xsi:schemaLocation="http://www.loc.gov/standards/alto/ns-v3# http://www.loc.gov/alto/v3/alto-3-0.xsd">
	<Description>
		<MeasurementUnit>pixel</MeasurementUnit>
		<sourceImageInformation>
			<fileName>/tmp/tess_yg00d2eh_input.PNG</fileName>
		</sourceImageInformation>
		<OCRProcessing ID="OCR_0">
			<ocrProcessingStep>
				<processingSoftware>
					<softwareName>tesseract 5.3.4</softwareName>
				</processingSoftware>
			</ocrProcessingStep>
		</OCRProcessing>
	</Description>
	<Layout>
		<Page WIDTH="1048" HEIGHT="1714" PHYSICAL_IMG_NR="0" ID="page_0">
			<PrintSpace HPOS="0" VPOS="0" WIDTH="1048" HEIGHT="1714">
				<ComposedBlock ID="cblock_0" HPOS="454" VPOS="128" WIDTH="387" HEIGHT="22">
					<TextBlock ID="block_0" HPOS="454" VPOS="128" WIDTH="387" HEIGHT="22">
						<TextLine ID="line_0" HPOS="454" VPOS="128" WIDTH="387" HEIGHT="22">
							<String ID="string_0" HPOS="454" VPOS="128" WIDTH="40" HEIGHT="22" WC="0.95" CONTENT="N:o"/><SP WIDTH="15" VPOS="128" HPOS="494"/>
							<String ID="string_1" HPOS="509" VPOS="129" WIDTH="21" HEIGHT="21" WC="0.96" CONTENT="6."/><SP WIDTH="284" VPOS="129" HPOS="530"/>
							<String ID="string_2" HPOS="814" VPOS="128" WIDTH="27" HEIGHT="21" WC="0.96" CONTENT="87"/>
						</TextLine>
					</TextBlock>
				</ComposedBlock>
				<ComposedBlock ID="cblock_1" HPOS="114" VPOS="196" WIDTH="756" HEIGHT="304">
					<TextBlock ID="block_1" HPOS="114" VPOS="196" WIDTH="756" HEIGHT="200">
						<TextLine ID="line_1" HPOS="117" VPOS="196" WIDTH="752" HEIGHT="28">
							<String ID="string_3" HPOS="117" VPOS="196" WIDTH="45" HEIGHT="26" WC="0.96" CONTENT="och,"/><SP WIDTH="24" VPOS="196" HPOS="162"/>
							<String ID="string_4" HPOS="186" VPOS="202" WIDTH="34" HEIGHT="16" WC="0.95" CONTENT="om"/><SP WIDTH="23" VPOS="202" HPOS="220"/>
							<String ID="string_5" HPOS="243" VPOS="196" WIDTH="62" HEIGHT="22" WC="0.95" CONTENT="dessa"/><SP WIDTH="22" VPOS="196" HPOS="305"/>
							<String ID="string_6" HPOS="327" VPOS="198" WIDTH="38" HEIGHT="20" WC="0.96" CONTENT="äro"/><SP WIDTH="22" VPOS="198" HPOS="365"/>
							<String ID="string_7" HPOS="387" VPOS="196" WIDTH="50" HEIGHT="28" WC="0.96" CONTENT="lika,"/><SP WIDTH="19" VPOS="196" HPOS="437"/>
							<String ID="string_8" HPOS="456" VPOS="197" WIDTH="54" HEIGHT="21" WC="0.96" CONTENT="efter"/><SP WIDTH="18" VPOS="197" HPOS="510"/>
							<String ID="string_9" HPOS="528" VPOS="197" WIDTH="93" HEIGHT="27" WC="0.93" CONTENT="lottning"/><SP WIDTH="14" VPOS="197" HPOS="621"/>
							<String ID="string_10" HPOS="635" VPOS="196" WIDTH="78" HEIGHT="28" WC="0.91" CONTENT="invälja"/><SP WIDTH="15" VPOS="196" HPOS="713"/>
							<String ID="string_11" HPOS="728" VPOS="203" WIDTH="26" HEIGHT="16" WC="0.96" CONTENT="en"/><SP WIDTH="15" VPOS="203" HPOS="754"/>
							<String ID="string_12" HPOS="769" VPOS="196" WIDTH="100" HEIGHT="27" WC="0.96" CONTENT="ledamot,"/>
						</TextLine>
						<TextLine ID="line_2" HPOS="117" VPOS="230" WIDTH="753" HEIGHT="28">
							<String ID="string_13" HPOS="117" VPOS="230" WIDTH="108" HEIGHT="22" WC="0.96" CONTENT="hvarefter"/><SP WIDTH="23" VPOS="230" HPOS="225"/>
							<String ID="string_14" HPOS="248" VPOS="231" WIDTH="26" HEIGHT="21" WC="0.96" CONTENT="de"/><SP WIDTH="22" VPOS="231" HPOS="274"/>
							<String ID="string_15" HPOS="296" VPOS="231" WIDTH="43" HEIGHT="21" WC="0.96" CONTENT="alla"/><SP WIDTH="22" VPOS="231" HPOS="339"/>
							<String ID="string_16" HPOS="361" VPOS="231" WIDTH="56" HEIGHT="21" WC="0.96" CONTENT="inom"/><SP WIDTH="17" VPOS="231" HPOS="417"/>
							<String ID="string_17" HPOS="434" VPOS="232" WIDTH="32" HEIGHT="26" WC="0.96" CONTENT="sig"/><SP WIDTH="15" VPOS="232" HPOS="466"/>
							<String ID="string_18" HPOS="481" VPOS="234" WIDTH="49" HEIGHT="19" WC="0.96" CONTENT="utse"/><SP WIDTH="18" VPOS="234" HPOS="530"/>
							<String ID="string_19" HPOS="548" VPOS="231" WIDTH="136" HEIGHT="22" WC="0.93" CONTENT="ordförande."/><SP WIDTH="30" VPOS="231" HPOS="684"/>
							<String ID="string_20" HPOS="714" VPOS="231" WIDTH="156" HEIGHT="27" WC="0.91" CONTENT="Kompromiss-"/>
						</TextLine>
						<TextLine ID="line_3" HPOS="116" VPOS="265" WIDTH="754" HEIGHT="28">
							<String ID="string_21" HPOS="116" VPOS="268" WIDTH="70" HEIGHT="18" WC="0.95" CONTENT="rätten"/><SP WIDTH="24" VPOS="268" HPOS="186"/>
							<String ID="string_22" HPOS="210" VPOS="271" WIDTH="50" HEIGHT="21" WC="0.96" CONTENT="eger"/><SP WIDTH="22" VPOS="271" HPOS="260"/>
							<String ID="string_23" HPOS="282" VPOS="267" WIDTH="33" HEIGHT="20" WC="0.93" CONTENT="att"/><SP WIDTH="16" VPOS="267" HPOS="315"/>
							<String ID="string_24" HPOS="331" VPOS="265" WIDTH="80" HEIGHT="27" WC="0.92" CONTENT="afgöra,"/><SP WIDTH="20" VPOS="265" HPOS="411"/>
							<String ID="string_25" HPOS="431" VPOS="266" WIDTH="3" HEIGHT="21" WC="0.96" CONTENT="i"/><SP WIDTH="15" VPOS="266" HPOS="434"/>
							<String ID="string_26" HPOS="449" VPOS="265" WIDTH="56" HEIGHT="22" WC="0.96" CONTENT="hvad"/><SP WIDTH="16" VPOS="265" HPOS="505"/>
							<String ID="string_27" HPOS="521" VPOS="267" WIDTH="67" HEIGHT="20" WC="0.96" CONTENT="måtto"/><SP WIDTH="16" VPOS="267" HPOS="588"/>
							<String ID="string_28" HPOS="604" VPOS="266" WIDTH="61" HEIGHT="26" WC="0.96" CONTENT="gjord"/><SP WIDTH="15" VPOS="266" HPOS="665"/>
							<String ID="string_29" HPOS="680" VPOS="265" WIDTH="140" HEIGHT="28" WC="0.96" CONTENT="anmärkning"/><SP WIDTH="14" VPOS="265" HPOS="820"/>
							<String ID="string_30" HPOS="834" VPOS="265" WIDTH="36" HEIGHT="21" WC="0.96" CONTENT="må"/>
						</TextLine>
						<TextLine ID="line_4" HPOS="116" VPOS="300" WIDTH="753" HEIGHT="27">
							<String ID="string_31" HPOS="116" VPOS="300" WIDTH="125" HEIGHT="27" WC="0.95" CONTENT="godkännas"/><SP WIDTH="23" VPOS="300" HPOS="241"/>
							<String ID="string_32" HPOS="264" VPOS="300" WIDTH="52" HEIGHT="21" WC="0.96" CONTENT="eller"/><SP WIDTH="22" VPOS="300" HPOS="316"/>
							<String ID="string_33" HPOS="338" VPOS="300" WIDTH="53" HEIGHT="26" WC="0.96" CONTENT="icke,"/><SP WIDTH="23" VPOS="300" HPOS="391"/>
							<String ID="string_34" HPOS="414" VPOS="300" WIDTH="40" HEIGHT="22" WC="0.96" CONTENT="och"/><SP WIDTH="23" VPOS="300" HPOS="454"/>
							<String ID="string_35" HPOS="477" VPOS="300" WIDTH="56" HEIGHT="22" WC="0.95" CONTENT="hvad"/><SP WIDTH="22" VPOS="300" HPOS="533"/>
							<String ID="string_36" HPOS="555" VPOS="300" WIDTH="182" HEIGHT="22" WC="0.95" CONTENT="vederbörande"/><SP WIDTH="-9" VPOS="300" HPOS="737"/>
							<String ID="string_37" HPOS="728" VPOS="296" WIDTH="14" HEIGHT="35" WC="0.96" CONTENT="i"/><SP WIDTH="14" VPOS="296" HPOS="742"/>
							<String ID="string_38" HPOS="756" VPOS="300" WIDTH="113" HEIGHT="26" WC="0.96" CONTENT="anledning"/>
						</TextLine>
						<TextLine ID="line_5" HPOS="116" VPOS="333" WIDTH="753" HEIGHT="29">
							<String ID="string_39" HPOS="116" VPOS="333" WIDTH="63" HEIGHT="23" WC="0.96" CONTENT="deraf"/><SP WIDTH="13" VPOS="333" HPOS="179"/>
							<String ID="string_40" HPOS="192" VPOS="334" WIDTH="63" HEIGHT="22" WC="0.96" CONTENT="hafva"/><SP WIDTH="15" VPOS="334" HPOS="255"/>
							<String ID="string_41" HPOS="270" VPOS="336" WIDTH="32" HEIGHT="20" WC="0.93" CONTENT="att"/><SP WIDTH="16" VPOS="336" HPOS="302"/>
							<String ID="string_42" HPOS="318" VPOS="334" WIDTH="104" HEIGHT="28" WC="0.92" CONTENT="iakttaga,"/><SP WIDTH="16" VPOS="334" HPOS="422"/>
							<String ID="string_43" HPOS="438" VPOS="337" WIDTH="55" HEIGHT="19" WC="0.96" CONTENT="samt"/><SP WIDTH="15" VPOS="337" HPOS="493"/>
							<String ID="string_44" HPOS="508" VPOS="334" WIDTH="70" HEIGHT="28" WC="0.96" CONTENT="utslag"/><SP WIDTH="15" VPOS="334" HPOS="578"/>
							<String ID="string_45" HPOS="593" VPOS="334" WIDTH="7" HEIGHT="22" WC="0.96" CONTENT="i"/><SP WIDTH="16" VPOS="334" HPOS="600"/>
							<String ID="string_46" HPOS="616" VPOS="334" WIDTH="74" HEIGHT="28" WC="0.96" CONTENT="frågan"/><SP WIDTH="16" VPOS="334" HPOS="690"/>
							<String ID="string_47" HPOS="706" VPOS="334" WIDTH="104" HEIGHT="27" WC="0.93" CONTENT="meddela,"/><SP WIDTH="12" VPOS="334" HPOS="810"/>
							<String ID="string_48" HPOS="822" VPOS="334" WIDTH="47" HEIGHT="21" WC="0.91" CONTENT="der-"/>
						</TextLine>
						<TextLine ID="line_6" HPOS="114" VPOS="368" WIDTH="305" HEIGHT="28">
							<String ID="string_49" HPOS="114" VPOS="369" WIDTH="32" HEIGHT="21" WC="0.96" CONTENT="uti"/><SP WIDTH="16" VPOS="369" HPOS="146"/>
							<String ID="string_50" HPOS="162" VPOS="369" WIDTH="89" HEIGHT="27" WC="0.96" CONTENT="ändring"/><SP WIDTH="15" VPOS="369" HPOS="251"/>
							<String ID="string_51" HPOS="266" VPOS="368" WIDTH="19" HEIGHT="28" WC="0.96" CONTENT="ej"/><SP WIDTH="16" VPOS="368" HPOS="285"/>
							<String ID="string_52" HPOS="301" VPOS="369" WIDTH="64" HEIGHT="21" WC="0.96" CONTENT="sökas"/><SP WIDTH="15" VPOS="369" HPOS="365"/>
							<String ID="string_53" HPOS="380" VPOS="368" WIDTH="39" HEIGHT="23" WC="0.96" CONTENT="får."/>
						</TextLine>
					</TextBlock>
					<TextBlock ID="block_2" HPOS="114" VPOS="403" WIDTH="754" HEIGHT="97">
						<TextLine ID="line_7" HPOS="183" VPOS="403" WIDTH="685" HEIGHT="27">
							<String ID="string_54" HPOS="183" VPOS="403" WIDTH="25" HEIGHT="27" WC="0.96" CONTENT="Ej"/><SP WIDTH="24" VPOS="403" HPOS="208"/>
							<String ID="string_55" HPOS="232" VPOS="404" WIDTH="34" HEIGHT="20" WC="0.96" CONTENT="må"/><SP WIDTH="24" VPOS="404" HPOS="266"/>
							<String ID="string_56" HPOS="290" VPOS="404" WIDTH="47" HEIGHT="25" WC="0.93" CONTENT="den,"/><SP WIDTH="16" VPOS="404" HPOS="337"/>
							<String ID="string_57" HPOS="353" VPOS="409" WIDTH="45" HEIGHT="16" WC="0.96" CONTENT="som"/><SP WIDTH="20" VPOS="409" HPOS="398"/>
							<String ID="string_58" HPOS="418" VPOS="403" WIDTH="69" HEIGHT="23" WC="0.96" CONTENT="blifvit"/><SP WIDTH="16" VPOS="403" HPOS="487"/>
							<String ID="string_59" HPOS="503" VPOS="403" WIDTH="70" HEIGHT="22" WC="0.95" CONTENT="invald"/><SP WIDTH="16" VPOS="403" HPOS="573"/>
							<String ID="string_60" HPOS="589" VPOS="404" WIDTH="33" HEIGHT="21" WC="0.96" CONTENT="till"/><SP WIDTH="16" VPOS="404" HPOS="622"/>
							<String ID="string_61" HPOS="638" VPOS="403" WIDTH="94" HEIGHT="22" WC="0.96" CONTENT="ledamot"/><SP WIDTH="14" VPOS="403" HPOS="732"/>
							<String ID="string_62" HPOS="746" VPOS="403" WIDTH="7" HEIGHT="21" WC="0.93" CONTENT="i"/><SP WIDTH="15" VPOS="403" HPOS="753"/>
							<String ID="string_63" HPOS="768" VPOS="403" WIDTH="100" HEIGHT="27" WC="0.91" CONTENT="kompro-"/>
						</TextLine>
						<TextLine ID="line_8" HPOS="115" VPOS="438" WIDTH="753" HEIGHT="28">
							<String ID="string_64" HPOS="115" VPOS="438" WIDTH="97" HEIGHT="22" WC="0.92" CONTENT="missrätt"/><SP WIDTH="15" VPOS="438" HPOS="212"/>
							<String ID="string_65" HPOS="227" VPOS="438" WIDTH="31" HEIGHT="22" WC="0.95" CONTENT="uti"/><SP WIDTH="16" VPOS="438" HPOS="258"/>
							<String ID="string_66" HPOS="274" VPOS="438" WIDTH="39" HEIGHT="22" WC="0.95" CONTENT="den"/><SP WIDTH="16" VPOS="438" HPOS="313"/>
							<String ID="string_67" HPOS="329" VPOS="438" WIDTH="108" HEIGHT="28" WC="0.96" CONTENT="kommun,"/><SP WIDTH="17" VPOS="438" HPOS="437"/>
							<String ID="string_68" HPOS="454" VPOS="438" WIDTH="57" HEIGHT="22" WC="0.96" CONTENT="inom"/><SP WIDTH="16" VPOS="438" HPOS="511"/>
							<String ID="string_69" HPOS="527" VPOS="438" WIDTH="85" HEIGHT="22" WC="0.96" CONTENT="hvilken"/><SP WIDTH="16" VPOS="438" HPOS="612"/>
							<String ID="string_70" HPOS="628" VPOS="438" WIDTH="42" HEIGHT="22" WC="0.96" CONTENT="han"/><SP WIDTH="17" VPOS="438" HPOS="670"/>
							<String ID="string_71" HPOS="687" VPOS="440" WIDTH="24" HEIGHT="20" WC="0.96" CONTENT="är"/><SP WIDTH="14" VPOS="440" HPOS="711"/>
							<String ID="string_72" HPOS="725" VPOS="438" WIDTH="79" HEIGHT="27" WC="0.96" CONTENT="bosatt,"/><SP WIDTH="11" VPOS="438" HPOS="804"/>
							<String ID="string_73" HPOS="815" VPOS="440" WIDTH="53" HEIGHT="20" WC="0.96" CONTENT="utan"/>
						</TextLine>
						<TextLine ID="line_9" HPOS="114" VPOS="472" WIDTH="752" HEIGHT="28">
							<String ID="string_74" HPOS="114" VPOS="472" WIDTH="80" HEIGHT="28" WC="0.91" CONTENT="vigtiga"/><SP WIDTH="15" VPOS="472" HPOS="194"/>
							<String ID="string_75" HPOS="209" VPOS="473" WIDTH="46" HEIGHT="21" WC="0.96" CONTENT="skäl"/><SP WIDTH="17" VPOS="473" HPOS="255"/>
							<String ID="string_76" HPOS="272" VPOS="473" WIDTH="39" HEIGHT="22" WC="0.96" CONTENT="och"/><SP WIDTH="16" VPOS="473" HPOS="311"/>
							<String ID="string_77" HPOS="327" VPOS="473" WIDTH="75" HEIGHT="22" WC="0.96" CONTENT="hinder"/><SP WIDTH="15" VPOS="473" HPOS="402"/>
							<String ID="string_78" HPOS="417" VPOS="473" WIDTH="77" HEIGHT="23" WC="0.93" CONTENT="sådant"/><SP WIDTH="14" VPOS="473" HPOS="494"/>
							<String ID="string_79" HPOS="508" VPOS="473" WIDTH="220" HEIGHT="27" WC="0.91" CONTENT="förtroendeuppdrag"/><SP WIDTH="15" VPOS="473" HPOS="728"/>
							<String ID="string_80" HPOS="743" VPOS="473" WIDTH="33" HEIGHT="27" WC="0.93" CONTENT="sig"/><SP WIDTH="11" VPOS="473" HPOS="776"/>
							<String ID="string_81" HPOS="787" VPOS="472" WIDTH="79" HEIGHT="28" WC="0.91" CONTENT="afsäga."/>
						</TextLine>
					</TextBlock>
				</ComposedBlock>
				<ComposedBlock ID="cblock_2" HPOS="306" VPOS="607" WIDTH="361" HEIGHT="84">
					<TextBlock ID="block_3" HPOS="306" VPOS="607" WIDTH="361" HEIGHT="84">
						<TextLine ID="line_10" HPOS="381" VPOS="607" WIDTH="217" HEIGHT="21">
							<String ID="string_82" HPOS="381" VPOS="607" WIDTH="86" HEIGHT="17" WC="0.93" CONTENT="VII"/><SP WIDTH="20" VPOS="607" HPOS="467"/>
							<String ID="string_83" HPOS="487" VPOS="608" WIDTH="111" HEIGHT="20" WC="0.93" CONTENT="Kap."/>
						</TextLine>
						<TextLine ID="line_11" HPOS="306" VPOS="663" WIDTH="361" HEIGHT="28">
							<String ID="string_84" HPOS="306" VPOS="663" WIDTH="35" HEIGHT="22" WC="0.93" CONTENT="Om"/><SP WIDTH="16" VPOS="663" HPOS="341"/>
							<String ID="string_85" HPOS="357" VPOS="664" WIDTH="160" HEIGHT="27" WC="0.90" CONTENT="underställning"/><SP WIDTH="15" VPOS="664" HPOS="517"/>
							<String ID="string_86" HPOS="532" VPOS="664" WIDTH="38" HEIGHT="22" WC="0.96" CONTENT="och"/><SP WIDTH="16" VPOS="664" HPOS="570"/>
							<String ID="string_87" HPOS="586" VPOS="664" WIDTH="81" HEIGHT="22" WC="0.96" CONTENT="besvär."/>
						</TextLine>
					</TextBlock>
				</ComposedBlock>
				<ComposedBlock ID="cblock_3" HPOS="106" VPOS="727" WIDTH="759" HEIGHT="557">
					<TextBlock ID="block_4" HPOS="462" VPOS="727" WIDTH="60" HEIGHT="28">
						<TextLine ID="line_12" HPOS="462" VPOS="727" WIDTH="60" HEIGHT="28">
							<String ID="string_88" HPOS="462" VPOS="728" WIDTH="26" HEIGHT="20" WC="0.95" CONTENT="97"/><SP WIDTH="16" VPOS="728" HPOS="488"/>
							<String ID="string_89" HPOS="504" VPOS="727" WIDTH="18" HEIGHT="28" WC="0.76" CONTENT="8."/>
						</TextLine>
					</TextBlock>
					<TextBlock ID="block_5" HPOS="108" VPOS="772" WIDTH="757" HEIGHT="374">
						<TextLine ID="line_13" HPOS="180" VPOS="772" WIDTH="685" HEIGHT="27">
							<String ID="string_90" HPOS="180" VPOS="773" WIDTH="233" HEIGHT="21" WC="0.91" CONTENT="Kommunalstämmas"/><SP WIDTH="15" VPOS="773" HPOS="413"/>
							<String ID="string_91" HPOS="428" VPOS="773" WIDTH="70" HEIGHT="21" WC="0.96" CONTENT="beslut"/><SP WIDTH="15" VPOS="773" HPOS="498"/>
							<String ID="string_92" HPOS="513" VPOS="772" WIDTH="63" HEIGHT="26" WC="0.96" CONTENT="skall,"/><SP WIDTH="16" VPOS="772" HPOS="576"/>
							<String ID="string_93" HPOS="592" VPOS="772" WIDTH="33" HEIGHT="21" WC="0.96" CONTENT="för"/><SP WIDTH="15" VPOS="772" HPOS="625"/>
							<String ID="string_94" HPOS="640" VPOS="774" WIDTH="32" HEIGHT="19" WC="0.96" CONTENT="att"/><SP WIDTH="15" VPOS="774" HPOS="672"/>
							<String ID="string_95" HPOS="687" VPOS="772" WIDTH="65" HEIGHT="22" WC="0.96" CONTENT="vinna"/><SP WIDTH="14" VPOS="772" HPOS="752"/>
							<String ID="string_96" HPOS="766" VPOS="772" WIDTH="99" HEIGHT="27" WC="0.96" CONTENT="gällande"/>
						</TextLine>
						<TextLine ID="line_14" HPOS="111" VPOS="807" WIDTH="754" HEIGHT="27">
							<String ID="string_97" HPOS="111" VPOS="807" WIDTH="65" HEIGHT="27" WC="0.96" CONTENT="kraft,"/><SP WIDTH="16" VPOS="807" HPOS="176"/>
							<String ID="string_98" HPOS="192" VPOS="807" WIDTH="143" HEIGHT="22" WC="0.93" CONTENT="underställas"/><SP WIDTH="18" VPOS="807" HPOS="335"/>
							<String ID="string_99" HPOS="353" VPOS="807" WIDTH="104" HEIGHT="22" WC="0.92" CONTENT="Senatens"/><SP WIDTH="15" VPOS="807" HPOS="457"/>
							<String ID="string_100" HPOS="472" VPOS="807" WIDTH="279" HEIGHT="27" WC="0.91" CONTENT="Ekonomiedepartements"/><SP WIDTH="15" VPOS="807" HPOS="751"/>
							<String ID="string_101" HPOS="766" VPOS="807" WIDTH="99" HEIGHT="27" WC="0.91" CONTENT="pröfning"/>
						</TextLine>
						<TextLine ID="line_15" HPOS="111" VPOS="841" WIDTH="754" HEIGHT="28">
							<String ID="string_102" HPOS="111" VPOS="841" WIDTH="40" HEIGHT="22" WC="0.96" CONTENT="och"/><SP WIDTH="22" VPOS="841" HPOS="151"/>
							<String ID="string_103" HPOS="173" VPOS="841" WIDTH="146" HEIGHT="27" WC="0.95" CONTENT="fastställelse,"/><SP WIDTH="20" VPOS="841" HPOS="319"/>
							<String ID="string_104" HPOS="339" VPOS="841" WIDTH="27" HEIGHT="22" WC="0.96" CONTENT="då"/><SP WIDTH="19" VPOS="841" HPOS="366"/>
							<String ID="string_105" HPOS="385" VPOS="841" WIDTH="92" HEIGHT="22" WC="0.95" CONTENT="beslutet"/><SP WIDTH="15" VPOS="841" HPOS="477"/>
							<String ID="string_106" HPOS="492" VPOS="841" WIDTH="76" HEIGHT="28" WC="0.96" CONTENT="angår:"/><SP WIDTH="17" VPOS="841" HPOS="568"/>
							<String ID="string_107" HPOS="585" VPOS="842" WIDTH="20" HEIGHT="26" WC="0.95" CONTENT="1)"/><SP WIDTH="16" VPOS="842" HPOS="605"/>
							<String ID="string_108" HPOS="621" VPOS="841" WIDTH="132" HEIGHT="27" WC="0.92" CONTENT="försäljning,"/><SP WIDTH="15" VPOS="841" HPOS="753"/>
							<String ID="string_109" HPOS="768" VPOS="841" WIDTH="97" HEIGHT="27" WC="0.91" CONTENT="pantför-"/>
						</TextLine>
						<TextLine ID="line_16" HPOS="110" VPOS="875" WIDTH="754" HEIGHT="28">
							<String ID="string_110" HPOS="110" VPOS="875" WIDTH="106" HEIGHT="28" WC="0.92" CONTENT="skrifning"/><SP WIDTH="16" VPOS="875" HPOS="216"/>
							<String ID="string_111" HPOS="232" VPOS="876" WIDTH="51" HEIGHT="21" WC="0.96" CONTENT="eller"/><SP WIDTH="15" VPOS="876" HPOS="283"/>
							<String ID="string_112" HPOS="298" VPOS="876" WIDTH="75" HEIGHT="27" WC="0.96" CONTENT="utbyte"/><SP WIDTH="14" VPOS="876" HPOS="373"/>
							<String ID="string_113" HPOS="387" VPOS="875" WIDTH="24" HEIGHT="22" WC="0.96" CONTENT="af"/><SP WIDTH="13" VPOS="875" HPOS="411"/>
							<String ID="string_114" HPOS="424" VPOS="876" WIDTH="67" HEIGHT="21" WC="0.96" CONTENT="sådan"/><SP WIDTH="12" VPOS="876" HPOS="491"/>
							<String ID="string_115" HPOS="503" VPOS="876" WIDTH="128" HEIGHT="21" WC="0.96" CONTENT="kommunen"/><SP WIDTH="10" VPOS="876" HPOS="631"/>
							<String ID="string_116" HPOS="641" VPOS="875" WIDTH="96" HEIGHT="28" WC="0.93" CONTENT="tillhörig"/><SP WIDTH="11" VPOS="875" HPOS="737"/>
							<String ID="string_117" HPOS="748" VPOS="875" WIDTH="44" HEIGHT="22" WC="0.93" CONTENT="fast"/><SP WIDTH="10" VPOS="875" HPOS="792"/>
							<String ID="string_118" HPOS="802" VPOS="882" WIDTH="62" HEIGHT="21" WC="0.90" CONTENT="egen-"/>
						</TextLine>
						<TextLine ID="line_17" HPOS="110" VPOS="910" WIDTH="753" HEIGHT="28">
							<String ID="string_119" HPOS="110" VPOS="911" WIDTH="48" HEIGHT="20" WC="0.95" CONTENT="dom"/><SP WIDTH="24" VPOS="911" HPOS="158"/>
							<String ID="string_120" HPOS="182" VPOS="910" WIDTH="52" HEIGHT="21" WC="0.94" CONTENT="eller"/><SP WIDTH="18" VPOS="910" HPOS="234"/>
							<String ID="string_121" HPOS="252" VPOS="910" WIDTH="112" HEIGHT="27" WC="0.96" CONTENT="rättighet,"/><SP WIDTH="15" VPOS="910" HPOS="364"/>
							<String ID="string_122" HPOS="379" VPOS="916" WIDTH="44" HEIGHT="16" WC="0.96" CONTENT="som"/><SP WIDTH="17" VPOS="916" HPOS="423"/>
							<String ID="string_123" HPOS="440" VPOS="917" WIDTH="76" HEIGHT="20" WC="0.93" CONTENT="genom"/><SP WIDTH="15" VPOS="917" HPOS="516"/>
							<String ID="string_124" HPOS="531" VPOS="910" WIDTH="63" HEIGHT="28" WC="0.90" CONTENT="gäfva"/><SP WIDTH="16" VPOS="910" HPOS="594"/>
							<String ID="string_125" HPOS="610" VPOS="911" WIDTH="53" HEIGHT="21" WC="0.96" CONTENT="eller"/><SP WIDTH="15" VPOS="911" HPOS="663"/>
							<String ID="string_126" HPOS="678" VPOS="912" WIDTH="127" HEIGHT="20" WC="0.92" CONTENT="testamente"/><SP WIDTH="14" VPOS="912" HPOS="805"/>
							<String ID="string_127" HPOS="819" VPOS="910" WIDTH="44" HEIGHT="21" WC="0.92" CONTENT="till-"/>
						</TextLine>
						<TextLine ID="line_18" HPOS="109" VPOS="945" WIDTH="755" HEIGHT="28">
							<String ID="string_128" HPOS="109" VPOS="945" WIDTH="57" HEIGHT="21" WC="0.95" CONTENT="fallit"/><SP WIDTH="19" VPOS="945" HPOS="166"/>
							<String ID="string_129" HPOS="185" VPOS="945" WIDTH="129" HEIGHT="22" WC="0.96" CONTENT="kommunen"/><SP WIDTH="17" VPOS="945" HPOS="314"/>
							<String ID="string_130" HPOS="331" VPOS="945" WIDTH="39" HEIGHT="22" WC="0.96" CONTENT="och"/><SP WIDTH="15" VPOS="945" HPOS="370"/>
							<String ID="string_131" HPOS="385" VPOS="945" WIDTH="70" HEIGHT="22" WC="0.96" CONTENT="blifvit"/><SP WIDTH="16" VPOS="945" HPOS="455"/>
							<String ID="string_132" HPOS="471" VPOS="946" WIDTH="102" HEIGHT="27" WC="0.96" CONTENT="anslagen"/><SP WIDTH="15" VPOS="946" HPOS="573"/>
							<String ID="string_133" HPOS="588" VPOS="945" WIDTH="33" HEIGHT="22" WC="0.96" CONTENT="för"/><SP WIDTH="15" VPOS="945" HPOS="621"/>
							<String ID="string_134" HPOS="636" VPOS="945" WIDTH="63" HEIGHT="27" WC="0.96" CONTENT="vissa,"/><SP WIDTH="16" VPOS="945" HPOS="699"/>
							<String ID="string_135" HPOS="715" VPOS="945" WIDTH="49" HEIGHT="22" WC="0.93" CONTENT="dess"/><SP WIDTH="14" VPOS="945" HPOS="764"/>
							<String ID="string_136" HPOS="778" VPOS="951" WIDTH="86" HEIGHT="21" WC="0.92" CONTENT="gemen-"/>
						</TextLine>
						<TextLine ID="line_19" HPOS="109" VPOS="979" WIDTH="753" HEIGHT="29">
							<String ID="string_137" HPOS="109" VPOS="986" WIDTH="83" HEIGHT="15" WC="0.96" CONTENT="samma"/><SP WIDTH="18" VPOS="986" HPOS="192"/>
							<String ID="string_138" HPOS="210" VPOS="982" WIDTH="61" HEIGHT="25" WC="0.96" CONTENT="nytta"/><SP WIDTH="15" VPOS="982" HPOS="271"/>
							<String ID="string_139" HPOS="286" VPOS="979" WIDTH="99" HEIGHT="22" WC="0.96" CONTENT="afseende"/><SP WIDTH="16" VPOS="979" HPOS="385"/>
							<String ID="string_140" HPOS="401" VPOS="980" WIDTH="107" HEIGHT="28" WC="0.96" CONTENT="ändamål,"/><SP WIDTH="15" VPOS="980" HPOS="508"/>
							<String ID="string_141" HPOS="523" VPOS="979" WIDTH="109" HEIGHT="23" WC="0.96" CONTENT="äfvensom"/><SP WIDTH="16" VPOS="979" HPOS="632"/>
							<String ID="string_142" HPOS="648" VPOS="979" WIDTH="7" HEIGHT="22" WC="0.96" CONTENT="i"/><SP WIDTH="15" VPOS="979" HPOS="655"/>
							<String ID="string_143" HPOS="670" VPOS="979" WIDTH="61" HEIGHT="28" WC="0.96" CONTENT="fråga"/><SP WIDTH="15" VPOS="979" HPOS="731"/>
							<String ID="string_144" HPOS="746" VPOS="986" WIDTH="34" HEIGHT="15" WC="0.93" CONTENT="om"/><SP WIDTH="16" VPOS="986" HPOS="780"/>
							<String ID="string_145" HPOS="796" VPOS="980" WIDTH="66" HEIGHT="21" WC="0.89" CONTENT="öfver-"/>
						</TextLine>
						<TextLine ID="line_20" HPOS="110" VPOS="1014" WIDTH="753" HEIGHT="28">
							<String ID="string_146" HPOS="110" VPOS="1015" WIDTH="154" HEIGHT="21" WC="0.91" CONTENT="enskommelse"/><SP WIDTH="20" VPOS="1015" HPOS="264"/>
							<String ID="string_147" HPOS="284" VPOS="1016" WIDTH="52" HEIGHT="21" WC="0.96" CONTENT="eller"/><SP WIDTH="15" VPOS="1016" HPOS="336"/>
							<String ID="string_148" HPOS="351" VPOS="1015" WIDTH="122" HEIGHT="27" WC="0.96" CONTENT="förlikning,"/><SP WIDTH="16" VPOS="1015" HPOS="473"/>
							<String ID="string_149" HPOS="489" VPOS="1015" WIDTH="107" HEIGHT="22" WC="0.96" CONTENT="verkande"/><SP WIDTH="16" VPOS="1015" HPOS="596"/>
							<String ID="string_150" HPOS="612" VPOS="1015" WIDTH="34" HEIGHT="22" WC="0.96" CONTENT="till"/><SP WIDTH="14" VPOS="1015" HPOS="646"/>
							<String ID="string_151" HPOS="660" VPOS="1014" WIDTH="91" HEIGHT="28" WC="0.95" CONTENT="ändring"/><SP WIDTH="15" VPOS="1014" HPOS="751"/>
							<String ID="string_152" HPOS="766" VPOS="1014" WIDTH="52" HEIGHT="23" WC="0.93" CONTENT="eller"/><SP WIDTH="14" VPOS="1014" HPOS="818"/>
							<String ID="string_153" HPOS="832" VPOS="1014" WIDTH="31" HEIGHT="22" WC="0.90" CONTENT="in-"/>
						</TextLine>
						<TextLine ID="line_21" HPOS="109" VPOS="1050" WIDTH="753" HEIGHT="27">
							<String ID="string_154" HPOS="109" VPOS="1050" WIDTH="133" HEIGHT="27" WC="0.92" CONTENT="skränkning"/><SP WIDTH="14" VPOS="1050" HPOS="242"/>
							<String ID="string_155" HPOS="256" VPOS="1050" WIDTH="31" HEIGHT="21" WC="0.96" CONTENT="uti"/><SP WIDTH="16" VPOS="1050" HPOS="287"/>
							<String ID="string_156" HPOS="303" VPOS="1050" WIDTH="41" HEIGHT="21" WC="0.96" CONTENT="den"/><SP WIDTH="15" VPOS="1050" HPOS="344"/>
							<String ID="string_157" HPOS="359" VPOS="1051" WIDTH="44" HEIGHT="20" WC="0.96" CONTENT="rätt"/><SP WIDTH="16" VPOS="1051" HPOS="403"/>
							<String ID="string_158" HPOS="419" VPOS="1050" WIDTH="125" HEIGHT="22" WC="0.96" CONTENT="kommunen"/><SP WIDTH="16" VPOS="1050" HPOS="544"/>
							<String ID="string_159" HPOS="560" VPOS="1050" WIDTH="33" HEIGHT="21" WC="0.96" CONTENT="till"/><SP WIDTH="15" VPOS="1050" HPOS="593"/>
							<String ID="string_160" HPOS="608" VPOS="1050" WIDTH="68" HEIGHT="21" WC="0.96" CONTENT="sådan"/><SP WIDTH="15" VPOS="1050" HPOS="676"/>
							<String ID="string_161" HPOS="691" VPOS="1050" WIDTH="103" HEIGHT="26" WC="0.95" CONTENT="fastighet"/><SP WIDTH="15" VPOS="1050" HPOS="794"/>
							<String ID="string_162" HPOS="809" VPOS="1050" WIDTH="53" HEIGHT="21" WC="0.95" CONTENT="eller"/>
						</TextLine>
						<TextLine ID="line_22" HPOS="108" VPOS="1083" WIDTH="754" HEIGHT="29">
							<String ID="string_163" HPOS="108" VPOS="1084" WIDTH="82" HEIGHT="22" WC="0.96" CONTENT="förmån"/><SP WIDTH="20" VPOS="1084" HPOS="190"/>
							<String ID="string_164" HPOS="210" VPOS="1090" WIDTH="60" HEIGHT="21" WC="0.96" CONTENT="eger;"/><SP WIDTH="16" VPOS="1090" HPOS="270"/>
							<String ID="string_165" HPOS="286" VPOS="1084" WIDTH="40" HEIGHT="22" WC="0.96" CONTENT="och"/><SP WIDTH="15" VPOS="1084" HPOS="326"/>
							<String ID="string_166" HPOS="341" VPOS="1084" WIDTH="22" HEIGHT="27" WC="0.95" CONTENT="2)"/><SP WIDTH="16" VPOS="1084" HPOS="363"/>
							<String ID="string_167" HPOS="379" VPOS="1084" WIDTH="81" HEIGHT="27" WC="0.96" CONTENT="förslag"/><SP WIDTH="15" VPOS="1084" HPOS="460"/>
							<String ID="string_168" HPOS="475" VPOS="1085" WIDTH="32" HEIGHT="21" WC="0.96" CONTENT="till"/><SP WIDTH="16" VPOS="1085" HPOS="507"/>
							<String ID="string_169" HPOS="523" VPOS="1091" WIDTH="41" HEIGHT="21" WC="0.96" CONTENT="nya"/><SP WIDTH="16" VPOS="1091" HPOS="564"/>
							<String ID="string_170" HPOS="580" VPOS="1084" WIDTH="51" HEIGHT="22" WC="0.95" CONTENT="eller"/><SP WIDTH="15" VPOS="1084" HPOS="631"/>
							<String ID="string_171" HPOS="646" VPOS="1083" WIDTH="97" HEIGHT="28" WC="0.93" CONTENT="förhöjda"/><SP WIDTH="14" VPOS="1083" HPOS="743"/>
							<String ID="string_172" HPOS="757" VPOS="1084" WIDTH="49" HEIGHT="22" WC="0.92" CONTENT="bro-"/><SP WIDTH="16" VPOS="1084" HPOS="806"/>
							<String ID="string_173" HPOS="822" VPOS="1083" WIDTH="40" HEIGHT="22" WC="0.96" CONTENT="och"/>
						</TextLine>
						<TextLine ID="line_23" HPOS="108" VPOS="1118" WIDTH="178" HEIGHT="28">
							<String ID="string_174" HPOS="108" VPOS="1118" WIDTH="178" HEIGHT="28" WC="0.90" CONTENT="färjepenningar."/>
						</TextLine>
					</TextBlock>
					<TextBlock ID="block_6" HPOS="106" VPOS="1152" WIDTH="756" HEIGHT="132">
						<TextLine ID="line_24" HPOS="176" VPOS="1152" WIDTH="686" HEIGHT="28">
							<String ID="string_175" HPOS="176" VPOS="1152" WIDTH="73" HEIGHT="23" WC="0.96" CONTENT="Beslut"/><SP WIDTH="23" VPOS="1152" HPOS="249"/>
							<String ID="string_176" HPOS="272" VPOS="1154" WIDTH="53" HEIGHT="21" WC="0.95" CONTENT="eller"/><SP WIDTH="22" VPOS="1154" HPOS="325"/>
							<String ID="string_177" HPOS="347" VPOS="1152" WIDTH="85" HEIGHT="28" WC="0.95" CONTENT="förslag,"/><SP WIDTH="16" VPOS="1152" HPOS="432"/>
							<String ID="string_178" HPOS="448" VPOS="1152" WIDTH="82" HEIGHT="23" WC="0.96" CONTENT="hvilket"/><SP WIDTH="18" VPOS="1152" HPOS="530"/>
							<String ID="string_179" HPOS="548" VPOS="1153" WIDTH="39" HEIGHT="22" WC="0.96" CONTENT="bör"/><SP WIDTH="15" VPOS="1153" HPOS="587"/>
							<String ID="string_180" HPOS="602" VPOS="1153" WIDTH="144" HEIGHT="22" WC="0.93" CONTENT="underställas"/><SP WIDTH="16" VPOS="1153" HPOS="746"/>
							<String ID="string_181" HPOS="762" VPOS="1153" WIDTH="100" HEIGHT="27" WC="0.92" CONTENT="pröfning"/>
						</TextLine>
						<TextLine ID="line_25" HPOS="108" VPOS="1187" WIDTH="754" HEIGHT="27">
							<String ID="string_182" HPOS="108" VPOS="1187" WIDTH="24" HEIGHT="21" WC="0.92" CONTENT="af"/><SP WIDTH="14" VPOS="1187" HPOS="132"/>
							<String ID="string_183" HPOS="146" VPOS="1187" WIDTH="104" HEIGHT="22" WC="0.91" CONTENT="Senatens"/><SP WIDTH="15" VPOS="1187" HPOS="250"/>
							<String ID="string_184" HPOS="265" VPOS="1188" WIDTH="273" HEIGHT="26" WC="0.92" CONTENT="Ekonomiedepartement,"/><SP WIDTH="16" VPOS="1188" HPOS="538"/>
							<String ID="string_185" HPOS="554" VPOS="1188" WIDTH="56" HEIGHT="22" WC="0.96" CONTENT="skall"/><SP WIDTH="15" VPOS="1188" HPOS="610"/>
							<String ID="string_186" HPOS="625" VPOS="1188" WIDTH="101" HEIGHT="21" WC="0.96" CONTENT="insändas"/><SP WIDTH="10" VPOS="1188" HPOS="726"/>
							<String ID="string_187" HPOS="736" VPOS="1188" WIDTH="34" HEIGHT="21" WC="0.93" CONTENT="till"/><SP WIDTH="10" VPOS="1188" HPOS="770"/>
							<String ID="string_188" HPOS="780" VPOS="1188" WIDTH="82" HEIGHT="22" WC="0.91" CONTENT="Guver-"/>
						</TextLine>
						<TextLine ID="line_26" HPOS="107" VPOS="1222" WIDTH="754" HEIGHT="28">
							<String ID="string_189" HPOS="107" VPOS="1224" WIDTH="72" HEIGHT="25" WC="0.92" CONTENT="nören,"/><SP WIDTH="23" VPOS="1224" HPOS="179"/>
							<String ID="string_190" HPOS="202" VPOS="1228" WIDTH="46" HEIGHT="16" WC="0.96" CONTENT="som"/><SP WIDTH="23" VPOS="1228" HPOS="248"/>
							<String ID="string_191" HPOS="271" VPOS="1223" WIDTH="39" HEIGHT="21" WC="0.95" CONTENT="har"/><SP WIDTH="23" VPOS="1223" HPOS="310"/>
							<String ID="string_192" HPOS="333" VPOS="1224" WIDTH="32" HEIGHT="20" WC="0.96" CONTENT="att"/><SP WIDTH="22" VPOS="1224" HPOS="365"/>
							<String ID="string_193" HPOS="387" VPOS="1222" WIDTH="155" HEIGHT="28" WC="0.95" CONTENT="handlingarna"/><SP WIDTH="15" VPOS="1222" HPOS="542"/>
							<String ID="string_194" HPOS="557" VPOS="1223" WIDTH="67" HEIGHT="27" WC="0.96" CONTENT="jemte"/><SP WIDTH="15" VPOS="1223" HPOS="624"/>
							<String ID="string_195" HPOS="639" VPOS="1224" WIDTH="48" HEIGHT="26" WC="0.96" CONTENT="eget"/><SP WIDTH="15" VPOS="1224" HPOS="687"/>
							<String ID="string_196" HPOS="702" VPOS="1222" WIDTH="112" HEIGHT="22" WC="0.96" CONTENT="utlåtande"/><SP WIDTH="14" VPOS="1222" HPOS="814"/>
							<String ID="string_197" HPOS="828" VPOS="1222" WIDTH="33" HEIGHT="22" WC="0.96" CONTENT="till"/>
						</TextLine>
						<TextLine ID="line_27" HPOS="106" VPOS="1256" WIDTH="330" HEIGHT="28">
							<String ID="string_198" HPOS="106" VPOS="1256" WIDTH="177" HEIGHT="28" WC="0.92" CONTENT="Departementet"/><SP WIDTH="15" VPOS="1256" HPOS="283"/>
							<String ID="string_199" HPOS="298" VPOS="1257" WIDTH="138" HEIGHT="22" WC="0.90" CONTENT="öfverlemna."/>
						</TextLine>
					</TextBlock>
				</ComposedBlock>
				<ComposedBlock ID="cblock_4" HPOS="106" VPOS="1326" WIDTH="754" HEIGHT="143">
					<TextBlock ID="block_7" HPOS="106" VPOS="1326" WIDTH="754" HEIGHT="143">
						<TextLine ID="line_28" HPOS="456" VPOS="1326" WIDTH="61" HEIGHT="27">
							<String ID="string_200" HPOS="456" VPOS="1328" WIDTH="27" HEIGHT="20" WC="0.95" CONTENT="98"/><SP WIDTH="16" VPOS="1328" HPOS="483"/>
							<String ID="string_201" HPOS="499" VPOS="1326" WIDTH="18" HEIGHT="27" WC="0.70" CONTENT="&amp;."/>
						</TextLine>
						<TextLine ID="line_29" HPOS="175" VPOS="1365" WIDTH="685" HEIGHT="33">
							<String ID="string_202" HPOS="175" VPOS="1371" WIDTH="150" HEIGHT="22" WC="0.89" CONTENT="Guvernörens"/><SP WIDTH="22" VPOS="1371" HPOS="325"/>
							<String ID="string_203" HPOS="347" VPOS="1371" WIDTH="100" HEIGHT="27" WC="0.91" CONTENT="pröfning"/><SP WIDTH="22" VPOS="1371" HPOS="447"/>
							<String ID="string_204" HPOS="469" VPOS="1372" WIDTH="61" HEIGHT="21" WC="0.96" CONTENT="skola"/><SP WIDTH="22" VPOS="1372" HPOS="530"/>
							<String ID="string_205" HPOS="552" VPOS="1372" WIDTH="153" HEIGHT="21" WC="0.93" CONTENT="underställas:"/><SP WIDTH="17" VPOS="1372" HPOS="705"/>
							<String ID="string_206" HPOS="722" VPOS="1365" WIDTH="138" HEIGHT="28" WC="0.91" CONTENT="kommunal-"/>
						</TextLine>
						<TextLine ID="line_30" HPOS="107" VPOS="1405" WIDTH="753" HEIGHT="29">
							<String ID="string_207" HPOS="107" VPOS="1407" WIDTH="102" HEIGHT="20" WC="0.92" CONTENT="stämmas"/><SP WIDTH="15" VPOS="1407" HPOS="209"/>
							<String ID="string_208" HPOS="224" VPOS="1405" WIDTH="76" HEIGHT="28" WC="0.95" CONTENT="beslut,"/><SP WIDTH="16" VPOS="1405" HPOS="300"/>
							<String ID="string_209" HPOS="316" VPOS="1405" WIDTH="147" HEIGHT="23" WC="0.95" CONTENT="innefattande"/><SP WIDTH="15" VPOS="1405" HPOS="463"/>
							<String ID="string_210" HPOS="478" VPOS="1406" WIDTH="80" HEIGHT="28" WC="0.96" CONTENT="förslag"/><SP WIDTH="14" VPOS="1406" HPOS="558"/>
							<String ID="string_211" HPOS="572" VPOS="1406" WIDTH="34" HEIGHT="21" WC="0.95" CONTENT="till"/><SP WIDTH="18" VPOS="1406" HPOS="606"/>
							<String ID="string_212" HPOS="624" VPOS="1406" WIDTH="20" HEIGHT="27" WC="0.96" CONTENT="1)"/><SP WIDTH="16" VPOS="1406" HPOS="644"/>
							<String ID="string_213" HPOS="660" VPOS="1405" WIDTH="90" HEIGHT="29" WC="0.96" CONTENT="ändring"/><SP WIDTH="15" VPOS="1405" HPOS="750"/>
							<String ID="string_214" HPOS="765" VPOS="1405" WIDTH="23" HEIGHT="23" WC="0.93" CONTENT="af"/><SP WIDTH="13" VPOS="1405" HPOS="788"/>
							<String ID="string_215" HPOS="801" VPOS="1406" WIDTH="59" HEIGHT="22" WC="0.92" CONTENT="kom-"/>
						</TextLine>
						<TextLine ID="line_31" HPOS="106" VPOS="1440" WIDTH="754" HEIGHT="29">
							<String ID="string_216" HPOS="106" VPOS="1440" WIDTH="87" HEIGHT="22" WC="0.92" CONTENT="munala"/><SP WIDTH="15" VPOS="1440" HPOS="193"/>
							<String ID="string_217" HPOS="208" VPOS="1440" WIDTH="111" HEIGHT="29" WC="0.96" CONTENT="områden,"/><SP WIDTH="15" VPOS="1440" HPOS="319"/>
							<String ID="string_218" HPOS="334" VPOS="1447" WIDTH="47" HEIGHT="15" WC="0.96" CONTENT="som"/><SP WIDTH="14" VPOS="1447" HPOS="381"/>
							<String ID="string_219" HPOS="395" VPOS="1441" WIDTH="8" HEIGHT="21" WC="0.96" CONTENT="i"/><SP WIDTH="15" VPOS="1441" HPOS="403"/>
							<String ID="string_220" HPOS="418" VPOS="1441" WIDTH="13" HEIGHT="21" WC="0.93" CONTENT="2"/><SP WIDTH="16" VPOS="1441" HPOS="431"/>
							<String ID="string_221" HPOS="447" VPOS="1441" WIDTH="11" HEIGHT="28" WC="0.91" CONTENT="$"/><SP WIDTH="16" VPOS="1441" HPOS="458"/>
							<String ID="string_222" HPOS="474" VPOS="1443" WIDTH="70" HEIGHT="25" WC="0.96" CONTENT="säges;"/><SP WIDTH="16" VPOS="1443" HPOS="544"/>
							<String ID="string_223" HPOS="560" VPOS="1442" WIDTH="22" HEIGHT="27" WC="0.96" CONTENT="2)"/><SP WIDTH="16" VPOS="1442" HPOS="582"/>
							<String ID="string_224" HPOS="598" VPOS="1440" WIDTH="138" HEIGHT="23" WC="0.96" CONTENT="kommunens"/><SP WIDTH="16" VPOS="1440" HPOS="736"/>
							<String ID="string_225" HPOS="752" VPOS="1440" WIDTH="108" HEIGHT="28" WC="0.95" CONTENT="indelning"/>
						</TextLine>
					</TextBlock>
				</ComposedBlock>
			</PrintSpace>
		</Page>
	</Layout>
</alto>
