1039 1706
326 144 29 22 U.
370 143 27 22 B.
415 156 27 3 —
457 143 75 29 Prop.
547 144 46 23 N:o
608 144 21 22 7.
842 144 12 20 5

100 214 81 22 hvilka
207 213 100 29 tidigare
334 214 88 29 påförts
446 214 215 28 riddarhuskassan,
679 215 76 21 såsom
771 215 84 28 riktigt

101 252 26 18 är
152 255 95 15 numera
273 248 127 22 utbetalats
429 256 29 13 ur
481 248 28 22 de
526 249 37 21 för
581 248 144 28 landtdagen
743 249 112 28 anslagna

102 282 98 22 medlen.
236 282 47 22 Vid
302 283 66 21 1894
386 284 36 20 års
440 282 114 29 landtdag
565 283 121 28 uppgingo
698 282 157 22 kostnaderna

100 316 75 22 under
192 316 152 22 förevarande
362 316 82 22 rubrik
461 317 37 21 till
515 318 72 27 något
606 316 65 22 öfver
683 317 91 27 20,000
782 316 73 28 mark,

101 352 9 20 i
127 350 91 22 hvilket
235 351 85 29 belopp
338 350 61 22 dock
416 350 81 30 ingick
514 359 29 13 en
561 358 88 14 summa
668 351 23 21 af
705 351 73 27 7,000
791 350 65 22 mark

100 386 77 20 såsom
205 385 81 29 anslag
312 386 25 20 ät
364 385 174 29 Stenografiska
563 385 139 29 föreningen
727 384 128 22 härstädes.

102 419 181 22 Statsutskottet
321 419 43 22 har
400 419 53 22 från
490 419 107 22 bemälda
634 419 109 29 förening
787 419 69 22 äfven

101 453 41 22 vid
169 453 77 22 denna
272 453 115 28 landtdag
412 454 46 21 fått
482 456 117 26 emottaga
617 461 29 14 en
665 453 120 22 skrifvelse
803 453 54 22 med

102 487 111 22 anhållan
226 495 36 14 om
274 487 195 22 utbekommande
482 488 24 21 af
518 490 34 19 ett
564 487 82 29 anslag
658 489 30 27 på
702 488 72 27 7,000
784 487 72 28 mark,

102 521 57 22 eller
182 522 38 21 till
238 530 85 13 samma
341 521 85 30 belopp
444 529 49 14 som
512 521 131 22 Ständerna
660 521 41 22 vid
719 521 28 22 de
765 523 91 20 senaste

102 555 172 30 landtdagarna
300 556 98 29 beviljat
424 556 144 29 föreningen,
588 559 49 19 mot
654 556 78 22 vilkor
749 557 36 20 att
802 555 55 23 den-

101 598 88 14 samma
208 590 71 29 droge
296 591 91 28 försorg
405 590 81 22 därom
504 593 34 19 att
556 590 139 29 tillräckligt
714 590 64 22 antal
791 597 66 15 sven-

102 625 43 22 ska
163 625 44 22 och
225 625 75 22 finska
318 625 144 28 stenografer
479 625 41 21 vid
531 625 103 28 följande
647 624 114 29 landtdag
771 624 85 22 funnes

103 659 37 22 till
159 659 143 22 Ständernas
321 659 145 29 disposition.
504 659 80 22 Ehuru
603 659 254 29 stenograferingskon-

102 696 53 19 sten
181 701 95 14 numera
300 694 66 21 torde
384 693 70 22 hafva
472 694 62 29 gjort
552 694 25 21 så
595 701 53 22 pass
666 695 63 20 stora
745 693 112 29 framsteg

103 730 60 19 samt
189 728 80 21 blifvit
295 729 25 20 så
345 728 101 21 utbredd
463 728 9 21 i
490 727 86 29 landet,
596 730 35 19 att
649 727 114 28 skickliga
781 730 76 19 steno-

103 762 78 29 grafer
199 762 71 21 borde
288 763 80 21 kunna
385 762 37 21 till
434 762 171 29 landtdagarna
623 761 106 28 erhållas,
747 763 58 20 utan
823 763 34 20 att

103 797 74 28 något
201 796 111 22 särskildt
336 797 80 28 anslag
439 796 37 22 för
493 796 155 29 stenografers
666 795 136 30 utbildning
819 796 39 21 be-

103 831 77 29 viljas,
207 830 43 23 har
276 831 121 22 Utskottet
418 831 60 21 dock
495 833 59 20 trott
571 831 37 28 sig
626 831 57 21 böra
701 834 62 18 ännu
781 830 77 22 denna

103 866 65 28 gång
194 865 86 22 föreslå
305 865 68 22 bifall
396 866 14 21 å
427 865 134 23 förberörda
579 865 110 22 anhållan
707 864 98 23 sålunda
823 866 35 21 att

106 900 73 27 7,000
206 900 66 21 mark
296 900 37 22 för
359 899 200 30 budgetperioden
584 899 175 28 1898—1900,
783 898 74 22 skulle

104 934 37 22 för
165 934 151 22 omförmälda
334 934 108 22 ändamål
459 941 84 22 genom
562 933 179 22 Ständerhusets
759 933 100 22 ekonom

104 969 39 22 till
170 968 175 30 Stenografiska
371 969 137 28 föreningen
534 968 123 22 utbetalas.
692 967 53 22 Den
771 969 25 20 åt
813 967 46 22 för-

105 1003 103 29 eningen
225 1004 114 29 upplåtna
356 1003 94 22 lokalen
462 1004 9 21 i
483 1002 162 23 ständerbuset
657 1002 76 22 skulle
745 1001 113 30 därjämte

104 1037 146 22 fortfarande
268 1038 24 21 få
311 1038 23 21 af
351 1037 138 28 föreningen
507 1037 133 29 afgiftsfritt
657 1037 125 28 begagnas.
812 1035 47 23 Vid

105 1071 68 22 dessa
190 1071 116 22 förmåner
323 1071 65 22 torde
407 1071 61 22 dock
485 1072 71 21 fästas
574 1071 41 21 det
632 1070 77 22 vilkor
725 1071 37 22 att
773 1069 86 30 någon

105 1105 150 30 ytterligare
268 1106 150 28 förhöjning
432 1105 32 23 af
469 1105 260 29 stenografkansliens
740 1104 119 29 aflöning

105 1140 47 22 vid
174 1141 76 22 nästa
270 1140 127 29 landtdag
415 1140 54 22 icke
487 1139 207 30 ifrågakommer.
731 1139 34 22 På
783 1137 76 30 grund

106 1175 25 22 af
160 1174 40 22 det
230 1174 167 23 ofvananförda
426 1174 42 22 har
497 1175 122 22 Utskottet
647 1173 75 22 under
747 1173 112 22 rubriken

108 1208 104 29 ndiverse
239 1208 110 30 utgifter"
376 1209 110 29 upptagit
512 1216 29 14 en
562 1207 148 30 anslagspost
728 1207 23 22 af
769 1207 90 28 22,000

106 1243 73 22 mark.

176 1277 119 22 Anhällan
313 1285 37 14 om
368 1279 35 20 ett
420 1277 82 28 anslag
520 1277 23 21 af
562 1276 73 27 2,000
653 1275 67 22 mark
736 1275 37 21 för
791 1273 70 23 utbil-

107 1311 77 22 dande
207 1312 24 21 af
248 1312 146 28 stenografer
410 1311 43 22 har
470 1310 123 23 inkommit
609 1310 38 22 till
664 1309 123 22 Utskottet
804 1309 57 28 jäm-

106 1345 40 22 väl
163 1345 53 21 frän
234 1353 29 13 en
280 1345 226 28 stenografförening
524 1345 9 20 i
550 1344 160 21 Tammerfors.
739 1342 122 21 Utskottet

107 1378 43 23 har
175 1378 148 22 underrättat
350 1378 73 29 sagda
449 1377 115 28 förening,
582 1379 36 20 att
636 1376 66 22 bifall
720 1376 13 21 &
751 1375 52 22 dess
822 1383 39 14 an-

108 1413 75 22 sökan
200 1413 51 22 icke
270 1415 88 20 ansetts
376 1413 80 21 kunna
473 1411 111 23 förordas.

179 1490 141 23 Statsutskottets
332 1489 109 18 betänkande
447 1489 38 18 N:o
492 1489 28 18 13.
