1036 1709
411 144 29 24 U.
455 145 28 22 B.
498 156 28 4 —
544 144 72 28 Prop.
632 143 41 23 N:o
688 144 21 21 6.

323 217 89 19 innehar
434 220 71 16 annan
524 215 44 20 fast
587 214 112 25 egendom;
715 219 47 15 som
778 214 36 20 der
828 214 60 20 idkar
904 216 34 17 nä-

323 246 46 23 ring
391 244 50 21 eller
463 244 53 24 yrke
538 243 50 20 eller
609 243 110 20 derstädes
741 243 39 20 har
798 242 37 20 sitt
854 242 26 21 bo
899 243 39 20 och

323 274 100 19 hemvist.

606 333 14 27 S
636 332 22 23 6.

393 387 59 23 (Lika
474 388 48 19 med
544 387 124 20 Utskottets
685 387 134 20 betänkande
839 387 53 20 ända
908 387 32 20 till

326 417 54 20 sista
394 417 74 21 mom.)

393 444 115 26 Angående
531 444 124 25 behandling
669 445 26 24 af
706 444 95 25 kyrkliga
819 444 119 25 angelägen-

325 474 54 19 heter
393 475 27 18 är
435 473 99 20 särskildt
547 473 101 24 stadgadt.

606 551 13 27 S
636 550 22 23 I.

393 605 82 22 (Första
485 605 39 20 och
534 605 66 20 andra
610 609 90 15 momm.
709 604 66 25 enligt
782 605 158 23 betänkandet.)

393 634 42 19 Rör
456 633 75 24 frågan
548 633 97 24 lagenligt
659 633 75 20 endast
749 638 27 15 en
791 634 89 19 särskild
896 634 44 20 dels

325 663 24 20 af
361 663 131 19 kommunen
506 662 49 24 rätt,
572 667 38 19 ege
625 662 40 19 ock
679 662 41 19 den
735 667 76 15 ensam
827 663 32 19 att
872 663 68 20 saken

325 691 31 20 till
371 691 158 24 öfverläggning
540 691 39 20 och
590 691 114 24 afgörande
712 691 8 19 i
727 691 212 21 kommunalstämma

325 720 99 25 upptaga.

598 780 14 28 8
628 780 40 23 54.

393 835 41 20 Det
449 834 70 20 tillhör
534 834 233 21 kommunalnämnden
777 835 34 20 att
817 835 123 21 handhafva

326 863 142 25 fattigvärden
486 864 59 19 inom
560 863 130 20 kommunen
705 863 40 20 och
760 869 78 18 genom
853 864 47 20 sina
914 864 26 20 le-

325 893 102 22 damöter,
451 892 79 20 enhvar
552 892 7 19 i
577 891 38 20 sitt
630 891 91 24 distrikt,
736 892 74 19 utöfva
825 892 73 25 tillsyn
912 893 28 19 öf-

326 927 37 14 ver
383 921 25 20 de
423 920 194 25 hjelpbehöfvande,
633 919 91 21 säframt
739 920 18 25 ej
773 920 103 20 kommun
891 926 49 20 upp-

326 950 74 24 draget
418 949 23 20 ät
455 949 90 20 särskild
560 948 217 25 fattigvärdsstyrelse
793 949 147 26 öfverlemnat,

326 978 46 19 eller
382 978 121 19 annorledes
513 977 125 25 beträffande
648 978 95 19 nämnda
751 977 69 26 tillsyn
824 978 116 24 förordnat.

598 1049 13 28 s
628 1048 39 24 69.

393 1101 114 26 Angående
525 1105 43 18 rätt
581 1103 35 25 för
631 1103 149 20 vederbörande
790 1105 58 23 prest
862 1103 35 20 och
912 1103 28 20 lä-

326 1131 50 20 kare
397 1133 31 18 att
448 1132 34 19 vid
503 1131 123 24 behandling
644 1132 26 24 af
682 1132 54 19 vissa
748 1131 75 26 frägor
838 1132 80 25 deltaga
933 1133 7 18 i

326 1160 212 20 kommunalnämnäs
553 1160 47 20 eller
611 1165 74 15 annan
692 1161 35 24 för
737 1160 130 20 kommunalt
876 1161 64 19 ända-

325 1187 44 21 mål
384 1188 70 20 tillsatt
467 1189 116 24 bestyrelses
593 1189 128 19 verksamhet
730 1188 65 25 gäller
805 1189 56 19 hvad
870 1189 70 20 derom

326 1217 100 20 särskildt
439 1217 90 24 stadgas.

598 1276 14 28 8
628 1275 38 23 78.

394 1330 39 20 Till
449 1331 25 20 de
489 1331 93 25 utgifter,
597 1336 47 15 som
660 1331 65 25 enligt
735 1331 12 20 5
759 1328 10 28 $
780 1331 51 20 böra
841 1331 31 20 för
883 1331 57 20 kom-

326 1365 92 15 munens
432 1365 163 19 gemensamma
609 1360 65 20 behof
687 1360 118 26 uttaxeras,
821 1362 24 18 är
854 1360 86 20 medlem

327 1389 26 25 af
367 1389 125 20 kommunen
507 1389 73 25 pligtig
595 1390 33 19 att
642 1389 88 25 bidraga
744 1389 39 23 (för
798 1388 63 26 öfrigt
875 1389 65 25 enligt

326 1418 123 20 Utskottets
464 1418 147 22 betänkande).

258 1455 206 19 Kommunalutskottets
475 1455 111 19 betänkande
597 1454 34 20 N:o
646 1456 13 17 1.
