1039 1709
191 143 13 19 8
417 142 30 22 U.
462 142 28 22 B.
506 155 27 3 —
548 142 75 28 Prop.
639 142 42 22 N:o
696 142 21 22 7.

260 211 124 23 Glastaket
402 212 65 22 öfver
485 214 63 20 stora
564 212 155 29 trapphallen,
731 212 70 22 hvars
813 212 133 28 målningar

190 245 92 23 förläna
309 246 40 21 det
374 246 128 22 infallande
528 246 71 30 ljuset
625 254 29 15 en
681 254 66 15 varm
773 246 44 23 och
834 246 111 29 behaglig

190 281 102 28 färgton,
310 280 72 22 borde
399 281 73 22 förses
490 281 53 21 med
558 281 106 28 verkliga
675 281 184 28 glasmålningar
870 281 9 22 i
891 281 54 22 stäl-

190 315 34 22 let
248 315 38 21 för
312 314 28 22 de
364 315 142 28 nuvarande,
532 323 49 14 som
607 315 79 22 härför
709 318 85 26 utgöra
811 315 83 22 endast
911 317 35 20 ett

191 351 112 26 surrogat.
339 349 35 21 De
391 357 32 14 nu
442 349 142 29 oljemålade,
603 349 69 29 högst
686 350 92 29 ojemna
789 349 44 22 och
844 349 102 30 fläckiga

190 383 82 29 glasen
298 383 72 22 verka
396 383 46 22 fult
460 383 43 22 och
528 384 95 29 mycket
641 384 108 22 störande
767 384 9 21 i
793 384 84 28 hallen,
896 391 49 15 som

190 417 61 23 dock
273 421 25 18 är
316 417 24 22 af
358 425 28 14 en
404 418 48 22 viss
471 418 170 22 arkitektonisk
658 418 126 29 betydelse,
803 418 90 23 derföre
911 420 35 20 att

190 452 134 22 densamma
349 453 70 28 utgör
445 452 40 22 det
511 452 104 22 centrala
635 461 56 20 rum,
711 461 48 14 som
776 452 38 22 till
831 453 58 22 först
906 453 40 22 be-

190 486 78 22 trädes
295 486 23 21 af
340 486 269 29 folkrepresentanterna
627 487 64 22 såväl
709 495 49 14 som
777 487 23 22 af
817 487 46 22 den
881 489 63 20 stän-

191 520 109 23 derhuset
316 520 114 22 beseende
447 521 146 29 främlingen.
628 522 42 21 Ett
688 521 119 22 definitivt
822 521 124 22 kostnads-

189 555 89 29 förslag
299 555 43 22 har
360 559 62 18 ännu
440 555 51 22 icke
508 556 92 22 kunnat
617 555 79 22 härför
714 555 105 29 erhållas,
837 564 53 14 men
909 563 37 15 om

190 590 67 21 taket
283 589 123 22 dekoreras
433 590 85 28 enkelt,
544 589 85 23 sådant
656 590 39 22 det
712 598 32 15 nu
763 595 31 23 är,
812 591 67 21 torde
897 591 49 21 det-

191 631 86 15 samma
294 624 80 22 kunna
392 624 119 29 omläggas
528 625 37 22 för
582 632 35 14 c:a
636 625 73 27 7,000
727 625 72 22 mark.

258 659 226 22 Utskottsrummens
522 659 50 29 golf
605 659 9 21 i
653 659 59 22 l:sta
746 659 119 28 våningen
905 663 40 18 äro

191 692 100 29 belagda
316 692 54 23 med
395 693 106 28 plankor,
528 701 48 14 som
603 693 104 22 erfordra
733 693 151 30 omläggning
902 693 44 22 och

190 727 130 29 periodiskt
338 727 186 22 återkommande
542 727 111 29 målning.
688 728 37 22 En
737 728 145 30 beläggning
892 728 55 22 med

191 762 65 29 tjock
282 762 111 22 linoleum
419 762 24 22 af
467 762 39 22 det
524 763 56 29 slag,
599 769 50 15 som
666 763 9 21 i
692 763 185 23 statsutskottets
895 771 52 14 rum

191 796 122 29 användts,
331 796 46 22 blir
394 796 8 22 i
419 796 103 30 längden
539 798 109 29 billigare
665 798 76 22 såsom
752 797 102 24 varande
872 800 74 20 utom-

192 830 128 30 ordentligt
336 831 116 29 varaktig.

261 863 81 32 Öfriga
362 866 87 29 förslag
467 867 9 20 i
493 866 300 30 kostnadsberäkningarne
811 866 66 23 torde
894 866 53 22 icke

191 900 105 22 erfordra
313 900 81 23 vidare
411 901 147 29 motivering.

259 935 37 21 De
325 935 146 22 återstående
499 936 228 28 målningsarbetena
755 935 10 22 i
793 935 155 29 byggnadens

191 969 51 22 inre
264 969 72 22 borde
361 969 89 22 utföras
472 969 75 22 under
567 969 185 30 treärsperioden
772 970 175 22 1901—1903.

191 1003 56 22 Med
272 1003 133 22 fasadernas
431 1004 105 29 målning
558 1004 48 22 kan
625 1005 66 21 anstå
709 1004 63 22 intill
791 1004 51 22 dess
859 1003 89 30 gafvel-

192 1045 107 22 gruppen
316 1038 47 21 blir
380 1038 116 29 uppstäld.

260 1071 150 23 Beträffande
438 1073 164 21 slutsummans
629 1072 88 22 storlek
743 1072 66 22 torde
832 1072 58 22 böra
908 1079 40 15 an-

191 1107 92 21 märkas
311 1108 35 19 att
372 1106 140 28 densamma,
538 1106 105 23 fördelad
669 1108 31 28 på
719 1107 14 20 3
752 1107 31 27 år,
801 1107 93 28 uppgår
911 1105 38 22 till

192 1140 82 22 endast
301 1147 35 15 c:a
364 1141 89 27 10,000
476 1141 67 22 mark
561 1141 90 28 årligen
669 1141 57 22 eller
743 1141 91 28 knappt
855 1138 51 27 1”"/.
925 1140 23 22 af

191 1174 263 29 byggnadskostnaden,
483 1175 91 22 hvilket
603 1175 52 21 icke
684 1175 67 22 torde
780 1175 105 21 befinnas
912 1175 37 21 för

189 1209 67 28 högt,
283 1208 30 22 då
330 1209 9 21 i
357 1209 171 28 öfvervägande
546 1211 66 26 tages
630 1211 35 20 att
682 1209 102 22 flertalet
802 1209 23 22 af
843 1209 28 21 de
889 1209 60 22 före-

193 1243 82 28 slagna
302 1243 110 21 arbetena
438 1243 52 21 icke
508 1248 40 17 äro
566 1244 194 26 remontarbeten,
778 1245 57 19 utan
853 1243 96 20 fastmer

192 1277 73 21 måste
294 1276 121 22 betraktas
442 1277 74 22 såsom
543 1278 35 20 ett
604 1277 143 21 slutförande
774 1277 24 21 af
815 1275 133 30 byggnads-

193 1310 96 23 arbetet.
324 1310 37 22 Då
390 1310 171 24 ofvananförda
588 1310 96 23 arbeten
709 1311 80 23 blifvit
806 1310 141 28 verkstälda,

192 1345 48 22 kan
270 1345 44 22 ock
343 1352 30 14 en
402 1346 93 28 mycket
520 1346 59 22 liten
606 1346 128 22 årsremont
760 1346 37 22 för
822 1345 126 22 framtiden

193 1382 105 26 emotses,
326 1379 43 23 och
395 1380 9 21 i
430 1380 47 22 alla
500 1380 42 22 fall
560 1388 29 14 en
607 1380 56 22 vida
679 1380 90 23 mindre
787 1384 30 18 än
835 1380 46 22 den
899 1388 50 14 som

192 1414 37 23 för
246 1415 96 29 vanliga
359 1414 76 23 bättre
453 1415 144 29 boningshus
614 1415 83 29 plägar
708 1414 135 24 beräknas."

263 1492 140 18 Statsutskottets
411 1492 112 19 betänkande
530 1493 38 17 N:o
574 1493 29 18 13.
