1036 1709
199 136 29 21 84
424 134 29 23 U.
468 134 29 22 B.
512 148 27 3 —
554 134 73 28 Prop.
642 134 42 23 N:o
698 133 22 23 6.

199 204 98 20 kallande
319 205 31 19 för
373 204 108 25 uppgifvet
503 204 82 24 ärende,
602 205 72 19 derom
689 204 86 20 anmäla
790 204 39 21 hos
844 204 104 20 ordföran-

199 234 47 23 den,
269 238 48 15 som
332 233 39 19 har
386 233 33 19 att
433 232 68 21 sådan
515 232 100 20 anhållan
629 233 54 19 efter
697 233 97 25 pröfning
808 232 75 25 bevilja
899 232 50 20 eller

200 261 60 21 afslå.
290 262 45 19 Den
356 262 7 19 i
385 261 28 20 20
435 262 12 22 S
469 262 121 19 stämmans
612 262 125 19 ordförande
752 260 131 21 förbehållna
897 261 51 25 pröf-

199 291 107 24 ningsrätt
327 289 67 21 skulle
410 289 63 21 alltså
488 290 45 20 icke
548 290 156 25 ifrågakomma
719 289 27 22 då
763 291 122 23 ,Guvernör
899 290 50 20 eller

200 319 67 20 andra
289 317 161 26 myndigheter"
476 319 51 20 äska
550 319 121 20 stämmans
686 319 106 25 yttrande,
807 324 50 15 men
871 319 36 20 väl
922 319 26 20 då

200 346 155 26 »tjensteman”
372 347 74 20 derom
460 347 101 20 anhåller.

267 375 31 21 Då
313 375 117 21 emellertid
445 376 35 19 vid
494 375 156 24 behandlingen
665 376 23 19 af
699 375 163 26 ifrågavarande
877 376 24 23 $$
914 378 34 18 vä-

198 404 106 25 sentligen
326 404 56 20 olika
402 405 112 24 meningar
536 405 57 20 inom
608 405 112 19 Utskottet
734 405 56 24 gjort
804 405 33 24 sig
851 405 96 24 gällande

198 433 132 20 beträffande
352 433 128 20 innebörden
503 433 23 20 af
541 433 110 24 uttrycket
667 433 63 25 ,eller
744 434 67 19 andra
826 433 122 25 myndighe-

198 459 53 27 ter",
273 462 32 24 ity
328 462 32 19 att
375 466 26 15 en
416 461 33 20 del
464 462 72 20 ansett
551 462 33 20 att
598 461 87 20 dermed
700 462 62 24 afses,
778 462 93 20 förutom
886 462 62 20 kolle-

198 490 64 24 giala-
277 491 39 20 och
332 490 66 21 andra
414 491 141 25 embetsverk,
572 491 76 19 endast
662 491 58 20 vissa
731 491 46 24 slag
788 491 23 20 af
818 491 130 24 tjenstemän

198 519 60 22 (utan
281 519 33 20 att
329 519 53 20 dock
398 524 38 15 ens
451 520 31 25 de,
498 525 47 14 som
561 519 51 25 hyst
627 519 69 20 denna
710 520 141 24 uppfattning,
865 520 83 20 kunnat

198 553 53 15 enas
266 553 36 15 om
317 547 85 25 hvilka),
421 549 79 19 medan
515 549 66 19 andra
596 547 47 20 åter
658 547 60 21 hållit
733 549 44 19 före
793 549 33 20 att
839 549 109 24 uttrycket

198 577 104 20 omfattar
323 577 74 23 hvarje
415 581 83 20 person,
514 582 48 15 som
577 577 68 19 blifvit
660 577 44 20 satt
720 577 33 20 att
766 577 94 20 bestrida
875 577 73 20 offent-

198 605 38 24 ligt
251 605 90 23 embete,
357 609 65 20 synes
438 605 44 24 mig
497 610 26 15 en
539 605 154 24 omredigering
706 605 24 20 af
743 606 88 20 berörda
846 605 24 24 $$
885 606 63 24 högst

197 633 121 25 nödvändig
332 633 32 20 till
378 634 135 19 undvikande
528 634 23 20 af
564 633 80 21 olikhet
658 634 7 19 i
679 634 131 20 förfarandet
824 635 35 19 vid
873 635 75 20 dessas

196 662 102 20 framtida
312 661 138 25 tillämpning.

266 691 40 19 Vid
320 690 77 20 sådant
411 690 130 21 förhållande
557 691 40 20 och
607 691 134 20 alldenstund
751 691 66 24 enligt
828 692 44 19 min
882 692 65 19 tanke

197 719 114 24 anledning
332 719 45 20 icke
398 719 111 24 föreligger
531 719 33 20 att
581 719 32 20 uti
627 724 29 15 nu
671 719 162 24 ifrågavarande
848 720 100 20 afseende

196 747 131 20 klassificera
341 747 83 20 landets
439 748 130 23 tjenstemän
584 748 58 19 samt
656 747 26 21 då
700 748 47 20 skäl
756 748 47 20 icke
813 748 65 20 heller
887 749 60 19 torde

197 775 69 21 finnas
289 776 32 19 att
342 775 74 21 befara
434 776 107 19 missbruk
557 775 47 21 från
619 777 73 19 desses
707 777 52 24 sida,
773 779 51 18 utan
839 787 34 15 —,
889 777 6 19 i
910 777 36 20 fall

197 809 27 14 en
238 804 89 24 farhåga
342 804 32 20 för
388 805 108 19 missbruk
510 804 108 25 verkligen
634 805 55 20 hade
704 805 47 20 skäl
766 805 32 20 för
808 806 32 23 sig
852 815 32 15 —,
895 811 52 14 man

197 832 27 21 då
246 833 65 20 hellre
333 833 49 20 eller
402 833 130 20 åtminstone
547 833 7 20 i
569 833 43 20 lika
627 833 41 25 hög
683 834 52 24 grad
750 834 70 20 kunde
835 835 66 19 vänta
916 834 31 20 så-

197 862 56 20 dana
268 862 46 20 från
329 862 120 25 respektive
464 862 358 21 kommunalstämmoordförandes
837 863 56 24 sida;
909 864 38 19 för-

196 891 98 19 denskull
315 891 39 19 och
377 890 27 20 då
426 891 6 19 i
454 891 73 24 hvarje
550 891 101 20 händelse
673 891 137 24 möjligheten
825 892 24 19 af
861 893 86 23 onödigt

196 919 92 24 uppskof
308 919 48 20 med
379 919 117 20 ärendenas
512 919 55 24 gång
582 919 46 20 icke
644 924 50 15 vore
709 919 113 25 utesluten,
838 920 71 20 derest
923 920 23 20 åt

196 947 381 26 kommunalstämmoordförandene,
596 947 73 20 hvilka
683 947 109 21 måhända
807 949 46 19 icke
868 948 24 21 så
907 949 39 20 säl-

195 975 37 20 lan
254 976 73 19 kunna
349 981 52 14 vara
416 976 6 19 i
438 977 81 19 saknad
534 976 24 20 af
570 977 41 19 den
626 976 68 20 derför
708 977 78 24 nödiga
800 977 91 24 insigten
907 978 39 19 och

196 1004 158 25 urskiljningen,
369 1004 110 20 lemnades
493 1005 44 20 rätt
553 1005 32 20 att
595 1005 74 24 pröfva
679 1005 105 20 huruvida
794 1011 26 14 en
830 1005 24 20 af
860 1006 86 23 tjenste-

196 1037 51 15 man
270 1032 12 20 å
305 1033 105 19 embetets
432 1035 81 22 vägnar
527 1033 60 24 gjord
602 1032 100 21 anhållan
717 1039 36 14 om
768 1034 121 20 stämmans
905 1035 41 23 ytt-

195 1061 65 20 rande
276 1061 7 19 i
298 1060 65 25 något
378 1061 82 24 ärende,
477 1064 23 17 är
516 1061 88 24 befogad
619 1061 50 20 eller
684 1062 52 25 icke,
745 1061 67 25 vågar
820 1063 37 24 jag
867 1063 78 24 ödmju-

195 1089 51 20 kast
260 1089 77 20 föreslå
351 1090 33 19 att
399 1090 6 19 i
422 1091 11 18 7
449 1090 11 22 S
474 1090 108 24 inrycktes
598 1090 64 19 orden
675 1091 51 24 ,och
736 1090 141 24 tjenstemän*
888 1092 58 19 samt

195 1118 34 19 att
244 1118 62 19 dessa
321 1118 36 19 ord
373 1118 7 19 i
394 1117 73 20 stället
481 1123 25 14 ur
521 1118 28 20 20
564 1118 12 23 $
590 1117 56 25 finge
661 1118 61 25 utgå;
745 1119 86 20 hvadan
844 1119 62 20 dessa
921 1119 23 23 SS

195 1146 87 20 komme
298 1147 32 19 att
345 1145 79 21 erhålla
440 1146 90 24 följande
545 1146 89 25 lydelse:

610 1229 14 28 $
633 1229 28 28 7.

399 1281 226 20 Kommunalstämma
646 1282 70 20 tillhör
736 1283 73 20 vidare
831 1283 33 20 att
879 1284 65 19 öfver-

330 1309 63 25 lägga
416 1315 37 15 om
474 1311 39 19 och
531 1311 59 23 yttra
604 1310 33 24 sig
651 1311 6 19 i
672 1310 82 21 sådana
768 1311 76 26 frågor,
860 1317 48 15 som
923 1313 23 20 af

331 1338 137 21 Guvernören
490 1339 49 20 eller
562 1339 66 20 andra
646 1340 149 24 myndigheter
810 1339 38 21 och
863 1338 81 29 tjenste-

330 1367 54 21 män
398 1367 32 20 till
445 1368 121 21 stämmans
581 1367 109 22 utlåtande
705 1369 133 24 hänskjutas.

262 1440 206 18 Kommunalutskottets
478 1440 111 20 betänkande
599 1440 35 20 N:o
647 1441 15 18 1.
