1039 1706
438 116 40 22 N:o
494 117 19 21 6.
812 114 13 20 3

101 185 190 29 upprätthållande
315 185 23 22 af
360 186 39 21 den
422 186 57 26 yttre
501 184 118 26 ordningen
641 183 57 22 inom
716 183 141 21 kommunens

103 220 94 25 område,
213 219 100 27 åtgärder
328 219 77 21 derhos
421 218 165 22 underlättande
603 218 36 21 det
653 217 48 21 icke
711 217 69 21 sällan
792 216 66 27 dryga

101 255 83 26 arbete,
208 260 46 16 som
278 254 81 27 åligger
382 253 39 21 den
444 253 23 21 af
487 253 82 21 kronan
589 252 99 21 anstälda
703 251 40 22 och
757 250 101 22 aflönade

101 288 114 28 ordnings-
237 288 40 22 och
301 287 258 27 bevakningspersonalen
577 286 29 28 på
627 286 154 26 landsbygden.
811 285 47 21 Den

103 322 93 27 ordning
211 322 39 22 och
266 322 106 26 säkerhet,
388 327 46 15 som
449 322 64 26 lagen
529 320 144 22 tillförsäkrar
687 320 74 26 hvarje
771 318 88 28 individ,

102 358 63 25 utgör
181 358 32 20 ett
228 355 23 23 af
265 356 27 21 de
306 356 91 22 främsta
411 355 97 22 vilkoren
519 355 33 22 för
562 354 126 22 samhällets
699 354 64 27 lugna
773 353 86 22 utveck-

103 391 50 28 ling,
170 391 39 22 och
224 391 75 22 vinnes
315 397 26 15 en
357 390 67 22 sådan
439 392 53 20 utan
507 389 74 23 tvifvel
595 389 76 21 lättast
682 388 38 22 och
731 388 129 27 naturligast

103 425 130 26 derigenom,
245 426 33 20 att
293 425 7 21 i
315 424 69 21 första
395 428 91 18 rummet
497 424 26 21 de
534 423 97 22 enskilda
642 423 133 21 samhällena
786 422 74 27 sjelfva

103 462 52 25 taga
171 459 34 22 del
220 459 7 21 i
243 459 128 27 ordningens
387 457 196 28 upprätthållande.
613 457 30 22 Af
657 458 70 21 denna
741 457 64 22 orsak
820 457 41 22 har

104 494 37 21 det
157 496 60 25 synts
233 500 52 15 vara
299 493 119 28 påkalladt,
435 494 32 20 att
482 492 152 27 förordningen
651 491 68 23 skulle
730 491 130 23 förfullstän-

105 528 61 27 digas
179 528 79 27 jemväl
273 528 7 21 i
295 528 142 21 förevarande
453 527 33 22 del
501 527 39 22 och
550 527 38 22 der
597 527 85 27 intagas
692 526 170 27 bestämningar,

104 563 84 27 egnade
204 562 58 22 såväl
277 564 33 20 att
324 562 102 27 klargöra
440 562 140 21 kommunens
595 561 128 28 befogenhet
738 562 8 21 i
759 561 104 22 omordad

105 597 76 27 måtto,
206 603 46 16 som
271 599 34 20 att
321 596 53 28 fylla
389 598 32 20 ett
436 596 162 28 mångenstädes
613 596 66 21 kändt
694 595 71 28 behof,
781 596 82 21 hvilket

106 638 79 16 annars
207 631 46 22 icke
277 631 68 22 skulle
368 631 71 22 kunna
462 631 131 28 tillgodoses,
617 631 129 21 åtminstone
766 631 33 21 för
818 637 46 15 mer

106 666 55 22 eller
177 665 81 22 mindre
273 665 64 28 långa
351 665 56 22 tider
423 665 86 22 framåt.

176 701 42 21 Vid
240 700 127 27 afgörandet
389 701 7 20 i
418 700 77 27 högsta
509 700 84 22 instans
609 699 24 22 af
649 699 42 22 mål
707 699 40 22 och
762 700 102 26 ärenden,

107 741 46 16 som
177 736 49 20 röra
249 735 130 21 kommunen
393 735 7 20 i
416 734 48 21 dess
483 734 80 27 helhet,
577 734 41 21 har
633 734 112 27 olägenhet
760 734 56 21 visat
831 734 33 27 sig

109 769 136 27 derutinnan,
262 771 32 19 att
314 769 2 21 i
331 769 278 26 kommunalförfattningen
629 769 133 26 stadganden
781 769 83 27 saknas,

109 804 30 27 på
153 803 70 28 grund
238 803 22 21 af
274 804 74 21 hvilka
363 803 36 22 det
414 809 50 16 vore
479 803 83 28 möjligt
576 805 33 20 att
619 803 48 22 med
679 803 100 22 säkerhet
790 803 76 27 afgöra

109 837 48 23 från
173 838 85 21 hvilken
274 838 41 27 dag
329 838 149 21 besvärstiden
493 839 8 20 i
517 838 73 27 dylika
605 838 64 21 saker
684 838 54 21 skall
753 838 111 22 beräknas.

110 872 78 22 Medan
204 873 92 21 berörda
311 873 32 21 tid
353 872 99 27 vanligen
463 872 88 22 räknats
562 871 46 22 från
621 872 39 21 den
672 872 41 27 dag
723 872 143 22 ordföranden

109 907 9 21 i
140 907 229 22 kommunalstämman
393 907 24 21 af
437 907 95 27 utslaget
554 907 87 21 erhållit
661 907 42 26 del,
721 907 40 21 har
776 907 7 21 i
799 907 69 26 några

111 940 126 22 kommuner
258 941 147 21 besvärstiden
428 942 83 20 ansetts
533 940 52 22 böra
607 941 50 26 löpa
679 940 48 22 från
751 942 68 26 dagen
834 941 34 22 för

111 974 106 28 utslagets
229 974 133 28 delgifvande
373 976 13 20 å
396 974 224 22 kommunalstämma.
643 975 41 22 Till
695 976 173 21 förekommande

111 1010 25 21 af
157 1009 136 28 villrådighet
311 1010 7 21 i
336 1010 92 21 nämnda
443 1010 120 22 hänseende
578 1010 41 22 och
635 1010 116 22 ärendenas
766 1011 102 26 uppehål-

112 1044 65 21 lande
196 1044 129 28 derigenom,
341 1046 32 20 att
388 1044 161 22 vederbörande
564 1044 95 28 fördröja
675 1045 113 22 besvärens
804 1046 65 22 behö-

114 1078 46 27 riga
183 1078 139 27 delgifvande,
345 1078 67 22 borde
435 1080 6 20 i
465 1078 153 28 författningen
633 1078 81 22 införas
729 1080 140 27 stadganden,

114 1118 25 15 ur
162 1112 71 22 hvilka
252 1112 119 28 framginge
385 1113 39 26 att,
438 1112 66 28 jemte
520 1113 35 21 det
570 1112 129 22 ordförande
714 1113 7 21 i
736 1114 134 22 kommunal-

114 1147 107 22 nämnden
244 1153 50 15 vore
317 1147 84 27 skyldig
423 1148 32 20 att
477 1148 13 21 å
509 1148 139 21 kommunens
663 1150 83 24 vägnar
761 1151 110 24 emottaga

115 1182 44 20 alla
181 1181 130 21 kommunen
332 1181 92 21 rörande
447 1182 78 26 utslag,
547 1181 148 29 resolutioner,
717 1182 155 22 meddelanden

116 1216 41 21 och
179 1216 135 26 handlingar,
337 1216 62 21 dessa
421 1216 72 27 utslag
511 1222 27 16 m.
554 1222 28 15 m.
599 1217 89 25 ansåges
707 1222 52 16 vara
773 1217 99 22 kommu-

116 1256 43 16 nen
182 1250 93 26 delgifna
299 1250 41 21 den
363 1250 47 27 dag,
427 1250 28 22 då
473 1250 361 23 kommunalnämndsordföranden
851 1252 24 20 af

117 1284 110 22 desamma
249 1284 88 22 erhållit
355 1284 41 22 del.
427 1284 44 22 Och
487 1291 61 21 synes
563 1291 26 15 en
605 1284 66 22 sådan
687 1285 119 28 anordning
821 1292 53 15 vara

117 1320 119 20 motiverad
259 1319 94 27 dermed,
376 1321 33 19 att
430 1320 99 21 bemälde
548 1319 129 22 ordförande
692 1319 65 22 bland
773 1320 31 21 de.
813 1320 61 21 kom-

117 1354 88 21 munala
227 1353 179 27 förtroendemän,
430 1359 46 16 som
499 1354 73 21 kunna
594 1354 33 20 för
651 1353 121 22 ändamålet
795 1353 79 27 ifråga-

118 1388 93 26 komma,
235 1389 24 19 är
281 1388 47 26 den,
344 1394 45 15 som
407 1388 48 22 bäst
469 1387 43 22 kan
527 1387 52 28 följa
594 1388 49 21 med
658 1387 138 22 kommunens
812 1394 64 21 ange-

119 1422 124 27 lägenheter
259 1422 39 22 och
313 1423 82 21 bevaka
411 1422 48 22 dess
477 1424 48 20 rätt.
