1045 1709
242 155 13 21 2
543 152 40 22 N:o
600 154 31 20 10.

213 222 97 21 tillstånd
325 221 84 27 utgifna
424 221 23 21 af
459 222 132 25 kommuner,
608 220 50 22 eller
673 220 39 22 ock
727 220 158 22 räntebärande
898 220 64 21 stats-

213 263 88 20 papper.
331 256 69 21 Dessa
423 255 134 22 säkerheters
580 254 159 28 sammanlagda
761 254 76 27 belopp
861 253 39 22 bör
915 253 48 22 med

213 291 65 21 minst
294 291 30 21 tio
339 292 90 25 procent
445 290 114 27 öfverstiga
575 289 180 27 obligationernas
766 288 115 22 nominella
890 288 72 22 värde.

214 325 137 22 Sistnämnda
373 325 134 26 bestämning
530 325 41 20 kan
595 324 117 21 emellertid
732 323 94 22 medföra
841 323 46 21 icke
902 323 61 27 ringa

214 359 136 28 olägenheter
372 359 39 21 och
433 358 203 26 missförhållanden,
660 360 51 19 enär
726 357 63 27 bank,
805 363 45 16 som
865 357 99 22 utfärdar

213 394 147 27 obligationer,
377 393 65 27 enligt
457 393 67 27 sagda
539 393 134 26 bestämning
688 394 24 19 är
730 392 111 21 nödsakad
852 393 39 26 att,
902 392 61 21 äfven

214 434 33 15 om
271 428 39 21 den
329 427 104 22 belånade
449 427 38 22 och
503 426 168 28 pantförskrifna
687 427 129 27 egendomen
832 427 49 21 vida
896 426 67 22 öfver-

213 462 67 27 stiger
296 462 179 27 obligationernas
500 461 113 22 nominella
634 461 72 26 värde,
730 461 36 21 det
788 461 90 22 oaktadt
893 461 70 21 såsom

212 498 54 25 pant
282 497 100 21 nedsätta
392 497 65 20 minst
467 497 30 20 tio
505 498 90 25 procent
602 495 84 22 utöfver
694 495 61 22 detta
765 495 70 22 värde.
857 495 10 21 I
877 495 86 22 betrak-

213 531 65 22 tande
293 531 63 21 häraf
370 531 38 21 och
424 531 27 20 då
466 531 75 20 värdet
552 530 22 21 af
584 530 39 21 den
635 529 104 22 belånade
749 529 130 28 egendomen
887 529 77 22 främst

214 567 24 19 är
253 565 106 22 beroende
383 565 22 21 af
426 565 40 21 den
489 564 156 27 maximigräns,
665 564 56 21 inom
737 564 85 21 hvilken
837 563 126 28 belåningen

213 599 66 28 enligt
302 599 223 27 obligationsvilkoren
548 599 33 21 får
604 605 38 20 ega
661 605 53 19 rum,
731 601 55 19 samt
802 598 36 21 det
853 598 111 21 allmänin-

213 636 74 24 tresse,
303 640 46 15 som
365 635 23 19 är
404 633 138 27 förknippadt
556 633 35 21 vid
601 633 127 21 säkerheten
739 633 33 21 för
783 633 181 27 obligationernas

213 668 88 26 inlösen,
325 667 82 22 mindre
429 667 123 28 tillgodoses
575 673 76 22 genom
670 667 151 27 stipulationer
836 666 23 23 af
872 667 92 22 berörda

213 705 40 25 art,
270 705 27 19 än
312 709 76 20 genom
405 702 138 21 anordnande
562 702 23 21 af
598 708 26 15 en
640 701 84 22 effektiv
738 701 94 22 kontroll
848 701 23 22 af
884 701 79 28 obliga-

213 737 163 22 tionsvilkorens
399 743 125 21 noggranna
547 736 124 23 efterlefnad
694 737 45 26 och,
754 737 7 21 i
777 736 102 22 händelse
901 736 63 22 dessa

213 771 139 27 öfverträdas,
375 778 75 21 genom
473 771 129 28 vidtagande
621 771 23 21 af
661 771 76 27 åtgärd
755 771 32 21 till
803 771 125 28 skyddande
943 770 23 22 af

213 806 305 28 obligationsinnehafvarenes
541 806 105 26 säkerhet,
663 806 39 20 har
718 805 139 22 omförmälda
871 806 92 22 bestäm-

213 842 51 27 ning
278 848 34 15 om
328 842 33 20 att
375 841 127 22 säkerheten
513 840 32 22 för
557 840 180 28 obligationernas
747 840 82 22 inlösen
840 840 49 22 med
898 840 66 22 minst

212 876 30 21 tio
265 877 90 26 procent
377 875 39 22 bör
439 875 114 28 öfverstiga
570 875 179 27 obligationernas
769 875 115 22 nominella
898 875 66 22 värde

213 912 82 20 ansetts
310 911 74 20 kunna
407 910 105 21 uteslutas
528 910 38 21 och
581 910 7 21 i
603 909 71 22 stället
690 909 125 27 erforderlig
829 909 135 28 bestämning

212 945 7 20 i
235 944 150 27 ofvanangifna
400 944 98 21 afseende
513 944 7 21 i
535 944 150 27 förordningen
700 943 87 22 införas.

280 979 168 21 Vidkommande
471 979 65 20 sedan
552 978 98 27 tillsynen
667 977 96 22 deröfver
779 979 33 20 att
827 978 58 21 bank
899 977 64 23 behö-

212 1014 60 27 rigen
287 1014 78 27 fullgör
379 1014 99 27 gällande
493 1013 168 28 lagstadganden
676 1013 39 22 och
725 1013 162 22 föreskrifterna
897 1013 7 22 i
915 1013 48 22 dess

214 1054 51 21 egen
288 1048 173 27 bolagsordning,
480 1048 39 21 har
537 1048 123 21 densamma
674 1047 107 22 härintills
795 1049 97 21 närmast
907 1047 56 23 utöf-

212 1084 47 21 vats
275 1083 23 21 af
310 1083 102 21 särskildt
434 1083 33 22 för
485 1083 72 27 hvarje
571 1083 57 22 bank
644 1082 159 22 tillförordnadt
819 1082 85 28 publikt
919 1089 43 15 om-

211 1117 49 22 bud.
291 1117 34 21 Då
340 1117 118 21 emellertid
473 1123 75 21 genom
564 1117 70 21 denna
649 1117 120 26 anordning
784 1117 70 27 någon
871 1116 92 27 enhetlig

212 1151 39 22 och
266 1151 136 27 systematisk
417 1151 121 27 inspektion
555 1151 22 21 af
590 1151 110 21 bankerna
716 1151 45 21 icke
776 1151 84 21 kunnat
871 1150 91 27 utöfvas,

212 1191 62 21 synes
297 1185 139 21 omförmälda
458 1185 70 27 tillsyn
551 1185 121 27 lämpligast
694 1185 53 21 böra
766 1185 108 22 ombetros
890 1191 25 15 en
928 1185 36 22 för

212 1219 98 27 samtliga
326 1219 96 21 enskilda
437 1219 81 22 banker
537 1219 77 22 tillsatt
630 1225 121 20 gemensam
766 1219 119 27 inspektör,
900 1219 62 22 hvar-

211 1253 35 20 vid
262 1253 53 20 dock
329 1253 34 20 för
377 1253 65 26 bank,
458 1259 45 14 som
518 1253 128 26 berättigats
662 1253 82 26 utgifva
759 1253 147 26 obligationer,
917 1255 45 18 sär-

212 1286 65 22 skildt
298 1286 85 27 publikt
399 1287 79 21 ombud
492 1286 132 22 fortfarande
640 1285 107 23 erfordras
763 1286 34 21 för
812 1286 150 22 omhänderta-

211 1320 69 28 gande
303 1320 39 22 och
363 1320 128 22 förvarande
507 1321 22 21 af
542 1321 66 21 stäldt
631 1320 100 28 hypotek,
752 1321 66 27 jemte
834 1321 36 21 det
886 1327 25 15 en
927 1320 35 22 be-

211 1356 71 21 stämd
303 1356 70 27 grund
392 1356 67 21 borde
474 1356 124 27 fastställas,
614 1355 66 28 enligt
695 1355 84 22 hvilken
794 1355 58 22 bank
867 1362 49 22 eger
931 1356 31 22 bi-

212 1390 66 28 draga
300 1390 33 22 till
354 1390 132 22 bekostande
505 1390 22 22 af
540 1390 209 28 bankinspektionen
765 1390 38 22 och
819 1391 143 22 nästnämnda

210 1425 89 28 publika
315 1425 83 22 ombud.
