1045 1711
221 131 26 19 10
415 128 26 21 U.
457 128 27 21 B.
500 140 28 4 —
544 127 73 29 Prop.
633 127 44 23 N:o
693 127 22 22 2.

188 201 79 20 vurätt
286 199 26 21 af
324 199 158 21 handlandene
498 199 39 22 vid
552 199 155 28 utborgandet
722 199 26 22 af
760 206 66 15 varor
842 201 23 19 ät
880 199 56 21 kun-

187 235 42 21 der
250 234 9 22 i
279 235 132 21 landsorten
432 235 116 28 begagnas
572 237 73 19 säsom
669 237 34 18 ett
725 235 73 21 medel
814 237 34 19 att
863 234 73 22 förmä

188 270 65 22 desse
279 273 34 19 att
341 270 137 21 underkasta
502 271 34 27 sig
558 270 125 28 utsökning
705 271 39 21 vid
768 270 167 26 stadsdomstol,

187 305 91 23 oafsedt
300 308 35 19 att
357 305 157 22 handlandene
543 312 82 22 genom
651 305 112 23 lättheton
786 308 33 19 att
841 305 23 22 få
887 306 49 22 sina

188 341 129 29 fordringar
333 342 93 21 utsökta
441 342 38 21 vid
496 341 98 22 domstol
609 342 7 20 i
633 342 80 21 staden
730 342 105 21 lockades
852 343 34 20 att
899 341 37 23 be-

188 377 56 29 vilja
260 377 49 22 sina
324 378 88 20 kunder
428 377 69 22 bland
513 377 228 29 landtbefolkningen
756 385 28 14 en
794 378 82 26 kredit,
888 384 48 16 som

188 412 75 23 skulle
287 413 95 28 menligt
402 413 94 21 inverka
519 415 29 27 pä
564 413 76 21 desses
657 413 146 22 ekonomiska
819 412 115 30 ställning.

188 448 123 22 Dessutom
328 448 74 22 skulle
417 448 8 22 i
441 448 57 29 följd
515 448 26 22 af
554 448 44 22 den
613 449 102 28 antydda
732 448 115 29 ökningen
857 448 26 22 af
891 449 45 21 mäl

187 485 40 21 vid
250 484 217 22 stadsdomstolarna
490 485 66 21 dessa
579 485 116 21 sannolikt
717 484 72 22 blifva
803 484 9 22 i
827 485 73 21 behof
913 484 26 22 af

189 520 156 28 förstärkning
369 528 82 20 genom
474 520 129 22 inrättande
627 520 26 22 af
665 528 46 21 nya
727 520 210 22 rädstufvurättsaf-

187 556 120 29 delningar
323 558 58 19 samt
396 557 105 20 städerna
519 557 131 28 härigenom
667 556 97 22 drabbas
780 556 26 21 af
820 557 116 21 kännbara

188 593 129 21 kostnader.

260 628 34 21 Pä
319 628 64 21 dessa
407 628 49 21 skäl
478 629 42 20 har
543 635 28 14 en
593 628 115 21 minoritet
731 628 61 21 inom
815 628 121 22 Utskottet

188 664 69 29 yrkat
282 671 28 14 en
338 665 70 21 sådan
434 664 153 29 begränsning
612 663 26 23 af
661 664 136 22 valfriheten
823 667 33 19 att
883 664 52 25 mål,

188 707 49 15 som
261 700 72 28 enligt
358 703 9 18 1
393 701 14 28 &
432 703 27 18 10
483 701 51 28 kap.
559 700 27 22 R.
610 700 27 21 B.
663 700 54 21 höra
742 699 34 22 till
800 700 135 25 häradsrätt,

188 736 51 21 icke
262 735 60 30 finge
347 743 82 22 genom
453 736 230 22 öfverenskommelse
704 736 81 28 dragas
800 736 72 21 under
887 736 49 21 råd-

188 771 128 22 stufvurätt
333 772 42 21 och
391 772 78 25 likaså,
486 771 35 22 för
537 772 112 21 ernående
665 771 26 22 af
703 771 150 29 reciprocitet,
869 774 33 19 att
913 771 20 28 ej

188 807 72 22 heller
283 808 52 26 mål,
359 815 48 14 som
431 807 93 28 jemlikt
549 808 154 28 nyssnämnda
730 808 125 28 stadgande
881 807 54 22 böra

189 843 140 29 handläggas
355 844 39 20 vid
417 843 175 26 rådstufvurätt,
615 843 61 29 finge
699 843 40 21 vid
754 844 129 20 häradsrätt
898 851 37 13 an-

188 875 159 37 hängiggöras.
750 894 3 2 :

260 915 132 22 Utskottets
415 915 74 22 flertal
512 916 40 21 har
574 915 57 22 dock
648 915 76 22 funnit
740 916 27 21 de
783 916 27 21 af
823 915 112 22 minorite-

189 953 39 19 ten
252 951 95 22 anförda
370 951 49 21 skäl
440 951 48 22 icke
505 959 54 14 vara
575 951 107 22 hällbara.
714 952 43 21 Att
773 951 163 22 arbetsbördan

190 986 35 22 för
242 987 216 22 stadsdomstolarna
474 995 81 21 genom
572 988 43 21 den
630 987 129 29 föreslagna
769 987 167 29 prorogations-

190 1025 75 19 rätten
288 1023 90 21 komme
402 1025 34 19 att
458 1025 71 27 nägot
553 1024 61 26 ökas,
637 1023 45 22 kan
704 1024 37 21 väl
763 1024 105 24 förutses,
885 1030 51 15 men

190 1058 74 23 denna
287 1059 86 28 ökning
389 1059 151 30 ädagalägger
556 1060 80 21 endast
652 1061 34 20 att
702 1062 34 19 ett
751 1059 101 28 verkligt
867 1058 72 23 behof

189 1102 84 21 genom
296 1095 172 29 bestämningen
492 1103 36 14 om
552 1095 107 22 valfrihet
683 1096 76 21 blefve
781 1095 154 28 tillgodosedt.

188 1131 50 21 Och
260 1131 7 21 i
291 1131 40 21 fall
353 1131 115 29 ökningen
484 1132 76 21 blefve
576 1133 24 19 sä
616 1134 54 23 stor,
687 1134 34 18 att
736 1139 28 13 en
780 1130 156 28 förstärkning

187 1166 29 22 af
228 1166 192 22 arbetskrafterna
436 1167 37 21 vid
490 1174 28 14 en
534 1167 55 21 eller
605 1174 74 14 annan
695 1166 162 22 stadsdomstol
873 1166 67 22 deraf

189 1202 138 28 päkallades,
356 1209 67 21 synes
452 1203 38 21 det
512 1203 83 28 billigt,
619 1206 53 18 enär
695 1202 195 28 rättsskipningen
912 1204 25 19 är

190 1240 34 19 att
239 1244 65 15 anses
321 1240 73 19 säsom
411 1246 28 13 en
455 1240 86 20 statens
558 1238 173 28 angelägenhet,
747 1240 34 19 att
792 1238 144 25 statsverket,

188 1274 26 19 sä
237 1272 66 28 länge
326 1273 211 27 upprätthällandet
552 1272 26 22 af
591 1273 218 21 stadsdomstolarna
824 1276 61 18 ännu
900 1280 37 14 an-

189 1308 103 21 kommer
315 1309 12 19 ä
352 1308 170 22 vederbörande
545 1308 204 26 stadskommuner,
773 1308 98 29 godtgör
894 1310 43 20 stä-

188 1344 70 21 derna
274 1344 28 21 de
318 1344 130 26 kostnader,
464 1352 49 14 som
528 1344 53 22 med
596 1352 28 14 en
640 1344 64 28 dylik
721 1344 85 29 ökning
820 1344 26 22 af
853 1344 84 22 arbets-

190 1379 117 22 krafterna
331 1387 54 14 vore
409 1380 114 22 förenade.
555 1380 27 29 Ej
604 1380 71 21 heller
691 1380 45 21 kan
751 1380 134 28 pästäendet
901 1387 36 15 om

190 1416 40 21 det
254 1415 106 22 befarade
385 1418 94 26 tvånget
495 1416 51 21 från
561 1416 169 21 handlandenes
745 1416 8 20 i
769 1416 105 21 städerna
890 1416 48 21 sida

260 1463 137 23 Lagutskotteis
410 1464 116 18 betänkande
539 1465 37 18 N:o
588 1465 16 18 5.
