1034 1709
275 118 81 24 Ständ.
372 118 37 23 Sv.
425 132 23 3 —
467 120 71 26 Prop.
554 120 42 22 N:o
611 120 22 22 2.
771 121 26 19 33

76 190 57 18 stort
148 187 61 21 antal
223 187 158 27 häradsrätter,
397 191 55 18 utan
467 191 32 19 att
515 188 119 28 olägenhet
649 188 66 21 deraf
728 188 8 20 i
751 190 32 19 ett
797 187 29 21 el-

76 222 32 21 ler
124 224 68 19 annat
208 222 105 22 afseende
328 222 117 28 försports.

143 262 89 22 Jemväl
253 269 54 15 vore
327 262 38 22 det
380 262 34 22 till
428 262 84 22 båtnad
527 262 36 21 för
579 262 27 21 de
622 262 151 25 rättsökande,
789 268 36 15 om

75 296 39 22 vid
136 296 173 22 underrätterna
327 296 35 22 för
377 296 79 28 hvarje
471 296 181 29 rättegångsdag,
668 296 70 21 innan
753 296 73 21 målen

75 330 119 28 företagas,
211 332 12 20 å
238 333 84 19 rättens
345 330 53 22 dörr
421 331 103 28 ansloges
546 338 29 14 en
597 330 58 26 lista,
670 330 66 22 hvari
754 330 72 21 målen

74 372 55 15 vore
151 367 116 27 upptagna
282 365 8 21 i
305 365 44 21 den
373 365 104 28 ordning,
493 365 8 21 i
515 364 94 23 hvilken
628 364 126 22 domstolen
768 364 57 22 hade

75 399 35 21 för
134 399 68 29 afsigt
220 402 32 19 att
266 406 105 22 uppropa
386 400 51 21 dem
451 400 34 20 till
500 399 178 29 handläggning,
694 402 58 19 samt
767 399 58 21 dess-

74 436 64 19 utom
159 434 63 21 tiden
244 434 35 22 för
301 434 85 22 målens
401 434 138 28 behandling
554 433 108 29 angåfves
678 433 99 25 sålunda,
794 436 32 18 att

74 469 74 21 målen
163 468 35 22 för
214 469 72 28 dagen
301 468 126 22 fördelades
443 468 8 21 i
465 468 61 22 vissa
536 475 100 22 grupper
647 469 43 21 och
700 468 36 21 för
747 467 78 28 hvarje

74 510 74 22 grupp
172 503 25 21 af
216 503 44 21 mål
282 506 94 18 utsattes
398 505 32 19 ett
452 502 57 22 visst
531 502 123 28 klockslag,
677 502 48 22 före
740 501 87 22 hvilket

75 537 65 22 dessa
162 537 44 21 mål
222 537 50 21 icke
290 537 139 22 förekomme
443 536 34 22 till
492 537 84 29 åtgärd.
607 536 138 22 Fördelarna
760 536 25 21 af
798 544 29 13 en

75 572 71 22 sådan
160 572 128 28 anordning
303 575 38 18 äro
356 572 137 28 uppenbara.

143 607 33 21 På
198 607 75 29 grund
288 607 24 21 af
327 606 38 22 det
387 606 94 22 anförda
504 606 22 22 få
550 606 126 22 Ständerna
694 606 8 21 i
717 606 110 22 underdå-

74 641 79 29 nighet
168 642 99 21 anhålla:

349 740 32 20 att
403 738 71 22 Eders
493 738 124 29 Kejserliga
632 738 104 28 Majestät
750 738 77 22 täcktes

280 774 50 27 taga
351 772 10 23 i
379 773 163 29 öfvervägande,
565 772 111 23 huruvida
698 772 36 22 och
755 773 72 21 under

279 806 72 24 hvilka
373 808 67 21 vilkor
458 808 138 22 rättsökande
611 808 73 22 kunde
699 808 82 22 tillåtas
795 809 33 20 att

279 842 48 22 med
347 844 76 26 posten
449 842 32 22 till
505 842 85 22 domare
612 842 98 22 insända
732 842 95 28 skriftlig

279 876 221 29 stämningsansökan
515 878 56 21 samt
584 877 103 22 domaren
698 876 88 30 åläggas
797 878 32 20 att

280 912 104 22 tillsända
406 912 93 22 sökande
522 912 144 28 stämningen,
688 912 139 28 äfvensom,
817 908 14 37 i

279 946 104 22 händelse
397 953 28 15 en
440 947 71 22 sådan
524 946 126 29 anordning
659 946 72 28 finnes
741 946 86 28 lämplig

280 980 37 22 och
331 981 48 22 dess
393 981 118 27 införande
526 981 87 28 möjligt,
630 983 50 26 taga
690 980 36 22 det
735 981 92 29 lagstift-

280 1016 165 28 ningsinitiativ
459 1016 36 22 och
509 1016 107 28 förordna
631 1016 33 22 till
679 1016 25 22 de
715 1016 71 28 öfriga
797 1017 30 21 åt-

278 1050 85 28 gärder,
379 1058 44 14 som
437 1050 34 28 för
482 1050 135 23 ändamålets
627 1050 112 23 vinnande
749 1050 78 22 kunna

279 1091 56 15 vara
349 1085 28 28 af
388 1084 83 28 nöden;
485 1087 57 21 samt

349 1150 33 20 att
402 1148 72 23 Eders
492 1148 105 29 Majestät
610 1148 49 22 ville
674 1148 9 22 i
698 1148 70 23 nåder
781 1148 45 22 vid-

281 1184 51 27 taga
355 1184 101 27 åtgärder
472 1184 19 27 ej
505 1184 87 22 mindre
607 1183 71 22 derom
694 1184 32 21 att
739 1183 36 21 vid
789 1183 38 21 hä-

279 1217 154 23 radsrätterna
441 1217 126 29 anhängiga
574 1218 50 27 mål,
632 1217 72 23 hvilka
717 1219 50 26 taga
775 1224 52 21 upp-

280 1252 51 27 skof
350 1251 32 22 till
399 1252 98 28 följande
513 1252 52 28 ting,
582 1251 62 23 alltid
658 1252 64 22 måtte
738 1252 32 22 till
783 1252 44 22 viss

279 1286 169 28 rättegångsdag
463 1286 28 28 af
503 1286 67 28 tinget
591 1286 133 27 uppskjutas,
748 1288 30 20 än
793 1286 33 27 äf-

279 1326 41 15 ven
336 1321 33 20 att
382 1320 37 22 vid
433 1320 101 28 samtliga
556 1320 140 23 underrätter
715 1320 63 22 måtte
792 1320 35 26 för

279 1352 75 28 hvarje
383 1354 167 27 rättegångsdag
572 1354 14 21 å
607 1354 83 21 rättens
714 1354 50 21 dörr
787 1360 40 15 an-

281 1387 44 21 slås
341 1393 26 15 en
383 1387 56 27 lista,
462 1388 137 27 upptagande
620 1387 72 22 målen
707 1388 35 27 för
757 1387 69 29 dagen
