1031 1709
329 156 29 22 U.
373 154 28 24 B.
417 169 27 3 —
459 156 74 28 Prop.
547 156 43 24 N:o
604 156 23 22 4.

373 538 58 28 Lag-
441 539 45 22 och
497 539 253 23 Ekonomiutskottets
759 539 94 29 förslag

304 571 41 23 till
364 573 234 29 sammanjemkning
613 573 27 22 af
653 573 115 23 ståndens
784 574 68 28 skilj-

304 606 82 27 aktiga
395 606 82 23 beslut
484 607 41 23 vid
531 607 182 28 behandlingen
720 608 28 22 af
755 608 98 22 Utskot-

304 640 48 23 tets
374 641 155 23 betänkande
552 642 43 22 N:o
618 642 15 21 8
653 642 9 22 i
677 642 135 28 anledning
827 642 28 22 af

303 674 66 23 Hans
391 674 137 29 Kejserliga
547 675 122 29 Majestäts
692 676 90 28 nådiga
797 683 54 22 pro-

303 709 108 28 position
433 709 124 28 angående
573 710 127 22 storskifte
719 711 46 22 och
778 711 73 23 skatt-

303 743 118 28 läggning
450 743 9 22 i
489 744 130 27 Kuusamo,
645 744 139 23 Kemiträsk
805 744 47 24 och

304 776 143 29 Kuolajärvi
463 778 104 22 socknar
582 778 8 22 1
606 777 134 29 Uleåborgs
755 779 50 22 län.

165 840 85 34 Enligt
267 841 122 25 Utskottet
407 841 209 25 tillhandakomna
633 842 218 33 protokollsutdrag

96 874 76 26 hafva
196 876 100 24 ständen
323 876 40 24 vid
388 876 177 32 behandlingen
590 876 25 24 af
635 876 136 25 Utskottets
789 877 60 25 före-

96 911 105 24 nämnda
232 910 148 25 betänkande
413 912 98 22 stannat
539 911 10 23 i
576 910 103 32 följande
707 911 144 33 skiljaktiga

97 944 91 25 beslut:

165 979 152 25 Beträffande
341 979 86 25 främst
454 979 37 24 det
514 979 25 24 af
557 978 122 26 Utskottet
697 981 14 23 å
728 988 71 25 pagg.
818 983 33 24 24

97 1014 43 24 och
159 1014 31 24 25
209 1015 8 23 i
236 1014 44 24 den
299 1014 106 24 svenska
423 1016 63 22 samt
504 1015 14 22 å
536 1021 69 25 pagg.
625 1014 32 24 23
676 1014 43 24 och
739 1015 33 24 24
784 1016 9 24 i
806 1017 44 24 den

96 1048 82 24 finska
196 1050 79 22 texten
294 1048 25 24 af
337 1048 53 24 dess
409 1048 148 24 betänkande
575 1048 84 32 gjorda
676 1049 124 26 uttalande
813 1059 36 17 om

97 1082 137 32 Styrelsens
262 1082 84 32 ätgärd
373 1085 35 21 att
429 1085 59 22 utan
507 1082 146 25 Ständernas
672 1083 105 26 hörande
795 1086 55 32 höja

96 1117 28 24 de
141 1117 82 32 gamla
240 1118 156 23 hemmanens
415 1117 9 23 i
441 1116 139 25 Kemiträsk
599 1117 86 24 socken
699 1120 92 24 mantal
807 1121 42 23 och

96 1152 93 24 tilldela
207 1152 27 24 de
253 1159 49 24 nya
321 1151 122 25 mantalen
461 1159 92 17 samma
571 1151 83 32 belopp
672 1152 57 32 jord,
748 1161 50 17 som
813 1155 37 24 för

96 1186 27 23 de
150 1186 82 32 gamla
258 1186 124 24 mantalen
409 1186 64 24 varit
500 1186 123 30 bestämdt,
650 1188 27 22 sä
704 1187 45 25 har
770 1190 79 30 någon

97 1220 163 32 anmärkning
278 1222 61 22 emot
356 1220 63 24 detta
437 1220 123 24 uttalande
577 1220 54 24 icke
649 1220 82 26 blifvit
749 1222 26 25 af
791 1222 59 25 Rid-

96 1254 126 32 derskapet
240 1254 44 25 och
302 1254 78 24 Adeln
399 1254 132 25 framstäld.

165 1289 178 24 Presteständet
360 1288 46 24 har
424 1289 99 24 beslutit
540 1290 35 23 att
593 1288 37 24 det
648 1290 83 30 stycke
746 1291 9 23 i
768 1291 80 25 hetän-

96 1323 96 30 kandet,
218 1323 96 25 hvilket
339 1323 133 24 innefattar
499 1323 122 24 omordade
650 1324 129 32 uttalande,
798 1326 51 23 icke

96 1356 70 25 borde
184 1357 8 23 i
211 1356 146 25 Ständernas
376 1356 163 32 underdäniga
557 1356 200 26 svarsskrifvelse
776 1361 14 22 &
805 1360 44 23 den

97 1390 88 33 nädiga
204 1391 176 31 propositionen
398 1390 104 32 intagas.

168 1424 201 34 Borgareständet
391 1424 45 25 har
458 1424 104 33 godkänt
583 1424 185 33 ifrägavarande
785 1429 65 23 utta-

97 1460 77 24 lande.

166 1504 46 24 Lag-
226 1504 31 18 och
272 1503 179 19 Ekonomiutskottetis
463 1503 109 19 betänkande
584 1505 35 17 N:o
628 1504 18 18 8.
