1045 1703
223 132 27 18 30
415 130 25 21 U.
456 130 27 22 B.
501 143 25 2 —
545 131 71 27 Prop.
632 130 44 21 N:o
692 129 23 22 2.

191 202 56 18 utan
262 200 109 21 särskildt
385 200 152 21 förordnande
553 203 24 18 är
594 200 185 28 stämningsman,
796 207 36 14 om
842 200 46 21 han
898 200 39 20 det

192 234 34 28 sig
242 236 83 26 ätager.
904 258 3 1 N

261 270 121 22 Utskottet
406 270 40 22 har
462 270 77 22 funnit
555 270 158 28 ordalydelsen
728 270 8 20 i
753 270 64 21 dessa
833 277 104 21 paragra-

190 305 34 21 fer
240 313 54 14 vara
309 306 107 28 tvetydig
431 306 7 21 i
455 308 24 19 sä
494 308 79 24 mätto,
590 308 34 19 att
640 306 129 21 densamma
787 306 76 20 kunde
874 305 63 29 gifva

192 341 123 28 anledning
330 342 36 20 till
382 342 44 21 den
442 342 156 27 uppfattning,
614 343 34 19 att
663 341 9 20 i
686 341 79 28 hvarje
776 341 108 21 händelse
895 342 42 21 och

191 377 125 20 oberoende
336 377 71 26 deraf,
424 377 112 21 huruvida
553 377 134 28 tingslagets
703 377 150 20 nämndemän
870 379 66 26 ätaga

191 411 35 28 sig
241 412 314 28 stämningsmannauppdrag
572 412 54 21 eller
640 411 30 28 ej,
681 411 110 22 särskilda
803 411 133 29 stämnings-

190 450 52 19 män
266 448 115 21 dessutom
401 447 70 22 borde
489 450 69 19 utses.
591 448 156 27 Stämningars
765 447 171 28 ombesörjande

189 483 41 20 har
245 483 112 21 härintills
373 483 89 28 utgjort
478 491 28 13 en
520 483 44 28 god
575 483 49 25 och,
636 482 58 21 efter
705 483 39 20 det
754 482 129 29 Kejserliga
893 482 44 22 för-

190 518 126 28 ordningen
339 519 44 20 den
407 521 27 18 25
453 518 91 27 januari
566 520 56 20 1886
638 518 117 28 angående
770 519 167 20 häradsnämnd

190 554 61 21 trädt
273 554 7 20 i
304 553 105 29 gällande
426 553 66 27 kraft,
514 555 7 20 i
537 561 30 14 en
581 554 84 27 mängd
680 554 135 21 kommuner
830 554 44 21 den
889 553 47 29 vig-

190 588 83 29 tigaste
296 588 162 22 inkomstkälla
481 589 35 22 för
531 589 169 22 vederbörande
716 589 160 25 nämndemän;
893 589 42 21 och

189 624 258 29 författningsförslaget
463 625 64 21 torde
543 625 49 20 icke
608 624 47 21 afse
672 626 34 19 att
721 624 94 22 beröfva
830 625 106 21 nämnde-

189 663 99 18 männen
303 661 74 20 denna
392 660 94 21 förmän.

262 695 43 21 Att
321 695 171 22 förhällandena
507 696 8 20 i
531 696 60 21 vissa
606 696 87 20 trakter
708 696 78 20 kunna
801 696 91 28 päkalla
902 698 34 19 ut-

188 732 82 20 seende
286 731 26 21 af
322 731 87 28 jemväl
426 731 69 21 andra
511 732 179 27 stämningsmän
701 734 29 18 än
740 732 196 21 nämndemännen

188 770 24 18 är
237 767 58 21 dock
318 767 121 28 pätagligt,
456 768 42 20 och
514 766 133 22 förutsättas
663 769 71 19 mäste
751 766 67 22 äfven
834 767 39 21 det
887 767 47 26 fall,

188 805 34 19 att
244 803 152 21 nämndeman
412 802 26 22 af
451 811 28 13 en
495 803 54 21 eller
565 810 74 14 annan
655 803 122 27 anledning
792 803 50 21 icke
857 803 77 21 vidare

189 838 82 22 önskar
294 841 53 25 taga
370 838 129 28 befattning
523 839 52 21 med
593 838 151 28 stämningars
760 838 174 26 verkställande,

187 874 6 21 i
219 874 92 21 hvilken
334 874 109 21 händelse
467 874 41 21 ock
532 874 72 22 behof
626 874 26 21 af
670 874 110 21 särskilda
801 875 133 27 stämnings-

188 912 52 18 män
268 910 106 20 inträder.
414 910 79 28 Enligt
524 909 132 22 Utskottets
686 909 146 22 förmenande
863 909 69 22 borde

187 945 142 21 fördenskull
352 944 258 29 författningsförslaget
634 944 135 29 förtydligas
793 945 92 25 derhän,
901 947 35 19 att

187 980 66 22 deraf
273 980 156 29 uttryckligen
452 980 135 29 framginge,
612 981 38 21 det
673 980 157 26 nämndemän,
855 988 36 14 om
907 981 27 21 de

187 1016 99 21 förklara
310 1016 35 28 sig
368 1016 76 21 dertill
463 1016 85 28 villige,
565 1017 7 20 i
588 1016 94 21 främsta
698 1019 98 18 rummet
812 1016 63 21 skola
891 1016 43 21 för-

187 1052 81 21 ordnas
291 1051 35 21 till
350 1051 189 28 stämningsmän;
563 1051 43 22 och
628 1052 41 20 har
692 1051 120 22 Utskottet
835 1051 7 20 i
859 1051 74 21 anled-

187 1087 55 28 ning
256 1087 68 21 häraf
338 1087 150 28 omredigerat
505 1090 10 18 1
533 1087 14 28 &
563 1087 8 20 i
587 1087 110 28 förslaget
712 1087 8 20 i
735 1094 32 13 nu
780 1087 83 27 antydt
873 1086 61 28 syfte

187 1124 58 19 samt
267 1123 51 20 låtit
349 1125 6 18 2
379 1123 13 27 &
416 1123 101 28 undergå
536 1123 70 20 sådan
621 1122 96 28 ändring
733 1124 34 19 att
781 1123 40 20 der
836 1122 98 21 nämnda

186 1165 108 21 personer
309 1158 80 21 endast
404 1157 8 22 i
428 1158 103 21 enskilda
546 1158 42 21 fall
603 1158 57 27 egde
675 1160 56 19 utan
746 1159 86 20 rättens
848 1157 85 22 förord-

187 1194 73 20 nande
276 1192 76 22 utföra
367 1194 105 28 uppdrag
489 1196 73 19 säsom
578 1192 185 29 stämningsmän,
780 1200 36 14 om
828 1193 27 21 de
867 1194 66 27 ätoge

187 1229 35 26 sig
238 1229 79 21 sädant
332 1228 112 28 uppdrag.

257 1461 136 22 Lagutskottets
407 1461 114 17 betänkande
534 1460 37 19 N:o
583 1461 17 17 5.
