1045 1703
320 143 30 23 U.
365 144 27 22 B.
411 156 24 4 —
451 144 75 29 Prop.
541 144 45 24 N:o
601 145 36 23 10.
855 145 14 20 5

120 214 166 22 Aktiebanken
304 218 39 18 äro
362 214 110 23 särskildt
488 215 37 21 för
542 215 37 29 sig
593 215 122 29 placerade
728 216 44 22 och
783 216 89 22 således

121 250 35 20 ett
174 248 77 22 direkt
267 248 167 29 pantsättande
452 250 23 20 af
493 249 183 29 aktiekapitalen
689 250 44 22 och
745 250 128 23 sistnämda

120 282 76 22 banks
213 282 134 22 reservfond
363 283 54 22 icke
435 284 47 20 kan
500 290 43 22 ega
560 290 57 22 rum,
633 284 38 21 till
682 284 155 29 klargörande
850 285 23 21 af

122 316 172 22 ofvanciterade
320 316 154 22 föreskrifters
492 317 114 22 innebörd
623 318 123 22 framhålla
762 318 110 29 följande.

121 350 140 29 Tillgången
286 350 42 22 vid
353 351 145 22 inrättandet
524 351 24 22 af
573 359 29 14 en
629 351 99 22 särskild
748 351 125 30 hypoteks-

121 384 121 29 afdelning
267 385 40 22 vid
334 393 29 14 en
389 385 161 22 handelsbank
576 385 113 29 gestaltar
715 386 36 29 sig
768 385 104 29 sålunda,

122 421 35 20 att
182 419 93 22 banken
301 419 53 22 från
381 419 36 22 sin
441 419 75 29 öfriga
536 420 59 22 affär
614 420 127 29 förskjuter
758 421 25 22 åt
799 420 74 30 hypo-

120 453 203 29 teksafdelningen
351 453 88 30 nödiga
467 454 75 22 medel
570 454 36 22 för
636 456 35 20 att
700 456 62 21 sätta
787 455 86 22 nämda

122 487 120 30 afdelning
260 489 8 20 i
286 487 69 22 stånd
373 488 20 29 ej
412 488 90 22 mindre
520 491 35 19 att
572 489 107 21 anskaffa
694 489 87 22 sådana
792 489 81 22 värde-

121 530 94 21 papper,
242 522 145 22 skuldsedlar
414 523 56 20 eller
491 523 160 28 obligationer,
674 531 48 13 som
740 523 133 22 densamma

120 556 48 22 kan
186 556 69 22 ställa
276 557 75 21 såsom
367 556 155 25 föreskrifven
540 556 174 23 öfversäkerhet
730 556 37 23 för
785 557 88 29 obliga-

121 591 113 28 tionerna,
262 593 59 20 samt
346 590 102 22 bestrida
475 591 212 29 ifrågakommande
705 591 168 29 kapitalrabatt

121 626 14 21 å
161 625 135 22 emitterade
323 625 161 29 obligationer,
505 626 96 22 hvilken
619 626 168 29 kapitalrabatt
805 626 67 22 efter-

120 660 64 23 hand
210 662 131 25 amorteras,
369 663 29 19 än
425 660 68 22 äfven
520 660 119 22 eventuelt
666 662 36 20 att
727 661 9 21 i
760 660 113 22 afvaktan

121 695 14 22 å
151 694 98 29 lämplig
267 693 112 30 tidpunkt
396 694 36 21 för
450 701 29 15 en
496 702 32 21 ny
546 694 108 22 emission
671 694 24 22 af
710 694 161 29 obligationer,

120 729 92 28 utgifva
238 728 198 29 amorteringslän.
473 729 113 22 Senatens
611 729 120 21 föreskrift
754 728 66 23 torde
839 728 32 22 af-

121 765 53 26 sett,
196 765 34 20 att
251 771 104 14 summan
377 763 23 22 af
417 763 29 21 de
463 763 81 28 medel,
562 771 49 14 som
629 763 98 22 sälunda
744 763 127 29 förskjutas

120 797 274 30 hypoteksafdelningen,
412 797 52 22 icke
481 798 44 27 mä,
543 798 36 21 för
596 798 25 21 sä
638 797 53 22 vidt
708 797 28 22 de
754 797 118 23 användas

120 832 38 22 till
184 831 151 23 anskaffande
362 832 22 21 af
407 831 45 22 den
477 832 138 22 föreskrifna
644 833 31 20 10
685 829 27 28 "/)
731 832 141 22 öfversäker-

119 867 71 22 heten
208 867 36 22 för
256 866 192 29 obligationerna,
462 866 143 22 öfverskrida
618 874 105 14 summan
735 867 23 21 af
769 866 28 22 de
811 873 61 22 egna

120 901 88 28 fonder,
233 909 48 14 som
298 901 85 22 nämda
399 901 89 22 banker
506 901 58 29 egde
582 901 92 22 utöfver
695 901 178 29 aktiekapitalet

121 935 44 23 och
183 936 23 22 af
225 935 102 22 Senaten
345 935 96 29 angifna
458 935 165 22 reservfonder.

188 971 53 20 Den
266 971 31 20 10
318 977 63 15 mars
407 970 65 21 1896
493 970 76 21 beslöt
587 969 108 28 Senaten,
715 973 67 25 ,enär
801 968 71 23 sedan

119 1004 152 23 utfärdandet
294 1004 24 21 af
343 1004 64 21 1886
435 1004 36 21 ärs
498 1003 137 29 förordning
658 1011 48 20 nya
728 1004 85 21 former
835 1003 38 21 för

120 1039 179 22 bankrörelsens
311 1038 152 22 bedrifvande
472 1039 106 28 uppstått
588 1038 118 22 äfvensom
714 1038 66 28 fråga
789 1037 82 22 väckts

119 1073 116 22 huruvida
267 1073 52 21 icke
346 1072 150 22 omförmälda
522 1072 137 28 förordning
685 1073 9 20 i
719 1072 62 21 vissa
807 1071 65 22 delar

121 1107 72 22 borde
217 1107 105 28 undergå
346 1106 99 29 ändring
469 1106 44 21 och
534 1106 110 22 särskildt
667 1106 164 29 inspektionen
850 1105 23 22 af

121 1141 29 22 de
168 1141 106 22 enskilda
293 1141 185 28 bankföretagen
496 1140 84 23 ordnas
598 1141 31 28 på
647 1142 34 19 ett
698 1142 52 25 sätt,
764 1147 49 14 som
824 1146 48 15 mer

121 1179 31 18 än
174 1183 33 14 nu
229 1175 145 22 motsvarade
398 1175 42 21 sitt
463 1173 127 29 ändamål”,
615 1176 36 19 att
668 1175 100 21 tillsätta
786 1181 29 14 en
831 1173 42 22 ko-

120 1209 57 22 mité
200 1209 38 22 för
261 1209 133 28 afgifvande
417 1209 22 22 af
456 1209 87 28 förslag
561 1209 37 21 till
616 1208 87 29 nödiga
721 1208 125 28 ändringar
863 1207 10 21 i

121 1243 139 29 banklagen.
287 1243 122 22 Komiténs
428 1242 148 23 betänkande
595 1243 22 22 af
635 1242 46 22 den
701 1243 29 20 12
746 1242 45 29 maj
807 1241 64 22 1896

121 1279 75 28 utgår,
214 1277 36 22 för
268 1279 25 20 så
310 1277 51 22 vidt
379 1277 40 22 det
436 1277 83 22 hänför
537 1277 36 29 sig
590 1277 37 21 till
638 1276 95 27 banker,
746 1283 49 14 som
808 1275 65 22 emit-

121 1315 49 19 tera
188 1312 161 29 obligationer,
365 1311 52 22 från
429 1312 156 28 synpunkten,
598 1313 35 19 att
645 1311 65 21 såväl
722 1309 151 29 obligations-

121 1345 193 22 innehafvarenes
337 1345 119 21 materiela
483 1345 111 28 trygghet
621 1351 48 15 som
696 1344 40 21 det
762 1343 40 21 vid
823 1345 50 19 ute-

120 1379 101 30 löpande
248 1379 167 29 obligationers
439 1378 107 22 säkerhet
571 1377 154 29 förknippade
752 1376 121 22 allmänin-

121 1416 83 20 tresset
231 1415 20 28 ej
276 1415 25 21 så
324 1413 40 22 väl
386 1414 47 21 kan
457 1412 135 30 tillgodoses
610 1420 83 20 genom
711 1411 162 29 stipulationer

121 1457 37 14 om
188 1450 73 27 något
287 1449 58 21 visst
372 1448 136 21 öfvervärde
534 1447 42 22 hos
603 1445 271 30 obligationshypoteket

189 1491 144 19 Bankutskottets
345 1490 110 19 betänkande
467 1491 37 18 N:o
516 1491 16 17 1.
