1042 1703
323 124 28 23 U.
366 124 29 23 P.
410 138 29 3 —
456 125 72 28 Prop.
544 125 44 23 N:o
604 125 22 22 2.
790 128 28 20 39

101 203 35 16 om
152 196 41 23 den
210 197 86 22 stämde
312 196 194 23 tillstädeskommit
520 197 37 22 och
572 197 52 28 icke,
636 198 68 21 innan
714 198 43 21 han
768 198 83 27 begynt

102 233 6 21 i
133 233 154 22 hufvudsaken
303 239 71 19 svara,
389 233 109 22 invänder
513 235 33 20 att
562 233 69 22 saken
647 234 19 27 ej
683 234 35 21 till
735 233 42 22 den
793 234 57 21 dom-

102 268 43 21 stol
160 268 71 21 hörer.

173 307 9 23 (
187 303 72 26 Utesl).

447 336 26 18 21
491 334 19 28 8.

172 374 65 22 Brott
252 375 41 21 och
309 374 210 28 missgerningsmäl,
536 375 92 22 svårare
642 376 41 20 och
699 375 90 27 mindre,
801 382 49 14 ran-

102 410 66 22 sakas
191 410 40 22 och
249 410 74 22 dömas
340 410 39 22 der
394 410 122 27 gerningen
532 410 63 28 gjord
610 412 32 25 är,
659 410 71 22 ehvad
745 412 46 20 rätt
807 411 44 21 han

102 445 66 28 eljest
191 446 65 21 hörer
279 446 41 27 till,
345 452 46 15 som
414 446 75 21 brutit.
520 445 50 22 Har
585 446 75 21 brottet
676 446 102 26 fortsatts
799 446 52 22 eller

104 480 61 28 eljest
187 480 82 28 begåtts
284 481 13 21 &
309 480 57 28 flere
381 482 65 25 orter,
461 481 56 21 skall
532 481 42 21 den
590 481 97 28 skyldige
701 481 36 27 för
752 481 100 28 samtliga

102 516 110 29 brottsliga
238 516 135 28 handlingar
397 516 73 23 dömas
489 517 38 22 der
548 517 72 28 någon
640 517 28 28 af
687 517 164 28 handlingarna

96 552 123 28 föröfvats;
240 553 52 22 dock
312 553 36 22 må
368 553 145 28 ransakning,
529 553 38 22 der
582 553 35 22 det
632 553 128 29 lämpligare
774 554 77 27 finnes,

103 588 77 22 kunna
203 589 37 21 ske
261 589 65 27 äfven
341 589 14 22 å
371 596 76 15 annan
461 589 139 28 gerningsort
614 591 30 20 än
660 590 38 21 der
708 589 143 28 förbrytaren

104 625 77 22 dömes.
211 620 33 26 Är
267 625 38 22 det
325 625 89 27 okändt,
435 626 56 21 hvar
505 626 83 21 brottet
604 625 132 28 föröfvades,
753 626 35 21 må
803 626 48 22 der-

104 660 63 22 öfver
186 661 108 21 ransakas
314 661 38 22 och
372 661 74 22 dömas
467 662 13 21 å
500 662 71 27 någon
592 661 24 22 af
635 662 26 21 de
676 663 66 26 orter,
760 661 40 22 der
815 662 37 21 det

104 696 44 22 kan
168 698 92 26 antagas
283 696 66 22 hafva
372 697 67 21 skett.
470 696 84 23 Hafver
576 698 71 26 någon
668 698 14 20 å
702 697 53 22 flere
771 697 81 22 ställen

105 732 59 27 gjort
184 732 107 22 särskilda
305 732 140 28 förbrytelser
460 733 95 21 ransake
571 733 40 21 och
626 732 78 27 pröfve
720 732 104 22 domaren
839 734 17 20 å

104 768 77 27 hvarje
200 770 40 26 ort,
262 775 34 15 om
315 768 44 22 han
377 769 36 21 till
429 769 121 27 gerningen
566 771 26 19 är
607 769 73 27 saker,
697 770 57 20 samt
769 770 83 21 utsätte

105 803 38 22 det
163 804 68 28 straff,
253 804 91 22 hvartill
362 804 43 22 han
427 804 74 22 derför
521 811 64 15 anses
600 804 112 28 förfallen;
729 805 40 21 och
784 805 69 22 varde

106 838 137 28 förbrytaren
265 840 79 32 sedan,
355 839 55 28 efter
425 840 26 22 de
466 840 9 21 i
491 840 35 28 lag
541 840 101 28 stadgade
656 840 104 28 grunder,
777 840 77 22 ådömd

105 874 69 28 straff
189 874 36 28 för
245 875 100 28 samtliga
366 876 81 21 brotten
468 876 25 21 af
509 876 41 22 den
566 878 52 26 rätt,
634 876 40 22 der
688 876 46 22 han
750 876 41 22 sist
806 876 46 27 lag-

105 910 66 23 föres.
202 906 45 28 Äro
268 912 43 21 alla
333 912 88 22 brotten
441 912 68 28 ringa,
531 912 74 22 dömes
626 912 35 22 för
679 912 119 22 hvartdera
814 912 40 22 der

106 948 38 22 det
159 948 66 22 skett.

177 983 75 27 Yppas
268 984 69 21 under
347 984 137 26 ransakning
494 984 113 27 angäende
619 984 153 27 missgerning,
784 984 70 22 hvarä

106 1019 120 21 dödsstraff
247 1020 55 20 eller
326 1020 92 21 tukthus
441 1019 35 22 för
499 1020 99 21 lifstiden
622 1020 56 21 eller
700 1020 7 21 i
731 1020 82 21 femton
828 1020 26 21 är

106 1053 53 28 följa
174 1055 51 26 kan,
241 1056 33 20 att
290 1055 41 21 den
348 1055 108 21 tilltalade
472 1055 28 26 pä
515 1061 71 15 annan
602 1057 35 19 ort
652 1055 77 27 begätt
739 1055 66 27 brott,
819 1055 35 21 för

107 1089 86 22 hvilket
217 1090 42 21 han
275 1092 59 19 ännu
349 1090 50 22 icke
414 1090 58 22 varit
488 1090 91 28 lagförd,
596 1091 58 21 skall
670 1090 128 28 domstolen,
815 1090 39 22 der

107 1125 42 22 han
166 1128 25 19 är
206 1126 70 21 under
292 1126 74 27 tillta],
382 1129 79 24 genast
476 1126 96 22 inhemta
587 1126 68 27 nödig
670 1126 135 28 upplysning
821 1132 32 15 om

108 1161 38 23 det
168 1161 86 28 yppade
277 1162 94 22 brottets
394 1161 126 29 verklighet
546 1161 40 23 och
612 1161 152 23 beskaffenhet
786 1162 68 27 jemte

108 1198 168 27 målsegandens
299 1198 104 27 yttrande
426 1201 57 18 samt
498 1198 97 22 derefter
614 1198 3 21 i
634 1198 156 26 sammanhang
806 1198 49 21 med

108 1233 40 21 sitt
171 1233 90 27 slutliga
285 1233 80 28 utslag,
389 1234 71 26 enligt
475 1234 57 21 hvad
548 1234 40 21 här
604 1233 72 22 nedan
692 1235 71 25 säges,
779 1232 77 28 afgöra

108 1274 34 15 om
165 1268 76 22 vidare
263 1269 138 27 ransakning
423 1269 113 27 angående
562 1275 82 15 samma
666 1269 60 21 brott
749 1268 106 22 anställas

108 1304 46 21 bör.
184 1304 72 21 Anses
272 1304 43 22 den
330 1304 109 22 tilltalade
455 1304 104 22 förfallen
574 1304 36 21 till
626 1303 120 22 dödsstraff
755 1304 55 21 eller
820 1304 36 21 till

110 1339 91 21 tukthus
224 1339 35 21 för
282 1339 100 21 lifstiden
405 1340 56 20 eller
475 1340 7 20 i
499 1339 81 21 femton
596 1340 33 25 är,
646 1339 28 20 då
690 1340 34 20 må
740 1339 68 21 sådan
823 1339 32 21 vi-

109 1373 53 22 dare
184 1374 136 26 ransakning
343 1373 20 27 ej
387 1379 41 21 ega
450 1379 55 22 rum,
528 1373 40 22 der
582 1373 50 21 icke
647 1373 156 27 målseganden
819 1373 37 22 det

109 1408 91 29 fordrat,
224 1409 56 22 eller
303 1415 72 16 annan
398 1409 93 22 domstol
513 1409 37 22 det
565 1409 86 28 begärt,
668 1409 55 22 eller
738 1409 119 27 anledning

181 1457 139 23 Lagutskottets
332 1457 116 19 betänkande
460 1457 38 18 N:o
509 1457 16 18 5.
