1034 1706
190 144 27 20 18

418 142 29 22 U.
462 142 28 22 B.
506 154 28 3 —
548 141 75 27 Prop.
638 140 44 22 N:o
698 140 23 22 5.

645 215 11 19 6
667 214 25 25 $.

465 265 55 26 Den,
535 272 47 14 som
597 264 36 27 för
647 270 91 15 annans
752 264 95 27 räkning
859 264 83 26 förrät-

396 301 35 19 tar
450 298 96 28 frivillig
569 298 97 27 auktion,
693 298 25 20 sä
734 298 37 21 ock
785 298 47 27 den,
848 305 47 13 som
909 298 36 21 till

395 335 103 25 utropare
512 334 27 19 är
553 335 102 24 antagen,
671 338 51 15 vare
736 332 110 28 förbjudet
860 334 34 18 att
907 332 38 21 vid

395 367 120 21 auktionen
528 369 55 25 göra
598 366 80 21 anbud.

647 430 11 20 7
669 430 25 26 $.

464 480 69 27 Hvar,
557 487 46 14 som
622 480 14 20 ä
656 480 96 27 frivillig
774 480 93 21 auktion
882 479 61 21 inro-

392 516 42 25 pat
449 514 46 28 fast
509 515 109 27 egendom,
633 514 142 27 registrering
789 514 158 20 underkastadt

396 548 75 28 fartyg
493 549 52 20 eller
567 548 34 21 del
621 548 10 20 i
653 548 86 27 sådant,
760 554 50 14 vare
826 547 120 28 berättigad

396 584 39 25 att,
458 582 67 21 sedan
548 584 84 19 utsatta
647 582 71 21 vilkor
732 582 36 27 för
783 582 163 27 eganderättens

398 616 120 28 öfvergång
533 616 118 28 fullgjorts,
665 616 28 27 af
700 615 246 28 förrättningsmannen

397 650 84 21 erhålla
502 650 14 21 å
537 651 36 20 det
593 650 106 27 inropade
725 650 105 27 salubref,
851 650 94 28 åtföljdt,

396 684 38 21 der
448 684 98 27 säljaren
561 684 20 28 e
595 684 54 27 sjelf
660 686 26 18 är
698 684 208 27 förrättningsman,
921 684 30 28 af

396 718 58 21 hans
475 718 113 28 skriftliga
610 718 106 27 fullmakt
738 720 33 19 att
784 718 163 28 försäljningen

396 752 123 21 verkställa.
557 752 84 27 Vägrar
655 752 247 28 förrättningsmannen
915 754 33 19 att

396 786 102 28 salubref
510 787 98 27 utfärda,
625 787 65 21 varde
700 786 74 22 dertill
784 787 28 27 af
818 788 73 20 rätten
900 786 45 28 för-

394 820 94 28 pligtad,
505 821 39 21 och
565 820 56 28 gälle
636 821 36 27 för
686 821 69 27 öfrigt
769 821 58 21 hvad
841 820 10 21 i
868 822 14 20 3
897 821 48 27 kap.

396 855 44 27 4$
456 856 15 20 2
486 862 65 14 mom.
573 855 193 28 utsökningslagen
791 857 27 19 är
838 855 107 27 stadgadt.

639 912 15 20 8
666 912 21 27 $.

466 957 85 26 Hvar,
577 964 55 14 som
656 959 70 19 utan
741 958 127 27 behörigt
890 958 57 21 till-

397 990 95 28 ständ,
520 992 46 20 der
594 991 103 21 sädant
724 992 157 27 erfordras,
907 992 39 21 be-

397 1025 109 27 drifver
538 1025 244 22 auktionsrörelse
809 1026 70 21 eller
904 1026 45 27 för

398 1059 89 27 öfrigt
507 1060 95 27 bryter
617 1061 69 19 emot
700 1059 224 28 föreskrifterna
939 1060 10 20 i

400 1093 15 20 2
429 1093 21 27 $,
466 1093 58 21 böte
545 1093 68 28 frän
636 1093 47 21 och
704 1093 58 21 med
783 1093 39 21 tio
838 1093 48 21 till
900 1093 48 22 och

397 1127 58 20 med
469 1127 170 27 femhundra
654 1127 86 21 mark.

466 1161 83 21 Brott
568 1162 70 20 emot
656 1161 293 27 stadgandenai3—6

398 1195 30 26 $$
442 1195 125 27 straffas
582 1195 57 20 med
655 1195 75 20 böter
744 1195 79 28 högst
840 1195 108 22 etthun-

398 1229 50 20 dra
462 1229 87 26 mark,
565 1229 46 20 der
625 1228 25 27 ej
665 1229 105 20 brottet
787 1228 161 28 innefattas

398 1261 10 20 i
420 1261 130 27 gerning,
570 1268 55 14 som
646 1262 90 27 enligt
752 1262 43 27 lag
810 1263 31 19 är
853 1262 96 28 belagd

398 1295 58 20 med
470 1297 151 25 strängare
635 1295 101 27 straff.

648 1358 49 27 98.

468 1409 81 22 Denna
567 1409 131 28 förordning
722 1410 72 21 träder
816 1410 10 21 i
846 1410 102 28 gällande

400 1444 60 28 kraft
474 1445 42 21 den
712 1462 5 11 ,
732 1445 28 22 dä
776 1445 172 29 tillämpningen

239 1491 49 24 Lag-
301 1491 32 18 och
359 1490 182 19 Ekonomiutskottets
554 1491 110 18 betänkande
674 1491 38 18 N:o
721 1491 16 18 1.
