1031 1709
285 129 85 23 Ständ.
387 130 37 22 Sv.
442 143 27 3 —
484 130 73 29 Prop.
574 132 43 22 N:o
632 131 23 23 3.
832 133 14 20 3

299 192 209 28 landtdagsmän
537 194 9 20 i
578 194 206 28 Presteståndet,
814 202 30 14 en

297 226 42 28 för
358 227 92 28 hvarje
469 228 72 27 stift,
565 234 56 14 men
643 228 100 28 kunna,
763 235 37 15 om
816 229 30 21 de

297 261 28 20 så
341 261 88 27 önska,
446 264 57 19 utse
518 261 41 22 två
574 262 174 28 fullmäktige.

369 323 44 21 Om
438 326 55 19 sätt
513 324 45 21 och
580 325 114 27 ordning
709 325 42 27 för
765 325 79 21 valen

297 357 74 22 inom
385 359 30 20 de
429 359 134 20 särskilda
577 358 99 27 stiften
691 359 40 20 må
747 359 27 21 de
790 359 55 21 väl-

292 392 81 28 jande
388 393 39 27 sig
445 393 110 21 emellan
570 393 228 27 öfverenskomma.

160 486 12 22 I
190 486 166 29 sammanhang
373 486 95 23 härmed
485 487 24 22 få
527 487 130 22 Ständerna
675 487 77 22 tillika
768 487 78 23 uttala

93 521 46 22 den
156 521 160 30 underdåniga
334 521 127 29 tillförsigt,

365 606 33 19 att.
418 604 69 21 Eders
506 605 122 28 Kejserliga
649 605 105 28 Majestät
774 605 10 21 i
808 606 37 21 det

296 639 111 28 manifest,
427 647 47 14 som
496 640 67 27 enligt
583 639 40 21 den
646 639 82 28 nådiga
740 641 103 27 proposi-

296 673 74 22 tionen
386 674 83 21 komme
483 675 33 20 att
529 674 10 21 i
554 675 74 20 ämnet
637 674 107 27 utfärdas,
756 674 86 28 täcktes,

295 708 10 21 i
327 709 220 26 öfverensstämmelse
565 709 49 20 med
631 709 58 20 hvad
707 709 37 21 vid
757 709 85 27 grund-

296 743 201 27 lagsändringarna
516 744 62 20 1879
593 743 38 20 och
646 743 62 21 1886
721 743 123 28 iakttagits,

294 778 10 20 i
325 777 69 21 nåder
409 777 172 28 tillkännagifva
595 779 34 19 att
642 777 144 27 förevarande
800 780 41 18 än-

295 812 65 28 dring
375 812 9 20 i
398 811 251 29 Landtdagsordningen
663 812 29 27 af
703 812 41 21 den
759 813 29 20 15
806 812 32 28 (3)

295 846 66 29 April
379 847 61 21 1869
462 847 47 21 sker
529 847 49 21 med
601 846 111 22 Finlands
737 846 105 22 Ständers

289 881 93 28 jämlikt
407 882 24 20 71
453 882 15 26 $
486 881 10 21 i
517 888 85 15 samma
617 881 224 28 Landtdagsordning

295 915 36 21 till
351 915 35 21 det
407 915 132 28 förändrade
554 915 128 28 stadgandet
695 915 65 28 gifna
776 915 66 28 bifall

295 950 37 21 och
346 950 114 27 samtycke.

159 1039 113 22 Finlands
291 1039 100 22 Ständer
409 1039 132 22 framhärda
560 1041 42 19 etc.

158 1125 153 28 Helsingfors,
331 1125 44 22 den
395 1126 12 20 1
427 1124 68 30 April
515 1125 70 22 1897.

234 1447 111 20 Helsingfors
357 1446 50 18 1897.
430 1446 110 23 Helsingfors
553 1446 149 23 Centraltryckeri.
