1036 1709
320 132 28 22 U.
363 132 28 22 B.
406 144 28 3 —
449 132 71 28 Prop.
536 133 42 22 N:o
592 133 22 22 6.
816 134 27 22 75

91 202 40 20 Vid
146 202 77 20 sådant
237 202 130 21 förhållande
383 208 39 15 var
437 204 36 19 det
487 204 129 24 nödvändigt
631 204 33 20 att
678 204 111 25 kejserliga
804 205 39 19 för-

91 231 116 24 ordningen
230 231 40 19 den
290 232 13 18 6
321 232 92 20 februari
429 232 61 25 1865,
506 237 78 19 genom
598 232 87 20 hvilken
700 233 69 20 denna
785 233 57 19 kom-

90 259 205 24 munalförvaltning
309 260 97 23 infördes,
421 260 78 20 främst
513 261 110 23 uppstälde
638 261 73 19 satsen
726 261 33 19 att
769 261 74 24 hvarje

90 287 187 24 landsförsamling
299 288 63 20 borde
383 288 32 20 för
437 288 33 24 sig
491 288 76 24 utgöra
589 294 27 14 en
634 289 90 20 särskild
739 289 104 20 kommun

91 316 40 20 och
154 316 109 25 dymedels
285 315 25 21 så
330 317 32 19 att
379 319 53 22 säga
451 316 125 21 definierade
595 317 113 25 begreppet
723 317 120 20 landskom-

91 349 58 15 mun.
179 345 94 20 Numera
296 347 23 18 är
341 345 53 20 dock
416 345 255 25 kommunalförvaltning
690 346 69 19 införd
773 346 7 19 i
795 346 48 20 hela

90 373 74 20 landet
186 374 39 19 och
243 373 168 20 kommunernas
425 373 116 21 territorier
555 374 57 24 förty
628 374 98 21 öfverallt
741 379 55 20 noga
811 375 32 19 be-

91 402 92 19 stämda.
213 402 41 20 Det
274 401 113 21 förefinnes
407 402 90 21 sålunda
512 403 18 24 ej
545 403 73 20 vidare
631 402 66 25 något
712 403 65 20 behof
789 403 33 20 att
837 404 6 18 i

91 430 161 25 lagstiftningen
274 430 105 21 bibehålla
398 432 94 23 antydda
511 431 113 24 definition,
640 431 56 20 helst
710 432 133 24 densamma,

90 458 68 21 sådan
181 459 41 20 den
240 459 61 24 ingår
320 459 7 20 i
342 459 11 23 $
369 459 10 20 1
397 459 23 20 af
434 460 54 19 1865
505 459 34 20 års
553 460 127 25 förordning,
696 461 46 19 icke
758 463 23 17 är
796 460 48 19 fullt

91 487 73 25 exakt,
187 488 6 19 i
212 488 50 24 följd
281 488 23 19 af
317 488 40 19 den
372 488 76 20 dubbla
463 488 123 25 betydelsen
602 488 24 20 af
638 489 60 20 ordet
712 489 131 24 församling,

91 516 83 20 hvilket
192 517 114 20 betecknar
322 515 59 21 såväl
397 517 31 19 ett
443 517 99 20 samfund
558 517 23 19 af
594 522 86 15 samma
694 516 103 21 trosläras
811 517 34 19 be-

91 545 102 25 kännare,
208 550 48 15 som
271 545 40 20 ock
326 550 26 15 en
367 545 84 24 kyrklig
466 545 136 24 församlings
617 545 92 20 område.
735 546 46 19 Den
796 545 48 20 nåd.

91 574 163 25 propositionen,
270 579 47 14 som
332 573 7 20 i
354 573 11 23 $
382 574 10 19 1
409 574 24 19 af
445 573 240 25 författningsförslaget
698 575 104 24 upptager
811 574 33 19 be-

91 603 63 19 rörda
175 602 114 24 definition,
312 602 62 20 söker
396 603 96 23 aflägsna
514 603 69 20 denna
606 603 143 24 oegentlighet
767 607 77 20 genom

91 630 251 25 tilläggsbestämningen
365 631 32 19 att
414 630 193 25 landsförsamling,
626 631 32 20 för
672 632 33 19 att
719 631 56 20 bilda
790 631 55 20 skild

91 660 111 24 kommun,
218 659 37 20 bör
269 659 65 20 hafva
349 659 50 24 eget
413 659 96 25 område;
525 661 38 19 och
580 662 22 17 är
618 660 127 24 stadgandet
758 660 6 20 i
775 661 70 19 denna

91 688 56 21 form
162 688 24 19 af
195 688 123 20 Utskottets
328 687 69 21 flertal
407 689 130 19 understödt.
559 689 99 19 Nämnda
668 689 176 24 tilläggsbestäm-

91 717 52 23 ning
165 719 23 17 är
210 716 66 20 likväl
298 717 46 19 icke
366 716 66 20 heller
454 717 47 19 fullt
523 717 101 24 sakenlig,
645 719 50 18 enär
713 717 131 24 exempelvis

91 745 216 24 bruksförsamlingar
322 745 49 20 med
386 745 49 24 eget
451 745 85 21 område
550 746 76 23 finnas,
642 745 72 20 hvilka
728 746 47 19 icke
788 745 57 20 bilda

92 774 69 20 skilda
176 774 132 19 kommuner.
331 773 32 21 Då
377 773 82 20 således
474 774 162 25 ifrågavarande
651 774 114 25 definition,
780 774 65 24 enligt

91 803 58 20 hvad
170 802 37 24 jag
226 807 53 20 nyss
294 803 50 19 sökt
358 802 81 25 påvisa,
455 808 89 15 numera
559 803 46 20 icke
621 805 23 18 är
660 803 24 19 af
696 803 101 20 behofvet
811 803 32 24 på-

91 831 78 25 kallad,
192 831 39 20 och
249 831 128 20 densamma
396 831 18 24 ej
433 831 66 20 heller
513 832 84 19 kunnat
612 831 23 21 af
647 831 112 20 Utskottet
772 831 27 25 på
814 832 32 19 ett

92 860 49 20 fullt
154 859 194 21 tillfredsställande
359 861 40 19 och
409 860 169 25 begreppsenligt
587 861 45 19 sätt
642 860 131 25 formuleras,
783 865 62 16 anser

91 889 37 24 jag
149 889 69 20 denna
240 889 107 20 definition
369 889 52 20 böra
443 889 44 20 helt
509 890 39 19 och
571 889 66 20 hållet
656 889 112 20 uteslutas.
798 889 47 20 Men

93 918 90 20 emedan
206 917 36 20 det
264 917 185 25 fortsättningsvis
471 918 96 20 inträffar
586 918 33 20 att
636 923 43 19 nya
696 917 149 25 församlingar

92 946 67 21 bildas
174 951 79 20 genom
268 946 113 25 styckning
396 947 24 19 af
432 947 25 19 de
472 946 114 21 bestående
602 946 188 24 församlingarnas
805 947 39 19 ter-

92 975 90 26 ritorier,
198 975 58 20 samt
271 975 80 20 sådana
366 980 43 19 nya
424 975 239 24 församlingsområden
678 975 65 24 enligt
758 975 40 20 den
813 975 33 20 till

92 1005 69 23 grund
183 1005 31 19 för
236 1004 281 23 kommunalförvaltningen
539 1004 97 24 liggande
658 1004 107 25 principen
783 1004 63 19 äfven

93 1033 61 20 skola
176 1033 76 24 utgöra
274 1032 69 20 skilda
364 1033 133 24 kommuner,
516 1033 37 19 bör
570 1033 7 19 i
592 1033 12 22 $
620 1033 10 19 1
648 1033 104 24 upptagas
768 1033 31 19 ett
813 1033 33 19 be-

94 1062 82 19 stämdt
198 1061 117 24 stadgande
336 1061 6 19 i
365 1061 59 20 detta
443 1061 127 25 hänseende,
590 1061 82 20 hvilket
686 1061 117 24 stadgande
819 1061 26 20 då

94 1089 67 20 tillika
175 1090 116 20 innefattar
306 1089 121 25 erforderlig
442 1090 118 24 antydning
574 1095 36 14 om
624 1090 40 19 den
674 1089 114 20 historiska
796 1089 49 24 gån-

92 1123 42 19 gen
150 1119 24 19 af
186 1118 231 20 landskommunernas
431 1119 121 24 uppkomst.

163 1147 168 24 Tillämpningen
346 1147 23 19 af
382 1147 41 19 den
438 1147 134 24 uppfattning
580 1147 37 24 jag
627 1147 80 20 uttalat
713 1144 153 29 beträffande
855 1139 11 38 $
882 1143 20 22 2.

94 1176 11 23 8
122 1176 10 19 1
149 1176 159 23 nödvändiggör
318 1175 63 20 äfven
391 1181 26 14 en
428 1175 104 24 väsentlig
542 1175 173 24 omformulering
725 1175 24 20 af
759 1175 10 19 1
781 1175 39 19 och
832 1175 12 19 2

94 1209 90 15 momm.
203 1204 6 19 i
228 1204 11 23 $
255 1204 18 24 2,
289 1204 119 23 hvarjemte
423 1203 122 24 tillräckligt
559 1203 47 20 skäl
622 1204 18 23 ej
656 1204 59 19 torde
731 1203 115 20 förefinnas

94 1232 32 19 till
148 1232 128 24 frångående
298 1232 24 20 af
342 1232 159 24 medgifvandet
521 1232 32 20 för
572 1232 56 20 olika
646 1232 128 19 kommuner
789 1232 58 19 inom

93 1266 87 15 samma
202 1261 36 19 län
256 1261 34 20 att
306 1261 73 19 förena
397 1261 33 23 sig
445 1266 35 14 om
495 1265 127 20 gemensam
637 1260 210 20 kommunalförvalt-

95 1289 56 24 ning.
181 1289 83 24 Frågan
279 1295 37 14 om
330 1289 109 20 införande
455 1289 22 20 af
491 1295 26 14 en
532 1289 214 25 häradsförvaltning,
761 1288 86 20 hvilken

95 1318 100 23 möjligen
210 1317 104 20 föranledt
328 1317 69 20 denna
412 1318 153 23 inskränkning
581 1318 38 19 och
635 1318 91 19 hvarom
740 1317 107 24 petitions-

94 1345 80 24 förslag
192 1346 35 18 vid
242 1345 143 20 innevarande
399 1345 102 24 landtdag
515 1345 79 24 jemväl
610 1345 81 23 väckts,
707 1345 94 20 befinner
815 1345 32 22 sig

95 1376 58 17 ännu
168 1373 27 24 på
210 1373 32 19 ett
256 1373 39 20 allt
309 1373 33 20 för
351 1373 62 24 tidigt
422 1373 228 24 utvecklingsstadium
658 1373 32 18 för
698 1373 33 19 att
738 1373 109 19 förskotts-

95 1402 33 19 vis
148 1401 86 23 betinga
252 1401 89 24 ändring
355 1401 24 20 af
391 1401 115 20 bestående
520 1401 152 20 förhållanden.
702 1401 48 20 Men
765 1401 11 22 $
792 1401 13 19 2
820 1401 27 19 fö-

165 1438 206 19 Kommunalutskottets
382 1438 111 18 betänkande
505 1438 33 19 N:o
552 1439 15 17 1.
