1045 1703
443 123 40 21 N:o
499 124 19 20 6.
817 125 12 20 9

453 191 24 21 13
493 190 20 28 8.

173 222 223 22 Kommunalstämma
419 226 58 19 utser
500 224 73 27 hvarje
588 224 54 27 gång
658 224 34 22 för
707 227 33 19 tre
755 226 24 20 år
794 225 65 21 bland

106 257 188 26 röstberättigade,
310 258 57 20 inom
383 258 128 21 kommunen
521 258 84 21 bosatte
617 258 93 27 manlige
720 259 139 21 medlemmar

105 298 26 14 en
146 291 128 21 ordförande
289 292 39 21 och
344 298 24 14 en
384 292 181 21 viceordförande.

173 325 25 26 Ej
223 325 35 22 må
281 326 70 21 dertill
373 326 69 27 väljas
464 326 138 27 kronofogde,
627 327 164 21 kronolänsman
807 327 52 20 eller

106 359 58 26 lägre
186 359 157 27 kronobetjent;
367 359 19 27 ej
410 360 48 26 den,
475 366 45 15 som
538 360 47 22 icke
600 360 90 27 uppnått
705 360 102 27 tjugufem
822 360 36 21 års

107 393 67 26 ålder;
190 393 18 27 ej
226 394 47 26 den,
289 400 45 15 som
349 393 71 22 häftar
435 394 32 21 för
483 395 98 21 eftersatt
597 395 138 27 redovisning
749 395 34 21 till
799 395 59 21 kom-

106 434 86 19 munen;
209 427 18 28 ej
244 428 46 26 den,
305 434 46 15 som
367 428 33 21 sin
416 429 103 26 egendom
535 429 34 21 till
584 429 130 27 borgenärer
728 429 79 22 afträdt
818 429 40 22 och

105 462 47 21 icke
167 463 66 26 gitter
248 462 52 26 visa,
317 464 31 19 att
363 463 42 20 han
421 462 45 22 från
483 463 62 22 deras
560 463 50 21 kraf
625 463 27 22 fri
667 465 34 24 är;
717 464 19 27 ej
747 463 46 27 den,
805 463 53 22 hvil-

105 497 41 20 ken
162 497 47 21 står
224 497 68 21 under
306 497 65 21 tilltal
385 497 34 21 för
434 497 64 27 brott,
515 498 66 21 hvarå
597 497 78 22 förlust
690 498 23 21 af
722 498 135 27 medborger-

105 531 40 26 ligt
167 530 122 22 förtroende
311 531 42 22 kan
369 531 61 28 följa;
446 532 39 21 och
501 533 18 26 ej
535 532 67 21 heller
618 532 46 26 den,
680 538 45 15 som
741 531 116 22 förklarats

107 565 87 27 ovärdig
209 567 33 20 att
256 566 80 27 nyttjas
352 566 7 21 i
374 566 82 22 landets
472 567 65 26 tjenst
551 567 52 21 eller
620 569 33 20 att
668 566 47 22 föra
730 573 79 15 annans
825 568 32 20 ta-

105 599 36 22 lan
157 599 39 22 hos
213 599 91 22 domstol
319 600 52 21 eller
387 606 70 15 annan
473 601 129 27 myndighet.

174 634 40 21 Om
237 634 119 22 verkstäldt
378 635 35 20 val
436 635 23 20 af
479 635 127 21 ordförande
628 635 38 22 och
682 635 175 22 viceordförande

104 668 32 21 till
152 668 215 21 kommunalstämma
382 669 56 21 skall
453 669 111 21 Guvernör
580 672 74 24 genast
670 669 143 21 underrättas.

453 732 25 20 14
494 732 19 27 8.

172 770 25 27 Ej
218 770 34 21 må
275 771 72 21 invald
363 771 128 22 ordförande
507 772 51 21 eller
573 772 177 22 viceordförande
765 772 91 27 uppdra-

105 807 36 24 get
163 804 31 26 sig
217 804 80 27 afsäga,
321 804 46 22 ifall
390 805 40 21 den
447 806 62 21 valde
524 806 18 26 ej
559 807 91 26 uppnått
664 807 68 21 sextio
748 808 35 19 års
798 806 59 22 ålder

104 838 52 22 eller
178 838 68 22 under
268 839 26 21 de
316 841 34 19 tre
372 839 176 28 nästföregående
567 841 51 21 åren
636 840 95 22 innehaft
746 840 111 22 enahanda

104 873 126 27 befattning.

172 907 53 21 Sker
240 908 103 27 afsägelse
358 908 27 26 på
401 908 67 21 sådan
479 909 74 27 grund,
566 909 102 21 anställes
680 911 47 25 nytt
737 909 41 21 val.
798 909 57 27 Upp-

104 942 66 27 gifves
194 943 69 20 såsom
287 943 48 21 stöd
357 942 33 21 för
413 942 118 28 afsägelsen
554 943 87 21 svårare
664 943 121 27 sjuklighet,
805 943 52 21 eller

104 976 55 26 civil,
175 976 80 22 militär
270 976 53 22 eller
337 976 137 22 ecklesiastik
485 978 91 21 embets-
587 978 53 20 eller
650 977 205 28 tjenstebefattning,

105 1010 52 21 eller
172 1012 65 19 annat
252 1011 55 26 skäl,
323 1017 38 20 ege
377 1011 216 22 kommunalstämma
610 1012 36 21 'det
661 1012 100 21 anmälda
772 1012 85 21 hindret

103 1044 75 27 pröfva
202 1045 44 25 och,
271 1045 37 21 der
330 1045 37 21 det
388 1045 130 27 godkännes,
534 1047 48 25 nytt
597 1046 34 21 val
646 1046 98 21 anställa.
774 1046 83 21 Varder

103 1078 95 21 förfallet
221 1079 17 26 ej
258 1079 116 27 godkändt,
391 1079 77 22 stånde
485 1080 39 21 den
540 1079 116 28 missnöjde
672 1081 64 26 öppet
750 1082 33 19 att
798 1080 6 21 i
820 1080 35 21 be-

104 1113 65 22 slutet
185 1113 52 21 söka
253 1113 91 27 ändring
359 1114 39 21 hos
413 1113 144 22 Guvernören.

455 1178 24 20 15
495 1177 18 27 8.

171 1216 65 27 Afgår
251 1222 74 21 genom
342 1216 98 27 dödsfall,
455 1216 149 28 bortflyttning
620 1217 52 21 eller
687 1216 23 22 af
724 1223 71 15 annan
806 1217 49 27 laga

104 1250 65 21 orsak
192 1250 126 22 ordförande
334 1250 52 22 eller
401 1251 182 26 viceordförande,
603 1250 62 22 innan
681 1251 57 21 tiden
753 1250 34 22 för
802 1251 53 21 hans

103 1284 118 27 befattning
240 1287 36 19 ute
292 1286 29 25 är,
339 1285 65 21 varde
420 1291 70 15 annan
505 1291 77 21 person
597 1285 76 21 utsedd
689 1285 7 21 i
712 1285 40 21 den
768 1284 87 28 afgång-

103 1325 37 15 nes
156 1319 63 21 ställe
235 1319 33 21 för
284 1319 40 21 den
340 1319 39 27 tid,
395 1325 45 15 som
457 1320 98 21 återstår.

171 1352 43 21 Der
230 1352 54 21 både
299 1352 131 21 ordförande
446 1353 38 20 och
499 1352 175 22 viceordförande
690 1353 56 26 afgå,
762 1353 70 21 såsom
848 1354 7 19 i

104 1392 61 15 mom.
184 1388 8 19 1
211 1387 67 26 säges,
294 1386 55 21 skall
364 1386 215 22 kommunalstämma
591 1386 23 21 af
624 1386 143 22 ordföranden
778 1387 7 21 i
796 1387 59 21 kom-

102 1421 180 22 munalnämnden
305 1424 74 25 genast
402 1422 167 21 sammankallas
593 1421 39 22 och
655 1424 47 25 nytt
717 1421 34 22 val
766 1421 33 22 för
814 1422 41 21 den
