1048 1711
330 126 27 23 U.
374 126 27 23 B.
417 140 28 2 —
461 127 74 27 Prop.
551 126 44 23 N:o
611 127 22 23 2.
813 128 13 19 5

392 240 81 27 Förslag
488 240 28 21 till
530 240 114 27 förordning
663 237 105 30 angäende
780 240 75 21 ändrad

321 275 75 27 lydelse
413 275 21 21 af
449 275 101 22 särskilda
566 275 26 28 88
609 276 4 20 i
631 272 195 30 rättegångsbalken.

177 346 75 21 Bland
276 346 111 22 bristerna
410 346 7 21 i
441 346 106 28 gällande
568 346 50 28 lags
633 346 171 28 bestämningar
819 354 37 14 an-

106 382 87 28 gående
209 382 52 29 laga
277 382 98 22 domstol
390 382 137 22 framträder
541 382 81 22 främst
637 382 219 28 ofullständigheten

105 418 7 21 i
138 417 137 28 stadgandet
295 418 95 21 rörande
407 417 75 22 forum
498 417 36 22 för
548 425 115 21 personer,
679 425 49 14 som
742 418 114 28 ingenstä-

107 453 39 22 des
169 452 69 22 hafva
261 453 85 28 stadigt
370 453 104 26 hemvist,
498 456 59 19 samt
577 453 36 22 för
627 453 127 29 utländing.
785 454 12 21 I
814 456 10 19 1
843 454 13 29 $

107 491 27 19 10
157 489 52 28 kap.
230 489 27 21 R.
281 489 27 21 B.
334 491 64 26 säges
422 497 36 14 om
482 490 84 21 sådana
589 497 108 20 personer
719 490 81 21 endast
822 492 35 19 att

106 525 28 20 de
159 524 64 22 skola
246 525 74 26 sökas,
344 525 40 21 der
407 525 28 21 de
454 524 81 27 finnas,
551 525 22 21 d.
588 532 22 14 v.
627 532 17 14 s.
661 525 40 22 der
717 525 27 22 de
760 525 97 22 faktiskt

105 560 125 29 uppehålla
253 560 41 28 sig.
326 561 68 20 Klart
417 564 25 18 är
460 561 127 21 emellertid
603 563 34 18 att
651 561 64 21 detta
731 561 124 28 stadgande

105 595 51 22 icke
171 599 25 19 är
212 596 122 28 tillfyllest,
351 598 64 19 utom
431 598 34 19 att
481 596 39 21 det
530 596 49 21 icke
591 603 39 14 ens
641 598 25 19 är
677 596 134 28 tillämpligt
821 596 36 22 för

105 632 39 21 det
153 631 47 27 fall,
210 632 28 21 då
246 632 60 21 finsk
314 632 148 28 medborgare
471 632 117 28 varaktigt
596 632 71 22 vistas
675 632 130 22 utomlands
814 633 42 20 och

105 668 87 21 således
217 667 19 29 ej
262 668 42 21 har
328 668 40 21 sitt
391 668 100 22 hemvist
513 667 62 22 inom
595 668 78 21 landet
689 668 43 21 och
747 667 20 29 ej
785 668 71 21 heller

104 704 48 20 kan
168 704 41 21 här
224 704 115 21 anträffas.
371 704 44 21 Till
431 704 150 28 afhjelpande
597 703 27 22 af
637 704 73 21 denna
725 703 58 22 brist
799 703 57 22 före-

106 739 46 21 slås
174 739 8 21 i
205 739 44 22 den
273 740 83 28 nådiga
376 740 172 28 propositionen
563 742 34 19 ett
613 740 82 28 tillägg
710 740 36 21 till
760 739 97 22 berörda

106 776 126 28 stadgande
256 775 26 21 af
301 776 101 21 innehåll
425 778 35 19 att
476 776 51 26 den,
543 783 48 14 som
609 776 74 27 ,inom
698 776 91 21 landet"
808 776 49 21 sak-

104 818 42 14 nar
169 811 86 29 stadigt
278 812 101 21 hemvist
402 812 55 21 eller
480 815 24 18 är
527 811 147 27 främmande,
693 812 87 28 jemväl
795 811 61 29 finge

105 849 108 20 stämmas
236 847 36 21 till
295 848 44 21 den
362 850 52 23 rätt,
436 848 62 21 inom
520 848 68 21 hvars
609 848 118 28 domvärjo
743 848 45 21 han
803 855 53 20 eger

105 882 160 29 förmögenhet
281 883 26 21 af
320 886 34 19 ett
370 883 54 22 eller
441 887 69 18 annat
521 884 50 28 slag
583 883 272 29 (förmögenhetsforum),

105 921 65 24 samt,
190 919 108 22 särskildt
313 919 141 22 beträffande
469 919 61 22 finsk
545 927 60 19 man,
622 927 48 14 som
686 919 71 22 vistas
773 921 13 20 å
802 920 54 21 utri-

104 955 84 26 kesort,
214 958 34 19 att
262 955 47 22 han
324 956 77 21 kunde
417 956 67 21 sökas
500 956 69 22 äfven
585 956 40 21 der
640 956 45 21 han
701 956 61 21 inom
777 955 79 22 landet

106 993 78 20 senast
207 999 40 14 var
270 991 94 23 boende.
396 992 53 21 Men
474 993 116 21 dessutom
618 991 101 26 föreslås,
745 991 111 22 likaledes

104 1027 178 22 vidkommande
305 1027 60 22 finsk
380 1035 60 18 man,
456 1030 41 24 att,
513 1029 75 20 derest
603 1028 47 21 han
665 1027 58 22 hade
739 1027 40 22 sitt
795 1028 60 21 hem-

104 1063 46 21 vist
173 1063 61 21 inom
257 1063 183 28 Kejsaredömet,
463 1064 46 21 han
527 1063 52 22 med
595 1065 52 26 eget
662 1063 117 28 samtycke
794 1063 61 28 finge

104 1101 108 19 stämmas
236 1098 36 22 till
294 1099 96 28 behörig
413 1099 99 22 domstol
534 1100 7 20 i
563 1098 105 27 Finland,
691 1101 59 19 samt
765 1101 35 19 att
815 1099 40 21 det

104 1133 64 27 aftal,
184 1141 49 14 som
248 1137 106 26 parterne
370 1135 97 21 emellan
477 1135 7 21 i
496 1135 81 21 sådant
588 1134 61 28 syfte
659 1134 114 29 inginges,
783 1135 72 21 borde

106 1169 130 29 skriftligen
256 1172 121 26 uppsättas
392 1170 53 22 med
460 1178 60 21 noga
536 1170 131 22 utsättande
683 1170 27 22 af
723 1170 83 28 sjelfva
822 1178 32 13 sa-

103 1205 46 21 ken
173 1205 42 21 och
236 1205 112 22 inlemnas
372 1206 36 21 till
431 1206 129 21 domstolen
583 1205 118 29 samtidigt
719 1206 52 21 med
788 1208 67 19 stäm-

104 1241 176 28 ningsansökan.

175 1276 35 22 Af
224 1277 65 21 dessa
304 1277 171 29 bestämningar
490 1280 25 18 är
529 1278 37 21 väl
583 1278 44 21 den
643 1277 58 22 först
716 1276 96 23 anförda
827 1278 30 21 el.

102 1312 34 21 ler
160 1312 144 22 beträffande
326 1313 120 28 utländing
470 1314 42 20 och
535 1314 51 26 den,
603 1320 48 14 som
667 1313 50 21 icke
733 1314 61 20 inom
810 1313 47 21 lan-

103 1348 39 19 det
165 1355 53 20 eger
242 1348 86 27 stadigt
351 1348 105 25 hemvist,
480 1348 8 20 i
515 1349 44 20 allo
584 1348 185 27 ändamålsenlig.
801 1348 55 20 Der-

103 1384 61 19 emot
190 1382 73 21 finner
292 1382 121 22 Utskottet
442 1383 28 21 de
497 1382 102 28 följande
623 1383 155 27 stadgandena
802 1390 53 13 vara

104 1416 126 23 sväfvande
254 1418 42 21 och
316 1419 77 20 kunna
416 1418 117 22 föranleda
556 1418 35 21 till
615 1418 120 22 osäkerhet
755 1418 39 22 vid
813 1418 43 21 till-

174 1466 139 23 Lagutskottets
326 1467 116 18 betänkande
454 1467 38 18 N:o
505 1467 16 17 5.

870 354 22 18 R.
904 353 21 18 B.
940 353 27 18 10:
980 353 17 17 1.
