1045 1711
233 144 26 21 12

204 208 49 22 Har
276 215 76 15 annan
374 212 30 17 än
426 207 156 22 ordföranden
603 207 48 22 fört
672 207 148 28 protokollet,
844 206 59 22 skall
919 206 38 22 det

205 243 42 21 ock
263 242 26 21 af
299 242 222 28 protokollsföranden
536 242 175 21 undertecknas.

272 277 58 26 Den,
354 284 49 13 som
424 276 98 28 deltagit
536 276 8 21 i
560 276 136 28 afgörandet
711 276 27 21 af
750 277 34 20 ett
798 275 41 22 vid
853 276 104 21 kommu-

204 311 137 22 nalstämma
356 310 128 29 handlagdt
500 310 90 26 ärende,
605 310 70 21 hafve
692 312 48 19 rätt
754 312 35 19 att
803 311 84 27 genast
902 310 56 21 eller

205 345 42 22 sist
269 345 40 22 vid
328 345 148 29 justeringen
499 345 25 22 af
544 345 148 29 protokollet,
708 346 9 19 i
732 345 39 21 det
794 351 80 15 senare
892 344 66 22 fallet

205 379 141 28 skriftligen,
362 380 144 21 reservation
520 381 49 20 mot
585 379 38 21 det
645 379 87 21 fattade
748 379 101 21 beslutet
864 378 94 29 afgifva.

552 448 26 21 27
595 448 19 26 8.

273 494 33 27 Är
321 499 20 28 ej
358 499 116 29 protokoll
489 499 41 22 vid
544 499 232 22 kommunalstämma
792 499 36 21 till
841 499 118 28 justering

204 534 99 28 uppläst,
319 536 57 19 utan
391 534 48 21 viss
456 541 75 14 annan
542 533 44 29 dag
597 533 77 22 dertill
684 535 75 20 utsatt
769 533 42 22 och
819 533 139 28 justerings-

204 571 54 18 män
279 568 103 27 utsedde,
405 576 53 13 men
480 568 66 21 desse
566 567 120 28 uteblifva,
710 568 55 20 eller
780 567 93 22 komma
885 567 74 29 juste-

205 602 166 28 ringsmännen
392 602 122 28 tillstädes,
536 610 54 14 men
611 602 152 28 undandraga
781 602 36 28 sig
833 604 34 19 att
883 603 75 27 proto-

204 636 73 22 kollet
292 636 171 28 underskrifva,
478 639 56 19 utan
550 639 34 19 att
599 636 59 22 dock
673 640 57 25 göra
745 636 155 28 anmärkning
910 639 48 19 mot

205 670 51 22 dess
271 670 121 30 riktighet,
408 671 141 21 tillkommer
564 670 155 22 ordföranden
734 672 34 20 att
783 671 83 21 sådant
875 670 83 22 förhål-

204 705 68 22 lande
295 706 12 21 å
329 705 142 29 protokollet
493 706 120 27 anteckna,
636 706 43 21 och
702 713 42 21 ege
765 705 39 21 det
826 706 52 20 icke
894 705 64 21 desto

205 740 89 21 mindre
316 741 30 27 på
368 740 58 21 hans
442 747 83 14 ansvar
540 740 95 21 vitsord.
665 739 78 29 Vägra
757 739 202 22 tillstädeskomne

202 775 190 28 justeringsmän,
408 781 29 14 en
453 775 56 21 eller
523 775 62 27 flere,
596 776 34 19 att
639 774 142 28 protokollet
788 773 171 28 underskrifva,

205 809 74 22 under
300 809 101 30 uppgift,
425 812 34 19 att
482 810 125 21 detsamma
625 809 84 21 strider
724 811 49 20 mot
788 808 116 29 förloppet
919 809 40 21 vid

205 847 120 25 stämman,
348 847 56 26 göre
426 844 155 22 ordföranden
603 844 78 21 derom
696 843 143 29 anteckning
854 845 14 20 å
882 845 78 27 proto-

205 879 74 22 kollet
301 878 42 22 och
366 878 125 29 hänskjute
511 878 150 30 justeringen
675 878 69 22 deraf
755 878 38 22 till
808 886 32 20 ny
855 880 104 26 stämma,

205 914 95 21 hvarom
316 914 140 28 kungörelse
471 914 9 20 i
494 913 99 29 stadgad
609 913 99 28 ordning
724 912 103 22 utfärdas
843 913 66 22 skall.

272 948 28 28 Ej
317 944 43 46 må,
376 948 70 21 sedan
461 948 77 22 beslut
552 948 8 21 i
572 950 96 19 stämma
677 948 80 21 blifvit
767 947 98 29 afsagdt,
877 948 83 21 efteråt

206 982 79 28 yttrad
300 982 95 28 mening
410 982 71 21 verka
496 983 13 20 å
524 982 152 29 protokollets
689 982 111 28 giltighet
811 982 56 38 eller
876 982 84 22 hindra

206 1018 34 20 att
255 1017 126 21 detsamma
395 1017 38 21 må
447 1017 75 21 såsom
534 1016 116 30 justeradt
666 1024 74 14 anses.

553 1086 27 21 28
596 1086 20 26 8.

273 1136 81 28 Angår
369 1136 243 22 kommunalstämmas
623 1136 78 21 beslut
711 1136 154 21 frånvarande
876 1143 84 21 person

206 1170 107 27 enskildt,
338 1170 59 21 skall
419 1171 132 28 detsamma,
574 1170 53 22 med
649 1170 143 29 hänvisning
814 1170 37 21 till
865 1170 94 22 besvärs

205 1204 132 27 anförande,
356 1205 86 21 honom
456 1205 132 28 bevisligen
602 1204 117 22 meddelas
734 1211 85 22 genom
833 1204 85 29 utdrag
932 1212 28 14 ur

205 1241 125 19 stämmans
346 1239 123 27 protokoll,
486 1239 71 21 hvarå
572 1239 81 27 dagen,
670 1239 29 21 då
714 1239 82 21 sådant
811 1239 59 26 sker,
884 1239 42 20 bör
937 1239 25 21 af

205 1271 51 28 den,
272 1279 49 14 som
341 1271 161 22 meddelandet
520 1272 113 28 fullgjort,
649 1272 95 21 tecknas
759 1272 54 21 med
827 1272 133 21 utsättande

205 1305 26 21 af
244 1305 86 22 dennes
345 1312 70 15 namn
431 1305 43 22 och
487 1305 110 22 hemvist.

273 1340 251 22 Kommunalstämmas
540 1341 77 21 beslut
632 1340 59 22 skall
706 1341 9 21 i
730 1341 28 21 de
772 1340 49 28 fall,
837 1341 29 21 då
875 1340 83 29 riktig-

205 1374 70 22 heten
297 1374 26 22 af
343 1374 142 29 protokollet
507 1375 75 28 enligt
601 1376 26 21 27
643 1376 13 25 8
672 1375 25 21 af
710 1375 155 21 ordföranden
880 1383 80 13 ensam

204 1408 121 29 vitsordas,
349 1408 13 22 å
383 1408 155 29 nästföljande
560 1410 89 27 söndag
666 1410 35 21 uti
717 1410 153 21 kommunens
886 1410 74 28 kyrka

205 1443 56 22 eller
275 1443 88 29 kyrkor
378 1443 123 29 kungöras.
