1053 1706
293 147 82 23 Ständ.
393 148 39 22 Sv;
446 160 29 3 —
490 148 74 29 Prop.
581 148 43 23 N:o
638 148 39 23 10.
850 150 13 20 3

181 215 66 21 Hvad
261 215 192 22 ärsrevisionerna
464 216 76 27 angär,
552 216 121 22 fastställer
685 217 66 26 lagen
762 217 36 21 för
807 217 57 27 pub-

111 248 42 22 likt
168 249 88 21 ombud
271 250 45 20 rätt
330 256 53 14 men
399 250 18 26 ej
434 250 129 27 skyldighet
578 253 32 18 att
624 250 38 21 vid
677 250 120 22 desamma
812 252 51 20 när-

112 289 60 15 vara.
203 283 90 26 Frägan
317 290 38 14 om
378 284 156 20 statsombuds
554 284 155 26 skyldigheter
723 284 140 21 härutinnan

112 323 68 21 synes
195 317 67 21 äfven
277 317 57 20 böra
349 317 109 21 hänföras
473 318 34 20 till
522 318 28 21 de
560 318 195 26 angelägenheter,
766 318 97 22 Senaten

111 350 8 21 i
144 350 45 22 den
213 351 36 21 för
270 350 117 22 ombuden
409 352 119 20 utfärdade
550 352 139 22 instruktion
712 358 50 21 eger
784 352 79 22 ordna.

112 384 127 22 Ständerna
260 385 62 21 hålla
338 385 60 21 dock
413 386 53 26 före,
482 388 32 19 att
528 386 39 21 vid
582 386 169 27 lagstiftningen
767 386 97 22 rörande

111 418 115 28 tillsynen!
241 420 63 20 öfver
324 420 118 20 bankerna
463 420 91 28 hänsyn
569 420 71 21 borde
655 423 63 25 tagas
734 421 82 26 därtill,
832 423 33 18 att

112 454 117 27 möjlighet
249 454 94 21 beredes
366 454 35 21 för
418 454 150 22 meddelande
584 455 24 20 af
621 455 114 21 föreskrift
750 462 39 14 om
804 455 60 27 skyl-

111 488 79 27 dighet
204 488 35 21 för
254 488 91 27 publikt
360 488 87 22 ombud
462 491 32 19 att
509 489 38 21 vid
558 489 194 21 årsrevisionerna
760 490 104 20 närvara.

113 522 82 21 Medan
211 522 44 21 den
271 522 94 26 tidigare
380 523 97 21 berörda
492 523 130 21 kontrollen
637 523 25 21 af
673 523 193 27 månadsrappor-

112 559 64 19 terna
199 557 80 20 endast
294 556 59 22 afser
368 559 31 19 ett
413 557 176 21 konstaterande
606 558 25 20 af
643 557 131 21 desammas
794 557 72 21 öfver-

112 591 173 21 ensstämmelse
307 591 53 20 med
374 591 122 27 böckerna,
512 592 42 20 har
575 591 166 21 statsombudet
762 591 39 21 vid
820 592 46 20 års-

112 624 129 22 revisionen
263 624 38 22 det
319 624 66 22 bästa
400 625 87 21 tillfälle
502 628 32 19 att
548 625 53 21 fullt
615 625 97 21 förvissa
728 626 33 26 sig
776 625 89 27 därom,

112 661 33 19 att
167 659 27 21 de
217 659 7 20 i
246 659 117 21 böckerna
380 661 117 25 upptagna
512 660 150 26 tillgångarna
677 660 117 26 verkligen
808 660 59 21 före-

112 694 83 20 finnas.
216 693 117 27 Därjämte
342 700 68 21 synes
419 694 177 21 statsombudets
606 695 97 20 närvaro
711 694 39 20 vid
758 694 107 21 bemälda

112 728 125 21 revisioner
258 734 55 14 vara
336 728 73 26 egnad
431 730 33 18 att
481 728 7 20 i
504 728 35 20 sin
555 728 55 20 mån
626 728 23 21 åt
662 728 67 21 dessa
745 728 35 21 för
794 728 73 21 bank-

112 762 102 26 bolagets
233 762 104 26 delegare
352 762 44 20 och
411 762 179 27 fordringsegare
604 762 86 26 viktiga
705 762 161 27 förrättningar

113 796 60 27 gifva
188 796 71 21 ökadt
274 796 72 21 allvar
361 796 44 21 och
415 796 91 26 önsklig
517 796 143 22 kontinuitet.
687 797 119 21 Ehuruväl
819 803 47 15 om-

114 830 71 21 budet
199 830 83 21 härvid
297 830 50 21 icke
363 830 54 28 egde
432 832 32 19 att
478 830 89 28 ingripa
582 830 7 21 i
605 830 44 22 den
664 830 28 21 de
707 830 95 22 utsedde
812 830 56 21 revi-

115 871 91 15 sorerne
229 864 148 22 anförtrodda
399 864 147 28 granskning,
569 866 26 19 är
617 865 37 20 det
675 864 61 22 dock
751 864 115 27 naturligt,

115 902 32 18 att
162 898 64 22 desse
242 899 73 21 skulle
331 898 104 22 meddela
451 899 33 26 sig
499 899 53 21 med
567 899 110 21 ombudet
692 898 117 28 angående
822 898 44 21 den

115 933 98 27 ordning
235 934 44 20 och
302 933 137 27 omfattning
460 934 26 20 af
498 933 204 27 revisionsarbetet,
718 933 94 21 hvilken
828 932 39 21 vid

115 968 134 27 föregående
273 968 112 21 likartade
411 968 105 20 tillfällen
537 967 117 22 befunnits
676 967 109 27 sakenlig.
816 966 51 22 Och

114 1002 37 22 för
172 1002 167 22 statsombudet
354 1002 46 21 kan
415 1002 37 21 det
468 1002 13 21 å
496 1002 72 21 andra
584 1002 65 21 sidan
664 1002 51 21 icke
730 1008 68 15 anses
813 1008 55 14 vara

115 1036 95 27 oviktigt
233 1039 32 18 att
286 1036 8 21 i
316 1036 63 26 fråga
402 1043 38 14 om
463 1036 104 22 bankens
587 1036 141 27 placeringar
746 1036 54 27 följa
815 1035 52 21 med

115 1071 149 20 uttalandena
279 1070 26 21 af
316 1071 28 20 de
357 1071 116 25 revisorer,
488 1070 81 21 hvilka
583 1070 197 26 bankdelegarene
793 1072 74 18 utsett.

115 1105 31 21 Ur
169 1105 96 20 anförda
288 1105 143 27 synpunkter
452 1104 65 21 finna
540 1104 125 21 Ständerna
681 1104 37 21 det
734 1103 135 26 önskvärdt,

114 1141 33 19 att
161 1141 86 19 statens
263 1138 88 21 ombud
367 1138 147 27 regelbundet
528 1138 96 21 bivistar
638 1138 200 21 årsrevisionerna.

184 1173 67 21 Hvad
270 1173 47 20 åter
339 1173 145 21 vidkommer
498 1173 202 26 bestämningarna
714 1172 8 21 i
737 1172 130 26 banklagen

115 1207 97 21 rörande
229 1207 116 26 omfånget
360 1207 25 20 af
397 1207 75 21 banks
487 1207 146 21 verksamhet
649 1207 44 20 och
708 1206 52 21 dess
770 1206 99 27 skyldig-

115 1242 40 21 het
169 1243 32 19 att
215 1241 39 21 vid
269 1241 82 21 förlust
365 1241 26 21 af
403 1241 46 21 viss
464 1241 36 20 del
516 1241 51 21 utaf
574 1241 171 27 aktiekapitalet
756 1241 113 20 eventuelt

115 1276 93 21 inställa
227 1276 36 20 sin
278 1275 152 26 verksamhet,
446 1275 44 21 blir
502 1275 87 27 jämväl
604 1275 136 27 pröfningen
756 1274 25 21 af
794 1275 75 20 hithö-

116 1310 71 21 rande
203 1309 193 27 omständigheter
410 1309 178 28 fullständigare,
600 1309 75 21 därest
685 1311 85 19 statens
783 1309 87 20 ombud

116 1345 26 19 är
163 1344 7 19 i
186 1344 87 19 tillfälle
289 1345 32 18 att
335 1343 55 26 ingå
405 1344 7 19 i
428 1343 152 20 omförmälda
595 1342 148 26 regelbundet
757 1343 113 20 återkom-

116 1377 84 20 mande
222 1378 105 19 närmare
343 1375 140 27 granskning
498 1375 25 21 af
535 1375 168 21 månadsafslut
718 1375 44 21 och
777 1375 93 20 årsrevi-

117 1411 82 21 sioner.
230 1410 32 21 På
277 1409 74 28 grund
367 1409 25 22 af
408 1417 31 13 nu
460 1409 104 27 gällande
586 1409 140 21 instruktion
737 1409 59 21 skall
807 1411 65 19 stats-

117 1445 111 22 ombudet
249 1444 139 27 månatligen
403 1445 33 20 till
453 1443 246 28 Finansexpeditionen
714 1443 84 28 afgifva
813 1450 57 21 upp-
