<?xml version="1.0" encoding="UTF-8"?>
<alto xmlns="http://www.loc.gov/standards/alto/ns-v3#" xmlns:xlink="http://www.w3.org/1999/xlink" xmlns:xsi="http://www.w3.org/2001/XMLSchema-instance" xsi:schemaLocation="http://www.loc.gov/standards/alto/ns-v3# http://www.loc.gov/alto/v3/alto-3-0.xsd">
	<Description>
		<MeasurementUnit>pixel</MeasurementUnit>
		<sourceImageInformation>
			<fileName>/tmp/tess_99q15qnq_input.PNG</fileName>
		</sourceImageInformation>
		<OCRProcessing ID="OCR_0">
			<ocrProcessingStep>
				<processingSoftware>
					<softwareName>tesseract 5.3.4</softwareName>
				</processingSoftware>
			</ocrProcessingStep>
		</OCRProcessing>
	</Description>
	<Layout>
		<Page WIDTH="1050" HEIGHT="1700" PHYSICAL_IMG_NR="0" ID="page_0">
			<PrintSpace HPOS="0" VPOS="0" WIDTH="1050" HEIGHT="1700">
				<ComposedBlock ID="cblock_0" HPOS="299" VPOS="140" WIDTH="559" HEIGHT="29">
					<TextBlock ID="block_0" HPOS="299" VPOS="140" WIDTH="559" HEIGHT="29">
						<TextLine ID="line_0" HPOS="299" VPOS="140" WIDTH="559" HEIGHT="29">
							<String ID="string_0" HPOS="299" VPOS="140" WIDTH="84" HEIGHT="23" WC="0.90" CONTENT="Ständ."/><SP WIDTH="19" VPOS="140" HPOS="383"/>
							<String ID="string_1" HPOS="402" VPOS="140" WIDTH="39" HEIGHT="24" WC="0.92" CONTENT="Sv."/><SP WIDTH="16" VPOS="140" HPOS="441"/>
							<String ID="string_2" HPOS="457" VPOS="154" WIDTH="26" HEIGHT="3" WC="0.92" CONTENT="—"/><SP WIDTH="16" VPOS="154" HPOS="483"/>
							<String ID="string_3" HPOS="499" VPOS="140" WIDTH="74" HEIGHT="29" WC="0.94" CONTENT="Prop."/><SP WIDTH="15" VPOS="140" HPOS="573"/>
							<String ID="string_4" HPOS="588" VPOS="140" WIDTH="45" HEIGHT="24" WC="0.92" CONTENT="N:o"/><SP WIDTH="16" VPOS="140" HPOS="633"/>
							<String ID="string_5" HPOS="649" VPOS="141" WIDTH="20" HEIGHT="22" WC="0.95" CONTENT="1."/><SP WIDTH="175" VPOS="141" HPOS="669"/>
							<String ID="string_6" HPOS="844" VPOS="142" WIDTH="14" HEIGHT="22" WC="0.94" CONTENT="9"/>
						</TextLine>
					</TextBlock>
				</ComposedBlock>
				<ComposedBlock ID="cblock_1" HPOS="106" VPOS="210" WIDTH="757" HEIGHT="1257">
					<TextBlock ID="block_1" HPOS="106" VPOS="210" WIDTH="753" HEIGHT="60">
						<TextLine ID="line_1" HPOS="106" VPOS="210" WIDTH="753" HEIGHT="27">
							<String ID="string_7" HPOS="106" VPOS="210" WIDTH="78" HEIGHT="21" WC="0.93" CONTENT="skolor"/><SP WIDTH="15" VPOS="210" HPOS="184"/>
							<String ID="string_8" HPOS="199" VPOS="210" WIDTH="96" HEIGHT="21" WC="0.92" CONTENT="läseåret"/><SP WIDTH="16" VPOS="210" HPOS="295"/>
							<String ID="string_9" HPOS="311" VPOS="210" WIDTH="139" HEIGHT="21" WC="0.90" CONTENT="1895—1896"/><SP WIDTH="11" VPOS="210" HPOS="450"/>
							<String ID="string_10" HPOS="461" VPOS="210" WIDTH="102" HEIGHT="27" WC="0.93" CONTENT="utgjorde"/><SP WIDTH="16" VPOS="210" HPOS="563"/>
							<String ID="string_11" HPOS="579" VPOS="211" WIDTH="69" HEIGHT="25" WC="0.91" CONTENT="2,107,"/><SP WIDTH="15" VPOS="211" HPOS="648"/>
							<String ID="string_12" HPOS="663" VPOS="210" WIDTH="27" HEIGHT="21" WC="0.93" CONTENT="42"/><SP WIDTH="12" VPOS="210" HPOS="690"/>
							<String ID="string_13" HPOS="702" VPOS="210" WIDTH="157" HEIGHT="27" WC="0.90" CONTENT="lärareplatser"/>
						</TextLine>
						<TextLine ID="line_2" HPOS="108" VPOS="243" WIDTH="470" HEIGHT="27">
							<String ID="string_14" HPOS="108" VPOS="244" WIDTH="74" HEIGHT="21" WC="0.97" CONTENT="skulle"/><SP WIDTH="15" VPOS="244" HPOS="182"/>
							<String ID="string_15" HPOS="197" VPOS="243" WIDTH="73" HEIGHT="22" WC="0.96" CONTENT="under"/><SP WIDTH="15" VPOS="243" HPOS="270"/>
							<String ID="string_16" HPOS="285" VPOS="243" WIDTH="70" HEIGHT="27" WC="0.96" CONTENT="sagda"/><SP WIDTH="16" VPOS="243" HPOS="355"/>
							<String ID="string_17" HPOS="371" VPOS="244" WIDTH="24" HEIGHT="20" WC="0.96" CONTENT="år"/><SP WIDTH="15" VPOS="244" HPOS="395"/>
							<String ID="string_18" HPOS="410" VPOS="244" WIDTH="74" HEIGHT="21" WC="0.96" CONTENT="blifvit"/><SP WIDTH="15" VPOS="244" HPOS="484"/>
							<String ID="string_19" HPOS="499" VPOS="244" WIDTH="79" HEIGHT="26" WC="0.96" CONTENT="lediga."/>
						</TextLine>
					</TextBlock>
					<TextBlock ID="block_2" HPOS="106" VPOS="277" WIDTH="752" HEIGHT="193">
						<TextLine ID="line_3" HPOS="175" VPOS="277" WIDTH="683" HEIGHT="27">
							<String ID="string_20" HPOS="175" VPOS="277" WIDTH="76" HEIGHT="27" WC="0.96" CONTENT="Enligt"/><SP WIDTH="15" VPOS="277" HPOS="251"/>
							<String ID="string_21" HPOS="266" VPOS="277" WIDTH="75" HEIGHT="21" WC="0.96" CONTENT="denna"/><SP WIDTH="15" VPOS="277" HPOS="341"/>
							<String ID="string_22" HPOS="356" VPOS="277" WIDTH="127" HEIGHT="27" WC="0.96" CONTENT="beräkning"/><SP WIDTH="11" VPOS="277" HPOS="483"/>
							<String ID="string_23" HPOS="494" VPOS="278" WIDTH="73" HEIGHT="21" WC="0.93" CONTENT="skulle"/><SP WIDTH="11" VPOS="278" HPOS="567"/>
							<String ID="string_24" HPOS="578" VPOS="277" WIDTH="106" HEIGHT="21" WC="0.92" CONTENT="behofvet"/><SP WIDTH="10" VPOS="277" HPOS="684"/>
							<String ID="string_25" HPOS="694" VPOS="277" WIDTH="26" HEIGHT="21" WC="0.96" CONTENT="af"/><SP WIDTH="9" VPOS="277" HPOS="720"/>
							<String ID="string_26" HPOS="729" VPOS="284" WIDTH="46" HEIGHT="20" WC="0.95" CONTENT="nya"/><SP WIDTH="10" VPOS="284" HPOS="775"/>
							<String ID="string_27" HPOS="785" VPOS="278" WIDTH="73" HEIGHT="20" WC="0.96" CONTENT="lärare"/>
						</TextLine>
						<TextLine ID="line_4" HPOS="107" VPOS="311" WIDTH="751" HEIGHT="27">
							<String ID="string_28" HPOS="107" VPOS="311" WIDTH="34" HEIGHT="21" WC="0.93" CONTENT="för"/><SP WIDTH="20" VPOS="311" HPOS="141"/>
							<String ID="string_29" HPOS="161" VPOS="311" WIDTH="95" HEIGHT="21" WC="0.91" CONTENT="läseåret"/><SP WIDTH="27" VPOS="311" HPOS="256"/>
							<String ID="string_30" HPOS="283" VPOS="312" WIDTH="140" HEIGHT="20" WC="0.92" CONTENT="1895—1896"/><SP WIDTH="25" VPOS="312" HPOS="423"/>
							<String ID="string_31" HPOS="448" VPOS="311" WIDTH="69" HEIGHT="21" WC="0.96" CONTENT="hafva"/><SP WIDTH="22" VPOS="311" HPOS="517"/>
							<String ID="string_32" HPOS="539" VPOS="311" WIDTH="84" HEIGHT="27" WC="0.96" CONTENT="utgjort"/><SP WIDTH="24" VPOS="311" HPOS="623"/>
							<String ID="string_33" HPOS="647" VPOS="312" WIDTH="45" HEIGHT="25" WC="0.92" CONTENT="195,"/><SP WIDTH="22" VPOS="312" HPOS="692"/>
							<String ID="string_34" HPOS="714" VPOS="311" WIDTH="92" HEIGHT="20" WC="0.92" CONTENT="hvadan"/><SP WIDTH="24" VPOS="311" HPOS="806"/>
							<String ID="string_35" HPOS="830" VPOS="318" WIDTH="28" HEIGHT="13" WC="0.96" CONTENT="en"/>
						</TextLine>
						<TextLine ID="line_5" HPOS="106" VPOS="345" WIDTH="752" HEIGHT="28">
							<String ID="string_36" HPOS="106" VPOS="345" WIDTH="57" HEIGHT="21" WC="0.96" CONTENT="brist"/><SP WIDTH="22" VPOS="345" HPOS="163"/>
							<String ID="string_37" HPOS="185" VPOS="345" WIDTH="25" HEIGHT="21" WC="0.96" CONTENT="af"/><SP WIDTH="20" VPOS="345" HPOS="210"/>
							<String ID="string_38" HPOS="230" VPOS="346" WIDTH="26" HEIGHT="20" WC="0.95" CONTENT="93"/><SP WIDTH="16" VPOS="346" HPOS="256"/>
							<String ID="string_39" HPOS="272" VPOS="345" WIDTH="72" HEIGHT="21" WC="0.95" CONTENT="lärare"/><SP WIDTH="21" VPOS="345" HPOS="344"/>
							<String ID="string_40" HPOS="365" VPOS="345" WIDTH="72" HEIGHT="21" WC="0.96" CONTENT="skulle"/><SP WIDTH="23" VPOS="345" HPOS="437"/>
							<String ID="string_41" HPOS="460" VPOS="345" WIDTH="107" HEIGHT="28" WC="0.96" CONTENT="uppstått."/><SP WIDTH="32" VPOS="345" HPOS="567"/>
							<String ID="string_42" HPOS="599" VPOS="345" WIDTH="82" HEIGHT="21" WC="0.94" CONTENT="Härtill"/><SP WIDTH="18" VPOS="345" HPOS="681"/>
							<String ID="string_43" HPOS="699" VPOS="345" WIDTH="111" HEIGHT="27" WC="0.96" CONTENT="kommer,"/><SP WIDTH="16" VPOS="345" HPOS="810"/>
							<String ID="string_44" HPOS="826" VPOS="347" WIDTH="32" HEIGHT="19" WC="0.97" CONTENT="att"/>
						</TextLine>
						<TextLine ID="line_6" HPOS="107" VPOS="379" WIDTH="750" HEIGHT="28">
							<String ID="string_45" HPOS="107" VPOS="379" WIDTH="30" HEIGHT="28" WC="0.96" CONTENT="på"/><SP WIDTH="19" VPOS="379" HPOS="137"/>
							<String ID="string_46" HPOS="156" VPOS="379" WIDTH="158" HEIGHT="28" WC="0.96" CONTENT="landsbygden"/><SP WIDTH="22" VPOS="379" HPOS="314"/>
							<String ID="string_47" HPOS="336" VPOS="381" WIDTH="88" HEIGHT="20" WC="0.95" CONTENT="senaste"/><SP WIDTH="20" VPOS="381" HPOS="424"/>
							<String ID="string_48" HPOS="444" VPOS="379" WIDTH="134" HEIGHT="22" WC="0.96" CONTENT="hösttermin"/><SP WIDTH="16" VPOS="379" HPOS="578"/>
							<String ID="string_49" HPOS="594" VPOS="379" WIDTH="85" HEIGHT="22" WC="0.96" CONTENT="funnos"/><SP WIDTH="16" VPOS="379" HPOS="679"/>
							<String ID="string_50" HPOS="695" VPOS="379" WIDTH="106" HEIGHT="27" WC="0.96" CONTENT="omkring"/><SP WIDTH="17" VPOS="379" HPOS="801"/>
							<String ID="string_51" HPOS="818" VPOS="379" WIDTH="39" HEIGHT="21" WC="0.96" CONTENT="140"/>
						</TextLine>
						<TextLine ID="line_7" HPOS="106" VPOS="413" WIDTH="752" HEIGHT="28">
							<String ID="string_52" HPOS="106" VPOS="413" WIDTH="134" HEIGHT="28" WC="0.96" CONTENT="folkskolor,"/><SP WIDTH="29" VPOS="413" HPOS="240"/>
							<String ID="string_53" HPOS="269" VPOS="414" WIDTH="90" HEIGHT="21" WC="0.93" CONTENT="hvilkas"/><SP WIDTH="30" VPOS="414" HPOS="359"/>
							<String ID="string_54" HPOS="389" VPOS="414" WIDTH="111" HEIGHT="21" WC="0.89" CONTENT="elevantal"/><SP WIDTH="23" VPOS="414" HPOS="500"/>
							<String ID="string_55" HPOS="523" VPOS="414" WIDTH="111" HEIGHT="27" WC="0.91" CONTENT="öfversteg"/><SP WIDTH="22" VPOS="414" HPOS="634"/>
							<String ID="string_56" HPOS="656" VPOS="415" WIDTH="34" HEIGHT="26" WC="0.96" CONTENT="50,"/><SP WIDTH="24" VPOS="415" HPOS="690"/>
							<String ID="string_57" HPOS="714" VPOS="414" WIDTH="43" HEIGHT="21" WC="0.96" CONTENT="och"/><SP WIDTH="23" VPOS="414" HPOS="757"/>
							<String ID="string_58" HPOS="780" VPOS="413" WIDTH="78" HEIGHT="22" WC="0.96" CONTENT="hvilka"/>
						</TextLine>
						<TextLine ID="line_8" HPOS="108" VPOS="448" WIDTH="622" HEIGHT="22">
							<String ID="string_59" HPOS="108" VPOS="448" WIDTH="87" HEIGHT="22" WC="0.96" CONTENT="således"/><SP WIDTH="15" VPOS="448" HPOS="195"/>
							<String ID="string_60" HPOS="210" VPOS="448" WIDTH="59" HEIGHT="21" WC="0.96" CONTENT="hade"/><SP WIDTH="16" VPOS="448" HPOS="269"/>
							<String ID="string_61" HPOS="285" VPOS="448" WIDTH="58" HEIGHT="22" WC="0.96" CONTENT="varit"/><SP WIDTH="15" VPOS="448" HPOS="343"/>
							<String ID="string_62" HPOS="358" VPOS="448" WIDTH="7" HEIGHT="21" WC="0.93" CONTENT="i"/><SP WIDTH="15" VPOS="448" HPOS="365"/>
							<String ID="string_63" HPOS="380" VPOS="449" WIDTH="72" HEIGHT="20" WC="0.92" CONTENT="behof"/><SP WIDTH="13" VPOS="449" HPOS="452"/>
							<String ID="string_64" HPOS="465" VPOS="449" WIDTH="25" HEIGHT="20" WC="0.96" CONTENT="af"/><SP WIDTH="12" VPOS="449" HPOS="490"/>
							<String ID="string_65" HPOS="502" VPOS="448" WIDTH="135" HEIGHT="21" WC="0.95" CONTENT="biträdande"/><SP WIDTH="15" VPOS="448" HPOS="637"/>
							<String ID="string_66" HPOS="652" VPOS="449" WIDTH="78" HEIGHT="20" WC="0.96" CONTENT="lärare."/>
						</TextLine>
					</TextBlock>
					<TextBlock ID="block_3" HPOS="106" VPOS="482" WIDTH="757" HEIGHT="575">
						<TextLine ID="line_9" HPOS="176" VPOS="482" WIDTH="682" HEIGHT="22">
							<String ID="string_67" HPOS="176" VPOS="483" WIDTH="49" HEIGHT="20" WC="0.96" CONTENT="Den"/><SP WIDTH="21" VPOS="483" HPOS="225"/>
							<String ID="string_68" HPOS="246" VPOS="489" WIDTH="32" HEIGHT="14" WC="0.93" CONTENT="nu"/><SP WIDTH="19" VPOS="489" HPOS="278"/>
							<String ID="string_69" HPOS="297" VPOS="483" WIDTH="229" HEIGHT="21" WC="0.87" CONTENT="förhandenvarande"/><SP WIDTH="21" VPOS="483" HPOS="526"/>
							<String ID="string_70" HPOS="547" VPOS="482" WIDTH="159" HEIGHT="21" WC="0.87" CONTENT="lärarebristen"/><SP WIDTH="22" VPOS="482" HPOS="706"/>
							<String ID="string_71" HPOS="728" VPOS="483" WIDTH="67" HEIGHT="20" WC="0.92" CONTENT="berör"/><SP WIDTH="18" VPOS="483" HPOS="795"/>
							<String ID="string_72" HPOS="813" VPOS="485" WIDTH="45" HEIGHT="18" WC="0.92" CONTENT="ute-"/>
						</TextLine>
						<TextLine ID="line_10" HPOS="107" VPOS="517" WIDTH="751" HEIGHT="27">
							<String ID="string_73" HPOS="107" VPOS="517" WIDTH="105" HEIGHT="21" WC="0.95" CONTENT="slutande"/><SP WIDTH="15" VPOS="517" HPOS="212"/>
							<String ID="string_74" HPOS="227" VPOS="517" WIDTH="75" HEIGHT="21" WC="0.96" CONTENT="finska"/><SP WIDTH="15" VPOS="517" HPOS="302"/>
							<String ID="string_75" HPOS="317" VPOS="517" WIDTH="145" HEIGHT="26" WC="0.96" CONTENT="kommuner,"/><SP WIDTH="13" VPOS="517" HPOS="462"/>
							<String ID="string_76" HPOS="475" VPOS="517" WIDTH="83" HEIGHT="20" WC="0.96" CONTENT="medan"/><SP WIDTH="13" VPOS="517" HPOS="558"/>
							<String ID="string_77" HPOS="571" VPOS="517" WIDTH="132" HEIGHT="27" WC="0.96" CONTENT="Nykarleby"/><SP WIDTH="11" VPOS="517" HPOS="703"/>
							<String ID="string_78" HPOS="714" VPOS="517" WIDTH="44" HEIGHT="20" WC="0.96" CONTENT="och"/><SP WIDTH="9" VPOS="517" HPOS="758"/>
							<String ID="string_79" HPOS="767" VPOS="517" WIDTH="91" HEIGHT="20" WC="0.96" CONTENT="Ekenäs"/>
						</TextLine>
						<TextLine ID="line_11" HPOS="107" VPOS="550" WIDTH="751" HEIGHT="28">
							<String ID="string_80" HPOS="107" VPOS="551" WIDTH="133" HEIGHT="21" WC="0.96" CONTENT="seminarier"/><SP WIDTH="22" VPOS="551" HPOS="240"/>
							<String ID="string_81" HPOS="262" VPOS="551" WIDTH="85" HEIGHT="27" WC="0.93" CONTENT="årligen"/><SP WIDTH="24" VPOS="551" HPOS="347"/>
							<String ID="string_82" HPOS="371" VPOS="551" WIDTH="139" HEIGHT="21" WC="0.91" CONTENT="utdimittera"/><SP WIDTH="19" VPOS="551" HPOS="510"/>
							<String ID="string_83" HPOS="529" VPOS="553" WIDTH="30" HEIGHT="19" WC="0.96" CONTENT="ett"/><SP WIDTH="15" VPOS="553" HPOS="559"/>
							<String ID="string_84" HPOS="574" VPOS="551" WIDTH="35" HEIGHT="21" WC="0.96" CONTENT="för"/><SP WIDTH="15" VPOS="551" HPOS="609"/>
							<String ID="string_85" HPOS="624" VPOS="550" WIDTH="27" HEIGHT="21" WC="0.96" CONTENT="de"/><SP WIDTH="16" VPOS="550" HPOS="651"/>
							<String ID="string_86" HPOS="667" VPOS="551" WIDTH="191" HEIGHT="27" WC="0.96" CONTENT="svenskspråkiga"/>
						</TextLine>
						<TextLine ID="line_12" HPOS="106" VPOS="584" WIDTH="752" HEIGHT="28">
							<String ID="string_87" HPOS="106" VPOS="585" WIDTH="116" HEIGHT="21" WC="0.96" CONTENT="trakterna"/><SP WIDTH="22" VPOS="585" HPOS="222"/>
							<String ID="string_88" HPOS="244" VPOS="585" WIDTH="131" HEIGHT="26" WC="0.93" CONTENT="tillräckligt"/><SP WIDTH="21" VPOS="585" HPOS="375"/>
							<String ID="string_89" HPOS="396" VPOS="585" WIDTH="68" HEIGHT="20" WC="0.94" CONTENT="antal."/><SP WIDTH="32" VPOS="585" HPOS="464"/>
							<String ID="string_90" HPOS="496" VPOS="585" WIDTH="59" HEIGHT="21" WC="0.96" CONTENT="Från"/><SP WIDTH="23" VPOS="585" HPOS="555"/>
							<String ID="string_91" HPOS="578" VPOS="584" WIDTH="27" HEIGHT="22" WC="0.96" CONTENT="de"/><SP WIDTH="27" VPOS="584" HPOS="605"/>
							<String ID="string_92" HPOS="632" VPOS="585" WIDTH="91" HEIGHT="27" WC="0.92" CONTENT="nyligen"/><SP WIDTH="23" VPOS="585" HPOS="723"/>
							<String ID="string_93" HPOS="746" VPOS="584" WIDTH="112" HEIGHT="22" WC="0.96" CONTENT="inrättade"/>
						</TextLine>
						<TextLine ID="line_13" HPOS="107" VPOS="618" WIDTH="751" HEIGHT="28">
							<String ID="string_94" HPOS="107" VPOS="626" WIDTH="45" HEIGHT="20" WC="0.96" CONTENT="nya"/><SP WIDTH="24" VPOS="626" HPOS="152"/>
							<String ID="string_95" HPOS="176" VPOS="618" WIDTH="162" HEIGHT="21" WC="0.96" CONTENT="seminarierna"/><SP WIDTH="23" VPOS="618" HPOS="338"/>
							<String ID="string_96" HPOS="361" VPOS="619" WIDTH="7" HEIGHT="20" WC="0.96" CONTENT="i"/><SP WIDTH="24" VPOS="619" HPOS="368"/>
							<String ID="string_97" HPOS="392" VPOS="619" WIDTH="125" HEIGHT="20" WC="0.96" CONTENT="Brahestad"/><SP WIDTH="22" VPOS="619" HPOS="517"/>
							<String ID="string_98" HPOS="539" VPOS="619" WIDTH="43" HEIGHT="21" WC="0.96" CONTENT="och"/><SP WIDTH="19" VPOS="619" HPOS="582"/>
							<String ID="string_99" HPOS="601" VPOS="619" WIDTH="89" HEIGHT="20" WC="0.91" CONTENT="Raumo"/><SP WIDTH="17" VPOS="619" HPOS="690"/>
							<String ID="string_100" HPOS="707" VPOS="618" WIDTH="151" HEIGHT="21" WC="0.91" CONTENT="utdimitteras"/>
						</TextLine>
						<TextLine ID="line_14" HPOS="107" VPOS="653" WIDTH="751" HEIGHT="26">
							<String ID="string_101" HPOS="107" VPOS="653" WIDTH="28" HEIGHT="21" WC="0.96" CONTENT="de"/><SP WIDTH="15" VPOS="653" HPOS="135"/>
							<String ID="string_102" HPOS="150" VPOS="653" WIDTH="70" HEIGHT="21" WC="0.93" CONTENT="första"/><SP WIDTH="16" VPOS="653" HPOS="220"/>
							<String ID="string_103" HPOS="236" VPOS="653" WIDTH="104" HEIGHT="20" WC="0.92" CONTENT="lärarena"/><SP WIDTH="15" VPOS="653" HPOS="340"/>
							<String ID="string_104" HPOS="355" VPOS="653" WIDTH="26" HEIGHT="20" WC="0.96" CONTENT="år"/><SP WIDTH="16" VPOS="653" HPOS="381"/>
							<String ID="string_105" HPOS="397" VPOS="653" WIDTH="54" HEIGHT="20" WC="0.96" CONTENT="1900"/><SP WIDTH="16" VPOS="653" HPOS="451"/>
							<String ID="string_106" HPOS="467" VPOS="653" WIDTH="53" HEIGHT="21" WC="0.96" CONTENT="eller"/><SP WIDTH="15" VPOS="653" HPOS="520"/>
							<String ID="string_107" HPOS="535" VPOS="653" WIDTH="154" HEIGHT="26" WC="0.96" CONTENT="ungefärligen"/><SP WIDTH="16" VPOS="653" HPOS="689"/>
							<String ID="string_108" HPOS="705" VPOS="653" WIDTH="39" HEIGHT="20" WC="0.96" CONTENT="vid"/><SP WIDTH="15" VPOS="653" HPOS="744"/>
							<String ID="string_109" HPOS="759" VPOS="653" WIDTH="44" HEIGHT="20" WC="0.96" CONTENT="den"/><SP WIDTH="16" VPOS="653" HPOS="803"/>
							<String ID="string_110" HPOS="819" VPOS="653" WIDTH="39" HEIGHT="26" WC="0.96" CONTENT="tid,"/>
						</TextLine>
						<TextLine ID="line_15" HPOS="108" VPOS="687" WIDTH="751" HEIGHT="26">
							<String ID="string_111" HPOS="108" VPOS="687" WIDTH="29" HEIGHT="21" WC="0.95" CONTENT="då"/><SP WIDTH="22" VPOS="687" HPOS="137"/>
							<String ID="string_112" HPOS="159" VPOS="687" WIDTH="44" HEIGHT="21" WC="0.94" CONTENT="den"/><SP WIDTH="23" VPOS="687" HPOS="203"/>
							<String ID="string_113" HPOS="226" VPOS="687" WIDTH="70" HEIGHT="21" WC="0.95" CONTENT="första"/><SP WIDTH="20" VPOS="687" HPOS="296"/>
							<String ID="string_114" HPOS="316" VPOS="687" WIDTH="87" HEIGHT="21" WC="0.96" CONTENT="verkan"/><SP WIDTH="16" VPOS="687" HPOS="403"/>
							<String ID="string_115" HPOS="419" VPOS="687" WIDTH="25" HEIGHT="20" WC="0.96" CONTENT="af"/><SP WIDTH="13" VPOS="687" HPOS="444"/>
							<String ID="string_116" HPOS="457" VPOS="687" WIDTH="88" HEIGHT="21" WC="0.96" CONTENT="landets"/><SP WIDTH="16" VPOS="687" HPOS="545"/>
							<String ID="string_117" HPOS="561" VPOS="687" WIDTH="117" HEIGHT="26" WC="0.96" CONTENT="indelning"/><SP WIDTH="15" VPOS="687" HPOS="678"/>
							<String ID="string_118" HPOS="693" VPOS="687" WIDTH="7" HEIGHT="20" WC="0.96" CONTENT="i"/><SP WIDTH="16" VPOS="687" HPOS="700"/>
							<String ID="string_119" HPOS="716" VPOS="687" WIDTH="143" HEIGHT="21" WC="0.95" CONTENT="skoldistrikt"/>
						</TextLine>
						<TextLine ID="line_16" HPOS="108" VPOS="721" WIDTH="750" HEIGHT="28">
							<String ID="string_120" HPOS="108" VPOS="721" WIDTH="69" HEIGHT="28" WC="0.96" CONTENT="enligt"/><SP WIDTH="19" VPOS="721" HPOS="177"/>
							<String ID="string_121" HPOS="196" VPOS="721" WIDTH="75" HEIGHT="22" WC="0.96" CONTENT="denna"/><SP WIDTH="23" VPOS="721" HPOS="271"/>
							<String ID="string_122" HPOS="294" VPOS="721" WIDTH="133" HEIGHT="27" WC="0.96" CONTENT="förordning"/><SP WIDTH="23" VPOS="721" HPOS="427"/>
							<String ID="string_123" HPOS="450" VPOS="723" WIDTH="75" HEIGHT="20" WC="0.96" CONTENT="senast"/><SP WIDTH="24" VPOS="723" HPOS="525"/>
							<String ID="string_124" HPOS="549" VPOS="721" WIDTH="42" HEIGHT="22" WC="0.96" CONTENT="bör"/><SP WIDTH="22" VPOS="721" HPOS="591"/>
							<String ID="string_125" HPOS="613" VPOS="721" WIDTH="68" HEIGHT="21" WC="0.92" CONTENT="hafva"/><SP WIDTH="21" VPOS="721" HPOS="681"/>
							<String ID="string_126" HPOS="702" VPOS="721" WIDTH="91" HEIGHT="21" WC="0.90" CONTENT="inträdt."/><SP WIDTH="31" VPOS="721" HPOS="793"/>
							<String ID="string_127" HPOS="824" VPOS="721" WIDTH="34" HEIGHT="21" WC="0.96" CONTENT="Då"/>
						</TextLine>
						<TextLine ID="line_17" HPOS="108" VPOS="755" WIDTH="750" HEIGHT="27">
							<String ID="string_128" HPOS="108" VPOS="756" WIDTH="163" HEIGHT="21" WC="0.96" CONTENT="seminarierna"/><SP WIDTH="15" VPOS="756" HPOS="271"/>
							<String ID="string_129" HPOS="286" VPOS="757" WIDTH="40" HEIGHT="20" WC="0.96" CONTENT="äro"/><SP WIDTH="15" VPOS="757" HPOS="326"/>
							<String ID="string_130" HPOS="341" VPOS="755" WIDTH="138" HEIGHT="27" WC="0.96" CONTENT="berättigade"/><SP WIDTH="10" VPOS="755" HPOS="479"/>
							<String ID="string_131" HPOS="489" VPOS="758" WIDTH="38" HEIGHT="19" WC="0.95" CONTENT="att"/><SP WIDTH="18" VPOS="758" HPOS="527"/>
							<String ID="string_132" HPOS="545" VPOS="755" WIDTH="34" HEIGHT="22" WC="0.96" CONTENT="till"/><SP WIDTH="16" VPOS="755" HPOS="579"/>
							<String ID="string_133" HPOS="595" VPOS="755" WIDTH="69" HEIGHT="22" WC="0.96" CONTENT="första"/><SP WIDTH="16" VPOS="755" HPOS="664"/>
							<String ID="string_134" HPOS="680" VPOS="755" WIDTH="92" HEIGHT="22" WC="0.93" CONTENT="klassen"/><SP WIDTH="15" VPOS="755" HPOS="772"/>
							<String ID="string_135" HPOS="787" VPOS="758" WIDTH="71" HEIGHT="19" WC="0.92" CONTENT="emot-"/>
						</TextLine>
						<TextLine ID="line_18" HPOS="107" VPOS="789" WIDTH="751" HEIGHT="28">
							<String ID="string_136" HPOS="107" VPOS="793" WIDTH="51" HEIGHT="24" WC="0.96" CONTENT="taga"/><SP WIDTH="22" VPOS="793" HPOS="158"/>
							<String ID="string_137" HPOS="180" VPOS="791" WIDTH="26" HEIGHT="20" WC="0.96" CONTENT="36"/><SP WIDTH="19" VPOS="791" HPOS="206"/>
							<String ID="string_138" HPOS="225" VPOS="791" WIDTH="79" HEIGHT="26" WC="0.96" CONTENT="elever,"/><SP WIDTH="16" VPOS="791" HPOS="304"/>
							<String ID="string_139" HPOS="320" VPOS="790" WIDTH="44" HEIGHT="21" WC="0.96" CONTENT="och"/><SP WIDTH="15" VPOS="790" HPOS="364"/>
							<String ID="string_140" HPOS="379" VPOS="789" WIDTH="38" HEIGHT="22" WC="0.96" CONTENT="det"/><SP WIDTH="15" VPOS="789" HPOS="417"/>
							<String ID="string_141" HPOS="432" VPOS="790" WIDTH="46" HEIGHT="21" WC="0.93" CONTENT="kan"/><SP WIDTH="15" VPOS="790" HPOS="478"/>
							<String ID="string_142" HPOS="493" VPOS="792" WIDTH="94" HEIGHT="25" WC="0.92" CONTENT="antagas"/><SP WIDTH="15" VPOS="792" HPOS="587"/>
							<String ID="string_143" HPOS="602" VPOS="792" WIDTH="32" HEIGHT="18" WC="0.96" CONTENT="att"/><SP WIDTH="15" VPOS="792" HPOS="634"/>
							<String ID="string_144" HPOS="649" VPOS="790" WIDTH="67" HEIGHT="26" WC="0.96" CONTENT="högst"/><SP WIDTH="14" VPOS="790" HPOS="716"/>
							<String ID="string_145" HPOS="730" VPOS="791" WIDTH="27" HEIGHT="19" WC="0.96" CONTENT="25"/><SP WIDTH="16" VPOS="791" HPOS="757"/>
							<String ID="string_146" HPOS="773" VPOS="789" WIDTH="85" HEIGHT="27" WC="0.96" CONTENT="årligen"/>
						</TextLine>
						<TextLine ID="line_19" HPOS="109" VPOS="823" WIDTH="752" HEIGHT="28">
							<String ID="string_147" HPOS="109" VPOS="824" WIDTH="151" HEIGHT="22" WC="0.92" CONTENT="utdimitteras"/><SP WIDTH="26" VPOS="824" HPOS="260"/>
							<String ID="string_148" HPOS="286" VPOS="831" WIDTH="50" HEIGHT="14" WC="0.94" CONTENT="som"/><SP WIDTH="22" VPOS="831" HPOS="336"/>
							<String ID="string_149" HPOS="358" VPOS="825" WIDTH="79" HEIGHT="26" WC="0.94" CONTENT="lärare,"/><SP WIDTH="23" VPOS="825" HPOS="437"/>
							<String ID="string_150" HPOS="460" VPOS="824" WIDTH="73" HEIGHT="21" WC="0.95" CONTENT="skulle"/><SP WIDTH="22" VPOS="824" HPOS="533"/>
							<String ID="string_151" HPOS="555" VPOS="823" WIDTH="97" HEIGHT="22" WC="0.96" CONTENT="sålunda"/><SP WIDTH="21" VPOS="823" HPOS="652"/>
							<String ID="string_152" HPOS="673" VPOS="824" WIDTH="50" HEIGHT="20" WC="0.96" CONTENT="från"/><SP WIDTH="20" VPOS="824" HPOS="723"/>
							<String ID="string_153" HPOS="743" VPOS="823" WIDTH="28" HEIGHT="22" WC="0.92" CONTENT="de"/><SP WIDTH="21" VPOS="823" HPOS="771"/>
							<String ID="string_154" HPOS="792" VPOS="823" WIDTH="69" HEIGHT="22" WC="0.92" CONTENT="finsk-"/>
						</TextLine>
						<TextLine ID="line_20" HPOS="110" VPOS="857" WIDTH="750" HEIGHT="29">
							<String ID="string_155" HPOS="110" VPOS="859" WIDTH="107" HEIGHT="27" WC="0.92" CONTENT="språkiga"/><SP WIDTH="22" VPOS="859" HPOS="217"/>
							<String ID="string_156" HPOS="239" VPOS="858" WIDTH="164" HEIGHT="21" WC="0.96" CONTENT="seminarierna"/><SP WIDTH="22" VPOS="858" HPOS="403"/>
							<String ID="string_157" HPOS="425" VPOS="858" WIDTH="85" HEIGHT="27" WC="0.96" CONTENT="årligen"/><SP WIDTH="23" VPOS="858" HPOS="510"/>
							<String ID="string_158" HPOS="533" VPOS="858" WIDTH="53" HEIGHT="27" WC="0.96" CONTENT="utgå"/><SP WIDTH="21" VPOS="858" HPOS="586"/>
							<String ID="string_159" HPOS="607" VPOS="859" WIDTH="40" HEIGHT="20" WC="0.96" CONTENT="150"/><SP WIDTH="22" VPOS="859" HPOS="647"/>
							<String ID="string_160" HPOS="669" VPOS="858" WIDTH="78" HEIGHT="20" WC="0.96" CONTENT="lärare."/><SP WIDTH="32" VPOS="858" HPOS="747"/>
							<String ID="string_161" HPOS="779" VPOS="857" WIDTH="81" HEIGHT="22" WC="0.85" CONTENT="Härtill"/>
						</TextLine>
						<TextLine ID="line_21" HPOS="109" VPOS="891" WIDTH="752" HEIGHT="29">
							<String ID="string_162" HPOS="109" VPOS="893" WIDTH="106" HEIGHT="21" WC="0.96" CONTENT="kommer"/><SP WIDTH="21" VPOS="893" HPOS="215"/>
							<String ID="string_163" HPOS="236" VPOS="892" WIDTH="135" HEIGHT="28" WC="0.94" CONTENT="ytterligare,"/><SP WIDTH="21" VPOS="892" HPOS="371"/>
							<String ID="string_164" HPOS="392" VPOS="894" WIDTH="33" HEIGHT="19" WC="0.96" CONTENT="att"/><SP WIDTH="20" VPOS="894" HPOS="425"/>
							<String ID="string_165" HPOS="445" VPOS="892" WIDTH="38" HEIGHT="21" WC="0.96" CONTENT="vid"/><SP WIDTH="20" VPOS="892" HPOS="483"/>
							<String ID="string_166" HPOS="503" VPOS="891" WIDTH="78" HEIGHT="28" WC="0.96" CONTENT="hvarje"/><SP WIDTH="14" VPOS="891" HPOS="581"/>
							<String ID="string_167" HPOS="595" VPOS="891" WIDTH="149" HEIGHT="21" WC="0.96" CONTENT="seminarium"/><SP WIDTH="16" VPOS="891" HPOS="744"/>
							<String ID="string_168" HPOS="760" VPOS="893" WIDTH="30" HEIGHT="19" WC="0.96" CONTENT="ett"/><SP WIDTH="15" VPOS="893" HPOS="790"/>
							<String ID="string_169" HPOS="805" VPOS="891" WIDTH="56" HEIGHT="22" WC="0.96" CONTENT="visst"/>
						</TextLine>
						<TextLine ID="line_22" HPOS="109" VPOS="925" WIDTH="752" HEIGHT="28">
							<String ID="string_170" HPOS="109" VPOS="927" WIDTH="62" HEIGHT="21" WC="0.93" CONTENT="antal"/><SP WIDTH="11" VPOS="927" HPOS="171"/>
							<String ID="string_171" HPOS="182" VPOS="927" WIDTH="164" HEIGHT="26" WC="0.92" CONTENT="auskultanter,"/><SP WIDTH="12" VPOS="927" HPOS="346"/>
							<String ID="string_172" HPOS="358" VPOS="926" WIDTH="115" HEIGHT="21" WC="0.96" CONTENT="studenter"/><SP WIDTH="11" VPOS="926" HPOS="473"/>
							<String ID="string_173" HPOS="484" VPOS="926" WIDTH="53" HEIGHT="21" WC="0.95" CONTENT="eller"/><SP WIDTH="12" VPOS="926" HPOS="537"/>
							<String ID="string_174" HPOS="549" VPOS="925" WIDTH="150" HEIGHT="27" WC="0.95" CONTENT="fruntimmer,"/><SP WIDTH="13" VPOS="925" HPOS="699"/>
							<String ID="string_175" HPOS="712" VPOS="932" WIDTH="49" HEIGHT="15" WC="0.93" CONTENT="som"/><SP WIDTH="9" VPOS="932" HPOS="761"/>
							<String ID="string_176" HPOS="770" VPOS="931" WIDTH="91" HEIGHT="21" WC="0.92" CONTENT="genom-"/>
						</TextLine>
						<TextLine ID="line_23" HPOS="110" VPOS="959" WIDTH="750" HEIGHT="29">
							<String ID="string_177" HPOS="110" VPOS="961" WIDTH="46" HEIGHT="27" WC="0.95" CONTENT="gått"/><SP WIDTH="22" VPOS="961" HPOS="156"/>
							<String ID="string_178" HPOS="178" VPOS="961" WIDTH="68" HEIGHT="27" WC="0.93" CONTENT="något"/><SP WIDTH="26" VPOS="961" HPOS="246"/>
							<String ID="string_179" HPOS="272" VPOS="960" WIDTH="273" HEIGHT="27" WC="0.91" CONTENT="fortbildningsläroverk,"/><SP WIDTH="27" VPOS="960" HPOS="545"/>
							<String ID="string_180" HPOS="572" VPOS="960" WIDTH="80" HEIGHT="21" WC="0.95" CONTENT="kunna"/><SP WIDTH="26" VPOS="960" HPOS="652"/>
							<String ID="string_181" HPOS="678" VPOS="959" WIDTH="71" HEIGHT="22" WC="0.95" CONTENT="vinna"/><SP WIDTH="23" VPOS="959" HPOS="749"/>
							<String ID="string_182" HPOS="772" VPOS="960" WIDTH="88" HEIGHT="21" WC="0.96" CONTENT="inträde"/>
						</TextLine>
						<TextLine ID="line_24" HPOS="110" VPOS="994" WIDTH="753" HEIGHT="28">
							<String ID="string_183" HPOS="110" VPOS="998" WIDTH="59" HEIGHT="19" WC="0.96" CONTENT="samt"/><SP WIDTH="15" VPOS="998" HPOS="169"/>
							<String ID="string_184" HPOS="184" VPOS="995" WIDTH="54" HEIGHT="22" WC="0.96" CONTENT="efter"/><SP WIDTH="15" VPOS="995" HPOS="238"/>
							<String ID="string_185" HPOS="253" VPOS="1002" WIDTH="29" HEIGHT="15" WC="0.96" CONTENT="en"/><SP WIDTH="15" VPOS="1002" HPOS="282"/>
							<String ID="string_186" HPOS="297" VPOS="995" WIDTH="90" HEIGHT="22" WC="0.96" CONTENT="kortare"/><SP WIDTH="13" VPOS="995" HPOS="387"/>
							<String ID="string_187" HPOS="400" VPOS="995" WIDTH="45" HEIGHT="21" WC="0.96" CONTENT="tids"/><SP WIDTH="13" VPOS="995" HPOS="445"/>
							<String ID="string_188" HPOS="458" VPOS="994" WIDTH="149" HEIGHT="22" WC="0.95" CONTENT="förberedelse"/><SP WIDTH="10" VPOS="994" HPOS="607"/>
							<String ID="string_189" HPOS="617" VPOS="995" WIDTH="44" HEIGHT="20" WC="0.96" CONTENT="och"/><SP WIDTH="14" VPOS="995" HPOS="661"/>
							<String ID="string_190" HPOS="675" VPOS="994" WIDTH="123" HEIGHT="27" WC="0.95" CONTENT="godkända"/><SP WIDTH="12" VPOS="994" HPOS="798"/>
							<String ID="string_191" HPOS="810" VPOS="995" WIDTH="53" HEIGHT="27" WC="0.95" CONTENT="prof"/>
						</TextLine>
						<TextLine ID="line_25" HPOS="110" VPOS="1028" WIDTH="662" HEIGHT="29">
							<String ID="string_192" HPOS="110" VPOS="1031" WIDTH="70" HEIGHT="21" WC="0.96" CONTENT="blifva"/><SP WIDTH="16" VPOS="1031" HPOS="180"/>
							<String ID="string_193" HPOS="196" VPOS="1030" WIDTH="137" HEIGHT="27" WC="0.96" CONTENT="berättigade"/><SP WIDTH="17" VPOS="1030" HPOS="333"/>
							<String ID="string_194" HPOS="350" VPOS="1032" WIDTH="31" HEIGHT="19" WC="0.96" CONTENT="att"/><SP WIDTH="15" VPOS="1032" HPOS="381"/>
							<String ID="string_195" HPOS="396" VPOS="1029" WIDTH="100" HEIGHT="22" WC="0.93" CONTENT="tillträda"/><SP WIDTH="15" VPOS="1029" HPOS="496"/>
							<String ID="string_196" HPOS="511" VPOS="1028" WIDTH="261" HEIGHT="28" WC="0.91" CONTENT="folkskoleläraretjenst."/>
						</TextLine>
					</TextBlock>
					<TextBlock ID="block_4" HPOS="109" VPOS="1063" WIDTH="752" HEIGHT="334">
						<TextLine ID="line_26" HPOS="179" VPOS="1063" WIDTH="682" HEIGHT="28">
							<String ID="string_197" HPOS="179" VPOS="1064" WIDTH="53" HEIGHT="21" WC="0.96" CONTENT="Man"/><SP WIDTH="16" VPOS="1064" HPOS="232"/>
							<String ID="string_198" HPOS="248" VPOS="1064" WIDTH="77" HEIGHT="20" WC="0.94" CONTENT="kunde"/><SP WIDTH="15" VPOS="1064" HPOS="325"/>
							<String ID="string_199" HPOS="340" VPOS="1063" WIDTH="141" HEIGHT="28" WC="0.94" CONTENT="följaktligen"/><SP WIDTH="16" VPOS="1063" HPOS="481"/>
							<String ID="string_200" HPOS="497" VPOS="1064" WIDTH="94" HEIGHT="20" WC="0.96" CONTENT="komma"/><SP WIDTH="15" VPOS="1064" HPOS="591"/>
							<String ID="string_201" HPOS="606" VPOS="1063" WIDTH="33" HEIGHT="21" WC="0.96" CONTENT="till"/><SP WIDTH="16" VPOS="1063" HPOS="639"/>
							<String ID="string_202" HPOS="655" VPOS="1063" WIDTH="44" HEIGHT="21" WC="0.96" CONTENT="den"/><SP WIDTH="17" VPOS="1063" HPOS="699"/>
							<String ID="string_203" HPOS="716" VPOS="1063" WIDTH="98" HEIGHT="26" WC="0.95" CONTENT="slutsats,"/><SP WIDTH="15" VPOS="1063" HPOS="814"/>
							<String ID="string_204" HPOS="829" VPOS="1065" WIDTH="32" HEIGHT="19" WC="0.96" CONTENT="att"/>
						</TextLine>
						<TextLine ID="line_27" HPOS="110" VPOS="1097" WIDTH="750" HEIGHT="27">
							<String ID="string_205" HPOS="110" VPOS="1099" WIDTH="25" HEIGHT="21" WC="0.96" CONTENT="så"/><SP WIDTH="16" VPOS="1099" HPOS="135"/>
							<String ID="string_206" HPOS="151" VPOS="1100" WIDTH="63" HEIGHT="20" WC="0.93" CONTENT="snart"/><SP WIDTH="14" VPOS="1100" HPOS="214"/>
							<String ID="string_207" HPOS="228" VPOS="1098" WIDTH="120" HEIGHT="21" WC="0.92" CONTENT="dimission"/><SP WIDTH="17" VPOS="1098" HPOS="348"/>
							<String ID="string_208" HPOS="365" VPOS="1098" WIDTH="49" HEIGHT="20" WC="0.96" CONTENT="från"/><SP WIDTH="16" VPOS="1098" HPOS="414"/>
							<String ID="string_209" HPOS="430" VPOS="1097" WIDTH="27" HEIGHT="21" WC="0.96" CONTENT="de"/><SP WIDTH="16" VPOS="1097" HPOS="457"/>
							<String ID="string_210" HPOS="473" VPOS="1104" WIDTH="45" HEIGHT="20" WC="0.96" CONTENT="nya"/><SP WIDTH="15" VPOS="1104" HPOS="518"/>
							<String ID="string_211" HPOS="533" VPOS="1097" WIDTH="163" HEIGHT="21" WC="0.96" CONTENT="seminarierna"/><SP WIDTH="16" VPOS="1097" HPOS="696"/>
							<String ID="string_212" HPOS="712" VPOS="1097" WIDTH="7" HEIGHT="21" WC="0.96" CONTENT="i"/><SP WIDTH="16" VPOS="1097" HPOS="719"/>
							<String ID="string_213" HPOS="735" VPOS="1097" WIDTH="125" HEIGHT="21" WC="0.95" CONTENT="Brahestad"/>
						</TextLine>
						<TextLine ID="line_28" HPOS="110" VPOS="1131" WIDTH="750" HEIGHT="28">
							<String ID="string_214" HPOS="110" VPOS="1133" WIDTH="43" HEIGHT="22" WC="0.96" CONTENT="och"/><SP WIDTH="16" VPOS="1133" HPOS="153"/>
							<String ID="string_215" HPOS="169" VPOS="1133" WIDTH="89" HEIGHT="21" WC="0.93" CONTENT="Raumo"/><SP WIDTH="15" VPOS="1133" HPOS="258"/>
							<String ID="string_216" HPOS="273" VPOS="1132" WIDTH="107" HEIGHT="27" WC="0.92" CONTENT="vidtager,"/><SP WIDTH="16" VPOS="1132" HPOS="380"/>
							<String ID="string_217" HPOS="396" VPOS="1132" WIDTH="67" HEIGHT="27" WC="0.96" CONTENT="ingen"/><SP WIDTH="16" VPOS="1132" HPOS="463"/>
							<String ID="string_218" HPOS="479" VPOS="1131" WIDTH="96" HEIGHT="28" WC="0.93" CONTENT="egentlig"/><SP WIDTH="14" VPOS="1131" HPOS="575"/>
							<String ID="string_219" HPOS="589" VPOS="1131" WIDTH="130" HEIGHT="22" WC="0.90" CONTENT="lärarebrist"/><SP WIDTH="15" VPOS="1131" HPOS="719"/>
							<String ID="string_220" HPOS="734" VPOS="1138" WIDTH="63" HEIGHT="15" WC="0.96" CONTENT="mera"/><SP WIDTH="9" VPOS="1138" HPOS="797"/>
							<String ID="string_221" HPOS="806" VPOS="1139" WIDTH="54" HEIGHT="14" WC="0.95" CONTENT="vore"/>
						</TextLine>
						<TextLine ID="line_29" HPOS="110" VPOS="1166" WIDTH="750" HEIGHT="27">
							<String ID="string_222" HPOS="110" VPOS="1170" WIDTH="32" HEIGHT="18" WC="0.95" CONTENT="att"/><SP WIDTH="22" VPOS="1170" HPOS="142"/>
							<String ID="string_223" HPOS="164" VPOS="1167" WIDTH="83" HEIGHT="21" WC="0.95" CONTENT="befara."/><SP WIDTH="39" VPOS="1167" HPOS="247"/>
							<String ID="string_224" HPOS="286" VPOS="1167" WIDTH="52" HEIGHT="20" WC="0.95" CONTENT="Men"/><SP WIDTH="23" VPOS="1167" HPOS="338"/>
							<String ID="string_225" HPOS="361" VPOS="1166" WIDTH="82" HEIGHT="21" WC="0.95" CONTENT="härvid"/><SP WIDTH="22" VPOS="1166" HPOS="443"/>
							<String ID="string_226" HPOS="465" VPOS="1166" WIDTH="42" HEIGHT="21" WC="0.93" CONTENT="bör"/><SP WIDTH="22" VPOS="1166" HPOS="507"/>
							<String ID="string_227" HPOS="529" VPOS="1166" WIDTH="167" HEIGHT="26" WC="0.92" CONTENT="ihågkommas,"/><SP WIDTH="23" VPOS="1166" HPOS="696"/>
							<String ID="string_228" HPOS="719" VPOS="1168" WIDTH="32" HEIGHT="19" WC="0.96" CONTENT="att"/><SP WIDTH="26" VPOS="1168" HPOS="751"/>
							<String ID="string_229" HPOS="777" VPOS="1166" WIDTH="83" HEIGHT="27" WC="0.96" CONTENT="många"/>
						</TextLine>
						<TextLine ID="line_30" HPOS="110" VPOS="1199" WIDTH="750" HEIGHT="27">
							<String ID="string_230" HPOS="110" VPOS="1202" WIDTH="138" HEIGHT="20" WC="0.96" CONTENT="kommuner"/><SP WIDTH="23" VPOS="1202" HPOS="248"/>
							<String ID="string_231" HPOS="271" VPOS="1201" WIDTH="73" HEIGHT="20" WC="0.95" CONTENT="under"/><SP WIDTH="23" VPOS="1201" HPOS="344"/>
							<String ID="string_232" HPOS="367" VPOS="1202" WIDTH="88" HEIGHT="19" WC="0.96" CONTENT="senaste"/><SP WIDTH="20" VPOS="1202" HPOS="455"/>
							<String ID="string_233" HPOS="475" VPOS="1200" WIDTH="25" HEIGHT="21" WC="0.96" CONTENT="år"/><SP WIDTH="15" VPOS="1200" HPOS="500"/>
							<String ID="string_234" HPOS="515" VPOS="1200" WIDTH="58" HEIGHT="21" WC="0.96" CONTENT="varit"/><SP WIDTH="14" VPOS="1200" HPOS="573"/>
							<String ID="string_235" HPOS="587" VPOS="1201" WIDTH="102" HEIGHT="25" WC="0.96" CONTENT="tvungna"/><SP WIDTH="15" VPOS="1201" HPOS="689"/>
							<String ID="string_236" HPOS="704" VPOS="1202" WIDTH="32" HEIGHT="18" WC="0.96" CONTENT="att"/><SP WIDTH="18" VPOS="1202" HPOS="736"/>
							<String ID="string_237" HPOS="754" VPOS="1199" WIDTH="106" HEIGHT="22" WC="0.96" CONTENT="använda"/>
						</TextLine>
						<TextLine ID="line_31" HPOS="109" VPOS="1233" WIDTH="751" HEIGHT="28">
							<String ID="string_238" HPOS="109" VPOS="1235" WIDTH="50" HEIGHT="21" WC="0.93" CONTENT="icke"/><SP WIDTH="23" VPOS="1235" HPOS="159"/>
							<String ID="string_239" HPOS="182" VPOS="1234" WIDTH="214" HEIGHT="27" WC="0.91" CONTENT="författningsenligt"/><SP WIDTH="21" VPOS="1234" HPOS="396"/>
							<String ID="string_240" HPOS="417" VPOS="1235" WIDTH="36" HEIGHT="20" WC="0.96" CONTENT="för"/><SP WIDTH="22" VPOS="1235" HPOS="453"/>
							<String ID="string_241" HPOS="475" VPOS="1234" WIDTH="34" HEIGHT="21" WC="0.93" CONTENT="sin"/><SP WIDTH="22" VPOS="1234" HPOS="509"/>
							<String ID="string_242" HPOS="531" VPOS="1234" WIDTH="68" HEIGHT="27" WC="0.92" CONTENT="tjenst"/><SP WIDTH="22" VPOS="1234" HPOS="599"/>
							<String ID="string_243" HPOS="621" VPOS="1233" WIDTH="134" HEIGHT="22" WC="0.96" CONTENT="förberedda"/><SP WIDTH="27" VPOS="1233" HPOS="755"/>
							<String ID="string_244" HPOS="782" VPOS="1234" WIDTH="78" HEIGHT="26" WC="0.70" CONTENT="lärare,"/>
						</TextLine>
						<TextLine ID="line_32" HPOS="109" VPOS="1268" WIDTH="751" HEIGHT="28">
							<String ID="string_245" HPOS="109" VPOS="1269" WIDTH="91" HEIGHT="21" WC="0.96" CONTENT="hvilkas"/><SP WIDTH="22" VPOS="1269" HPOS="200"/>
							<String ID="string_246" HPOS="222" VPOS="1269" WIDTH="90" HEIGHT="27" WC="0.96" CONTENT="platser,"/><SP WIDTH="19" VPOS="1269" HPOS="312"/>
							<String ID="string_247" HPOS="331" VPOS="1268" WIDTH="135" HEIGHT="28" WC="0.96" CONTENT="uppgående"/><SP WIDTH="18" VPOS="1268" HPOS="466"/>
							<String ID="string_248" HPOS="484" VPOS="1268" WIDTH="73" HEIGHT="21" WC="0.96" CONTENT="under"/><SP WIDTH="15" VPOS="1268" HPOS="557"/>
							<String ID="string_249" HPOS="572" VPOS="1270" WIDTH="88" HEIGHT="19" WC="0.96" CONTENT="senaste"/><SP WIDTH="15" VPOS="1270" HPOS="660"/>
							<String ID="string_250" HPOS="675" VPOS="1268" WIDTH="136" HEIGHT="21" WC="0.96" CONTENT="hösttermin"/><SP WIDTH="16" VPOS="1268" HPOS="811"/>
							<String ID="string_251" HPOS="827" VPOS="1268" WIDTH="33" HEIGHT="21" WC="0.96" CONTENT="till"/>
						</TextLine>
						<TextLine ID="line_33" HPOS="110" VPOS="1301" WIDTH="750" HEIGHT="28">
							<String ID="string_252" HPOS="110" VPOS="1306" WIDTH="30" HEIGHT="19" WC="0.95" CONTENT="ett"/><SP WIDTH="22" VPOS="1306" HPOS="140"/>
							<String ID="string_253" HPOS="162" VPOS="1303" WIDTH="62" HEIGHT="21" WC="0.96" CONTENT="antal"/><SP WIDTH="22" VPOS="1303" HPOS="224"/>
							<String ID="string_254" HPOS="246" VPOS="1303" WIDTH="26" HEIGHT="21" WC="0.96" CONTENT="af"/><SP WIDTH="19" VPOS="1303" HPOS="272"/>
							<String ID="string_255" HPOS="291" VPOS="1303" WIDTH="48" HEIGHT="26" WC="0.96" CONTENT="361,"/><SP WIDTH="20" VPOS="1303" HPOS="339"/>
							<String ID="string_256" HPOS="359" VPOS="1302" WIDTH="70" HEIGHT="21" WC="0.96" CONTENT="borde"/><SP WIDTH="16" VPOS="1302" HPOS="429"/>
							<String ID="string_257" HPOS="445" VPOS="1302" WIDTH="66" HEIGHT="27" WC="0.96" CONTENT="fyllas"/><SP WIDTH="16" VPOS="1302" HPOS="511"/>
							<String ID="string_258" HPOS="527" VPOS="1301" WIDTH="52" HEIGHT="22" WC="0.96" CONTENT="med"/><SP WIDTH="16" VPOS="1301" HPOS="579"/>
							<String ID="string_259" HPOS="595" VPOS="1302" WIDTH="93" HEIGHT="26" WC="0.96" CONTENT="sådana,"/><SP WIDTH="16" VPOS="1302" HPOS="688"/>
							<String ID="string_260" HPOS="704" VPOS="1308" WIDTH="50" HEIGHT="15" WC="0.93" CONTENT="som"/><SP WIDTH="16" VPOS="1308" HPOS="754"/>
							<String ID="string_261" HPOS="770" VPOS="1307" WIDTH="90" HEIGHT="22" WC="0.92" CONTENT="genom-"/>
						</TextLine>
						<TextLine ID="line_34" HPOS="110" VPOS="1336" WIDTH="750" HEIGHT="28">
							<String ID="string_262" HPOS="110" VPOS="1338" WIDTH="46" HEIGHT="26" WC="0.95" CONTENT="gått"/><SP WIDTH="22" VPOS="1338" HPOS="156"/>
							<String ID="string_263" HPOS="178" VPOS="1337" WIDTH="155" HEIGHT="26" WC="0.96" CONTENT="seminarium,"/><SP WIDTH="24" VPOS="1337" HPOS="333"/>
							<String ID="string_264" HPOS="357" VPOS="1337" WIDTH="118" HEIGHT="20" WC="0.96" CONTENT="äfvensom"/><SP WIDTH="25" VPOS="1337" HPOS="475"/>
							<String ID="string_265" HPOS="500" VPOS="1339" WIDTH="31" HEIGHT="18" WC="0.96" CONTENT="att"/><SP WIDTH="22" VPOS="1339" HPOS="531"/>
							<String ID="string_266" HPOS="553" VPOS="1336" WIDTH="52" HEIGHT="20" WC="0.96" CONTENT="hela"/><SP WIDTH="23" VPOS="1336" HPOS="605"/>
							<String ID="string_267" HPOS="628" VPOS="1337" WIDTH="85" HEIGHT="19" WC="0.93" CONTENT="antalet"/><SP WIDTH="14" VPOS="1337" HPOS="713"/>
							<String ID="string_268" HPOS="727" VPOS="1338" WIDTH="14" HEIGHT="18" WC="0.89" CONTENT="t."/><SP WIDTH="17" VPOS="1338" HPOS="741"/>
							<String ID="string_269" HPOS="758" VPOS="1336" WIDTH="14" HEIGHT="20" WC="0.93" CONTENT="f."/><SP WIDTH="16" VPOS="1336" HPOS="772"/>
							<String ID="string_270" HPOS="788" VPOS="1337" WIDTH="72" HEIGHT="19" WC="0.96" CONTENT="lärare"/>
						</TextLine>
						<TextLine ID="line_35" HPOS="109" VPOS="1369" WIDTH="372" HEIGHT="28">
							<String ID="string_271" HPOS="109" VPOS="1371" WIDTH="39" HEIGHT="21" WC="0.96" CONTENT="vid"/><SP WIDTH="16" VPOS="1371" HPOS="148"/>
							<String ID="string_272" HPOS="164" VPOS="1377" WIDTH="89" HEIGHT="15" WC="0.96" CONTENT="samma"/><SP WIDTH="14" VPOS="1377" HPOS="253"/>
							<String ID="string_273" HPOS="267" VPOS="1370" WIDTH="33" HEIGHT="21" WC="0.96" CONTENT="tid"/><SP WIDTH="17" VPOS="1370" HPOS="300"/>
							<String ID="string_274" HPOS="317" VPOS="1369" WIDTH="102" HEIGHT="28" WC="0.96" CONTENT="utgjorde"/><SP WIDTH="15" VPOS="1369" HPOS="419"/>
							<String ID="string_275" HPOS="434" VPOS="1370" WIDTH="47" HEIGHT="20" WC="0.96" CONTENT="410."/>
						</TextLine>
					</TextBlock>
					<TextBlock ID="block_5" HPOS="109" VPOS="1403" WIDTH="751" HEIGHT="64">
						<TextLine ID="line_36" HPOS="178" VPOS="1403" WIDTH="682" HEIGHT="27">
							<String ID="string_276" HPOS="178" VPOS="1404" WIDTH="52" HEIGHT="22" WC="0.93" CONTENT="Med"/><SP WIDTH="16" VPOS="1404" HPOS="230"/>
							<String ID="string_277" HPOS="246" VPOS="1403" WIDTH="83" HEIGHT="22" WC="0.92" CONTENT="fästadt"/><SP WIDTH="15" VPOS="1403" HPOS="329"/>
							<String ID="string_278" HPOS="344" VPOS="1403" WIDTH="106" HEIGHT="22" WC="0.93" CONTENT="afseende"/><SP WIDTH="15" VPOS="1403" HPOS="450"/>
							<String ID="string_279" HPOS="465" VPOS="1403" WIDTH="57" HEIGHT="22" WC="0.92" CONTENT="härå"/><SP WIDTH="15" VPOS="1403" HPOS="522"/>
							<String ID="string_280" HPOS="537" VPOS="1403" WIDTH="44" HEIGHT="22" WC="0.96" CONTENT="och"/><SP WIDTH="12" VPOS="1403" HPOS="581"/>
							<String ID="string_281" HPOS="593" VPOS="1403" WIDTH="30" HEIGHT="21" WC="0.96" CONTENT="då"/><SP WIDTH="9" VPOS="1403" HPOS="623"/>
							<String ID="string_282" HPOS="632" VPOS="1403" WIDTH="44" HEIGHT="21" WC="0.96" CONTENT="den"/><SP WIDTH="11" VPOS="1403" HPOS="676"/>
							<String ID="string_283" HPOS="687" VPOS="1410" WIDTH="32" HEIGHT="14" WC="0.96" CONTENT="nu"/><SP WIDTH="11" VPOS="1410" HPOS="719"/>
							<String ID="string_284" HPOS="730" VPOS="1403" WIDTH="130" HEIGHT="27" WC="0.96" CONTENT="föreslagna"/>
						</TextLine>
						<TextLine ID="line_37" HPOS="109" VPOS="1438" WIDTH="751" HEIGHT="29">
							<String ID="string_285" HPOS="109" VPOS="1439" WIDTH="164" HEIGHT="28" WC="0.93" CONTENT="författningen"/><SP WIDTH="17" VPOS="1439" HPOS="273"/>
							<String ID="string_286" HPOS="290" VPOS="1438" WIDTH="163" HEIGHT="27" WC="0.87" CONTENT="otvifvelaktigt"/><SP WIDTH="21" VPOS="1438" HPOS="453"/>
							<String ID="string_287" HPOS="474" VPOS="1439" WIDTH="104" HEIGHT="21" WC="0.95" CONTENT="kommer"/><SP WIDTH="21" VPOS="1439" HPOS="578"/>
							<String ID="string_288" HPOS="599" VPOS="1440" WIDTH="32" HEIGHT="19" WC="0.95" CONTENT="att"/><SP WIDTH="23" VPOS="1440" HPOS="631"/>
							<String ID="string_289" HPOS="654" VPOS="1438" WIDTH="60" HEIGHT="27" WC="0.95" CONTENT="gifva"/><SP WIDTH="22" VPOS="1438" HPOS="714"/>
							<String ID="string_290" HPOS="736" VPOS="1438" WIDTH="124" HEIGHT="27" WC="0.95" CONTENT="anledning"/>
						</TextLine>
					</TextBlock>
				</ComposedBlock>
			</PrintSpace>
		</Page>
	</Layout>
</alto>
