1050 1714
204 151 28 20 44
426 150 30 23 U.
471 151 28 22 B.
516 163 26 3 —
556 150 73 29 Prop.
647 151 42 23 N:o
704 152 38 22 10.

204 217 223 30 direktörsposterna
441 219 9 21 i
464 218 113 22 Finlands
599 218 74 27 Bank,
692 218 110 29 sjäffallet
816 218 44 22 och
875 218 82 22 oefter-

204 252 96 29 gifligen
314 252 42 22 hos
371 252 66 22 deras
452 252 150 23 innehafvare
617 252 125 23 förutsätta
754 260 30 14 en
793 252 51 22 klar
853 252 104 30 uppfatt-

204 286 57 30 ning
276 293 37 15 om
328 286 62 22 hvad
402 286 37 22 till
449 286 283 29 embetshemligheternas
745 287 92 22 område
848 287 41 22 bör
899 287 58 22 hän-

204 320 68 27 föras,
288 323 60 20 samt
362 321 80 22 hvilka
456 322 133 28 fordringar
599 321 43 23 och
650 322 156 28 förpliktelser
814 322 143 28 ställningen

204 355 221 30 öfverhufvudtaget
439 356 95 22 medför.
554 356 44 22 Att
613 356 50 22 åter
678 356 211 29 bankinspektören
898 356 58 29 möj-

203 390 64 28 ligen
282 390 92 22 komme
389 392 34 20 att
437 393 63 19 utses
515 391 37 21 till
567 390 103 22 direktör
680 391 9 21 i
698 391 79 28 någon
788 390 91 22 enskild
886 391 70 28 bank,

204 428 26 18 är
244 432 29 14 en
287 424 9 22 i
311 425 56 21 våra
376 424 137 22 inskränkta
525 424 161 23 förhållanden
697 425 25 21 så
733 424 73 22 sällan
816 425 140 22 inträffande

204 459 160 27 eventualitet,
379 461 35 20 att
429 458 132 24 densamma
575 460 38 21 väl
629 459 51 22 icke
696 459 41 22 bör
751 459 112 22 tillmätas
878 460 78 28 någon

204 493 126 29 afgörande
345 493 119 29 betydelse
478 494 41 21 vid
533 494 94 28 frågans
643 494 149 28 behandling.

271 528 47 22 För
338 528 117 23 vinnande
471 529 26 22 af
509 536 29 15 en
553 529 75 22 bättre
643 528 158 29 organisation
817 528 25 23 af
856 528 44 22 den
915 536 42 14 nu-

203 563 102 22 varande
316 563 195 23 bankkontrollen
523 571 66 15 anser
598 564 132 22 Utskottets
743 563 117 30 majoritet
866 563 90 29 nödigt,

204 600 35 20 att
252 599 41 21 vid
308 598 112 22 Senatens
435 598 222 30 Finansexpedition
670 598 196 29 föredragningen
876 598 27 22 af
910 598 47 22 alla

204 633 36 22 till
265 633 174 22 bankväsendet
463 633 102 22 hörande
591 633 101 22 ärenden
718 633 114 22 anförtros
859 641 29 14 en
912 633 44 22 och

204 675 86 14 samma
312 667 174 30 föredragande,
501 669 96 21 hvilken
615 668 89 28 jämväl
726 669 58 28 egde
805 671 103 26 mottaga
928 668 28 21 de

203 702 96 29 publika
314 702 127 22 ombudens
458 705 126 27 rapporter.
614 703 53 21 Med
683 703 108 21 afseende
806 703 56 21 härå
877 702 79 21 kunna

203 737 25 21 vi
242 737 52 22 icke
308 736 69 28 finna,
393 737 40 21 det
447 737 77 28 någon
539 744 55 15 vore
609 737 136 29 lämpligare
760 740 35 19 att
809 737 97 22 rörande
917 744 39 14 an-

203 771 73 28 tydda
298 771 101 22 ärenden
420 775 105 26 uppgöra
547 772 129 25 relationer,
693 772 197 29 framställningar
913 771 43 22 och

202 805 88 30 förslag
312 809 30 18 än
360 806 50 29 just
432 814 28 13 en
482 806 36 22 för
541 807 44 21 alla
609 806 86 22 banker
717 814 132 21 gemensam
864 806 92 29 inspek-

203 844 42 21 tör,
268 840 44 22 den
335 841 66 27 ende,
417 848 48 15 som
489 841 77 22 kunde
589 841 110 22 förskaffa
714 842 37 28 sig
771 849 29 14 en
815 841 51 22 klar
881 841 74 21 öfver-

204 875 62 22 blick
288 875 43 22 och
353 875 111 29 grundlig
486 875 130 22 erfarenhet
631 876 99 21 rörande
745 875 129 22 bankernas
893 875 63 21 ställ-

203 909 57 30 ning
270 909 44 22 och
328 910 155 27 värksamhet,
500 911 43 21 och
558 910 95 22 hvilken
669 910 112 29 därjämte
796 911 9 21 i
816 910 72 29 högre
898 909 58 30 grad

204 947 29 18 än
256 943 27 23 de
301 943 96 30 publika
411 945 120 21 ombuden
540 945 78 21 kunde
633 945 106 28 iakttaga
753 945 72 28 nödig
840 944 116 29 själfstän-

203 978 81 29 dighet
299 979 44 21 och
358 979 147 28 objektivitet
525 981 119 27 gentemot
662 979 124 22 bankerna.
815 979 141 22 Därutöfver

203 1020 54 14 vore
280 1012 212 30 bankinspektören
511 1021 48 14 mer
575 1017 29 18 än
619 1014 78 28 någon
712 1021 78 14 annan
804 1013 9 22 i
827 1013 129 29 besittning

203 1046 26 22 af
248 1047 46 21 alla
316 1046 194 30 förutsättningar
532 1048 36 22 för
586 1050 35 19 att
635 1048 79 21 kunna
730 1048 36 21 till
782 1048 96 21 allmänt
893 1055 63 21 gagn

203 1081 107 22 bearbeta
330 1082 39 21 det
384 1082 111 27 material,
511 1089 48 15 som
575 1082 124 28 föreligger
714 1082 9 21 i
739 1082 28 22 de
782 1082 174 22 bankväsendet

202 1115 126 22 berörande
336 1116 129 21 statistiska
473 1116 155 29 uppgifterna,
638 1116 119 22 äfvensom
766 1119 40 25 att,
815 1116 36 21 till
858 1116 98 22 fromma

202 1150 36 21 för
253 1150 186 22 bankinstituten
454 1150 9 22 i
477 1158 88 21 gemen,
581 1158 54 14 vare
651 1150 36 29 sig
702 1151 30 28 på
747 1151 102 28 begäran
864 1151 56 22 eller
932 1151 27 22 af

202 1187 53 25 eget
269 1184 103 22 initiativ
389 1184 76 22 uttala
483 1185 36 28 sig
534 1185 8 21 i
558 1185 146 28 bankfrågor.
735 1185 37 21 En
788 1184 167 30 föredragande

202 1218 40 22 vid
257 1219 77 28 någon
350 1218 27 22 af
390 1218 111 22 Senatens
517 1219 159 29 expeditioner
690 1220 92 21 komme
798 1220 103 22 däremot
914 1227 42 14 un-

202 1253 40 20 der
264 1253 45 21 alla
329 1253 162 21 förhållanden
507 1256 35 18 att
556 1254 110 20 förblifva
680 1254 144 20 främmande
838 1254 36 20 för
890 1254 65 21 dessa

200 1286 85 28 frågor.

269 1318 46 24 Vid
330 1320 84 22 sådant
428 1320 145 22 förhållande
589 1320 42 22 och
647 1321 52 21 med
714 1320 92 30 hänsyn
822 1321 84 28 därtill,
920 1324 36 19 att

201 1354 192 29 genomförandet
415 1356 26 21 af
460 1355 97 22 berörda
579 1355 87 29 förslag
684 1356 9 22 i
708 1356 173 29 propositionen
903 1356 52 22 icke

200 1389 75 22 skulle
290 1389 105 23 medföra
411 1390 79 28 någon
505 1390 88 30 ökning
609 1390 26 22 af
647 1390 193 30 statsutgifterna,
856 1391 98 23 likasom

201 1424 20 29 ej
243 1423 73 23 häller
340 1424 29 22 de
396 1424 105 22 enskilda
528 1425 124 28 bankerna,
667 1425 82 23 hvilka
774 1426 58 29 egde
854 1426 101 22 bestrida

200 1458 155 23 kostnaderna
377 1459 36 22 för
433 1460 163 29 inspektionen
611 1461 30 28 på
656 1461 122 22 enahanda
792 1463 48 20 sätt
854 1468 49 15 som
918 1462 37 21 för

268 1499 146 18 Bankutskottets
426 1499 111 19 betänkande
548 1500 37 18 N:o
598 1501 17 18 1.
