1031 1709
437 122 39 21 N:o
492 124 20 19 4.
809 123 13 21 5

95 187 80 28 kalkyl,
191 189 70 21 såsom
277 188 170 28 öfverloppsjord
462 190 81 21 återstå
559 190 41 22 den
615 190 109 27 betydliga
739 190 77 22 vidden
830 190 24 22 af

97 222 113 28 1,682,196
232 222 83 27 hektar,
339 223 52 22 eller
406 224 66 27 något
486 230 60 16 mera
562 226 27 20 än
606 224 80 27 1/>:del
702 224 23 22 af
739 224 49 22 hela
802 224 50 21 Fin-

95 256 62 21 lands
170 256 117 27 jordareal.

164 302 61 21 Efter
239 304 33 19 att
287 302 62 22 dessa
363 303 143 26 provisionela
522 302 137 28 afrösningar
674 303 97 21 slutförts
786 302 65 22 hafva

94 335 78 27 jemväl
196 335 207 22 ofvanomförmälda
418 336 23 22 af
455 336 121 22 Ständerna
590 336 95 28 begärda
699 336 39 22 och
755 336 24 22 af
791 336 61 22 Hans

95 369 119 28 Kejserliga
236 370 102 28 Majestät
361 370 123 22 anbefallda
506 371 140 22 ekonomiska
668 370 183 28 undersökningar

95 404 72 22 blifvit
189 404 130 22 verkställda
342 404 24 22 af
387 404 34 22 för
439 405 123 22 ändamålet
577 405 92 22 tillsatta
682 405 169 26 kommissioner,

95 438 116 22 bestående
234 438 24 22 af
278 442 33 18 tre
330 438 33 22 för
379 439 43 22 alla
437 439 163 28 ifrågavarande
616 440 91 21 socknar
721 442 131 24 gemensamt

96 472 23 22 af
141 472 93 22 Senaten
257 472 165 23 tillförordnade
446 474 98 27 ständiga
566 474 119 22 ledamöter
701 476 56 19 samt
771 475 33 20 tre
819 474 34 20 för

95 506 73 28 hvarje
183 507 80 22 socken
278 507 100 22 särskildt
394 508 23 21 af
428 508 141 27 jordegarene
584 508 72 27 valde,
673 508 6 21 i
693 507 105 28 jordbruk
808 508 44 21 för-

98 542 61 21 farne
174 543 55 25 män,
245 542 113 22 hvarutom
374 542 160 22 vederbörande
549 542 166 22 kronolänsmän
731 542 40 22 och
781 545 71 19 ortens

96 576 147 22 forstmästare
265 576 47 22 haft
333 576 33 28 sig
385 577 73 27 ålagdt
476 579 32 19 att
523 577 112 22 öfvervara
650 576 202 22 kommissionernas

96 612 173 20 sammanträden
291 613 56 19 samt
369 613 32 20 att
424 610 73 22 dervid
512 611 134 28 tillhandagå
660 610 193 22 kommissionerna

96 644 49 22 med
160 644 141 28 erforderliga
315 646 161 26 upplysningar.

166 690 75 23 Såsom
257 691 91 23 resultat
363 692 23 21 af
401 692 26 22 de
443 691 106 23 anställda
564 692 212 26 undersökningarna
791 691 40 21 har
845 691 7 21 i

98 725 122 22 hufvudsak
235 725 112 27 framgått:

165 768 33 20 att
213 766 93 22 åkrarna
323 766 3 22 i
340 766 118 26 Kuusamo,
472 767 125 27 Kuolajärvi
608 766 38 22 och
657 766 124 22 Kemiträsk
791 766 62 22 sock-

96 806 39 15 nar
157 800 118 22 merendels
298 802 87 26 utgöras
410 800 24 22 af
456 800 131 23 stenbunden
610 800 111 28 sandjord;
744 803 32 19 att
791 800 61 22 åker-

97 834 87 22 arealen
199 835 96 21 varierar
310 834 47 22 från
373 835 40 27 1/,
429 834 33 22 till
478 836 14 20 5
506 835 83 27 hektar,
610 835 2 21 i
628 835 111 21 Kuusamo
753 835 56 21 ända
819 834 34 21 till

98 869 11 20 7
129 868 78 22 hektar
221 875 38 21 per
274 869 111 27 hemman;
400 871 33 19 att
449 869 129 22 åkerbruket
593 870 7 21 i
615 869 124 22 Kemiträsk
754 871 25 19 är
795 875 58 15 mera

96 904 124 22 utveckladt
241 906 28 20 än
293 904 6 22 i
321 904 111 22 Kuusamo
456 905 38 21 och
516 904 135 28 Kuolajärvi;
672 906 32 20 att
719 904 72 27 rågen,
807 909 45 16 som

96 938 68 22 sällan
188 945 95 21 mognar,
305 939 61 21 odlas
388 939 83 21 mindre
494 941 26 19 än
535 939 54 21 korn
604 939 40 21 och
660 939 33 21 att
708 938 144 22 sädesafkast-

97 973 78 27 ningen
194 973 47 22 icke
257 979 37 16 ens
310 974 67 21 under
392 974 58 26 goda
464 973 25 22 år
503 975 25 19 är
543 972 116 28 tillräcklig
674 972 33 22 för
723 972 92 28 fyllande
831 972 24 22 af

97 1006 161 28 befolkningens
279 1008 67 22 behof
366 1007 23 21 af
409 1007 105 22 brödföda
538 1007 6 21 i
567 1007 69 27 någon
652 1006 25 22 af
689 1006 164 28 ifrågavarande

97 1042 98 27 socknar,
218 1042 87 22 hvartill
327 1042 97 22 kommer
446 1044 32 19 att
500 1042 62 22 äfven
580 1042 83 26 kornet,
679 1042 23 21 af
715 1041 89 27 farhåga
820 1041 30 21 för

97 1076 61 27 frost,
177 1077 98 27 vanligen
295 1077 90 21 skördas
405 1077 117 27 halfmoget
541 1077 34 21 för
590 1076 125 22 erhållande
730 1076 25 21 af
767 1076 86 25 utsäde;

167 1118 33 20 att
217 1118 97 26 ängarna
333 1116 7 22 i
355 1116 109 22 Kuusamo
481 1116 40 22 och
535 1116 126 27 Kuolajärvi
677 1118 38 19 äro
730 1115 24 22 af
767 1121 86 21 synner-

98 1150 58 28 ligen
179 1150 57 28 dålig
258 1151 154 26 beskaffenhet,
431 1152 3 20 i
449 1151 123 27 Kuolajärvi
588 1150 54 22 dock
658 1150 67 28 något
739 1150 72 22 bättre
826 1152 26 20 än

98 1185 7 21 i
120 1185 116 26 Kuusamo,
253 1186 39 21 och
307 1186 170 26 ängsmarkerna
492 1185 143 27 otillräckliga
650 1187 55 19 samt
719 1185 8 21 i
737 1184 116 22 allmänhet

98 1218 152 28 kringspridda
272 1219 38 21 och
331 1219 61 28 långt
406 1218 102 28 aflägsna,
524 1219 98 22 stundom
639 1219 56 21 ända
710 1218 33 22 till
757 1220 28 20 40
800 1218 53 22 kilo-

99 1256 70 19 meter
192 1252 46 23 från
262 1253 148 27 bolstäderna;
425 1254 112 21 hvaremot
553 1255 94 25 ängarna
661 1254 8 20 i
684 1253 123 21 Kemiträsk
823 1252 31 22 öf-

98 1287 179 27 verhufvudtaget
299 1289 37 19 äro
359 1288 61 26 goda.
450 1288 11 20 I
482 1287 101 22 medeltal
606 1288 40 20 äro
665 1289 93 25 ängarna
777 1287 6 21 i
801 1288 25 20 10
842 1286 13 22 å

99 1322 33 26 30,
155 1322 71 26 någon
249 1322 56 26 gång
327 1321 7 21 i
349 1323 28 20 50
394 1322 13 20 å
422 1322 28 20 80
465 1322 77 21 skiften
557 1328 39 20 per
610 1321 109 25 hemman;
735 1321 40 21 och
791 1320 63 22 hafva

98 1357 24 19 så
141 1356 34 20 väl
193 1356 95 26 ängarna
304 1360 45 16 som
365 1354 226 27 rödjningsmarkerna
606 1354 35 21 vid
657 1354 39 21 den
711 1354 143 26 provisionela

99 1389 136 28 afrösningen
251 1389 34 22 till
301 1390 46 20 stor
363 1389 33 21 del
412 1388 56 22 fallit
483 1390 57 20 inom
556 1388 153 27 kronojorden;
