1034 1709
241 140 27 19 20
410 137 82 23 Ständ.
508 137 38 23 Sv.
560 150 29 3 —
603 138 74 26 Prop.
691 138 42 22 N:o
748 138 21 21 2.

213 203 78 28 dighet
305 204 36 19 må
357 202 50 25 den,
423 210 48 13 som
491 202 73 26 sökes,
580 202 126 28 muntligen
721 205 116 22 stämmas;
853 202 43 21 och
911 208 53 14 vare

214 237 28 21 då
257 237 38 28 lag
311 244 90 18 samma,
417 243 48 15 som
481 244 36 14 om
533 236 99 28 skriftlig
646 236 114 28 stämning
775 236 66 28 sagdt
857 239 32 22 är;
907 235 57 21 dock

214 274 33 19 att
262 271 50 26 den,
329 278 49 15 som
392 270 126 29 muntligen
533 274 104 19 stämmes
651 270 35 22 till
700 270 138 29 häradsting,
854 270 19 29 ej
885 272 36 20 må
931 269 33 22 till

213 306 48 21 viss
276 306 45 28 dag
335 305 26 22 af
373 305 72 29 tinget
460 305 77 26 kallas,
554 305 92 22 såframt
661 305 20 28 ej
698 305 51 26 den,
765 313 48 14 som
828 307 93 20 stämma
935 305 29 21 lå-

214 343 41 22 ter,
272 339 74 22 dertill
360 340 42 21 hos
418 339 108 22 domaren
540 339 106 22 utverkat
660 339 107 22 tillstånd.

562 406 14 19 4
591 404 21 28 8.

281 444 125 21 Käranden
428 451 53 15 vare
505 444 91 29 skyldig
615 447 32 18 att
661 444 46 21 låta
722 444 127 21 svaranden
863 443 23 22 få
901 446 65 19 stäm-

212 479 57 28 ning
291 478 86 29 fjorton
400 479 69 28 dagar
491 479 68 25 förut,
583 479 40 21 der
640 479 46 20 han
700 478 62 21 inom
777 478 124 28 domsagan
915 478 50 25 bor;

214 516 63 19 utom
300 513 124 28 domsagan
445 513 53 22 eller
513 513 8 21 i
536 520 75 15 annan
630 513 56 26 stad,
701 515 35 20 tre
751 513 93 25 veckor;
859 515 64 18 utom
937 512 29 21 lä-

212 550 45 22 net,
280 547 52 28 fyra
353 547 94 26 veckor;
462 547 8 21 i
485 547 73 28 tredje
579 547 54 21 eller
654 547 73 28 fjerde
746 547 61 21 länet
821 547 53 21 eller
888 547 78 28 längre

214 582 59 25 bort,
289 589 39 14 sex
343 582 89 21 veckor.
458 576 33 27 Är
507 582 50 25 den,
574 589 48 14 som
638 584 105 19 stämmas
759 581 62 26 skall,
836 584 64 19 utom
914 581 52 21 Fin-

214 616 61 26 land,
290 623 53 14 men
357 616 61 21 inom
433 616 98 28 Europa,
547 616 69 21 hafve
630 618 34 19 tre
679 615 119 22 månaders
813 615 34 22 tid
859 615 60 22 ifrån
929 615 38 22 det

215 651 46 21 han
276 650 143 29 stämningen
433 650 54 27 fick;
504 654 24 18 är
543 651 45 21 han
602 653 64 19 utom
680 651 99 28 Europa,
794 650 69 21 hafve
875 657 38 14 sex
923 651 44 20 må-

212 685 83 21 naders
314 685 164 28 stämningstid.
502 685 46 21 Der
564 685 113 28 stämning
692 685 51 21 sker
758 692 82 21 genom
855 684 112 28 offentligt

214 719 79 28 anslag
308 721 13 19 å
334 722 85 19 rättens
442 719 59 26 dörr,
520 719 57 22 skall
591 722 35 19 tre
640 719 118 21 månaders
774 719 44 28 dag
833 718 134 29 föreläggas,

214 761 37 14 om
266 761 75 14 annan
355 753 34 22 tid
404 753 19 28 ej
441 753 105 22 särskildt
562 753 95 28 stadgad
672 756 30 18 är.
719 748 11 38 I
747 753 45 25 fall,
804 753 38 21 der
854 752 113 29 stämning

216 788 89 21 fordrar
319 788 78 27 längre
413 788 34 21 tid
461 791 29 18 än
505 795 36 14 om
556 787 92 28 lysning
662 787 35 22 till
711 787 50 28 ting
776 787 96 28 stadgad
887 789 31 23 är,
931 789 36 19 må

215 822 45 21 den
278 821 111 22 svarande
407 824 106 19 stämmas
529 821 33 22 till
577 821 57 21 visst
648 821 57 28 ting,
721 821 43 21 och
779 821 130 21 underrätte
922 821 45 20 han

216 856 36 29 sig
267 856 70 23 sedan
352 856 53 29 sjelf
418 858 12 20 å
445 856 61 22 hvad
522 856 44 29 dag
580 856 74 29 tinget
667 856 71 22 hållas
754 856 62 21 skall.

568 926 48 28 78.

283 966 105 29 Skriftlig
406 966 114 29 stämning
541 966 41 21 bör
597 965 8 22 i
620 965 158 22 hufvudskrift
793 965 111 28 delgifvas
919 971 49 15 sva-

214 1001 88 22 randen
316 1001 24 21 af
353 1003 39 19 tvä
414 1001 130 28 trovärdige
564 1003 59 23 män,
642 1000 53 22 eller
713 1000 24 21 af
754 1008 35 17 en,
805 1000 39 21 der
859 999 46 22 han
920 1006 48 14 sva-

217 1035 98 22 randens
338 1035 113 28 skriftliga
472 1035 65 22 bevis
559 1035 53 21 derä
632 1035 23 21 fä
676 1035 55 25 kan;
752 1035 43 21 och
810 1034 69 21 varde
894 1033 74 28 styrkt

218 1070 91 21 afskrift
328 1069 25 22 af
365 1069 143 29 stämningen
523 1069 71 22 tillika
609 1071 23 19 åt
646 1069 84 21 honom
744 1067 95 23 lemnad.
870 1067 99 28 Muntlig

218 1103 114 29 stämning
353 1104 42 21 bör
417 1104 39 21 ske
479 1111 82 21 genom
583 1103 179 28 stämningsman
776 1102 51 21 med
842 1101 127 28 trovärdigt

215 1138 80 21 vittne.
325 1132 34 27 Är
375 1137 50 26 den,
441 1145 48 14 som
505 1140 105 19 stämmas
626 1137 63 26 skall,
704 1136 20 29 ej
740 1137 88 21 hemma
832 1132 13 37 i
865 1136 38 21 sitt
917 1136 51 24 hus,

218 1173 29 20 dä
268 1174 36 19 mä
318 1173 46 20 han
379 1175 104 18 stämmas
499 1172 69 21 ehvar
582 1172 46 20 han
642 1171 79 22 finnes.
752 1171 11 21 I
777 1171 74 28 kyrka
865 1172 37 20 mä
916 1177 53 14 man

216 1207 21 28 ej
254 1209 112 23 stämmas,
381 1214 52 14 men
447 1207 38 21 väl
500 1208 13 19 ä
527 1206 126 29 kyrkovall.

284 1241 49 20 Har
355 1242 77 27 någon
447 1242 13 19 &
475 1240 109 22 särskilda
607 1240 70 28 dagar
698 1239 76 22 blifvit
789 1239 8 21 i
811 1239 40 22 sitt
872 1238 97 22 hemvist

218 1274 52 21 med
285 1274 114 29 stämning
414 1274 57 25 sökt,
489 1277 56 18 utan
560 1276 32 19 att
606 1273 46 21 han
667 1273 53 22 eller
736 1273 85 22 ombud
835 1273 36 21 för
885 1273 84 21 honom

218 1309 89 21 kunnat
321 1307 84 27 träffas,
421 1308 42 21 och
474 1308 40 21 har
525 1307 19 30 ej
559 1307 69 22 heller
638 1307 24 21 af
671 1307 57 22 hans
738 1307 93 22 husfolk
841 1307 54 21 eller
904 1314 65 21 gran-

217 1351 48 18 nar,
280 1343 53 26 eller
349 1342 39 22 der
403 1342 46 22 han
463 1342 40 22 har
518 1342 70 29 tjenst
603 1342 53 21 eller
671 1341 87 30 näring,
775 1342 64 21 säker
849 1341 120 28 anvisning

219 1378 88 21 kunnat
321 1377 88 26 vinnas,
424 1377 56 22 hvar
495 1377 45 21 han
556 1377 52 22 eller
622 1376 84 22 ombud
716 1376 35 22 för
761 1377 85 21 honom
855 1375 36 30 sig
900 1383 69 21 uppe-

219 1411 77 27 håller,
318 1411 69 22 varde
411 1411 34 26 dä,
460 1411 9 21 i
483 1411 41 22 fall
543 1411 25 22 af
581 1410 222 30 omständigheterna
817 1413 93 26 antagas
925 1410 45 22 kan

218 1450 33 19 att
265 1448 45 20 han
325 1446 70 22 häller
413 1446 35 29 sig
463 1446 84 26 undan,
563 1446 42 22 och
620 1446 38 21 det
673 1446 20 28 ej
710 1449 25 18 är
750 1446 111 28 veterligt,
877 1448 33 19 att
925 1445 45 22 han
