1045 1711
220 143 28 18 32
413 140 27 22 U.
457 140 25 22 B.
497 153 30 3 —
543 141 73 27 Prop.
632 140 44 22 N:o
692 140 23 22 2.

188 211 8 21 i
220 211 53 26 mäl,
297 219 49 14 som
369 211 120 28 handlagts
513 212 26 21 af
559 211 171 22 underdomstol
745 213 29 27 pä
789 211 84 25 landet,
890 211 45 20 kan

187 247 65 28 gifva
275 247 123 28 anledning
421 247 35 20 till
480 247 128 29 längvarigt
632 247 42 20 och
696 246 36 23 för
752 246 183 29 rättskipningen

189 282 96 29 menligt
308 282 115 28 dröjsmäl,
447 282 95 22 likasom
567 283 42 21 ock
624 284 34 19 att
674 285 100 25 utvägen
790 285 33 18 att
839 281 96 21 medelst

187 320 36 18 ett
253 318 36 21 till
310 318 116 21 hofrätten
452 317 125 22 inlemnadt
602 318 153 28 vittnesintyg
780 317 95 22 utverka
902 319 32 19 ett

189 353 57 22 måls
270 353 110 28 förnyade
404 354 146 28 upptagande
573 353 39 21 vid
635 353 119 22 underrätt
777 353 36 21 för
833 360 28 14 en
876 356 58 25 part,

189 389 67 21 hvars
272 389 58 21 enda
345 389 95 21 intresse
457 389 25 21 af
495 390 149 26 rättegängen
660 391 24 19 är
700 391 33 19 ett
744 388 117 28 möjligast
870 388 65 28 längt

187 423 105 29 uppskof
309 424 51 21 med
377 424 50 21 dess
444 423 129 29 afgörande,
590 424 6 20 i
612 423 46 29 hög
674 424 55 28 grad
745 423 141 22 underlättar
902 431 32 14 er-

187 460 99 21 näendet
301 459 26 22 af
340 459 63 21 detta
419 459 112 28 syftemäl.

259 496 72 21 Dessa
354 495 213 22 missförhällanden
591 495 59 21 afsor
673 495 44 21 den
735 495 83 28 nädiga
833 495 101 29 proposi-

187 531 79 22 tionen
290 533 33 19 att
347 530 109 30 afhjelpa.
488 532 11 20 I
523 531 80 22 sådant
626 531 61 28 syfte
711 531 40 21 har
772 531 139 22 förfarandet
927 531 7 21 i

185 567 142 22 besvärsmäl
355 568 91 20 ordnats
476 568 7 20 i
509 567 163 28 hufvudsaklig
698 567 236 21 öfverensstämmelse

189 603 51 21 med
255 603 61 21 hvad
331 603 7 21 i
354 604 80 20 sädant
449 603 106 21 afseende
571 603 71 28 gäller
657 610 37 14 om
709 602 97 28 vädjade
822 603 53 25 mäl,
887 602 47 22 der-

188 638 39 22 vid
248 639 58 21 dock
330 640 13 19 &
366 639 69 21 andra
460 639 64 21 sidan
548 646 28 13 en
599 639 37 21 del
660 638 141 22 föreskrifter
817 638 117 28 angående

188 674 133 22 vadetalans
344 674 145 28 fullföljande
510 674 132 26 förenklats,
658 674 147 28 hvarigenom
821 674 113 22 öfverens-

188 710 130 21 stämmelse
334 711 6 20 i
357 710 132 22 hufvudsak
505 712 85 20 ernätts
607 710 83 21 mellan
706 710 139 21 förfarandet
860 710 74 21 ibäda

190 746 65 22 dessa
278 746 60 22 olika
361 746 49 29 slag
434 746 25 21 af
472 746 52 26 mäl,
540 748 56 19 utan
612 748 34 19 att
662 746 58 21 dock
736 746 198 28 bestämningarna

188 782 116 28 angäende
328 782 136 28 erläggande
488 782 26 21 af
533 782 45 22 vad
601 782 7 20 i
632 781 115 22 tvistemäl
763 782 42 21 och
821 789 36 14 om
874 781 60 21 olika

188 817 139 29 fataljetider
355 818 36 22 för
419 818 100 21 besvärs-
543 818 42 22 och
607 817 104 22 vademäl
734 820 58 19 samt
818 817 116 29 angående

187 854 61 21 hvad
268 854 90 22 bötfäld
373 861 83 22 person
472 854 7 21 i
494 854 108 21 brottmäl
618 854 35 21 för
668 853 127 22 bevarande
812 853 25 22 af
850 853 35 21 sin
900 855 32 19 ta-

187 889 38 22 lan
241 890 57 21 skall
313 890 103 28 iakttaga
432 889 122 30 undergätt
569 891 76 26 någon
660 889 139 29 förändring.

258 925 83 23 Vidare
356 925 126 22 innehåller
497 925 155 29 lagförslaget,
664 925 35 21 till
714 925 183 22 förekommande
909 925 25 21 af

188 961 183 29 återförvisning,
394 961 141 28 stadganden
560 961 76 22 derom
660 963 34 19 att
709 961 64 22 bevis
792 961 34 21 får
842 961 26 21 af
880 963 52 26 part

187 997 127 22 föreställas
336 997 61 22 inför
420 997 87 22 hofrätt
529 997 62 26 eller,
615 997 40 21 der
679 997 81 21 sådant
773 997 73 21 finnes
861 997 71 28 lämp-

186 1031 78 29 ligare,
288 1033 39 21 vid
350 1033 44 21 den
418 1033 104 26 domstol,
547 1040 48 13 som
613 1032 7 21 i
637 1032 70 21 saken
723 1033 64 20 dömt
803 1032 61 25 eller,
880 1033 7 20 i
904 1033 26 20 de

186 1069 35 20 uti
243 1069 28 21 R.
287 1069 27 21 B.
340 1071 33 18 17:
398 1070 14 19 4
428 1069 135 21 omnämnda
578 1068 47 24 fall,
641 1068 60 21 inför
716 1075 75 14 annan
806 1068 124 27 underrätt,

186 1107 56 18 utan
267 1107 34 19 att
317 1104 176 29 äterförvisning
508 1104 110 21 behöfver
633 1111 41 21 ega
690 1111 57 18 rum,
763 1103 118 22 äfvensom
896 1106 34 19 att

184 1142 54 26 part
253 1142 29 26 pä
298 1140 106 21 anhällan
420 1140 61 25 eller,
498 1147 36 14 om
549 1139 116 21 hofrätten
680 1139 67 29 eljest
761 1139 74 21 finner
850 1140 80 21 sädant

186 1176 88 28 nödigt,
290 1176 45 21 kan
350 1175 60 22 inför
425 1175 117 22 hofrätten
557 1174 127 29 muntligen
698 1176 73 20 höras.

256 1206 106 33 Önskligt
384 1211 58 21 hade
465 1210 134 28 visserligen
621 1211 59 21 varit
703 1212 33 20 att
759 1210 8 21 i
782 1210 148 28 lagförslaget

186 1248 75 26 ingätt
276 1247 145 26 bestämning
437 1253 36 13 om
489 1245 161 27 upphäfvande
666 1246 26 20 af
705 1246 28 20 de
749 1245 128 21 föräldrade
888 1246 42 19 och

186 1282 64 21 öfver
273 1280 86 22 höfvan
382 1280 145 28 betungande
551 1280 170 21 föreskrifterna
738 1280 115 27 angående
870 1280 60 27 skyl-

186 1317 78 27 dighet
280 1316 35 21 för
331 1316 51 26 den,
399 1323 48 14 som
462 1315 7 21 i
486 1315 108 22 brottmål
608 1314 77 22 blifvit
700 1314 48 22 fäld
764 1314 36 22 till
810 1314 72 26 böter,
895 1317 35 19 att

184 1353 40 21 vid
239 1352 209 28 ändringssökande
464 1352 104 20 nedsätta
584 1351 94 21 böterna
694 1350 54 22 eller
764 1350 35 22 för
815 1351 113 21 desamma

186 1388 65 22 ställa
267 1388 86 28 borgen
369 1388 55 20 eller
439 1387 79 29 styrka
534 1386 35 22 sin
585 1386 172 29 oförmögenhet
773 1386 81 22 dertill.
876 1386 53 22 Men

184 1425 96 21 emedan
295 1423 172 30 upphäfvandet
483 1423 26 21 af
522 1423 65 22 dessa
602 1422 169 29 bestämningar
790 1424 85 20 ansetts
892 1424 36 27 pä-

256 1473 135 22 Laguiskottets
405 1471 116 19 betänkande
534 1473 36 16 N:o
583 1473 16 16 5.
