1042 1706
437 129 44 22 N:o
493 129 19 21 6.
798 128 25 21 19

169 192 64 26 Öfver
256 197 91 22 sålunda
369 197 118 23 verkstäldt
510 198 32 20 val
562 196 23 23 af
598 197 132 27 fullmäktige
746 196 40 22 och
802 203 49 21 sup-

100 231 96 26 pleanter
212 231 21 21 få
248 232 75 20 besvär
339 232 18 26 ej
373 232 101 21 särskildt
489 232 90 21 anföras.

451 300 26 20 43
493 299 18 27 $.

169 338 113 27 Angående
297 339 36 21 val
350 339 23 21 af
387 339 133 27 fullmäktige
536 339 39 21 och
590 339 138 27 suppleanter
738 339 40 21 bör
788 340 64 20 stäm-

100 379 60 15 mans
177 372 128 23 ordförande
322 374 7 20 i
345 374 41 21 den
401 373 108 27 kommun,
525 374 55 21 inom
596 374 63 20 hvars
670 373 88 21 område
768 379 84 21 gemen-

100 413 46 15 sam
170 409 91 20 stämma
284 408 55 21 skall
362 408 75 25 hållas,
453 408 6 21 i
475 408 41 27 god
531 408 31 21 tid
577 408 137 21 underrättas
729 414 76 20 genom
821 411 32 17 ut-

100 441 53 27 drag
171 447 25 16 ur
215 441 140 26 protokollen,
371 441 62 22 förda
448 441 35 22 vid
499 441 25 22 de
540 441 107 22 särskilda
662 441 190 22 kommunalstäm-

101 481 82 20 morna;
207 475 39 22 och
268 476 57 26 gälle
349 476 63 21 dessa
431 475 196 27 protokollsutdrag
642 477 71 20 såsom
729 475 124 22 fullmakter

100 509 34 22 för
149 509 26 22 de
190 509 88 22 sålunda
293 510 60 21 valde
364 512 32 19 att
407 511 6 20 i
425 510 39 21 den
475 516 157 21 gemensamma
643 512 107 19 stämman
762 510 90 26 deltaga.

451 579 28 20 44
494 579 17 27 8.

170 617 83 22 Uteblir
275 617 121 27 fullmäktig
419 618 52 21 eller
494 618 93 21 inkallad
610 619 114 26 suppleant
739 621 50 19 utan
805 619 49 26 laga

100 651 71 22 förfall
186 651 47 22 från
248 658 123 20 gemensam
387 652 220 26 kommunalstämma,
618 652 68 27 plikte
697 652 77 27 fyratio
785 653 67 21 mark.

169 686 44 27 Lag
236 693 81 14 samma
340 692 57 21 vare,
421 687 36 21 der
478 687 120 27 fullmäktig
613 686 47 22 icke
675 687 65 26 gitter
755 687 50 25 visa,
822 690 32 18 att

101 721 42 21 han
166 720 34 21 vid
223 720 113 22 inträffadt
360 721 49 27 laga
431 721 71 22 förfall
521 722 7 21 i
546 721 30 21 tid
593 721 33 22 till
642 723 106 20 stämman
764 721 90 22 inkallat

101 755 120 27 suppleant.

169 789 99 21 Nämnda
283 789 64 26 viten,
364 795 46 15 som
425 789 98 22 utdömas
534 789 24 22 af
566 791 104 20 stämman
681 790 7 21 i
699 790 41 21 den
751 790 100 21 kommun

102 824 40 21 den
159 824 122 27 försumlige
297 824 48 21 bort
360 823 113 28 företräda,
489 825 60 21 skola
563 824 87 22 tillfalla
662 824 68 22 denna
741 825 112 21 kommuns

101 858 108 22 allmänna
224 858 72 22 kassa.

451 906 26 21 45
494 905 18 28 8.

170 944 125 22 Gemensam
319 947 92 19 stämma
433 947 24 19 är
480 945 110 27 beslutför,
606 944 28 22 dä
650 944 64 22 minst
729 947 33 19 tre
777 944 77 27 fjerde-

102 979 58 21 delar
176 978 23 22 af
213 979 72 21 dertill
301 979 90 21 utsedde
407 978 144 28 fullmäktiges
566 979 59 21 antal
639 979 91 21 kommit
740 979 114 21 tillstädes.

171 1013 69 22 Sådan
263 1015 90 19 stämma
377 1016 81 24 öppnas
474 1013 24 22 af
511 1015 117 20 stämmans
646 1013 130 22 ordförande
792 1013 6 21 i
814 1013 40 21 den

102 1048 107 25 kommun,
232 1048 57 21 inom
311 1048 64 21 hvars
398 1048 87 22 område
509 1048 39 22 den
570 1054 159 21 gemensamma
748 1050 104 20 stämman

101 1082 68 22 hålles
192 1082 39 22 och
253 1082 56 22 föres
333 1082 71 21 dervid
425 1080 61 24 ordet
501 1082 39 22 och
555 1082 58 22 ledas
628 1082 188 28 förhandlingarna
833 1082 23 22 af

102 1118 48 25 den,
166 1116 83 22 hvilken
265 1116 132 28 fullmäktige
413 1117 32 26 sig
461 1117 89 21 emellan
566 1116 72 22 dertill
653 1119 55 19 utse.

171 1151 138 27 Omröstning
323 1151 54 21 skall
393 1153 64 25 öppet
472 1152 107 26 anställas,
596 1151 39 22 och
650 1158 37 20 ege
698 1152 73 20 dervid
782 1151 73 27 hvarje

102 1186 123 26 fullmäktig
239 1192 26 14 en
281 1187 55 24 röst;
351 1186 34 20 vid
401 1186 34 20 val
451 1191 48 17 vare
515 1186 133 26 omröstning
663 1186 48 21 med
726 1186 73 21 slutna
808 1186 47 21 sed-

102 1220 32 22 lar
150 1220 89 21 tillåten.
264 1219 94 22 Utfaller
373 1220 112 22 röstetalet
500 1220 32 22 för
548 1220 58 22 olika
616 1220 110 27 meningar
736 1220 52 26 lika,
799 1220 57 27 gälle

102 1256 70 20 såsom
188 1254 69 22 beslut
273 1255 41 21 den
329 1254 84 27 mening
428 1254 140 22 ordföranden
584 1254 86 26 biträdt,
688 1257 58 19 utom
762 1254 35 21 vid
812 1254 42 27 val,

103 1290 37 21 der
155 1289 93 26 lottning
263 1288 62 28 skilje
341 1288 91 22 emellan
448 1288 43 22 lika
507 1289 94 21 röstetal.

452 1357 27 20 46
495 1357 18 27 5.

172 1396 133 22 Protokollet
321 1395 35 23 vid
371 1401 123 21 gemensam
510 1398 90 19 stämma
610 1395 57 22 föres
678 1396 23 20 af
710 1394 144 23 ordföranden

104 1431 51 22 eller
177 1430 66 22 under
266 1431 53 20 hans
342 1430 72 27 tillsyn
437 1429 23 22 af
481 1430 40 21 den
541 1430 42 21 han
598 1430 72 21 dertill
685 1432 59 19 utser
761 1430 39 21 och
816 1430 40 21 bör
