1036 1709
332 132 28 22 U.
375 132 26 22 B.
417 146 28 2 —
461 134 73 26 Prop.
549 133 45 22 N:o
609 133 23 22 5.
843 134 12 19 3

406 235 153 27 Förordning
574 235 123 27 angäende
713 235 121 27 frivilliga

549 269 138 22 auktioner.

559 343 52 32 18.

381 401 102 29 Enhvar,
502 401 11 23 i
528 400 54 23 stad
599 401 41 23 och
652 399 36 32 på
705 401 82 30 landet,
805 409 54 16 vare

314 435 129 31 berättigad
461 437 40 28 att,
524 434 51 24 med
591 435 148 32 iakttagande
756 435 31 31 af
801 435 60 24 hvad

312 469 75 24 nedan
407 469 12 23 i
437 469 75 24 denna
528 468 140 32 förordning
686 469 101 32 stadgas,
807 469 55 32 sjelf

313 503 51 24 eller
371 511 81 24 genom
461 511 79 16 annan
550 503 102 31 förrätta
660 503 98 33 frivillig
765 504 96 24 auktion

314 537 35 24 till
358 537 142 33 försäljning
513 538 29 31 af
550 537 40 24 sin
600 538 66 31 fasta
678 538 51 23 eller
739 538 48 25 lösa
796 547 63 23 egen-

314 572 58 30 dom,
385 571 76 24 såvidt
473 571 74 25 sådan
556 572 141 32 försäljning
709 572 53 32 eljes
771 571 41 34 får
821 581 40 24 ega

315 614 59 23 rum,
399 605 28 25 så
447 607 39 24 ock
510 609 34 22 att
566 607 126 24 bestämma
709 607 100 24 vilkoren
821 608 40 31 för

314 641 175 32 försäljningen.

562 711 14 23 2
592 694 26 52 8.

388 768 63 23 Skall
467 768 111 32 egendom,
597 775 50 16 som
662 767 77 24 tillhör
754 767 109 31 omyndig

317 803 52 23 eller
385 803 45 23 död
440 810 69 17 mans
523 803 26 24 bo
563 803 51 24 eller
627 804 28 22 är
667 802 72 24 under
751 802 111 23 konkurs-

318 837 148 32 förvultning,
479 836 15 25 &
506 837 97 32 frivillig
616 837 95 24 auktion
723 836 80 31 säljas,
813 836 51 23 eller

320 872 88 25 beröres
420 872 52 31 eljes
482 880 92 16 annans
587 873 48 22 rätt
647 871 29 32 af
684 871 177 32 försäljningen,

318 907 67 24 varde
404 914 37 17 om
458 907 62 24 tiden
538 907 40 24 och
596 907 74 24 stället
687 906 39 31 för
741 907 122 24 auktionen

316 949 81 24 genom
413 941 271 33 förrältningsmannens
699 942 93 31 försorg
804 942 58 23 kun-

316 977 77 32 gjordt
415 975 79 26 såsom
515 977 10 24 i
544 977 16 24 5
579 976 50 33 kap.
650 977 21 30 6,
694 977 13 24 7
725 977 40 23 och
783 977 33 24 18
828 977 34 30 $$

320 1011 200 32 utsökningslagen
531 1011 96 32 stadgas
639 1011 117 32 angående
768 1011 95 24 auktion

318 1045 15 24 å
350 1047 84 22 utmätt
452 1047 110 30 egendom.

566 1115 17 24 3
600 1116 22 30 8.

391 1173 74 24 Under
482 1173 98 32 frivillig
598 1173 95 24 auktion
712 1173 52 24 eller
778 1172 86 31 derför-

318 1208 80 29 innan,
417 1207 70 24 sedan
501 1208 150 23 allmänheten
669 1208 82 31 begynt
769 1207 93 30 samlas,

318 1241 39 25 mä
374 1243 22 30 o
409 1241 15 25 ä
439 1242 182 24 auktionsstället
632 1241 119 32 försäljas,
765 1242 21 31 e
797 1242 67 23 heller

318 1279 46 21 mot
376 1277 51 24 eller
436 1279 59 21 utan
508 1276 114 32 betalning
636 1276 127 24 utskänkas
772 1274 92 25 sådana

318 1319 53 15 rus-
395 1311 52 24 eller
469 1311 159 31 maltdrycker,
652 1311 35 23 till
707 1310 88 24 hvilkas
812 1311 50 30 för-

318 1345 103 30 säljning
442 1345 51 23 eller
513 1344 157 31 utskänkning
689 1344 111 23 särskildt
818 1344 44 23 till-

318 1377 71 24 ständ
405 1378 125 30 erfordras.

388 1412 54 24 Kan
468 1412 10 24 i
502 1411 60 32 följd
584 1411 30 31 af
635 1411 62 31 dylik
719 1411 143 31 försäljning

320 1446 51 24 eller
396 1446 156 32 utskänkning
574 1446 51 24 eller
648 1446 30 31 af
695 1453 82 17 annan
797 1446 68 24 -orsak

183 1490 46 23 Lag-
242 1490 32 18 och
287 1490 180 18 Ekonomiutskotteis
480 1489 109 19 betänkande
602 1489 33 18 N:o
648 1490 14 17 1.
