1034 1709
433 118 40 22 N:o
488 120 20 20 5.
811 120 11 20 7

99 188 49 21 med
167 187 90 27 säljaren
275 187 46 21 före
337 187 123 21 auktionen.
490 186 131 23 Underläter
636 187 41 21 han
693 187 42 27 det,
750 194 50 14 vare
816 186 37 23 bot

99 222 70 21 såsom
185 221 7 21 i
208 222 25 20 15
247 222 10 26 $
274 222 87 26 stadgas
377 222 38 21 och
430 223 71 19 rätten
515 222 74 27 pröfve
600 222 55 21 hvad
667 222 77 21 honom
756 222 96 26 skäligen

98 256 40 21 bör
153 256 127 21 tillkomma.
310 256 43 21 Vill
368 256 18 27 ej
403 256 92 27 säljaren
511 256 23 21 åt
544 256 230 22 auktionsförrättaren
785 256 67 21 öfver-

98 291 72 20 lemna
192 290 124 27 uppbörden
340 290 23 21 af
383 290 167 27 auktionslösen,
574 297 37 20 ege
626 293 32 19 att
673 291 36 20 vid
723 291 130 26 uppdragets

99 325 115 22 lemnande
232 326 78 19 nämna
329 325 40 21 den
389 330 83 22 person,
488 331 45 15 som
549 325 39 21 har
603 327 33 20 att
651 324 126 28 uppbörden
792 324 61 22 verk-

99 360 70 21 ställa.

451 400 12 28 8
479 401 20 20 9.

167 441 125 26 Emottager
314 440 78 21 allmän
416 440 216 22 auktionsförrättare
651 441 32 21 lös
702 440 101 27 egendom
819 440 34 22 till

99 475 133 27 försäljning,
255 475 70 21 lemne
349 476 22 20 ät
390 475 92 27 säljaren
498 474 103 28 skriftligt
616 475 58 21 bevis
690 474 103 23 deröfver.
822 470 31 26 Är

99 509 18 27 ej
133 509 132 27 förteckning
281 508 59 23 öfver
353 509 74 27 godset
438 509 23 22 af
471 510 92 27 säljaren
578 509 100 27 ingifven,
689 509 43 22 läte
744 509 110 22 auktions-

99 544 129 22 förrättaren
251 545 101 26 upprätta
375 544 65 21 sädan
464 545 39 21 och
520 545 123 21 densamma
659 544 23 21 af
696 544 94 28 säljaren
806 545 48 21 med

100 579 48 22 dess
163 579 130 22 underskrift
309 579 117 22 bekräftas.

448 654 11 28 8
478 655 31 20 10.

168 695 61 21 Huru
245 695 31 21 tid
292 695 39 21 och
348 695 61 21 ställe
426 694 33 22 för
475 695 87 21 auktion
579 695 55 21 skall
650 695 107 26 kungöras
768 695 34 21 vid
812 694 42 22 för-

103 729 93 28 säljning
211 729 24 21 af
248 729 108 27 egendom,
372 735 45 15 som
432 729 73 21 tillhör
521 729 99 27 omyndig
634 729 53 21 eller
698 729 42 21 död
750 735 61 16 mans
820 729 35 27 bo,

101 765 52 20 eller
176 765 23 19 är
222 764 65 21 under
309 763 233 28 konkursförvaltning,
566 764 50 21 eller
640 763 27 22 dä
690 764 63 27 eljest
773 770 82 15 annans

101 801 43 18 rätt
167 798 24 21 af
212 798 153 27 försäljningen
387 798 92 26 beröres,
503 799 73 21 derom
596 798 88 27 stadgas
698 798 7 21 i
720 799 14 21 2
749 798 12 28 &
776 798 23 21 af
811 798 43 22 för-

101 833 119 27 ordningen
243 833 109 28 angäende
374 833 101 28 frivilliga
497 833 120 22 auktioner.
647 833 63 21 Hvad
726 833 89 22 sälunda
831 835 24 20 är

100 867 137 23 föreskrifvet
252 868 55 21 skall
323 869 46 27 ock,
386 869 37 20 der
439 867 18 28 ej
474 869 91 26 säljaren
581 868 132 22 annorlunda
728 868 102 27 bestämt,
848 869 7 20 i

102 903 68 28 öfriga
186 902 38 22 fall
240 903 22 21 af
276 903 79 22 allmän
370 903 215 22 auktionsförrättare
601 903 113 27 iakttagas.

169 937 66 22 Skola
260 937 183 22 auktionsmedlen
466 938 18 26 ej
509 938 22 21 af
553 937 231 22 auktionsförrättaren
807 937 50 28 sjelf

101 973 115 26 uppbäras,
236 972 65 21 varde
317 973 92 27 säljaren
425 979 33 15 om
475 972 58 22 tiden
549 973 40 21 och
604 973 74 22 stället
693 972 33 21 för
741 972 115 22 auktionen

102 1007 104 21 särskildt
221 1007 146 22 underrättad.

451 1081 10 28 8
479 1083 32 19 11.

173 1121 54 22 Förr
242 1123 27 19 än
284 1123 87 25 utropet
385 1121 96 28 vidtager
497 1121 55 22 skall
568 1121 229 22 auktionsförrättaren
813 1121 43 22 till

104 1155 130 28 kännagifva
257 1156 26 21 de
306 1155 23 22 af
350 1156 90 27 säljaren
455 1156 113 27 uppstälda
583 1156 195 22 auktionsvilkoren
793 1157 63 26 samt,

105 1191 35 20 vid
156 1190 127 27 försäljning
297 1190 23 21 af
333 1190 43 21 fast
391 1191 109 26 egendom,
517 1191 109 21 dessutom
637 1191 103 26 meddela,
752 1189 105 22 huruvida

106 1225 38 21 och
166 1225 84 21 hvilken
269 1225 112 28 utredning
392 1226 90 27 säljaren
493 1226 110 27 förebragt
610 1226 110 27 angäende
728 1226 33 21 sin
769 1225 89 28 egande-

103 1261 45 20 rätt
164 1263 56 18 samt
236 1260 72 21 derom
325 1261 6 20 i
348 1260 54 21 hvad
421 1261 48 20 män
486 1261 130 26 egendomen
631 1261 71 22 häftar
716 1261 34 21 för
764 1259 93 28 fordran,

103 1295 155 26 nyttjanderätt
274 1295 51 21 eller
341 1301 67 14 annan
425 1295 113 26 rättighet;
554 1295 83 27 besörje
652 1295 62 22 äfven
729 1296 8 21 i
752 1294 61 28 fräga
823 1301 33 15 om

102 1329 42 21 fast
164 1329 103 25 egendom
287 1329 51 21 eller
354 1329 111 20 industriel
481 1329 118 26 inrättning
614 1330 24 19 sä
654 1331 39 19 ock
710 1330 5 19 i
732 1329 65 20 andra
813 1329 43 26 vig-

103 1363 68 25 tigare
191 1361 43 26 fall,
255 1365 32 18 att
305 1362 202 25 auktionsvilkoren,
528 1362 121 27 skriftligen
666 1363 110 26 affattade,
792 1361 66 22 varda

102 1397 7 21 i
133 1396 187 21 auktionslokalen
343 1397 102 26 anslagna
465 1397 52 21 eller
532 1398 27 26 pä
575 1399 64 19 annat
654 1397 97 27 lämpligt
766 1399 43 19 sätt
823 1396 34 22 till

102 1431 177 29 spekulanternes
297 1432 108 27 päseende
420 1432 103 22 utstälda.
554 1432 58 23 Skall
628 1432 164 22 auktionslösen
807 1438 51 22 upp-
