1048 1711
182 160 28 21 28
404 159 29 22 U.
448 159 29 22 B.
492 170 28 4 —
534 158 73 29 Prop.
625 159 42 22 N:o
682 159 38 22 10.

182 229 51 22 dets
263 229 99 22 officiela
392 229 120 29 tidningar
543 229 60 29 ,låta
633 229 88 22 införa"
753 230 50 22 sina
829 225 106 26 mänads-

180 264 104 22 bilanser
309 263 45 23 och
376 264 218 28 årspublikationer,
615 263 71 23 borde
705 265 75 21 såsom
797 264 36 22 för
850 264 86 22 nämda

180 298 123 29 tidningar
320 298 134 29 onödigtvis
471 298 150 28 betungande
638 298 129 22 förändras.
785 298 55 22 Med
858 298 79 22 anled-

181 333 59 28 ning
256 332 68 22 häraf
341 332 37 22 får
394 332 124 23 Utskottet
536 332 87 28 anföra,
643 335 36 19 att
695 332 38 22 för
747 332 145 24 närvarande
902 334 35 20 ett

182 366 83 23 sådant
290 366 132 23 förfarande
440 367 124 29 iakttages,
583 369 36 20 att
636 367 83 22 endast
736 367 132 23 bankernas
889 368 47 21 må-

180 402 91 28 natliga
296 402 122 29 uppgifter
443 402 88 22 införas
551 402 9 22 i
583 401 28 22 de
639 402 99 22 officiela
763 402 98 22 bladens
878 403 57 26 text,

180 436 85 22 medan
292 436 47 23 ärs-
366 436 43 22 och
435 436 282 22 revisionsberättelserna
744 438 75 21 såsom
843 436 94 29 bilagor

181 470 91 23 utdelas
290 470 52 23 med
363 471 84 22 nämda
464 471 63 21 blad.
556 471 37 22 Då
611 471 39 21 det
668 473 66 27 synts
752 471 129 28 Utskottet,
900 472 36 21 att

181 505 128 29 begreppet
337 505 119 30 ytidning*
483 505 73 23 borde
583 514 66 13 anses
671 506 97 22 omfatta
785 505 87 31 jämväl
890 505 47 22 alla

180 540 172 22 hufvudbladet
378 540 128 30 åtföljande
534 540 97 29 bilagor,
658 540 135 29 isynnerhet
814 548 38 15 om
870 540 67 22 dessa

181 574 9 22 1
215 574 171 23 hufvudbladet
413 575 118 28 åberopas,
558 575 43 22 har
622 575 123 22 Utskottet
765 575 21 29 ej
804 575 80 22 funnit
902 575 37 28 sig

182 616 44 21 ega
252 609 128 29 anledning
406 611 36 20 att
465 609 129 30 framlägga
620 610 73 28 något
712 609 225 30 ändringsförslag
923 605 18 38 i

181 643 118 30 påyrkadt
316 643 67 30 syfte.

249 817 35 22 På
304 816 78 30 grund
403 817 24 22 af
453 817 62 23 hvad
541 817 70 22 ofvan
637 817 89 24 anförts
753 818 37 22 får
815 817 123 22 Utskottet

183 851 119 22 vördsamt
318 851 92 28 föreslå,

458 942 34 20 att
512 941 125 21 Ständerna
651 941 52 21 ville
717 941 39 21 hos
768 941 65 21 Hans
847 940 88 28 Kejser-

390 974 45 27 liga
456 974 106 28 Majestät
578 975 10 20 i
602 974 175 28 underdänighet
791 975 98 27 anmäla,
905 976 33 20 att

388 1008 126 22 Ständerna
529 1009 44 22 icke
589 1010 86 20 kunnat
689 1009 95 27 omfatta
798 1010 42 20 den
854 1009 83 27 nådiga

386 1043 167 27 propositionen
574 1043 140 27 oförändrad,
731 1045 57 20 utan
802 1044 36 27 för
851 1043 38 21 sin
903 1044 35 21 del

389 1077 87 27 antagit
490 1085 28 14 en
532 1078 25 21 sä
573 1078 93 27 lydande

457 1184 156 28 Förordning
635 1184 124 28 angäende
783 1184 95 22 ändrad
902 1184 35 28 ly-

389 1218 67 22 delse
474 1218 28 22 af
518 1218 121 23 särskilda
657 1220 28 24 88
702 1219 10 21 i
731 1218 90 28 nådiga
841 1218 97 23 förord-

388 1253 92 26 ningen
502 1253 27 20 af
550 1253 47 20 den
615 1252 30 21 10
665 1252 45 27 Maj
733 1252 60 21 1886
812 1252 125 27 angående

388 1285 167 27 bankrörelse,
570 1291 52 16 som
637 1284 28 22 af
675 1285 74 27 bolag
764 1284 78 22 idkas.

635 1348 14 28 $
667 1348 20 21 8.

461 1400 113 27 Tillsynen
588 1399 98 28 deröfver
700 1401 33 20 att
748 1400 58 21 bank
823 1399 114 29 behörigen

388 1434 84 28 fullgör
495 1434 104 28 gällande
622 1435 171 27 lagstadganden
816 1435 39 20 och
875 1435 60 27 före-

388 1469 122 27 skrifterna
533 1468 10 21 i
566 1469 47 21 dess
635 1475 51 21 egen
707 1469 168 28 bolagsordning
897 1476 40 14 an-

254 1508 145 19 Bankutskottets
412 1508 110 18 betänkande
534 1508 36 18 N:o
582 1509 17 18 1.
