1053 1714
338 139 28 23 U.
382 140 28 22 B.
429 154 19 2 —
467 141 72 27 Prop.
554 140 40 23 N:o
609 141 25 23 6.
835 143 25 20 37

112 208 50 22 nala
177 209 159 28 myndigheters
351 209 163 29 förhandlingar
529 210 6 21 i
551 210 67 22 helso-
633 210 38 22 och
681 210 181 27 sjukvärdsange-

111 243 131 28 lägenheter,
258 243 7 22 i
280 244 83 22 hvilket
378 244 55 27 syfte
449 245 121 27 stadgande
583 245 80 27 jemväl
682 245 64 27 ingär
760 245 8 21 i
783 245 20 21 k.
820 245 41 21 för-

111 277 119 28 ordningen
245 285 31 14 om
292 279 140 21 helsovärden
449 279 40 22 den
505 281 26 19 22
547 279 117 22 December
680 281 62 19 1879.
765 279 97 22 Bestäm-

111 312 78 28 ningar
203 319 32 15 om
252 313 62 22 dessa
329 313 182 28 angelägenheter
522 313 87 22 tillhöra
619 314 35 21 väl
665 314 41 21 den
716 313 145 28 lagstiftning,

110 353 43 15 som
175 347 68 28 enligt
264 347 74 28 regeln
353 348 94 21 kommer
462 348 32 21 till
509 348 66 21 ständ
591 350 52 19 utan
658 348 133 22 Ständernas
807 348 56 22 med-

110 382 93 27 värkan;
227 388 45 15 men
295 381 33 22 för
350 385 33 18 att
402 382 100 27 påminna
525 389 32 15 om
575 389 27 15 nu
617 383 96 27 antyddä
728 383 133 27 synpunkter

111 417 38 21 och
172 417 27 27 pä
215 417 37 21 det
267 419 33 19 att
315 417 142 28 anmärkning
476 418 18 27 ej
512 418 35 21 mä
562 419 64 26 göras
642 418 71 21 derom
729 419 33 20 att
777 417 84 22 författ-

110 451 84 28 ningar,
203 451 113 22 utfärdade
332 451 7 22 i
354 451 158 22 administrativ
527 454 49 25 väg,
589 454 97 25 upptaga
701 452 161 27 bestämningar

111 486 111 27 angäende
237 486 137 21 kommunens
390 486 155 28 myndigheter,
563 487 92 21 rörande
669 487 75 22 hvilka
758 487 102 26 stadgan-

110 521 42 21 den
167 519 131 23 förekomma
312 521 7 20 i
335 527 27 15 en
377 521 25 21 af
415 521 122 21 Ständerna
553 523 93 26 antagen
661 521 43 28 lag,
720 522 39 21 har
774 521 87 22 Utskot-

109 557 34 20 tet
157 557 54 20 trott
226 555 34 28 sig
275 555 52 21 böra
342 555 78 22 föreslå
435 557 33 20 ett
483 555 180 28 tilläggsmoment
678 556 33 21 till
726 555 12 29 &
755 557 33 20 69.

179 583 33 28 Åt
227 589 11 27 $
254 591 27 21 70
296 590 39 20 har
350 590 117 26 Utskottet,
490 590 103 22 särskildt
607 590 48 21 med
671 591 82 26 hänsyn
768 591 34 21 till
817 591 40 21 den

109 624 131 22 förändrade
254 624 96 28 lydelsen
366 624 24 22 af
402 624 12 29 &
429 627 34 24 69,
479 627 71 20 ansett
565 625 34 27 sig
614 625 52 21 böra
681 624 61 28 gifva
757 632 26 15 en
794 626 67 27 något

109 659 131 22 allmännare
255 659 145 28 formulering.

177 694 12 22 I
203 694 68 22 första
286 700 60 16 mom.
362 694 23 22 af
400 696 24 20 73
441 695 12 26 &
469 695 39 21 har
522 695 113 21 Utskottet
650 694 67 22 infört
731 695 69 21 sådan
812 697 46 20 när-

109 735 58 15 mare
189 729 135 27 bestämning
346 731 34 19 att
394 728 128 22 ordförande
540 729 6 21 i
562 729 229 22 kommunalmämnden
806 730 54 21 skall

109 764 34 21 för
164 764 39 21 sitt
224 764 99 27 uppdrag
344 764 98 28 skäligen
465 766 103 25 ersättas;
585 763 101 23 afseende
699 764 113 22 Utskottet
828 766 33 20 att

108 799 88 21 härmed
217 798 184 28 vidhandengifva
423 799 36 21 det
481 798 91 22 nämnde
599 798 131 28 funktionär,
752 805 45 15 som
819 805 41 15 om-

109 833 121 22 händerhar
244 833 42 22 den
301 833 204 29 öfverhufvudtaget
519 836 54 20 mest
589 834 141 27 arbetsdryga
741 833 119 23 befattnin-

108 874 43 22 gen
173 868 55 22 inom
251 868 133 28 kommunen,
406 869 48 21 icke
476 869 39 21 bör
530 868 25 22 af
569 868 121 22 densamma
705 868 92 28 afspisas
812 869 47 22 med

108 903 56 22 blott
185 910 27 15 en
233 903 64 28 ringa
320 905 56 20 samt
397 904 53 21 hans
472 904 73 21 mödor
560 904 39 21 och
614 909 78 16 ansvar
707 904 47 21 icke
770 905 90 20 motsva-

108 938 67 22 rande
197 938 143 28 godtgörelse,
356 938 108 22 äfvensom
480 941 33 19 att
527 938 223 22 kommunalstämmäs
766 938 70 22 beslut
851 938 7 22 i

108 973 79 22 sädant
203 973 79 22 ärende
296 974 44 21 kan
355 973 144 28 öfverklagas.

176 1008 48 22 Den
239 1008 50 22 näd.
304 1008 159 28 propositionen
477 1008 125 23 framhäller
615 1009 30 22 uti
656 1009 156 27 motiveringen
823 1009 35 22 hu-

107 1049 70 15 rusom
200 1043 36 22 vid
252 1043 129 28 afgörandet
396 1044 6 20 i
418 1044 77 27 högsta
511 1044 82 22 instans
609 1044 24 21 af
646 1044 42 22 mäl
704 1044 39 22 och
758 1044 100 27 ärenden,

107 1084 45 15 som
167 1080 49 19 röra
231 1078 126 22 kommunen
372 1078 8 21 i
395 1078 48 21 dess
459 1078 77 26 helhet,
553 1078 114 28 olägenhet
681 1081 68 25 yppat
764 1078 34 27 sig
814 1078 44 22 der-

107 1111 96 25 utinnan,
230 1114 33 20 att
278 1112 7 22 i
303 1112 277 28 kommunalförfattningen
595 1113 107 21 saknades
716 1112 141 28 stadganden,

107 1146 28 28 pä
158 1146 70 28 grund
250 1146 25 22 af
294 1147 74 22 hvilka
384 1147 36 22 det
435 1153 51 16 vore
501 1147 83 27 möjligt
599 1149 34 19 att
648 1148 47 21 med
710 1148 101 21 säkerhet
826 1147 32 22 af-

107 1183 54 25 göra
175 1180 50 22 frän
240 1181 87 22 hvilken
343 1181 43 27 dag
400 1182 148 22 besvärstiden
564 1182 7 21 i
587 1182 73 27 dylika
674 1182 64 22 saker
753 1182 56 21 skall
824 1182 34 22 be-

107 1216 86 24 räknas,
215 1216 38 21 och
268 1218 34 19 att
318 1216 90 21 berörda
423 1216 33 21 tid
471 1216 101 27 vanligen
588 1216 89 22 räknats
692 1216 50 21 frän
758 1216 41 22 den
814 1216 43 28 dag

107 1249 142 23 ordföranden
266 1250 7 22 i
288 1250 212 22 kommunalstämma
515 1250 25 22 af
553 1250 95 28 utslaget
662 1250 86 22 erhällit
759 1250 40 28 del,
810 1256 47 16 men

107 1284 8 21 i
129 1284 70 28 nägra
213 1284 39 22 fall
267 1286 83 20 ansetts
366 1284 51 22 böra
432 1284 50 28 löpa
497 1284 48 22 frän
562 1285 70 27 dagen
647 1285 34 22 för
696 1285 105 27 utslagets
815 1285 42 22 del-

107 1318 103 27 gifvande
232 1319 14 21 &
268 1319 217 21 kommunalstämma.
514 1319 42 21 Till
578 1318 173 23 förekommande
773 1319 25 21 af
810 1320 47 21 vill-

106 1351 102 27 rädighet
229 1352 7 20 i
259 1352 77 26 antydt
351 1352 121 21 hänseende
487 1353 39 20 har
541 1358 76 15 senare
631 1358 60 15 mom.
708 1352 25 21 af
748 1354 25 19 73
783 1347 12 36 $
815 1353 42 20 till-

107 1385 88 22 kommit
209 1385 7 21 i
232 1385 41 22 den
288 1385 49 21 näd.
354 1385 164 27 propositionen.
539 1386 68 21 Detta
617 1392 60 15 mom.
688 1386 119 21 innehäller
817 1387 39 25 att,

104 1420 67 27 jemte
187 1420 36 21 det
238 1419 143 23 ordföranden
399 1420 3 21 i
418 1420 227 22 kommunalnämnden
660 1427 51 16 vore
726 1420 88 28 skyldig
824 1422 33 19 att

175 1459 205 20 Kommunalutskottets
392 1460 111 19 betänkande
513 1460 34 19 N:o
560 1461 15 18 1.
