1036 1714
308 141 28 24 U.
351 142 27 23 B.
395 155 26 4 —
438 142 74 29 Prop.
527 142 44 24 N:o
586 143 23 22 2.

368 521 331 29 Lagutskottetsförslag
707 522 49 22 till
765 528 64 17 sam-

296 558 218 28 manjemkning
536 558 28 22 af
584 558 30 22 de
638 558 75 22 delvis
729 558 100 29 skiljak-

296 594 49 27 tiga
365 594 88 28 beslut,
468 594 71 22 hvari
554 594 106 22 Ständen
676 594 97 22 stannat
788 594 41 22 vid

296 629 183 28 behandlingen
495 630 27 22 af
533 630 133 22 Utskottets
676 630 153 22 betänkande

296 666 36 22 N:o
355 665 14 23 5
392 666 7 22 i
421 666 135 28 anledning
572 666 28 22 af
611 666 66 22 Hans
692 666 138 28 Kejserliga

296 702 119 27 Majestäts
432 702 88 27 nädiga
535 702 153 28 proposition
705 702 125 27 angäende

295 737 104 29 partiela
417 737 177 28 förändringar
616 737 10 22 i
641 737 189 28 rättegängsbal-

296 773 56 23 ken.

153 852 35 22 Af
213 852 164 29 Lagutskottet
402 852 194 22 tillhandakomna
621 852 208 29 protokollsutdrag

83 888 65 22 öfver
163 888 112 22 Ständens
296 888 74 22 beslut
385 888 40 22 vid
440 888 167 29 behandlingen
623 888 27 22 af
662 888 167 22 ofvannämnda

82 924 142 22 betänkande
239 924 41 21 har
296 924 118 21 Utskottet
429 923 110 22 inhemtat
554 926 36 19 att
600 924 101 21 Ständen
712 924 51 22 med
773 925 56 28 god-

83 960 119 22 kännande
218 960 26 22 af
256 960 155 22 betänkandet
421 960 7 21 i
439 960 72 28 öfrigt
520 960 174 22 äterremitterat
705 960 124 22 detsamma

82 996 35 22 till
133 996 119 22 Utskottet
266 996 36 22 för
318 998 34 20 att
367 996 8 22 i
390 996 221 22 nedanomförmälda
627 996 103 22 afseende
747 996 81 23 omfor-

83 1032 102 22 muleras.

154 1104 103 28 Förslaget
279 1105 27 21 till
330 1104 113 28 förordning
467 1102 104 30 angäende
594 1104 106 23 förändrad
718 1105 74 29 lydelse
809 1106 20 22 af

83 1140 101 23 särskilda
200 1140 26 29 $$
242 1142 5 20 i
264 1138 195 30 rättegångsbalken.

319 1207 27 21 10
361 1207 51 28 kap.
431 1207 26 21 11
475 1208 12 25 $
505 1207 11 20 1
532 1213 67 15 mom.

153 1259 168 29 Ridderskapet
337 1259 42 22 och
394 1259 74 22 Adeln
485 1262 58 19 samt
558 1259 192 28 Borgareständet
759 1259 70 22 hafva

83 1295 119 30 godkändt
216 1298 124 19 momentet
355 1295 72 29 enligt
444 1296 157 27 betänkandet,
614 1295 117 22 hvaremot
741 1295 87 22 Preste-

83 1332 42 21 och
135 1331 175 22 Bondeständen
318 1331 70 22 hafva
398 1331 70 28 gifvit
478 1331 172 28 ifrågavarande
658 1331 14 28 8
683 1331 43 21 den
736 1331 91 28 lydelse,

83 1373 48 15 som
146 1366 8 21 i
169 1365 166 23 reservationen
350 1366 11 21 I
376 1365 8 21 i
400 1366 63 21 detta
479 1366 103 21 afseende
597 1365 100 22 föresläs.

153 1401 37 22 Då
214 1401 95 22 sålunda
332 1403 40 20 två
394 1401 67 21 stånd
483 1403 91 20 stannat
589 1403 48 19 mot
652 1403 47 26 två,
715 1408 51 15 men
782 1408 47 14 mo-

83 1440 88 20 mentet
191 1437 72 29 enligt
282 1437 89 22 Preste-
391 1437 43 22 och
449 1437 186 22 Bondeståndens
651 1437 73 22 beslut
739 1437 90 22 komme

155 1485 127 24 Lagutskottets
294 1485 107 18 betänkande
413 1485 36 18 N:o
461 1486 16 17 5.

334 1555 10 15 1
