1056 1709
116 604 25 23 12
157 605 21 29 8.

191 128 28 21 22
417 126 30 23 U.
462 127 28 21 B.
506 139 26 3 —
547 126 73 27 Prop.
636 126 42 22 N:o
692 126 22 21 6.

191 194 255 28 kommunalförvaltning
461 195 38 21 och
513 194 64 28 fråga
591 196 37 19 rör
641 194 55 21 blott
706 200 28 15 en
743 193 136 27 församlings
889 195 52 25 rätt,

191 229 71 21 denna
276 234 73 16 ensam
363 229 40 21 har
417 230 34 19 att
465 228 67 22 saken
546 228 34 21 till
590 227 166 28 öfverläggning
765 227 38 22 vid
812 228 131 22 kommunal-

191 265 92 19 stämma
304 264 102 27 upptaga.
436 262 33 28 Ty
482 262 69 22 under
566 262 26 22 de
608 262 60 22 öfver
682 262 76 22 trettio
773 262 25 21 år
812 262 130 22 kommunal-

191 297 158 28 författningen
363 297 58 22 varit
436 297 8 21 i
459 297 135 22 verksamhet
604 297 40 21 har
654 299 52 20 utan
716 297 77 22 tvifvel
803 297 140 22 omförmälda

193 332 136 27 bestämning
350 332 27 27 på
395 331 51 22 flere
461 332 77 21 ställen
553 331 119 27 tillämpats
687 332 39 21 och
742 331 121 28 derigenom
878 331 65 23 äfven

192 366 124 22 framkallat
339 365 150 22 förhållanden
510 365 25 22 af
548 365 40 22 den
604 367 40 25 art,
660 367 34 20 att
710 366 26 21 de
751 366 48 22 icke
813 366 66 22 borde
893 367 50 21 rub-

192 401 40 21 bas
253 407 76 21 genom
351 400 112 22 införande
485 400 25 22 af
529 407 43 20 nya
594 400 137 27 stadganden
753 400 8 22 i
783 402 78 21 ämnet.
890 401 54 22 Det-

191 441 80 16 samma
286 434 71 28 gäller
371 434 64 23 äfven
449 435 113 27 särskilda,
579 434 67 22 under
661 435 93 21 nämnda
768 434 117 28 tidsperiod
900 435 42 22 till-

192 468 78 22 komna
285 469 235 27 distriktsindelningar
535 469 47 21 med
598 468 125 27 åtföljande,
740 475 44 16 mer
798 469 52 22 eller
860 469 83 22 mindre

192 503 26 21 af
229 503 126 22 kommunen
371 503 117 22 oberoende
503 503 139 26 förvaltning.

260 537 34 21 De
309 536 118 27 ändringar
441 537 113 22 Utskottet
575 537 8 20 i
605 536 67 28 öfrigt
686 537 113 27 föreslagit
814 538 48 21 med
879 539 13 25 8
912 540 25 19 11

192 571 61 22 torde
268 571 48 22 icke
330 571 89 27 påkalla
433 571 56 22 skild
504 571 134 28 motivering.

261 605 79 22 Medan
364 607 25 20 12
411 605 13 28 &
446 606 7 21 i
476 605 100 28 gällande
598 605 126 28 förordning
746 606 121 27 berättigar
890 608 53 20 röst-

193 640 84 27 egande
298 641 33 20 att
353 640 32 22 sin
400 641 60 21 talan
475 641 39 21 och
529 642 90 20 rösträtt
634 640 24 21 åt
673 647 71 15 annan
759 640 122 28 välfrejdad
896 647 48 21 per-

193 681 38 15 son
247 674 112 26 öfverlåta,
375 675 40 21 har
429 675 49 22 nåd.
494 675 159 27 propositionen
667 675 60 22 velat
741 675 118 22 inskränka
874 676 70 21 denna

193 708 129 29 befogenhet
335 709 57 22 ända
407 709 87 27 derhän,
510 711 33 20 att
558 711 117 20 rösträtten
689 709 72 22 kunde
776 709 117 23 öfverlåtas
909 716 35 15 en-

194 743 49 21 dast
265 744 13 21 å
293 749 72 16 annan
379 744 169 27 röstberättigad
563 743 89 22 medlem
668 743 24 21 af
704 744 134 21 kommunen.
867 744 78 27 Enligt

195 777 123 22 Utskottets
333 777 65 22 tanke
413 778 39 21 och
465 777 24 22 af
498 777 48 22 dess
556 777 137 22 medlemmar
703 778 109 27 åberopad
822 777 123 23 erfarenhet

194 817 52 16 vore
261 811 55 22 dock
330 811 93 22 nämnda
438 811 156 28 inskränkning
608 811 35 22 för
658 812 65 27 skarp
739 812 38 21 och
791 812 76 27 skulle,
877 814 46 20 satt
938 813 7 20 i

195 845 81 27 verket,
293 845 122 28 säkerligen
430 846 92 28 mången
536 847 60 27 gång
610 846 115 22 framkalla
735 847 45 21 stor
790 846 111 28 svårighet
910 845 36 24 för

194 880 211 22 kommunalmedlem
426 883 33 19 att
478 881 69 22 skaffa
562 881 34 27 sig
611 883 33 19 ett
658 881 83 27 ombud,
756 881 34 21 för
804 881 83 22 hvilket
902 882 43 21 han

193 915 63 27 hyste
270 914 129 23 förtroende.
428 915 78 22 Derför
520 916 39 21 och
574 915 28 22 då
617 915 67 22 redan
700 917 56 20 1734
771 916 36 21 års
816 916 37 27 lag
863 916 84 21 tillåter

193 952 51 24 part
258 949 8 22 i
280 950 117 27 rättegång
413 949 82 27 ,bruka
509 950 34 21 till
558 949 123 28 fullmäktig
695 950 34 21 sin
744 950 131 27 skyldeman,
893 951 53 22 eller

194 983 41 22 den
249 983 8 22 i
271 983 54 23 hans
347 983 67 28 tjenst
429 986 24 19 är
467 985 52 21 eller
533 985 43 21 han
590 983 64 29 eljest
668 984 77 22 hafver
758 984 123 23 förtroende
896 985 48 22 till"

195 1020 43 25 (15:
255 1020 12 19 3
283 1019 25 20 R.
323 1019 42 26 B.),
380 1018 72 28 borde,
467 1025 63 21 synes
548 1019 37 22 det
599 1019 120 27 Utskottet,
734 1019 130 28 röstegande
879 1019 66 22 tiller-

194 1053 83 21 kännas
292 1053 131 27 befogenhet
437 1055 33 20 att
484 1053 76 22 utöfva
569 1053 33 22 sin
611 1055 91 20 rösträtt
712 1060 76 21 genom
799 1060 71 15 annan
880 1053 65 22 äfven

195 1087 48 21 icke
264 1087 171 27 röstberättigad
456 1087 88 22 medlem
560 1087 24 22 af
597 1088 127 21 kommunen
739 1088 52 21 eller
806 1088 39 21 ock
860 1088 84 27 skylde-

194 1127 55 21 man,
268 1127 45 15 som
328 1123 25 19 är
367 1121 55 22 finsk
436 1121 146 28 medborgare,
598 1121 54 22 dock
666 1121 8 22 i
689 1122 117 21 hvartdera
820 1121 62 22 fallet
897 1122 48 21 med

194 1155 71 22 vilkor
279 1156 34 20 att
327 1155 100 22 ombudet
442 1161 50 16 vore
507 1156 99 27 behörigt
622 1157 33 20 att
670 1156 38 21 hos
724 1156 89 22 domstol
824 1156 52 21 eller
887 1162 59 21 myn-

195 1189 74 27 dighet
291 1189 8 21 i
320 1189 117 22 allmänhet
457 1189 48 22 föra
527 1196 82 16 annans
630 1190 67 21 talan.
734 1190 81 22 Genom
837 1197 27 15 en
886 1190 60 27 dylik

194 1224 142 27 bestämning,
354 1223 93 28 jemförd
465 1225 48 21 med
532 1224 132 27 stadgandet
683 1224 7 21 i
712 1227 33 19 15:
768 1227 25 19 15
814 1225 27 21 R.
860 1225 32 26 B.,
912 1227 33 20 att

194 1257 150 27 tjenstedräng
365 1258 47 21 icke
434 1258 35 21 får
490 1259 70 20 såsom
582 1258 122 27 fullmäktig
726 1258 38 21 vid
786 1259 89 20 domstol
893 1259 53 20 anli-

195 1294 40 24 tas,
259 1291 61 22 torde
341 1291 134 28 rättigheten
496 1292 118 27 begränsas
636 1293 69 21 såsom
728 1292 34 27 sig
784 1293 39 21 bör
842 1293 39 21 och
895 1292 8 21 i
919 1292 26 22 de

194 1326 63 21 flesta
271 1325 39 22 fall
324 1326 84 21 komma
423 1328 34 19 att
471 1327 94 26 gestalta
580 1326 34 28 sig
629 1326 87 28 derhän,
732 1328 34 20 att
776 1326 33 22 till
820 1326 78 22 ombud
908 1326 38 22 vid

195 1360 212 22 kommunalstämma
425 1361 71 22 blefve
512 1361 100 22 använda
625 1361 131 28 röstegande
771 1361 136 23 medlemmar
919 1362 28 21 af

195 1396 132 27 kommunen,
352 1396 70 21 såsom
447 1396 181 27 röstberättigade
653 1396 118 23 förvaltare
795 1403 26 15 m.
847 1396 21 22 fi.
894 1396 50 27 dyl,

263 1435 205 19 Kommunalutskottets
480 1436 109 18 betänkande
600 1436 34 18 N:o
647 1437 15 17 1.
