1042 1711
311 132 29 22 U.
354 132 28 22 B.
440 134 73 27 Prop.
528 134 42 22 N:o
585 135 21 21 6.
807 137 28 21 69

430 249 57 29 VI.

151 317 97 20 Emedan
271 319 36 19 det
329 319 46 19 icke
390 319 68 20 skulle
473 321 74 18 skicka
561 321 33 24 sig
609 321 40 24 väl,
666 322 33 19 att
714 326 26 15 en
756 322 77 23 qvinna

83 346 117 24 uppträdde
222 347 102 24 styrande
346 352 26 15 en
395 348 94 25 offentlig
510 349 125 24 församling
657 349 65 21 sådan
745 355 48 15 som
808 355 26 15 en

84 375 228 26 kommunalstämma,
336 377 58 19 samt
415 377 63 24 lagen
499 378 57 24 förty
578 378 46 20 icke
642 379 66 19 heller
726 379 37 19 bör
777 379 57 20 med-

84 403 57 24 gifva
156 404 104 19 kommun
276 405 64 19 frihet
355 405 33 20 att
402 406 108 24 uppdraga
529 407 49 19 eller
593 406 102 25 pätvinga
710 408 78 24 gvinna
803 408 31 20 sä-

84 432 40 19 dan
140 433 125 24 befattning,
282 433 32 20 får
327 434 37 24 jag
379 435 110 19 vördsamt
504 435 77 20 föreslå

290 496 32 20 att
337 495 126 22 Ständerna
478 497 48 21 ville
540 497 118 26 godkänna
671 498 73 24 första
755 498 80 26 stycket

220 525 28 26 af
261 524 29 21 13
304 525 13 24 $
332 525 8 20 i
354 525 42 20 den
410 524 84 28 nädiga
505 526 165 26 propositionen
681 527 152 26 oförändradt.

150 640 75 20 Medan
244 641 41 19 den
306 641 25 19 18
347 641 11 22 $
373 641 6 19 i
395 641 19 19 k.
431 641 13 20 f.
461 642 12 18 6
488 642 59 19 Febr.
564 642 54 19 1865
634 642 85 24 förmår,
733 642 33 20 att
775 642 58 20 kom-

83 669 170 19 munalstämma
275 670 37 18 bör
335 668 67 21 hållas
426 669 12 20 &
459 670 121 24 söckendag
602 670 39 20 och
664 670 76 20 endast
756 671 77 19 undan-

83 698 82 24 tagsvis
180 698 43 19 kan
238 703 40 18 ega
292 703 48 14 rum
356 697 12 20 ä
383 698 87 24 söndag,
486 699 38 19 har
539 699 40 19 den
587 698 77 24 nädiga
677 699 156 25 propositionen

82 726 60 19 velat
156 726 68 19 införa
239 732 26 13 en
280 727 131 23 obegränsad
426 727 64 19 frihet
506 728 32 19 att
552 727 57 20 hålla
625 728 134 19 stämmorna
770 728 63 19 äfven

83 755 27 24 pä
125 755 81 24 söndag
228 755 39 19 och
289 755 106 20 utskottet
417 755 93 20 förordat
530 756 59 19 detta
610 755 129 25 frängäende
761 756 24 19 af
805 761 29 14 nu

83 783 97 24 gällande
204 784 166 23 bestämningar.
400 784 36 19 Ett
458 784 77 20 sådant
557 784 79 24 förslag
660 785 43 19 kan
727 785 36 24 jag
788 785 45 19 icke

84 812 88 19 biträda.

151 840 133 24 Hvilodagen
299 843 23 17 är
338 846 35 14 oss
388 841 71 23 gifven
474 841 31 19 till
520 841 58 19 hvila
593 841 47 20 från
655 841 25 19 de
696 842 138 24 hvardagliga

83 869 225 24 sysselsättningarna,
331 870 25 23 ty
378 870 20 18 vi
414 872 35 16 äro
465 869 23 20 sä
504 870 88 22 danade,
608 870 33 19 att
657 870 20 19 vi
692 870 65 20 hafva
772 870 65 20 behof

83 898 24 20 af
120 898 132 23 densamma,
268 898 39 20 och
323 898 48 19 dess
386 898 125 24 afskiljande
526 898 47 20 trän
588 898 166 24 arbetsdagarne
770 901 23 17 är
809 904 25 14 en

83 926 109 24 gudomlig
207 926 123 24 anordning.
360 926 36 20 Ett
413 927 149 24 upphäfvande
585 926 24 20 af
621 932 29 14 nu
665 926 96 24 gällande
777 928 57 19 kom-

82 954 212 25 munalförfattnings
308 955 160 24 bestämningar
483 956 74 19 härom
573 955 68 20 skulle
656 956 46 19 icke
717 956 54 20 blott
785 956 6 19 i
802 956 32 19 be-

82 984 134 24 folkningens
238 986 55 22 ögon
316 984 21 19 te
359 984 33 24 sig
406 983 72 21 såsom
494 990 26 14 en
535 984 143 24 missaktning
692 984 48 20 från
754 984 80 24 lagstif-

82 1013 74 19 tarens
179 1012 46 20 sida
240 1012 23 20 af
276 1013 69 19 denna
368 1013 116 24 anordning
506 1013 53 20 utan
574 1014 39 19 ock
629 1014 88 19 komma
732 1013 33 20 att
780 1014 7 19 i
802 1014 32 18 sin

82 1041 51 20 män
155 1042 116 19 medverka
293 1041 32 19 till
348 1042 31 19 ett
401 1042 71 20 vidare
491 1042 158 20 äsidosättande
665 1042 23 20 af
701 1042 132 20 densamma.

83 1069 81 21 Sädant
179 1072 23 18 är
217 1070 124 24 betänkligt.

151 1098 49 20 Man
215 1099 39 19 har
267 1099 47 20 mot
321 1098 97 24 gällande
428 1099 160 24 bestämningar
598 1099 76 19 härom
685 1099 75 25 anfört,
771 1100 62 19 huru-

83 1132 47 15 som
147 1128 35 18 det
198 1128 45 19 icke
258 1127 78 24 aflöper
351 1128 53 19 utan
427 1128 46 19 sina
493 1128 141 23 olägenheter,
651 1132 36 15 om
701 1128 132 19 kommunal-

83 1156 95 19 stämma
200 1155 70 20 måste
292 1155 69 20 hållas
376 1155 13 20 å
406 1156 127 24 söckendag.
563 1156 47 19 Men
633 1156 74 19 härvid
729 1156 39 20 har
782 1161 51 15 man

83 1184 67 24 glömt
166 1185 73 18 satsen
254 1190 36 13 om
305 1185 36 18 det
356 1189 48 14 som
418 1190 51 14 man
484 1190 34 14 ser
534 1185 39 20 och
589 1185 35 19 det
639 1189 51 15 man
704 1185 46 19 icke
766 1190 39 14 ser.

151 1213 49 19 Man
222 1218 34 14 ser
278 1213 59 19 vissa
360 1213 136 24 olägenheter
518 1213 24 20 af
562 1213 33 20 att
613 1213 220 20 kommunalstämma

84 1241 65 23 enligt
164 1241 72 24 regeln
251 1241 19 24 ej
286 1241 32 20 får
332 1240 68 21 hållas
415 1241 27 24 på
457 1242 88 24 söndag,
561 1246 50 15 men
626 1246 51 15 man
693 1246 33 15 ser
737 1241 52 24 icke,
801 1242 33 19 att

83 1269 105 20 törhända
202 1269 51 20 flere
268 1269 24 20 af
304 1270 144 19 kommunens
462 1270 62 19 bästa
535 1270 39 20 och
584 1269 33 20 för
627 1270 117 19 ärendenas
756 1270 77 24 riktiga

84 1298 127 24 behandling
231 1303 42 19 nog
294 1297 25 20 så
341 1298 103 24 behöfliga
467 1299 140 19 medlemmar
625 1297 68 21 skulle
708 1297 79 21 afhålla
802 1299 32 23 sig

84 1326 47 20 från
146 1327 237 23 kommunalstämmor,
400 1332 47 15 som
462 1327 69 20 hållas
545 1326 27 25 på
590 1327 87 23 söndag.
696 1338 22 2 —
737 1327 48 19 Man
800 1332 34 15 ser

84 1354 100 23 vanligen
200 1355 38 18 ock
254 1360 26 13 en
295 1355 42 23 hop
352 1355 48 19 med
416 1354 47 20 små
478 1355 137 23 olägenheter
628 1354 24 19 af
660 1355 66 18 andra
736 1355 97 23 stadgan-

85 1383 46 24 den,
154 1383 82 19 riktade
258 1383 48 19 mot
328 1383 119 23 söndagens
468 1383 135 19 likställande
617 1383 49 18 med
682 1383 151 23 söckendagar,

84 1410 39 20 och
138 1415 52 15 man
205 1413 38 21 gör
258 1411 44 19 stor
318 1410 52 20 affär
386 1410 23 20 af
422 1410 111 20 småsaker
548 1411 7 19 i
570 1410 59 19 detta
644 1410 129 24 hänseende;
784 1415 50 14 men

151 1447 207 19 Kommunalutskottets
369 1447 111 18 betänkande
491 1447 33 19 N:o
538 1448 15 17 1.
