1050 1711
224 128 14 21 8
533 128 40 21 N:o
589 128 20 21 2.

503 196 32 18 15
557 195 78 22 kap.

546 252 48 28 28.

262 292 40 25 De,
324 298 46 16 som
392 291 33 22 för
447 292 66 21 andra
535 291 61 29 måge
617 292 46 21 tala
681 291 40 22 och
735 297 69 22 svara,
819 291 61 22 skola
894 287 54 26 vara

194 325 138 29 oberyktade,
347 326 74 27 ärlige,
437 326 82 27 redlige
533 327 40 22 och
588 325 133 28 förståndige
735 327 57 21 män.
815 325 26 28 Ej
856 325 40 22 bör
910 327 38 20 nå-

193 366 42 22 gon
256 361 164 27 allmänneligen
443 361 72 22 dertill
534 361 87 26 brukas,
637 367 45 15 som
697 361 24 21 af
734 362 78 24 rätten,
828 360 38 22 der
880 360 68 22 saken

194 394 85 28 drifves,
303 395 19 27 ej
345 395 100 27 godkänd
467 397 30 26 är,
513 395 40 22 och
568 395 31 22 lof
613 395 72 22 dertill
699 395 49 22 fått.
777 394 41 23 Vid
834 395 114 22 underrätt

194 429 43 22 kan
259 432 49 24 part
330 429 33 22 till
386 429 121 28 fullmäktig
529 429 69 22 bruka
621 429 31 22 sin
667 429 131 28 skyldeman,
814 429 54 22 eller
882 429 65 22 den
934 425 17 36 i

193 463 54 22 hans
270 464 66 27 tjenst
358 465 30 26 är,
411 463 52 22 eller
482 464 42 21 han
540 464 61 27 eljest
615 463 74 22 hafver
704 463 122 22 förtroende
840 463 41 27 till,
897 470 50 15 men

193 498 8 21 i
215 497 67 28 högre
296 499 45 21 rätt
356 497 35 22 må
405 498 26 27 ej,
446 500 60 19 utom
521 498 7 21 i
543 498 36 21 det
593 498 46 26 fall,
655 504 45 15 som
715 498 7 21 i
738 499 12 20 6
766 498 12 27 &
793 499 69 25 säges,
876 503 72 16 annan

194 532 71 22 såsom
280 531 204 29 rättegångsombud
498 533 132 27 godkännas,
645 534 28 20 än
689 533 47 26 den,
751 538 45 15 som
812 531 35 22 vid
861 532 85 22 landets

194 567 124 21 universitet
332 567 115 27 undergått
465 567 76 21 sådant
559 567 74 21 förhör
648 567 7 21 i
669 566 167 28 lagfarenheten,
853 572 46 16 som
914 566 34 22 för

194 601 100 27 utöfning
308 601 24 22 af
345 600 171 23 domareembete
539 602 52 21 eller
613 600 106 22 vinnande
734 600 24 22 af
770 601 66 27 tjenst
850 601 36 21 vid
902 601 46 21 lan-

194 636 47 22 dets
256 636 77 27 högsta
348 636 142 27 styrelseverk
505 638 24 20 är
539 635 142 23 föreskrifvet.
708 635 136 28 Tjensteman
855 636 35 21 må
900 635 46 23 icke

194 671 33 22 för
242 671 104 27 sakegare
361 670 52 28 tala,
429 672 39 20 när
484 671 35 22 det
534 672 57 20 emot
605 671 56 21 hans
676 670 138 28 embetspligt
828 670 84 22 strider.

503 770 33 17 16
556 768 79 23 kap.

545 825 49 29 48.

262 866 45 22 Gör
329 866 70 28 nägon
421 872 68 16 annan
512 866 135 28 invändning,
667 868 26 19 än
712 872 29 15 nu
756 865 62 27 sagdt
833 867 30 25 är,
878 865 69 22 ehvad

194 900 37 23 det
246 903 24 19 är
284 903 58 20 emot
357 900 107 28 domaren,
488 901 53 22 eller
556 903 57 21 emot
628 901 151 27 vederpartens
794 906 84 22 person,
895 900 53 21 eller

194 937 32 20 att
240 936 43 21 han
298 935 19 27 ej
333 935 38 22 vill
385 935 67 22 inläta
467 935 32 27 sig
514 936 7 21 i
536 936 80 22 tvisten
632 935 48 23 med
695 935 85 26 honom,
791 935 51 21 eller
853 936 33 20 att
895 934 52 22 flere

193 969 64 23 hafva
271 970 8 21 i
294 969 68 21 saken
378 968 41 28 del,
439 970 52 21 eller
509 972 58 20 emot
581 970 90 27 vittnen,
687 970 52 21 eller
754 968 68 22 ehvad
837 969 63 27 eljest
914 969 34 21 in-

195 1004 86 26 vändes,
297 1004 101 27 antingen
414 1004 65 26 förut,
494 1004 51 22 eller
554 1004 72 26 sedan
640 1004 41 22 han
691 1004 80 27 begynt
781 1004 6 20 i
796 999 68 26 saken
875 1009 73 21 svara;

194 1038 55 28 gifve
272 1039 103 21 domaren
397 1038 38 22 sitt
457 1038 72 28 utslag
544 1038 98 22 deröfver
657 1038 107 27 särskildt,
780 1044 34 16 om
828 1038 66 21 mälet
910 1038 37 21 det

193 1072 96 22 fordrar:
305 1072 40 22 och
360 1072 100 28 antingen
476 1073 36 22 det
527 1074 7 20 i
549 1073 146 22 hufvudsaken
710 1072 75 22 binder
795 1072 51 22 eller
856 1072 26 27 ej,
893 1071 53 23 fort-

194 1108 46 21 fare
255 1108 41 21 han
312 1108 19 26 ej
347 1108 48 20 dess
411 1107 81 22 mindre
506 1110 75 24 genast
593 1107 65 27 derpä
668 1107 49 21 med
726 1106 154 27 hufvudsaken,
891 1106 57 22 ändä

194 1144 32 19 att
240 1141 122 27 nägondera
383 1143 76 26 parten
482 1142 38 21 sitt
542 1141 99 27 missnöje
657 1141 107 26 förklarar
778 1141 57 21 inom
851 1140 41 22 den
908 1141 39 26 tid,

194 1181 45 16 som
254 1176 8 21 i
278 1177 9 20 1
305 1175 39 22 och
360 1176 13 21 2
388 1175 25 28 $$
428 1175 91 28 stadgad
540 1177 31 20 är.
601 1175 25 27 Ej
645 1175 35 22 mä
695 1174 161 23 öfverdomaren
871 1175 77 21 besvär

194 1210 59 21 öfver
268 1209 28 22 fel
312 1211 6 20 i
334 1210 139 27 rättegången
489 1212 115 25 emottaga,
620 1210 65 21 innan
699 1210 171 21 underdomaren
882 1209 7 22 i
899 1209 48 21 huf-

193 1244 108 21 vudsaken
316 1243 66 22 dömt.
412 1244 68 21 Söker
496 1245 48 25 den,
561 1250 45 15 som
616 1245 81 24 tappat,
708 1244 66 25 högre
784 1245 44 19 rätt
838 1243 7 20 i
855 1243 91 21 hufvud-

193 1277 77 26 saken;
286 1277 77 21 stände
378 1277 78 22 honom
472 1277 27 21 dä
514 1277 47 21 fritt
571 1277 47 21 sina
628 1276 76 22 besvär
714 1277 7 21 i
733 1277 25 21 de
766 1277 44 26 fall,
822 1282 45 16 som
879 1277 68 27 sagda

194 1313 44 26 äro,
253 1311 69 22 tillika
337 1310 109 23 framföra.

545 1375 13 21 5
574 1375 19 27 8.

262 1415 50 21 Alla
334 1415 153 26 invändningar
509 1415 60 22 skola
584 1415 8 20 i
607 1414 151 28 rättegångens
780 1415 74 27 början
876 1414 29 28 på
920 1421 26 15 en

193 1449 56 28 gång
270 1449 87 28 företes,
380 1449 37 22 der
436 1450 26 21 de
481 1450 82 21 sådana
578 1451 45 25 äro,
639 1451 32 20 att
687 1449 35 22 det
738 1449 38 22 ske
791 1449 49 22 kan.
869 1449 78 22 Finnes
