1056 1714
201 124 26 20 34

427 122 30 22 U.
473 122 28 22 B.
516 133 28 4 —
559 122 75 26 Prop.
649 121 40 22 N:o
705 120 21 23 1.

337 191 52 27 ning
399 192 56 20 samt
463 191 47 21 med
520 190 71 23 hvilka
601 189 102 29 förbehåll
711 188 95 23 enskildt
817 188 137 23 skoldistrikt

339 232 48 20 eger
408 226 34 20 att
463 224 60 28 sjelft
545 224 125 22 handhafva
688 224 33 21 sin
737 224 106 22 folkskola
857 224 39 21 och
912 224 41 21 den

338 266 81 16 samma
434 260 47 21 med
496 259 52 22 eller
562 260 54 21 utan
631 258 78 28 bidrag
723 258 48 22 från
783 259 126 21 kommunen
919 258 35 21 be-

337 295 70 21 kosta.
437 294 31 28 Ej
490 294 35 22 må
547 294 51 22 dock
616 293 92 22 enskildt
722 293 132 22 skoldistrikt
868 293 85 22 undan-

339 329 78 28 dragas
432 329 139 22 kommunens
587 328 74 28 tillsyn
676 328 37 22 och
728 326 97 24 kontroll.

623 392 13 28 8
651 394 19 19 6.

407 433 44 21 För
465 432 74 29 hvarje
553 432 64 29 högre
631 432 109 28 folkskola,
755 439 45 15 som
815 432 33 22 till
862 432 55 28 följd
932 432 27 28 af

338 468 73 22 denna
431 468 130 28 förordning
583 468 95 21 inrättas
700 467 8 21 i
730 467 107 27 kommun,
860 467 36 21 der
910 467 45 21 icke

338 510 44 14 mer
404 505 30 20 än
448 502 72 28 1,000
533 502 136 22 innevånare
684 502 71 27 belöpa
770 502 33 28 sig
815 502 31 27 pä
861 509 27 15 en
902 502 52 28 folk-

338 537 64 28 skola,
421 545 48 20 eger
484 537 128 22 kommunen
627 537 27 27 af
666 537 112 22 allmänna
793 537 67 21 medel
874 536 81 23 erhälla

339 572 186 28 byggnadsbidrag
540 579 33 14 om
588 571 74 28 3,000
676 571 32 22 till
723 571 74 28 5,000
810 571 67 22 mark.

623 635 48 28 87.

406 677 60 21 Inom
488 678 31 20 tre
541 677 35 21 års
598 675 85 28 förlopp
706 675 56 22 efter
777 675 36 22 det
828 676 70 22 denna
912 676 43 21 för-

339 711 90 27 ordning
457 711 108 22 utfärdats
588 710 56 22 skall
666 711 137 21 kommunens
826 711 70 21 beslut
918 717 38 15 an-

339 742 83 31 gående
438 745 41 22 den
494 745 7 22 i
520 748 7 19 1
545 745 39 22 och
600 747 12 19 2
629 744 24 29 $$
668 744 108 28 stadgade
791 745 164 22 distriktsindel-

339 781 80 27 ningen
435 786 52 16 vara
503 779 32 22 till
551 780 139 22 Guvernören
705 779 87 22 insänd.

625 845 47 26 88.

407 883 56 22 Lika
478 883 47 21 med
540 883 13 28 &
568 885 12 19 6
596 883 8 21 i
619 882 152 23 betänkandet.

270 992 50 22 Ifall
336 992 61 22 detta
411 992 50 22 mitt
475 992 135 22 vördsamma
626 992 82 28 förslag
723 993 77 23 varder
815 993 7 21 i
832 993 123 23 hufvudsak

203 1027 118 28 godkändt,
337 1027 61 22 torde
413 1026 63 23 deraf
489 1026 61 29 följa:

407 1092 31 19 att
455 1090 93 28 frågans
561 1090 117 27 finansiela
693 1090 59 22 delar
766 1090 140 28 öfverlemnas
921 1091 32 21 till

341 1124 170 22 Statsutskottets
525 1124 75 22 vidare
614 1124 136 28 behandling.

681 1182 23 22 V.
721 1181 25 23 M.
762 1187 42 17 von
821 1182 65 23 Born.

270 1250 11 20 I
296 1250 156 21 ofvanstäende
467 1250 133 22 reservation
615 1250 75 21 förena
705 1250 44 26 sig:

304 1312 30 22 N.
353 1311 22 22 O.
392 1311 154 23 Nordensköld.
662 1312 123 22 Alexander
799 1312 105 28 Aminoff.

305 1346 72 23 Frans
392 1346 110 23 Eriksson.
664 1346 76 23 Fredr.
758 1347 123 22 Stenström.

494 1381 73 22 Albert
582 1381 81 22 Lindh.

337 1451 101 17 Helsingfors,
449 1451 56 14 Finska
515 1451 174 17 Litteratursällskapets
700 1452 70 17 tryckeri,
780 1451 39 15 1897.
