1056 1714
116 202 26 23 14
158 203 22 28 8.

118 614 26 24 18
160 615 22 29 8.

117 1269 25 22 19
159 1270 22 28 8.

198 136 28 19 24
422 133 30 23 U.
468 134 29 22 B.
512 147 27 2 —
555 134 73 27 Prop.
643 133 42 22 N:o
700 133 22 22 6.

266 202 114 21 Utskottet
401 203 40 20 har
463 201 71 22 funnit
555 202 47 22 icke
624 201 49 22 fullt
694 202 133 26 konseqvent
841 207 54 17 vara
910 203 39 24 att,

200 235 76 22 endast
291 235 59 22 förut
364 235 102 23 innehafd
482 236 136 22 ordförande-
633 235 52 23 eller
695 235 256 22 viceordförandebefatt-

198 270 54 27 ning
272 270 8 21 i
302 271 211 21 kommunalstämma
535 271 69 22 skulle
618 270 110 27 berättiga
743 270 33 21 till
791 270 108 27 afsägelse
913 270 38 22 vid

199 305 27 22 de
248 304 42 27 val,
312 311 45 15 som
379 305 89 21 omtalas
483 304 8 22 i
507 306 26 19 14
548 306 13 25 8
577 306 10 20 1
605 311 59 15 mom.
682 304 24 21 af
718 305 51 21 nåd.
784 305 165 27 propositionen,

198 339 66 22 ehuru
279 338 107 22 särskilda
400 339 68 22 andra
483 339 134 22 kommunala
631 339 100 28 uppdrag
746 339 69 28 enligt
829 339 74 28 regeln
914 341 38 20 äro

198 379 58 16 mera
278 373 138 28 betungande
438 376 28 19 än
488 373 69 22 dessa.
587 373 31 22 Af
637 373 68 22 sådan
726 373 116 28 anledning
857 374 40 21 har
911 374 39 22 Ut-

197 408 82 22 skottet
300 408 40 21 här
359 408 72 27 tillagt
445 409 136 27 bestämning
597 409 87 26 derhän,
701 410 33 20 att
746 408 81 27 jemväl
843 409 47 27 den,
906 415 45 15 som

198 442 58 23 varit
271 442 128 22 ordförande
410 443 37 22 hos
457 443 264 28 kommunalfullmäktige,
737 443 2 21 i
749 443 202 22 kommunalnämnd

199 477 53 22 eller
266 477 101 27 likartad,
391 477 32 22 för
438 477 165 28 verkställighet
618 478 39 21 och
671 477 135 28 förvaltning
821 477 24 22 af
857 477 95 22 kommu-

198 518 53 15 nens
266 518 157 21 gemensamma
438 512 182 28 angelägenheter
634 512 79 22 tillsatt
728 512 97 27 styrelse,
841 512 55 27 egde
906 514 45 20 rätt

198 549 34 19 att
254 547 76 27 afsäga
353 547 34 27 sig
409 547 136 22 ordförande-
561 547 51 22 eller
626 547 302 28 viceordförandeuppdraget
943 547 7 22 i

197 581 218 22 kommunalstämma.

266 615 164 28 Medgifvandet
451 616 8 21 i
482 618 25 20 18
530 616 11 28 $
556 617 33 21 att
603 616 213 22 kommunalstämma
831 616 34 21 må
880 616 71 21 hållas

194 650 82 28 jemväl
290 651 14 21 å
319 652 47 20 sön-
379 650 51 22 eller
444 650 95 28 helgdag
554 650 39 22 har
608 650 25 22 af
646 657 26 15 en
687 650 35 22 del
737 650 136 22 medlemmar
887 650 7 22 i
910 650 40 22 Ut-

196 686 82 21 skottet
300 686 61 27 synts
377 685 125 27 opåkalladt
517 686 38 21 och
571 685 80 28 jemväl
666 685 126 22 kränkande
807 684 78 22 folkets
901 684 49 22 reli-

197 720 61 27 giösa
278 720 82 27 känsla,
384 720 87 21 emedan
496 720 117 22 detsamma
635 720 102 22 innebure
760 722 32 20 ett
814 719 72 28 afsteg
901 719 50 22 från

196 754 67 22 budet
278 760 32 16 om
325 754 140 27 hvilodagens
480 754 70 28 helgd.
581 754 123 22 Utskottets
719 754 71 22 flertal
805 755 40 21 har
860 754 54 22 dock
930 754 20 28 ej

196 788 71 22 funnit
289 789 47 21 skäl
354 790 34 20 att
402 789 129 21 härutinnan
554 788 79 23 föreslå
655 789 73 27 någon
750 789 93 27 ändring
865 788 24 22 af
909 789 42 21 den

196 823 50 22 nåd.
262 823 164 27 propositionen,
443 823 44 22 dels
502 824 90 22 emedan
607 823 113 23 enahanda
730 823 130 28 begifvande
871 823 80 22 beträf-

197 858 65 22 fande
286 860 61 20 extra
368 860 91 20 stämma
480 858 65 28 ingår
567 858 66 22 redan
648 858 7 21 i
671 858 100 28 gällande
786 857 165 23 kommunalför-

196 892 91 28 ordning
303 893 38 22 och
356 894 30 26 på
400 893 70 28 grund
485 893 63 22 deraf
560 894 84 27 ganska
655 893 88 21 allmänt
753 893 85 27 tagits
832 888 10 37 i
849 893 100 27 anspråk,

196 928 33 22 till
244 928 90 21 fromma
348 928 61 22 såväl
424 928 34 22 för
471 928 163 27 kyrkobesöken
649 934 44 16 som
708 927 35 22 för
757 928 159 28 behandlingen
927 927 26 22 af

197 962 26 22 de
245 962 135 21 kommunala
402 962 219 28 angelägenheterna;
645 962 44 22 dels
705 963 39 21 ock
760 962 90 22 emedan
865 963 37 21 det
917 962 34 21 för

196 996 112 28 allmogen,
326 996 125 28 isynnerhet
468 997 32 21 uti
513 997 134 21 vidsträckta
662 997 129 25 kommuner,
808 996 142 23 tvifvelsutan

196 1037 51 16 vore
269 1031 84 27 ganska
375 1031 137 28 betungande
527 1033 34 20 att
575 1031 34 22 för
631 1032 123 22 bivistande
774 1031 25 22 af
818 1031 132 22 kommunal-

195 1068 91 19 stämma
308 1065 141 28 ovilkorligen
471 1068 54 25 göra
547 1072 27 15 en
595 1066 57 21 skild
669 1072 49 16 resa
732 1066 34 21 till
784 1066 41 21 den
847 1066 102 27 vanligen

196 1100 59 22 invid
270 1100 84 27 kyrkan
369 1099 154 29 försiggående
538 1102 105 20 stämman
657 1102 56 20 samt
728 1100 72 21 dertill
815 1100 96 27 uppoffra
922 1106 27 16 en

196 1134 117 27 arbetsdag
328 1134 52 22 eller
395 1134 36 22 del
439 1134 73 27 deraf;
522 1134 44 22 dels
574 1135 101 27 slutligen
686 1134 90 22 emedan
791 1134 56 22 både
862 1134 87 22 sockne-

196 1169 40 21 och
250 1168 171 28 kyrkostämmor
441 1169 24 21 af
479 1169 61 22 ålder
554 1169 75 27 plägat
644 1169 69 21 hållas
729 1169 13 21 å
757 1168 121 28 helgdagar
892 1171 57 19 samt

196 1203 143 21 allmänheten
354 1203 91 21 sålunda
459 1205 54 20 vant
527 1203 34 27 sig
575 1203 37 22 vid
627 1205 34 19 att
674 1204 47 21 icke
731 1203 73 22 häruti
813 1203 58 21 finna
881 1204 68 26 något

196 1237 34 21 för
244 1237 160 27 sabbatsdagen
419 1238 101 21 störande
535 1237 143 22 förhållande.

266 1270 135 27 Stadgandet
419 1270 32 21 uti
470 1273 25 19 19
510 1272 13 25 &
538 1270 71 22 derom
625 1272 33 20 att
671 1270 212 22 kommunalstämma
897 1270 52 22 ovil-

195 1304 99 28 korligen
316 1304 66 22 borde
399 1304 70 22 hållas
484 1304 29 22 då
527 1304 228 22 kommunalnämnden
771 1304 52 22 eller
838 1304 47 22 dess
901 1304 48 21 ord-

195 1338 91 23 förande
308 1339 72 22 derom
402 1339 97 22 anhåller
520 1340 40 21 har
574 1339 113 22 Utskottet
701 1339 48 22 icke
764 1340 83 21 kunnat
861 1338 88 22 förorda

195 1373 34 22 till
242 1373 164 28 godkännande,
421 1373 56 22 helst
491 1373 237 22 kommunalstämmans
744 1373 129 22 ordförande
891 1373 57 22 häri-

196 1415 75 21 genom
286 1409 83 21 komme
384 1409 33 20 att
432 1408 129 22 åtminstone
575 1407 86 23 formelt
675 1408 86 22 befinna
775 1408 35 28 sig
824 1408 8 21 i
847 1409 33 21 ett
893 1408 56 22 visst

263 1448 206 19 Kommunalutskottets
481 1449 110 18 betänkande
602 1448 34 19 N:o
649 1449 15 17 1.
