1042 1703
208 132 28 21 38
401 130 29 22 U.
445 130 28 22 B.
489 144 27 2 —
532 130 75 28 Prop.
623 129 45 23 N:o
683 129 22 22 2.

487 236 36 18 10
541 236 75 23 kap.

531 304 9 19 1
559 301 19 30 $.

250 355 45 21 Vill
318 361 48 15 man
391 354 33 22 till
448 361 71 15 annan
542 355 61 27 kära,
627 354 71 22 ehvad
722 354 37 22 det
775 356 26 20 är
815 354 36 22 för
866 354 59 28 gäld,

178 390 56 22 eller
256 391 7 21 i
288 392 66 20 annat
375 390 119 28 tvistemäl,
519 397 45 15 som
588 390 51 22 dess
654 396 80 21 person
750 392 71 25 rörer;
837 390 45 22 läte
898 390 27 21 dä

178 428 92 20 stämma
289 426 77 22 honom
389 426 36 22 till
448 426 42 22 den
513 428 52 26 rätt,
589 426 110 22 derunder
721 426 43 22 han
788 426 39 22 sitt
843 426 26 21 bo
886 426 40 22 och

178 462 96 22 hemvist
296 461 84 23 hafver.
412 462 92 28 Hustru,
523 462 40 22 och
579 462 54 21 barn
649 462 78 22 medan
743 462 27 22 de
785 462 85 22 hemma
885 464 42 19 när

178 497 110 21 föräldrar
310 500 45 24 äro,
380 497 52 28 lyda
454 498 69 21 under
545 498 42 22 den
601 500 54 24 rätt,
672 504 46 15 som
734 504 49 15 man
799 498 40 21 och
854 497 71 27 fader;

178 533 40 22 och
240 533 140 28 tjenstehjon,
406 533 40 22 der
464 534 28 21 de
508 534 33 21 sin
557 533 68 28 tjenst
640 532 73 23 hafva.
743 533 56 28 Den,
815 540 46 15 som
877 534 49 21 icke

178 569 57 21 inom
258 569 76 22 landet
357 568 78 23 hafver
458 570 82 27 stadigt
561 569 95 26 hemvist
671 569 56 22 eller
743 571 25 20 är
784 569 141 27 främmande,

182 605 65 21 sökes
263 605 39 21 der
318 605 43 21 han
377 605 70 22 finnes
464 606 54 21 eller
533 605 54 28 gods
604 605 7 21 i
627 605 75 22 landet
718 611 59 21 eger.
793 605 80 27 (utesl).
888 604 38 22 Id-

181 639 41 22 kar
237 641 72 27 någon
321 641 13 21 &
345 641 39 26 ort,
396 641 38 21 der
444 641 45 21 han
500 641 20 28 ej
530 641 42 22 har
582 641 38 21 sitt
629 640 22 22 bo
663 640 36 21 och
709 641 96 27 hemvist,
812 640 114 28 jordbruk,

176 675 148 29 talriksdrift,
340 676 80 22 handel
435 676 9 21 i
459 676 104 22 särskildt
572 676 197 28 försäljningsrum
787 676 51 22 eller
848 683 78 15 annan

180 712 69 21 sådan
272 711 85 27 rörelse,
380 712 35 22 mä
431 712 45 22 han
485 712 40 27 för
539 712 136 27 förbindelse,
691 719 44 14 som
751 712 126 22 omedelbart
885 712 42 27 för

180 747 41 21 den
241 748 81 21 rörelse
341 748 89 28 ingåtts,
454 748 77 22 kunna
553 748 64 21 sökas
639 748 38 21 der
700 747 95 23 rörelsen
814 748 113 27 bedrifves.

180 783 34 22 Nu
237 784 40 21 vill
298 784 42 22 den
359 784 85 22 stämde
467 784 55 22 kära
545 784 34 22 till
600 784 77 21 honom
698 784 58 27 igen,
773 790 46 16 som
835 786 92 20 stämma

179 819 59 27 låtit;
263 826 52 15 vare
338 820 43 21 han
405 820 40 21 ock
469 820 90 27 skyldig
582 820 37 22 vid
643 826 80 15 samma
739 822 46 19 rätt
801 826 70 21 svara,
888 820 40 21 der

179 855 72 21 målen
267 856 49 21 med
332 856 124 21 hvarandra
472 855 133 27 gemenskap
621 855 71 22 hafva.

524 934 23 19 11
566 932 18 28 8.

250 986 86 21 Förena
359 986 34 27 sig
416 988 104 24 parterne
543 986 7 21 i
573 986 119 27 tvistemäl,
717 992 45 16 som
782 986 39 22 hör
836 986 36 22 till
887 987 40 21 all-

179 1023 50 19 män
252 1022 122 27 underrätt,
398 1028 33 14 om
456 1028 71 15 annan
543 1022 68 21 sådan
624 1022 96 21 domstol
736 1024 28 19 än
781 1028 28 15 nu
825 1024 25 19 är
866 1022 61 27 sagd,

179 1063 53 15 vare
248 1057 42 21 den
306 1057 92 27 behörig
414 1059 32 19 att
462 1057 124 28 handlägga
602 1057 75 28 saken,
695 1057 39 22 der
750 1057 66 22 målet
827 1057 19 28 ej
858 1058 70 27 angår

173 1091 110 28 fastighet
307 1093 55 21 eller
384 1092 125 28 utmätning
529 1093 24 26 af
567 1093 46 26 fast
629 1092 50 21 eller
694 1093 33 21 lös
744 1093 111 28 egendom,
873 1094 55 21 eller

180 1128 42 21 ock
237 1128 99 21 konkurs
352 1128 56 21 eller
423 1128 116 21 boskilnad
555 1128 56 21 eller
627 1127 26 22 de
669 1128 50 27 mål,
737 1134 45 15 som
798 1129 8 20 i
822 1131 19 24 2,
859 1131 12 18 3
888 1129 40 20 och

179 1164 15 20 4
217 1163 26 29 88
267 1163 94 22 nämnda
384 1165 44 19 äro.
459 1163 27 27 Ej
510 1163 71 22 heller
605 1163 34 21 må
655 1163 62 28 tvist,
733 1170 45 15 som
795 1164 70 27 enligt
881 1166 46 19 sär-

179 1199 73 21 skilda
271 1198 136 28 stadganden
423 1199 39 21 bör
479 1199 119 21 behandlas
614 1199 38 21 vid
667 1198 168 27 rådstufvurätt,
852 1199 25 21 af
889 1200 38 20 hä-

178 1234 100 21 radsrätt
293 1236 113 24 upptagas.

250 1268 62 22 Aftal
336 1275 32 15 om
392 1268 50 27 laga
466 1268 91 22 domstol
573 1269 7 21 i
596 1268 113 22 tvistemål
725 1269 58 21 skall
799 1268 128 28 skriftligen

177 1306 117 24 upprättas
313 1304 40 22 och
370 1304 121 22 domstolen
506 1307 56 19 samt
578 1304 80 27 sjelfva
673 1304 70 22 saken
759 1304 48 22 deri
822 1310 56 22 noga
894 1307 33 19 ut-

179 1342 76 20 sättas.
286 1335 32 27 Är
341 1340 50 27 mål,
415 1340 90 22 hvarom
521 1340 79 22 sådant
615 1339 56 23 aftal
686 1340 35 22 får
737 1340 25 22 af
776 1343 103 24 parterne
895 1341 32 21 in-

177 1376 49 27 gås,
250 1376 106 22 instämdt
378 1376 35 21 till
437 1382 71 15 annan
532 1377 116 22 underrätt
671 1379 28 19 än
722 1377 37 27 lag
782 1377 8 21 i
808 1377 119 22 allmänhet

179 1412 97 27 stadgar,
293 1419 53 15 vare
362 1412 43 27 det,
422 1412 85 21 ändock
523 1415 32 18 att
571 1412 54 22 aftal
642 1412 19 27 ej
671 1413 66 28 skett,
750 1413 39 22 der
800 1413 127 28 handlagdt,

250 1461 140 22 Lagutskottets
403 1461 116 18 betänkande
532 1461 36 18 N:o
581 1461 16 18 5.
