1034 1714
235 144 26 18 14
402 141 82 23 Ständ.
500 140 37 23 Sv.
555 154 22 3 —
594 141 72 27 Prop.
681 141 44 22 N:o
741 141 22 21 2.

205 206 84 22 sådana
308 206 81 28 utslag,
410 214 47 13 som
472 206 110 21 innefatta
597 206 113 28 ogillande
726 206 25 20 af
764 205 141 29 invändning
921 213 37 14 om

205 241 108 22 domstols
336 241 137 28 behörighet.
504 241 36 21 Då
563 240 44 22 den
628 248 32 14 nu
681 240 98 22 berörda
794 240 163 29 förändringen

204 274 94 23 innebär
320 275 97 29 ändring
440 276 24 21 af
479 278 11 19 1
507 276 42 20 och
564 278 13 19 4
593 275 29 29 $$
640 277 25 19 16
680 275 51 29 kap.
747 275 28 21 R.
791 275 33 25 B.,
840 275 41 21 har
896 274 62 22 detta

204 310 35 21 uti
253 310 118 29 ingressen
386 310 33 21 till
434 310 164 29 författningen
613 310 227 29 uppmärksammats.

273 345 60 21 Enär
349 344 134 29 stadgandet
497 345 8 21 i
522 352 79 15 senare
611 347 123 19 momentet
744 345 24 21 af
778 347 13 19 4
802 344 14 29 8
827 345 80 21 endast
915 344 42 22 har

205 379 106 22 afseende
325 381 30 27 pä
369 379 112 26 brottmål,
496 380 42 20 har
553 382 32 19 ett
599 379 169 29 förtydligande
783 379 9 21 i
802 379 80 21 sådant
897 379 60 28 syfte

205 414 7 22 i
227 416 122 20 momentet
363 414 88 26 införts,
466 414 125 28 hvarjemte
607 414 126 22 Ständerna
747 414 77 22 funnit
834 414 70 22 orden
916 414 43 26 ,el-

204 449 33 21 ler
251 448 60 22 vite*
327 448 56 22 böra
396 456 28 14 ur
439 452 123 19 momentet
576 450 61 27 utgä.

272 483 42 22 Uti
329 485 11 19 1
357 486 121 19 momentet
492 483 24 22 af
526 486 12 18 5
549 484 14 28 &
577 483 65 29 ingår
653 483 69 21 bland
735 486 68 18 annat
813 483 144 29 bestämning

205 518 84 25 derom,
312 520 33 18 att
361 520 57 26 part,
442 525 48 14 som
506 520 13 18 ä
533 517 197 29 inställelsedagen
751 517 207 22 tillstädeskommit

205 553 42 22 och
261 552 84 29 uttagit
363 553 117 28 dupletten
495 553 26 21 af
532 553 162 28 vederpartens
710 552 245 29 ändringsansökning,

204 587 41 22 bör
259 587 50 22 före
323 587 97 21 klockan
435 587 42 21 tolf
497 589 6 19 å
519 594 84 14 samma
618 587 44 28 dag
676 587 8 21 i
698 589 65 19 nästa
777 587 71 22 vecka
859 587 98 22 derefter

204 621 33 22 till
259 621 115 22 hofrätten
390 621 88 29 ingifva
494 622 39 21 sitt
548 629 52 14 svar
612 621 69 28 jemte
697 621 89 28 duplett
801 621 66 22 deraf
880 621 77 22 äfven-

204 663 49 14 som
271 655 114 22 afskrifter
401 657 25 20 af
438 656 91 29 bilagda
543 656 71 25 bevis,
633 655 93 22 hvilken
741 656 87 28 duplett
842 655 69 29 jemte
926 655 32 21 af-

205 690 122 22 skrifterna
347 693 128 26 motparten
498 691 28 21 dä
548 698 53 21 eger
622 693 87 26 uttaga;
732 691 43 21 och
793 691 61 28 finge
870 691 87 21 säledes

205 725 43 22 den
271 725 192 22 tillstädeskomne
484 728 134 27 motparten,
634 725 9 22 i
656 725 72 22 likhet
750 725 51 22 med
818 725 61 22 hvad
894 725 63 22 fallet

205 763 24 18 är
250 759 40 22 vid
305 760 28 21 de
348 767 32 14 nu
394 759 61 22 inför
480 760 97 21 sittande
598 760 85 21 hofrätt
700 760 8 21 i
725 759 97 29 vädjade
840 760 45 21 mäl
907 760 44 21 för-

205 794 122 29 siggäende
342 801 124 22 uppropen,
483 795 20 28 ej
520 797 13 19 &
547 796 76 27 nägon
639 802 74 14 annan
724 795 44 28 dag
779 797 29 18 än
818 801 85 15 samma
913 795 45 27 dag

203 829 8 20 i
226 831 65 20 nästa
314 829 71 21 vecka
407 829 34 21 till
462 829 115 22 hofrätten
593 828 88 29 ingifva
696 829 40 21 sitt
750 829 140 21 bemötande.
921 829 36 20 Dä

204 863 123 22 emellertid
349 871 89 21 upprop
459 864 60 21 inför
533 863 115 22 hofrätten
662 863 50 22 icke
727 863 78 22 vidare
820 864 89 21 komme
924 866 33 19 att

205 905 42 22 ega
261 905 56 19 rum,
333 901 55 18 utan
403 899 163 27 svarandepart
580 898 60 28 finge
655 898 98 21 inlemna
768 898 40 21 sitt
822 897 136 23 bemötande

204 933 34 21 till
259 933 126 22 hofrättens
408 933 70 26 arkiv,
501 933 41 21 har
561 933 38 21 det
615 935 64 26 synts
695 933 95 28 onödigt
805 935 33 19 att
853 933 105 21 fasthälla

203 967 173 29 bestämningen
398 967 83 26 derom,
498 970 33 19 att
545 967 96 22 berörda
655 967 134 22 bemötande
804 969 71 20 mäste
890 967 67 28 ingif-

204 1010 40 14 vas
260 1004 13 20 &
287 1002 47 22 viss
357 1003 50 27 dag.
438 1002 127 22 Ständerna
586 1001 68 23 hafva
675 1001 76 23 derför
774 1005 74 19 ansett
869 1004 32 20 att
917 1001 38 22 det

203 1037 71 22 borde
295 1037 86 21 lemnas
396 1036 162 29 svarandepart
573 1039 68 26 öppet
656 1040 32 18 att
703 1038 13 19 ä
731 1037 51 28 dag,
798 1044 48 14 som
860 1037 46 21 han
921 1037 36 21 för

203 1072 56 28 godt
273 1072 80 25 finner,
369 1071 97 28 fullgöra
482 1071 39 22 sitt
536 1071 118 29 äliggande
669 1071 145 25 härutinnan,
824 1071 58 21 blott
894 1071 61 21 detta

205 1107 51 21 sker
277 1106 62 21 inom
362 1106 43 21 den
427 1106 116 28 förelagda
564 1106 69 25 tiden,
655 1106 40 20 vid
713 1105 87 21 hvilket
816 1105 140 21 förhällande

205 1141 224 29 ändringssökanden
451 1141 51 22 icke
523 1141 70 21 heller
615 1148 55 14 vore
691 1144 103 25 tvungen
812 1143 32 19 att
863 1141 94 21 invänta

204 1176 44 20 den
263 1175 56 22 sista
333 1175 73 29 dagen
422 1175 34 21 för
472 1176 133 27 uttagandet
620 1175 25 21 af
657 1178 141 26 motpartens
815 1175 93 28 duplett.

273 1210 51 21 Den
346 1210 8 20 i
375 1210 142 21 förestäende
539 1212 69 19 mätto
632 1210 35 20 för
689 1209 133 28 ingifvande
841 1209 25 21 af
879 1216 78 21 excep-

204 1244 128 21 tionsskrift
347 1246 84 18 utsatta
444 1244 64 21 tiden
524 1244 25 20 af
557 1252 28 13 en
595 1244 77 24 vecka,
682 1243 94 21 hvilken
786 1247 24 17 är
821 1244 135 24 densamma,

205 1284 48 14 som
274 1277 111 21 härintills
407 1277 59 21 varit
488 1277 103 27 gällande
606 1276 8 21 i
629 1276 95 28 vädjade
746 1277 51 25 mål,
813 1277 41 21 har
869 1278 86 20 ansetts

204 1312 55 21 böra
273 1313 70 28 nägot
358 1311 120 28 förlängas.
501 1312 11 20 1
529 1310 27 22 de
571 1311 64 21 flesta
650 1310 40 21 fall
700 1310 124 22 företrädes
836 1310 119 22 svarande-

203 1348 51 27 part
269 1346 8 21 i
291 1346 86 22 hofrätt
392 1346 25 21 af
430 1345 155 23 ombudsman.
615 1344 87 22 Dervid
716 1346 46 20 kan
778 1345 37 22 det
830 1345 36 21 för
880 1345 76 22 bemö-

204 1382 89 20 tandets
317 1380 122 22 affattande
462 1380 46 22 ofta
523 1388 55 14 vara
591 1380 143 28 nödvändigt
749 1380 35 21 för
800 1380 107 22 ombudet
923 1382 32 20 att

204 1416 102 22 meddela
329 1416 34 28 sig
384 1416 52 21 med
459 1415 34 21 sin
508 1415 143 22 hufvudman
664 1415 140 22 beträffande
820 1416 28 20 de
864 1415 24 21 af
901 1417 56 19 mot-

203 1454 80 26 parten
298 1451 8 21 i
322 1450 85 22 dennes
422 1450 210 28 ändringsansökan
648 1450 94 21 anförda
754 1450 201 28 omständigheter;
