1053 1709
178 148 14 20 8
363 147 83 23 Ständ.
462 147 40 22 Sv.
517 160 27 4 —
560 147 73 29 Prop.
649 147 46 23 N:o
709 148 39 22 10.

178 215 72 21 derna
272 216 69 20 hafva
364 216 52 20 med
440 216 124 26 anledning
579 216 68 20 häraf
659 216 118 20 förändrat
792 216 103 26 lydelsen
910 216 26 20 af

179 250 13 27 8
207 250 21 26 9,
243 250 69 21 hvars
328 249 87 27 sakliga
430 249 104 22 innehåll
549 250 7 21 i
572 249 67 28 öfrigt
653 249 138 22 bibehållits.

247 283 144 22 Beträffande
412 283 209 28 låneobligationer,
644 290 50 15 som
715 284 26 21 af
756 283 63 22 bank
834 283 99 28 utgifvas

180 318 43 22 och
246 319 97 20 hvarom
365 317 91 28 stadgas
475 319 7 20 i
500 319 14 26 &
530 319 32 26 11,
579 318 68 21 hafva
663 318 127 21 Ständerna
805 318 76 21 funnit
896 318 38 21 det

179 352 53 21 med
256 353 91 26 hänsyn
369 352 34 21 till
426 353 64 21 såväl
513 352 328 27 obligationsinnehafvarenes
864 354 70 19 mate-

179 387 64 20 riella
257 387 104 27 trygghet
376 393 50 15 som
439 387 37 21 det
486 387 39 21 vid
535 387 138 27 utelöpande
683 387 162 26 obligationers
858 387 76 20 säker-

180 421 39 20 het
233 419 152 28 förknippade
400 421 192 21 allmänintresset
607 427 55 14 vara
677 421 25 20 af
714 421 56 26 vikt,
786 423 33 18 att
828 421 107 26 fastighet

180 455 19 27 ej
216 454 25 21 af
255 455 64 20 bank
333 454 95 21 belånas
443 455 89 21 utöfver
547 461 28 15 en
591 455 46 21 viss
653 457 142 25 procentsats
811 455 23 20 af
847 455 86 20 värdet.

181 488 179 27 Lagstiftningen
384 489 45 20 kan
452 489 37 20 väl
510 489 112 26 svårligen
643 489 71 20 inlåta
737 489 33 26 sig
792 489 30 28 på
837 489 98 20 bestäm-

181 523 93 21 mandet
289 523 25 21 af
327 523 70 26 sagda
412 525 147 26 procentsats,
570 523 59 21 helst
639 523 136 21 densamma
785 523 73 21 måste
868 523 67 21 ställa

181 557 33 27 sig
229 557 69 27 olika,
313 557 113 22 beroende
442 558 30 27 på
487 560 63 19 arten
566 558 25 21 af
604 557 28 21 de
643 557 111 22 belånade
767 557 167 27 fastigheterna,

181 592 69 27 högre
273 594 15 19 t.
308 599 33 14 ex.
362 592 39 21 vid
423 592 107 28 belåning
545 592 25 21 af
583 592 199 27 stadsfastigheter,
799 592 108 21 särskildt
922 592 14 21 å

182 629 64 24 orter,
262 627 43 20 där
319 627 67 20 dessa
401 627 68 20 hafva
484 629 31 19 ett
530 633 63 15 mera
606 627 105 26 stadgadt
721 627 76 27 värde,
809 627 59 26 lägre
879 626 57 28 möj-

181 661 60 27 ligen
264 661 7 20 i
294 661 105 22 afseende
422 661 14 21 å
450 661 143 22 industriella
609 661 169 27 anläggningar,
797 661 78 21 hvilka
894 663 42 20 äro

181 702 64 15 mera
265 695 114 22 beroende
394 696 26 20 af
432 696 111 21 vexlande
558 695 173 28 konjunkturer.
763 696 53 21 Men
832 695 105 22 däremot

182 730 47 21 kan
252 729 7 21 i
281 730 65 27 lagen
370 729 152 28 föreskrifvas,
546 732 31 19 att
592 730 182 26 obligationerna
793 730 65 21 skola
873 730 64 21 inne-

181 764 64 21 hålla
270 764 121 27 utredning
414 771 37 15 om
470 764 28 21 de
513 771 99 19 normer,
628 764 68 26 enligt
711 764 80 22 hvilka
806 764 131 27 fastigheter

183 798 24 21 af
227 798 63 21 bank
312 798 100 22 belånas.
443 798 35 21 En
494 798 64 28 dylik
573 798 120 26 föreskrift,
709 805 51 15 som
775 798 65 21 stode
854 798 8 20 i
878 805 60 14 sam-

183 832 69 27 klang
274 832 52 22 med
346 833 44 21 den
406 832 226 29 publicitetsprincip,
645 832 94 22 hvilken
755 832 76 21 funnit
845 833 92 27 uttryck

183 867 7 20 i
205 868 13 25 $
235 868 32 25 10,
283 867 74 21 skulle
367 867 83 21 bereda
461 867 155 21 allmänheten
626 867 87 20 tillfälle
725 869 33 19 att
768 867 86 28 pröfva,
867 867 71 20 huru-

183 901 54 21 vida
252 901 28 22 de
295 903 99 25 antagna
409 908 123 15 normerna
547 901 92 28 erbjöde
654 901 84 27 nödiga
749 901 189 27 förutsättningar

184 935 35 22 för
240 938 32 19 att
294 935 44 22 den
361 936 34 21 för
417 936 182 27 obligationerna
618 935 94 22 afsedda
728 936 134 21 säkerheten
878 935 59 21 skall

183 969 71 21 blifva
280 969 208 28 tillfyllesgörande.
519 969 126 22 Ständerna
670 970 69 20 hafva
761 970 8 21 i
794 969 60 22 detta
880 969 58 28 syfte

184 1004 69 21 infört
273 1004 8 21 i
298 1005 14 25 &
329 1004 23 20 11
371 1010 28 15 en
414 1004 145 27 bestämning
574 1004 89 26 därom,
676 1006 32 19 att
723 1004 215 27 obligationstexten

184 1038 48 26 bör,
254 1038 30 27 pä
307 1039 44 20 sätt
372 1038 35 21 för
428 1038 67 27 öfrigt
514 1038 87 27 jämväl
620 1038 63 27 öfligt
697 1039 32 26 är,
745 1038 97 27 angifva,
858 1038 80 21 hvilka

185 1073 48 25 slag:
250 1072 26 21 af
288 1072 131 27 fastigheter
433 1073 40 20 äro
489 1072 95 21 föremäl
600 1072 35 21 för
649 1072 108 27 beläning
773 1072 44 22 och
832 1072 33 21 till
881 1072 58 21 hvil-

185 1107 45 20 ken
252 1107 81 26 högsta
355 1108 141 25 procentsats
518 1107 26 20 af
564 1106 78 21 värdet
657 1107 119 20 desamma
792 1106 23 21 fä
829 1107 34 20 till
878 1106 61 21 belä-

184 1140 56 27 ning
254 1143 101 24 antagas.

254 1174 130 28 Hypoteket
405 1174 35 21 för
458 1175 180 27 obligationerna
653 1175 43 21 bör
710 1175 70 26 enligt
795 1174 44 21 den
854 1174 85 27 nädiga

185 1209 172 28 propositionen
367 1209 116 21 nedsättas
500 1209 86 22 »under
598 1209 96 28 publika
705 1209 122 21 ombudets
841 1209 97 21 förvar».

185 1243 67 21 Detta
273 1243 85 26 förslag
379 1244 70 19 hafva
471 1243 126 21 Ständerna
616 1246 73 17 ansett
704 1244 56 19 böra
776 1243 163 26 kompletteras

185 1282 83 21 genom
290 1283 27 14 en
340 1276 145 26 bestämning
507 1277 7 20 i
538 1277 62 27 syfte,
624 1279 32 17 att
675 1276 93 21 banken
784 1276 58 26 finge
858 1277 82 20 anvisa

187 1310 72 21 sädan
280 1310 59 28 plats
355 1310 35 20 för
404 1310 135 28 hypotekets
554 1310 143 27 förvarande,
713 1316 50 16 som
780 1317 27 14 ur
822 1310 118 28 synpunk-

185 1346 39 20 ten
239 1344 25 22 af
276 1344 170 27 bekvämlighet
460 1344 39 21 vid
514 1345 112 21 rörelsens
640 1344 149 23 bedrifvande
803 1351 53 15 vore
867 1345 72 28 lämp-

186 1379 37 27 lig,
238 1379 45 21 och
298 1378 112 28 därjämte
426 1378 91 28 erbjöde
532 1379 85 27 nödiga
631 1380 113 26 garantier
757 1382 48 19 mot
817 1380 123 26 förstöring

187 1419 81 22 genom
280 1413 36 21 eld
326 1413 55 21 eller
388 1413 114 21 våldsamt
512 1413 92 22 inbrott.
625 1408 29 27 Ät
661 1414 173 27 ifrägavarande
841 1414 99 21 bestäm-

186 1448 56 28 ning
262 1448 44 21 har
320 1448 77 21 därför
413 1448 74 28 gifvits
504 1448 71 22 sådan
591 1448 123 22 förändrad
730 1448 92 29 lydelse,
837 1451 32 19 att
884 1456 56 20 pan-
