1034 1706
194 144 26 20 22
415 142 29 22 U.
461 142 28 22 B.
506 156 26 2 —
547 143 74 27 Prop.
638 142 45 23 N:o
698 143 24 21 4.

193 211 101 20 varande
315 211 99 21 socknar
435 211 171 25 lägenheternas
622 216 53 21 egor
690 210 99 22 fördelas
804 210 7 21 i
826 211 59 26 flere,
902 210 46 21 ofta

193 244 33 22 till
250 245 45 20 och
311 244 59 22 'med
385 245 7 20 i
408 250 38 16 sex
469 245 90 26 skiften,
582 244 99 22 särdeles
697 251 50 14 som
770 246 102 25 ängarna
887 244 7 21 i
909 244 40 21 all-

194 279 95 21 mänhet
313 280 40 20 äro
378 278 91 28 mycket
491 279 93 27 spridda
607 279 44 20 och
669 278 119 21 desamma
806 278 142 22 fördenskull

194 313 73 21 måste
283 313 103 27 utbrytas
402 313 6 20 i
425 313 74 21 skilda
515 313 88 21 skiften.

265 347 9 20 I
291 347 189 27 Forststyrelsens
500 347 84 26 förslag
599 347 49 26 har,
664 346 69 27 enligt
748 346 201 27 Landtmäteristy-

196 382 85 20 relsens
297 381 155 27 förmenande,
468 381 76 21 alltför
559 381 63 26 ringa
638 381 91 27 hänsyn
744 381 67 26 tagits
826 381 35 20 till
875 381 28 21 de
917 381 33 20 in-

196 416 139 27 nebyggares
357 415 118 26 intressen,
494 415 80 20 hvilka
589 415 6 20 i
611 415 66 20 dessa
693 415 102 26 aflägsna
810 415 85 20 trakter
910 422 40 13 un-

195 449 40 21 der
251 449 85 26 många
352 449 59 26 slags
427 449 134 26 motigheter
576 449 73 26 rödjat
664 449 66 21 mark
742 449 35 20 för
788 449 107 26 odlingen
905 449 44 21 och

197 483 92 21 hvilkas
297 483 110 21 "utkomst
423 483 111 27 sjelffallet
549 483 70 20 borde
635 483 152 20 säkerställas.
818 483 88 20 Genom
922 489 28 14 en

196 517 156 28 sparsamhets
360 517 87 26 politik,
457 517 143 21 uteslutande
605 517 34 20 till
645 517 101 20 kronans
752 517 98 26 förmån,
857 517 93 20 komme

196 551 60 21 detta
272 551 49 21 icke
337 553 32 18 att
383 551 71 20 blifva
469 551 67 21 fallet.

267 585 52 21 Med
343 585 105 21 afseende
465 585 56 21 härå
545 585 45 20 och
610 585 29 20 då
656 587 81 19 största
752 585 67 20 delen
834 585 25 20 af
872 585 79 27 ifråga-

200 619 101 21 varande
324 619 129 26 lägenheter
468 619 7 20 i
491 619 113 21 anseende
619 619 34 20 till
668 619 28 20 de
711 619 76 27 dåliga
803 619 148 26 odlingsmar-

196 653 70 21 kerna
287 654 73 21 måste
383 653 84 21 äsättas
490 654 80 21 endast
593 653 50 20 små
658 653 170 26 mantalsdelar,
844 659 53 15 men
921 653 30 20 lä-

197 688 139 26 genheterna
356 687 70 21 likväl
449 689 40 19 äro
510 688 7 20 i
536 687 73 22 behof
621 687 25 20 af
659 688 57 26 skog
731 688 43 21 och
791 687 160 27 betesmarker,

193 721 138 27 tillräckliga
357 721 34 21 för
415 724 31 18 ett
470 722 131 21 medelstort
633 721 116 27 hemman,
778 721 99 22 särdeles
900 728 50 15 som

196 755 66 22 dessa
278 756 109 21 hemman
403 756 70 21 borde
489 756 7 20 i
511 763 29 14 en
556 755 91 22 framtid
664 755 80 21 kunna
756 755 63 22 delas
832 755 33 21 till
877 755 74 21 skilda

196 790 131 27 lägenheter
341 790 97 21 emellan
455 790 26 21 de
498 790 112 21 särskilda
629 790 268 27 familjemedlemmarna
917 790 34 21 för

198 826 32 19 att
244 824 68 21 dessa
328 825 138 20 åtminstone
481 825 7 20 i
504 825 73 20 andra
592 824 36 21 led
644 824 69 21 måtte
728 825 96 20 komma
840 826 31 19 att
887 824 64 27 njuta

199 859 119 20 frukterna
337 859 25 20 af
380 859 37 20 silt
439 859 14 20 å
474 859 160 26 lägenheterna
653 859 112 26 nedlagda
781 859 75 20 arbete
872 859 44 20 och
931 859 19 26 ej

197 893 99 21 behöfva
322 893 46 20 öka
391 893 45 21 den
459 893 48 20 lösa
530 893 174 26 befolkningens
727 893 69 26 antal,
811 893 43 21 har
869 893 83 20 Landt-

199 927 191 27 mäteristyrelsen
413 929 72 19 ansett
506 927 28 21 de
556 927 24 20 af
593 927 209 21 kommissionerna
817 928 44 20 och
875 927 77 21 veder-

197 960 102 22 börande
315 961 158 27 myndigheter
488 961 7 20 i
511 961 80 27 antydt
606 962 57 26 syfte
676 961 128 27 föreslagna
813 961 139 27 jordarealer

199 1002 55 14 vara
269 994 93 22 alldeles
377 995 156 26 otillräckliga.

267 1029 36 20 En
327 1028 109 28 betydligt
459 1030 69 20 större
553 1029 61 20 areal
640 1028 119 27 erfordras,
785 1029 69 27 enligt
869 1028 83 22 Landt-

196 1063 204 27 mäteristyrelsens
425 1063 155 26 förmenande,
602 1063 69 21 redan
688 1064 34 20 för
741 1063 132 21 erhållande
889 1064 25 20 af
927 1063 25 21 så

197 1097 49 21 vidt
267 1097 88 27 möjligt
374 1098 50 20 räta
439 1097 92 21 rålinier
546 1098 35 20 för
595 1098 161 25 lägenheterna
771 1098 44 20 och
831 1098 121 26 samfällig-

196 1132 100 25 heterna,
309 1131 87 21 hvilket
412 1132 76 26 också,
504 1131 7 20 i
520 1131 113 21 anseende
648 1132 34 20 till
695 1132 27 20 de
740 1131 146 27 vidsträckta,
899 1131 52 21 med

196 1165 115 27 långsamt
333 1165 103 21 växande
459 1166 56 26 skog
530 1166 106 20 bevuxna
652 1166 129 26 markerna,
796 1166 37 20 väl
849 1166 47 20 kan
912 1166 39 20 ske

199 1202 56 18 utan
271 1199 73 21 skada
359 1199 35 21 för
408 1200 102 20 kronans
525 1200 117 20 intressen.

268 1233 52 21 Med
336 1233 91 27 hänsyn
442 1233 34 21 till
492 1234 40 20 allt
546 1233 60 21 detta
622 1234 44 20 och
678 1234 25 20 så
714 1234 92 26 mycket
816 1234 70 20 hellre
901 1241 51 13 som

196 1266 67 21 äfven
284 1266 89 20 landets
388 1266 96 20 Ständer
498 1266 38 20 vid
554 1266 140 21 1877—1878
709 1266 36 21 års
761 1266 109 26 landtdag
885 1267 67 27 tydli-

196 1306 42 20 gen
262 1300 49 20 haft
329 1299 34 21 till
379 1300 140 26 ögonmärke
535 1302 32 19 att
582 1300 49 20 icke
647 1306 82 20 genom
745 1300 135 22 storskiftets
896 1300 56 22 infö-

196 1334 71 21 rande
291 1334 122 21 förfördela
435 1336 76 19 ortens
534 1334 133 27 befolkning
689 1335 44 21 och
755 1334 127 28 tillskynda
899 1334 53 22 den-

198 1375 91 15 samma
312 1368 139 27 svårigheter
473 1369 7 20 i
503 1369 51 21 dess
577 1368 72 22 hårda
670 1369 70 28 kamp
753 1370 36 20 för
804 1369 35 21 sin
854 1369 97 27 tillvaro,

199 1404 43 20 har
265 1403 266 27 Landtmäteristyrelsen
554 1403 98 28 päyrkat
666 1406 32 18 att
713 1404 39 21 vid
768 1404 100 21 skeende
884 1404 69 21 skatt-

198 1438 107 27 läggning
331 1438 44 21 och
397 1438 114 20 storskifte
526 1438 70 21 borde
612 1438 113 21 beräknas
741 1438 35 21 för
792 1438 160 27 lägenhcterna

267 1482 48 23 Lag-
329 1483 33 18 och
374 1482 181 19 Ekonomiutskottets
567 1483 110 18 betänkande
689 1483 37 17 N:o
739 1483 18 18 8.
