1039 1709
232 122 13 20 2
421 119 28 22 U.
464 119 27 21 B.
507 130 26 4 —
549 119 72 27 Prop.
636 118 42 22 N:o
694 118 20 22 7.

272 176 184 28 Borgareståndet
479 176 38 20 och
539 175 163 21 Bondeståndet
724 175 61 21 hafva
807 175 91 27 godkänt
920 175 34 20 be-

204 211 120 21 tänkandet.

272 245 33 21 Då
319 245 35 21 två
370 244 72 26 Stånd,
458 244 151 27 Ridderskapet
623 243 39 21 och
676 243 68 21 Adeln
759 243 104 21 äfvensom
874 242 82 22 Preste-

204 280 88 26 ståndet,
309 279 69 21 ansett
393 278 45 21 skäl
452 278 44 20 icke
511 278 111 21 förefinnas
638 278 30 20 att
682 277 7 20 i
705 277 93 27 enlighet
811 277 49 21 med
870 277 85 21 Utskot-

204 314 40 22 tets
259 314 78 26 förslag
355 313 54 21 fästa
428 312 35 22 det
483 312 64 21 vilkor
562 312 34 20 vid
612 311 124 27 beviljandet
751 311 23 21 af
786 312 73 26 anslag
874 312 21 20 åt
910 311 46 21 Ste-

204 348 116 28 nografiska
339 347 128 27 föreningen,
484 347 31 21 att
529 346 68 28 någon
612 346 120 28 ytterligare
747 346 118 27 förhöjning
880 346 22 21 af
915 346 40 20 ste-

203 382 180 28 nografkansliens
406 382 91 26 aflöning
518 381 35 21 vid
575 381 60 21 nästa
653 380 100 28 landtdag
772 380 42 22 icke
833 381 34 21 må
882 380 73 28 ifråga-

203 419 89 24 komma,
307 417 31 21 får
353 417 107 21 Utskottet
475 416 84 21 föreslå:

409 486 32 20 att
449 485 84 26 jämväl
540 484 107 28 Borgare-
656 484 38 21 och
703 484 169 21 Bondestånden
881 484 73 27 måtte,

341 519 49 21 med
410 519 136 27 frångående
564 519 10 20 i
591 519 73 21 denna
679 519 34 21 del
731 518 28 28 af
771 518 93 28 tidigare
880 519 75 26 beslut,

342 553 80 28 bifalla
436 554 77 20 därtill
527 555 33 19 att
576 553 89 21 berörda
681 553 72 21 vilkor
767 552 39 28 får
820 553 100 27 förfalla.

273 623 40 21 Vid
335 622 153 27 behandlingen
511 622 22 21 af
549 622 116 21 Utskottets
684 622 130 21 betänkande
829 622 62 21 hafva
907 622 49 21 Rid-

205 658 109 27 derskapet
336 656 39 22 och
396 656 68 22 Adeln
483 657 105 21 äfvensom
606 656 157 21 Prestaståndet
783 662 74 22 genom
873 656 31 21 till
920 657 36 21 sitt

205 692 160 26 hufvudsakliga
380 691 53 27 syfte
449 691 174 27 sammangående
639 691 68 21 beslut
719 691 111 27 uppdragit
840 691 22 21 åt
872 692 84 20 Utskot-

205 727 31 20 tet
250 727 32 20 att
296 726 32 20 till
344 725 118 22 Ständerna
479 726 106 21 inkomma
599 725 49 21 med
662 725 97 27 yttrande
775 726 37 20 och
827 725 79 27 förslag
921 732 35 14 an-

205 760 79 27 gäende
307 760 77 21 sådana
408 759 122 22 förändrade
553 759 139 27 anordningar
714 760 23 20 af
757 760 80 20 arbetet
859 760 34 20 vid
909 760 48 21 våra

205 794 131 27 landtdagar,
359 800 44 15 som
425 800 47 14 vore
495 794 78 27 egnade
596 794 31 20 att
645 794 95 20 befordra
755 800 25 15 en
795 794 105 27 möjligast
914 801 43 14 om-

206 828 96 27 sorgsfull
324 828 128 26 behandling
471 828 12 21 å
501 828 127 21 Ständernas
648 828 44 20 sida
707 828 23 20 af
742 828 140 27 föreliggande
899 830 58 19 ären-

206 863 40 21 den
268 863 55 20 samt
338 862 128 21 förekomma
484 862 35 21 det
533 862 125 22 öfverdrifna
672 862 95 28 hopande
782 862 23 21 af
818 863 76 27 arbete,
910 870 47 20 syn-

205 897 94 27 nerligen
313 898 45 20 mot
371 896 138 27 landtdagens
525 897 48 27 slut,
589 903 45 15 som
649 896 80 21 härtills
745 898 34 26 egt
794 904 52 14 rum.

274 931 12 21 I
300 931 48 21 män
367 931 23 21 af
408 931 40 21 den
462 930 120 28 fortgående
597 930 245 28 samhällsutvecklingen
857 932 49 20 ökas
922 938 36 14 na-

206 965 90 27 turligen
318 965 104 27 mängden
445 965 38 21 och
505 965 132 27 mångfalden
657 965 23 21 af
699 965 24 21 de
739 966 12 20 ä
766 965 157 27 handläggning
938 966 22 21 af

205 999 191 27 representationen
412 1000 150 20 ankommande
579 1000 89 20 ärenden
683 1000 39 20 och
738 999 68 22 denna
820 1000 78 27 ökning
912 1000 45 21 frän

205 1034 102 26 landtdag
330 1034 32 20 till
383 1034 100 26 landtdag
505 1034 66 21 mäste
593 1034 98 21 särskildt
709 1035 50 26 göra
774 1034 32 27 sig
820 1035 99 25 kännbar,
936 1035 22 21 sä

205 1069 61 27 länge
286 1068 188 27 representationen
493 1068 45 21 icke
559 1069 164 21 sammanträder
738 1068 64 22 oftare
818 1070 26 20 än
860 1069 52 21 efter
926 1070 31 20 tre

206 1103 32 21 års
254 1102 86 28 förlopp.
362 1102 139 28 Knappheten
517 1102 23 22 af
553 1103 40 21 den
608 1102 37 26 tid,
661 1109 44 15 som
720 1104 23 20 är
757 1104 77 20 utmätt
846 1103 32 21 för
889 1103 69 21 landt-

205 1137 103 27 dagarnas
330 1137 92 25 arbeten,
437 1136 97 22 framstår
552 1137 69 21 därför
635 1138 30 20 alt
680 1144 44 14 mer
739 1138 38 20 och
791 1144 51 21 mer,
858 1138 38 20 och
912 1139 44 20 sär-

206 1171 63 21 skildt
288 1171 66 21 under
373 1171 39 21 den
432 1178 72 14 senare
523 1172 60 20 delen
602 1172 23 20 af
637 1172 161 27 landtdagarnas
814 1178 144 16 sammanvaro

206 1206 74 20 blifver
300 1205 35 21 det
354 1205 129 27 nödvändigt
497 1206 31 21 att
542 1206 79 20 forcera
636 1206 80 20 arbetet
730 1206 27 28 pä
771 1206 31 20 ett
816 1206 48 25 sätt,
880 1212 44 15 som
940 1207 17 26 ej

206 1240 39 20 kan
268 1240 64 20 annat
355 1240 26 19 än
404 1240 142 26 väsendtligen
569 1240 114 20 förminska
704 1240 200 26 förutsättningarna
926 1240 32 20 för

206 1273 115 22 ärendenas
340 1272 145 27 omsorgsfulla
503 1274 38 20 och
560 1273 96 27 allsidiga
670 1274 103 26 pröfning.
803 1274 73 20 Säsom
891 1280 67 15 exem-

205 1308 34 27 pel
253 1307 65 27 härpä
332 1306 34 22 mä
381 1306 83 22 anföras
480 1308 31 20 att
527 1307 34 21 vid
575 1307 138 21 innevarande
733 1307 100 27 landtdag
848 1308 33 20 till
896 1308 62 21 Stän-

206 1341 64 22 derna
284 1340 81 23 härtills
380 1341 109 21 inkommit
505 1342 16 27 ej
541 1342 54 22 färre
615 1343 26 20 än
658 1342 39 22 132
714 1342 241 27 utskottsbetänkanden,

205 1377 39 21 och
258 1376 23 22 af
294 1376 61 22 dessa
370 1376 26 22 78
412 1377 81 21 ensamt
507 1377 66 21 under
588 1376 41 28 maj
644 1377 82 21 månad.
752 1372 108 33 Åtgärder,
877 1378 80 26 egnade

207 1412 31 21 att
252 1412 56 21 helst
322 1412 7 21 i
344 1411 68 27 någon
426 1418 49 15 mon
494 1412 50 22 råda
559 1412 35 22 bot
608 1412 27 28 pä
649 1412 92 28 antydda
755 1412 202 27 missförhållanden,

274 1462 141 18 Statsutskottets
427 1462 110 18 betänkande
548 1463 35 18 N:o
595 1463 28 18 13.
