1042 1717
448 116 39 22 N:o
503 117 20 20 6.
797 116 34 22 .23

175 180 30 26 Är
227 185 151 27 kronobetjent
400 185 33 21 för
456 185 188 27 upprätthällande
666 184 23 22 af
710 185 89 27 ordning
821 184 40 21 och

106 219 106 27 stäfjande
235 218 23 22 af
280 216 110 30 sjeltsväld
413 219 39 21 och
476 218 163 22 öfverträdelser
653 219 8 21 i
675 218 66 22 behof
757 219 23 21 af
793 218 68 22 hand-

106 253 104 27 räckning
225 252 40 22 och
280 253 123 26 understöd,
420 253 39 21 bör
474 253 66 22 sädan
556 253 24 21 af
592 252 203 22 kommunalnämnd
809 252 52 22 eller

106 288 95 21 ledamot
216 287 24 21 af
254 288 123 21 densamma
392 287 136 28 beredvilligt
543 288 88 21 lemnas.

456 364 27 20 58
499 363 19 27 8.

174 403 237 22 Kommunalnämnden
426 403 57 22 skall
498 410 74 20 genom
587 403 48 21 dess
646 403 125 25 ledamöter,
783 402 78 21 enhvar

104 438 7 21 i
128 438 38 21 sitt
181 438 93 26 distrikt,
294 438 112 22 öfvervara
420 438 223 26 mantalsskrifningen
659 438 55 21 inom
733 436 128 22 kommunen

110 472 40 22 och
165 472 63 27 tillse,
244 476 34 19 att
294 473 72 21 dervid
382 473 99 21 lemnade
497 472 107 28 uppgifter
619 472 110 22 stridande
745 473 44 19 mot
799 471 61 21 verk-

104 507 45 27 liga
164 507 146 21 förhållandet
324 507 66 21 varda
405 508 91 22 rättade.

174 537 68 26 Äfven
263 542 40 20 har
318 542 107 21 nämnden
440 544 32 20 att
487 541 133 27 tillhandagå
635 541 175 28 myndigheterna
825 541 35 21 vid

106 575 144 22 insamlandet
272 576 23 21 af
316 575 120 23 statistiska
459 576 108 28 uppgifter
589 576 53 22 efter
661 576 25 21 de
701 575 160 22 förordnanden

105 610 39 22 och
160 610 108 28 formulär,
285 617 45 15 som
346 612 37 20 äro
399 612 52 21 eller
466 611 66 22 varda
547 610 23 22 af
583 611 158 22 vederbörande
753 611 107 21 nämnden

105 646 133 21 meddelade.

456 695 26 20 59
498 694 19 27 8.

174 728 64 26 Öfver
257 733 80 21 vården
357 740 33 15 om
407 734 38 21 och
461 733 158 28 förvaltningen
635 733 24 22 af
672 734 139 22 kommunens
826 739 35 21 ge-

105 772 131 16 mensamma
260 768 108 26 egendom,
391 768 8 21 i
421 768 43 22 löst
480 768 39 22 och
535 768 48 27 fast,
600 768 113 22 hvaröfver
727 768 134 22 kommunal-

104 801 106 21 nämnden
226 802 38 21 bör
279 802 46 22 föra
336 808 124 22 noggranna
469 803 164 27 förteckningar,
645 802 99 22 handhar
754 803 107 21 nämnden

106 837 110 21 närmaste
239 837 122 27 inseendet;
381 838 81 27 egande
478 838 106 22 nämnden
599 838 74 21 dervid
689 837 102 22 särskildt
808 837 54 22 vaka

104 870 60 22 öfver
188 873 32 20 att
242 871 129 23 kommunen
394 872 96 28 tillhörig
509 872 152 28 jordegendom
680 872 46 22 icke
742 872 119 22 vanvårdas

106 908 57 19 samt
186 908 32 19 att
241 906 49 22 dess
313 907 40 21 hus
376 907 38 21 och
438 907 121 27 byggnader
573 907 116 27 ordentligt
704 907 102 28 uppföras
823 907 37 22 och

105 941 145 28 underhållas,
274 942 109 22 äfvensom
407 944 32 20 att
461 943 141 22 kommunens
625 943 95 27 magasin
739 942 40 22 och
795 942 66 22 andra

106 975 149 28 inrättningar,
280 976 82 26 kassor,
385 977 83 27 fonder,
492 978 123 21 donationer
638 980 56 18 samt
709 977 69 27 öfriga
793 977 69 21 medel

106 1010 40 21 och
161 1010 116 28 tillgångar
292 1011 116 27 behörigen
424 1011 136 23 säkerställas
571 1012 39 21 och
621 1012 172 26 vidmakthållas,
805 1014 56 18 samt

105 1044 6 21 i
128 1050 108 21 noggrann
254 1045 219 23 öfverensstämmelse
489 1046 48 22 med
552 1046 33 22 för
601 1046 47 21 dem
659 1046 99 27 gällande
769 1046 92 22 bestäm-

104 1079 75 27 ningar
194 1079 104 23 förvaltas
314 1080 39 22 och
368 1082 114 20 användas.

452 1151 27 21 60
494 1150 18 28 $.

174 1188 236 23 Kommunalnämnden
433 1190 103 22 förvaltar
557 1190 78 27 jemväl
653 1191 139 21 kommunens
811 1197 50 20 pen-

106 1222 129 27 ningeväsen
255 1224 39 21 och
311 1224 127 22 verkställer
452 1226 7 20 i
474 1224 89 28 behörig
579 1225 90 27 ordning
684 1225 109 27 påbjudna
809 1225 52 21 eller

105 1256 87 22 tillåtna
215 1258 157 27 utbetalningar
395 1259 33 22 för
451 1260 134 26 kommunen,
601 1260 38 21 der
653 1260 19 27 ej
689 1260 7 21 i
712 1259 92 22 särskild
819 1259 42 22 för-

105 1290 93 28 fattning
213 1292 132 22 annorlunda
361 1294 23 20 är
400 1294 107 26 stadgadt.

173 1326 62 21 Hvad
252 1327 107 21 nämnden
374 1328 40 21 har
430 1330 32 19 att
477 1328 96 26 iakttaga
583 1328 34 22 vid
629 1328 119 27 debitering
759 1313 38 37 och
808 1334 52 22 upp-

104 1358 55 22 börd
175 1360 23 20 af
212 1362 55 19 samt
283 1360 134 28 redovisning
432 1362 33 20 för
476 1361 25 21 de
511 1361 33 21 till
555 1362 138 21 kommunens
704 1368 156 20 gemensamma

106 1392 66 23 behof
186 1394 104 28 anslagna
306 1395 74 27 medel,
396 1396 73 21 derom
486 1396 88 26 stadgas
588 1396 7 20 i
606 1396 30 21 VI
647 1396 48 27 kap.
706 1396 23 21 af
738 1396 69 21 denna
818 1396 42 21 för-

106 1428 96 28 ordning.
