1042 1703
331 115 28 22 U.
375 115 27 22 B.
419 128 25 3 —
462 115 73 28 Prop.
550 115 44 24 N;o
609 115 23 22 2.
794 117 27 19 25

109 191 27 22 af
148 192 74 21 denna
237 193 51 21 dess
304 191 172 30 privilegierade
498 191 108 30 ställning
621 200 48 14 mer
685 195 28 19 än
728 194 75 27 någon
819 199 38 14 an-

108 235 46 13 nan
184 227 149 22 missbrukats
359 227 35 21 till
416 229 157 26 rättegångars
597 227 156 28 förlängande,
776 227 81 22 tvekar

108 262 121 22 Utskottet
243 263 51 20 icke
310 265 34 19 att
359 263 92 21 förorda
466 263 44 21 den
525 263 83 28 nådiga
619 263 182 28 propositionens
812 262 45 22 för-

109 297 49 28 slag
180 297 36 22 till
238 297 162 29 upphäfvande
416 297 26 22 af
454 297 95 22 berörda
565 298 20 27 $.
617 297 76 29 Sagda
707 297 150 28 invändning,

109 340 48 14 som
181 333 95 21 sålunda
293 332 99 22 likstälts
408 334 52 20 med
476 334 28 21 de
519 334 6 20 i
541 334 28 20 R.
586 333 27 21 B.
631 335 34 19 16:
682 335 13 18 4
710 333 99 21 nämnda
824 333 31 21 in-

108 368 149 28 vändningar,
280 368 41 20 har
344 368 7 20 i
374 367 171 29 propositionen
568 368 118 28 upptagits
707 368 8 20 i
731 368 63 21 detta
809 368 47 28 lag-

108 411 57 18 rum,
182 403 88 21 hvilket
286 404 122 27 undergått
424 404 68 21 häraf
504 404 106 28 påkallad
626 404 102 28 ändring.

182 439 50 21 Den
248 439 7 21 i
271 439 28 21 R.
316 439 27 21 B.
361 442 70 18 10:11
444 439 95 26 införda,
551 439 26 22 af
584 439 121 22 Utskottet
713 439 86 29 jemväl
810 446 46 15 om-

108 474 87 22 fattade
218 474 174 29 bestämningen
414 482 37 14 om
469 478 46 18 rätt
530 475 35 22 för
580 477 105 27 parterne
701 477 34 19 att
751 474 81 30 sjelfve
848 476 7 20 i

107 511 60 21 vissa
183 510 41 22 fall
239 510 62 29 välja
317 511 105 26 domstol,
438 511 72 29 enligt
524 511 89 21 hvilket
627 511 124 28 stadgande
762 510 94 22 invänd-

107 547 56 27 ning
187 546 115 29 angående
327 546 109 22 domstols
460 547 134 28 behörighet
613 547 7 21 i
639 547 38 21 det
693 547 47 21 deri
756 547 100 21 nämnda

108 582 41 21 fall
173 582 65 26 skall,
261 582 39 22 vid
323 582 107 28 äfventyr
453 585 34 19 att
502 582 168 29 invändningen
687 582 67 28 eljest
769 582 86 22 lemnas

107 620 56 19 utan
188 617 112 27 afseende,
324 617 136 22 framställas
480 618 70 22 innan
565 618 126 21 svaranden
706 618 76 21 inlåtit
798 618 34 28 sig
847 618 7 21 i

108 653 112 21 svaromål
245 654 7 20 i
278 653 166 26 hufvudsaken,
470 654 41 21 har
536 654 114 22 föranledt
675 653 39 21 det
738 653 8 21 i
771 653 84 29 nådiga

107 688 173 28 propositionen
296 687 128 29 föreslagna
441 689 104 28 tillägget
561 689 35 21 till
611 689 28 20 R.
656 689 26 20 B.
701 691 33 18 16:
752 691 19 18 5.

181 723 42 21 Ett
257 723 67 29 lifligt
355 724 186 29 meningsutbyte
571 725 41 20 har
642 723 61 22 inom
734 724 121 21 Utskottet
867 729 22 18 R.
902 729 21 18 B.
938 729 27 18 17:
979 729 18 19 5.

106 759 80 21 väckts
210 759 26 21 af
257 759 39 22 det
320 759 4 21 i
347 761 13 19 5
384 759 13 28 S
415 762 25 19 17
458 760 51 29 kap.
525 761 28 20 R.
569 760 27 21 B.
613 759 90 22 införda
718 760 136 28 stadgandet

107 795 84 26 derom,
216 797 34 19 att
264 797 58 26 part,
343 802 48 14 som
406 795 103 28 päkallar
524 796 80 26 vittne,
621 799 24 18 är
661 795 92 29 skyldig
769 798 40 24 att,
826 796 29 21 dä

107 831 86 21 vittnet
217 833 24 19 är
261 831 77 22 bosatt
353 833 30 26 pä
398 831 78 29 längre
492 831 90 22 afständ
598 835 28 18 än
642 831 79 22 femtio
736 831 119 22 kilometer

106 866 52 21 frän
181 867 135 26 domstolen,
338 867 42 21 och
395 869 81 26 parten
492 867 20 29 ej
530 867 56 29 sjelf
598 868 89 21 hemtar
701 867 84 22 vittnet
801 868 53 21 med

107 902 41 28 sig,
166 901 113 30 förskjuta
295 903 95 21 vittnets
406 903 177 22 resekostnader.

181 937 76 29 Några
283 938 225 22 utskottsledamöter
534 938 69 22 hafva
626 941 75 18 ansett
723 939 74 20 denna
817 938 36 22 be-

106 974 116 27 stämning
232 974 91 21 komma
334 975 34 20 att
378 974 67 21 härdt
456 974 84 22 drabba
550 974 123 22 medellösa
683 977 83 26 parter,
775 975 78 21 hvilka

106 1009 7 20 i
138 1009 86 21 saknad
247 1009 26 21 af
288 1016 111 14 ressurser
416 1011 34 19 att
466 1011 22 19 ät
503 1010 73 20 vittne
592 1012 101 26 prestera
708 1009 145 29 erforderligt

106 1044 99 22 förskott
228 1044 56 22 eller
306 1046 34 20 att
364 1044 82 28 sjelfva
469 1044 100 22 afhemta
591 1046 91 25 vittnet,
706 1045 47 21 ofta
776 1045 75 21 kunde

106 1079 72 22 blifva
193 1082 102 26 tvungne
307 1082 34 19 att
351 1080 59 21 afstä
422 1080 50 21 frän
483 1081 50 21 dess
544 1081 100 21 hörande
655 1082 58 20 samt
722 1080 130 29 derigenom

106 1116 68 28 ginge
190 1116 66 20 miste
274 1123 36 14 om
326 1116 43 21 den
385 1116 36 21 för
437 1116 64 21 deras
517 1116 62 22 talan
594 1116 83 29 nödiga
692 1116 160 29 utredningen,

105 1150 93 22 hvarför
215 1152 63 20 desse
294 1152 124 21 ledamöter
433 1154 94 19 motsatt
543 1152 35 28 sig
593 1152 129 22 införandet
737 1152 27 21 af
771 1152 82 28 ifräga-

105 1187 99 21 varande
220 1187 150 27 bestämning.

180 1222 110 21 Häremot
313 1222 40 21 har
376 1224 13 19 ä
410 1223 68 20 andra
495 1223 63 21 sidan
573 1222 144 26 framhällits,
733 1224 34 19 att
783 1223 69 21 saken

106 1257 40 21 bör
162 1257 116 21 betraktas
294 1258 50 20 icke
360 1257 60 21 blott
435 1257 51 21 frän
501 1260 91 26 partens
604 1258 117 28 synpunkt
732 1260 56 19 utan
796 1258 56 28 jem-

105 1292 37 21 väl
167 1292 50 21 frän
240 1292 107 26 vittnets;
372 1293 42 21 och
434 1293 28 21 dä
478 1292 157 22 erfarenheten
651 1295 105 26 nogsamt
772 1293 81 28 ädaga-

106 1328 48 26 lagt
178 1328 152 27 svärigheten,
358 1328 3 20 i
384 1330 82 25 mänga
490 1328 40 20 fall
550 1328 170 27 omöjligheten,
733 1328 35 20 för
778 1328 73 20 vittne

105 1365 35 18 att
156 1362 26 21 af
193 1362 170 21 vederbörande
379 1364 52 25 part
442 1362 83 21 erhälla
537 1363 124 20 detsamma
672 1362 105 21 tilldömd
788 1363 64 27 godt-

105 1397 88 29 görelse
217 1397 35 22 för
274 1398 174 28 uppvaktandet
471 1398 38 21 vid
533 1397 133 26 domstolen,
688 1400 58 19 samt
762 1398 39 21 det
815 1397 37 22 för

176 1446 137 23 Lagutskottets
326 1447 115 18 vetänkande
454 1447 37 18 N:o
504 1447 16 18 5.
