1036 1714
318 128 27 22 U.
360 129 28 22 B.
404 141 27 3 —
447 129 72 26 Prop.
534 129 41 22 N:o
590 129 22 22 6.
812 130 26 21 91

429 233 77 28 XII.

385 279 158 27 (Öfversättning.)

157 320 57 20 Enär
227 320 37 24 jag
279 320 46 20 icke
339 320 83 20 kunnat
436 321 113 24 godkänna
564 321 36 19 det
615 320 74 26 beslut,
703 321 89 19 hvarvid
803 321 36 19 Ut-

88 348 88 23 skottet,
199 349 49 19 med
271 349 87 24 ändring
381 350 23 19 af
417 349 77 25 nädiga
509 350 163 24 propositionen,
689 350 5 18 i
711 350 100 20 afseende
826 350 13 20 &

88 378 12 22 $
117 378 25 19 78
158 378 92 24 stannat,
267 377 24 20 sä
305 378 81 20 tillvida
400 379 108 23 nämligen
523 379 33 19 att
571 378 23 20 ät
605 379 154 19 kommunerna
770 378 69 21 måtte

88 406 88 24 beviljas
191 407 43 19 rätt
250 407 32 19 att
297 406 48 24 höja
361 407 35 20 det
411 407 174 25 inkomstbelopp,
601 412 48 15 som
668 407 122 21 motsvarar
807 408 31 19 ett

88 435 102 22 skattöre,
205 436 54 20 ända
274 435 31 19 till
319 436 116 20 trehundra
450 436 67 24 mark,
536 436 25 20 sä
576 436 95 20 anhäller
684 437 36 24 jag
739 436 22 20 fä
776 436 62 20 fram-

88 464 57 20 hällä
166 465 45 19 min
233 465 113 19 afvikande
365 464 55 25 äsigt
439 466 38 19 och
497 464 72 21 säsom
584 466 48 19 stöd
648 466 69 19 därför
732 466 6 18 i
754 465 85 20 korthet

88 493 83 20 anföra:

156 522 112 20 Utskottet
289 522 92 25 grundar
404 523 38 19 sitt
460 523 68 20 beslut
543 522 65 26 därpä
624 524 32 19 att
671 529 51 15 man
737 523 53 25 icke,
806 523 33 19 för

88 552 40 19 den
144 552 100 19 händelse
260 552 119 20 tvähundra
394 552 63 21 mark
471 552 87 20 fastsläs
573 552 73 20 säsom
661 553 41 20 den
717 552 78 25 högsta
806 552 32 20 ett

88 580 95 20 skattöre
205 581 151 20 motsvarande
379 581 100 26 inkomst,
503 582 41 20 kan
567 580 122 26 tillräckligt
702 581 80 21 beakta
797 581 41 19 den

88 610 187 24 omständigheten
290 610 33 20 att
345 610 209 24 skattskyldigheten
569 610 97 24 vidtager
681 610 54 20 först
750 610 33 24 dä,
799 612 39 18 när

88 638 157 20 ärsinkomsten
268 639 124 23 öfverstiger
415 639 25 19 de
456 639 167 24 nödvändigaste
639 639 153 20 omkostnader
806 639 32 19 för

87 667 145 25 lifsuppehälle
248 668 51 19 eller
315 668 31 20 att
361 668 54 19 först
430 668 40 20 den
482 674 81 19 person,
575 668 65 20 hvars
651 668 129 20 ärsinkomst
790 672 48 20 upp-

89 696 38 25 gär
141 696 32 20 till
188 696 131 24 fyrahundra
333 697 62 19 mark
411 696 49 20 eller
475 702 58 15 mera
550 700 22 17 är
583 697 144 24 skattskyldig
738 698 58 22 (enär
806 697 32 19 för

87 727 32 19 ett
141 725 97 20 skattöre
260 726 107 24 nämligen
390 726 18 24 ej
428 726 86 24 utgöres
529 726 70 25 nägon
614 726 64 25 skatt,
694 726 53 20 utan
762 726 77 20 endast

87 754 28 20 dä
129 754 150 20 skattöretalet
294 755 65 24 stiger
374 754 31 20 till
419 754 48 25 fyra
478 755 49 19 eller
538 754 135 25 därutöfver),
685 755 53 19 utan
749 755 43 24 bör,
806 755 32 20 för

88 784 33 20 att
143 784 35 19 det
196 783 68 20 mätte
282 784 92 24 hindras,
398 783 32 20 att
445 784 46 19 icke
508 784 68 20 denna
591 784 121 24 skyldighet
728 783 110 21 ähvälfdes

88 812 63 20 äfven
173 811 80 21 sådana
275 818 105 19 personer,
404 812 83 20 hvilkas
502 813 95 20 inkomst
612 813 46 19 icke
674 812 125 25 ofverstiger
813 813 25 19 de

87 841 168 25 nödvändigaste
278 842 143 19 kostnaderna
443 841 32 20 för
489 841 146 25 lifsuppehälle
651 840 49 21 eller
716 846 38 15 ens
769 841 70 25 uppgå

87 870 76 24 därtill,
183 869 23 21 åt
228 870 155 20 kommunerna
406 870 88 24 beviljas
512 871 64 19 frihet
591 871 34 19 att
639 870 119 24 framflytta
773 871 66 19 skatt-

86 899 233 24 skyldighets-gränsen
342 900 56 19 ända
421 898 31 20 till
469 900 122 19 sexhundra
610 899 74 20 marks
699 898 137 21 årsinkomst.

87 928 112 20 Utskottet
221 928 39 19 har
283 928 80 19 ändock
386 926 107 21 bibehållit
512 933 46 15 som
574 928 35 19 det
624 928 70 24 lägsta
709 928 129 20 inkomstbe-

86 956 54 26 lopp,
165 955 109 21 hvarifrån
296 956 181 24 skattskyldighet
499 957 102 23 vidtager,
624 956 121 20 tvåhundra
768 956 68 20 mark.

88 985 48 20 Men
151 985 63 21 häraf
226 985 61 24 följer
302 985 165 24 ögonskenligen
482 985 53 20 först
553 985 39 20 och
607 985 77 21 främst
700 985 32 20 att
747 986 41 18 den
802 985 37 19 lik-

87 1014 121 25 formighet,
231 1014 65 20 hvars
315 1014 104 20 ernående
434 1014 6 19 i
456 1014 26 20 de
497 1014 138 20 kommunala
650 1014 188 24 beskattningsför-

88 1043 127 20 hållandena
224 1042 92 25 åsyftats
325 1043 38 19 och
373 1042 87 20 hvilken
471 1043 62 20 äfven
545 1046 23 17 är
578 1043 135 25 synnerligen
726 1043 112 24 önskvärd,

88 1072 35 19 det
146 1072 89 20 oaktadt
257 1072 71 19 förblir
349 1072 88 24 mycket
454 1071 146 25 mängbrokig.
631 1072 27 20 Sä
673 1073 15 19 t.
704 1077 33 14 ex.
754 1072 43 19 kan
813 1077 26 14 en

87 1106 82 20 person,
193 1101 65 20 hvars
280 1100 123 25 inkomster,
427 1100 27 20 dä
476 1101 42 20 han
534 1103 23 18 är
572 1101 72 20 bosatt
659 1101 6 19 i
681 1106 25 14 en
722 1101 44 19 viss
781 1100 57 20 kom-

87 1135 58 20 mun,
161 1129 69 25 uppgä
252 1129 31 20 till
305 1128 121 21 tvähundra
448 1130 68 25 mark,
539 1135 52 15 vara
613 1130 95 24 tvungen
732 1129 106 25 deltaga
823 1124 19 35 i

87 1159 245 25 kommunalafgifterna,
347 1164 51 14 men
414 1164 35 14 om
464 1160 43 20 han
522 1159 73 24 flyttar
610 1159 32 19 till
657 1164 26 14 en
699 1163 71 16 annan
780 1158 58 20 kom-

86 1193 59 20 mun,
169 1188 41 20 kan
234 1188 42 20 han
299 1187 65 20 blifva
385 1187 91 20 därifrån
499 1188 86 24 befriad,
609 1188 63 20 äfven
690 1193 36 15 om
741 1188 55 19 hans
810 1187 28 20 in-

87 1217 97 20 komster
206 1217 111 20 därstädes
339 1217 104 24 uppginge
465 1217 31 19 till
523 1217 224 20 femhundranittionio
769 1216 69 20 mark.

87 1246 40 19 För
150 1246 35 19 det
208 1247 66 19 andra
291 1245 140 25 uppkommer
450 1246 23 19 af
486 1247 40 18 den
540 1245 49 20 utaf
601 1245 114 20 Utskottet
729 1245 110 20 förordade

88 1275 116 24 ändringen
228 1275 40 19 den
290 1274 142 24 olägenheten
454 1275 33 19 att
510 1274 123 25 därigenom
655 1275 40 19 den
718 1274 32 19 för
765 1274 73 24 hvarje

87 1303 95 20 skattöre
197 1303 107 24 utgående
319 1303 88 23 afgiften
422 1303 44 20 kan
481 1303 64 20 blifva
560 1303 89 24 mycket
663 1303 47 24 hög.
727 1303 40 20 Om
778 1303 15 19 t.
804 1307 34 15 ex.

86 1333 7 18 i
109 1337 26 14 en
158 1333 110 24 kommun,
290 1332 88 20 hvarest
400 1332 32 19 för
450 1332 133 20 närvarande
600 1332 41 19 100
656 1332 74 19 marks
744 1331 96 20 inkomst

87 1361 63 23 utgör
165 1361 95 23 grunden
274 1360 33 19 för
322 1359 32 20 ett
369 1359 102 25 skattöre,
491 1360 143 19 kommunens
649 1359 47 20 hela
712 1359 127 20 skattöretal

89 1389 59 24 stigit
163 1388 31 20 till
217 1389 69 24 9,000,
310 1389 39 19 och
364 1388 112 20 uttaxeras
492 1388 53 20 skall
561 1388 77 25 27,000
653 1388 67 24 mark,
737 1387 25 20 sä
776 1387 63 24 utgär

88 1417 32 20 för
141 1417 75 25 hvarje
240 1417 95 20 skattöre
358 1417 12 19 3
388 1417 71 25 mark;
483 1423 50 14 men
548 1423 35 14 om
599 1417 42 19 300
657 1417 73 20 marks
745 1416 94 21 inkomst

157 1455 205 19 Kommunalutskottets
373 1455 111 18 betänkande
495 1455 34 18 N:o
541 1455 16 18 1.
