1045 1703
780 135 28 20 29

87 199 155 28 omförmälda,
259 199 56 22 eller
330 201 34 20 att
378 199 68 28 vissa,
456 198 52 22 från
519 199 197 28 skattskyldighet
726 199 37 21 till
772 199 64 20 kom-

87 240 85 15 munen
195 233 67 28 eljest
283 233 103 22 befriade
400 233 149 22 medlemmar
564 233 65 22 skola
643 233 37 21 till
695 232 103 29 fyllande
813 232 25 21 af

87 267 113 22 särskilda
221 267 73 21 behof
308 267 102 28 bidraga,
430 267 60 28 gälle
506 267 37 22 till
558 267 153 22 efterrättelse
726 267 62 21 hvad
802 267 34 20 så-

86 301 71 21 lunda
171 301 136 22 förordnadt
322 305 30 17 är.

153 335 110 21 Deremot
278 335 37 21 må
330 335 19 27 ej
367 335 230 21 kommunalstämma
612 334 90 22 besluta
717 335 77 27 någon
804 334 32 21 af-

86 368 90 22 vikelse
197 368 52 22 från
271 369 44 21 den
337 369 9 21 i
363 368 101 22 nämnda
478 370 13 26 $
507 368 109 29 stadgade
631 368 76 29 grund
721 368 36 22 för
772 369 64 21 kom-

86 403 212 29 munalutskylders
313 404 134 28 utgörande.

432 467 29 22 80
475 468 21 26 8.

154 512 116 28 Taxering
292 512 60 21 skall
373 511 104 29 försiggä
499 512 8 22 i
529 512 76 28 början
623 512 27 28 af
661 513 46 21 året
721 513 50 21 näst
784 512 53 28 efter

87 546 35 22 det
142 546 172 28 förrättningen
337 546 61 22 afser
418 546 42 22 och
475 546 136 22 verkställes
627 547 26 21 af
665 554 30 14 en
709 546 128 28 taxerings-

86 581 92 27 nämnd,
201 587 49 15 som
273 580 77 22 består
366 581 111 28 antingen
492 580 26 22 af
530 580 256 28 kommunalnämnden,
802 580 36 28 för

87 614 124 23 ändamålet
231 614 103 29 förstärkt
354 615 47 22 med
423 614 134 29 erforderligt
578 615 63 22 antal
655 614 36 23 vid
705 615 131 22 kommunal-

86 650 90 21 stämma
197 649 90 22 utsedda
309 649 174 28 röstberättigade
503 649 148 22 medlemmar
665 649 27 28 af
703 649 133 26 kommunen,

87 682 56 23 eller
164 682 43 22 ock
229 682 25 22 af
275 690 29 14 en
318 683 106 27 särskild,
440 683 35 21 uti
491 682 231 23 kommunalstämma
736 682 54 22 vald
804 685 33 19 ta-

86 717 187 29 xeringsnämnd.

154 751 103 22 Sälunda
279 753 149 20 sammansatt
449 751 86 22 nämnd
556 752 67 28 skall,
647 751 76 23 sävidt
738 752 98 28 möjligt,

87 788 93 26 utgöras
202 786 52 21 icke
273 785 59 22 blott
348 786 26 21 af
385 786 134 28 fastighets-
533 786 44 22 och
588 786 129 28 jordegare,
733 787 57 21 utan
804 785 33 22 äf-

86 828 46 14 ven
148 820 26 22 af
186 820 176 28 näringsidkare
378 820 42 22 och
436 820 70 22 andra
515 820 148 22 medlemmar
673 820 8 22 i
689 820 147 22 kommunen.

432 884 25 21 81
475 884 20 26 8.

154 922 245 30 Taxeringsnämnden
424 922 80 23 tillhör
529 925 34 20 att
587 925 171 27 samvetsgrant
780 930 57 22 upp-

87 958 77 22 skatta
186 957 45 22 den
252 958 104 21 inkomst
378 957 80 29 hvarje
473 958 37 21 till
525 958 140 22 kommunen
680 958 157 29 skattskyldig

87 1000 84 22 person
186 992 46 22 kan
247 999 67 15 anses
329 992 37 21 för
380 991 169 29 taxeringsåret
563 992 90 29 åtnjuta
669 992 25 22 af
706 992 132 29 fastighet
826 987 16 39 i

87 1027 147 27 kommunen,
257 1026 26 21 af
304 1025 117 22 derstädes
443 1025 71 22 idkad
528 1026 84 28 näring
627 1026 56 22 eller
697 1027 59 28 yrke
771 1027 65 26 samt,

87 1060 76 22 derest
186 1060 45 21 han
253 1060 63 21 inom
338 1060 141 21 kommunen
501 1061 42 21 har
565 1060 40 22 sitt
627 1061 28 21 bo
671 1061 44 22 och
729 1060 107 27 hemvist,

87 1095 25 22 af
131 1095 46 27 lön,
192 1095 99 28 pension
311 1095 57 21 eller
386 1095 70 22 andra
471 1095 130 28 tillgångar.
634 1095 33 22 På
681 1095 76 29 grund
772 1095 68 22 häraf

86 1129 98 29 påföras,
199 1129 75 22 såsom
289 1129 9 22 i
313 1130 27 21 78
355 1131 14 25 &
384 1133 73 25 säges,
473 1129 86 22 enhvar
575 1129 124 22 skattören.

154 1163 46 22 Vid
222 1163 162 29 skiljaktighet
404 1164 9 21 i
434 1164 121 28 meningar
576 1165 73 21 röstas
665 1164 59 22 efter
738 1163 100 22 hufvud-

87 1198 63 27 talet,
166 1198 43 21 och
224 1205 54 14 vare
292 1197 169 29 uppskattning
476 1197 107 29 gällande
598 1197 59 22 efter
667 1198 28 21 de
704 1198 77 21 flestes
792 1205 45 14 me-

87 1232 67 27 ning;
177 1239 53 14 men
251 1231 83 22 utfalla
349 1234 104 19 rösterna
468 1232 53 25 lika,
537 1232 59 28 gälle
611 1232 45 21 den
670 1232 102 28 mening,
788 1239 49 14 som

87 1265 80 22 länder
181 1265 38 22 till
235 1265 44 22 den
293 1266 119 21 taxerades
427 1265 96 22 förmån.

155 1300 46 21 Vid
217 1300 145 29 omröstning
377 1300 65 21 skola
451 1300 72 21 minst
532 1300 41 22 två
582 1300 137 29 tredjedelar
727 1299 26 22 af
758 1303 79 18 nämn-

88 1334 56 22 dens
159 1334 149 21 medlemmar
322 1337 104 18 närvara.

156 1367 47 22 För
225 1367 129 22 förfallolös
373 1369 95 19 utevara
483 1367 51 21 från
548 1367 216 28 taxeringsnämnds
780 1374 58 15 sam-

88 1401 121 22 manträde
231 1401 53 22 böte
306 1401 138 22 ordförande
465 1401 43 21 och
530 1401 101 22 ledamot
653 1401 74 22 såsom
748 1401 8 21 i
778 1402 28 21 36
824 1403 13 26 8

89 1436 67 29 sagdt
171 1439 31 20 är.
