1031 1706
432 121 40 22 N:o
487 122 19 20 4.
808 122 11 20 7

93 188 123 27 isynnerhet
239 188 38 22 der
295 188 78 27 skogen
393 188 141 22 förekommer
550 190 6 20 i
572 196 51 14 rena
638 189 97 21 bestånd.
765 190 11 20 I
791 190 58 20 Kuu-

93 228 59 15 samo
175 224 24 19 är
220 222 81 27 skogen
323 223 109 20 dessutom
456 223 38 21 illa
516 222 116 26 medfaren,
649 223 45 21 dels
710 223 91 21 afbränd
816 223 34 21 till

94 256 81 26 sveder,
199 256 45 21 dels
266 256 126 27 nedhuggen
416 256 32 21 för
471 256 125 22 erhållande
618 256 24 22 af
662 256 33 22 laf
715 256 22 22 åt
752 263 97 15 renarne.

93 289 144 27 Skifteslagen
259 289 28 27 på
308 291 71 20 vestra
402 289 39 22 och
462 290 77 26 jemväl
564 296 25 14 en
609 290 34 21 del
666 289 23 22 af
703 290 26 20 de
744 290 28 26 på
787 292 60 19 östra

93 323 62 21 sidan
171 329 34 15 om
220 323 127 22 Maanselkä
364 323 90 27 belägna
464 324 107 21 innehålla
581 324 34 21 väl
626 324 18 26 ej
655 324 25 21 så
690 324 89 22 alldeles
789 324 60 27 ringa

91 358 77 26 belopp
191 358 23 20 af
235 358 81 27 säljbar
338 358 122 26 stockskog,
484 364 48 15 men
555 358 87 27 tillföljd
667 358 23 21 af
708 358 69 27 dryga
791 358 57 26 släp-

92 392 75 27 nings-
181 392 39 21 och
235 391 230 28 flottningskostnader
478 392 42 22 kan
534 392 70 21 virket
614 392 48 21 icke
673 392 66 27 säljas
749 392 7 21 i
767 392 81 22 mindre

91 426 88 27 partier,
196 427 52 20 utan
264 425 68 23 måste
347 425 119 22 detsamma
480 425 90 28 afyttras
580 426 7 21 i
598 427 59 20 stora
667 426 77 27 belopp
755 426 33 22 till
799 425 48 28 såg-

92 467 72 20 egare,
183 461 136 26 hvarigenom
336 460 229 27 skogshushållningen
581 460 47 22 icke
644 461 43 20 kan
702 460 89 27 erbjuda
806 460 42 22 till-

91 495 51 21 fälle
157 495 33 22 till
205 495 80 27 stadigt
300 495 87 22 förvärf.
408 495 62 21 Hvad
486 496 47 21 åter
548 495 103 22 beträffar
667 495 26 22 de
708 495 73 27 längre
792 495 55 26 bort,

92 531 57 19 öster
165 535 34 15 om
214 529 125 22 Maanselkä
353 529 93 27 belägna
461 529 145 27 skifteslagen,
622 529 25 21 så
661 529 110 22 innehålla
785 529 64 22 dessa

91 564 33 21 till
140 565 63 26 högst
218 564 61 27 ringa
295 564 33 22 del
344 564 80 27 säljbar
439 565 60 26 skog,
514 564 86 21 hvilken
616 564 116 27 dessutom,
750 563 61 28 iföljd
826 564 24 21 af

92 599 49 21 dess
163 599 140 26 aflägsenhet,
325 599 46 21 icke
394 599 42 21 kan
458 598 109 27 föryttras.
597 598 30 21 Af
649 598 117 21 sistnämda
784 599 64 20 orsak

91 634 69 21 måste
176 633 65 22 också
256 633 105 27 skogarne
376 633 32 21 uti
424 633 128 22 åtminstone
562 633 28 27 2/;
602 632 23 22 af
634 633 125 26 Kuolajärvi
770 632 77 22 socken

93 673 63 16 anses
183 669 71 20 såsom
278 669 31 20 ett
328 667 52 22 dödt
395 667 88 28 kapital,
498 667 112 22 hvaremot
625 667 34 22 för
673 667 28 28 3/,
717 667 24 21 af
754 667 95 21 kommu-

90 708 52 15 nens
164 702 99 27 samtliga
286 701 98 22 hemman
407 701 114 22 förefinnes
543 701 85 22 tillfälle
648 701 33 22 till
695 701 116 28 föryttring
825 701 24 21 af

90 736 67 27 virke,
172 736 83 21 hvilket
269 735 55 22 dock
339 735 68 22 måste
421 736 113 22 nedflottas
549 736 32 21 till
597 735 113 22 Bottniska
725 735 63 22 viken
803 735 44 22 för-

91 771 90 21 medelst
205 771 55 21 circa
275 771 42 20 500
332 770 114 21 kilometer
460 770 64 27 långa
538 770 179 27 flottningsleder.
747 770 11 21 I
773 770 72 21 Kemi-

90 805 61 22 träsk
173 807 37 19 äro
233 804 162 22 förhållandena
417 805 7 21 i
444 805 60 22 detta
519 805 101 21 afseende
636 805 55 21 dock
705 804 78 27 bättre,
799 804 47 21 huf-

90 839 147 27 vudsakligast
253 839 90 22 emedan
359 839 128 27 svedjebruk
502 839 38 21 der
555 838 47 22 icke
618 839 71 21 idkats
705 839 39 21 och
761 838 85 22 afverk-

90 874 51 27 ning
163 873 33 22 till
219 873 69 22 afsalu
311 873 138 21 härförinnan
465 873 45 22 icke
525 873 137 21 förekommit
677 874 55 20 samt
747 872 100 27 lägenhe-

90 911 63 18 terna
167 908 36 21 vid
219 908 39 21 den
273 907 143 28 provisionela
431 907 134 27 afrösningen
576 906 104 22 tilldelats
690 907 155 21 vidsträcktare

91 942 152 28 egoområden,
267 941 87 22 hvartill
376 941 98 22 kommer
496 944 32 19 att
550 940 198 28 virkesflottningen
769 940 40 22 här
824 942 25 19 är

90 976 89 22 förenad
197 976 49 22 med
261 976 82 21 mindre
359 976 123 26 kostnader,
498 975 100 22 hvarföre
614 975 65 21 också
693 974 154 27 virkesförsälj-

90 1012 105 26 ningarne
217 1010 112 22 härstädes
351 1010 7 21 i
381 1010 96 28 betydlig
499 1010 48 22 mån
566 1010 95 27 bidragit
677 1009 33 23 till
725 1009 84 21 ökande
825 1008 24 22 af

90 1045 121 21 välståndet
225 1045 8 21 i
247 1045 136 21 kommunen.

158 1079 62 21 Hvad
244 1079 239 21 kommunikationerna
507 1078 140 26 vidkommer,
673 1080 25 19 är
722 1077 125 22 Kemiträsk

90 1113 108 27 sjelffallet
221 1113 63 21 äfven
307 1113 7 21 i
338 1114 60 21 detta
420 1112 100 22 afseende
543 1112 114 28 lyckligast
674 1112 85 21 lottadt.
789 1111 57 22 Från

90 1148 64 22 Kemi
176 1147 50 22 stad
248 1147 59 21 leder
327 1153 78 21 genom
424 1147 125 21 Rovaniemi
564 1146 96 27 kyrkoby
675 1146 34 21 till
723 1146 124 20 Kemiträsk

90 1188 26 15 en
139 1182 41 21 213
203 1182 113 21 kilometer
338 1181 50 27 lång
406 1181 78 21 allmän
500 1181 108 27 landsväg,
624 1180 64 21 hvars
703 1179 144 22 fortsättande

90 1216 32 21 till
138 1216 125 26 Kuolajärvi
279 1215 96 27 kyrkoby
392 1215 65 21 redan
472 1215 70 21 blifvit
557 1214 104 22 bestämd.
686 1214 49 21 Men
751 1213 34 21 för
799 1215 48 19 när-

90 1250 92 22 varande
201 1250 66 22 finnes
282 1250 57 21 inom
355 1250 125 26 Kuolajärvi
495 1250 79 21 socken
589 1248 46 22 icke
652 1248 70 28 någon
737 1248 109 27 landsväg.

89 1284 218 22 Kommunikationen
330 1284 48 21 med
401 1283 123 22 Kemiträsk
546 1282 115 22 förmedlas
683 1282 126 22 sommartid
825 1282 24 21 af

90 1325 26 15 en
132 1318 97 27 omkring
246 1319 41 21 100
301 1318 111 22 kilometer
427 1318 51 26 lång
493 1317 73 27 fotväg
581 1317 39 21 och
636 1322 26 16 en
678 1318 41 20 200
734 1316 113 22 kilometer

89 1352 50 26 lång
156 1352 86 26 båtväg.
272 1351 109 22 Vintertid
398 1350 137 22 underhållas
549 1350 233 21 handelsförbindelser
797 1350 48 20 med

89 1386 192 21 Hvitahafskusten
303 1386 28 26 på
353 1387 32 19 ett
408 1385 86 21 afstånd
517 1384 24 22 af
560 1385 39 20 180
614 1384 114 21 kilometer
743 1384 40 21 och
797 1384 49 20 med

89 1420 126 22 Rovaniemi
236 1420 96 28 kyrkoby
355 1419 28 28 på
398 1420 88 27 ungefär
502 1419 110 22 enahanda
628 1418 93 28 afstånd,
737 1418 108 22 äfvensom
