1039 1709
300 138 83 23 Ständ.
399 138 54 23 Skr.
469 152 26 3 —
511 139 73 29 Prop.
601 140 42 22 N:o
659 140 21 22 7.

387 444 158 23 Finlands
575 444 157 23 Ständers
763 445 101 23 skrif-

319 478 87 22 velse
433 479 40 22 till
494 479 225 28 Bankfullmäktige
740 479 124 28 angående

319 512 164 28 tryckningen
512 513 27 22 af
562 514 125 27 protokoli
714 514 46 22 och
786 513 79 28 öfriga

318 546 148 28 handlingar
487 547 55 23 från
565 547 178 28 landtdagarne
761 548 54 22 före
836 547 28 23 år

319 581 67 22 1885.

173 673 47 35 Till
249 673 123 36 Finlands
398 673 129 37 Ständers
553 674 254 46 Bankfullmäktige!

183 758 41 22 Uti
243 758 131 22 skrifvelse
394 759 36 22 till
448 766 34 15 nu
500 759 151 23 församlade
665 759 109 23 Ständer
786 759 77 22 hafva

114 792 239 30 Bankfullmäktige,
373 793 25 22 åt
416 793 85 23 hvilka
521 793 142 23 Ständerna
679 794 43 22 vid
737 794 65 22 1891
818 794 45 22 och

116 826 68 23 1894
207 826 41 22 års
272 827 152 29 landtdagar
446 828 164 21 öfverlemnat
629 829 42 24 att,
691 828 62 21 efter
771 828 93 21 inhem-

114 861 54 22 tadt
186 861 129 23 utlåtande
335 861 25 22 af
380 861 154 23 Ständernas
553 862 182 26 bibliotekarie,
749 862 114 22 meddela

113 896 117 21 närmare
252 896 189 29 bestämningar
462 902 39 16 om
519 896 160 29 utgifvandet
697 896 26 22 af
741 896 122 22 därintills

114 930 114 28 otryckta
246 930 125 28 protokoll
390 930 46 22 och
454 930 81 30 öfriga
552 930 151 29 handlingar
716 930 56 22 från
784 930 80 22 landt-

114 964 112 29 dagarne
250 964 54 22 före
329 964 28 22 år
380 964 66 23 1885
467 965 128 22 äfvensom
616 966 35 21 att
668 971 91 23 genom
777 965 86 22 biblio-

114 998 113 22 tekarien
245 999 60 22 eller
324 1005 84 16 annan
426 999 102 29 lämplig
546 1006 92 21 person
657 999 139 22 öfvervaka
813 999 50 22 det-

114 1040 102 19 samma,
244 1033 131 29 redogjort
402 1033 39 22 för
463 1034 169 28 fullgörandet
657 1034 24 21 af
699 1033 164 22 omförmälda

114 1067 117 29 uppdrag
261 1069 64 20 samt
352 1068 79 21 tillika
457 1068 116 22 hemstält
599 1074 40 16 om
667 1068 143 28 beviljande
839 1068 25 21 af

113 1101 145 29 ytterligare
273 1102 88 28 anslag
374 1102 38 22 för
425 1102 194 28 fortsättningen
630 1102 25 21 af
667 1102 196 28 ifrågavarande

113 1135 243 29 tryckningsarbete.

181 1169 39 22 Då
239 1170 83 21 denna
341 1170 73 28 fråga
432 1170 8 21 i
459 1170 181 28 sammanhang
652 1169 57 23 med
722 1169 71 22 Hans
806 1169 57 29 Kej-

113 1203 92 29 serliga
228 1203 128 29 Majestäts
378 1203 94 29 nådiga
494 1204 156 28 proposition
672 1204 131 28 angående
822 1210 41 15 an-

113 1238 106 22 visande
238 1238 26 22 af
281 1238 81 22 medel
380 1238 36 22 till
428 1238 162 22 bestridande
604 1238 25 22 af
641 1238 170 22 kostnaderna
824 1238 39 22 för

113 1272 155 29 landtdagen
287 1272 28 22 år
335 1272 67 22 1900
421 1272 36 22 till
475 1272 155 29 behandling
643 1272 129 26 förehafts,
786 1272 77 22 hafva

115 1306 143 22 Ständerna
282 1306 102 23 beslutit
408 1308 36 20 att
467 1307 166 28 tryckningen
652 1306 64 22 skall
734 1306 129 22 fortsättas

113 1340 33 28 på
171 1340 133 22 enahanda
327 1342 49 20 sätt
394 1347 53 15 som
466 1341 131 25 härintills,
617 1342 64 20 samt
699 1342 36 20 att
753 1341 39 21 för
809 1340 55 21 full-

113 1374 111 28 följande
253 1374 25 22 af
305 1374 49 22 den
380 1374 145 28 påbegynta
553 1373 166 29 tryckningen
739 1374 25 21 af
781 1374 82 27 proto-

112 1408 52 22 koll
182 1407 47 23 och
246 1408 153 29 handlingar
417 1408 56 22 från
489 1408 184 29 landtdagarne
685 1408 54 22 före
753 1407 28 23 år
795 1407 67 23 1885

114 1442 70 23 anslå
207 1448 31 16 en
260 1449 96 16 summa
376 1442 25 22 af
419 1442 96 27 30,000
532 1442 72 22 mark
624 1443 35 21 att
677 1442 33 29 på
729 1442 134 22 enahanda
