1045 1714
223 124 27 31 24

543 198 28 21 63
585 198 21 26 8.

263 243 70 27 Öfver
355 248 36 22 sin
414 248 147 22 verksamhet
583 254 54 22 eger
658 248 238 26 kommunalnämnden
911 250 35 20 att

194 283 50 22 före
266 283 45 22 den
334 283 27 22 15
382 283 62 22 Mars
466 284 37 21 till
524 282 236 24 kommunalstämman
789 283 97 22 aflemna
907 283 39 22 be-

194 317 95 23 rättelse
309 317 38 22 för
368 317 183 30 nästförgängna
573 317 141 29 kalenderär,
738 318 75 22 säsom
832 320 113 20 stämman

195 352 78 22 derom
292 356 104 19 närmare
410 352 127 23 förordnar.

543 416 27 22 64
585 416 20 27 8.

262 468 42 29 Sig
318 468 39 22 till
371 468 90 22 biträde
475 469 38 21 mä
528 468 226 26 kommunalnämnd,
770 467 40 23 der
821 468 82 21 sådant
912 475 34 15 er-

194 502 96 29 fordras,
306 505 84 26 antaga
404 503 100 22 särskild
518 503 86 28 kassör,
616 502 119 23 äfvensom
745 503 201 29 uppsyningsmän

195 537 43 22 och
260 537 71 22 andra
352 537 79 29 dylika
451 545 116 22 personer.
597 537 102 23 Sålunda
714 538 105 22 anstälda
833 538 113 28 biträden,

194 572 29 22 de
248 572 40 22 der
313 572 87 22 aflönas
426 573 59 22 efter
509 573 111 29 pröfning
646 573 26 21 af
691 573 255 28 kommunalstämman,

194 607 85 22 handla
299 607 29 29 på
349 607 128 22 nämndens
500 615 83 15 ansvar
597 607 43 22 och
656 607 58 22 efter
729 607 152 28 föreskrifter,
897 614 50 15 som

195 641 132 23 densamma
341 641 122 23 meddelar.

543 700 28 23 65
586 701 20 26 8.

262 751 258 23 Kommunalnämnden
535 754 94 27 utgöres
645 751 25 23 af
684 752 138 22 ordförande
833 752 44 22 och
886 752 61 22 vice-

194 785 139 22 ordförande
356 788 60 19 samt
437 787 72 21 minst
531 789 32 20 tre
580 786 132 29 ledamöter,
728 786 80 22 hvilka
823 787 44 21 alla
882 788 64 19 utses

194 820 26 21 af
233 821 113 20 stämman
363 819 37 22 för
414 822 36 19 tre
466 821 25 21 år
505 821 71 22 bland
590 820 199 29 röstberättigade,
805 821 63 21 inom
884 820 62 22 kom-

194 861 86 15 munen
301 854 91 22 bosatte
414 854 155 23 medlemmar.
598 855 46 22 Vid
659 862 86 15 samma
759 854 98 28 tillfälle,
874 854 29 22 då
917 855 31 21 le-

195 889 103 22 damöter
315 889 80 29 väljas,
411 891 63 20 utses
490 890 43 21 ock
549 889 90 22 hälften
654 890 26 21 så
693 889 84 29 många
793 889 154 34 suppleanter,

195 923 61 26 eller,
274 931 37 14 om
326 923 88 22 antalet
428 924 125 22 ledamöter
568 924 51 22 icke
635 927 25 18 är
672 923 82 30 jemnt,
770 924 41 21 det
821 924 69 28 antal,
899 931 49 15 som

195 961 25 19 är
234 960 103 20 närmast
352 958 66 22 öfver
432 958 97 23 hälften.

262 992 34 23 Ur
317 992 118 22 nämnden
454 993 66 29 afgår
534 993 90 29 årligen
639 1000 29 14 en
682 993 113 29 tredjedel
811 993 25 22 af
848 993 100 22 ledamö-

194 1031 71 24 terne,
282 1028 28 22 de
325 1028 40 21 två
379 1027 73 23 första
467 1028 54 22 åren
537 1028 58 22 efter
610 1028 104 29 lottning
725 1028 44 22 och
780 1028 168 22 derefter
884 1023 8 39 i
901 1028 47 22 tur.

544 1092 27 22 66
586 1093 18 25 8.

263 1137 121 21 Guvernör
399 1137 37 21 och
451 1136 173 28 domhafvande,
635 1136 99 22 likasom
747 1136 64 29 äfven
822 1136 128 28 tjensteman

194 1172 50 22 eller
260 1171 83 29 betjent,
362 1171 85 23 anstäld
462 1171 36 22 vid
512 1171 233 23 kommunalnämnden
760 1171 49 22 eller
823 1178 78 16 annan
915 1172 35 27 för

195 1207 140 22 kommunens
349 1206 134 28 förvaltning
498 1206 75 22 tillsatt
586 1206 86 28 styrelse
687 1206 37 22 och
738 1206 35 28 för
782 1206 36 22 sin
828 1206 121 28 befattning

196 1241 50 22 redo
267 1240 90 29 skyldig,
380 1247 50 15 vare
451 1240 52 22 icke
525 1241 38 21 till
581 1241 78 27 någon
674 1240 26 22 af
713 1240 28 22 de
755 1240 9 21 i
779 1241 28 21 65
822 1242 13 24 8
851 1240 99 22 nämnda

197 1274 158 29 befattningar
371 1274 85 22 valbar.

262 1308 47 22 För
332 1308 72 29 öfrigt
426 1308 61 29 gälle
508 1308 8 22 i
531 1308 108 22 afseende
655 1308 20 29 ej
692 1308 91 23 mindre
797 1309 30 29 på
841 1308 109 23 vilkoren

195 1344 37 22 för
247 1343 120 23 valbarhet
382 1343 38 22 till
435 1343 60 23 dessa
510 1343 152 29 befattningar,
678 1347 29 19 än
722 1343 43 23 ock
778 1344 13 22 å
801 1343 83 23 hinder
894 1344 56 22 eller

195 1378 81 22 förfall
297 1380 35 20 att
353 1378 131 29 uppdraget
506 1380 116 27 emottaga
646 1378 42 22 och
711 1378 112 29 rättighet
845 1381 34 19 att
901 1379 49 21 det-

198 1420 86 15 samma
307 1412 37 29 sig
367 1413 84 29 afsäga,
476 1414 75 22 såsom
573 1413 43 22 ock
639 1414 117 28 angående
771 1414 179 29 tjenstgörings-

200 1447 141 30 skyldighet,
358 1447 86 31 afgång
459 1456 84 21 genom
558 1447 105 29 dödsfall,
678 1448 166 30 bortflyttning
859 1448 56 22 eller
928 1449 26 21 af
