1034 1709
186 134 13 19 2
434 133 25 21 U.
476 133 27 21 B.
519 146 27 3 —
566 133 71 28 Prop.
652 133 45 23 N:o
713 133 22 21 2.

188 198 79 38 slagna.
281 198 106 38 tillägget
404 204 36 20 till
456 206 13 18 2
485 204 14 28 8
517 206 26 18 15
560 204 51 28 kap.
628 204 28 21 R.
672 204 27 21 B.
716 204 20 28 ej
749 204 46 22 kan
805 212 65 14 anses
881 212 55 14 vara

186 238 133 28 härigenom
335 238 26 22 af
374 238 127 22 Ständerna
517 238 91 30 afgjord
623 242 58 18 samt
696 240 40 21 det
747 240 56 26 skäl,
815 247 48 15 som
874 240 63 28 legat

187 274 35 21 till
246 274 74 29 grund
339 274 36 22 för
390 274 140 23 Ständernas
546 275 75 22 beslut
636 277 34 20 att
685 275 51 22 icke
751 276 54 28 ingä
819 276 8 21 i
843 276 94 29 gransk-

187 311 55 28 ning
265 310 27 22 af
312 310 147 22 oftanämnda
474 311 96 28 lagrum,
585 311 39 21 vid
639 311 102 28 antydda
756 311 142 22 förhållande
914 311 20 30 ej

187 355 48 14 mer
258 354 53 21 eger
335 346 113 29 giltighet,
471 346 42 21 har
531 346 120 22 Utskottet
666 349 58 19 trott
739 347 35 29 sig
790 347 55 22 böra
861 347 76 22 skrida

187 383 35 22 till
246 383 70 21 sädan
339 381 140 29 granskning
503 382 41 21 och
560 382 36 21 till
612 381 126 23 Ständerna
754 383 115 21 inkomma
885 383 52 22 med

186 418 144 23 betänkande
346 418 95 21 rörande
457 417 171 29 propositionen
643 418 7 21 i
667 418 74 21 denna
757 419 43 21 del.

258 526 13 21 I
293 525 171 29 propositionen
479 525 41 21 har
535 525 129 28 föreslagits
681 525 44 21 den
740 525 97 29 ändring
853 526 26 21 af
892 528 13 19 2
922 527 15 28 8

189 565 27 20 15
232 563 52 28 kap.
300 562 29 21 R.
345 561 36 26 B.,
394 561 77 22 sådant
485 561 63 22 detta
564 561 88 28 lagrum
668 561 66 28 lyder
749 561 7 22 i
772 561 164 30 förordningen

188 599 44 22 den
256 600 28 19 24
307 597 99 22 februari
432 599 63 24 1873,
520 599 34 19 att
574 597 7 21 i
596 597 70 28 högre
682 599 47 19 rätt
744 597 50 22 icke
810 599 37 20 mä
862 599 74 20 såsom

187 633 218 30 rättegängsombud
421 633 133 28 godkännas
570 640 74 14 annan
660 635 29 19 än
704 633 51 26 den,
772 641 48 14 som
835 634 40 21 vid
890 634 47 21 lan-

188 671 50 22 dets
254 669 136 22 universitet
405 669 123 28 undergätt
544 669 80 22 sädant
640 668 78 23 förhör
733 670 7 20 i
756 669 179 28 lagfarenheten,

188 714 48 15 som
259 706 36 22 för
318 705 107 28 utöfning
448 705 26 21 af
494 705 181 21 domareembete
698 705 55 21 eller
776 706 114 21 vinnande
913 705 24 22 af

187 743 72 29 tjenst
274 741 40 22 vid
329 741 89 22 landets
433 741 83 28 högsta
526 740 153 29 styrelseverk
690 743 25 19 är
725 740 152 23 föreskrifvet.
895 741 42 22 Uti

188 779 40 22 sitt
249 778 8 21 i
284 777 123 28 anledning
430 776 25 21 af
475 776 172 29 propositionen
665 783 37 14 om
717 777 218 28 rättegängsombud

188 815 42 22 och
253 811 247 30 sakförareföreningar
523 811 87 30 afgifna
630 811 151 28 betänkande,
797 812 36 21 till
848 812 89 22 hvilket

186 850 122 23 Utskottet
330 849 8 21 i
362 847 147 23 förevarande
533 847 64 29 fräga
620 847 85 22 tilläter
728 847 35 30 sig
778 848 102 26 hänvisa,
895 848 42 21 har

186 887 123 22 Utskottet
331 885 114 21 allaredan
467 886 75 26 yttrat
564 883 35 28 sig
619 884 117 28 angående
752 884 184 21 önskvärdheten

188 923 26 21 af
226 924 34 20 att
276 921 93 22 fordran
383 922 30 27 pä
426 919 100 29 juridisk
540 919 106 29 bildning
660 919 129 29 uppställes
806 921 74 20 såsom
895 920 42 21 vil-

187 959 42 21 kor
251 957 36 22 för
310 957 139 27 rättigheten
472 957 34 20 att
528 954 40 23 vid
588 955 61 21 vissa
664 955 131 25 domstolar,
811 955 82 22 främst
909 956 27 21 de

186 995 79 27 högre,
286 993 49 21 föra
358 999 85 14 annans
467 991 69 25 talan,
564 990 92 22 hvarför
679 993 71 26 nägot
772 991 79 21 vidare
877 993 60 19 utta-

187 1029 67 22 lande
269 1028 35 21 till
320 1027 137 28 angifvande
478 1026 27 22 af
521 1026 132 22 Utskottets
675 1026 142 29 ständpunkt
834 1026 8 21 i
861 1027 74 20 denna

187 1065 65 28 fråga
267 1064 50 21 icke
333 1063 64 21 torde
413 1070 54 13 vara
482 1061 124 30 päkalladt.
623 1075 29 2 —
668 1061 79 22 Såsom
764 1061 70 22 ofvan
844 1063 92 20 nämnts

187 1100 88 29 åsyftar
297 1099 45 22 den
364 1098 83 29 nådiga
470 1098 171 29 propositionen
664 1100 33 18 att
720 1097 116 28 medgifva
849 1097 87 28 jemväl

187 1137 51 25 den,
262 1143 49 14 som
326 1135 123 28 undergått
464 1134 28 21 de
507 1133 36 22 för
558 1133 130 22 erhållande
710 1133 26 21 af
748 1133 72 28 tjenst
835 1133 39 22 vid
889 1133 47 21 lan-

187 1172 49 22 dets
259 1172 83 27 högsta
365 1170 153 29 styrelseverk
540 1169 136 22 föreskrifna
692 1169 173 28 kunskapsprof
881 1169 55 21 eller

187 1208 44 21 den
247 1209 24 20 så
286 1206 90 22 kallade
391 1206 70 28 högre
477 1205 255 28 förvaltningsexamen,
741 1207 46 19 rätt
803 1206 34 20 att
852 1204 40 22 vid
908 1205 27 20 de

186 1243 71 27 högre
287 1242 154 20 domstolarna
466 1241 113 27 uppträda
604 1243 75 18 såsom
708 1240 226 27 rättegångsombud.

168 1282 2 2 *
186 1277 121 22 Utskottet
330 1276 72 21 håller
429 1276 58 20 dock
509 1275 49 22 före
582 1277 34 18 att
631 1275 80 21 endast
726 1275 171 28 undergäendet
913 1274 23 21 af

187 1313 80 21 sådant
290 1311 85 26 förhör,
398 1317 49 15 som
469 1310 36 21 för
528 1309 107 29 utöfning
658 1309 26 22 af
704 1309 181 22 domareembote
911 1312 25 19 är

186 1347 154 26 föreskrifvet,
349 1347 45 21 kan
409 1345 102 23 medföra
527 1346 44 21 den
578 1345 114 29 juridiska
702 1345 71 29 insigt
785 1345 42 22 och
838 1344 97 23 erfaren-

186 1384 46 26 het,
248 1383 79 22 hvilka
349 1385 82 26 utgöra
454 1389 28 14 en
504 1381 132 29 nödvändig
658 1381 167 29 förutsättning
847 1381 36 22 för
902 1383 34 20 ett

186 1419 109 30 skickligt
321 1418 176 23 handhafvande
521 1417 26 23 af
560 1417 149 30 ombudskap,
726 1419 59 20 samt
807 1419 35 20 att
857 1417 78 29 rättig-

258 1474 117 18 Lagutskottets
384 1473 99 15 betänkande
493 1473 28 14 N:o
531 1473 21 14 17.
