1039 1703
223 146 28 19 54
452 143 26 21 U.
495 141 25 23 B.
537 142 71 28 Prop.
625 142 44 22 N:o
684 142 22 22 2.

193 214 36 23 för
251 214 291 28 stämningsansökningars
558 213 125 22 affattande
698 214 76 21 vända
790 214 42 28 sig,
847 220 94 14 numera

193 257 54 15 vara
269 252 24 19 sä
318 250 90 26 allmän,
432 252 34 19 att
482 250 101 28 antydda
598 252 71 26 utväg
685 249 98 23 öfveralt
798 250 8 21 i
822 251 51 20 värt
887 248 54 23 land

193 285 70 23 borde
279 286 78 22 kunna
373 285 26 22 af
411 286 154 21 allmänheten
580 288 56 19 utan
652 286 116 28 svärighet
783 285 88 22 anlitas.

264 321 97 22 Jemlikt
379 323 9 19 1
406 322 14 28 8
437 322 28 20 24
481 321 52 28 kap.
550 321 28 21 R.
594 322 27 20 B.
638 328 54 21 eger
708 322 116 25 domaren,
837 328 38 14 om
885 328 57 21 upp-

193 357 55 21 skof
268 357 7 20 i
299 359 33 19 ett
355 357 45 21 mål
423 356 102 23 befinnes
544 357 80 28 nödigt
644 359 58 19 samt
718 356 83 22 endera
816 358 81 27 parten
913 356 29 21 dä

194 392 58 21 skall
275 392 109 29 päläggas
409 394 48 24 ,att
479 394 71 27 något
573 392 121 28 fullgöra",
714 393 60 20 sätta
791 391 89 28 ,dertill
895 391 46 22 viss

195 427 44 28 dag
262 427 71 22 före*.
364 427 12 21 I
398 427 52 22 stöd
473 427 26 22 af
520 430 27 19 68
570 427 14 29 &
605 427 7 21 i
628 427 85 29 Kongl.
729 427 155 22 resolutionen
899 427 43 21 och

193 462 156 29 förklaringen
372 465 29 26 pä
424 463 125 28 allmogens
572 463 82 22 besvär
676 463 45 21 den
745 465 27 19 16
795 469 59 15 mars
877 464 64 24 1789,

198 498 73 28 enligt
286 498 94 22 hvilken
396 497 246 30 ,häradshöfdingarne
658 498 65 21 skola
737 498 39 21 vid
792 498 85 28 tingets
892 498 50 21 bör-

191 533 48 29 jan,
255 537 41 18 när
311 536 107 26 parterna
433 540 122 22 uppropas,
571 533 91 29 tillsäpa
678 534 52 21 dem
745 536 30 26 pä
790 533 94 21 hvilken
897 533 45 28 dag

193 569 56 21 hvar
267 570 43 21 och
327 576 27 14 en
371 569 26 21 af
410 569 52 21 dem
478 569 41 22 bör
534 576 55 15 vara
605 568 134 27 tillstädes*,
755 570 41 20 har
811 569 76 29 praxis
902 568 40 22 vid

194 612 28 14 en
245 605 37 21 del
306 605 153 21 häradsrätter
475 604 126 22 emellertid
617 604 99 22 utbildat
732 605 36 28 sig
784 604 85 22 derhän
884 606 35 20 att
934 605 8 21 i

193 640 83 27 beslut,
293 640 147 29 hvarigenom
454 640 104 29 uppskof
567 640 7 22 i
590 642 34 19 ett
639 640 45 22 mäl
692 640 36 21 till
736 640 102 28 följande
847 640 50 28 ting
905 640 37 22 be-

193 676 74 27 viljas,
283 676 8 21 i
306 676 79 28 regeln
400 676 50 21 icke
466 678 96 19 utsättes
579 676 46 21 viss
636 676 186 28 rättegängsdag,
833 676 29 21 dä
872 676 69 21 mälet

193 713 59 26 ånyo
269 711 58 21 skall
343 711 121 28 företagas,
482 713 55 20 utan
553 711 195 28 uppskofsdomen
764 711 81 22 endast
855 711 87 28 lyder
929 707 17 37 å

195 750 78 24 »nästa
289 747 70 29 ting".
386 747 11 20 I
412 746 59 29 följd
487 747 67 22 häraf
560 746 86 29 åligger
657 747 39 21 det
706 746 147 29 naturligtvis
865 746 77 22 veder-

193 783 100 21 börande
309 786 83 25 parter,
407 783 91 21 vittnen
514 783 42 22 och
572 783 77 26 andra,
664 783 90 21 hvilkas
770 785 46 19 rätt
831 783 46 21 kan
887 789 54 15 vara

194 818 27 22 af
241 821 33 19 ett
297 819 45 21 mål
358 817 119 27 beroende,
494 820 34 20 att
543 818 39 22 vid
598 818 85 29 tingets
699 818 82 29 början
796 818 117 21 efterhöra
929 820 12 19 å

194 854 95 22 hvilken
305 854 44 29 dag
365 854 69 22 målet
450 854 36 21 till
495 854 140 28 behandling
646 853 157 22 förekommer.
827 854 43 21 Att
880 856 61 19 stora

195 890 147 29 olägenheter
351 897 88 22 genom
456 891 73 21 denna
546 892 99 27 omgång
658 891 103 21 åsamkas
772 889 169 23 vederbörande

194 926 61 21 inses
278 926 49 22 lätt.
360 925 44 22 Till
427 926 145 22 undvikande
595 925 69 22 häraf
683 925 70 22 borde
776 925 70 29 förty,
870 925 72 29 enligt

193 961 132 22 Utskottets
350 963 98 27 mening,
473 969 27 14 en
522 962 68 21 sådan
615 961 127 28 anordning
768 961 112 28 påbjudas
908 963 33 20 att

193 997 82 25 målen,
295 998 39 20 der
352 997 104 28 uppskof
469 997 101 21 befinnes
586 997 87 27 nödigt,
689 997 50 21 icke
754 996 62 28 finge
831 996 111 28 uppskju-

194 1035 35 18 tas
246 1032 141 22 annorlunda
406 1035 29 18 än
451 1032 34 21 till
501 1033 47 20 viss
563 1032 184 28 rättegångsdag,
764 1039 28 14 en
808 1031 134 28 anordning,

195 1075 47 14 som
266 1068 70 21 redan
359 1068 81 21 vunnit
463 1067 75 29 insteg
561 1067 39 22 vid
616 1069 33 19 ett
665 1070 58 19 stort
738 1067 62 22 antal
815 1067 127 21 häradsrät-

194 1105 41 23 ter,
258 1105 56 20 utan
337 1105 35 19 att
390 1103 122 28 olägenhet
528 1103 67 22 deraf
606 1103 8 20 i
630 1105 34 19 ett
679 1103 55 21 eller
750 1105 69 19 annat
835 1101 107 23 afseende

194 1139 119 28 försports.

264 1174 91 23 Jemväl
370 1181 54 15 vore
440 1175 39 21 det
495 1175 34 21 till
545 1174 85 22 båtnad
648 1173 36 23 för
702 1175 27 20 de
740 1175 154 25 rättsökande,
905 1181 37 14 om

193 1209 40 22 vid
248 1210 172 21 underrätterna
436 1209 35 22 för
486 1209 79 29 hvarje
581 1210 185 29 rättegångsdag,
783 1210 69 21 innan
867 1210 75 21 målen

193 1245 122 27 företagas,
340 1247 13 18 å
376 1247 86 18 rättens
478 1246 52 20 dörr
546 1245 105 27 ansloges
667 1253 29 12 en
710 1245 60 26 lista,
786 1246 65 19 hvari
867 1246 75 20 målen

193 1286 54 14 vore
270 1281 118 26 upptagna
403 1279 7 21 i
427 1279 44 21 den
487 1279 104 28 ordning,
607 1279 8 20 1
631 1279 94 22 hvilken
740 1279 129 22 domstolen
883 1280 59 21 hade

194 1313 36 23 för
241 1314 70 29 afsigt
327 1316 34 20 att
376 1321 104 22 uppropa
495 1314 51 22 dem
562 1314 36 22 till
613 1314 179 29 handläggning,
808 1317 60 19 samt
883 1315 59 21 dess-

193 1353 64 19 utom
276 1351 64 21 tiden
355 1350 36 22 för
406 1351 87 21 målens
509 1350 139 29 behandling
664 1350 110 28 angåfves
790 1350 102 27 sålunda,
908 1353 34 19 att

193 1386 76 22 målen
292 1386 35 22 för
351 1387 73 28 dagen
448 1386 127 22 fördelades
598 1386 8 21 i
629 1386 61 22 vissa
714 1394 99 21 grupper
839 1387 43 21 och
907 1386 35 23 för

193 1422 80 30 hvarje
297 1430 75 22 grupp
395 1422 26 22 af
442 1422 45 23 mål
510 1425 97 20 utsattes
626 1425 34 19 ett
679 1423 58 21 visst
752 1422 125 30 klockslag,
894 1422 48 22 före

253 1471 139 22 Lagutskotiets
406 1471 116 18 betänkande
534 1469 37 20 N:o
584 1471 16 17 5.
