1050 1709
318 132 28 22 U.
361 132 28 22 B.
405 145 27 3 —
448 133 72 27 Prop.
537 133 40 23 N:o
592 134 20 22 6.
816 136 27 20 15

90 206 41 16 nen
146 200 65 27 skett,
227 200 32 22 uti
275 202 13 26 &
304 203 26 20 10
346 201 71 22 införa
433 208 26 15 en
474 202 135 28 bestämning
633 202 87 25 derhän,
737 205 33 19 att
785 204 59 20 inne-

89 234 90 22 hafvare
195 234 25 22 af
233 235 105 28 fastighet
354 242 72 15 ensam
442 236 87 22 utöfvar
543 238 91 20 rösträtt
656 236 34 22 för
712 237 129 27 densamma,

89 271 24 24 ty
128 268 123 28 derigenom
267 270 133 21 fränkännes
413 270 131 27 jordegaren
559 270 41 21 den
618 272 92 20 rösträtt
729 271 3 21 i
747 272 94 20 kommu-

88 309 54 15 nens
157 304 116 21 allmänna
288 304 184 27 angelägenheter
494 305 42 21 han
559 304 67 27 enligt
643 307 11 19 9
671 304 12 29 &
698 305 39 21 bör
752 311 42 21 ega
808 305 34 21 för

89 337 108 22 arrendet.
226 337 34 22 En
276 344 72 15 annan
363 338 39 21 sak
417 340 25 19 är
457 339 48 21 åter
519 339 79 27 frågan
621 345 34 15 om
678 339 126 22 utöfvandet
820 339 26 22 af

88 373 92 21 rösträtt
194 371 7 22 i
217 372 99 27 ärenden,
328 379 44 15 som
388 373 136 22 uteslutande
540 374 57 27 angä
607 375 8 20 i
623 374 86 21 mantal
723 375 44 20 satt
778 373 66 28 jord;

88 406 163 27 bestämningen
267 413 33 15 om
315 407 62 22 hvem
393 408 196 21 rösträtten
513 402 10 36 i
534 408 55 21 slika
604 407 94 22 ärenden
714 407 129 22 tillkommer

88 447 76 20 passar
179 441 18 27 ej
214 441 32 21 uti
263 443 26 20 10
305 441 18 28 &,
339 443 53 20 utan
407 442 39 21 har
460 442 33 21 sin
509 444 59 20 rätta
582 442 57 27 plats
655 442 6 21 i
678 445 25 19 11
716 443 19 26 $.
750 443 12 20 I
770 442 71 22 öfver-

89 475 147 22 enstämmelse
258 476 89 21 härmed
369 476 40 21 har
431 476 113 22 Utskottet
567 477 49 21 från
638 479 25 18 10
680 471 13 38 $
687 477 126 28 uteslutit
828 479 12 19 2

88 516 60 15 mom.
164 509 8 22 i
187 509 81 28 nådiga
283 510 165 27 propositionen.
465 523 27 3 —
508 511 155 27 Ordalydelsen
681 511 7 21 i
706 512 14 20 4
742 517 61 15 mom.
819 511 25 21 af

90 546 25 19 10
131 545 13 26 $
160 551 62 21 synes
238 545 78 27 utvisa,
333 546 34 20 att
382 547 91 20 rösträtt
488 545 19 28 ej
523 545 57 28 finge
590 545 86 22 utöfvas
684 545 35 22 för
726 545 44 22 fast
778 552 63 21 egen-

88 579 54 26 dom,
158 585 43 16 som
218 580 47 21 stär
279 580 68 21 under
363 579 140 27 borgenärers
521 579 140 28 förvaltning,
684 587 48 14 men
751 582 34 19 att
800 580 42 21 slik

88 615 91 20 rösträtt
194 620 50 15 vore
260 614 85 22 tilläten
361 613 134 23 beträffande
511 615 31 20 lös
563 614 110 28 egendom,
697 614 95 22 hörande
808 615 33 21 till

88 648 128 21 konkursbo.
246 649 35 21 Då
297 648 118 22 emellertid
431 649 94 27 afsigten
541 648 116 27 rätteligen
672 649 62 22 torde
745 655 53 15 vara
808 651 33 20 att

88 685 90 20 rösträtt
193 683 48 22 icke
256 690 52 21 eger
323 689 47 16 rum
385 683 34 22 för
433 683 122 22 konkursbo
571 683 7 22 i
593 683 123 28 allmänhet,
740 690 52 16 vare
807 684 35 27 sig

89 717 50 22 boet
155 717 102 22 omfattar
272 717 45 22 fast
332 717 52 22 eller
398 718 32 21 lös
446 718 109 27 egendom,
564 719 39 20 har
614 717 151 28 ifrägakomna
780 724 61 15 mom.

88 751 72 22 blifvit
175 752 7 21 i
199 751 95 28 enlighet
309 752 88 21 härmed
412 753 179 21 omformuleradt.
604 766 23 2 —
639 752 60 21 Utan
715 753 75 22 tvifvel
802 753 40 20 har

88 785 94 28 afsigten
198 787 48 21 med
260 786 66 22 femte
341 793 60 15 mom.
414 786 25 21 af
454 789 25 19 10
495 786 13 29 8
523 787 7 21 i
545 787 50 21 nåd.
603 787 159 27 propositionen
777 787 63 27 varit,

88 822 34 20 att
136 820 8 21 i
158 821 280 27 kommunalförfattningen
461 821 68 22 skulle
552 820 81 23 införas
653 827 26 15 en
697 821 143 27 bestämning,

87 861 45 16 som
148 854 38 23 der
201 855 165 28 allmänneligen
381 854 69 23 hittils
466 856 95 26 saknats,
578 856 38 21 och
635 855 140 27 hvarigenom
793 855 47 28 den,

88 889 87 22 hvilken
190 889 73 22 blifvit
278 890 89 21 medlem
383 889 24 22 af
420 890 126 21 kommunen
561 896 76 21 genom
654 889 125 28 inflyttning
790 890 52 21 eller

88 924 28 27 pä
132 926 67 19 annat
214 926 49 24 sätt,
280 930 48 15 men
344 926 57 19 ännu
415 923 49 22 icke
478 924 77 22 hunnit
577 924 82 21 erhälla
681 925 91 20 rösträtt
796 924 45 22 der-

87 958 160 27 sammastädes,
264 959 68 20 sattes
347 958 8 21 i
370 957 85 23 tillfälle
471 961 34 19 att
520 960 78 26 genast
613 958 48 22 från
677 958 77 27 början
770 959 24 21 af
802 959 39 21 sitt

87 993 86 22 inträde
188 993 7 21 i
212 993 36 21 det
267 993 135 21 kommunala
425 993 113 22 samhället
561 993 89 27 deltaga
665 993 7 21 i
687 993 117 22 skötandet
819 993 24 21 af

88 1028 48 21 dess
152 1027 189 28 angelägenheter.
361 1027 34 21 Dä
410 1027 118 22 emellertid
543 1027 94 22 nämnda
652 1027 68 27 afsigt
735 1030 24 19 är
774 1028 6 21 i
793 1027 47 22 näd.

87 1061 158 28 propositionen
262 1061 149 28 ofullständigt
429 1061 132 28 genomförd,
584 1062 39 21 har
641 1062 113 21 Utskottet
770 1064 72 19 ansett

87 1096 35 28 sig
138 1097 52 20 böra
204 1096 8 20 i
227 1095 97 28 antydda
343 1096 59 21 delar
417 1096 142 27 komplettera
574 1095 169 28 ifrågavarande
758 1102 58 15 mom:

156 1129 13 30 8
179 1132 25 19 11
214 1136 38 21 ger
260 1131 89 20 likasom
365 1130 150 22 motsvarande
523 1130 12 29 $
544 1131 6 21 i
562 1137 28 14 nu
598 1130 100 27 gällande
709 1130 129 22 kommunal-

87 1165 131 27 författning
234 1165 37 22 vid
286 1164 91 27 handen,
393 1166 34 20 att
443 1165 13 20 å
471 1165 213 21 kommunalstämma
698 1165 74 21 kunna
787 1165 53 21 före-

88 1199 79 28 dragas
190 1199 47 22 icke
259 1199 55 22 blott
336 1199 83 22 sådana
441 1199 100 26 ärenden,
564 1205 44 16 som
624 1199 7 21 i
648 1201 10 19 1
675 1200 11 26 8
703 1198 62 27 afses,
789 1199 51 22 eller

88 1234 95 22 ärenden
198 1233 74 22 hvilka
288 1236 37 19 äro
340 1239 170 22 ,gemensamma
525 1233 33 22 för
574 1233 48 22 hela
631 1234 148 27 kommunen",
788 1236 52 20 utan

88 1269 40 22 ock
143 1269 88 25 sådana,
248 1269 74 21 hvilka
337 1270 50 19 röra
402 1269 55 21 blott
473 1269 34 20 den
521 1268 8 21 i
537 1268 81 21 mantal
625 1269 59 20 satta
689 1268 84 27 jorden.
790 1269 50 21 Med

88 1303 101 22 afseende
204 1303 19 27 ej
241 1303 81 22 mindre
338 1303 58 26 derå,
413 1304 33 21 att
462 1303 112 22 Utskottet
590 1309 63 15 anser
671 1303 34 27 sig
720 1303 52 21 böra
787 1303 53 21 före-

87 1337 33 22 slå
136 1344 26 15 en
178 1337 93 26 ändring
287 1337 24 21 af
325 1337 36 21 det
376 1337 8 20 i
400 1339 26 18 11
443 1339 13 24 &
471 1337 173 21 förekommande
659 1337 132 26 stadgandet
806 1337 34 20 be-

86 1370 107 22 träffande
208 1370 134 22 sistnämnda
358 1370 48 27 slag
421 1370 24 21 af
459 1370 187 27 angelägenheter,
663 1372 27 19 än
706 1370 64 21 äfven
788 1370 52 21 derå

88 1406 34 20 att
136 1405 114 21 Utskottet
265 1407 24 18 är
304 1404 118 22 föranlåtet
437 1405 34 20 att
493 1404 36 21 vid
544 1403 107 23 särskilda
666 1403 100 23 tillfällen
781 1403 7 22 i
804 1403 37 22 det

156 1444 206 19 Kommunalutskottets
374 1444 111 18 betänkande
496 1443 34 19 N:o
543 1444 14 17 1.
