1039 1700
328 118 28 22 U.
372 118 27 24 B.
415 131 29 4 —
460 118 73 28 Prop.
549 118 42 23 N:o
607 118 22 22 2.
795 119 27 20 51

460 186 11 18 6
488 184 18 28 8.

178 225 60 28 Part,
262 231 46 16 som
331 225 58 21 inom
404 225 93 23 föresatt
513 225 32 21 tid
561 225 19 27 ej
598 224 105 27 fullföljer
719 224 64 22 vade-
799 224 56 21 eller

108 261 152 22 besvärstalan
284 261 39 21 och
344 261 20 26 ej
380 261 71 21 heller
466 260 59 22 visar
541 261 50 26 laga
606 259 81 28 förfall,
704 265 53 16 vare
773 259 34 22 sin
822 261 32 20 ta-

108 297 36 20 lan
167 295 110 28 förlustig.
314 296 47 21 Har
383 297 123 26 motparten
528 295 203 22 tillstädeskommit
753 295 39 21 och
815 295 40 22 vill

108 332 43 21 han
166 332 62 27 njuta
244 332 125 27 ersättning
384 331 35 22 för
435 331 34 22 sin
480 331 100 27 kostnad,
592 331 95 21 inlemne
698 331 35 20 till
743 329 112 23 hofrätten

109 367 41 22 sist
165 367 48 22 före
234 367 94 21 klockan
344 366 44 22 tolf
400 367 13 21 å
429 367 119 21 trettionde
564 366 70 27 dagen
651 365 57 22 efter
723 365 131 22 inställelse-

109 404 71 26 dagen
196 403 100 27 skriftlig
312 403 124 27 ansökning
452 403 74 22 derom
542 403 7 21 i
565 403 38 21 två
620 402 112 26 exemplar
740 402 68 27 jemte
818 402 37 21 be-

109 439 34 22 vis
166 438 24 22 af
204 439 165 22 vederbörande
385 439 132 26 tjensteman
533 439 6 20 i
555 437 118 26 hofrätten,
689 439 33 19 att
736 437 44 21 han
795 437 13 21 å
823 437 32 21 in-

109 474 171 27 ställelsedagen
303 475 106 26 närvarit,
434 474 39 21 och
495 474 76 27 styrke
588 473 73 21 tillika
677 473 49 21 med
742 473 113 21 domarens

109 511 63 26 intyg
188 511 32 20 att
236 510 68 21 andra
319 511 79 25 parten
413 509 75 28 vädjat
504 510 55 21 eller
575 509 82 21 anmält
673 509 108 26 missnöje.
811 508 46 21 Vill

110 546 70 22 denne
197 546 85 21 bemöta
298 545 44 22 slik
358 545 130 28 ansökning,
505 551 40 21 ege
561 545 44 21 han
619 546 76 26 uttaga
706 544 68 21 andra
784 550 73 15 exem-

110 582 72 26 plaret
198 581 64 22 deraf
276 582 39 20 och
331 581 39 21 sist
386 582 14 20 å
414 580 107 28 fjortonde
537 581 70 27 dagen
623 580 54 27 efter
692 580 114 28 nästsagde
818 579 40 26 tid,

109 619 46 24 före
170 616 90 21 klockan
276 616 46 26 tolf,
338 616 35 21 till
389 616 112 21 hofrätten
517 617 109 20 inkomma
643 616 48 21 med
703 615 99 26 skriftlig
812 614 44 22 för-

110 653 94 26 klaring.

181 687 47 22 Har
250 690 57 25 part,
332 689 52 20 utan
407 687 74 28 styrkt
505 687 80 27 förfall,
607 687 130 21 försummat
752 689 32 19 att
799 687 57 21 inom

110 723 94 22 föresatt
218 723 33 21 tid
266 723 35 21 till
317 723 112 21 hofrätten
444 723 85 26 ingifva
544 723 37 21 det
593 722 158 27 öfverklagade
761 723 97 26 utslaget

111 759 55 22 eller
181 759 97 22 beslutet
294 759 55 21 eller
365 759 155 21 underrättens
536 758 117 27 protokoll,
670 758 40 21 der
725 758 61 21 detta
799 758 59 22 varit

110 794 35 22 för
167 794 105 27 pröfning
295 793 25 22 af
340 795 55 20 hans
418 794 59 21 talan
498 794 77 27 nödigt
590 794 41 21 och
647 793 18 28 ej
683 793 24 22 af
721 800 71 15 annan
807 798 51 23 part

109 831 125 26 inlemnats,
250 836 54 15 vare
320 830 59 22 talan
392 830 83 27 jemväl
491 830 27 21 dä
534 829 117 22 försutten.

181 865 47 22 Har
243 868 50 24 part
309 865 120 22 underlätit
444 868 32 19 att
493 865 64 27 jemte
573 865 75 27 inlaga
663 865 55 22 eller
728 865 130 22 bemötande

109 901 96 22 inlemna
221 901 93 22 afskrift
329 901 65 22 deraf
408 901 54 22 eller
479 901 25 21 af
516 901 121 27 ätföljande
653 901 68 27 bevis,
738 901 73 26 varde,
823 907 34 16 om

110 937 68 21 behof
199 937 24 21 af
244 936 145 22 afskrifterna
404 939 72 25 göres,
492 937 81 27 (utesl.)
589 937 82 21 sådana
687 943 77 20 genom
779 937 77 22 veder-

110 973 96 21 börande
223 973 142 27 tjenstemans
380 971 88 28 försorg
482 973 28 26 pä
521 973 42 21 den
579 971 140 28 försumliges
735 973 122 22 bekostnad

110 1007 116 23 utskrifna.

462 1069 10 19 7
490 1067 18 29 8.

182 1114 94 28 Styrker
291 1116 51 26 part
357 1114 13 22 å
386 1114 167 28 inställelsedag
569 1114 55 23 eller
640 1115 13 21 &
669 1114 38 29 tid,
722 1121 46 16 som
778 1114 34 23 för
824 1115 32 21 in-

111 1151 104 27 gifvande
238 1150 27 27 af
285 1157 51 15 svar
359 1150 51 22 eller
431 1150 124 29 förklaring
571 1151 56 22 eller
643 1157 71 15 annan
730 1150 127 23 föreskrifts

110 1187 138 27 fullgörande
264 1189 26 19 är
304 1187 107 27 bestämd,
428 1187 49 27 laga
493 1187 75 21 förfall
585 1187 51 21 eller
652 1188 70 20 annat
735 1187 122 27 synnerligt

111 1222 83 26 hinder,
218 1224 58 19 sätte
296 1221 112 22 hofrätten
424 1229 30 20 ny
470 1223 32 20 tid
517 1224 24 20 ut
558 1222 34 22 för
607 1221 139 28 fullgörande
761 1221 25 22 af
799 1223 58 21 hvad

110 1259 79 25 parten
204 1257 8 22 i
227 1257 55 28 följd
298 1257 25 22 af
335 1257 100 22 förfallet
450 1257 133 22 försummat.

462 1318 12 19 8
491 1317 18 28 8.

182 1363 107 22 Anhäller
312 1365 50 25 part
384 1365 33 20 att
437 1364 62 21 öfver
514 1364 46 21 viss
577 1363 161 27 omständighet
753 1364 23 21 fä
791 1363 65 21 fram-

112 1399 66 22 ställa
193 1399 69 28 bevis,
280 1399 39 22 och
335 1399 91 27 pröfvar
441 1399 111 22 hofrätten
568 1400 33 21 att
617 1399 49 21 skäl
682 1399 74 22 dertill
770 1401 44 26 äro,
827 1399 29 22 el-

183 1447 138 23 Lagutskottets
334 1447 116 19 betänkande
463 1447 35 18 N:o
510 1448 17 17 5.
