1034 1711
297 134 82 24 Ständ.
394 135 39 24 Sv.
449 148 27 3 —
491 136 72 28 Prop.
578 136 40 23 N:o
633 136 21 23 6.
822 138 27 19 43

95 207 130 21 gemensam
242 203 95 20 stämma
357 201 56 22 skall
431 201 76 26 hållas,
522 202 8 21 i
545 203 47 27 god
607 202 34 21 tid
656 201 141 23 underrättas
813 209 37 22 ge-

94 241 54 15 nom
169 235 82 28 utdrag
273 242 28 14 ur
319 235 148 28 protokollen,
484 236 66 21 förda
564 237 40 20 vid
620 236 27 22 de
663 236 109 21 särskilda
788 237 61 21 kom-

95 269 224 25 munalstämmorna;
341 270 42 21 och
398 270 57 28 gälle
471 271 65 20 dessa
551 271 209 27 protokollsutdrag
776 272 72 20 säsom

94 302 130 22 fullmakter
243 304 37 20 för
303 304 27 20 de
353 304 94 20 sälunda
469 304 67 22 valde
554 307 32 18 att
600 304 9 20 i
624 305 44 21 den
683 311 166 21 gemensamma

94 339 112 19 stämman
222 337 95 29 deltaga.

442 403 27 19 44
485 402 20 27 &.

165 451 89 23 Uteblir
269 452 128 29 fullmäktig
413 452 52 22 eller
480 453 100 21 inkallad
596 453 120 28 suppleant
731 455 55 19 utan
799 453 51 27 laga

94 485 78 22 förfall
194 486 51 21 från
267 494 129 21 gemensam
418 487 232 26 kommunalstämma,
672 487 71 29 plikte
765 486 83 29 fyratio

93 521 71 21 mark.

163 555 49 28 Lag
228 563 85 13 samma
328 563 59 18 vare,
404 556 40 20 där
459 556 129 28 fullmäktig
602 556 50 21 icke
666 556 69 28 gitter
750 555 55 26 visa,
817 558 33 19 att

93 590 47 21 han
159 589 40 22 vid
210 589 125 25 inträffadt
354 590 52 28 laga
420 590 76 22 förfall
511 590 8 21 i
534 590 34 21 tid
582 590 34 21 till
631 592 109 20 stämman
756 590 94 22 inkallat

94 624 128 28 suppleant.

164 658 103 22 Nämnda
282 658 69 26 viten,
368 666 48 14 som
431 659 104 21 utdömas
551 659 24 21 af
590 662 110 18 stämman
714 659 8 21 i
733 659 44 21 den
788 659 61 21 kom-

94 700 55 15 mun
170 693 44 22 den
237 693 132 29 försumlige
387 694 52 21 bort
457 694 120 25 företräda,
594 693 62 23 skola
672 694 87 22 tillfalla
775 694 74 22 denna

94 728 121 22 kommuns
230 728 112 22 allmänna
356 728 73 22 kassa.

441 801 26 19 45
483 800 22 28 8.

164 850 134 22 Gemensam
317 850 225 22 kommunalstämma
562 853 24 18 är
604 850 116 25 beslutför,
737 850 28 21 då
781 850 68 21 minst

94 887 35 20 tre
148 884 137 29 fjärdedelar
305 884 23 22 af
343 884 75 22 därtill
433 885 95 22 utsedde
543 884 153 29 fullmäktiges
712 885 61 21 antal
788 884 61 22 kom-

92 919 42 21 mit
148 919 117 22 tillstädes.

164 953 76 22 Sådan
263 956 94 19 stämma
379 955 86 26 öppnas
485 954 24 20 af
528 953 253 22 kommunalstämmans
799 953 50 22 ord-

93 987 96 22 förande
207 987 9 22 i
234 987 44 22 den
300 988 114 25 kommun,
433 987 62 23 inom
509 988 69 22 hvars
594 988 91 21 område
700 988 45 21 den
760 995 89 21 gemen-

93 1030 86 14 samma
195 1025 109 19 stämman
318 1023 82 25 hålles;
420 1023 43 21 och
477 1023 61 22 föres
554 1022 81 22 därvid
650 1022 64 22 ordet
729 1023 43 21 och
787 1022 62 22 ledas

93 1057 203 28 förhandlingarna
315 1057 24 22 af
361 1057 50 26 den,
435 1058 93 21 hvilken
548 1057 141 28 fullmäktige
705 1057 35 28 sig
755 1057 94 22 emellan

94 1092 76 21 därtill
185 1095 56 19 utse.

164 1126 147 28 Omröstning
333 1126 57 21 skall
413 1129 68 26 öppet
504 1127 112 24 anställas,
640 1126 42 22 och
705 1133 41 21 ege
769 1125 80 22 därvid

93 1160 79 28 hvarje
192 1160 129 28 fullmäktig
340 1168 28 14 en
383 1162 58 24 röst;
464 1160 39 22 vid
521 1160 37 22 val
572 1168 54 14 vare
642 1160 141 28 omröstning
797 1160 52 21 med

92 1194 78 22 slutna
192 1194 74 21 sedlar
287 1194 92 22 tillåten.
409 1194 96 22 Utfaller
528 1194 115 22 röstetalet
664 1195 36 21 för
723 1194 60 21 olika
805 1201 44 13 me-

92 1228 83 28 ningar
194 1228 52 26 lika,
270 1228 58 28 gälle
350 1230 74 20 såsom
442 1228 74 22 beslut
532 1228 44 22 den
588 1228 94 29 mening
696 1228 153 22 ordföranden

93 1262 91 26 biträdt,
205 1265 63 19 utom
291 1262 40 22 vid
351 1263 44 25 val,
419 1262 39 22 där
481 1262 100 29 lottning
603 1262 65 28 skilje
689 1262 94 22 emellan
803 1262 46 21 lika

93 1296 99 22 röstetal.

440 1355 27 19 46
483 1354 22 27 8.

162 1404 140 23 Protokollet
316 1404 39 22 vid
370 1412 129 21 gemensam
514 1403 225 23 kommunalstämma
757 1403 58 22 föres
826 1403 23 22 af

94 1438 154 23 ordföranden
267 1439 54 22 eller
343 1439 74 21 under
439 1439 56 21 hans
515 1437 80 30 tillsyn
615 1438 23 21 af
654 1438 43 22 den
712 1438 46 21 han
774 1437 75 23 därtill
