1034 1706
405 136 28 22 U.
449 136 26 22 B.
491 149 27 3 —
534 136 74 28 Prop.
624 135 44 23 N:o
684 136 23 21 2.

391 208 165 26 propositionen
576 208 97 21 rörande
685 208 97 26 partiela
795 208 134 26 förändrin-

393 249 43 21 gar
454 244 8 20 i
477 242 202 28 rättegångsbalken
694 244 27 26 af
738 242 136 28 förenämnd
889 249 40 15 an-

394 280 88 26 ledning
497 279 44 21 icke
556 280 55 20 velat
624 278 54 28 ingå
693 280 9 20 i
710 278 139 28 granskning
859 279 28 27 af
894 278 35 22 det

391 315 129 26 föreslagna
536 315 94 27 tillägget
645 314 32 22 till
692 315 15 21 2
717 316 14 24 $
742 315 28 21 15
781 314 49 27 kap.
839 320 89 16 samma

395 351 54 26 balk,
466 350 78 27 efteråt
560 351 102 27 upptagit
674 350 86 27 frågan
782 351 9 20 i
806 350 72 22 denna
894 350 34 21 del

395 386 37 21 och
447 386 50 21 med
512 387 59 21 vissa
587 386 125 26 ändringar
727 386 97 27 godkänt
834 386 96 21 berörda

392 422 93 26 förslag,
501 423 59 20 samt

466 458 32 20 att
513 457 132 26 Ständerna,
662 458 54 20 enär
726 456 177 27 ifrågavarande
914 458 15 24 $

395 493 32 20 till
447 493 57 26 följd
526 493 72 26 häraf
617 493 109 20 uteslutits
750 499 30 14 ur
801 492 33 21 det
849 493 9 20 i
871 492 57 26 före-

394 528 101 21 nämnda
517 527 83 28 nådiga
621 529 137 26 proposition
773 527 113 27 ingående,
903 528 28 26 af

394 563 126 22 Ständerna
543 565 98 26 antagna
662 564 106 26 förslaget
791 564 32 21 till
836 563 93 27 förord-

394 600 54 27 ning
463 599 113 28 angående
590 599 90 22 ändrad
690 600 80 26 lydelse
780 599 27 27 af
814 599 115 22 särskilda

395 637 28 24 SS
438 637 8 20 i
461 635 209 28 rättegångsbalken,
689 637 71 20 ansett
772 635 107 27 förslaget
894 637 34 20 rö-

395 671 70 22 rande
480 672 70 26 sagda
566 673 13 24 $
595 672 53 21 böra
663 670 84 22 erhålla
760 671 89 26 formen
865 671 28 27 af
902 677 28 15 en

395 707 96 22 särskild
497 707 139 27 författning,
646 707 83 22 hvilken
738 706 97 22 sålunda
843 707 86 21 komme

394 744 33 20 att
441 743 53 26 lyda
509 749 47 16 som
570 743 76 27 följer:

395 813 118 28 Förordning
534 811 104 30 angående
660 813 76 23 ändrad
756 813 74 28 lydelse
848 813 21 22 af
885 813 13 22 2
915 813 14 29 &

323 848 23 23 15
363 849 43 27 kap.
423 847 195 30 rättegångsbalken.

465 904 137 27 Härigenom
620 904 91 27 stadgas
726 905 32 20 att
772 904 16 21 2
803 905 13 24 $
834 904 27 21 15
877 904 52 27 kap.

393 939 205 27 rättegångsbalken
615 940 56 21 skall
686 938 84 22 erhålla
784 940 99 26 följande
899 940 30 26 ly-

395 976 69 20 delse:

465 1028 97 23 Såsom
576 1028 275 28 rättegångsombud
865 1029 64 21 eller

395 1064 114 22 biträde
534 1064 29 22 åt
584 1066 71 26 part
680 1064 44 22 må
749 1065 115 27 nyttjas
889 1070 39 16 en

395 1101 66 20 dast
483 1101 176 27 välfrejdad,
683 1101 105 21 redbar
807 1101 48 21 och
879 1101 49 21 till

394 1135 92 23 sådan
509 1136 175 22 verksamhet
707 1137 122 26 skicklig
851 1142 76 20 man,

393 1177 58 16 som
472 1172 23 27 ej
514 1172 69 27 sjelf
594 1172 89 21 under
698 1172 141 22 målsman
853 1171 70 22 står.

393 1207 29 26 Ej
437 1208 39 20 bör
491 1207 73 28 någon
574 1208 169 27 allmänneligen
753 1208 72 21 dertill
836 1208 89 26 brukas,

395 1249 47 13 som
463 1244 28 24 af
505 1245 78 23 rätten,
600 1244 39 19 der
654 1244 67 19 saken
736 1244 89 25 drifves,
842 1244 19 25 ej
875 1244 52 24 god-

393 1277 61 21 känd
470 1279 34 24 är,
521 1278 37 20 och
574 1278 30 26 lof
618 1278 73 21 dertill
703 1278 51 26 fått.
790 1278 41 21 Vid
846 1278 80 21 under-

393 1313 47 20 rätt
461 1312 44 22 kan
524 1314 56 26 part
602 1313 32 21 till
654 1313 127 26 fullmäktig
804 1313 70 21 bruka
890 1314 37 20 sin

394 1348 134 27 skyldeman,
546 1349 50 21 eller
612 1349 41 21 den
668 1350 8 20 i
688 1349 58 21 hans
756 1349 65 27 tjenst
831 1350 34 26 är,
877 1349 52 21 eller

395 1384 45 21 han
463 1384 58 27 eljest
543 1385 77 27 hafver
640 1385 126 27 förtroende
790 1386 37 26 till,
851 1392 50 15 men
921 1386 8 22 i

395 1420 66 26 högre
480 1421 46 21 rätt
550 1420 38 22 mä
603 1421 25 27 ej,
645 1422 60 20 utom
721 1422 8 20 i
744 1422 35 21 det
792 1422 48 27 fall,
857 1428 48 15 som
920 1423 9 20 i

251 1471 34 18 Lag
291 1472 75 13 tskottets
376 1471 97 14 betänkande
483 1472 28 14 N:o
521 1473 21 14 17.
