1034 1709
225 128 13 20 2
538 128 40 20 N:o
593 129 20 20 4.

196 196 38 20 ket
258 197 24 19 är
304 195 167 27 hufvudnäring;
494 198 26 18 än
543 196 83 21 mindre
642 196 31 20 att
688 201 25 15 en
730 194 136 28 tillämpning
881 195 23 21 af
918 195 35 21 det

196 229 99 27 gällande
309 230 283 26 landtmäterireglementet
607 230 28 26 på
651 230 115 21 omordade
782 229 91 22 socknar
883 230 70 20 skulle

195 264 56 20 varit
274 264 48 21 med
345 264 139 21 hemmanens
505 264 92 22 bestånd
620 263 102 28 förenligt
746 264 53 21 eller
820 264 81 27 utgjort
921 265 32 20 ett

195 298 131 27 nödvändigt
341 298 69 21 vilkor
425 298 34 21 för
472 298 141 26 jordbrukets
628 297 203 23 framåtskridande.

265 332 120 22 Ständerna
400 332 127 22 hemställde
542 332 84 22 derföre
642 332 7 21 i
664 332 38 22 sitt
718 332 146 28 underdåniga
879 338 49 15 svar
940 330 13 22 å

196 367 40 21 den
252 366 79 27 nådiga
345 366 160 28 propositionen
521 368 31 20 att
568 367 58 21 Hans
642 366 118 27 Kejserliga
776 366 101 28 Majestät
893 366 59 21 täck-

194 403 34 20 tes
250 401 45 21 låta
318 401 56 20 inom
393 400 118 27 Kuusamo,
526 400 124 22 Kemiträsk
666 401 39 21 och
720 400 125 27 Kuolajärvi
861 400 91 22 socknar

195 436 92 20 anställa
303 441 110 21 noggrann
429 435 160 27 undersökning
604 434 111 28 angående
730 435 100 21 markens
844 435 107 21 allmänna

194 469 155 27 beskaffenhet,
365 468 161 28 befolkningens
542 468 144 28 hushållning,
702 469 135 27 lefnadssätt,
853 468 99 22 förvärfs-

194 504 71 21 källor
285 503 40 21 och
340 503 65 21 behof
419 505 55 19 samt
489 504 67 21 andra
572 503 72 27 dylika
658 503 189 27 omständigheter,
863 504 87 20 hvarom

194 539 40 21 allt
248 538 123 22 kännedom
386 537 136 23 erfordrades
538 538 34 22 för
587 540 31 19 ett
631 538 73 22 säkert
713 538 135 22 bedömande
858 537 24 22 af
891 537 59 22 tiden

193 574 39 20 när
255 573 26 21 de
302 572 127 27 ifrågasatta
451 572 141 22 storskiftena
610 572 66 22 borde
694 572 127 22 verkställas
837 568 56 26 samt
909 572 40 22 den

191 607 107 27 jordvidd,
319 612 46 16 som
381 606 79 27 dervid,
476 607 48 21 med
540 606 100 22 afseende
656 608 12 20 å
683 606 97 28 antydda
795 606 154 26 förhållanden,

194 647 49 16 vore
265 641 34 21 för
321 641 152 27 lägenheterna
494 640 104 28 behöflig;
620 641 114 21 hvarutom
758 641 127 26 Ständerna,
901 641 48 21 med

192 675 107 22 förbehåll
321 677 32 19 att
378 675 7 21 i
407 674 174 28 grundlagsenlig
603 677 41 25 väg
663 675 21 21 få
699 676 86 26 deltaga
801 675 6 21 i
823 675 126 27 pröfningen

193 710 40 22 och
252 709 171 22 bestämmandet
438 708 23 22 af
475 710 19 26 ej
510 709 83 21 mindre
608 709 134 27 tidpunkten,
758 712 39 18 när
813 709 135 22 storskiftena

192 744 61 22 skola
277 744 86 27 vidtaga
386 744 40 21 och
445 743 36 22 det
495 743 136 23 tunnlandtal
647 744 68 26 mark,
731 750 46 16 som
793 744 75 21 dervid
883 744 66 22 borde

192 779 153 27 lägenheterna
367 778 56 22 inom
445 778 92 22 berörda
552 778 92 22 socknar
658 778 34 22 för
706 778 82 22 mantal
804 778 101 26 tilldelas,
922 780 27 19 än

192 814 40 21 ock
256 812 106 22 huruvida
389 812 40 22 och
451 812 33 22 till
506 812 88 22 hvilken
616 812 149 28 utsträckning
788 812 160 22 sockneboarne

191 848 66 22 borde
280 846 62 23 äfven
364 846 54 23 efter
441 846 121 23 storskiftet
584 846 120 23 bibehållas
719 847 35 22 vid
770 847 130 27 rättigheten
916 848 33 21 att

191 882 96 27 begagna
302 882 88 21 renbete
406 884 56 20 samt
476 882 51 21 idka
540 882 53 27 jagt,
609 882 101 27 djurfång
725 882 40 22 och
780 882 53 21 fiske
848 883 57 21 inom
923 882 25 21 de

191 916 202 28 öfverloppsjordar,
413 922 47 15 som
479 916 74 21 dervid
568 916 65 21 varda
648 916 32 21 för
695 916 95 22 kronans
806 916 91 27 räkning
913 916 34 21 de-

190 950 77 22 finitivt
283 950 104 26 afrösade,
404 950 7 21 i
425 950 171 27 underdånighet
606 950 86 22 anhöllo
703 953 39 24 att,
753 951 66 21 sedan
831 950 116 22 omordade

190 984 115 28 utredning
319 984 70 22 blifvit
404 990 89 21 vunnen,
509 984 65 28 nådig
588 985 133 26 proposition
733 984 110 28 angående
854 985 93 21 nämnda

190 1020 183 27 omständigheter
387 1020 68 20 måtte
470 1018 121 22 Ständerna
607 1019 127 28 föreläggas.

258 1053 34 22 Då
316 1053 140 22 omförmälda
480 1053 144 27 provisionela
648 1053 135 27 afrösningar
808 1053 47 23 icke
875 1054 71 21 kunde

188 1088 129 22 verkställas
333 1087 46 22 förr
393 1089 34 25 än,
443 1087 53 22 efter
511 1087 90 27 behörig
616 1087 158 27 undersökning
789 1088 40 22 och
839 1088 106 27 pröfning,

188 1122 108 22 bestämdt
312 1122 69 21 blifvit
396 1122 72 21 hvilka
483 1121 24 21 af
516 1122 27 22 de
554 1122 32 20 uti
597 1121 162 27 ifrågavarande
769 1122 91 22 socknar
870 1122 75 22 befint-

188 1156 43 28 liga
253 1157 115 27 nybygges-
391 1156 39 21 och
453 1156 173 28 torplägenheter
640 1162 51 15 vore
705 1156 25 21 af
743 1156 41 21 den
799 1156 148 22 beskaffenhet

188 1192 33 20 att
236 1191 27 21 de
277 1190 71 21 kunde
364 1196 39 21 ega
417 1190 102 21 framtida
534 1190 91 21 bestånd
640 1190 69 22 såsom
725 1190 151 27 sjelfständiga
887 1190 58 22 hem-

188 1230 48 16 man
259 1224 40 22 och
322 1223 72 22 såsom
417 1224 81 21 sådana
513 1224 42 22 fått
570 1224 32 27 sig
617 1224 143 26 provisionela
775 1225 82 21 mantal
873 1224 72 22 åsatta

189 1258 38 20 och
241 1258 66 21 innan
323 1258 41 20 den
379 1258 162 26 sammanlagda
554 1258 118 26 jordareal,
688 1263 44 15 som
749 1258 67 21 borde
827 1258 118 26 samfällig-

187 1291 176 27 hetsdelegarene
386 1290 33 22 för
437 1291 145 26 nyssnämnda
597 1290 136 28 lägenheters
748 1292 82 21 mantal
844 1291 101 27 tilldelas,

188 1325 90 22 sålunda
293 1325 82 21 kunnat
390 1326 95 26 utrönas,
502 1324 71 22 blefvo
588 1331 76 21 genom
680 1324 121 28 Styrelsens
816 1324 85 29 försorg
912 1332 33 16 er-

186 1360 115 28 forderliga
320 1360 183 27 undersökningar
519 1360 7 22 i
542 1360 77 22 sådant
634 1360 55 28 syfte
704 1360 115 27 anställda,
834 1360 110 23 hvarefter

187 1396 83 21 antalet
292 1394 134 28 nyhemman,
449 1400 45 16 som
516 1396 28 26 på
568 1394 78 22 sådant
660 1397 44 20 sätt
718 1395 85 22 komme
819 1397 32 20 att
866 1395 77 27 bildas,

185 1436 76 22 genom
277 1430 23 21 af
313 1429 139 22 Guvernören
467 1430 8 21 i
490 1430 119 26 Uleåborgs
624 1430 35 21 län
674 1430 127 22 meddelade
817 1430 40 22 och
873 1430 24 22 af
906 1430 37 22 Se-
