1034 1711
128 278 28 19 84
171 275 21 28 8.

207 144 27 18 20
403 141 81 23 Ständ.
501 140 37 24 Sv.
553 154 29 3 —
596 142 72 26 Prop.
683 141 42 22 N:o
740 141 21 22 6.

206 206 69 22 borde
299 206 90 28 tvingas
412 209 32 18 att
465 206 95 22 bekosta
582 206 35 28 sig
635 208 83 20 tvenne
737 206 112 29 exemplar
867 206 24 22 af
908 206 52 22 den-

207 248 90 14 samma.

274 275 79 28 Enligt
374 277 6 18 2
396 282 66 13 mom.
479 275 25 21 af
517 277 28 19 84
560 275 14 28 &
586 278 23 17 är
621 274 105 27 ,enhvar,
738 283 49 14 som
797 276 70 21 saken
877 276 82 27 angår"

207 309 126 29 berättigad
352 311 32 20 att
401 312 48 18 mot
464 309 117 22 verkstäld
595 309 104 29 taxering
714 312 55 25 göra
784 309 149 28 anmärkning
949 311 12 19 &

207 344 230 22 kommunalstämma.
468 344 35 21 Dä
522 352 28 13 en
565 343 35 22 för
615 343 37 28 läg
667 344 166 29 uppskattning
848 343 25 22 af
886 343 27 23 de
928 344 33 21 in-

206 379 99 21 komster
324 386 29 14 en
375 378 53 22 eller
450 379 54 21 flere
523 378 165 29 skattskyldige
705 379 56 26 haft,
779 379 46 21 kan
843 379 70 21 verka
929 381 32 19 att

206 413 83 22 andras
307 413 118 28 utskylder
448 414 61 25 ökas,
528 413 78 21 kunna
624 413 94 22 anförda
734 413 92 28 ordalag
840 413 73 22 tolkas
929 415 31 24 sä,

206 451 33 18 att
260 447 80 28 hvarje
362 448 93 21 taxerad
477 455 84 21 person
582 455 55 14 vore
655 448 127 28 berättigad
801 450 38 23 att,
857 447 9 20 i
883 447 40 22 fall
938 447 23 22 af

206 483 46 28 fog,
267 482 8 21 i
289 482 227 22 kommunalstämma
531 482 87 29 päyrka
633 482 95 29 höjning
743 482 25 21 af
777 481 70 22 andra
856 482 104 21 medlem-

206 525 47 13 mar
271 517 24 21 af
316 517 138 21 kommunen
472 517 96 28 päförda
587 517 121 22 skattören.
739 517 35 20 En
793 516 70 22 sädan
877 517 83 28 grund-

206 554 46 19 sats
270 551 69 22 hafva
362 551 128 22 Ständerna
511 552 58 21 dock
584 551 50 22 icke
649 552 88 20 kunnat
752 551 127 29 godkänna.
909 551 51 21 Till

205 586 147 28 lämpningen
374 586 23 21 af
420 586 130 22 densamma
573 586 76 21 kunde
667 586 115 28 nämligen
799 585 51 22 leda
867 585 92 25 därhän,

206 623 32 19 att
259 620 230 28 taxeringsnämnden
510 620 8 22 i
540 620 156 29 verkligheten
717 620 82 25 blefve,
817 620 8 22 i
842 620 118 29 uppenbar

206 655 56 21 strid
280 657 47 19 mot
349 655 61 22 hvad
431 656 52 20 med
501 655 130 21 densamma
654 655 84 25 afsetts,
761 654 58 22 blott
841 662 29 14 en
887 654 73 22 förbe-

205 690 99 21 redande
325 690 92 25 komit&,
436 690 242 21 kommunalstämman
696 690 101 21 däremot
811 690 148 21 kommunens

206 724 113 28 egentliga
333 725 122 21 taxerande
471 732 77 20 organ.
567 725 54 20 Men
636 724 73 21 därtill
725 732 70 19 egnar
805 724 36 28 sig
851 727 109 18 stämman

205 758 130 29 ingalunda.
365 759 59 22 Dess
445 758 203 28 sammansättning
663 761 24 18 är
702 758 75 21 alltför
792 758 111 21 olikartad
918 758 43 21 och

205 793 117 26 vexlande,
338 794 36 21 för
389 796 34 19 att
438 793 44 21 den
496 793 78 21 kunde
590 792 95 29 erbjuda
699 793 142 27 nägorlunda
855 792 105 22 tillförlit-

205 827 46 28 liga
274 828 113 27 garantier
409 828 36 21 för
467 831 32 18 ett
520 827 100 28 oväldigt
639 828 42 20 och
699 827 140 28 sakkunnigt
853 827 107 28 uppskat-

204 861 69 21 tande
293 862 24 21 af
331 862 28 21 de
374 861 177 29 skattskyldiges
566 862 131 24 inkomster,
714 862 42 21 och
770 861 73 21 under
858 860 43 22 alla
915 860 45 22 för-

204 896 121 22 hällanden
340 904 54 14 vore
409 896 244 22 kommunalstämman
667 898 71 19 utsatt
750 896 36 21 för
796 896 65 21 faran
871 897 38 23 att,
921 894 39 22 vid

204 930 109 29 pröfning
331 931 24 21 af
373 930 176 29 anmärkningar
565 938 37 14 om
617 930 35 21 för
667 930 37 28 läg
718 930 152 28 beskattning,
885 930 74 21 föran-

204 965 51 22 leda
273 973 28 13 en
323 965 114 28 ojämnhet
456 965 8 20 i
482 965 183 27 beskattningen,
684 965 93 21 hvilken
793 964 167 29 otvifvelaktiot

206 1000 71 22 skulle
292 1000 93 21 framstä
401 1001 75 20 säsom
491 1007 29 14 en
534 999 121 25 orättvisa;
676 1001 26 27 ty
717 1002 109 19 stämman
840 1006 55 14 vore
910 998 50 22 icke

206 1036 73 20 såsom
291 1034 231 28 taxeringsnämnden
521 1029 11 38 i
549 1034 87 21 tillfälle
646 1036 32 19 att
688 1034 127 28 sorgfälligt
825 1033 82 29 pröfva
918 1034 42 21 och

205 1069 51 21 med
271 1068 128 22 hvarandra
411 1068 98 28 jämföra
525 1068 103 28 samtliga
644 1068 27 21 de
681 1068 144 22 beskattades
835 1068 125 21 inkomster

205 1104 43 20 och
270 1103 122 21 skattören.
423 1103 74 21 Ocksä
519 1110 32 14 nu
571 1102 103 28 gällande
693 1102 267 28 kommunalförfattning

204 1138 52 25 kan,
275 1137 71 28 enligt
364 1138 139 21 Ständernas
522 1137 99 28 mening,
636 1137 49 21 icke
701 1144 65 14 anses
781 1136 63 29 gifva
859 1136 100 22 kommu-

204 1172 132 21 nalstämma
356 1174 44 19 rätt
424 1175 32 18 att
479 1173 30 27 pä
531 1171 76 29 grund
626 1171 24 22 af
662 1171 108 22 medlems
785 1171 25 21 af
822 1171 138 22 kommunen

205 1206 130 22 framstälda
350 1207 153 28 anmärkning
517 1206 53 29 höja
586 1213 86 14 annans
688 1207 121 20 skattören.
833 1205 126 22 Ständerna

204 1241 69 20 hafva
295 1240 83 25 därför,
399 1241 42 21 och
461 1241 28 21 dä
507 1241 51 21 dei
574 1242 26 19 19
616 1241 14 28 &
646 1241 103 27 åsyftade
764 1240 195 22 kommunalstäm-

204 1281 48 14 mor
274 1274 51 21 icke
347 1274 152 28 ovilkorligen
520 1274 56 21 böra
594 1274 70 21 hållas
679 1275 29 26 pä
724 1274 40 21 där
778 1274 102 28 antydda
894 1274 65 25 tider,

204 1308 97 28 vidtagit
316 1315 29 14 en
359 1308 168 28 omredigering
542 1307 24 22 af
581 1310 13 19 2
609 1315 66 14 mom.
690 1308 9 21 i
714 1309 28 20 84
756 1307 21 29 8.

272 1343 85 21 Vidare
375 1343 70 22 hafva
464 1342 128 22 Ständerna
607 1345 29 26 pä
651 1342 54 25 skäl,
722 1349 49 14 som
786 1342 71 22 delvis
872 1342 87 29 framgä

204 1378 69 21 redan
289 1377 25 21 af
325 1378 63 22 hvad
403 1385 56 21 nyss
476 1377 86 21 anförts
573 1380 60 19 emot
643 1377 237 21 kommunalstämmas
891 1377 68 29 lämp-

203 1412 70 29 lighet
292 1415 33 19 att
346 1412 93 29 vidtaga
464 1411 97 29 ändring
579 1412 8 21 i
605 1411 139 28 taxeringen,
760 1412 8 20 i
783 1415 32 18 ett
830 1412 69 21 skildt
913 1419 46 14 mo-
