1039 1700
339 121 29 23 U.
384 121 27 22 B.
430 135 26 3 —
472 121 74 29 Prop.
561 121 45 23 N:o
621 121 22 23 2.
803 124 29 19 49

113 192 94 22 hvilken
228 193 9 21 i
255 192 69 22 saken
340 192 66 28 dömt,
422 194 56 21 eller
493 193 51 21 dess
560 192 141 22 ordförande:
716 198 35 16 om
766 192 96 27 utslaget

114 227 125 25 innefattar
259 227 108 28 ogillande
382 227 24 27 af
420 227 139 28 invändning
575 234 33 14 om
623 227 100 22 domstols
738 227 125 27 behörighet,

114 263 58 21 inom
188 263 42 21 den
245 264 39 26 tid,
302 269 45 15 som
362 263 8 21 i
388 264 11 20 1
416 263 12 28 &
442 265 25 19 16
478 264 51 25 kap.
539 262 213 28 rättegångsbalken
762 262 100 22 bestämd

114 300 32 25 är,
162 298 41 22 och
217 298 7 21 i
241 299 69 21 andra
325 298 39 22 fall
380 298 67 22 innan
462 298 90 22 åttonde
568 298 71 27 dagen
654 298 149 27 tilländagått,
820 298 43 21 den

113 333 109 23 inräknad
233 334 28 21 då
269 334 97 27 utslaget
376 334 56 22 eller
442 334 96 22 beslutet
549 333 145 22 afkunnades.
712 333 61 21 Inom
782 339 80 15 samma

114 369 33 21 tid
162 376 54 21 eger
228 369 83 27 jemväl
327 369 49 28 den,
393 376 46 15 som
455 370 19 27 ej
490 370 41 21 vill
546 369 95 27 fullfölja
657 370 48 21 sina
720 370 86 25 besvär,
822 369 40 21 hos

114 405 122 22 domstolen
250 406 55 21 eller
316 405 51 22 dess
378 404 131 23 ordförande
519 405 109 22 återkalla
639 405 223 27 missnöjesanmälan.

186 440 33 22 Af
239 440 83 22 häktad
345 447 80 20 person
440 441 45 21 kan
500 441 217 27 missnöjesanmälan
733 441 56 21 eller
804 440 58 21 åter-

114 476 94 22 kallelse
230 476 65 22 deraf
309 478 65 25 göras
390 475 65 23 äfven
471 477 58 21 inför
545 475 261 28 fängelseföreståndare,
822 476 39 21 och

114 511 61 28 njute
198 511 90 28 häktad,
312 512 67 21 hvars
403 511 130 22 framkomst
557 511 34 22 till
613 511 111 28 fängelset
739 513 53 20 utan
807 511 55 21 hans

115 547 139 23 förvållande
276 547 113 28 fördröjts,
415 549 58 20 ännu
497 547 71 27 dagen
583 547 58 22 efter
657 547 156 22 framkomsten
830 547 33 21 tid

115 583 83 22 dertill.
228 583 48 21 Har
294 583 68 22 sådan
382 584 101 21 anmälan
499 584 56 21 eller
570 583 143 22 återkallelse
729 583 61 21 skett
804 582 59 22 inför

113 618 263 28 fängelseföreståndare,
392 619 74 27 åligge
482 619 71 21 denne
569 620 33 20 att
618 621 79 25 genast
713 618 58 22 efter
781 618 81 22 anmäl-

114 654 139 28 ningstidens
264 655 84 27 utgång
359 654 74 22 derom
443 654 130 22 underrätta
584 654 133 22 domstolens
725 653 138 23 ordförande.

185 690 105 22 Anmäles
307 690 19 28 ej
342 690 104 28 missnöje
462 690 70 22 såsom
549 690 7 21 i
572 690 71 22 denna
659 690 12 28 8
687 692 26 20 är
724 690 71 28 sagdt,
806 690 56 22 eller

113 726 122 22 återkallas
258 726 225 27 missnöjesanmälan,
507 726 79 22 stånde
606 725 98 27 utslaget
719 726 56 21 eller
789 725 72 23 beslu-

115 764 34 19 tet
164 761 50 22 fast.

466 804 11 19 3
495 802 18 29 &.

186 844 40 21 Om
249 844 63 28 gjord
335 844 217 27 missnöjesanmälan
573 844 25 21 sä
613 844 41 21 ock
669 850 34 15 om
719 843 143 23 äterkallelse

113 878 67 23 deraf
200 881 54 25 göre
275 879 102 22 domaren
400 880 134 27 anteckning
556 880 8 21 i
586 881 86 20 rättens
688 879 118 27 protokoll;
822 880 40 21 och

114 916 65 27 skall,
196 915 40 22 der
251 916 101 21 anmälan
368 915 20 27 ej
404 915 138 29 äterkallats,
558 916 8 21 i
582 917 116 25 parternes
714 915 113 27 exemplar
840 915 25 21 af

114 951 133 27 protokollet
268 951 84 27 jemväl
372 951 119 21 antecknas
507 950 132 28 fullständig
654 950 206 23 besvärsundervis-

115 987 59 27 ning.

186 1022 98 26 Motpart
302 1028 53 16 vare
370 1022 125 27 berättigad
511 1024 33 20 att
560 1022 63 22 öfver
639 1022 223 27 missnöjesanmälan,

114 1064 48 16 som
178 1058 20 28 ej
214 1058 139 27 äterkallats,
370 1057 67 23 undfä
452 1058 69 22 bevis.

432 1164 18 19 2
467 1164 76 23 kap.

283 1224 35 21 Om
334 1223 123 28 fullföljande
472 1223 21 22 af
508 1223 37 22 vad
563 1223 36 22 och
617 1223 77 22 besvär.

466 1284 15 20 4
497 1282 18 28 &.

188 1330 48 21 Har
251 1332 50 24 part
316 1330 97 26 lagligen
428 1330 76 26 vädjat
521 1329 62 27 eller,
599 1329 71 26 enligt
685 1329 58 21 hvad
758 1329 7 20 i
782 1331 12 19 2
806 1329 12 28 $
830 1331 33 18 sä-

115 1372 49 22 ges,
189 1365 83 21 anmält
290 1365 104 27 missnöje
409 1366 57 20 emot
481 1364 128 22 underrätts
624 1364 75 27 utslag
714 1364 55 21 eller
784 1364 80 26 beslut,

116 1401 63 28 gifve
199 1401 58 21 inom
273 1400 95 22 föresatt
383 1400 32 22 tid
431 1399 34 23 sin
482 1399 205 28 ändringsansökan
703 1400 35 21 till
753 1398 112 24 hofrätten

189 1448 137 24 Lagutskottets
338 1448 117 20 betänkande
467 1447 36 19 N:o
516 1449 15 17 5.
782 1448 12 17 4
