1034 1714
319 127 27 23 U.
361 127 28 24 B.
404 140 28 4 —
448 128 75 28 Prop.
538 128 41 24 N:o
594 129 22 22 6.
815 131 26 21 87

156 198 127 26 Påpekande
306 200 33 19 att
361 201 65 20 redan
448 201 35 20 vid
506 201 55 20 1863
583 200 35 21 års
640 201 102 26 landtdag
763 202 79 20 tvenne

87 227 64 21 stånd
167 227 110 21 förordade
293 229 40 19 den
348 229 24 20 af
385 235 35 14 oss
435 229 121 24 föreslagna
571 230 45 20 rätt
631 230 23 20 åt
664 231 135 25 tjenstehjon,
810 232 33 19 att

88 262 52 15 man
156 257 6 18 i
178 257 69 20 denna
262 257 40 20 sak
317 258 18 23 ej
351 257 37 20 bör
403 258 177 21 sammanblanda
595 259 115 20 landsorts-
725 259 40 20 och
775 260 67 19 stads-

88 285 146 20 förhållanden
250 285 51 20 eller
323 288 52 22 göra
398 287 49 20 dem
464 287 103 20 beroende
582 287 24 20 af
618 288 121 19 hvarandra
754 289 40 19 och
809 289 33 19 att

89 314 40 19 den
144 313 99 21 lefvande
255 315 147 20 rättskänslan
414 315 39 20 hos
464 315 49 20 vårt
524 315 50 25 folk,
585 316 53 20 utan
648 316 33 19 att
691 316 151 21 åstadkomma

88 342 71 25 någon
174 343 87 25 störing,
277 344 98 19 kommer
397 344 34 19 att
445 344 113 24 godkänna
573 343 48 22 vårt
636 344 80 25 förslag
730 355 29 3 —
773 351 48 14 som
836 346 7 19 i

87 371 93 20 motsatt
202 371 37 20 fall
254 372 116 25 ingalunda
384 372 98 20 kommer
498 373 33 20 att
545 378 53 15 vara
613 373 143 20 förhållandet
770 385 35 13 —,
820 373 22 21 få

88 400 22 19 vi
124 401 161 20 vördsammast
299 401 78 20 föreslå
391 401 34 20 att
439 401 48 20 från
502 402 32 23 $:n
550 401 70 21 måtte
635 403 107 20 uteslutas
757 403 74 20 orden:

293 463 48 16 som
355 457 20 26 ej
389 459 28 19 är
432 463 89 16 annans
536 458 119 27 lagstadda
670 457 135 29 tjenstehjon.

157 513 55 23 Juho
229 513 114 23 Pitkänen.
586 513 79 24 Kaarle
681 514 90 29 Ojanen.

156 547 55 23 Juho
226 547 95 29 Torppa.
584 549 17 22 J.
618 549 105 22 Brander.

380 582 23 23 N.
420 582 127 29 Karlsberg.

435 685 61 29 XI.

383 732 161 28 (Öfversättning.)

156 774 56 20 Enär
233 775 22 19 vi
273 774 46 21 icke
339 774 32 20 till
390 774 41 20 alla
450 775 58 20 delar
523 775 73 20 kunna
611 774 92 21 omfatta
719 775 123 20 Utskottets

86 803 56 25 äsigt
160 804 133 20 beträffande
312 804 12 22 $
339 803 34 25 82,
389 802 86 22 anhålla
489 804 22 19 vi
526 804 33 20 att
573 803 22 20 få
609 803 114 21 framhålla
737 803 39 21 vär
791 804 50 20 afvi-

86 833 71 20 kande
172 832 87 25 mening
274 832 27 26 pä
316 832 59 20 detta
390 832 53 20 sätt:

155 861 62 20 Inom
234 861 113 20 Utskottet
365 862 39 18 har
422 860 60 25 lifligt
500 861 138 24 debatterats,
657 862 105 19 huruvida
781 862 39 19 och
836 862 7 18 i

86 890 86 20 hvilken
188 889 50 21 män
254 890 79 20 räntan
347 888 14 21 &
375 889 102 21 taxerbar
491 890 95 20 inkomst
600 890 64 20 borde
679 889 105 25 afdragas.
807 886 35 24 Äf-

86 924 42 15 ven
150 924 36 15 om
204 924 52 15 man
275 924 25 14 ur
317 919 49 19 rent
383 919 104 19 teoretisk
505 918 110 25 synpunkt
633 924 50 14 vore
698 919 97 23 benägen
809 919 34 19 att

86 948 109 24 medigfva
214 948 36 19 det
268 948 32 20 ett
317 946 78 21 sädant
413 947 158 24 förfaringssätt
588 952 51 16 vore
659 947 128 24 berättigadt
803 948 39 19 och

85 978 35 19 att
134 977 75 20 därom
225 976 63 21 borde
303 981 78 19 genom
396 976 36 24 lag
447 976 143 24 uttryckligen
602 976 95 24 stadgas,
708 976 25 20 sä
744 976 97 25 framstä,

86 1005 28 21 dä
132 1006 67 20 saken
215 1006 110 20 betraktas
340 1010 25 15 ur
379 1005 97 25 praktisk
491 1005 115 25 synpunkt,
623 1004 25 21 sä
662 1004 79 26 mänga
756 1005 86 21 betänk-

86 1034 43 25 liga
152 1034 189 25 omständigheter,
358 1034 33 20 att
406 1034 35 20 det
457 1039 64 19 synes
536 1034 7 20 i
558 1034 78 24 högsta
650 1034 53 24 grad
717 1034 75 20 tvifvel
807 1040 35 14 un-

87 1064 131 24 derkastadt,
241 1063 105 20 huruvida
369 1063 35 19 det
423 1068 50 15 vore
492 1062 97 26 lämpligt
608 1063 33 20 att
659 1063 6 19 i
681 1063 161 24 lagstiftningen

86 1092 76 24 intaga
176 1091 152 21 bestämmelse
344 1092 81 20 därom.

154 1120 33 20 Då
205 1120 67 21 kändt
290 1123 23 17 är
331 1121 7 19 i
357 1120 86 20 hvilken
459 1120 45 20 stor
518 1120 150 24 utsträckning
684 1120 159 24 skuldsättning

87 1149 144 20 förekommer
250 1149 13 21 å
281 1149 129 23 landsorten,
429 1150 58 18 inses
505 1149 41 20 lätt
564 1149 33 19 att
612 1149 31 19 ett
658 1148 78 21 sådant
750 1149 91 24 lagstad-

85 1178 71 24 gande
171 1178 70 20 kunde
256 1178 109 20 föranleda
379 1178 76 24 därtill,
472 1178 32 19 att
520 1183 26 15 en
561 1177 69 21 större
646 1177 49 20 eller
710 1178 83 20 mindre
808 1178 35 19 del

87 1206 24 20 af
126 1206 145 20 kommunens
289 1206 156 24 skattskyldige
460 1206 70 20 kunde
546 1206 101 24 antingen
662 1206 45 20 helt
721 1207 40 19 och
776 1206 67 20 hållet

84 1234 54 20 eller
152 1235 32 19 till
199 1240 26 15 en
241 1236 44 19 stor
299 1234 34 21 del
350 1234 63 20 blifva
428 1234 93 20 befriade
536 1234 47 20 från
598 1234 129 25 erläggande
742 1235 23 20 af
775 1235 66 19 skatt.

87 1263 45 20 Och
154 1266 38 18 när
215 1264 145 20 kreditorerna
378 1264 7 18 i
403 1264 27 19 de
447 1263 64 21 flesta
529 1263 37 20 fall
581 1264 87 23 utgöras
685 1264 42 19 af
721 1259 12 32 i
742 1264 100 19 städerna

87 1292 109 24 befintliga
214 1292 87 25 banker,
320 1292 75 20 kassor
414 1292 50 20 eller
482 1291 136 25 handelshus,
635 1291 24 21 så
675 1292 32 20 att
722 1292 120 20 landskom-

88 1326 104 15 munerna
211 1321 46 20 icke
275 1322 7 18 i
297 1320 71 25 någon
382 1320 56 21 form
453 1321 70 19 kunde
538 1320 78 20 taxera
631 1320 26 20 de
672 1321 59 19 inom
745 1322 96 19 kommu-

87 1353 67 14 nerna
169 1349 82 23 hopade
266 1349 124 24 inkomster,
406 1349 73 19 hvilka
494 1349 6 18 i
516 1349 108 23 egenskap
640 1349 23 19 af
676 1349 73 19 räntor
761 1349 12 18 å
784 1349 58 19 kom-

86 1381 92 15 munens
193 1376 133 25 befolknings
337 1376 205 24 taxeringsinkomst
554 1376 63 20 borde
628 1377 100 23 afdragas
739 1377 40 19 och
791 1379 51 17 enär

86 1403 91 22 sålunda
194 1404 230 21 landskommunernas
438 1404 128 25 produktion
582 1404 76 21 endast
672 1405 87 20 komme
775 1405 66 20 stads-

155 1442 207 18 Kommunalutskottets
374 1441 111 19 betänkande
497 1441 33 19 N:o
543 1443 15 17 1.
