1048 1703
825 128 13 21 5

111 190 130 29 borgerligt
262 190 134 22 förtroende
410 191 110 28 förlustig
535 191 43 22 och
594 191 20 28 ej
631 191 78 28 heller,
726 191 75 29 enligt
815 191 51 22 här-

111 225 110 21 förinnan
236 225 108 28 gällande
363 225 43 28 lag,
421 226 48 27 fäld
484 227 34 26 för
533 226 161 27 vanfräjdande
709 227 60 21 brott.

180 259 127 22 Enahanda
321 259 114 29 rättighet
450 260 142 22 tillkommer
608 261 43 20 ock
662 260 119 22 inhemskt
790 260 76 28 bolag.

180 293 48 22 För
243 293 73 29 öfrigt
330 294 62 27 gälle
407 294 37 21 för
455 294 137 28 deltagande
602 294 9 21 i
621 295 244 21 kommunalstämmas

112 327 78 21 beslut
204 327 63 22 hvad
281 329 9 20 i
307 329 26 21 10
348 328 43 21 och
408 330 24 20 11
450 330 27 25 $$
493 329 79 21 vidare
588 329 100 28 stadgas.

460 398 26 21 10
501 398 20 26 8.

179 447 48 21 För
250 447 112 29 omyndig
377 449 62 19 röste
454 448 149 28 förmyndare
618 448 62 26 eller,
696 448 40 21 der
750 448 56 22 flere
820 448 46 21 för-

110 481 113 29 myndare
239 485 45 25 äro,
301 482 50 28 den,
368 489 49 14 som
434 482 65 22 desse
513 482 72 22 bland
600 482 37 29 sig
651 484 58 20 utse.

181 518 10 23 (
194 516 71 27 Utesl.)

179 550 29 29 Ej
225 552 38 21 må
277 551 36 21 för
328 551 99 22 samfäld
442 551 113 29 egendom
570 559 48 14 mer
629 555 28 18 än
669 560 29 13 en
708 559 84 21 person
803 552 63 21 talan

111 585 40 21 vid
167 585 233 22 kommunalstämma
414 585 57 22 föra.
486 586 47 21 För
548 586 69 29 bolag
627 587 37 20 må
675 587 126 21 detsamma
811 586 56 21 eller

111 619 53 22 dess
180 620 99 28 styrelse
294 621 43 21 och
352 620 37 22 för
405 620 113 21 oskiftadt
533 621 29 21 bo
574 620 136 29 delegarene
721 621 50 21 deri
781 621 86 22 ombud

111 656 59 19 utse.

180 688 47 21 För
241 688 120 22 konkursbo
376 689 38 20 mä
428 688 20 28 ej
464 690 81 20 röstas.

180 722 57 28 Den,
261 729 49 14 som
333 722 64 21 inom
419 722 112 22 kommun
553 722 100 22 kommit
667 723 9 21 i
690 722 131 28 besittning
843 722 26 21 af

110 756 113 29 fastighet
245 757 56 21 eller
323 756 62 22 trädt
403 756 9 21 i
429 756 111 28 utöfning
556 756 25 21 af
593 756 85 28 näring
692 756 50 22 eller
756 756 88 22 kommit
858 756 9 22 i

110 790 130 28 åtnjutande
255 791 28 27 af
295 791 96 27 inkomst,
408 798 50 14 som
469 790 86 28 jemlikt
570 791 29 21 78
613 791 36 21 och
666 791 26 21 81
706 791 30 28 $$
746 790 37 22 för
791 798 76 14 annan

110 832 85 21 person
217 825 72 21 redan
311 825 163 22 underkastats
490 825 107 28 taxering
611 825 9 21 i
635 826 45 21 den
695 825 118 27 kommun,
829 825 38 21 mä

111 859 37 22 der
170 860 8 21 i
193 860 70 21 stället
276 860 35 27 för
325 860 93 21 sålunda
434 860 90 21 taxerad
536 867 80 19 person
631 860 73 27 utöfva
720 860 80 21 dennes
813 860 54 20 röst-

110 895 50 26 rätt,
179 900 33 15 om
226 894 46 21 han
287 894 8 21 i
310 893 213 22 kommunalstämma
538 894 81 21 sädant
633 894 97 22 anmäler
745 894 37 21 och
797 893 70 22 tillika

111 928 58 22 visar
189 928 34 28 sig
244 928 67 28 hafva
333 928 106 27 antingen
461 927 69 29 erlagt
547 928 41 22 den
604 928 100 22 taxerade
716 928 81 27 päförd
811 927 55 22 kom-

110 962 161 28 munalutskylä
294 961 49 22 eller
364 962 113 28 förbundit
497 962 34 28 sig
553 964 32 20 att
606 962 35 27 för
660 962 133 22 densammas
808 964 58 26 utgö-

110 997 69 22 rande
193 1003 100 20 ansvara,
309 996 55 27 eller,
379 996 69 22 såsom
462 996 10 21 i
485 997 30 21 12
527 996 16 28 $
556 999 67 24 säges,
638 996 27 27 af
678 996 41 22 den
733 996 134 22 sistnämnde

111 1031 180 28 befullmäktigats
307 1031 32 20 att
352 1031 116 21 rösträtten
482 1031 80 27 utöfva.

179 1064 46 21 Vid
249 1065 234 21 kommunalstämma
504 1065 53 20 icke
579 1064 181 28 röstberättigad
782 1071 84 21 person

110 1106 55 14 vare
188 1099 108 28 obetaget
319 1101 35 18 att
376 1098 38 21 sin
436 1099 64 21 talan
516 1099 82 21 dervid
613 1099 76 21 såsom
705 1098 110 28 sakegare
832 1098 34 21 be-

111 1133 66 22 vaka.

460 1204 25 20 11
502 1203 19 25 8.

169 1248 32 26 Är
216 1254 84 24 ärende,
316 1260 49 14 som
381 1253 37 21 till
434 1252 181 30 öfverläggning
629 1253 9 21 i
653 1252 214 23 kommunalstämma

110 1287 144 28 förekommer,
270 1289 131 26 gemensamt
415 1286 37 22 för
467 1287 54 21 hela
537 1288 147 27 kommunen,
696 1287 91 29 deltage
798 1289 69 20 samt-

110 1322 49 27 liga
174 1321 194 28 röstberättigade
383 1321 8 21 i
407 1322 126 20 stämmans
548 1322 84 20 beslut.

181 1355 77 26 Angår
279 1356 81 20 sådant
377 1354 80 22 ärende
472 1354 82 22 endast
568 1355 9 20 i
591 1355 89 20 mantal
695 1357 47 18 satt
753 1354 61 28 jord,
830 1356 37 19 må

112 1388 20 29 ej
150 1389 71 20 andra
243 1392 29 18 än
289 1388 33 29 de,
339 1395 50 15 som
404 1388 38 21 för
457 1388 72 22 sådan
541 1389 55 28 jord
611 1392 38 17 äro
665 1388 201 29 röstberättigade,

112 1423 107 22 deröfver
233 1423 78 22 rådslå
325 1423 44 22 och
379 1423 100 28 besluta;
496 1424 37 21 och
544 1423 126 22 tillkommer
678 1425 118 20 rösträtten
805 1423 61 22 inne-
