1042 1706
93 420 11 17 8
117 419 17 23 8.

221 130 27 19 36
414 127 28 23 U.
459 128 25 22 B.
500 141 28 3 —
544 128 74 28 Prop.
635 128 45 22 N:o
696 128 22 22 2.

190 205 41 21 gar
253 199 59 21 huru
329 198 84 22 sådana
427 198 82 22 hinder
524 199 64 21 skola
604 200 98 27 styrkas,
719 200 72 28 enligt
808 200 131 21 Utskottets

191 234 75 26 tanke,
290 234 55 22 böra
368 234 140 22 fortfarande
531 235 67 21 lända
614 234 35 22 till
666 234 159 27 efterrättelse,
840 235 41 21 har
899 235 42 22 Ut-

190 269 87 22 skottet
300 269 7 22 i
331 269 102 29 enlighet
456 270 93 22 härmed
572 270 71 22 infört
659 272 33 19 ett
708 270 82 29 tillägg
804 270 36 22 till
857 270 84 29 lagför-

191 305 84 29 slagets
300 308 11 18 7
329 306 14 28 &
360 308 58 19 samt
431 306 88 28 jemväl
534 306 80 22 ändrat
630 306 122 29 förslagets
767 306 95 29 ingress.
895 306 46 22 För

191 340 70 29 öfrigt
283 342 41 21 har
347 341 104 29 lydelsen
474 342 25 21 af
520 342 49 28 S:ns
591 342 81 28 början
687 342 77 22 blifvit
780 342 28 22 af
820 342 121 22 Utskottet

190 377 148 29 förtydligad.

260 412 66 22 Inom
344 412 121 22 Utskottet
480 414 40 21 har
536 413 130 28 föreslagits
682 416 34 18 att
732 420 28 14 en
775 413 47 21 viss
839 413 52 21 kort
907 413 35 21 tid

191 448 70 21 borde
280 448 132 26 fastställas,
428 449 62 21 inom
505 448 94 22 hvilken
614 450 59 26 part,
690 455 48 14 som
754 448 101 22 önskade
871 448 71 21 varda

191 484 7 21 i
220 483 117 22 hofrätten
359 483 58 23 hörd
436 483 55 22 eller
507 483 125 22 framställa
648 483 71 27 bevis,
736 484 57 29 egde
810 484 78 21 derom
904 491 37 14 an-

190 519 68 26 hälla,
282 523 61 22 enär,
365 527 36 14 om
417 527 28 14 en
462 520 70 21 sädan
547 519 146 28 bestämning
708 520 50 21 icke
774 519 107 26 infördes,
899 519 43 22 och

190 557 106 26 parterne
322 555 7 21 i
355 555 139 22 besvärsmäl
524 555 87 22 således
637 562 55 15 vore
720 555 160 22 oförhindrade
907 557 35 19 att

191 591 126 22 framställa
337 591 44 22 slik
403 591 100 28 begäran
527 593 24 20 sä
574 591 67 28 länge
660 591 70 21 mälet
745 598 54 14 vore
816 590 125 29 anhängigt

191 627 8 20 i
225 627 122 27 hofrätten,
374 627 131 28 härigenom
529 629 33 20 ett
586 626 35 22 för
642 626 196 29 rättskipningens
864 626 78 29 jemna

191 664 61 27 gång
267 662 98 29 menligt
380 662 108 29 dröjsmål
504 663 73 21 skulle
592 665 90 26 uppstå.
714 662 71 21 Detta
801 662 86 28 förslag
902 662 41 21 har

191 697 132 22 Utskottets
338 698 75 21 flertal
429 699 58 21 dock
502 699 50 21 icke
566 699 90 20 kunnat
672 698 127 28 godkänna.
826 698 71 21 Utom
909 700 34 19 att

192 733 39 22 det
253 734 110 21 innebure
386 741 29 14 en
434 733 119 29 obillighet
569 736 35 19 att
619 733 95 22 beröfva
729 735 77 27 parter
821 733 8 22 i
845 733 98 28 vädjade

191 769 46 21 mål
260 769 44 22 den
328 769 96 26 förmån,
449 777 48 14 som
519 770 50 21 dei
586 769 74 28 grund
683 768 27 22 af
722 769 118 28 Kungliga
856 769 87 28 kungö-

191 805 75 21 relsen
290 805 44 22 den
352 807 26 20 19
393 805 90 28 januari
501 807 55 20 1802
574 805 97 28 ätnjuta,
688 807 34 19 att
738 805 39 21 vid
793 804 150 22 berättelsens

192 840 203 22 underskrifvande
419 843 55 26 göra
497 840 113 23 förbehäll
633 841 7 20 i
663 841 38 20 det
717 840 113 27 afseende,
847 841 95 21 hvarom

192 876 41 21 här
256 879 24 18 är
295 876 72 29 fräga,
383 883 54 15 vore
454 877 39 20 det
508 876 106 29 omöjligt
630 878 34 19 att
680 875 113 23 fastställa
808 884 29 13 en
852 883 90 22 gemen-

193 919 54 19 sam,
271 912 36 22 för
327 913 45 21 alla
387 913 46 21 mäl
449 912 105 28 gällande
570 912 40 26 tid,
628 912 96 22 emedan
740 919 28 14 en
784 912 36 21 del
836 912 45 21 mäl
897 914 45 19 mä-

193 950 34 19 ste
250 948 27 21 af
297 948 116 22 hofrätten
429 950 85 26 ytterst
529 948 135 28 skyndsamt
680 947 36 22 till
731 947 139 29 behandling
885 955 58 21 upp-

193 986 72 26 tagas,
287 984 82 22 medan
388 984 70 21 andra
473 984 46 21 mäl
534 983 59 22 först
608 984 65 28 längt
689 983 58 21 efter
763 983 39 22 det
818 983 28 21 de
862 983 33 21 dit
910 983 32 21 in-

193 1019 96 22 kommit
311 1020 78 21 kunna
412 1019 72 22 blifva
503 1020 95 21 föremål
617 1019 36 21 för
669 1019 86 29 åtgärd.
787 1019 36 21 Då
838 1021 52 26 part
905 1026 38 14 an-

193 1055 66 21 hällit
279 1062 37 15 om
333 1054 90 23 tillfälle
439 1057 34 19 att
489 1055 22 21 fä
527 1055 127 21 framställa
671 1054 71 26 bevis,
758 1062 54 21 eger
826 1054 116 22 hofrätten

194 1090 81 29 pröfva
289 1090 113 22 huruvida
418 1091 56 21 hans
491 1090 105 22 anhällan
612 1090 42 21 har
670 1090 50 22 skäl
730 1090 36 22 för
777 1090 41 28 sig,
830 1097 52 14 men
894 1097 49 14 som

194 1126 73 21 denna
283 1126 115 28 pröfning,
414 1126 7 21 i
437 1126 41 22 fall
493 1134 53 14 man
561 1126 41 22 vill
618 1126 102 21 undvika
735 1126 44 21 den
790 1125 85 22 dubbla
885 1125 58 22 före-

194 1162 141 28 dragningen
351 1162 27 21 af
389 1162 53 26 mäl,
455 1162 50 21 icke
515 1162 46 21 kan
572 1162 39 21 ske
624 1162 141 21 annorlunda
776 1164 29 19 än
815 1161 7 21 i
833 1168 110 14 samman-

193 1198 62 27 hang
277 1198 53 20 med
346 1198 80 21 mälets
443 1197 92 29 slutliga
550 1196 172 29 föredragning,
738 1204 68 21 synes
821 1196 69 29 ingen
906 1204 37 14 an-

193 1232 94 28 ledning
311 1233 122 21 förefinnas
457 1235 40 23 att,
521 1233 52 21 med
596 1232 140 28 frängäende
760 1232 26 22 af
804 1232 43 22 den
862 1232 7 22 i
886 1232 57 22 före-

193 1268 99 21 nämnda
319 1267 137 29 kungörelse
482 1267 142 21 beträffande
650 1267 97 28 vädjade
774 1267 45 21 mäl
841 1267 101 22 uttalade

194 1304 129 28 grundsats,
339 1303 98 29 pälägga
453 1305 105 27 parterne
574 1303 39 21 det
624 1304 78 27 tväng,
713 1309 49 15 som
774 1302 44 22 den
827 1302 116 30 päyrkade

193 1338 232 30 tidsbogränsningen
440 1338 116 22 innebure.

263 1374 98 23 Jemlikt
376 1382 78 15 senare
469 1382 67 14 mom.
554 1374 27 22 af
594 1377 13 19 8
623 1374 14 30 &
651 1382 55 14 vore
717 1375 39 21 det
766 1374 116 22 hofrätten
893 1374 51 22 obe-

194 1413 64 26 taget
269 1413 34 19 att
314 1410 47 23 låta
373 1410 25 22 af
406 1414 52 26 part
469 1411 95 28 begärdt
576 1410 167 23 vittnesförhör
758 1410 101 30 försiggä
871 1410 72 28 ,inför

265 1460 138 22 Lagutskotteis
415 1459 117 19 betänkande
545 1459 37 19 N:o
595 1460 17 17 5.
