1034 1714
287 140 83 24 Ständ.
386 142 37 23 Sv.
441 155 24 3 —
482 142 72 28 Prop.
570 142 42 24 N:o
627 144 21 21 6.
816 146 27 18 37

435 211 27 19 28
478 208 20 28 8.

157 258 78 28 Angår
250 259 236 21 kommunalstämmas
505 259 75 21 beslut
594 259 151 22 frånvarande
760 267 84 21 person

88 292 105 26 enskildt,
210 293 57 21 skall
285 293 130 25 detsamma,
431 294 51 20 med
496 293 138 29 hänvisning
649 294 34 21 till
697 294 93 21 besvärs
806 302 37 13 an-

88 326 101 26 förande,
212 327 85 21 honom
318 327 127 28 bevisligen
467 328 115 21 meddelas
606 335 83 21 genom
710 328 85 28 utdrag
817 335 27 13 ur

88 363 122 20 stämmans
229 362 120 28 protokoll,
367 362 71 21 hvarå
453 362 81 28 dagen,
550 362 29 21 då
595 362 79 22 sådant
690 362 57 26 sker,
762 362 42 22 bör
820 362 24 22 af

88 396 50 26 den,
162 404 49 14 som
230 396 158 22 meddelandet
408 396 110 29 fullgjort,
536 398 93 20 tecknas
647 396 51 22 med
712 397 131 21 utsättande

88 430 25 22 af
126 430 86 22 dennes
226 438 70 14 namn
311 432 43 20 och
369 431 104 22 hemvist.

156 466 243 21 Kommunalstämmas
422 465 75 22 beslut
515 466 57 21 skall
589 466 8 21 i
616 466 28 21 de
658 466 46 26 fall,
721 466 29 20 då
764 465 79 29 riktig-

87 500 68 21 heten
178 500 23 21 af
223 500 137 28 protokollet
382 500 71 28 enligt
476 502 26 19 27
519 500 14 28 &
551 500 25 22 af
594 500 152 22 ordföranden
765 507 78 14 ensam

87 534 120 27 vitsordas,
228 536 13 20 å
263 534 152 29 nästföljande
437 535 87 30 söndag
546 535 34 22 uti
602 535 149 22 kommunens
769 534 74 29 kyrka

88 569 53 22 eller
156 569 86 29 kyrkor
258 570 122 29 kungöras.

435 647 26 19 29
477 645 21 28 8.

156 696 85 23 Finnes
265 697 124 28 skyndsam
410 697 172 28 verkställighet
604 697 23 20 af
646 695 197 22 kommunalstäm-

88 738 47 14 mas
154 731 75 22 beslut
247 731 36 21 för
304 731 106 22 särskildt
425 731 39 22 fall
479 731 77 29 nödig,
571 731 41 22 bör
628 731 81 21 sådant
723 730 8 22 i
745 730 99 22 beslutet

88 765 154 29 uttryckligen
266 765 111 30 angifvas,
401 767 43 20 och
465 768 37 19 må
524 765 199 29 verkställigheten
746 765 29 21 då
792 765 50 22 icke

87 799 93 22 hindras
196 801 71 25 däraf,
283 803 32 18 att
325 800 97 22 beslutet
432 801 19 28 ej
463 801 82 21 vunnit
555 800 51 28 laga
616 800 67 25 kraft,
694 800 51 21 med
756 799 88 22 mindre

88 834 220 29 ändringssökandet
331 834 130 29 därigenom
479 835 75 21 blefve
573 834 100 29 onyttigt
692 834 53 22 eller
763 841 81 22 guver-

88 872 71 19 nören
174 869 72 22 finner
263 869 49 22 skäl
327 870 70 21 sådan
413 870 171 29 verkställighet
598 869 113 29 förbjuda.

436 953 27 19 30
479 951 22 28 8.

158 1001 159 23 Ordföranden
339 1002 85 29 åligger
444 1003 69 21 hafva
528 1009 91 21 omsorg
634 1002 83 26 därom,
734 1004 32 20 att
781 1002 62 21 kom-

88 1038 185 21 munalstämmas
295 1038 76 21 beslut
392 1038 82 21 varder
500 1038 134 28 skyndsamt
656 1036 122 23 utskrifvet
801 1036 42 21 och

87 1072 129 21 meddeladt
231 1072 215 22 kommunalnämnd
461 1072 52 22 eller
529 1072 28 22 de
572 1072 158 28 myndigheter
742 1072 43 20 och
794 1078 50 21 per-

89 1113 72 18 soner,
177 1108 29 26 på
221 1106 78 22 hvilka
313 1106 200 28 verkställigheten
528 1107 25 20 af
567 1107 123 21 detsamma
705 1106 137 21 ankommer.

409 1239 37 21 III
461 1239 63 26 Kap.

266 1294 45 22 Om
329 1294 335 28 kommunalfullmäktige.

434 1364 26 19 31
478 1362 21 28 8.

156 1412 47 21 Vill
220 1413 109 21 kommun
349 1414 22 20 ät
389 1412 110 22 särskilda
517 1412 142 29 fullmäktige
676 1414 120 28 uppdraga
811 1416 32 19 att

87 1447 53 22 med
160 1446 239 22 kommunalstämmas
424 1450 45 18 rätt
490 1447 129 29 handlägga
642 1448 42 21 och
707 1448 79 29 afgöra
807 1448 35 22 till
