1042 1706
205 136 28 18 26
395 132 27 22 U.
438 116 27 38 B.
484 145 25 3 —
525 132 74 28 Prop.
615 132 45 22 N:o
675 132 21 21 2.

172 206 36 19 ett
226 204 80 25 vittne,
322 204 7 20 i
345 203 124 28 synnerhet
485 210 36 14 om
536 203 64 21 detta
615 205 24 19 är
654 202 127 26 medellöst,
798 202 123 28 ingalunda

173 241 69 26 utgör
265 246 29 14 en
317 238 86 21 mindre
427 238 132 28 uppoffring
584 240 34 18 att
641 237 36 21 för
700 245 28 13 en
744 244 50 14 resa
809 237 35 21 till
860 236 61 22 dom-

175 274 74 21 stolen
278 274 77 21 ikläda
385 274 34 28 sig
450 274 27 20 de
509 273 91 21 dermed
626 272 106 22 förenade
761 269 169 29 kostnaderna,

172 312 32 19 än
219 309 36 21 för
270 317 29 13 en
313 311 52 27 part
381 311 34 19 att
431 308 144 22 förskottsvis
591 308 92 28 erlägga
698 316 29 13 en
738 308 36 21 del
786 307 70 26 deraf,
866 314 54 17 vore

173 345 41 21 det
239 344 49 22 icke
314 344 90 29 obilligt
429 346 34 19 att
488 344 83 21 bereda
597 343 94 29 aflägset
717 344 88 21 boende
831 343 90 21 vittnen

173 380 108 22 säkerhet
311 380 36 22 för
377 382 33 19 att
436 380 64 21 deras
526 380 173 21 resekostnader
724 380 60 20 helst
812 379 8 21 i
845 380 76 27 någon

174 418 54 20 mån
250 416 76 21 blefve
350 418 90 19 ersatta.
472 416 11 20 I
506 416 149 21 betraktande
671 415 70 22 borde
754 415 87 28 jemväl
857 417 64 26 tagas

173 452 46 21 den
242 451 129 28 föreslagna
395 454 91 25 stränga
509 450 118 29 påföljden
650 450 36 22 för
707 451 80 25 vittne,
804 457 49 14 som
871 450 50 21 icke

173 487 78 28 åtlydt
266 487 121 28 stämning,
403 494 28 13 en
447 486 95 29 påföljd,
560 493 48 14 som
623 487 45 20 kan
684 486 85 22 drabba
784 485 91 26 vittnet,
890 485 31 22 äf-

175 530 45 14 ven
236 530 36 14 om
288 523 51 21 dess
355 524 93 20 utevara
464 525 38 26 egt
518 529 50 14 rum
583 524 56 19 utan
655 522 51 21 dess
715 529 58 21 egen
787 521 134 29 förskyllan,

175 561 16 18 t.
209 566 34 14 ex.
259 559 8 20 i
281 558 59 29 följd
348 558 27 21 af
380 558 116 28 oförmåga
505 561 33 18 att
546 558 110 22 förskaffa
664 558 35 28 sig
708 557 83 29 nödiga
802 557 73 22 medel
886 557 36 22 för

175 601 30 14 en
221 601 49 14 resa
286 594 36 21 till
337 594 134 21 domstolen.
503 594 80 21 Funne
599 595 82 26 parten
697 594 39 21 det
751 601 54 14 vara
815 593 36 22 för
863 593 60 21 kost-

176 632 59 19 samt
250 632 34 19 att
299 629 47 22 låta
361 629 84 22 vittnet
461 629 89 22 athöras
566 629 39 22 vid
621 629 45 21 den
681 629 105 25 domstol,
801 628 39 21 der
853 628 70 21 saken

173 669 27 18 är
223 666 122 28 anhängig,
369 665 42 21 och
434 665 57 21 hade
515 665 84 21 vittnet
622 665 35 21 sin
673 665 82 21 bostad
770 665 62 20 inom
848 672 74 13 annan

175 704 58 20 rätts
257 701 126 28 domvärjo,
410 701 64 22 stode
504 701 38 22 det
566 703 81 26 parten
670 703 70 26 öppet
763 702 34 20 att
819 700 104 29 begagna

175 738 36 28 sig
243 737 26 22 af
297 738 44 21 den
369 738 8 21 i
400 737 27 22 R.
452 737 27 22 B.
505 739 34 20 17:
563 739 14 20 4
600 737 116 28 medgifna
740 739 77 26 utväg.
856 737 66 21 Dess-

175 775 65 20 utom
261 774 41 21 har
325 775 74 20 säsom
423 773 49 21 skäl
496 773 34 22 för
554 773 172 28 ifrägavarande
743 773 124 28 stadgande
886 780 37 13 an-

175 809 65 26 förts,
265 811 34 19 att
321 809 44 21 den
388 809 48 21 deri
456 809 101 21 uttalade
580 808 119 29 principen
722 811 46 18 står
791 808 8 21 i
821 811 54 18 nära
891 810 32 19 öt-

176 845 211 21 verensstämmelse
410 845 52 20 med
482 845 173 27 bestämningen
671 844 5 21 i
693 844 129 28 Kejserliga
838 843 85 22 förord-

176 880 83 29 ningen
277 881 44 20 den
337 882 26 19 21
381 887 59 14 mars
458 882 56 19 1892
530 879 116 29 angäende
660 880 127 27 ersättning
801 881 23 20 ät
835 879 89 21 vittnen

176 916 10 20 i
202 916 114 21 brottmäl.

251 951 34 21 Pä
301 951 66 21 dessa
383 951 49 21 skäl
448 951 41 21 har
504 950 120 22 Utskottet
640 950 102 28 godkänt
757 950 129 22 införandet
902 950 23 20 af

176 994 29 14 en
221 987 144 28 bestämning
380 987 6 21 i
403 987 119 21 omordadt
530 986 67 29 syfte.
621 987 46 21 Det
677 986 63 21 iden
751 986 83 28 nådiga
844 992 81 22 propo-

176 1023 99 21 sitionen
290 1022 129 28 föreslagna
435 1022 122 22 förskottet
572 1023 41 21 har
628 1022 58 22 dock
702 1022 27 21 af
741 1022 124 21 utskottets
875 1021 50 22 fler-

177 1058 33 22 tal
231 1060 86 20 ansetts
340 1066 54 14 vara
418 1058 35 22 för
476 1059 56 27 högt
555 1058 99 28 tilltaget
670 1058 42 22 och
728 1058 86 21 vittnes
830 1060 45 19 rätt
891 1057 34 21 uti

176 1093 173 29 ifrågavarande
373 1093 106 21 afseende
504 1101 52 14 vara
578 1094 152 28 tillgodosedd
746 1100 82 22 genom
844 1100 28 14 en
888 1093 36 21 be-

176 1129 115 28 stämning
307 1129 84 25 derom,
408 1131 34 19 att
457 1129 84 21 vittnet
557 1129 151 28 berättigades
725 1129 85 21 erhälla
825 1128 99 22 förskott

175 1164 82 21 endast
279 1164 36 21 för
339 1164 34 21 sin
394 1171 49 14 resa
459 1164 35 21 till
510 1164 80 28 tinget,
607 1164 117 22 hvaremot
740 1164 84 22 vittnet
840 1164 83 22 beträf-

176 1199 68 21 fande
267 1199 152 21 kostnaderna
443 1199 35 21 för
501 1200 34 20 sin
552 1199 99 21 äterfärd
667 1200 95 21 likasom
779 1200 144 28 godtgörelse

177 1234 35 22 för
235 1235 82 27 täring,
340 1234 36 21 för
396 1234 93 22 hvilken
513 1235 71 27 enligt
604 1235 171 27 propositionen
790 1237 70 25 nägot
880 1234 44 22 för-

176 1269 64 21 skott
254 1269 50 21 icke
320 1269 71 21 heller
406 1268 99 22 hehöfde
521 1269 47 26 ske,
584 1269 64 28 egde,
665 1276 36 14 om
715 1270 49 20 skäl
781 1269 75 21 dertill
867 1268 58 22 före-

176 1304 59 29 läge,
255 1304 39 22 vid
310 1304 128 22 domstolen
454 1304 124 22 framställa
594 1304 109 29 yrkande.
730 1305 11 21 I
752 1307 172 20 öfverensstäm-

176 1340 70 22 melse
267 1340 93 22 härmed
377 1340 40 22 har
436 1340 147 22 förevarande
600 1341 13 29 $
631 1340 76 22 blifvit
723 1341 92 22 ändrad.

250 1377 62 21 Enär
328 1377 120 21 osäkerhet
463 1377 75 22 kunde
555 1379 83 27 uppstå
652 1377 19 29 ej
685 1378 87 21 mindre
785 1377 84 26 derom,
885 1378 39 20 hu-

175 1412 81 22 ruvida
280 1413 38 21 det
341 1413 64 29 ålåge
429 1415 78 26 parten
532 1416 34 18 att
589 1413 176 29 tillkännagifva
790 1413 73 22 vittne
889 1414 35 20 sin

247 1461 137 22 Lagutskottets
397 1461 116 18 betänkande
526 1461 36 18 N:o
575 1462 15 17 5.
