1045 1706
216 135 13 19 2
409 132 26 22 U.
451 132 27 22 B.
496 145 27 3 —
538 132 74 28 Prop.
628 131 44 23 N:o
688 132 22 21 2.

185 206 56 20 utan
263 203 81 23 tvifvel
368 204 69 28 derpå
453 206 35 19 att
503 204 84 21 sådana
601 202 110 22 reformer
726 203 92 21 tillhöra
833 202 98 30 lagstift-

184 239 97 29 ningens
296 241 58 20 mest
368 239 111 21 svårlösta
494 238 123 30 uppgifter.

255 276 52 21 Den
331 273 124 31 vigtigaste
480 274 140 29 förändring,
645 282 49 14 som
717 275 72 21 under
805 282 78 14 senare
899 274 34 22 tid

185 311 108 29 vidtagits
316 312 7 20 i
342 313 174 27 processrätten,
540 310 84 22 skedde
646 318 82 21 genom
744 310 129 29 Kejserliga
889 309 44 23 för-

185 348 126 28 ordningen
326 347 44 21 den
389 349 27 19 27
433 347 57 29 april
508 349 64 24 1868,
588 346 148 29 hvarigenom
746 346 30 22 bl.
789 354 18 14 a.
819 346 114 22 kämners-

185 384 42 21 och
251 383 205 29 lagmansrätterna
482 382 135 29 upphäfdes.
649 383 46 21 Det
720 383 39 21 vid
786 384 147 20 1877—1878
951 378 5 4 '

185 421 36 20 års
244 419 110 28 landtdag
377 418 26 22 af
418 418 134 29 regeringen
578 418 126 29 framlagda
732 418 109 29 förslaget
866 420 67 27 angä-

185 455 57 22 ende
265 455 193 22 häradsrätternas
482 454 142 29 ombildning
647 454 36 21 till
705 457 148 26 permanenta
872 454 61 21 dom-

185 491 70 22 stolar
282 498 61 14 vann
369 491 101 21 deremot
496 491 50 21 icke
572 490 216 29 ständerpluralitet.
826 489 107 22 Derefter

184 527 69 21 hafva
287 527 38 21 väl
355 526 40 21 vid
431 527 110 21 särskilda
571 526 135 29 landtdagar
737 525 196 29 petitionsförslag

184 563 116 28 angående
323 562 100 21 revision
447 561 26 22 af
492 564 168 26 processrätten
682 561 79 22 blifvit
775 562 90 26 väckta,
880 569 52 14 men

185 598 65 21 dessa
272 597 86 29 förslag
374 597 77 29 hafva
469 597 36 22 till
520 597 60 29 följd
594 597 27 21 af
633 597 44 21 den
694 597 66 22 korta
775 597 41 26 tid,
833 604 48 15 som
897 596 36 23 för

185 633 183 22 ständermötena
386 636 24 18 är
426 633 138 28 medgifven,
579 633 50 21 icke
645 633 89 21 kunnat
749 633 73 21 blifva
838 632 95 22 föremäl

186 669 35 22 för
243 669 145 28 behandling.
419 669 69 20 Först
506 669 39 21 vid
570 670 54 19 1891
650 670 35 19 ärs
708 668 117 28 landtdag,
846 669 29 20 dä
890 667 44 22 frä-

185 712 46 21 gan
254 711 37 15 om
313 703 109 22 reformer
438 706 29 26 pä
482 703 278 29 processlagstiftningens
777 703 91 22 omräde
885 705 49 20 äter

185 742 108 27 upptogs,
308 742 66 19 rönte
390 740 130 21 densamma
536 741 34 20 ett
585 746 159 21 gynsammare
760 739 49 21 öde.

256 775 12 22 I
290 775 151 22 betraktande
457 775 25 21 af
495 775 28 21 de
539 775 146 28 synnerligen
701 774 141 21 omfattande
859 774 74 22 förbe-

185 811 106 26 redelser,
314 818 48 14 som
385 819 29 13 en
437 810 211 22 tillfredsställande
672 810 142 29 ombildning
833 810 26 22 af
872 811 63 21 dom-

186 847 64 22 stols-
267 847 41 22 och
323 847 243 28 rättegängsväsendet
579 846 64 22 alltid
652 846 98 26 kräfver,
763 847 42 20 och
816 847 29 21 dä
853 847 27 21 de
889 847 45 21 olä-

185 883 115 28 genheter,
316 883 78 21 hvilka
410 889 82 22 genom
508 885 34 18 ett
557 883 113 28 långsamt
689 883 43 21 och
741 882 132 22 inveckladt
882 889 51 22 pro-

185 918 179 23 cessförfarande
381 919 103 20 äsamkas
500 919 147 21 rättsökande
663 921 83 26 parter,
763 918 35 21 till
809 920 76 26 nägon
896 918 37 21 del

186 955 76 20 kunde
281 953 115 28 afhjelpas
414 961 82 20 genom
512 953 95 29 partiela
623 953 158 29 förändringar
797 953 26 22 af
835 953 98 29 lagstift-

185 989 85 29 ningen
293 989 117 28 angäende
433 989 248 28 rättegängsväsendet,
698 989 91 22 anhöllo
806 989 128 22 Ständerna

186 1025 34 21 uti
245 1025 142 28 underdänig
411 1024 118 22 skrifvelse
548 1024 27 22 af
588 1025 43 21 den
648 1027 10 18 1
676 1025 44 28 maj
740 1027 64 24 1891,
820 1027 34 19 att
869 1025 63 21 Hans

185 1061 130 28 Kejserliga
338 1061 110 28 Majestät
471 1061 87 22 täcktes
582 1061 45 21 låta
647 1061 89 22 öfverse
753 1061 105 28 gällande
874 1061 59 21 stad-

185 1097 90 28 ganden
291 1097 116 28 angående
424 1097 220 22 domstolsväsendet
661 1097 41 21 och
713 1099 151 26 rättegången
875 1099 59 19 samt

185 1135 30 26 på
231 1133 73 28 grund
320 1132 64 21 deraf
400 1132 48 21 dels
464 1132 113 22 anbefalla
592 1133 161 21 utarbetandet
767 1132 26 22 af
801 1132 86 29 förslag
897 1132 36 21 till

186 1169 83 21 sådana
292 1176 48 13 mer
359 1168 140 21 omfattande
518 1168 115 26 reformer,
651 1175 48 14 som
714 1176 55 14 vore
786 1168 26 21 af
824 1168 109 21 behofvet

185 1204 127 29 påkallade,
338 1204 47 21 dels
408 1204 70 21 redan
499 1204 35 21 till
549 1204 185 29 nästpåföljande
750 1205 111 28 landtdag
876 1204 58 21 före-

185 1240 68 27 lägga
277 1239 127 22 Ständerna
427 1240 70 27 nådig
517 1240 142 27 proposition
683 1247 37 14 om
738 1241 84 20 sådana
837 1240 97 27 partiela

185 1274 157 28 förändringar
357 1275 8 20 i
381 1275 223 27 rättegängsbalken,
621 1281 81 21 genom
713 1275 85 25 hvilka,
809 1275 52 20 med
872 1274 61 21 bibe-

185 1309 105 22 hällande
313 1309 27 22 af
360 1309 38 22 det
418 1310 130 21 nuvarande
564 1310 255 28 rättegängsväsendets
835 1309 99 22 hufvud-

186 1346 105 29 grunder,
315 1348 72 20 större
408 1346 165 28 skyndsamhet
589 1346 41 22 och
647 1347 107 21 enkelhet
768 1346 9 21 i
792 1346 141 22 förfarandet

185 1382 76 21 kunde
279 1382 87 22 vinnas.
398 1382 75 21 Bland
489 1382 150 29 synpunkter,
655 1383 79 21 hvilka
749 1383 39 21 vid
804 1385 130 26 uppgöran-

186 1419 38 21 det
247 1418 26 22 af
293 1418 125 29 lagförslag
441 1418 8 21 i
472 1421 76 19 ämnet
571 1418 70 22 borde
665 1421 64 26 tagas
751 1419 8 21 i
775 1419 159 26 betraktande,

256 1468 135 23 Lagutskottets
404 1468 116 18 betänkande
532 1467 38 19 N:o
582 1468 16 18 5.
