1039 1706
210 140 28 20 60
437 138 27 22 U.
479 138 28 22 B.
521 149 29 5 —
564 138 75 26 Prop.
653 137 42 22 N:o
709 138 22 21 6.

210 208 50 24 ning
276 208 23 20 af
312 208 109 19 stämman
437 208 81 19 aflönas
533 208 49 19 med
597 207 31 19 till
643 208 104 18 nämdens
758 206 123 25 disposition
891 207 71 19 stälda

210 236 69 20 medel
294 236 50 20 eller
358 241 26 14 ur
400 235 96 24 anslaget
511 236 31 19 för
558 235 135 20 oförutsedda
709 235 106 19 ändamål,

278 264 53 20 Vårt
354 264 137 19 vördsamma
513 264 79 23 förslag
614 263 37 25 går
674 263 24 19 ut
719 262 28 25 på
772 264 32 19 att
827 263 133 19 kommunal-

210 293 94 19 stämma
320 292 138 24 ovilkorligen
471 293 38 18 bör
524 291 127 21 förbehållas
667 292 44 19 rätt
721 292 33 19 att
764 292 80 24 pröfva,
856 292 104 19 huruvida

210 321 23 20 åt
247 322 93 19 nämden
362 321 31 19 för
416 322 32 18 ett
466 320 50 20 eller
531 321 66 19 annat
613 320 100 20 ändamål
728 320 120 24 föreslagna
863 320 97 20 biträden

209 350 110 24 värkligen
342 350 111 19 erfordras.
483 349 44 20 Har
549 350 96 18 stämma
667 349 94 23 godkänt
779 348 145 21 anställandet
939 348 22 20 af

209 378 87 25 sådana,
319 378 37 20 bör
382 378 97 19 däremot
504 378 98 25 nämden,
625 377 13 20 å
660 378 65 19 hvars
749 383 77 15 ansvar
849 378 111 19 biträdena

208 407 84 23 handla,
309 406 158 24 otvifvelaktigt
482 411 39 19 ega
536 407 44 19 rätt
595 406 33 20 att
643 407 80 23 antaga
739 406 54 20 dem.

277 436 47 19 Med
338 436 48 19 stöd
400 436 24 19 af
436 435 36 20 det
487 436 131 23 ofvansagda
633 434 21 20 få
670 436 20 18 vi
706 435 110 20 vördsamt
829 434 84 25 föreslå,

414 498 31 20 att
467 497 126 21 Ständerna
607 497 49 20 ville
671 497 84 26 antaga
767 497 99 26 följande
881 497 79 25 lydelse

343 527 38 26 för
392 527 119 26 paragraf
522 526 37 21 64:

412 556 36 23 Sig
472 555 31 20 till
527 556 80 19 biträde
633 555 36 20 må
691 555 198 24 kommunalnämd,
915 555 44 20 när

344 582 225 22 kommunalstämma
591 587 67 16 -anser
679 581 82 22 sådant
781 582 81 26 nödigt,
879 584 80 23 antaga

344 613 90 19 särskild
444 613 75 19 kassör
530 613 111 19 äfvensom
651 613 181 24 uppsyningsmän
844 612 38 19 och
892 613 66 19 andra

344 641 71 24 dylika
437 646 105 19 personer.
572 640 92 21 Sålunda
686 641 98 20 anstälda
806 641 102 24 biträden,
932 641 25 19 de

344 670 37 19 där
403 670 81 19 aflönas
507 670 52 19 efter
582 669 97 25 pröfning
694 669 23 20 af
730 669 227 24 kommunalstämma,

343 698 78 19 handla
443 697 27 25 på
485 698 102 20 nämdens
603 703 78 14 ansvar
697 699 39 18 och
752 698 52 19 efter
819 698 138 23 föreskrifter,

342 731 47 15 som
405 727 127 20 densamma
547 726 114 21 meddelar.

273 791 124 24 Alexander
412 791 101 24 Aminoff.
700 792 54 23 Juho
771 791 115 24 Pitkänen.

273 843 16 22 J.
306 843 105 22 Brander.
701 842 55 23 Juho
771 842 94 29 Torppa.

547 1013 58 28 IV.

270 1091 11 21 8
297 1090 27 19 54
347 1089 21 20 af
388 1095 28 13 nu
439 1089 96 24 gällande
558 1089 248 24 kommunalförordning
829 1090 33 19 för
881 1090 73 20 landet

200 1118 114 24 uppställer
329 1118 142 23 uttryckligen
487 1118 72 19 såsom
574 1117 67 19 vilkor
657 1117 31 20 för
703 1118 105 19 medlems
822 1119 25 18 af
855 1119 97 19 kommu-

200 1151 42 15 nen
256 1146 122 24 skyldighet
400 1146 34 19 att
455 1146 31 19 till
509 1147 125 18 densamma
657 1146 86 23 erlägga
759 1147 59 19 skatt
834 1147 48 23 ,,att
897 1147 55 20 hans

200 1174 137 24 själfbestånd
353 1175 42 18 kan
410 1179 63 15 anses
489 1174 100 24 tryggadt
599 1174 39 19 och
653 1174 55 20 hans
723 1174 97 24 förmåga
837 1175 48 19 fullt
895 1175 57 20 känd

201 1203 34 20 att
252 1203 4 19 i
270 1203 143 19 kommunens
436 1203 107 19 allmänna
565 1203 77 18 besvär
658 1201 105 25 deltaga”.
794 1202 77 21 Såsom
887 1203 24 20 af
920 1204 32 19 be-

199 1231 118 20 tänkandet
340 1232 53 23 (pag.
410 1231 35 23 39)
460 1233 98 18 närmare
580 1230 100 25 framgär,
696 1231 39 20 har
751 1231 113 20 Utskottet
880 1233 72 18 ansett

200 1264 25 15 en
240 1259 136 23 bestämning
391 1259 6 19 i
412 1263 85 15 samma
515 1259 56 24 syfte
587 1259 46 19 icke
649 1259 51 19 böra
710 1259 6 19 i
727 1259 41 20 den
779 1264 42 19 nya
833 1260 117 19 författnin-

198 1292 53 19 gens
266 1288 11 21 $
294 1288 26 19 78
342 1288 84 23 intagas
448 1287 23 19 af
491 1287 26 19 bl.
534 1293 19 13 a.
569 1287 35 19 det
623 1287 52 24 skäl,
691 1288 33 19 att
740 1288 76 19 endast
832 1303 11 10 ,
846 1289 40 18 den
903 1293 47 20 upp-

198 1315 99 21 skattade
319 1315 133 20 inkomstens
474 1315 79 20 storlek
567 1316 38 19 bör
623 1315 79 26 afgöra,
719 1315 102 21 huruvida
837 1327 27 2 —
880 1327 27 4 —
922 1328 28 2 —

198 1345 138 20 kommunala
351 1344 109 25 utskylder
476 1345 59 19 skola
557 1355 15 2 —
587 1355 15 2 —
617 1355 27 2 —
655 1343 117 26 erläggas",
788 1345 52 20 dock
854 1345 95 26 sålunda,

198 1375 34 18 att
241 1373 121 25 skyldighet
377 1374 33 19 att
424 1373 85 25 erlägga
524 1373 59 20 skatt
597 1373 54 20 först
665 1374 92 20 inträder
768 1361 39 54 viä
818 1380 26 14 en
855 1375 95 20 inkomst

198 1403 151 20 motsvarande
365 1402 37 20 tvä
417 1402 116 20 skattören.

265 1439 204 18 Kommunalutskottets
483 1439 110 19 betänkande
603 1439 34 18 N:o
651 1441 15 16 1.
