1048 1709
331 120 30 23 U.
376 120 28 22 B.
420 134 27 2 -—
462 121 74 27 Prop.
551 121 41 21 N:o
607 121 23 21 6.
844 123 12 19 5

102 190 22 21 k.
140 188 14 23 f.
171 191 27 19 25
214 189 49 21 Jan.
281 192 62 26 1886,
359 196 123 21 gemensam
492 190 214 22 kommunalstämma
716 189 48 22 icke
773 190 84 21 kunnat

103 224 67 22 vinna
184 224 71 27 nägon
271 224 118 22 nämnvärd
405 224 145 27 användning.

172 258 51 21 Men
238 259 57 20 utom
311 260 33 19 att
359 258 27 21 de
401 258 132 27 förefintliga
548 258 150 27 stadgandena
713 258 66 21 redan
795 257 7 21 i
817 258 40 21 och

102 291 35 21 för
159 292 35 26 sig
216 291 117 28 ingalunda
355 294 38 19 äro
416 293 83 26 egnade
522 294 34 19 att
571 298 63 15 mana
649 292 33 21 till
698 292 62 21 deras
776 294 80 20 använ-

104 326 70 21 dande
196 326 37 22 vid
255 326 142 22 förefallande
414 326 71 28 behof,
501 327 79 21 saknas
596 326 19 27 ej
632 326 82 22 mindre
729 326 77 27 hvarje
821 326 36 22 be-

102 360 110 28 stämning
227 361 78 27 derom,
321 361 74 22 hvilka
410 361 134 27 rättigheten
560 362 33 20 att
608 360 37 22 vid
660 360 82 22 sädana
755 362 102 20 stämmor

102 394 129 29 Ofverlägga
253 396 39 21 och
315 396 84 21 besluta
416 395 8 21 i
439 396 79 27 sjelfva
532 396 77 21 verket
623 394 133 29 tillkommer,
773 402 34 14 om
821 401 35 15 en-

102 429 56 22 hvar
169 429 25 22 af
207 430 26 21 de
248 430 98 22 enskilde
361 430 183 27 röstberättigade
560 430 52 21 eller
622 430 77 21 endast
709 429 104 22 särskildt
823 428 34 22 för

102 464 79 21 sådant
204 464 99 22 ändamål
325 464 92 22 utsedda
441 464 83 27 ombud,
548 464 52 21 eller
618 464 40 21 ock
674 464 108 21 hvardera
796 464 60 21 kate-

102 498 68 28 gorin,
187 501 28 20 än
230 499 39 21 ock
284 498 112 22 föreskrift
411 499 77 25 derom,
505 499 55 21 huru
576 498 26 21 de
616 498 38 21 vid
666 504 120 21 gemensam
798 498 58 21 kom-

102 533 163 21 munalstämma
280 533 85 21 fattade
379 532 96 22 besluten
491 533 61 21 skola
566 532 90 28 bringas
666 532 7 22 i
683 532 172 27 verkställighet.

171 568 33 21 Af
224 568 68 21 sådan
315 567 116 27 anledning
446 568 40 20 har
501 568 41 21 den
557 567 50 22 nåd.
623 567 159 27 propositionen
801 566 8 22 i
824 569 32 19 ett

102 602 104 22 särskildt
228 602 83 27 kapitel
329 602 49 27 (IV)
393 602 141 22 sammanfört
548 602 161 27 bestämningar
724 608 32 14 om
772 607 85 21 gemen-

101 642 45 16 sam
162 637 219 26 kommunalstämma,
397 637 75 21 hvilka
487 638 83 20 ansetts
585 636 141 27 erforderliga
735 636 30 27 på
775 635 37 22 det
822 638 34 19 att

102 677 25 15 en
150 671 69 21 sådan
241 671 122 22 institution
386 671 111 27 verkligen
520 671 34 21 må
577 672 73 20 kunna
672 671 83 21 komma
770 670 34 21 till
819 676 37 15 an-

102 705 117 27 vändning.

170 842 44 22 Vid
235 843 162 27 granskningen
420 842 25 22 af
465 842 40 22 den
521 843 49 21 nåd.
587 842 158 28 propositionen
761 843 40 21 har
815 843 41 21 Ut-

102 877 83 21 skottet
203 876 72 22 funnit
289 877 35 27 sig
339 877 52 21 böra
406 876 8 22 i
428 876 123 22 hufvudsak
566 876 116 28 godkänna
698 876 158 22 ofvananförda

102 912 139 27 synpunkter,
257 911 76 22 liksom
350 912 114 21 Utskottet
479 914 71 19 ansett
564 912 94 21 flertalet
669 911 24 21 af
701 911 26 22 de
737 911 118 28 ändringar

101 947 7 21 i
124 946 101 28 gällande
242 946 143 28 stadganden,
404 952 44 16 som
464 946 7 21 i
487 946 67 28 öfrigt
569 946 52 27 ingå
637 946 7 21 i
660 946 40 21 den
715 946 50 22 nåd.
781 953 74 21 propo-

100 981 104 21 sitionens
219 980 229 28 författningsförslag,
464 987 53 16 vara
532 981 103 27 lämpliga
651 980 51 22 eller
717 980 25 22 af
755 980 102 23 behofvet

101 1016 122 27 påkallade.
246 1016 44 21 För
305 1016 27 21 de
347 1016 118 27 ändringar
479 1016 7 21 i
502 1016 38 21 och
556 1016 78 27 tillägg
649 1015 32 21 till
693 1016 70 27 sagda
773 1015 83 27 förslag

101 1063 28 3 —
146 1050 67 21 delvis
228 1050 25 22 af
265 1057 27 15 en
307 1050 48 22 icke
371 1050 87 22 alldeles
474 1050 150 22 underordnad
639 1050 110 27 betydelse
766 1062 24 3 —
809 1050 46 20 dem

101 1084 114 22 Utskottet
229 1087 54 19 trott
298 1085 35 25 sig
348 1084 52 22 böra
415 1084 38 22 hos
469 1085 121 21 Ständerna
605 1084 114 28 tillstyrka,
733 1084 56 22 skall
800 1084 7 21 i
818 1084 37 21 det

100 1118 97 28 följande
219 1119 124 27 redogöras.
372 1119 69 21 Innan
456 1119 114 21 Utskottet
587 1118 34 22 till
637 1118 46 22 dem
699 1118 108 28 öfvergår,
823 1120 32 19 ut-

101 1154 39 21 ber
162 1153 33 27 sig
217 1153 113 22 Utskottet
352 1154 33 20 att
407 1153 24 21 få
447 1153 75 21 anföra
536 1154 70 26 några
622 1153 39 21 ord
676 1160 33 14 om
723 1153 131 21 kommunal-

101 1188 279 27 fullmäktiginstitutionen,
403 1188 98 21 hvilkens
521 1187 154 27 obligatoriska
689 1186 114 22 införande
817 1187 38 21 vid

102 1222 70 22 denna
193 1222 106 27 landtdag
315 1222 71 22 blifvit
399 1222 119 27 förordadt,
534 1228 48 15 men
598 1222 41 22 den
654 1222 113 21 Utskottet
783 1223 72 20 ansett

101 1256 53 22 böra
169 1257 8 21 i
192 1256 37 22 det
243 1256 137 27 väsendtliga
390 1256 23 22 få
423 1256 104 22 förblifva
537 1256 28 27 på
576 1256 49 22 dess
635 1255 136 23 närvarande
781 1256 75 21 stånd-

100 1291 76 27 punkt.

169 1325 12 21 I
196 1325 41 21 den
253 1324 80 28 nådiga
348 1324 158 28 propositionen
522 1324 123 22 framhålles
660 1324 105 26 hurusom,
788 1324 67 22 sedan

101 1358 123 22 erfarenhet
238 1358 88 21 vunnits
342 1358 77 26 derom,
436 1359 33 19 att
479 1357 153 28 förordningen
642 1357 24 22 af
675 1358 41 20 den
727 1360 12 18 6
748 1357 107 21 Februari

102 1394 62 23 1865,
187 1392 112 27 angående
321 1391 283 28 kommunalförvaltningen
626 1392 28 26 på
675 1391 81 27 landet,
778 1397 51 16 vore
847 1391 8 21 i

170 1431 205 19 Kommunalutskottets
387 1431 111 18 betänkande
510 1430 34 19 N:o
556 1432 15 17 1.
