1045 1703
226 143 25 20 18

299 205 57 28 öfver
371 205 48 21 100
432 205 32 21 till
478 205 37 21 och
530 205 47 21 med
591 204 45 21 130
655 199 17 38 7
691 203 132 28 fullmäktige

327 256 10 11 »
371 239 79 28 BO,
490 257 9 9 »
538 256 10 11 »
586 238 45 21 160
660 238 15 21 8
744 255 10 10 ”

327 291 10 10 »
368 273 47 22 160
449 290 5 5 .
484 290 5 5 .
520 289 5 6 .
555 289 5 5 .
590 289 5 6 .
625 289 6 5 .
661 273 14 20 9
743 289 10 11 »”

264 342 33 22 På
319 349 86 14 samma
423 342 62 28 gång
499 342 57 21 böra
568 341 86 29 jemväl
669 341 148 28 suppleanter
831 341 63 20 utses
910 339 37 22 till

196 377 72 21 minst
282 384 29 14 en
326 376 112 28 tredjedel
454 376 24 21 af
491 376 160 27 fullmäktiges
667 375 68 21 antal.

265 406 70 26 Öfver
359 410 95 22 sålunda
476 410 130 22 verkstäldt
629 410 38 21 val
689 409 26 21 af
734 409 148 28 fullmäktige
904 408 42 22 och

196 445 148 29 suppleanter
358 444 24 22 få
396 445 83 21 besvär
494 445 20 28 ej
531 444 110 22 särskildt
656 444 98 22 anföras,

542 526 29 21 43
586 526 19 26 8.

262 582 129 29 Angående
411 583 38 21 val
471 582 25 21 af
515 582 148 27 fullmäktige
685 581 43 22 och
743 581 147 28 suppleanter
904 581 42 22 bör

196 619 123 20 stämmans
343 617 137 22 ordförande
502 617 8 21 i
532 617 44 21 den
598 616 117 28 kommun,
738 616 63 21 inom
816 616 68 22 hvars
900 623 46 14 om-

196 652 54 22 råde
266 659 131 22 gemensam
413 653 97 20 stämma
525 651 60 22 skall
599 651 79 28 hållas,
694 651 9 21 i
717 650 46 29 god
777 651 36 21 tid
827 650 119 22 underrät-

195 688 35 20 tas
246 693 83 21 genom
344 686 85 28 utdrag
443 693 27 14 ur
485 686 153 28 protokollen,
654 685 67 21 förda
735 685 40 21 vid
790 685 28 21 de
833 684 114 22 särskilda

196 720 284 28 kommunalstämmorna;
504 720 42 22 och
570 720 60 28 gälle
653 719 66 21 dessa
733 719 214 28 protokollsutdrag

196 755 74 21 såsom
285 754 135 22 fullmakter
435 755 36 21 för
486 755 28 21 de
529 754 96 22 sålunda
640 754 67 21 valde
723 755 33 19 att
771 754 8 20 i
795 754 44 21 den
855 760 91 22 gemen-

196 796 86 14 samma
297 791 112 20 stämman
425 788 97 29 deltaga.

542 870 62 26 44
581 866 27 37 8.

264 927 92 22 Uteblir
380 926 134 29 fullmäktig
540 927 56 21 eller
620 927 103 21 inkallad
746 927 123 29 suppleant
890 928 56 20 utan

195 962 53 28 laga
262 961 78 22 förfall
355 961 52 22 från
418 968 131 22 gemensam
560 962 236 28 kommunalstämma,
805 962 73 28 plikte
886 962 61 28 fyra-

194 996 34 21 tio
243 996 71 21 mark.

262 1029 51 28 Lag
335 1037 86 14 samma
443 1037 59 21 vare,
526 1030 40 21 der
588 1029 135 28 fullmäktig
737 1030 51 21 icke
803 1030 72 28 gitter
890 1030 55 27 visa,

195 1065 34 20 att
243 1063 46 22 han
306 1063 41 22 vid
361 1064 119 21 inträffadt
495 1064 53 28 laga
562 1063 79 22 förfall
656 1064 9 21 i
680 1064 35 21 tid
730 1064 37 21 till
782 1065 114 20 stämman
912 1063 34 22 in-

194 1097 73 22 kallat
282 1097 129 28 suppleant.

261 1131 106 22 Nämnda
381 1132 71 27 viten,
469 1139 48 14 som
533 1133 105 20 utdömas
654 1132 25 21 af
687 1133 113 20 stämman
810 1132 8 21 i
830 1133 45 20 den
882 1132 64 21 kom-

194 1173 56 14 mun
268 1165 44 22 den
329 1166 137 29 försumlige
479 1167 52 21 bort
546 1166 123 29 företräda,
685 1167 64 22 skola
763 1167 94 22 tillfalla
871 1166 75 22 denna

193 1200 122 22 kommuns
331 1201 116 21 allmänna
461 1201 74 22 kassa.

542 1282 28 20 45
584 1282 20 26 8.

262 1336 137 22 Gemensam
420 1337 219 23 kommunalstämma
658 1340 24 19 är
696 1338 119 26 beslutför,
832 1338 29 22 då
874 1338 72 22 minst

194 1373 35 19 tre
243 1371 138 29 fjerdedelar
397 1371 25 22 af
435 1371 77 22 dertill
527 1371 96 22 utsedde
638 1371 159 30 fullmäktiges
809 1373 62 22 antal
882 1373 63 22 kom-

192 1406 44 22 mit
250 1406 123 22 tillstädes.
