1042 1703
780 132 27 20 33

149 192 35 22 De
204 193 114 22 särskilda
334 194 111 28 styrelser
460 195 55 21 eller
530 202 114 21 personer,
661 195 81 21 hvilka
757 195 79 22 blifvit

82 226 98 22 tillsatta
195 227 37 21 för
246 227 62 22 vissa
323 228 197 29 verkställighets-
537 229 56 21 eller
603 229 232 29 förvaltningsåtgär-

82 260 46 28 der,
154 268 42 21 ega
218 263 35 19 att
267 261 9 21 i
290 262 47 28 god
357 262 34 21 tid
408 262 36 22 till
458 263 117 21 nämnden
591 264 97 21 aflemna
703 264 132 28 specialför-

82 294 51 28 slag
155 295 37 21 för
214 295 38 21 det
271 296 156 28 nästföljande
443 298 49 20 året
507 297 66 22 öfver
588 298 27 20 de
631 297 97 29 utgifter
744 298 42 21 och
801 298 34 21 in-

82 329 110 28 komster,
209 337 50 14 som
274 330 37 21 till
326 331 65 20 deras
406 331 144 29 förvaltning
565 333 62 20 höra.

431 395 27 20 86
474 395 19 26 8.

151 437 101 28 Utgifts-
274 438 43 21 och
339 438 222 30 inkomstförslagen
585 439 56 22 böra
657 447 54 15 vara
725 440 25 21 sä
765 440 71 28 tidigt

82 471 136 29 uppgjorda,
242 474 34 20 att
298 473 115 22 desamma
435 473 41 22 vid
496 474 237 28 kommunalstämma,
749 474 87 22 hvarom

81 507 87 28 stadgas
182 507 9 21 i
205 507 29 21 19
246 507 22 28 $,
283 507 80 22 kunna
377 508 37 21 till
429 508 146 29 granskning
587 508 147 29 framläggas.
759 508 76 22 Sedan

82 540 76 22 denna
172 540 132 30 försiggätt,
320 544 60 19 samt
395 542 29 21 de
438 542 78 28 frägor
533 550 36 14 om
583 550 47 21 nya
640 542 104 30 utgifter,
755 542 81 22 hvilka

82 574 8 22 i
105 575 117 29 förslagen
242 576 148 29 förekomma,
407 576 79 22 blifvit
501 577 113 29 afgjorda,
631 578 65 21 skola
711 577 67 22 dessa
793 577 43 21 och

82 610 260 22 kommunalstämmans
356 611 78 22 beslut
444 611 153 23 öfverlemnas
607 612 38 22 till
655 612 121 28 nämnden,
787 619 48 15 som

82 644 41 22 har
138 646 34 20 att
186 645 9 21 i
210 645 117 29 förslagen
342 645 76 22 införa
433 646 26 21 af
472 648 112 20 stämman
594 646 107 22 beslutna
711 646 125 29 ändringar

82 679 43 22 och
147 680 89 28 tillägg,
252 680 120 21 äfvensom
388 682 34 20 att
437 680 167 29 ofördröjligen
619 682 29 27 pä
662 681 76 28 grund
753 681 26 21 af
792 681 45 20 den

82 713 130 29 granskade
234 714 222 29 taxeringslängden
479 718 59 19 samt
561 715 28 21 de
605 715 97 22 sälunda
716 715 122 22 faststälda

82 748 95 28 utgifts-
198 749 42 21 och
263 748 221 29 inkomstförslagen
503 751 109 27 upprätta
628 749 151 28 debiterings-
795 749 42 21 och

82 782 197 30 uppbördslängd.
309 783 69 22 Hvad
393 783 25 22 af
431 783 234 23 kommunalstämma
679 784 108 29 beviljats
803 785 34 20 att

82 817 74 22 under
172 817 39 22 det
226 818 155 29 nästföljande
396 819 50 20 året
460 819 115 28 uppbäras
591 819 60 21 skall
667 819 75 21 såsom
758 819 39 20 det
807 818 31 21 lö-

84 851 74 30 pande
174 853 60 21 årets
250 853 231 28 kommunalutskyld
496 853 91 28 påföras
604 853 45 21 alla
665 853 58 28 dem,
740 861 49 13 som
800 861 38 13 an-

83 888 58 20 setts
157 887 107 28 skyldiga
278 889 35 20 att
324 887 39 22 det
373 888 49 21 äret
432 889 83 27 utgöra
526 887 204 28 kommunalskatt,
743 888 96 21 sälunda

84 923 34 27 att
132 921 53 22 hela
199 921 219 29 utskyldsbeloppet
432 922 82 22 varder
527 922 76 29 jemnt
619 921 116 23 fördeladt
749 922 30 28 pä
794 922 45 21 alla

83 956 63 21 inom
162 956 141 22 kommunen
318 957 135 22 uttaxerade
469 957 125 22 skattören.

433 1020 26 21 87
476 1021 20 25 8.

152 1059 160 29 Debiterings-
328 1059 42 22 och
385 1059 190 29 uppbördslängd
587 1059 60 22 skall
657 1059 117 22 innehålla
784 1059 55 22 hän-

84 1093 95 29 visning
201 1094 37 21 till
258 1094 28 21 de
301 1094 83 27 beslut,
399 1094 29 29 pä
443 1093 81 22 hvilka
540 1093 164 30 uttaxeringen
719 1094 36 28 sig
771 1101 69 20 grun-

86 1127 48 28 dar,
156 1128 53 21 med
230 1129 94 28 uppgift
346 1127 112 30 derjemte
474 1129 12 20 å
502 1128 39 21 det
556 1128 91 28 belopp,
664 1135 49 14 som
728 1128 42 21 bör
785 1128 56 28 utgå

86 1163 112 28 antingen
221 1162 58 22 efter
302 1163 74 21 äsatta
398 1163 120 21 skattören
541 1162 55 22 eller
615 1169 77 15 annan
707 1163 8 21 i
730 1163 39 27 lag
785 1163 56 20 eller

86 1197 101 22 särskild
202 1197 141 28 författning
358 1197 105 22 bestämd
478 1197 83 28 grund,
577 1197 76 21 såsom
667 1197 98 28 antydes
775 1196 65 27 i79$

85 1239 69 14 mom.
179 1233 18 26 1,
220 1234 59 19 samt
300 1233 102 26 upptaga
424 1231 80 28 hvarje
527 1231 160 28 skattskyldig
707 1231 38 21 till
759 1231 83 22 bostad

87 1266 43 21 och
152 1273 76 21 namn,
252 1266 28 21 de
304 1266 84 21 honom
411 1265 95 29 päförda
529 1266 127 27 skattören,
673 1266 87 21 antalet
775 1266 26 21 af
814 1266 27 21 de

86 1301 43 20 hos
152 1300 84 21 honom
260 1300 154 21 skattskrifna
436 1307 109 21 personer
569 1299 42 22 och
632 1300 27 21 de
674 1300 37 21 för
726 1299 64 22 olika
804 1299 38 22 be-

88 1334 232 27 skattningsföremäl
344 1334 41 21 hos
401 1334 85 21 honom
501 1333 112 22 särskildt
628 1333 135 21 uttaxerade
778 1334 64 20 kom-

86 1367 208 29 munalutskylder.
332 1367 46 21 Till
400 1366 72 28 nödig
494 1367 103 21 kontroll
620 1367 65 21 öfver
707 1366 135 29 uppbörden

88 1402 56 22 böra
156 1401 88 29 jemväl
259 1401 114 22 särskilda
388 1401 122 22 kolumner
524 1401 37 22 för
577 1401 142 29 anteckning
735 1408 36 14 om
779 1400 64 22 inbe-

87 1437 117 28 talningar
219 1436 43 22 och
277 1438 73 20 rester
366 1444 54 15 vara
434 1437 8 21 i
456 1436 103 29 längden
575 1436 142 30 uppdragna.

764 1479 11 17 3
