1034 1706
320 135 29 23 U.
364 136 27 22 B.
409 149 27 3 —
451 137 73 28 Prop.
542 138 42 22 N:o
600 137 23 23 5.
832 140 13 19 9

92 206 78 28 legier,
188 206 40 22 fri-
246 206 43 22 och
306 206 144 29 rättigheter,
467 208 121 28 grundade
608 209 30 27 pä
654 208 86 29 Kongl.
759 209 87 22 resolu-

92 240 82 28 tioner,
201 240 143 28 donationer,
366 241 121 29 gäfvobref
505 242 44 21 och
567 242 73 22 andra
656 242 54 22 med
727 242 52 22 dem
796 243 49 21 lika

92 274 56 21 eller
165 274 74 29 laglig
256 275 63 21 kraft
337 275 89 28 ägande
444 275 141 29 handlingar
602 276 44 22 och
659 276 151 29 stadganden,
823 278 22 28 ej

92 308 59 22 afses
178 308 72 22 andra
270 309 115 21 förmoner
407 310 42 21 och
470 310 144 28 rättigheter,
637 314 30 18 än
685 311 93 27 sädana,
797 318 48 15 som

92 342 89 30 tillagts
199 344 107 28 samtliga
325 344 77 21 städer
420 344 43 22 och
481 344 65 22 deras
562 345 142 29 borgerskap
718 348 59 19 samt
788 345 57 22 hän-

91 377 50 22 föra
159 378 36 28 sig
212 378 38 21 till
267 378 28 22 de
313 378 8 21 i
333 386 80 14 senare
427 378 67 22 delen
507 379 23 21 af
543 379 139 29 paragrafen
692 380 153 28 uppräknade

90 412 142 28 fastigheter,
250 412 159 29 inrättningar
421 413 44 21 och
481 414 117 28 näringar,
616 413 94 22 hvadan
722 414 77 22 denna
811 422 34 14 se-

91 454 55 13 nare
173 446 38 21 del
234 447 23 21 af
277 447 139 28 paragrafen
437 448 116 21 förklarar
573 448 63 21 förra
657 448 67 22 delen
746 448 24 22 af
791 448 55 22 den-

91 488 91 14 samma.

159 515 83 21 Denna
260 515 23 21 af
300 514 278 23 Kodifikationskomiten
596 516 98 22 sälunda
710 516 135 22 framstälda

90 549 126 29 utredning
234 550 8 20 i
259 550 83 28 frägan
359 548 43 22 har
419 550 121 22 Utskottet
558 552 77 20 ansett
647 550 127 28 bindande;
801 550 44 22 och

90 583 43 22 har
150 584 122 22 Utskottet
289 584 68 27 förty,
376 584 8 21 i
401 584 75 22 likhet
490 584 53 22 med
554 584 216 30 Lagberedningen,
786 587 60 20 trott

91 618 36 28 sig
144 618 58 22 böra
220 619 74 21 säsom
311 618 36 21 sin
360 618 95 29 mening
466 619 82 27 uttala,
562 621 35 19 att
610 618 39 22 det
662 627 16 13 s.
691 619 22 21 k.
727 620 118 21 auktions-

90 652 134 29 monopolet
240 653 52 21 icke
310 652 47 22 kan
369 652 118 22 betraktas
510 654 74 20 säsom
605 654 73 27 nägot
689 653 53 22 med
759 653 86 29 grund-

89 686 123 29 lagshelgd
229 686 99 22 värnadt
345 686 148 29 privilegium
509 688 37 21 för
564 687 114 21 städerna.

160 856 119 22 Granskar
303 864 55 14 man
384 856 29 22 de
436 858 79 27 motiv,
534 865 49 15 som
600 858 9 21 i
628 857 63 22 äldre
709 857 61 22 tider
787 858 58 22 först

88 891 136 22 föranledde
242 891 144 21 inrättandet
404 892 23 21 af
445 892 201 22 auktionskamrar
657 892 9 21 i
678 892 114 28 städerna,
801 892 43 22 fin-

88 933 43 14 ner
148 934 60 19 man,
227 926 75 21 säsom
319 926 72 21 redan
410 926 69 22 ofvan
498 926 102 29 antydts,
618 928 36 20 att
664 926 53 22 med
731 926 67 22 dessa
810 927 35 21 in-

88 960 134 28 rättningar
248 960 77 28 afsägs
352 962 34 19 att
410 960 85 22 bereda
520 961 242 22 stadskommunernas
782 961 63 22 med-

88 994 96 22 lemmar
202 996 72 20 större
292 994 174 29 begvämlighet
483 995 40 21 vid
535 995 139 29 försäljning
686 995 24 21 af
724 995 120 29 egendom,

88 1028 99 22 likasom
206 1028 28 21 de
252 1029 43 21 ock
314 1029 74 21 skulle
405 1031 84 39 utgöra
507 1030 118 27 anstalter,
643 1037 84 21 genom
742 1030 103 21 hvilka
832 1025 17 38 i

88 1065 49 18 mät
157 1065 65 26 taget
242 1062 57 29 gods
318 1063 78 20 kunde
414 1064 31 27 pä
462 1063 66 22 bästa
547 1066 47 19 sätt
611 1063 135 22 förvandlas
763 1064 9 21 i
789 1071 56 21 pen-

88 1097 92 28 ningar.
216 1097 81 21 Redan
315 1097 36 20 uti
368 1097 120 28 ingressen
506 1098 37 21 till
561 1097 195 22 ofvanomordade
775 1097 71 29 ,Ord-

88 1131 59 29 ning
174 1131 64 22 öfver
258 1131 124 21 Auctions-
404 1131 43 22 och
468 1132 250 21 Addressekammaren
736 1132 9 21 i
764 1115 81 38 Stock-

88 1165 76 22 holm"
187 1165 73 22 finnes
279 1165 65 22 detta
362 1165 87 30 tydligt
468 1167 110 28 angifvet.
614 1166 49 21 Och
681 1166 40 22 det
738 1166 66 21 torde
823 1167 20 28 ej

88 1199 74 22 heller
190 1200 79 21 kunna
296 1200 148 28 ifrågasättas
471 1203 36 19 att
532 1201 58 28 icke,
616 1200 53 22 med
692 1200 95 29 hänsigt
807 1200 38 21 till

88 1234 68 21 forna
182 1234 72 21 tiders
275 1234 154 22 outvecklade
451 1235 161 22 förhållanden
634 1236 30 27 på
685 1235 160 22 kommunika-

88 1268 119 22 tionernas
226 1269 42 20 och
286 1269 149 21 affärslifvets
454 1269 115 28 områden,
588 1269 120 22 städernas
726 1269 120 21 auktions-

88 1303 99 27 kamrar,
208 1302 81 22 hvilka
310 1302 117 22 dessutom
445 1311 55 14 voro
518 1303 172 22 underkastade
708 1303 138 28 erforderlig

88 1336 82 28 tillsyn
198 1337 42 20 och
261 1337 103 20 kontroll
385 1337 53 20 från
455 1337 205 28 myndigheternas
678 1337 57 27 sida,
754 1337 8 20 i
780 1336 65 21 äldre

88 1370 62 21 tider
170 1370 95 28 erbjödo
286 1370 52 21 icke
355 1370 68 28 ringa
440 1371 106 21 fördelar.
582 1371 47 21 För
646 1370 46 21 den
709 1369 136 22 nuvarande

88 1404 182 29 uppfattningen
287 1406 36 19 ter
335 1404 36 28 sig
383 1404 72 22 saken
467 1404 128 22 emellertid
614 1404 151 31 annorlunda.
784 1403 62 22 Gen-

89 1446 37 15 om
153 1439 28 22 de
198 1437 159 30 mångfaldiga
373 1438 82 29 medel,
473 1447 48 14 som
539 1439 9 22 i
566 1439 28 22 de
612 1439 110 22 moderna
747 1438 99 24 samhäl-

160 1477 48 22 Lag-
220 1477 31 17 och
263 1476 182 18 Ekonomiutskottets
457 1476 109 18 betänkande
579 1479 37 15 N:o
628 1477 16 17 1.
