1048 1709
441 123 40 22 N:o
497 124 19 21 6.
799 123 27 21 39

104 191 64 22 sände
192 191 146 28 Guvernören,
361 192 23 22 så
403 191 44 23 fort
462 192 33 27 sig
509 193 52 26 göra
576 192 61 27 låter,
653 192 155 28 handlingarna
823 192 33 22 till

104 226 141 22 ordföranden
267 227 5 19 i
295 226 237 26 kommunalnämnden,
547 226 85 22 hvilken
648 227 73 21 tillhör
737 229 31 20 att
784 226 72 22 veder-

104 261 107 22 börandes
226 261 117 27 förklaring
359 262 52 21 eller
422 262 111 21 utlåtande
544 261 96 22 infordra
653 261 40 22 och
703 261 33 22 till
747 261 109 22 Guvernö-

103 301 37 16 ren
161 295 153 28 ofördröjligen
332 295 132 22 öfversända.
493 296 78 21 Besvär
586 295 60 22 öfver
660 302 121 21 gemensam
797 296 58 21 kom-

104 330 174 21 munalstämmas
301 330 76 27 beslut,
397 336 45 15 som
458 330 33 21 till
507 330 113 27 sakegares
639 330 96 22 hörande
750 330 105 27 utställas,

104 364 77 23 sändes
204 365 33 20 till
260 364 143 22 ordföranden
426 365 34 21 för
481 365 92 21 nämnda
592 367 98 26 stämma,
708 365 85 21 hvilken
808 371 49 21 eger

103 405 75 22 genom
194 399 128 26 kungörelse
338 399 7 21 i
361 399 26 21 de
402 399 105 21 särskilda
521 399 164 22 kommunernas
703 399 79 27 kyrkor
801 405 55 16 sam-

103 433 107 22 mankalla
229 433 157 22 vederbörande
402 433 133 27 fullmäktige
551 435 31 20 att
598 434 12 20 å
626 433 31 22 tid
673 433 39 22 och
727 433 67 27 ställe,
810 439 47 16 som

104 468 24 22 af
140 468 78 22 honom
234 468 135 27 bestämmes,
387 468 39 21 den
442 468 79 22 äskade
537 467 147 28 förklaringen
700 467 86 28 afgifva.

174 502 68 22 Sedan
265 502 137 22 Guvernören
425 503 89 22 ärendet
536 503 86 28 afgjort,
638 503 43 21 låte
696 503 42 22 han
752 502 7 22 i
776 503 36 22 det
826 503 32 22 af-

105 537 77 22 seende
206 539 26 20 73
252 538 11 26 &
282 544 65 15 mom.
361 539 14 20 2
390 538 87 27 stadgar
492 539 24 20 sä
531 540 59 19 snart
606 537 38 22 ske
659 537 42 22 kan
717 537 93 28 delgifva
824 540 33 19 ut-

104 572 70 27 slaget
189 574 44 19 mot
248 572 66 27 bevis,
331 578 45 15 som
392 572 39 21 bör
447 573 12 20 å
475 572 119 21 detsamma
608 572 94 28 tecknas,
714 572 144 22 ordföranden

104 607 7 22 i
126 607 237 28 kommunalnämnden,
379 607 85 22 hvilken
475 614 49 20 eger
535 607 97 22 tillställa
643 607 122 28 klaganden
776 614 82 15 samma

104 643 72 26 utslag
196 642 51 21 eller
262 642 71 27 styrkt
348 641 85 22 afskrift
449 642 61 21 deraf
521 642 80 27 jemväl
618 644 44 19 mot
678 642 64 27 bevis,
758 648 46 16 som
819 643 39 20 bör

105 677 87 22 tecknas
208 677 58 21 såväl
282 677 12 21 å
309 676 76 28 sjelfva
401 677 92 27 utslaget
508 683 46 16 som
570 677 12 21 å
598 677 118 22 afskriften.

173 711 99 22 Grundas
287 711 102 22 besvären
405 712 73 27 derpå,
494 713 32 20 att
541 712 82 27 någons
638 711 98 22 enskilda
751 713 43 20 rätt
809 711 49 22 blif-

104 746 30 21 vit
156 752 76 22 genom
256 746 92 22 beslutet
370 746 84 27 kränkt,
473 746 39 21 och
532 747 67 20 varda
617 746 103 21 besvären
736 746 121 28 godkända,

104 781 56 27 gälle
182 781 102 21 rättelsen
308 781 33 21 till
360 780 82 22 förmån
459 781 32 21 för
507 782 47 26 den,
570 787 46 15 som
632 780 79 28 klagat,
728 781 39 22 och
782 781 76 22 stånde

105 815 93 21 beslutet
220 816 33 21 för
273 815 72 28 öfrigt,
361 818 51 19 utan
428 815 24 22 så
467 818 24 19 är
507 818 32 19 att
554 815 36 22 det
604 815 68 22 finnes
688 815 110 22 stridande
813 818 45 19 mot

105 850 79 22 allmän
199 850 37 28 lag
251 850 53 22 eller
319 850 130 28 förordning,
467 851 26 21 då
504 850 139 23 Guvernören
654 850 39 22 ock
703 850 35 22 må
748 850 110 29 angående

105 886 150 27 upphäfvande
271 886 23 21 af
307 887 92 21 beslutet
414 887 7 20 i
437 887 47 21 dess
500 887 72 22 helhet
586 887 108 22 förordna.

449 951 36 20 101
503 951 18 26 8.

174 991 66 20 Föres
256 990 79 26 klagan
351 990 103 27 deröfver,
470 993 32 19 att
517 991 70 22 beslut
602 991 20 26 ej
633 991 7 21 i
651 991 49 27 laga
714 991 89 27 ordning
817 991 42 21 till-

106 1025 96 26 kommit,
219 1025 51 21 eller
290 1027 33 19 att
338 1025 35 22 det
389 1026 45 21 står
449 1026 6 20 i
471 1025 52 22 strid
540 1025 48 22 med
603 1025 80 22 allmän
700 1025 34 28 lag
749 1025 52 22 eller
816 1025 43 22 för-

106 1060 94 26 ordning,
217 1060 52 21 eller
284 1060 127 21 annorledes
427 1059 143 23 öfverskrider
585 1060 62 21 deras
663 1059 133 29 befogenhet,
812 1066 46 16 som

105 1094 92 22 beslutet
219 1093 72 28 fattat,
315 1101 38 20 ege
376 1094 143 28 Guvernören,
535 1101 33 15 om
584 1094 43 22 han
642 1095 67 22 finner
725 1095 47 21 skäl
788 1094 71 23 dertill

104 1129 140 26 förekomma,
260 1129 103 22 beslutets
380 1129 160 28 verkställighet
554 1129 107 28 förbjuda.

448 1194 39 20 102
503 1193 18 28 8.

174 1233 36 21 Uti
233 1233 148 21 Guvernörens
403 1233 70 27 utslag
496 1233 40 27 må,
560 1233 37 21 der
619 1233 19 27 ej
661 1233 33 21 för
716 1233 56 21 vissa
786 1233 73 28 frågor

106 1274 71 16 annan
201 1268 90 28 ordning
306 1268 143 27 uttryckligen
464 1269 23 20 är
503 1268 95 27 stadgad,
614 1268 91 28 ändring
720 1267 65 23 sökas
800 1267 6 22 i
822 1268 37 22 Se-

105 1305 76 19 natens
203 1302 268 27 Ekonomiedepartement
493 1302 45 22 före
558 1302 90 22 klockan
668 1302 42 22 tolf
723 1302 13 22 å
750 1302 110 22 sextionde

106 1338 68 25 dagen
190 1338 54 20 efter
260 1337 127 25 delfåendet,
405 1338 74 25 dagen,
496 1337 26 20 då
538 1338 36 20 det
584 1337 86 25 skedde,
682 1337 64 20 likväl
758 1337 100 25 oräknad,

106 1371 39 21 och
168 1371 56 27 gälle
239 1371 73 21 dervid
329 1371 33 21 till
377 1370 150 27 efterrättelse,
543 1371 55 21 hvad
614 1376 34 16 om
664 1370 195 28 ändringssökande

104 1405 8 22 i
129 1405 116 22 allmänhet
260 1405 101 27 stadgadt
376 1407 30 19 är.
