1036 1706
283 132 83 23 Ständ.
383 132 39 23 Sv.
437 146 28 3 —
480 132 74 30 Prop.
570 133 42 23 N:o
627 133 22 23 5.
829 134 13 20 3

91 194 132 22 uteslutande
237 194 28 30 på
280 194 58 23 äldre
352 195 155 29 författningar,
516 198 50 20 utan
576 196 40 22 ock
625 196 29 29 på
663 195 103 23 särskilda
775 195 67 23 under

91 236 73 14 senare
177 228 57 22 tider
247 230 111 21 tillkomna
372 229 136 29 stadganden.

159 262 44 22 För
223 262 64 30 öfrigt
306 263 64 22 hafva
389 263 118 23 Ständerna
521 265 8 20 i
543 263 237 29 författningsförslaget
795 263 46 23 vid-

91 297 55 28 tagit
160 297 65 28 några
239 298 151 20 redaktionella
404 297 150 29 förändringar.

159 330 32 22 På
204 331 68 28 grund
286 331 23 21 af
323 331 37 22 det
374 331 63 22 ofvan
452 332 88 22 anförda
554 331 23 22 få
592 331 118 23 Ständerna
723 332 38 22 hos
773 331 69 23 Eders

91 365 120 29 Kejserliga
225 365 101 29 Majestät
340 365 149 29 underdånigst
504 366 87 26 anmäla,

350 425 32 19 att
396 424 35 21 det
445 424 35 20 uti
495 424 143 27 förevarande
651 424 83 28 nådiga
740 423 100 29 proposi-

294 458 47 21 tion
365 458 36 21 till
423 458 124 22 Ständerna
568 458 158 28 öfverlemnade
746 458 92 28 författ-

293 492 170 29 ningsförslaget
482 492 74 28 blifvit
573 492 29 28 af
614 492 124 22 Ständerna
752 494 89 26 antaget

293 526 50 22 med
356 526 70 29 några
438 527 86 21 mindre
534 526 130 29 ändringar,
674 527 10 21 i
693 527 56 28 följd
760 526 84 28 hvaraf

293 561 42 21 den
349 561 126 28 föreslagna
489 561 158 29 förordningen
662 562 83 21 komme
760 562 34 20 att
803 568 34 14 er-

294 595 60 22 hålla
368 596 98 28 följande
482 596 91 28 lydelse:

352 680 156 29 Förordning
522 680 124 30 angående
660 681 121 28 frivilliga

497 715 138 24 auktioner.

543 779 47 28 1$.

351 831 97 28 Enhvar,
463 830 10 21 i
487 831 49 21 stad
550 830 38 23 och
600 830 32 28 på
647 830 78 28 landet,
737 838 51 14 vare
803 830 36 22 be-

293 866 98 28 rättigad
404 866 38 27 att,
457 866 49 21 med
516 866 140 27 iakttagande
665 865 29 28 af
700 866 58 20 hvad
766 866 74 20 nedan

293 900 10 22 i
312 900 73 22 denna
394 899 130 29 förordning
533 900 95 27 stadgas,
638 899 57 29 själf
701 900 52 21 eller
760 906 79 22 genom

293 942 77 14 annan
385 934 96 28 förrätta
493 934 96 28 frivillig
602 934 91 21 auktion
703 934 36 21 till
748 934 90 28 försälj-

293 969 55 27 ning
363 968 29 28 af
402 968 37 22 sin
453 968 60 27 fasta
527 969 53 21 eller
594 968 46 22 lösa
650 969 107 27 egendom,
767 968 73 22 såvidt

293 1004 71 21 sådan
378 1002 134 29 försäljning
526 1003 51 27 eljes
590 1002 39 28 får
642 1010 40 20 ega
696 1010 57 20 rum,
766 1003 26 21 så
802 1003 37 21 ock

293 1040 33 20 att
341 1038 118 21 bestämma
473 1038 98 21 vilkoren
585 1037 37 28 för
635 1037 168 28 försäljningen.

542 1111 49 28 28.

351 1164 62 21 Skall
435 1165 107 27 egendom,
565 1170 47 15 som
637 1164 74 21 tillhör
734 1163 105 28 omyndig

293 1199 52 20 eller
363 1199 41 20 död
420 1205 66 15 mans
501 1199 24 20 bo
540 1198 53 21 eller
607 1199 26 20 är
647 1198 70 21 under
731 1198 107 21 konkurs-

293 1233 143 28 förvaltning,
451 1232 15 21 å
483 1232 95 28 frivillig
594 1232 92 21 auktion
699 1232 75 27 säljas,
788 1232 52 21 eller

294 1267 82 21 beröres
394 1267 50 28 eljes
462 1273 88 14 annans
568 1267 45 20 rätt
630 1266 29 28 af
671 1266 169 28 försäljningen,

294 1301 64 21 varde
380 1307 36 16 om
436 1301 59 21 tiden
515 1301 39 21 och
573 1301 73 21 stället
665 1301 36 28 för
720 1300 120 22 auktionen

291 1342 79 21 genom
394 1335 258 27 förrättningsmannens
677 1335 85 26 försorg
782 1334 58 21 kun-

291 1369 73 27 gjordt
380 1368 73 21 säsom
467 1368 10 20 i
493 1369 15 19 5
522 1368 48 27 kap.
590 1369 18 26 6,
626 1369 12 19 7
652 1367 39 22 och
705 1368 29 20 18
749 1367 30 27 $$
799 1367 39 22 Ui-

293 1403 167 27 sökningslagen
480 1402 88 28 stadgas
588 1401 111 29 angående
716 1401 92 22 auktion
826 1401 14 23 å

293 1439 82 21 utmätt
389 1437 108 30 egendom.
