1031 1711
289 133 81 24 Ständ.
386 135 38 23 Sv.
439 148 28 3 —
482 135 72 28 Prop.
570 135 42 24 N:o
627 136 22 22 4.
801 137 12 20 7

296 201 69 22 skilda
385 201 130 28 ändringar,
531 201 8 22 i
554 202 54 28 följd
623 202 82 27 hvaraf
716 202 125 27 förordnin-

293 243 42 20 gen
356 236 80 21 komme
458 237 32 20 att
504 237 81 21 erhålla
599 237 97 27 följande
711 237 88 27 lydelse:

362 321 152 28 Förordning
530 322 120 28 angående
657 322 128 22 storskifte
796 322 45 22 och

295 356 184 28 skattläggning
508 357 9 21 i
549 356 147 28 Kemiträsk,
719 357 122 22 Kuusamo

294 390 43 22 och
355 390 139 28 Kuolajärvi
509 391 101 22 socknar
624 391 9 21 i
649 391 131 29 Uleåborgs
794 392 48 21 län.

545 466 12 22 1
569 450 23 49 $.

364 529 113 28 Storskifte
492 530 37 21 och
544 529 162 29 skattläggning
716 529 58 22 skola
784 530 57 21 verk-

294 564 74 21 ställas
390 564 9 21 i
420 563 130 28 Kemiträsk,
575 564 112 21 Kuusamo
709 564 37 21 och
763 564 78 21 Kuola-

292 598 60 27 järvi
366 598 91 21 socknar
471 600 55 19 samt
540 598 84 27 utföras
639 598 9 21 i
662 598 70 22 sådan
741 599 100 27 ordning,

295 634 32 20 att
349 632 107 22 desamma
479 634 76 27 genast
571 632 103 28 påbörjas
688 633 8 20 i
712 633 129 26 Kemiträsk,

295 667 91 22 därnäst
408 667 8 21 i
439 667 111 22 Kuusamo
573 667 37 21 och
632 667 39 21 sist
688 667 9 21 i
713 667 129 28 Kuolajärvi

294 701 81 22 socken.

543 778 13 20 2
571 777 21 28 8.

365 846 163 27 Lägenheterna
547 845 58 22 skola
619 845 37 22 vid
669 846 117 28 storskiftet
801 846 42 21 till-

296 880 57 22 delas
375 880 8 22 i
407 880 123 22 Kemiträsk
560 880 71 27 1,800
659 880 74 22 hektar
757 882 56 20 samt
834 880 9 21 i

295 914 111 22 Kuusamo
421 915 37 21 och
474 914 129 28 Kuolajärvi
614 915 72 27 2,500
696 914 75 22 hektar
778 915 65 21 skatt-

295 949 38 22 bar
347 949 62 22 mark
424 950 34 27 för
472 949 43 22 helt
529 949 88 27 mantal,
634 949 130 22 oberäknadt
778 950 65 27 impe-

296 985 110 27 dimenter,
430 984 51 22 dock
503 984 94 22 sälunda
612 986 33 20 att
660 984 41 22 den
716 984 68 27 mark,
799 991 43 15 som

296 1019 154 28 lägenheterna
472 1019 36 21 vid
528 1019 74 28 skiftet
616 1018 81 22 erhålla
712 1019 83 28 utöfver
810 1019 34 21 det

296 1054 77 27 belopp,
390 1054 46 21 dem
452 1054 66 29 enligt
532 1061 32 15 nu
573 1053 102 29 gällande
684 1054 159 28 författningar

296 1089 45 21 bort
356 1089 98 27 tilldelas,
469 1089 54 22 skall
537 1089 97 28 utbrytas
644 1088 37 22 och
692 1088 74 22 ställas
773 1088 70 22 under

295 1123 128 28 forstnärlig
438 1124 53 21 värd
505 1125 56 20 samt
576 1123 113 22 användas
705 1123 32 21 till
747 1123 98 27 ständigt

295 1158 115 28 skogsbruk
431 1158 35 28 för
487 1164 121 22 gemensam
629 1157 104 29 räkning,
755 1158 31 26 pä
801 1158 43 20 sätt

295 1200 33 14 om
343 1192 226 29 skogsallmänningar
584 1194 26 20 är
624 1192 103 22 särskildt
736 1192 106 28 stadgadt.

546 1273 49 29 3$.

364 1342 13 20 1
398 1342 40 26 fall
460 1342 35 20 vid
516 1342 74 26 skiftet
610 1342 24 20 så
654 1342 93 26 befinnes
761 1342 81 26 nödigt,

297 1376 36 20 må
353 1376 153 27 lägenheterna
528 1375 76 21 därvid
627 1375 92 21 tilldelas
738 1375 58 21 ända
813 1374 31 22 till

295 1416 37 15 sex
353 1410 80 26 skiften
455 1409 9 21 i
486 1409 51 21 åker
559 1409 35 20 och
612 1410 49 26 äng,
677 1408 93 28 förutom
787 1409 34 20 två
836 1408 8 21 i

295 1443 51 28 skog
361 1443 37 21 och
413 1443 91 21 utmark.
