1039 1703
326 119 28 22 U.
369 119 27 23 B.
416 133 27 2 —
459 120 66 28 Prop
540 119 44 24 N:o
602 120 21 22 2.
790 123 29 19 47

407 215 45 18 24
469 215 77 24 kap.

456 274 47 28 18.

176 320 93 23 Domare
290 321 40 21 bör
346 322 80 21 sakens
442 322 45 21 slut
503 322 19 27 ej
539 322 118 26 uppehålla
672 322 49 21 med
737 321 118 27 uppskofs-

104 356 55 26 dom,
176 359 52 19 utan
245 357 25 21 så
286 358 31 25 är,
334 359 33 19 att
376 357 60 22 vissa
448 356 189 28 omständigheter
649 357 36 22 det
696 356 159 28 oundgängeli-

104 398 42 21 gen
162 390 85 24 kräfva.
279 392 45 22 Der
343 392 82 22 endera
440 394 78 24 parten
535 392 27 22 dä
578 392 106 28 päläggas
696 392 63 28 skall,
772 395 32 19 att
815 392 38 22 nå-

104 431 38 23 got
163 426 106 29 fullgöra;
294 430 58 20 sätte
374 428 102 22 domaren
493 428 78 22 honom
587 428 75 22 dertill
678 429 45 21 viss
740 428 43 28 dag
797 428 58 24 före,

103 463 38 22 vid
165 463 51 22 vite.
247 464 46 21 Gör
315 466 78 24 parten
409 464 38 21 det
463 464 29 27 ej;
509 463 114 28 förelägge
639 464 78 21 honom
733 470 71 15 annan
821 464 32 22 tid

105 499 48 22 med
169 501 72 20 större
257 500 53 28 vite,
328 500 54 21 eller
398 502 33 19 att
445 500 3 21 i
461 499 155 23 hufvudsaken
627 500 65 27 eljest
703 500 73 21 dömas
788 500 65 28 skall,

105 535 40 21 allt
168 541 46 16 som
232 535 218 27 omständigheterna
466 535 38 22 det
519 536 80 21 fordra.
630 535 60 28 Part,
707 542 46 15 som
768 535 35 22 för
819 536 34 21 så-

105 570 43 22 dan
163 570 153 24 försummelse
331 571 74 22 blifvit
420 571 49 22 fäld
487 571 35 22 till
537 572 53 27 vite,
607 577 41 21 ege
663 572 103 22 deröfver
777 571 78 22 anföra

105 606 111 23 särskilda
236 608 86 22 besvär.
352 607 63 22 Dock
430 608 35 21 må
481 606 155 24 hufvudsaken
652 614 77 21 genom
745 607 55 22 slikt
815 609 40 20 än-

105 643 176 28 dringssökande
296 643 20 28 ej
333 643 136 26 uppehållas.

392 811 82 27 Förslag
496 811 27 22 till
539 810 113 28 förordning
669 808 104 29 angående
790 810 65 22 stäm-

321 853 111 27 ningsmän.

459 919 46 29 18.

178 959 20 29 Å
220 966 76 22 landet
318 966 104 22 förordne
445 966 127 22 häradsrätt
587 966 40 22 och
641 966 8 21 i
665 966 50 22 stad
729 965 126 23 rådstufvu-

106 1004 46 20 rätt
167 1002 60 21 vissa
242 1004 50 19 män
309 1004 38 25 att,
364 1002 28 21 då
408 1002 27 21 de
452 1002 73 21 derom
542 1002 86 27 anlitas,
640 1001 99 28 delgifva
750 1001 104 22 stämnin-

106 1044 41 21 gar
170 1038 40 21 och
233 1038 130 21 domstolars
386 1038 80 27 beslut,
488 1038 26 21 så
529 1037 40 22 ock
585 1037 124 22 verkställa
724 1036 130 28 delgifning,

107 1080 44 15 som
176 1073 7 22 i
206 1073 176 27 utsökningsmål
405 1073 150 22 förekommer.
587 1073 71 21 Dessa
681 1073 175 27 stämningsmän

107 1109 73 28 gånge
195 1108 58 22 inför
268 1111 74 19 rätten
358 1109 34 27 ed,
409 1110 33 20 att
458 1109 26 21 de
499 1109 101 27 redligen
616 1109 39 20 och
666 1110 53 19 utan
729 1107 129 29 försumlig-

107 1145 38 21 het
168 1144 63 21 skola
253 1145 84 21 uträtta
360 1144 26 21 de
402 1143 240 28 delgifningsärenden,
662 1150 46 15 som
723 1143 68 22 varda
807 1143 50 22 dem

107 1180 135 27 uppdragna.
276 1179 44 22 Till
342 1180 172 27 stämningsman
538 1180 14 21 ä&
572 1179 73 22 landet
660 1179 35 21 må
710 1179 146 21 nämndeman

106 1215 153 26 företrädesvis
273 1215 124 28 förordnas,
416 1223 32 14 om
462 1216 44 21 han
523 1217 26 20 är
565 1215 73 22 dertill
654 1215 65 28 villig.

459 1287 48 29 28.

180 1335 146 28 Kronofogde,
336 1335 133 27 stadsfogde,
478 1336 100 20 länsman
588 1335 55 21 eller
651 1335 144 21 nämndeman
803 1340 55 16 vare

108 1370 85 28 behörig
216 1371 32 20 att
271 1371 56 20 utan
350 1371 82 20 rättens
450 1369 156 28 förordnande
629 1369 8 20 i
657 1369 97 21 enskilda
766 1368 42 27 fall
825 1370 32 20 ut-

109 1406 48 27 föra
173 1406 99 28 uppdrag
288 1406 68 22 såsom
372 1405 179 29 stämningsman,
567 1413 33 14 om
615 1405 44 22 han
675 1404 35 22 det
725 1405 34 28 sig
775 1404 82 29 åtager.

180 1455 138 24 Lagutskottets
329 1454 117 19 betänkande
460 1454 36 19 N:o
508 1455 17 17 5.
