1039 1706
316 140 29 22 U.
360 140 28 22 B.
405 152 26 4 —
446 140 73 28 Prop.
534 140 42 23 N:o
591 140 22 22 6.
815 142 28 21 53

158 209 47 20 Med
220 210 49 19 stöd
284 210 23 19 af
320 210 56 20 olika
390 210 66 20 tiders
472 211 103 20 vexlande
591 211 144 20 erfarenheter
747 210 26 26 pä
784 212 59 19 detta

90 237 123 24 oreglerade
228 237 86 21 område
329 238 111 20 fördristar
452 240 38 23 jag
504 240 45 24 mig
563 239 78 20 föreslå
656 239 31 20 till
702 240 69 19 denna
782 233 9 36 $
813 240 30 19 ett

89 266 185 24 tilläggsmoment
290 266 23 20 af
325 266 91 24 följande
431 267 102 20 innehäll:

300 322 76 25 Utslag,
392 323 108 20 resolution
515 324 36 19 och
561 323 140 25 meddelande,
712 328 45 14 som
762 323 83 25 jemlikt

228 350 75 25 Kongl.
326 351 74 25 Dbrefvet
421 351 39 19 den
483 352 13 20 5
514 352 93 24 januari
629 352 58 19 1808
701 352 48 19 eller
767 356 77 15 senare

226 380 126 24 författning
370 380 54 20 skall
437 381 31 19 uti
482 380 101 20 ekonomi-
599 380 46 20 eller
657 380 102 24 molitimä!
773 380 69 24 delgif-

228 413 36 15 vas
279 408 127 24 menigheten
420 408 8 20 i
437 408 99 21 kommun
544 414 74 20 genom
625 409 120 24 kungörelse
753 409 8 19 i
768 408 75 26 kyrka,

228 436 35 20 bör
284 437 138 25 derförinnan
444 437 46 20 eller
512 439 68 19 senast
602 438 107 25 samtidigt
729 437 114 26 skriftligen

228 466 100 25 delgifvas
340 466 240 21 kommunalstämmans
595 467 135 24 ordförande;
740 472 46 14 men
797 467 46 19 sker

228 494 53 19 detta
303 499 78 20 senare,
399 495 81 20 räknas
498 495 54 20 tiden
564 496 35 24 för
614 495 137 25 delgifvandet
765 494 22 20 ät
801 500 40 14 me-

228 523 94 24 nigheten
340 522 52 25 från
414 523 39 20 den
475 524 47 25 dag,
541 523 27 20 dä
586 524 139 24 ordföranden
741 523 103 29 emottagit

228 551 132 25 handlingen.

158 596 32 20 Då
207 597 37 24 jag
262 598 46 19 icke
324 598 42 19 kan
381 598 45 19 inse
442 598 85 19 hvarför
543 597 138 20 kommunala
696 597 147 24 reglementen

90 625 41 20 och
153 625 94 24 stadgar,
270 626 37 19 der
326 626 25 19 de
369 626 47 19 icke
433 626 106 20 innehålla
555 626 222 25 vitesbestämningar,
793 626 50 19 eller

90 653 35 20 stä
147 654 6 18 i
172 655 52 18 strid
242 655 50 19 med
310 655 274 23 kommunalföroräningen
603 655 50 20 eller
671 655 56 19 hvad
742 655 35 23 lag
793 654 50 24 eljes

90 683 94 24 stadgar,
202 683 62 20 skola
278 683 142 20 underställas
435 689 26 14 en
476 683 124 20 tidsödande
616 683 39 20 och
670 683 83 24 ganska
768 683 75 20 vansk-

90 711 29 24 lig
129 711 103 25 pröfning,
244 711 67 25 vägar
319 712 37 24 jag
369 712 3 19 i
382 713 41 19 den
433 712 139 20 kommunala
581 712 164 24 sjelfstyrelsens
753 712 90 19 intresse

91 739 83 20 förorda
190 740 91 25 följande
296 741 175 24 omformulering
486 741 24 20 af
523 741 41 20 110
579 741 21 22 $:

296 787 109 19 Kommun
427 792 46 19 eger
494 787 33 23 sig
545 786 32 20 till
595 786 141 20 efterrättelse
753 786 36 19 vid
804 787 40 19 den

228 815 140 20 kommunala
390 815 156 24 förvaltningen
566 816 79 23 antaga
662 815 131 24 reglemente
807 815 36 19 och

228 843 93 26 stadgar,
340 849 44 15 som
403 844 19 23 ej
437 843 35 20 stä
487 844 6 19 i
508 844 53 19 strid
576 844 49 19 med
641 844 68 19 denna
724 843 121 23 förordning

228 872 50 19 eller
301 873 57 19 hvad
380 872 35 24 lag
434 872 50 25 eljes
502 872 83 25 bjuder;
600 872 50 19 dock
664 872 58 19 skola
737 872 107 19 desamma

227 901 134 24 fullständigt
375 899 99 26 delgifvas
488 901 137 19 Guvernören
640 901 7 18 i
661 901 65 18 länet.

159 986 72 19 Jemte
249 986 101 20 anmälan
368 987 33 20 att
417 987 37 24 jag
469 987 31 20 till
514 987 50 24 följd
579 986 24 20 af
615 987 41 18 den
671 993 12 13 å
698 986 45 24 mig
758 985 86 20 ankom-

91 1014 78 20 mande
184 1015 93 20 revision
292 1015 24 20 af
328 1015 99 20 Finlands
442 1016 61 19 Bank
519 1015 55 20 varit
584 1015 122 20 förhindrad
717 1015 33 19 att
760 1014 85 23 deltaga

91 1043 6 19 i
113 1042 199 25 slutbehandlingen
328 1044 24 19 af
365 1045 58 19 vissa
437 1044 59 20 delar
505 1044 24 19 af
537 1043 158 24 författningen,
707 1043 40 20 och
755 1042 90 21 sålunda

90 1071 63 20 bland
169 1072 67 19 annat
250 1073 47 19 icke
311 1073 127 20 medverkat
452 1073 31 19 till
497 1072 118 21 utskottets
630 1072 67 20 beslut
712 1072 7 19 i
733 1071 61 25 fråga
809 1076 35 15 om

92 1099 25 24 $$
140 1100 33 23 24,
193 1101 24 19 81
238 1101 39 19 och
297 1101 33 24 39,
346 1101 32 20 får
392 1102 36 23 jag
443 1101 100 24 slutligen
557 1101 111 19 vördsamt
682 1099 163 25 tillkännagifva

92 1128 33 20 att
147 1129 154 20 ofvanstående
324 1129 24 20 af
366 1131 45 23 mig
428 1130 121 23 föreslagna
566 1129 162 24 formuleringar
747 1129 46 19 icke
808 1131 37 16 äro

91 1157 74 24 gjorda
181 1157 49 20 med
246 1159 67 18 annat
328 1158 99 24 anspråk,
442 1161 28 16 än
485 1159 38 22 att,
540 1158 36 19 der
591 1158 25 19 de
632 1157 22 20 af
667 1157 83 24 sakliga
758 1156 47 21 skäl
812 1157 33 18 be-

91 1185 70 20 finnas
184 1185 114 25 antagliga,
322 1191 77 19 genom
422 1186 123 20 återremiss
566 1185 142 21 underställas
727 1185 118 20 utskottets

91 1214 74 19 vidare
180 1215 133 24 behandling.

572 1239 23 23 V.
611 1239 26 23 M.
653 1245 42 17 von
712 1239 65 22 Born.

162 1295 9 18 I
191 1294 153 21 ofvanstående
359 1294 137 23 reservation,
512 1293 71 21 såvidt
597 1296 35 17 rör
647 1293 24 22 $$
687 1293 33 24 12,
736 1293 28 19 82
779 1297 66 15 mom.

95 1323 10 19 1
122 1323 54 20 sista
191 1329 63 18 men.,
274 1323 34 24 84,
324 1323 25 20 91
366 1324 40 19 och
428 1323 27 19 95
470 1323 85 19 förenar
569 1323 33 22 sig
617 1321 164 24 undertecknad,
796 1321 50 19 med

93 1351 102 19 anmälan
211 1352 33 19 att
256 1351 37 24 jag
303 1351 47 20 icke
360 1350 89 25 deltagit
458 1350 7 19 i
476 1351 40 19 den
527 1349 85 25 slutliga
623 1349 155 24 behandlingen
788 1349 26 19 bl.
826 1354 19 14 a.

93 1379 24 20 af
129 1380 13 22 8
157 1379 34 20 38.

545 1406 119 21 Alexander
679 1406 98 24 Aminoff.

162 1451 208 19 Kommunalutskottets
381 1450 111 19 betänkande
503 1450 34 19 N:o
549 1450 16 18 1.

864 595 15 28 8
896 594 47 23 110.
