1034 1709
284 128 84 23 Ständ.
383 128 37 23 Sv.
436 141 28 3 —
479 130 73 26 Prop.
567 128 41 24 N:o
623 130 22 21 6.
811 130 28 19 45

86 194 36 21 för
144 196 122 19 stämmans
288 193 105 22 hällande
416 195 42 21 och
478 194 102 22 meddele
598 194 38 22 det
653 193 187 23 kommunerna
826 189 18 36 i

86 229 24 19 sä
128 228 46 27 god
196 227 39 26 tid,
259 230 33 18 att
314 227 147 29 fullmäktige,
480 230 74 19 säsom
568 228 9 21 i
592 228 61 22 detta
667 228 86 28 kapitel
768 231 71 25 säges,

86 262 70 20 hinna
172 262 74 21 därtill
261 265 69 18 utses.

433 349 26 19 51
476 347 20 28 &.

154 405 46 21 För
222 404 70 29 öfrigt
312 404 58 29 gälle
384 403 9 22 i
408 405 106 21 afseende
530 406 13 20 å
557 412 130 21 gemensam
701 405 139 21 kommunal-

86 441 94 19 stämma
196 438 34 21 uti
244 439 133 28 tillämpliga
392 439 63 22 delar
470 439 33 21 till
516 439 150 22 efterrättelse
676 439 62 22 hvad
748 439 8 21 i
766 439 75 21 denna

85 473 136 28 förordning
243 481 37 14 om
301 473 226 22 kommunalstämma
549 474 43 21 och
615 473 71 22 andra
705 473 136 22 hithörande

86 507 194 29 omständigheter
296 507 107 28 stadgadt
418 511 30 18 är.

413 642 23 21 V
451 642 62 27 Kap.

302 697 46 22 Om
366 697 259 22 kommunalnämnd.

433 769 27 18 52
476 767 20 28 $.

154 818 12 21 I
188 818 79 28 hvarje
288 818 176 21 landskommun
486 819 57 20 skall
561 818 74 21 finnas
656 825 28 14 en
702 818 139 22 kommunal-

85 852 91 26 nämnd,
200 860 48 14 som
270 852 8 21 i
301 852 99 29 enlighet
422 853 52 22 med
494 852 199 29 bestämningarna
715 852 34 22 uti
767 852 74 22 denna

85 887 136 28 förordning
244 887 43 22 och
308 887 28 22 de
354 887 148 26 föreskrifter,
518 887 77 22 hvilka
610 888 77 21 kunna
703 887 24 21 af
740 887 101 21 kommu-

84 921 134 22 nalstämma
241 922 54 21 eller
319 929 75 14 annan
415 922 135 29 myndighet
567 921 99 29 lagligen
681 921 110 28 päbjudas
807 921 34 21 till

85 957 156 25 efterrättelse,
264 957 104 21 handhar
384 956 168 29 förvaltningen
568 957 63 21 inom
645 957 144 24 kommunen,
804 955 36 22 be-

85 991 71 22 vakar
176 991 52 22 dess
250 998 167 21 gemensamma
437 991 98 22 fördelar
550 993 57 19 samt
622 990 34 21 till
670 990 171 28 verkställighet

85 1025 119 22 befordrar
218 1025 239 22 kommunalstämmas
472 1025 75 22 beslut
561 1025 43 22 och
619 1025 176 21 förordnanden.

154 1059 54 22 Med
219 1059 108 22 afseende
338 1061 12 19 ä
359 1059 44 22 den
413 1059 244 22 kommunalnämnden
667 1059 119 28 äliggande
796 1059 45 22 för-

85 1094 105 28 valtning
206 1093 88 22 indelar
312 1094 241 21 kommunalstämman
569 1094 139 21 kommunen
721 1093 8 21 i
744 1093 96 26 distrikt,

87 1128 24 21 af
130 1128 78 21 hvilka
222 1128 69 21 hvart
307 1128 43 21 och
365 1130 33 19 ett
412 1129 46 21 stär
473 1128 72 22 under
561 1128 78 28 tillsyn
654 1128 23 21 af
691 1129 77 27 nägon
782 1128 59 22 leda-

85 1165 48 19 mot
147 1163 8 20 i
170 1163 122 21 nämnden.

434 1238 28 19 53
477 1236 21 28 &.

155 1293 254 22 Kommunalnämnden
438 1293 85 29 åligger
553 1295 32 19 att
614 1292 119 22 förbereda
758 1293 83 29 frågor,

86 1328 78 20 hvilka
186 1328 228 21 kommunalstämma
436 1328 53 21 eller
511 1328 51 21 dess
585 1327 136 22 ordförande
738 1327 9 21 i
762 1327 80 22 sådant

86 1361 107 21 afseende
215 1361 34 21 till
269 1362 114 21 nämnden
402 1361 148 22 öfverlemnat
568 1360 53 21 eller
637 1360 78 22 hvilka
730 1360 23 22 af
768 1361 74 21 denna

86 1395 35 22 till
138 1398 122 19 stämmans
284 1396 140 28 behandling
444 1395 144 29 hänskjutas;
609 1395 88 29 afgifve
715 1395 44 22 ock
773 1395 69 22 infor-

88 1430 69 22 drade
176 1430 162 22 betänkanden
355 1431 8 21 i
381 1431 138 21 kommunen
533 1430 96 22 rörande
645 1429 196 29 angelägenheter:
