1045 1714
209 137 26 21 42
518 136 41 21 N:o
575 137 19 21 6.

180 204 87 27 svikligt
289 203 122 22 förfarande
434 204 52 21 eller
504 210 69 15 annan
588 204 118 26 oredlighet
720 204 97 26 beträdd,
832 206 24 18 är
871 204 59 21 kom-

181 238 165 22 munalstämma
360 238 123 26 berättigad
499 240 31 19 att
545 238 76 21 honom
637 238 47 21 frän
696 237 114 22 utöfvande
820 238 24 21 af
853 238 77 21 befatt-

181 273 76 27 ningen
281 272 80 22 afhälla
374 272 65 27 jemte
455 272 36 22 det
506 273 65 21 saken
586 272 152 27 ofördröjligen
754 272 53 21 skall
823 272 33 21 till.
872 272 59 21 dom-

182 307 52 21 stols
260 306 129 28 behandling
412 306 141 22 öfverlemnas
576 306 38 22 och
637 306 72 22 derom
731 306 39 22 hos
793 306 137 22 Guvernören

180 341 103 22 anmälas.

520 371 41 21 110
576 370 18 28 8.

249 410 112 27 Kommun,
386 417 44 15 som
455 411 80 21 önskar
557 411 33 27 sig
611 410 33 22 till
667 410 143 22 efterrättelse
832 410 36 22 vid
890 410 40 22 den

181 446 135 22 kommunala
331 445 155 28 förvaltningen
501 446 84 22 utfärda
594 446 135 27 reglemente,
741 452 50 20 eger
800 446 131 21 underställa

181 480 81 27 förslag
281 480 72 22 dertill
368 480 149 22 Guvernörens
532 481 7 21 i
554 481 57 21 länet
625 480 105 28 pröfning,
746 481 39 21 och
801 480 34 22 mä
850 480 80 22 Guver-

181 516 72 25 nören,
270 521 33 15 om
319 515 42 21 han
377 515 66 21 finner
458 515 102 27 förslaget
575 515 17 27 ej
607 515 34 22 stä
655 516 7 20 i
677 515 54 21 strid
745 516 47 20 med
809 516 70 21 denna
889 516 42 21 för-

182 549 91 28 ordning
295 550 51 21 eller
368 550 55 21 hvad
445 551 34 26 lag
502 551 61 26 eljest
578 550 93 27 stadgar,
687 551 117 21 detsamma
819 551 33 21 till
868 551 63 21 efter-

180 584 89 21 rättelse
285 584 110 22 stadfästa.

249 647 11 22 I
281 647 73 22 Näder
375 647 99 28 godkänd
493 649 13 20 &
525 648 75 22 slottet
614 648 108 21 Balmoral
738 648 39 21 den
794 649 26 20 12
836 647 95 28 Septem-

180 682 38 21 ber
235 683 61 20 1896.

380 746 285 22 Ministerstatssekreterare
680 747 27 21 W.
714 752 45 21 von
776 746 86 22 DAEHN.

302 1452 124 23 Helsingfors,
439 1453 104 23 Kejserliga
555 1453 90 19 Senatens
657 1454 87 22 tryckeri,
757 1455 49 17 1896.
