1039 1714
197 143 29 21 74
424 143 28 22 U.
468 143 27 21 B.
510 155 28 2 —
552 142 74 27 Prop.
642 141 41 23 N:o
697 141 22 22 6.

334 217 47 15 som
396 211 86 21 tecknas
497 210 15 23 å
527 211 117 27 afskriften
656 209 65 28 jemte
735 210 89 27 uppgift
839 215 34 16 om
884 209 65 26 tiden,

334 239 30 22 dä
386 239 148 22 besväranden
555 238 88 26 erhållit
663 239 99 26 utslaget,
785 238 108 21 meddelas
908 238 41 21 den

335 269 29 26 af
375 269 161 26 ofvannämnde
551 267 140 27 ordförande,
705 273 47 15 som
767 267 108 21 vederbör.
897 267 52 21 Der-

334 297 54 27 efter
410 297 62 28 skall,
490 297 83 27 jemväl
588 302 77 21 genom
679 296 214 26 kronobetjeningens
905 296 45 27 för-

336 332 58 21 sorg,
417 326 9 21 i
447 326 144 21 kommunens
615 325 72 26 kyrka
708 325 51 21 eller
787 324 83 27 kyrkor
898 325 52 20 kun-

338 356 74 25 göras,
428 355 129 21 hvarstädes
571 354 119 27 afskriften
697 353 69 27 blifvit
776 353 116 27 aflemnad,
903 353 48 21 med

336 383 156 22 underrättelse
507 383 70 21 tillika
592 383 32 21 att
638 382 89 27 enhvar,
746 388 48 15 som
808 382 68 21 saken
891 381 60 28 angå

336 411 52 28 kan,
403 418 50 21 eger
468 413 28 26 af
506 412 94 26 utslaget
615 412 53 25 taga
682 411 88 26 behöflig
785 411 97 27 afskrift.
910 410 41 22 Och

338 447 65 15 anses
417 441 26 21 de
458 441 28 27 af
496 441 145 21 kommunens
655 439 149 26 medlemmar,
823 445 47 16 som
885 439 44 22 icke
944 440 8 20 i

336 469 104 22 besvären
454 469 95 27 deltagit,
572 469 68 26 hafva
653 467 44 28 fått
711 468 34 21 del
759 469 29 26 af
799 468 94 27 utslaget
910 468 42 21 den

339 498 51 27 dag,
414 498 29 21 då
465 498 144 27 kungörelsen
631 497 142 27 afkunnades
787 497 8 21 i
809 497 144 22 kommunens

338 527 71 26 kyrka
424 527 56 26 eller,
496 527 39 21 der
548 527 51 26 flere
613 525 82 28 kyrkor
707 526 82 26 finnas,
804 526 9 21 i
822 526 42 21 den
873 526 78 26 kyrka,

338 556 40 21 der
399 556 41 21 den
462 557 40 20 sist
523 555 120 27 upplästes,
661 555 58 21 samt
739 555 214 21 kommunalnämnad

339 585 51 20 eller
412 591 76 14 annan
510 583 256 27 kommunalmyndighet
788 584 41 21 den
850 584 50 26 dag,
923 583 28 22 då

338 613 50 21 dess
403 613 133 27 ordförande
552 612 68 22 erhöll
635 612 92 27 afskrift
741 612 29 27 af
781 612 100 27 utslaget.

643 668 81 23 Robert
741 668 143 23 Hermanson.

274 729 9 19 I
299 728 133 21 förestående
454 729 139 25 reservation,
609 728 70 20 såvidt
694 728 40 20 den
749 728 66 24 angår
831 728 26 20 13
873 728 39 20 och
929 728 25 19 18

202 758 32 25 $8,
249 758 73 20 förena
338 758 38 24 sig.

272 812 22 22 N.
312 812 124 28 Karlsberg.
655 811 111 23 Johannes
783 811 101 23 Ilmanen.

271 872 165 20 Undertecknad
451 872 92 20 biträder
558 871 153 21 ofvanstäende
730 872 132 20 reservation
877 872 7 19 i
899 872 56 19 hvad

204 902 40 19 den
260 900 66 25 angär
342 901 26 19 18
384 901 18 22 $.

721 938 55 22 Juho
791 938 94 28 Torppa.

546 1069 74 28 VIL.

274 1128 39 19 Vid
331 1128 155 24 behandlingen
502 1128 23 20 af
538 1128 47 20 nåd.
601 1128 156 24 propositionen
773 1128 110 24 angående
899 1129 57 19 kom-

206 1156 202 24 munalförvaltning
426 1156 27 25 pä
471 1157 73 20 landet
558 1158 39 19 har
612 1157 248 20 Kommunalutskottets
876 1158 82 23 majori-

206 1186 32 19 tet
260 1186 6 19 i
288 1186 58 19 vissa
366 1185 56 20 delar
440 1186 88 20 stannat
546 1186 6 19 i
567 1186 76 24 beslut,
659 1186 48 19 dem
721 1186 37 24 jag
773 1186 46 20 icke
833 1186 83 20 kunnat
931 1186 27 19 bi-

207 1214 66 20 träda.
302 1214 41 24 Jag
366 1213 94 20 anhäller
482 1214 80 20 derföre
584 1214 33 20 att
639 1214 88 20 härmed
746 1214 21 20 fä
781 1215 177 19 reservationsvis

207 1242 119 24 framlägga
350 1242 46 19 min
418 1243 112 19 afvikande
552 1243 135 23 uppfattning
709 1243 131 19 beträffande
863 1244 95 23 antydda

207 1270 187 23 omständigheter.

149 1294 51 29 18.
275 1298 45 19 Den
343 1298 123 19 nuvarande
488 1298 283 24 kommunalförvaltningen
792 1298 27 24 pä
838 1298 72 20 landet
929 1301 29 21 är,

208 1325 72 20 säsom
303 1326 71 23 kändt,
397 1326 57 19 hvad
473 1326 168 19 kommunernas
659 1326 115 20 territorier
792 1326 106 24 beträffar,
915 1326 44 20 helt

208 1355 39 19 och
262 1353 66 21 hället
342 1354 56 25 bygd
413 1354 27 25 pä
455 1355 40 19 den
510 1355 23 19 af
546 1354 58 20 älder
619 1354 114 21 bestäende
749 1355 97 24 kyrkliga
860 1355 99 20 indelnin-

208 1389 40 19 gen
263 1383 6 20 i
284 1383 243 25 församlingsomräden,
543 1383 86 20 hvarför
644 1384 73 24 hvarje
733 1384 85 20 socken-
834 1385 40 20 och
883 1384 76 25 kapell-

208 1412 124 25 församling
347 1412 65 25 enligt
426 1412 72 24 regeln
513 1412 65 21 tillika
596 1412 66 20 bildar
672 1418 27 15 en
708 1413 132 25 sjelfständig
848 1413 111 20 kommun.

276 1450 206 18 Kommunalutskottets
494 1450 111 19 betänkande
616 1450 34 19 N:o
663 1451 15 17 1.
