1034 1714
192 146 29 19 64
387 143 82 23 Ständ.
485 143 39 23 Sv.
538 156 28 3 —
580 144 74 26 Prop.
669 143 43 22 N:o
726 143 22 22 6.

192 209 65 28 fråga
275 216 37 14 om
327 209 227 21 öfverenskommelse
569 209 54 21 eller
637 208 131 28 förlikning,
784 208 114 22 verkande
913 208 34 21 till

193 243 98 28 ändring
313 242 53 22 eller
387 242 165 29 inskränkning
575 242 33 22 uti
631 242 44 22 den
697 244 44 19 rätt
758 242 138 22 kommunen
913 242 34 22 till

193 277 70 23 sådan
278 277 107 29 fastighet
401 277 53 21 eller
469 276 89 22 förmån
573 284 59 21 eger.

261 312 80 22 Beslut
363 312 52 21 eller
438 312 91 28 förslag,
551 312 87 22 hvilket
661 311 41 22 bör
720 311 149 22 underställas
887 311 60 28 pröf-

192 346 57 29 ning
271 346 25 22 af
316 346 110 22 Senatens
450 346 288 28 Ekonomiedepartement,
762 346 57 21 skall
840 345 107 22 insändas

192 381 35 23 till
246 384 151 26 guvernören,
416 389 48 14 som
481 382 41 21 har
538 384 32 19 att
585 380 165 30 handlingarna
763 380 69 29 jämte
848 383 51 26 eget
913 383 34 19 ut-

192 417 91 21 låtande
298 416 34 21 till
346 416 186 28 Departementet
547 416 144 22 öfverlemna.

540 516 26 20 98
582 514 21 28 8.

263 566 160 20 Guvernörens
441 565 110 29 pröfning
566 565 64 22 skola
644 565 150 21 underställas
810 564 138 22 kommunal-

193 603 105 19 stämmas
321 600 74 22 beslut
417 600 7 21 i
444 600 27 21 de
491 600 105 25 ärenden,
612 607 36 14 om
664 599 78 22 hvilka
757 599 79 22 sådant
851 599 8 21 i
875 600 73 21 denna

193 634 135 29 förordning
350 634 107 22 särskildt
478 634 154 26 föreskrifves,
656 637 58 18 samt
734 634 115 22 dessutom
866 634 81 26 beslut,

193 676 49 14 som
264 670 70 27 angår
357 668 106 22 bildande
486 669 25 22 af
530 668 244 29 brandstodsförening
799 668 52 22 eller
869 670 79 27 uppta-

192 703 74 29 gande
282 704 24 20 af
320 703 44 25 lån,
380 703 68 22 stäldt
463 704 29 28 på
506 703 78 28 längre
600 702 210 29 återbetalningstid
826 706 29 18 än
869 703 32 21 tio
917 704 30 20 år.

263 738 43 21 Till
324 740 155 26 guvernörens
498 737 108 29 pröfning
622 738 166 21 öfverlemnadt
802 737 75 21 beslut
892 737 57 22 skall

193 772 122 22 fastställas
338 772 147 22 oförändradt
507 772 53 22 eller
579 772 85 28 ogillas.
696 772 87 28 Vägras
799 772 148 24 fastställelse,

194 806 110 29 uppgifve
319 808 144 26 guvernören
478 806 78 22 skälen
572 806 80 26 därtill,
668 806 44 21 och
728 809 24 18 är
763 806 37 22 det
809 806 139 22 kommunal-

193 844 94 18 stämma
310 840 105 29 obetaget
437 843 39 22 att,
499 848 37 14 om
558 840 45 22 den
625 843 47 19 tror
695 840 37 28 sig
750 840 73 22 därtill
841 840 40 29 fog
899 848 48 21 ega,

194 875 64 22 öfver
276 875 86 29 vägrad
384 875 142 22 fastställelse
545 875 79 21 anföra
642 874 84 29 klagan
741 874 9 21 i
765 875 110 21 Senatens
890 875 58 22 Eko-

193 910 238 28 nomiedepartement.

540 986 26 20 99
584 984 21 28 S.

262 1036 71 26 Hvar,
349 1043 48 14 som
412 1036 50 22 icke
477 1036 65 28 nöjes
558 1037 21 20 åt
594 1036 80 25 beslut,
691 1035 83 23 fattadt
792 1036 4 22 i
810 1036 138 22 kommunal-

193 1073 101 23 stämma,
318 1070 25 22 af
363 1070 277 29 kommunalfullmäktige,
661 1071 217 21 kommunalnämnd
896 1072 53 21 eller

193 1105 212 29 pröfningsnämnd,
422 1105 52 21 eller
490 1106 49 25 ock,
555 1105 8 21 i
578 1105 38 21 det
632 1106 39 20 fall
686 1107 27 19 20
729 1106 14 28 &
758 1106 97 28 stadgar,
866 1106 25 22 af
899 1106 50 22 ord-

194 1140 111 21 föranden
323 1139 8 21 i
348 1139 247 26 kommunalstämman,
615 1147 53 20 eger
684 1142 45 19 rätt
744 1142 32 20 att
792 1140 105 22 däröfver
912 1148 37 14 an-

193 1174 51 21 föra
262 1174 112 28 skriftliga
396 1174 87 25 besvär,
502 1174 78 23 hvilka
595 1173 63 22 skola
674 1174 25 21 af
712 1174 45 21 den
771 1174 111 28 klagande
898 1174 53 28 själf

194 1209 54 21 eller
265 1209 57 21 hans
345 1208 99 29 lagligen
463 1209 92 21 tillsatta
570 1209 84 21 ombud
669 1208 73 22 tillika
756 1209 52 22 med
823 1209 38 21 det
877 1209 72 22 öfver-

193 1243 96 28 klagade
311 1243 98 22 beslutet
431 1243 34 21 till
487 1246 143 25 guvernören
652 1243 110 21 inlemnas
785 1243 62 21 inom
865 1243 83 25 trettio,

193 1284 52 15 men
267 1277 36 21 för
321 1270 75 28 Äland
414 1277 42 21 och
475 1277 159 28 Lappmarken
648 1276 62 22 inom
726 1277 132 28 fyratiofem
873 1277 76 28 dagar,

193 1318 49 14 som
265 1311 92 21 räknas:
381 1311 20 27 1)
419 1310 49 22 ifall
485 1311 97 22 beslutet
600 1310 76 22 blifvit
692 1311 109 28 antingen
814 1311 112 28 justeradt
941 1311 8 22 i

194 1345 44 22 den
261 1345 99 29 ordning
377 1347 27 20 26
425 1345 43 22 och
486 1347 26 20 27
529 1346 29 29 88
573 1345 119 26 innehålla,
710 1345 53 22 eller
782 1346 4 21 i
800 1346 149 22 kommunens

192 1379 74 30 kyrka
289 1380 53 21 eller
364 1381 86 27 kyrkor
472 1380 132 29 kungjordt,
627 1383 29 26 pä
679 1383 43 19 sätt
747 1381 8 20 i
773 1383 26 19 28
815 1381 14 28 &
847 1388 65 15 mom.
929 1383 20 24 2,

194 1417 58 20 samt
274 1417 34 24 38,
331 1417 27 20 47
382 1415 42 22 och
448 1417 25 19 72
495 1415 30 29 88
547 1415 154 26 föreskrifves,
722 1415 52 22 från
792 1415 44 22 den
855 1415 50 29 dag,
921 1415 29 22 dä

193 1449 44 22 slik
257 1449 114 30 justering
389 1449 52 22 eller
460 1449 136 30 kungörelse
612 1451 68 25 skett;
705 1452 22 27 2)
743 1451 8 20 i
767 1450 106 22 händelse
888 1451 61 22 kom-
