1034 1714
61 281 20 18 R.
94 281 19 18 B.
128 283 26 16 11:
167 281 16 18 2.

61 695 20 18 R.
93 695 21 18 B.
130 697 26 16 11:
169 697 16 16 4.

228 145 12 20 8
396 143 82 23 Ständ.
494 143 38 23 Sv.
547 156 29 3 —
590 143 73 28 Prop.
679 143 41 22 N:o
735 143 21 21 2.

199 209 126 21 stämmelse
347 209 92 20 härmed
460 209 41 21 har
524 209 69 28 sagda
615 208 101 28 paragaf,
732 215 49 14 som
795 207 50 21 icke
860 207 91 21 beröres

198 243 24 22 af
237 243 44 22 den
296 243 83 29 nådiga
394 243 178 28 propositionen,
588 242 188 21 omformulerats.

267 277 78 29 Enligt
369 278 43 21 den
433 277 8 22 i
461 277 171 29 propositionen
654 277 129 27 föreslagna
804 275 103 29 lydelsen
929 275 23 22 af

200 312 74 22 denna
295 313 109 28 paragraf
423 315 66 25 göres
512 311 33 23 uti
563 311 44 22 mål
622 311 117 28 angående
754 310 130 29 fordringar
899 310 53 22 eller

198 346 91 22 lösören
302 347 137 28 rättigheten
453 349 32 19 att
495 347 104 28 begagna
609 345 98 28 muntlig
717 345 113 29 stämning
840 345 112 21 beroende

199 381 25 21 af
237 381 197 22 tvisteföremålets
446 381 77 26 värde,
535 380 95 23 sålunda
644 383 33 18 att
687 380 62 21 detta
758 379 8 22 i
776 383 26 25 ty
809 379 40 22 fall
859 379 20 28 ej
891 379 60 28 finge

199 415 125 28 öfverstiga
339 415 140 28 fyrahundra
493 415 70 22 mark.
594 415 127 22 Ständerna
736 415 69 21 hafva
821 414 64 25 dock,
901 413 52 22 med

200 449 105 22 afseende
321 451 13 20 å
349 449 92 30 möjliga
463 449 143 29 olägenheter
626 449 23 21 af
664 449 99 28 skriftlig
778 448 125 29 stämnings
918 450 35 19 ut-

200 484 133 22 sträckande
355 484 33 21 till
411 487 31 18 ett
465 484 66 21 altför
554 486 57 19 stort
634 484 60 21 antal
711 483 50 26 mål,
776 486 56 19 trott
849 483 34 28 sig
898 483 55 21 böra

198 518 53 28 höja
267 519 74 20 denna
355 521 68 25 gräns
438 518 34 21 till
489 518 128 21 sexhundra
632 518 69 21 mark.
732 517 115 28 Derjemte
862 518 41 20 har
918 519 34 19 ut-

199 553 90 27 trycket
312 569 9 10 ,
325 553 50 25 mål,
399 560 47 14 som
463 555 58 26 angä
536 552 129 29 fordringar
681 552 52 21 eller
748 552 102 21 lösören*
867 554 86 19 ansetts

199 586 78 22 kunna
299 587 63 28 gifva
384 587 123 28 anledning
524 587 34 21 till
577 587 71 21 sådan
662 586 112 29 tolkning,
791 589 32 19 att
839 586 66 22 civila
921 593 32 14 er-

199 621 192 29 sättningstvister
414 621 50 22 icke
487 621 113 22 derunder
617 621 141 28 inbegrepes.
789 621 43 22 Till
847 621 106 28 förebyg-

198 656 74 29 gande
288 656 67 22 häraf
367 656 40 21 har
423 656 149 29 paragrafens
586 656 87 29 lydelse
689 656 152 29 förtydligats.

267 691 75 22 Jemte
365 691 37 22 det
425 691 44 22 den
484 691 84 29 nådiga
583 691 172 29 propositionen
768 691 125 21 innehåller
908 691 45 21 för-

199 725 48 29 slag
270 733 36 14 om
328 726 147 22 förkortande
498 727 25 20 af
542 728 70 27 några
635 726 24 21 af
681 726 28 21 de
726 726 9 21 i
749 726 75 21 denna
846 725 109 29 paragraf

198 760 98 21 nämnda
311 760 191 29 stämningstider,
518 764 24 18 är
558 769 39 14 sex
610 761 120 21 månaders
746 760 161 29 stämningstid
921 759 32 22 bi-

198 794 104 22 behållen
323 795 36 21 för
381 797 64 19 utom
466 795 100 22 Finland
587 795 88 21 boende
691 795 168 28 svarandepart.
889 795 12 21 I
916 795 37 20 be-

198 829 121 22 traktande
334 829 25 22 af
371 829 106 22 nutidens
492 830 60 28 goda
567 829 221 22 kommunikationer
803 830 69 21 hafva
888 830 65 21 Stän-

199 864 70 21 derna
293 864 58 21 dock
375 867 78 23 ansett,
478 867 33 19 att
532 871 115 22 personer,
663 864 90 21 bosatta
769 866 64 19 utom
848 864 104 26 Finland,

198 906 52 14 men
265 898 62 21 inom
342 899 97 28 Europa,
459 907 54 14 vore
531 899 132 28 tillräckligt
677 899 100 28 betjenta
792 899 52 22 med
859 902 34 19 tre
908 900 45 21 må-

198 933 82 22 naders
303 933 166 28 stämningstid,
492 935 119 20 hvaremot
633 941 29 14 en
683 933 34 22 tid
740 934 25 21 af
785 941 38 14 sex
846 934 106 21 månader

198 968 77 21 kunde
289 967 124 22 bibehållas
429 968 34 21 för
479 969 57 26 dem,
554 975 48 14 som
616 969 71 21 vistas
703 971 64 18 utom
781 969 98 28 Europa.

267 1002 78 29 Enligt
368 1003 43 22 den
427 1003 93 28 lydelse,
536 1010 49 15 som
599 1002 8 22 i
622 1003 45 22 den
681 1003 84 28 nådiga
780 1003 173 29 propositionen

198 1037 79 28 gifvits
299 1039 23 20 åt
337 1039 13 20 4
366 1037 21 29 8,
401 1045 55 14 vore
478 1038 118 21 käranden
611 1038 91 28 skyldig
717 1040 32 19 att
764 1038 45 21 låta
825 1038 127 21 svaranden

198 1072 23 21 få
237 1071 113 29 stämning
365 1072 87 28 fjorton
467 1073 70 28 dagar
552 1073 48 21 före
616 1073 84 28 tingets
715 1072 87 29 början,
818 1073 134 28 stämnings-

198 1106 75 28 dagen
294 1106 117 21 inräknad.
441 1107 37 20 Då
501 1107 61 21 detta
584 1107 126 28 stadgande
731 1107 71 21 likväl
823 1107 8 21 i
849 1107 59 28 följd
930 1107 24 21 af

199 1140 51 21 dess
273 1140 148 29 formulering
443 1140 40 22 lätt
506 1141 77 21 kunde
605 1140 63 29 gifva
691 1141 124 28 anledning
836 1141 35 21 till
893 1141 60 22 olika

198 1175 105 28 tolkning
319 1175 42 20 och
377 1175 118 22 osäkerhet
513 1175 8 21 i
535 1175 180 28 tillämpningen,
738 1178 57 19 samt
817 1175 136 29 stadgandet

197 1209 51 22 icke
262 1209 70 22 heller
347 1211 142 26 sammangår
504 1210 52 21 med
572 1209 44 22 den
631 1209 129 29 föreslagna
779 1209 173 29 bestämningen

198 1251 38 14 om
251 1243 99 28 skriftlig
365 1244 124 27 stämnings
505 1243 109 22 ställande
626 1245 12 20 å
647 1244 47 21 viss
706 1245 44 26 dag
760 1245 23 20 af
793 1245 79 27 tinget,
883 1245 70 21 hafva

199 1277 127 21 Ständerna
344 1276 76 21 funnit
436 1277 48 21 skäl
499 1277 111 28 föreligga
624 1277 36 21 för
676 1280 32 19 ett
723 1278 135 27 återgående
873 1278 35 21 till
921 1278 30 21 la-

198 1318 55 21 gens
276 1311 161 28 ursprungliga
451 1313 53 19 text.
534 1311 179 28 Bestämningen
728 1311 8 21 i
750 1319 32 13 nu
797 1312 104 28 gällande
915 1312 38 29 lag

198 1353 37 14 om
257 1345 86 28 fjorton
366 1345 81 28 dagars
470 1345 160 29 stämningstid
650 1345 35 22 för
705 1347 50 25 den,
772 1353 48 15 som
834 1347 42 21 bor
891 1346 62 22 inom

197 1379 100 26 häradet,
313 1380 40 21 har
369 1379 8 21 i
392 1380 44 21 den
451 1380 85 28 nådiga
551 1380 171 29 propositionen
737 1383 80 20 ersatts
833 1381 52 22 med
899 1389 52 13 ena-

198 1414 75 22 handa
296 1414 159 28 stämningstid
478 1415 35 21 för
536 1415 50 25 den,
610 1422 48 14 som
677 1415 41 22 bor
740 1416 63 21 inom
823 1416 128 28 tingslaget.

198 1449 36 22 Dä
249 1449 74 21 denna
338 1449 147 28 formulering
500 1449 50 22 icke
566 1457 68 20 synes
649 1457 55 14 vara
719 1450 74 29 egnad
804 1452 31 19 att
846 1450 107 22 befordra
