1056 1703
331 123 29 22 U.
375 123 27 22 B.
420 136 23 3 —
460 123 73 27 Prop.
548 123 41 23 N:o
606 123 20 22 1.

376 535 204 29 Reservation.

170 605 35 22 Då
225 605 40 28 jag
287 605 48 21 icke
356 605 44 22 kan
422 605 57 22 finna
499 606 34 21 att
547 604 164 23 hufvudtanken
726 604 7 22 i
749 605 55 21 1894
820 605 37 22 års

102 639 104 22 Ständers
229 639 150 28 underdåniga
399 639 90 27 petition
504 639 8 22 i
527 639 61 22 detta
603 639 85 28 vigtiga
704 641 61 20 ämne
780 639 77 22 vunnit

101 673 39 22 sitt
161 673 82 28 riktiga
265 674 88 26 uttryck
372 674 8 21 i
396 674 41 21 den
452 674 81 27 nådiga
548 674 165 27 propositionen,
730 674 52 21 eller
796 680 37 16 ens
848 674 8 21 i

101 708 124 22 Utskottets
243 708 144 28 betänkande,
403 708 70 28 vågar
486 708 40 28 jag
540 708 178 22 reservationsvis
732 708 75 22 anföra
817 708 40 22 föl-

99 742 73 28 jande.

169 776 12 22 I
196 776 73 22 stället
284 776 35 22 för
333 777 42 21 den
389 776 95 28 tidigare
499 776 78 27 planen
592 778 34 20 att
638 776 14 22 å
662 776 195 28 lagstiftningsväg

100 810 105 28 förpligta
227 810 215 23 landskommunerna
464 813 33 19 att
519 810 82 23 inrätta
616 817 26 15 en
657 810 55 22 hvar
727 810 129 22 åtminstone

100 852 27 16 en
150 846 68 27 högre
240 845 113 27 folkskola,
377 845 118 21 omfattade
518 845 124 22 Ständerna
661 846 56 20 1894
733 844 40 22 den
788 844 68 22 redan

100 879 109 23 tillförene
231 879 34 22 för
286 880 215 22 stadskommunerna
518 879 101 29 gällande
634 879 53 22 form
704 879 24 21 af
740 880 116 26 skoltvång

100 916 34 20 att
156 914 117 22 folkskolor
294 914 66 22 borde
383 914 92 22 inrättas
497 914 34 22 till
553 914 36 22 det
612 914 66 27 antal,
698 915 34 21 att
746 914 61 27 barn,
822 913 34 22 för

100 948 75 22 hvilka
197 948 86 23 inträde
302 949 8 21 i
328 949 61 21 skola
404 949 69 25 sökes,
489 949 48 22 icke
552 948 81 23 afvisas
648 949 28 26 på
692 949 70 27 grund
777 948 25 22 af
814 948 41 22 bri-

100 983 77 22 stande
192 984 111 26 utrymme.
324 984 44 21 Det
382 990 40 15 var
437 983 84 23 således
536 983 36 22 det
587 983 57 21 inom
659 982 126 22 kommunen
800 982 56 22 före-

100 1017 85 28 fintliga
207 1017 219 28 bildningsbehofvet,
442 1023 43 16 som
501 1018 69 27 enligt
585 1017 71 22 denna
671 1017 91 22 ledande
778 1016 78 28 grund-

100 1053 46 20 sats
161 1051 83 22 komme
259 1054 34 19 att
308 1052 76 27 intaga
399 1051 37 22 det
452 1052 85 22 direkta
552 1052 103 27 tvångets
670 1052 63 27 plats.
763 1051 45 22 För
822 1052 34 21 att

100 1085 119 23 emellertid
241 1086 170 27 planmässighet
432 1086 66 22 redan
514 1086 49 22 från
577 1085 77 28 början
669 1087 68 20 måtte
752 1088 55 25 göra
821 1085 35 28 sig

100 1120 109 28 gällande,
232 1121 69 22 skulle
324 1120 37 22 det
383 1120 37 22 vid
438 1120 164 28 tillämpningen
617 1119 25 22 af
655 1120 69 22 denna
740 1119 116 28 grundsats

101 1154 75 28 åligga
190 1155 153 22 kommunerna
358 1156 33 20 att
406 1155 73 23 indela
493 1155 48 22 sina
556 1154 101 23 områden
668 1155 6 22 i
685 1155 108 21 särskilda
802 1154 53 22 folk-

100 1189 154 28 skoledistrikt,
277 1190 25 21 så
324 1190 99 26 lämpade
446 1192 34 19 att
497 1190 8 22 i
522 1190 61 27 regel
601 1196 26 16 en
643 1189 106 22 folkskola
764 1189 92 22 svarade

100 1226 56 20 emot
173 1224 37 22 det
225 1224 114 28 antagliga
353 1224 103 22 behofvet
470 1224 55 22 inom
541 1224 76 27 hvarje
632 1224 94 22 distrikt.

169 1258 32 22 Af
215 1259 25 21 de
255 1258 107 22 särskilda
377 1259 107 22 Ståndens
499 1259 76 26 beslut,
586 1259 62 22 såväl
658 1265 44 15 som
713 1258 25 22 af
746 1258 111 23 Utskotts-

99 1292 150 22 betänkandet
270 1293 38 22 vid
323 1294 92 20 nämnda
434 1293 111 27 landtdag,
562 1292 97 28 framgår
674 1292 68 28 enligt
756 1292 44 22 min
814 1299 42 16 me-

100 1326 52 27 ning
168 1327 123 26 otvetydigt
307 1327 36 21 det
358 1329 59 19 rätta
431 1327 146 21 förhållandet
587 1328 90 20 emellan
688 1326 77 27 sjelfva
776 1327 80 26 grund-

100 1362 73 19 satsen
188 1360 39 21 och
242 1362 68 19 sättet
325 1360 35 21 för
374 1360 49 21 dess
439 1360 142 28 tillämpning,
597 1361 93 21 änskönt
701 1360 107 21 desamma
819 1362 37 19 äro

99 1393 8 23 i
130 1393 101 23 afseende
256 1394 13 21 å
291 1393 184 28 ordningsföljden
490 1394 125 22 omkastade
630 1394 8 21 i
653 1394 41 22 den
709 1394 28 28 på
752 1400 104 16 samman-

170 1434 206 19 Kommunalutskottets
388 1434 110 18 betänkande
510 1433 33 19 N:o
556 1435 18 17 4.
