1039 1711
315 98 27 22 U.
358 99 26 21 B.
400 111 27 3 —
443 99 71 27 Prop.
529 99 41 22 N:o
586 99 20 21 7.
795 101 15 20 5

88 162 45 15 som
154 155 64 21 redan;
240 155 63 27 något
322 162 46 14 vore
384 156 84 26 vunnet,
484 162 33 15 om
533 156 152 27 landtdagarna
699 156 70 22 kunde
784 163 54 15 sam-

87 190 110 22 manträda
212 190 66 21 under
292 190 56 20 förra
362 190 79 21 hälften
456 190 23 21 af
488 190 83 27 januari
586 190 75 22 månad
676 191 50 21 eller
743 191 95 27 omkring

88 225 40 21 den
145 225 26 21 10
186 224 38 21 och
239 220 77 25 tillåtas
335 224 67 27 fortgå
417 225 22 21 så
453 225 62 27 länge
531 225 115 21 ärendenas
661 225 128 27 behandling
803 226 36 20 det

86 258 88 28 kräfver,
190 258 51 22 dock
257 258 43 21 icke.
316 258 81 21 utöfver
411 258 40 27 maj
467 259 87 21 månads
570 259 85 27 utgång.
678 259 41 21 Det
734 259 38 21 har
787 259 51 21 dock

87 293 59 26 synts
161 293 119 21 Utskottets
289 292 74 26 flertal,
373 299 44 14 som
430 299 33 14 om
474 299 26 14 en
516 293 116 26 väsendtlig
643 292 125 27 förbättring
776 293 22 20 af
803 293 36 21 vil-

87 327 63 20 koren
165 327 32 20 för
208 326 193 27 landtdagsarbetet
408 327 74 20 endast
490 327 65 21 skulle
564 327 66 26 ernås,
639 326 70 21 därest
716 327 122 27 detsamma,

87 361 7 20 i
117 361 71 21 stället
209 361 31 20 för
263 361 31 21 att
316 361 67 26 fortgå
405 361 6 20 i
427 361 30 20 ett
472 361 158 26 sammanhang,
646 361 65 20 skulle
726 361 113 27 lämpligen

88 395 95 28 afbrytas
198 395 32 21 för
245 396 31 20 att
290 395 76 21 bereda
381 396 192 26 representanterne
589 395 38 21 och
635 395 98 21 särskildt
741 395 99 22 utskotts-

87 430 141 21 ledamöterne
244 430 84 21 rädrum
344 430 30 21 att
389 431 50 26 taga
454 430 97 27 grundlig
566 429 115 22 kännedom
698 436 33 15 om
749 430 37 21 och
799 429 41 22 för-

87 465 76 21 bereda
182 465 141 27 föreliggande
343 464 73 27 frågor.
445 464 11 21 I
475 465 58 21 detta
548 464 96 21 afseende
660 465 37 20 har
713 464 34 21 det
762 464 78 27 förslag

87 499 122 26 framstälts,
232 500 30 20 att
284 499 152 27 landtdagarna
452 499 66 21 skulle
533 499 156 21 sammanträda
704 499 67 21 under
785 499 55 21 förra

87 534 81 21 hälften
184 533 22 22 af
219 534 117 26 november,
352 533 50 22 dock
417 533 44 22 icke
477 534 43 21 före
536 534 41 21 den
593 534 33 25 10,
642 534 38 21 och
690 533 97 22 fortsätta
795 533 45 22 sina

90 569 86 21 arbeten
199 569 32 20 till
253 569 79 21 medlet
354 568 22 21 af
397 568 115 26 december,
531 568 104 21 hvarefter
651 568 106 21 desamma
775 568 65 21 skulle

89 604 118 26 ajourneras
222 603 26 27 på
262 603 68 27 någon
345 602 35 22 tid.
410 602 63 22 Detta
488 602 78 28 förslag
580 609 62 21 synes
653 602 100 22 innebära
764 602 77 28 många

88 638 118 27 betydande
228 637 95 21 fördelar.
353 637 37 21 Sin
412 637 65 21 första
500 644 144 14 sammanvaro
659 637 68 21 kunde
744 637 96 21 landtda-

89 679 65 21 garna
169 678 53 21 egna
238 672 20 20 åt
274 672 39 20 den
329 671 65 21 första
408 672 155 27 behandlingen
577 671 7 21 i
600 671 87 21 stånden
703 671 22 21 af
732 671 25 21 de
766 672 74 26 nådiga

89 703 175 31 propositionerna
280 706 55 21 samt
350 705 22 21 af
382 706 57 21 inom
450 706 88 21 stånden
550 706 73 21 väckta
633 706 106 27 petitions-
749 706 38 21 och
798 712 43 15 mo-

88 741 139 26 tionsförslag.
260 740 112 21 Utskotten
389 740 68 21 kunde
472 740 71 27 hinna,
559 740 64 21 innan
638 740 99 21 afbrottet
751 740 7 20 i
773 740 68 21 landt-

89 775 243 28 dagsförhandlingarna,
348 774 64 21 ordna
427 774 45 21 sina
487 775 84 20 arbeten
587 775 38 20 och
638 774 51 21 efter
702 775 86 27 lämplig
799 775 42 20 för-

89 810 85 27 delning
193 809 21 22 åt
232 809 94 21 enskilda
341 809 46 21 dess
403 809 136 22 medlemmar
554 809 107 28 uppdraga
677 815 25 15 en
717 809 123 27 föregående

89 844 115 27 beredning
222 844 23 21 af
261 844 32 20 till
311 843 105 21 utskotten
436 844 132 21 remitterade
588 843 97 21 ärenden.
719 844 122 21 Utskottens

89 880 127 20 sekreterare
235 878 65 22 skulle
320 878 20 21 få
355 878 81 21 tillfälle
452 879 30 20 att
497 879 96 21 utarbeta
608 878 77 21 sådana
701 878 140 27 redogörelser

89 914 32 21 för
136 913 96 27 gällande
248 912 131 28 lagstiftning
394 912 12 21 å
421 912 25 21 de
462 913 105 25 områden,
583 919 44 14 som
643 912 103 22 ärendena
761 913 80 27 beröra,

87 948 65 27 jämte
172 948 69 20 därtill
258 947 92 21 hörande
369 947 111 21 historiska
494 947 153 27 utläggningar,
663 953 45 16 som
723 947 70 21 kunna
807 948 35 20 be-

89 983 67 21 finnas
171 982 77 26 nödiga
263 982 31 20 att
309 982 6 20 i
330 981 249 21 utskottsbetänkandena
593 981 88 27 intagas.
709 982 39 20 Till
763 982 79 21 utskot-

89 1018 36 20 ten
147 1016 133 22 remitterade
301 1016 107 27 petitions-
428 1016 38 20 och
486 1016 167 26 motionsförslag
671 1016 68 21 kunde
758 1016 83 27 tryckas

90 1052 38 21 och
143 1052 33 20 till
187 1050 254 22 utskottsmedlemmarna
453 1050 139 22 distribueras.”
615 1046 127 25 Ständernas
757 1051 83 20 arbeten

90 1086 66 21 skulle
172 1086 52 21 efter
239 1086 57 20 detta
312 1084 78 22 afbrott
405 1085 112 27 lämpligen
533 1085 44 21 åter
588 1084 84 28 vidtaga
685 1084 7 21 i
702 1085 79 21 medlet
792 1085 50 21 eller

90 1121 66 21 under
176 1127 71 15 senare
265 1120 80 21 hälften
359 1120 23 20 af
391 1120 82 26 januari
492 1120 39 21 och
545 1119 67 27 fortgå
630 1119 32 21 till
677 1120 72 26 början
765 1119 23 21 af
800 1120 41 26 maj

90 1155 75 21 månad
190 1155 49 21 eller
261 1155 23 20 så
305 1154 58 27 långt
384 1154 22 21 in
429 1154 25 27 på
476 1154 127 27 densamma,
626 1160 44 15 som
689 1153 102 22 erfordras
810 1153 32 21 för

91 1189 97 27 samtliga
204 1189 100 21 ärendens
320 1188 174 27 slutbehandling.

159 1223 157 22 Ofvanberörda
337 1222 124 21 förändrade
484 1222 116 27 anordning
615 1222 22 21 af
651 1222 192 27 landtdagsarbetet

91 1258 65 21 skulle
172 1257 150 27 otvifvelaktigt
337 1257 81 27 päkalla
432 1257 65 20 ökade
512 1257 91 26 utgifter.
623 1257 45 20 Den
681 1257 76 20 största
769 1258 72 25 posten

90 1292 7 20 i
108 1291 224 28 landtdagsbudgeten,
344 1291 50 21 eller
405 1291 114 21 kostnaden
532 1291 31 20 för
575 1291 110 27 tryckning
693 1290 22 21 af
721 1291 121 26 landtdags-

91 1327 131 25 handlingar,
238 1326 65 21 skulle
320 1325 119 26 visserligen
455 1325 60 21 däraf
528 1325 17 26 ej
561 1326 90 24 beröras,
667 1331 48 14 men
728 1325 114 26 utgifterna

91 1360 31 21 för
138 1359 99 21 ständens
254 1359 37 22 och
307 1359 111 21 utskottets
433 1359 90 21 kanslier
538 1359 38 20 och
591 1358 112 27 betjening,
714 1359 81 20 komme
806 1365 36 14 na-

91 1394 105 27 turligtvis
208 1394 30 20 att
246 1394 86 26 stegras.
355 1392 31 21 Dä
398 1392 114 21 emellertid
521 1392 106 22 Utskottet
635 1392 75 21 saknar
718 1392 85 27 ledning
810 1392 31 20 för

161 1445 142 18 Statsutskottets
315 1444 110 18 betänkande
437 1443 35 18 N:o
484 1445 28 17 13.
