1050 1711
99 350 25 22 97
142 352 39 21 och

105 385 27 22 98
148 385 38 29 88.

145 1186 26 22 99
188 1186 23 29 8,

105 1287 39 23 100
161 1288 39 21 och

220 147 26 19 52
448 145 28 22 U.
492 146 27 21 B.
536 159 23 2 —
577 146 71 27 Prop.
664 146 41 22 N:o
720 147 21 20 6.

220 213 68 22 heter.
307 226 23 3 —
346 213 140 22 Beträffande
502 214 40 21 den
557 214 220 27 kommunalstämma,
789 214 38 21 der
837 216 44 19 mot
896 215 75 20 räken-

220 248 107 27 skaperna
341 248 77 27 gjorda
436 249 168 28 anmärkningar
626 249 61 21 skola
710 249 93 27 pröfvas,
820 249 44 27 har,
881 249 7 20 i
903 249 68 21 likhet

220 283 47 21 med
283 283 57 21 hvad
355 283 8 21 i
379 284 24 26 $$
420 285 27 19 84
462 283 38 21 och
516 286 26 18 86
559 284 65 26 skett,
640 283 77 21 endast
732 283 110 21 hänvisats
858 283 33 21 till
908 283 40 21 den
964 283 6 21 i

222 319 25 19 19
263 319 12 26 &
291 317 33 22 för
339 318 124 21 ändamålet
478 317 90 22 afsedda
584 319 110 20 stämman.

288 352 55 21 Nåd.
359 352 169 28 propositionens
544 354 24 27 $$
580 354 26 20 97
616 353 37 21 och
666 355 32 24 98,
710 353 75 22 hvilka
799 352 109 22 innehålla
918 352 54 22 före-

221 386 88 23 skrifter
324 393 33 15 om
373 387 170 28 underställning
558 388 24 21 af
595 388 223 21 kommunalstämmas
831 388 77 27 beslut,
919 394 52 21 upp-

221 422 68 21 räkna
304 422 70 21 såsom
390 422 99 28 ärenden,
505 422 8 21 i
529 423 73 21 hvilka
618 422 59 27 dylik
692 422 128 22 hemställan
836 423 45 21 dels
892 422 33 21 till
936 422 36 22 Se-

221 458 76 20 natens
311 456 274 28 Ekonomiedepartement,
606 457 44 21 dels
673 457 33 21 till
730 456 117 28 Guvernör,
871 457 39 21 bör
932 463 40 21 ega

221 497 52 21 rum,
289 492 19 27 ej
324 491 56 22 blott
394 491 83 22 sådana
495 492 76 26 beslut,
588 491 73 23 hvilka
677 492 7 21 i
700 491 143 22 betraktande
866 492 24 21 af
911 493 61 19 ären-

222 526 46 21 dets
284 525 138 32 omfattande,
439 526 51 22 eller
505 526 192 28 maktpåliggande
720 528 64 20 natur
799 533 61 15 anses
877 526 96 22 erfordra

221 561 155 21 statsmaktens
391 561 107 28 sanktion,
514 563 53 20 utan
583 562 38 21 ock
637 561 188 27 angelägenheter,
840 560 132 23 beträffande

222 595 73 22 hvilka
315 595 172 28 underställning
509 596 67 21 finnes
591 596 7 21 i
613 596 107 21 särskilda
742 595 156 28 författningar
919 595 54 22 före-

222 629 101 26 skrifven,
339 631 57 20 samt
418 629 101 28 slutligen
542 630 112 28 åtskilliga
677 631 134 21 kommunala
833 631 81 27 frågor,
938 637 35 15 an-

222 664 83 28 gående
321 664 74 22 hvilka
410 665 126 22 hemställan
552 665 105 28 påbjudes
672 666 27 26 på
715 665 47 22 sina
779 665 77 22 ställen
872 665 6 21 i
889 665 84 22 författ-

223 699 173 28 ningsförslaget.
428 699 112 22 Utskottet
556 699 43 22 kan
614 700 19 27 ej
650 700 72 27 undgå
739 701 34 20 att
788 700 58 21 finna
856 700 62 21 detta
933 699 41 22 för-

223 734 129 27 faringssätt
367 733 111 28 olämpligt
494 735 38 20 och
548 734 151 22 vilseledande.
731 734 91 23 Oafsedt
837 735 40 21 den
888 736 86 27 oegent-

222 769 96 28 ligheten
333 770 34 20 att
381 769 71 21 beslut
468 775 32 15 om
516 769 122 28 förhöjning
649 769 25 21 af
679 769 169 28 färjpenningar,
859 769 34 22 för
901 769 73 22 hvilka

223 805 52 21 taxa
291 804 69 27 enligt
376 805 11 20 3
404 805 11 26 &
432 803 24 22 af
469 803 44 22 k.f.
530 811 31 14 om
577 806 69 25 vägar
662 804 38 21 och
715 805 64 20 broar
795 805 41 21 den
848 806 25 19 15
885 804 90 22 Januari

224 841 54 19 1883
295 838 99 22 utfärdas
410 839 24 21 af
448 839 146 27 Guvernören,
610 839 82 21 komme
709 841 33 19 att
757 839 143 21 underställas
911 839 63 21 Sena-

223 875 43 26 ten,
289 873 72 21 kunde
383 879 55 21 man,
465 872 27 22 dä
519 873 63 23 äfven
607 874 58 20 utom
690 873 285 28 kommunalförordningens

224 908 111 28 egentliga
354 907 60 28 gebit
436 908 90 21 stäende
549 908 182 27 angelägenheter
753 908 32 22 uti
808 908 167 28 ifrägavarande

224 942 135 28 stadganden
374 942 94 24 beröras,
484 942 78 22 frestas
578 942 33 21 till
627 942 134 27 antagandet
770 943 33 21 att
810 942 166 27 uppräknandet

224 978 38 21 här
277 983 52 17 vore
344 976 152 27 uttömmande,
512 976 83 22 hvilket
612 976 53 22 dock
680 976 118 28 ingalunda
813 979 24 19 är
852 976 62 22 fallet
930 976 44 28 (jfr.

225 1014 15 20 t.
249 1019 32 15 ex.
287 1013 25 27 88
322 1014 11 19 9
343 1012 39 21 och
392 1013 25 19 10
426 1011 36 21 ik.
474 1011 15 23 f.
498 1018 32 14 om
539 1011 149 27 fattigvården
697 1011 41 21 den
748 1014 25 18 17
782 1012 60 21 Mars
851 1012 71 26 1879).
942 1012 34 20 Då

224 1046 71 22 tillika
318 1047 32 20 ett
372 1046 139 27 upprepande
534 1045 24 22 af
580 1045 25 22 de
628 1045 101 27 ärenden,
750 1046 73 22 hvilka
838 1046 69 26 enligt
922 1045 54 22 före-

225 1081 88 22 skrifter
333 1081 28 27 på
378 1081 68 21 andra
460 1081 77 22 ställen
552 1081 8 21 i
578 1080 246 29 författningsförslaget
847 1081 52 22 böra
921 1081 56 21 hem-

224 1117 81 26 ställas,
321 1117 24 20 är
361 1115 88 22 alldeles
464 1115 131 27 opåkalladt,
612 1115 40 21 har
667 1115 119 27 Utskottet,
802 1115 7 21 i
825 1115 151 22 öfverenstäm-

224 1150 65 22 melse
304 1149 48 22 med
367 1149 58 23 hvad
439 1156 29 15 nu
483 1149 134 25 framhållits,
627 1149 158 22 omformulerat
793 1149 62 22 dessa
864 1150 71 27 bägge
944 1150 31 27 $$.

289 1180 161 32 "Ändringarna
464 1184 7 22 i
487 1186 11 26 $
516 1186 25 20 99
558 1186 36 20 äro
609 1184 116 27 påkallade
737 1184 24 21 af
775 1184 37 22 det
826 1184 24 22 af
864 1184 113 22 Utskottet

225 1220 76 28 gjorda
316 1218 102 28 tillägget
432 1218 33 22 till
487 1220 5 27 $
508 1220 32 23 84,
564 1219 113 27 angående
700 1220 45 20 rätt
767 1218 33 22 för
823 1218 97 22 kommun
944 1220 33 20 att

226 1254 91 21 tillsätta
332 1253 93 20 särskild
440 1253 196 26 pröfningsnämnd.

293 1286 138 22 Beträffande
446 1288 68 20 sättet
528 1285 35 22 för
578 1285 138 28 delgifvande
732 1286 24 21 af
769 1263 154 45 Guvernorana
946 1288 31 20 ut-

112 1320 38 24 101
168 1321 38 30 88.
223 1321 48 28 slag
286 1321 28 27 på
332 1320 78 23 besvär
428 1320 61 22 öfver
511 1321 138 21 kommunens
672 1321 51 21 eller
746 1320 48 22 dess
817 1321 160 28 myndigheters

226 1356 69 22 beslut
317 1355 91 28 stadgar
425 1357 25 19 73
467 1357 11 26 $
494 1356 7 21 i
516 1362 28 15 nu
566 1355 100 28 gällande
688 1355 132 29 förordning,
844 1357 33 21 att
899 1356 78 22 sådant

227 1392 71 27 utslag
313 1390 56 23 skall
385 1390 139 23 öfversändas
539 1391 33 21 till
589 1390 143 23 ordföranden
747 1391 8 21 i
764 1391 214 23 kommunalstämma

227 1427 52 22 eller
293 1427 38 21 hos
347 1426 41 21 den
404 1426 136 21 kommunala
554 1426 132 27 myndighet,
703 1426 60 22 öfver
779 1426 63 22 hvars
858 1426 70 22 beslut
943 1426 34 22 be-

295 1466 205 19 Kommunalutskottets
513 1465 109 19 betänkande
634 1465 34 19 N:o
680 1467 16 16 1.
