1034 1709
191 145 28 19 54
390 143 83 23 Ständ.
489 143 36 23 Sv.
540 156 29 3 —
583 144 73 26 Prop.
671 144 41 22 N:o
727 144 21 22 6.

258 208 67 20 Huru
348 210 57 19 stort
427 208 83 28 belopp
534 208 23 21 af
580 208 44 21 den
646 208 176 28 skattskyldiges
844 208 100 22 inkomst

192 242 57 21 skall
263 245 114 18 motsvara
395 244 32 18 ett
441 242 107 25 skattöre,
565 242 77 21 därom
656 242 134 21 bestämmer
805 242 138 22 kommunal-

192 278 94 19 stämma
307 276 36 20 för
366 283 28 14 en
412 276 33 21 tid
463 276 24 21 af
503 279 35 18 tre
556 276 34 21 till
604 276 46 21 fem
666 278 29 23 år,
711 276 69 22 likväl
795 277 101 25 sålunda,
912 279 33 19 att

194 310 61 21 detta
269 310 82 28 belopp
367 310 50 21 icke
432 312 36 19 må
483 310 132 29 understiga
630 313 32 19 ett
677 311 89 22 hundra
781 311 43 22 och
839 311 20 29 ej
871 311 73 22 öfver-

193 345 59 28 stiga
266 347 35 20 tre
315 345 90 21 hundra
419 345 70 21 mark.

539 428 26 19 79
581 426 21 28 8.

259 477 47 20 Där
328 477 8 20 i
354 476 37 29 lag
410 477 52 21 eller
478 477 136 28 författning
629 477 106 28 stadgadt
750 481 30 22 är,
796 480 33 19 att
844 479 100 20 kommu-

192 511 133 28 nalutskyld
347 511 57 21 skall
425 513 55 26 utgå
495 511 70 28 enligt
581 519 75 14 annan
671 512 76 27 grund
762 515 29 18 än
807 512 43 22 den
865 513 8 21 i
889 515 26 18 78
931 513 14 28 8

193 545 153 25 omförmälda,
363 545 53 22 eller
432 548 32 19 att
479 546 67 25 vissa,
562 546 51 21 från
629 546 191 29 skattskyldighet
835 547 34 21 till
883 547 62 21 kom-

192 587 84 14 munen
299 579 54 28 eljes
375 580 101 21 befriade
498 581 144 21 medlemmar
664 581 64 21 skola
750 581 33 21 till
804 581 100 28 fyllande
923 581 23 22 af

193 614 110 21 särskilda
324 614 70 21 behof
415 614 101 29 bidraga,
538 615 58 28 gälle
619 615 33 21 till
671 615 147 22 efterrättelse
836 616 61 21 hvad
913 618 32 19 sä-

191 648 70 21 lunda
276 648 133 22 förordnadt
425 652 30 18 är.

259 683 110 22 Däremot
388 685 37 19 mä
443 683 19 28 ej
481 684 225 21 kommunalstämma
720 684 87 22 besluta
822 686 77 27 någon
913 685 32 21 af-

193 717 85 22 vikelse
301 717 50 22 från
374 718 44 21 den
435 718 9 21 i
461 719 99 21 nämnda
574 719 107 28 paragraf
695 719 109 28 stadgade
819 719 75 28 grund
909 719 36 22 för

193 752 260 28 kommunalutskylders
469 753 131 28 utgörande.

538 835 27 18 80
581 833 20 28 8.

261 883 113 29 Taxering
397 884 56 21 skall
475 884 102 29 försiggå
594 884 8 21 i
622 884 80 29 början
722 885 23 21 af
760 886 47 21 året
822 887 51 19 näst
888 885 57 22 efter

195 919 38 21 det
255 918 167 29 förrättningen
443 919 60 22 afser
526 919 42 22 och
590 919 132 22 verkställes
741 919 23 22 af
779 927 28 14 en
822 919 123 30 taxerings-

192 953 91 26 nämnd,
303 960 48 15 som
372 953 75 22 består
469 953 109 29 antingen
600 953 24 22 af
640 953 251 27 kommunalnämnden,
910 954 36 22 för

194 988 125 21 ändamålet
334 987 109 22 förstärkt
457 988 52 21 med
525 988 143 28 erforderligt
683 989 61 21 antal
758 989 40 21 vid
807 989 139 22 kommunal-

194 1025 94 18 stämma
302 1022 97 21 utsedda
414 1022 188 29 röstberättigade
614 1023 144 21 medlemmar
769 1023 23 21 af
801 1023 144 26 kommunen,

193 1056 53 22 eller
264 1057 42 20 ock
327 1056 23 21 af
369 1064 27 13 en
413 1056 102 26 särskild,
531 1057 33 21 uti
579 1057 224 22 kommunalstämma
818 1057 53 22 vald
887 1060 59 19 taxe-

191 1091 160 27 ringsnämnd.'

262 1125 101 21 Sålunda
378 1128 145 19 sammansatt
538 1125 84 22 nämnd
638 1126 62 25 skall,
717 1125 74 22 såvidt
806 1125 95 29 möjligt,
912 1128 33 19 ut-

194 1161 66 26 göras
282 1159 50 21 icke
352 1159 57 21 blott
427 1159 24 21 af
465 1159 128 29 fastighets-
609 1160 43 21 och
664 1159 127 29 jordegare,
807 1162 56 19 utan
878 1160 68 21 äfven

194 1193 24 22 af
232 1193 171 28 näringsidkare
419 1194 43 21 och
477 1194 71 22 andra
562 1194 143 21 medlemmar
720 1194 8 21 i
744 1194 143 21 kommunen.

538 1292 26 18 81
581 1289 21 28 8.

259 1339 240 30 Taxeringsnämnden
507 1341 76 21 tillhör
592 1343 32 19 att
632 1344 181 25 samvetsgrannt
823 1342 123 28 uppskatta

194 1374 44 22 den
259 1374 100 22 inkomst
380 1375 80 28 hvarje
481 1375 34 21 till
536 1375 138 22 kommunen
694 1375 152 30 skattskyldig
863 1384 83 21 person

192 1409 46 21 kan
259 1416 65 14 anses
348 1409 35 21 för
405 1409 164 29 taxeringsåret
587 1410 69 22 hafva
672 1410 92 28 åtnjutit
779 1411 23 21 af
816 1411 108 29 fastighet
939 1411 8 21 i

193 1443 144 26 kommunen,
361 1444 23 21 af
407 1444 115 22 därstädes
544 1444 70 22 idkad
636 1444 82 29 näring
735 1444 53 22 eller
807 1445 56 29 yrke
881 1448 64 24 samt,
