1050 1714
227 137 13 20 4
535 135 40 22 N:o
591 135 19 21 2.

196 204 43 21 han
255 204 33 21 till
303 204 115 27 gerningen
432 205 25 19 är
473 203 69 27 saker,
560 205 58 19 samt
637 204 80 20 utsätte
732 202 36 22 det
783 202 66 26 straff,
864 202 86 22 hvartill

196 238 44 21 han
262 238 72 21 derför
356 243 62 16 anses
434 237 108 27 förfallen;
557 237 40 22 och
612 236 64 22 varde
691 236 95 27 straffen,
802 236 56 22 efter
872 236 27 22 de
914 236 8 22 i
937 236 12 22 7

196 272 51 27 kap.
262 272 126 26 strafflagen
404 270 104 28 stadgade
522 271 100 27 grunder,
638 270 159 28 sammanlagde
812 270 23 22 af
848 270 42 22 den
900 272 50 25 rätt,

197 306 39 22 der
250 306 135 27 förbrytaren
400 306 40 21 sist
454 306 98 27 lagföres.
582 301 44 26 Äro
642 306 42 21 alla
699 306 85 21 brotten
799 305 68 27 ringa,
878 305 72 21 dömes

196 340 34 22 för
244 340 115 22 hvartdera
374 340 39 22 der
427 340 37 22 det
478 340 63 22 skett.

265 375 73 27 Yppas
361 375 67 21 under
450 375 127 27 ransakning
597 374 109 27 angående
721 374 147 27 missgerning,
884 373 67 22 hvarå

198 409 117 22 dödsstraff
334 409 53 21 eller
409 408 89 22 tukthus
513 409 33 21 för
563 408 95 22 lifstiden
674 408 52 22 eller
741 408 7 22 i
763 408 82 22 femton
860 408 25 21 år
899 407 52 27 följa

196 443 50 27 kan,
262 446 33 19 att
309 443 41 22 den
366 443 105 22 tilltalade
486 443 28 27 på
528 449 71 15 annan
614 444 34 20 ort
662 442 75 28 begått
751 442 65 27 brott,
826 442 35 22 för
869 441 83 23 hvilket

197 478 43 21 han
262 480 57 19 ännu
342 477 46 22 icke
412 478 56 20 varit
489 477 91 28 lagförd,
602 477 55 21 skall
676 477 125 27 domstolen,
818 476 36 22 der
869 476 43 22 han
928 478 24 20 är

197 512 69 21 under
288 511 71 26 tilltal,
379 514 77 24 genast
470 512 93 22 inhemta
580 512 66 27 nödig
662 512 130 27 upplysning
809 517 34 16 om
861 511 36 21 det
913 517 39 21 yp-

198 546 55 28 pade
276 546 92 21 brottets
390 546 121 27 verklighet
533 546 40 22 och
595 546 146 22 beskaffenhet
753 546 67 27 jemte
834 545 118 28 målsegan-

198 581 52 22 dens
264 580 99 28 yttrande
378 583 56 19 samt
449 580 93 23 derefter
561 581 3 21 i
579 580 155 28 sammanhang
749 580 49 22 med
813 580 38 22 sitt
866 580 86 27 slutliga

197 616 78 27 utslag,
297 615 66 27 enligt
384 615 56 21 hvad
455 615 40 21 här
509 615 68 22 nedan
594 617 68 25 säges,
678 615 74 27 afgöra
766 620 36 16 om
816 614 72 22 vidare
903 620 49 16 ran-

198 650 93 27 sakning
312 649 109 27 angående
444 655 81 16 samma
546 650 60 21 brott
627 649 102 22 anställas
750 649 46 21 bör.
825 649 68 21 Anses
912 648 40 22 den

198 684 105 22 tilltalade
325 684 101 22 förfallen
447 684 33 22 till
504 684 116 22 dödsstraff
639 684 53 22 eller
707 684 33 22 till
755 683 90 22 tukthus
860 683 33 22 för
907 682 46 23 lifs-

198 719 59 22 tiden
281 719 52 21 eller
349 719 6 21 i
371 718 81 22 femton
475 718 30 28 år,
524 719 26 21 då
569 718 35 22 må
618 718 66 22 sådan
700 718 73 22 vidare
788 718 130 28 ransakning
933 718 18 27 ej

199 760 39 21 ega
253 760 54 21 rum,
323 754 38 21 der
375 753 47 22 icke
438 753 149 27 målseganden
602 753 36 21 det
648 752 89 28 fordrat,
748 752 54 22 eller
811 759 72 15 annan
894 752 59 22 dom-

198 788 43 22 stol
257 788 36 22 det
308 788 82 27 begärt,
405 788 53 22 eller
472 788 114 27 anledning
601 788 62 27 eljest
678 787 144 22 förekommer
832 787 78 27 dertill,
920 789 34 19 att

198 829 71 15 annan
293 824 24 20 är:
337 822 66 28 jemte
422 822 41 22 den
478 822 98 22 sakfälde
590 822 8 22 i
613 822 36 22 det
664 822 84 28 yppade
763 822 81 22 brottet
860 822 93 27 delaktig

199 858 39 22 och
253 858 42 21 kan
310 863 78 21 genom
404 858 157 27 ransakningen
576 858 123 26 upptäckas,
715 858 53 21 eller
782 857 69 22 denna
865 857 43 21 kan
920 857 34 21 för

199 892 41 22 den
263 891 98 22 sakfälde
380 892 111 22 föranleda
506 892 34 22 till
556 892 66 22 ökadt
636 898 85 16 ansvar.
749 892 36 22 Nu
800 892 41 22 har
854 892 100 27 missger-

198 927 113 27 ningsman
329 926 71 22 blifvit
420 926 63 22 dömd
501 927 34 21 till
552 927 68 21 döden
637 927 54 21 eller
705 927 90 21 tukthus
810 926 34 22 för
857 926 97 22 lifstiden

177 984 3 3 .
199 961 52 22 eller
266 961 7 21 i
290 960 82 22 femton
387 960 31 28 år,
434 961 39 22 och
490 968 66 20 yppas
572 961 36 21 det
622 961 74 27 sedan,
711 963 33 19 att
753 961 43 21 han
807 960 147 23 dessförinnan

199 996 75 26 begått
298 995 65 26 brott,
375 996 46 20 för
435 995 81 22 hvilket
531 996 42 21 han
588 997 59 20 ännu
660 996 48 21 icke
722 996 63 21 stälts
800 995 69 21 under
883 994 71 26 tilltal,

200 1029 28 23 då
252 1030 55 21 skall
329 1029 141 23 Guvernören
486 1030 7 21 i
509 1030 36 22 det
566 1030 42 26 län,
634 1030 38 22 der
694 1030 41 22 den
755 1029 113 27 brottslige
886 1028 68 22 hålles

200 1064 90 27 häktad,
313 1064 68 22 ehvad
407 1064 36 22 det
465 1065 77 27 utslag,
564 1065 134 27 hvarigenom
721 1064 65 28 sagde
800 1064 63 22 straff
875 1064 79 22 honom

200 1099 94 25 ådömts,
317 1099 75 21 vunnit
414 1099 51 27 laga
487 1099 57 21 kraft
563 1099 53 21 eller
630 1099 53 27 icke,
699 1101 76 25 genast
789 1098 86 22 anmäla
889 1098 66 22 saken

200 1132 40 22 hos
260 1133 40 21 den
315 1132 95 27 Hofrätt,
432 1133 56 21 inom
503 1133 63 21 hvars
582 1133 108 27 domvärjo
705 1133 42 21 han
762 1133 76 26 dömts,
853 1135 57 19 samt
924 1133 31 21 in-

200 1167 109 21 förskaffa
331 1167 152 27 upplysningar
504 1167 109 27 angående
636 1167 36 22 det
690 1167 83 28 yppade
787 1167 92 21 brottets
894 1166 61 22 verk-

201 1200 72 29 lighet
295 1200 39 23 och
358 1200 145 23 beskaffenhet
529 1201 107 22 äfvensom
660 1201 162 28 mälsegandens
844 1201 110 28 yttrande;

200 1235 111 22 hvarefter
326 1235 13 21 å
353 1235 115 22 Hofrätten
483 1236 124 21 ankommer
621 1238 39 24 att,
674 1236 8 21 i
692 1236 95 27 enlighet
796 1235 48 22 med
855 1236 26 21 de
892 1242 64 20 grun-

202 1269 38 20 der
255 1269 40 20 här
311 1268 63 21 ofvan
388 1270 37 19 äro
440 1269 97 26 nämnda,
559 1269 127 27 bestämma,
702 1275 34 15 om
751 1269 73 21 vidare
840 1269 115 21 undersök-

201 1302 55 26 ning
271 1301 111 27 angående
396 1308 82 15 samma
496 1303 58 20 brott
569 1302 108 28 företagas
692 1303 62 21 skall.
783 1303 73 28 Yppar
870 1303 33 27 sig
918 1309 38 15 an-

201 1336 76 27 tingen
300 1342 76 21 genom
395 1343 55 21 egen
465 1337 127 21 bekännelse
608 1337 52 21 eller
674 1337 140 27 annorlunda,
830 1339 33 20 att
877 1337 79 28 någon,

202 1377 47 16 som
264 1371 34 22 för
313 1371 68 27 mord,
397 1371 61 28 dråp,
473 1373 45 25 rån,
534 1371 57 22 stöld
606 1372 51 21 eller
672 1374 65 19 annat
751 1371 57 28 groft
818 1371 59 23 brott
886 1372 70 22 blifvit

201 1407 7 21 i
229 1406 143 22 straffanstalt
393 1407 31 26 pä
440 1407 73 27 längre
534 1407 52 22 eller
600 1407 85 22 kortare
700 1407 33 22 tid
747 1407 72 28 insatt,
834 1407 65 22 innan
913 1407 43 22 han
