1042 1706
228 147 27 20 34

547 210 27 22 88
590 211 19 25 8.

266 266 146 29 Debiterings-
434 268 37 20 och
492 266 176 28 uppbördslängd
687 266 56 22 skall
762 266 53 27 efter
829 266 124 28 kungörelse

199 302 69 21 hållas
292 301 121 29 tillgänglig
434 302 35 27 för
486 301 138 28 granskning
638 301 70 21 under
722 300 83 28 fjorton
820 301 79 27 dagars
914 300 38 27 tid,

197 336 31 26 på
242 337 43 20 sätt
299 336 8 20 i
322 336 28 21 84
365 337 13 25 8
393 343 38 13 om
446 335 191 29 taxeringslängd
653 334 107 29 stadgadt
775 338 31 18 är.

267 369 155 29 Anmärkning
437 372 53 19 emot
505 369 136 28 debiterings-
657 369 36 21 och
707 368 201 28 uppbördslängden
917 369 36 21 må

199 404 59 21 inom
280 411 26 14 en
328 404 62 21 vecka
412 404 53 27 efter
486 404 68 27 sagda
577 404 32 21 tid
622 403 133 27 framställas
769 403 38 21 hos
820 402 132 22 kommunal-

198 437 122 22 nämndens
342 437 135 28 ordförande,
496 445 44 14 som
555 445 47 20 eger
617 437 52 28 efter
683 437 210 28 omständigheterna
908 437 45 21 vid-

200 473 50 27 taga
272 471 125 29 erforderlig
418 472 85 21 rättelse
518 472 49 21 eller
583 472 127 27 öfverlemna
725 471 90 22 ärendet
829 471 32 22 till
875 473 78 20 nämn-

200 506 51 22 dens
269 506 114 28 pröfning.
414 506 54 22 Sker
482 507 85 21 rättelse
581 506 26 28 ej,
623 506 76 21 stånde
713 506 118 28 sakegaren
846 507 62 26 öppet
922 507 32 20 att

199 541 88 21 anmäla
302 541 88 22 ärendet
405 541 32 21 till
452 541 77 28 åtgärd
544 541 27 28 af
578 541 146 27 nästföljande
733 540 219 22 kommunalstämma.

547 621 26 22 89
589 622 19 25 $.

269 672 72 22 Sedan
357 672 41 22 den
412 672 9 21 i
437 672 31 21 88
481 672 15 28 $
507 672 107 22 bestämda
625 672 32 21 tid
667 672 34 27 för
711 671 164 28 framställande
883 672 27 27 af
914 679 38 15 an-

198 706 118 29 märkning
329 708 44 20 mot
386 706 137 28 debiterings-
539 706 36 22 och
590 706 201 28 uppbördslängden
808 706 143 28 tilländagätt,

198 740 81 28 åligger
294 741 34 20 det
342 740 235 23 kommunalnämnden
592 742 35 19 att
641 740 94 21 utfärda
750 740 144 21 debetsedlar
909 740 43 22 och

198 775 46 20 låta
267 775 66 20 dessa
350 775 26 21 sä
389 775 45 27 fort
447 775 35 21 ske
496 775 45 22 kan
556 775 13 21 å
583 775 70 27 vissa,
674 775 3 20 i
692 775 53 21 män
761 775 25 21 af
799 775 152 21 kommunens

198 809 55 21 vidd
276 809 42 21 och
340 808 136 29 folkmängd
498 809 98 22 utsedda
618 809 42 21 och
681 809 8 21 i
709 809 152 22 kommunens
877 809 76 28 kyrka

200 843 54 21 eller
269 843 88 28 kyrkor
372 843 132 29 kungjorda
514 844 84 21 ställen
609 843 28 22 de
648 843 171 30 skattskyldige
829 844 123 21 tillhanda-

199 877 78 22 hällas.

265 912 107 22 Derefter
392 913 60 21 skall
468 913 12 20 ä
495 912 36 22 tid
546 913 55 21 eller
616 912 65 28 tider,
698 912 95 22 hvarom
809 913 143 21 kommunal-

198 948 114 20 stämman
326 946 126 28 förordnat,
469 947 216 28 uppbördsstämma
699 947 61 21 efter
775 947 79 21 derom
863 947 88 29 fjorton

200 980 70 28 dagar
291 980 64 22 förut
377 981 73 21 skedd
472 981 141 29 kungörelse
635 982 13 20 å
670 981 98 29 lämplig
783 984 36 18 ort
835 982 116 25 anställas,

197 1017 59 19 samt
278 1015 26 21 af
319 1015 250 22 kommunalnämnden
589 1015 56 21 eller
661 1016 61 20 vissa
737 1015 52 22 dess
805 1016 147 21 medlemmar

198 1049 56 21 eller
270 1049 43 21 ock
328 1050 26 21 af
366 1050 116 21 nämnden
498 1052 101 26 antagen
614 1049 172 29 uppbördsman
801 1050 114 22 förrättas.

543 1131 28 21 90
585 1131 20 25 8.

264 1181 88 21 Finnes
368 1181 77 27 någon
460 1180 8 21 i
479 1180 154 28 debiterings-
645 1181 42 21 och
697 1181 190 28 uppbördslängd
893 1189 58 21 upp-

196 1217 76 25 tagen,
295 1215 38 21 till
347 1214 97 28 utskyld
458 1214 86 29 pligtig
559 1222 84 21 person
659 1214 69 22 hafva
742 1214 53 22 frän
810 1215 141 21 kommunen

196 1249 116 27 bortflyttat
334 1249 69 20 umder
424 1248 70 27 loppet
516 1249 27 27 af
562 1249 34 20 det
614 1250 32 24 är,
665 1249 34 26 för
713 1249 79 21 hvilket
806 1249 144 28 debiteringen

194 1282 59 27 skett,
269 1282 61 21 skall
344 1282 46 20 han
404 1281 52 21 icke
472 1282 64 21 desto
552 1282 89 20 mindre
657 1282 93 28 erlägga
761 1282 44 21 den
815 1282 86 22 honom
912 1283 38 28 pä-

195 1316 66 22 förda
283 1316 133 29 utskylden,
438 1323 54 14 men
513 1324 53 14 vare
581 1316 36 22 för
633 1324 86 14 samma
734 1316 25 22 är
774 1316 109 22 frikallad
898 1317 52 22 frän

194 1350 122 29 betalning
337 1351 37 21 till
396 1350 46 22 den
464 1350 117 29 kommun,
605 1351 36 21 dit
663 1351 45 22 han
728 1351 109 29 inflyttat,
854 1352 97 22 säframt

195 1386 20 28 ej
239 1386 127 28 utskylden
385 1388 25 19 är
424 1385 78 28 sädan,
518 1388 35 20 att
568 1386 44 22 den
627 1386 42 22 bör
683 1387 62 28 utgä,
762 1386 75 22 ehvad
850 1386 46 22 han
911 1394 39 15 va-

194 1421 31 21 rit
241 1421 62 21 inom
320 1420 140 22 kommunen
476 1420 77 22 bosatt
569 1421 56 21 eller
640 1421 57 22 icke.
