1059 1711
208 144 24 19 18

433 141 29 22 U.
478 141 27 22 B.
521 153 27 3 —
563 141 72 27 Prop.
650 140 42 23 N:o
710 141 20 21 1.

342 209 74 21 trettio
430 209 50 21 frän
496 209 109 21 distriktet
618 209 179 21 hemmavarande
812 209 54 21 barn
880 209 8 21 i
902 209 56 21 skol-

342 243 81 28 åldern,
440 243 84 28 åligger
538 243 37 22 det
589 243 127 22 kommunen
726 244 34 20 att
770 242 134 23 oförtöfvadt
914 243 44 22 vid-

342 280 52 25 taga
416 278 79 26 åtgärd
518 284 32 14 om
572 277 72 21 skolas
666 277 125 21 inrättande
813 277 7 21 i
840 277 117 21 distriktet.

341 306 32 27 Är
387 312 7 21 i
410 311 88 22 distrikt
512 312 60 20 skola
586 311 68 21 redan
668 311 96 21 inrättad
779 312 39 21 och
828 311 130 28 öfverstiger

342 346 83 22 antalet
448 346 50 21 från
520 345 110 22 distriktet
652 346 179 22 hemmavarande
848 346 60 27 barn,
924 346 34 21 för

341 380 74 23 hvilka
429 380 85 22 inträde
529 380 69 26 sökes,
612 380 67 28 jemte
693 380 8 21 i
713 380 76 22 skolan
799 380 58 22 förut
867 380 91 28 intagna

341 416 71 22 elever
426 415 81 27 femtio,
518 415 39 21 bör
566 416 127 20 kommunen
704 415 69 27 draga
783 414 85 28 försorg
879 415 77 27 derom,

342 452 33 20 att
388 450 127 22 biträdande
528 450 72 21 lärare
614 450 52 22 eller
680 450 110 21 lärarinna
805 450 102 22 anställes
918 450 39 22 och

341 485 88 27 lämplig
451 484 224 28 undervisningslokal
697 484 115 27 anskaffas,
843 485 51 21 eller
917 484 40 22 ock

341 522 33 20 att
395 520 111 22 distriktet
524 520 8 21 i
551 520 37 21 två
604 520 52 21 eller
670 519 51 22 flere
737 519 88 22 distrikt
840 520 48 21 med
903 520 54 22 hvar

340 555 33 22 sin
387 555 61 21 skola
463 554 99 21 fördelas.

623 617 13 26 8
652 619 19 18 4.

409 657 105 27 Samtliga
532 657 7 21 i
555 657 126 21 kommunen
696 657 110 22 inrättade
820 657 67 27 högre
902 657 54 22 folk-

340 692 70 21 skolor
432 691 118 27 underlyda
572 691 138 21 kommunens
732 697 158 21 gemensamma
912 691 43 22 för-

342 726 105 27 valtning;
470 726 99 21 kommun
591 725 67 22 likväl
680 726 103 27 obetaget
798 727 33 20 att
845 725 111 28 medgifva

340 760 110 22 distriktet
472 761 45 20 rätt
532 762 33 19 att
580 760 8 21 i
602 761 32 20 ett
648 760 53 21 eller
716 762 66 19 annat
798 760 100 22 afseende
914 760 42 22 för-

339 795 126 26 valtningen
481 794 59 27 sjelft
555 794 131 22 handhafva.

406 824 32 26 Är
454 829 142 27 skoldistrikt,
612 835 44 15 som
671 829 140 22 härförinnan
826 829 128 28 tillkommit,

339 864 25 21 af
371 864 137 21 kommunens
519 870 157 20 gemensamma
685 863 133 27 förvaltning
829 864 124 26 oberoende,

338 899 34 21 må
388 898 64 22 äfven
466 898 114 21 framdeles
596 898 75 21 dervid
685 898 109 27 förblifva,
807 899 25 20 så
842 898 64 28 länge
918 898 37 22 det

337 934 53 20 utan
405 932 114 28 olägenhet
534 932 34 21 för
582 932 126 22 kommunen
723 932 52 22 eller
790 932 110 22 distriktet
915 934 39 21 ske

337 968 50 20 kan.
416 968 97 26 Uppstår
528 967 64 21 deraf
604 967 115 27 olägenhet
734 968 39 20 och
788 974 62 15 anses
866 968 88 21 distrikt

337 1002 53 21 böra
411 1002 8 21 i
441 1001 101 22 afseende
564 1002 14 20 å
599 1001 133 28 förvaltning
753 1002 49 21 med
826 1002 127 22 kommunen

336 1036 92 27 förenas,
455 1036 55 21 skall
535 1036 117 27 distriktet,
676 1036 37 21 der
735 1036 51 28 laga
808 1036 76 22 hinder
904 1036 48 22 icke

336 1070 124 28 föreligger,
482 1070 138 22 kommunens
641 1077 157 21 gemensamma
820 1071 133 28 förvaltning

336 1105 150 27 underläggas,
503 1105 102 27 antingen
620 1105 46 21 helt
680 1106 39 21 och
734 1106 67 21 hållet
816 1106 52 21 eller
882 1107 70 20 såsom

336 1139 212 27 omständigheterna
563 1139 37 21 det
614 1139 94 26 påkalla.

403 1173 27 27 Ej
454 1173 34 21 må
511 1173 94 21 enskildt
626 1172 88 22 distrikt
736 1173 8 21 i
763 1174 72 26 någon
850 1174 102 22 händelse

335 1207 137 21 kommunens
487 1206 73 28 tillsyn
575 1207 39 21 och
628 1207 93 21 kontroll
736 1208 160 27 undandragas.

618 1268 13 28 8
647 1270 19 20 5.

402 1308 60 22 Inom
484 1310 32 19 tre
539 1308 35 22 års
596 1307 84 28 förlopp
700 1308 55 22 efter
770 1308 37 22 det
822 1309 70 21 denna
906 1309 44 22 för-

334 1342 91 28 ordning
450 1342 108 22 utfärdats
584 1342 55 22 skall
661 1343 137 22 kommunens
820 1344 70 22 beslut
913 1351 37 15 an-

333 1378 85 27 gående
434 1378 40 21 den
489 1377 8 22 i
512 1380 11 19 1
540 1378 38 22 och
593 1380 13 19 2
622 1379 24 27 $8
662 1378 106 28 stadgade
784 1379 167 23 distriktsindel-

308 1427 2 2 +
333 1412 53 28 ning
400 1419 54 15 vara
469 1412 150 23 Guvernörens
634 1413 101 28 pröfning
750 1414 140 22 understäldt.

264 1452 205 19 Kommunalutskotteis
481 1453 110 18 betänkande
602 1453 34 18 N:o
649 1454 17 17 4.
