1042 1706
444 129 40 21 N:o
499 129 19 21 8.
819 131 12 20 3

107 195 90 21 Finland
220 196 133 26 verkställas,
377 196 53 21 dock
450 196 76 22 endast
547 196 53 22 efter
618 197 159 21 vederbörande
793 197 67 21 öfver-

108 230 114 21 exekutors
249 230 105 22 särskilda
376 230 145 22 förordnande
545 231 38 21 och
606 232 47 20 med
675 232 141 26 iakttagande
839 232 23 20 af

108 264 69 21 nedan
195 264 90 22 anförda
299 264 140 22 föreskrifter.

460 328 46 27 28.

175 367 166 27 Verkställighet
356 368 58 21 inom
429 368 90 21 Finland
535 368 23 22 af
567 368 102 22 domstols
680 369 6 21 i
697 369 162 27 Kejsaredömet

107 401 48 21 dom
171 402 62 20 sökes
249 402 119 27 skriftligen
383 402 38 21 hos
437 402 163 22 öfverexekutor
614 403 7 21 i
637 403 40 21 den
693 405 40 25 ort,
751 404 37 21 der
798 404 61 21 verk-

106 436 136 27 ställigheten
258 436 39 21 bör
312 443 40 20 ega
367 443 53 15 rum.

456 501 12 19 3
484 501 19 26 8.

175 539 152 27 Ansökningen
347 539 54 21 skall
420 539 85 28 ätföljas
525 539 23 22 af
562 547 25 14 en
603 539 23 22 af
640 540 40 21 den
696 541 163 27 domstolsmyn-

108 573 77 27 dighet,
209 580 45 15 som
272 573 39 22 fält
330 574 82 26 domen,
431 574 33 21 för
482 575 161 27 verkställighet
659 575 101 22 utfärdad
776 575 84 22 afskrift

107 607 66 28 deraf,
192 607 87 22 försedd
295 608 47 21 med
358 608 130 22 domstolens
504 609 60 27 intyg
579 610 34 20 att
628 609 76 22 domen
719 610 77 21 vunnit
811 610 49 27 laga

106 642 57 22 kraft
179 645 56 19 samt
250 643 48 21 med
312 643 58 22 bevis
386 643 23 21 af
422 643 226 28 Generalguvernören
665 644 52 21 eller
727 644 132 22 Statssekre-

106 677 91 21 tariatet
211 677 34 21 för
259 677 90 22 Finland
366 679 32 20 att
413 678 150 27 myndigheten
580 680 24 19 är
619 679 67 21 sädan
703 679 100 26 domstol,
814 685 45 15 som

106 712 7 20 i
131 713 8 19 1
158 712 11 27 8
185 713 66 25 sagts.

463 743 13 18 4
491 742 19 27 8.

174 780 60 21 Efter
252 781 162 26 emottagandet
432 781 23 20 af
469 781 146 27 ansökningen
631 781 107 27 förelägge
753 781 106 22 öfverexe-

108 815 65 21 kutor
188 815 141 26 vederparten
346 817 32 20 att
393 815 57 21 inom
467 816 41 21 viss
524 816 32 21 tid
571 816 54 21 efter
640 816 120 21 delfåendet
775 816 7 21 i
793 817 66 20 saken

106 849 119 27 skriftligen
244 855 70 21 svara,
332 849 35 22 vid
388 849 103 28 äfventyr,
512 857 34 14 om
565 850 42 21 han
624 851 36 20 det
675 849 134 27 försummar,
827 852 32 19 att

107 883 89 22 ärendet
212 884 57 21 ändå
284 883 89 28 afgöres.

460 915 12 18 5
488 913 19 27 8.

174 952 42 21 Vid
223 952 185 27 handläggningen
417 952 23 21 af
446 953 71 27 dylika
525 953 94 21 ärenden
628 953 61 27 ingår
698 953 162 22 öfverexekutor

105 987 47 20 icke
167 987 6 21 i
188 987 132 26 granskning
336 987 22 20 af
371 987 73 27 sjelfva
460 987 72 27 saken,
549 993 46 16 som
611 987 88 28 afgjorts
715 987 23 22 af
747 987 112 22 domstols-

105 1021 124 27 myndighet
250 1021 7 21 i
280 1021 168 27 Kejsaredömet,
469 1023 52 20 utan
538 1021 87 28 pröfvar
641 1023 76 20 endast
733 1028 34 15 om
783 1022 76 21 domen

105 1055 117 22 innehåller
244 1055 146 27 förfoganden,
415 1055 82 22 hvilkas
520 1056 159 21 verkställande
702 1055 78 22 strider
803 1057 57 20 emot

107 1091 77 20 allmän
208 1091 91 26 ordning
322 1090 51 21 eller
395 1090 46 21 icke
460 1090 114 27 medgifves
594 1090 23 21 af
632 1091 7 20 i
654 1090 91 21 Finland
761 1089 100 27 gällande

106 1125 45 26 lag;
169 1125 53 20 dock
237 1127 34 18 att
286 1124 161 27 verkställighet
462 1125 17 26 ej
496 1125 35 20 må
545 1125 88 26 beviljas
649 1126 57 19 emot
716 1129 86 22 person,
814 1130 45 15 som

106 1161 24 19 är
149 1159 73 21 bosatt
240 1159 7 21 i
265 1159 97 26 Finland,
381 1158 33 22 för
430 1159 36 21 det
481 1158 36 22 fall
533 1160 33 21 att
581 1159 108 26 stämning
705 1159 13 20 å
732 1158 80 21 honom
828 1158 31 21 till

106 1193 254 27 domstolsmyndigheten
380 1193 58 21 skett
456 1199 75 21 genom
547 1199 83 15 annons
646 1193 6 21 i
667 1193 139 26 tidningarna
821 1192 39 21 och

105 1227 49 26 han,
171 1227 108 27 derjemte,
295 1227 94 21 hvarken
405 1227 136 27 personligen
558 1227 51 21 eller
624 1233 76 21 genom
716 1227 78 21 ombud
805 1233 54 20 upp-

106 1261 60 22 trädt
181 1262 6 21 i
204 1261 70 22 målet.

460 1292 11 19 6
488 1291 18 26 8.

175 1331 41 20 Vid
230 1330 130 26 behandling
377 1330 23 20 af
414 1331 100 24 ärenden,
530 1336 45 14 som
591 1329 62 21 ofvan
664 1331 94 24 nämnts,
769 1329 90 21 förfares

107 1365 29 26 på
150 1365 45 20 sätt
210 1370 34 15 om
260 1364 171 27 utsökningsmål
446 1363 69 21 finnes
531 1363 108 26 stadgadt.

175 1397 109 22 Meddelar
308 1397 161 22 öfverexekutor
491 1397 130 21 förordnade
644 1403 33 15 om
699 1396 161 27 verkställighet

106 1433 38 22 och
165 1435 24 19 är
208 1433 18 27 ej
245 1433 66 21 saken
327 1432 67 22 sådan
411 1434 33 20 att
460 1431 198 28 ändringssökande
673 1431 78 22 varder
766 1432 93 27 onyttigt
