1034 1711
294 129 83 24 Ständ.
392 130 36 23 Sv.
446 143 24 3 —
486 130 72 28 Prop.
574 131 42 22 N:o
631 131 20 21 6.
823 131 26 20 69

438 209 38 19 109
492 207 20 29 8.

169 262 50 28 Åtal
243 272 46 19 mot
311 270 143 21 kommunala
475 270 159 29 myndigheter
653 272 57 20 samt
727 271 8 20 i
750 271 100 20 kommu-

100 311 56 14 nens
176 303 69 28 tjenst
267 303 102 22 anstälda
390 304 106 28 styrelser
519 305 42 20 och
584 311 107 22 personer
709 305 87 21 utföras
810 305 40 21 vid

100 338 82 21 allmän
197 337 102 23 domstol.
321 338 48 21 Har
384 338 146 23 innehafvare
541 339 23 21 af
573 339 129 21 kommunal
712 339 138 21 förtroende-

100 373 128 28 befattning
243 373 52 22 eller
311 373 69 28 tjenst
393 373 76 22 blifvit
489 373 3 22 i
506 373 98 22 nämnda
619 373 35 22 sin
669 374 114 28 egenskap
799 373 51 22 med

100 407 161 29 förskingring,
285 407 92 29 svikligt
399 407 130 22 förfarande
552 408 53 21 eller
628 415 74 14 annan
725 407 125 29 oredlighet

99 441 101 27 beträdd,
219 445 24 18 är
265 442 224 22 kommunalstämma
508 442 127 29 berättigad
654 445 32 19 att
701 443 84 21 honom
800 442 50 21 från

100 477 124 21 utöfvande
242 477 25 22 af
286 476 157 29 befattningen
465 477 88 26 afhålla,
569 477 70 28 jämte
655 477 37 22 det
707 477 70 22 saken
792 477 58 22 oför-

100 511 112 30 dröjligen
231 512 56 21 skall
308 511 34 22 till
363 512 107 22 domstols
489 512 139 29 behandling
643 512 149 22 öfverlemnas
808 512 42 21 och

100 547 78 22 därom
193 547 41 22 hos
249 549 144 26 guvernören
408 547 104 21 anmälas.

438 646 39 20 110
492 644 21 29 8.

167 708 122 25 Kommun,
312 715 48 15 som
383 708 82 22 önskar
484 708 35 28 sig
537 708 33 22 till
589 708 147 22 efterrättelse
752 708 39 22 vid
806 709 44 21 den

99 743 143 21 kommunala
256 743 168 28 förvaltningen
440 743 89 21 utfärda
544 743 142 28 reglemente,
702 751 52 20 eger
770 744 80 20 under-

100 777 63 22 ställa
185 777 85 28 förslag
293 777 74 22 därtill
388 779 155 26 guvernörens
565 777 7 22 i
590 777 60 22 länet
668 777 118 29 pröfning;
808 778 42 21 och

99 813 36 20 må
157 814 150 26 guvernören,
331 819 35 14 om
388 812 45 21 han
455 812 72 21 finner
550 811 108 29 förslaget
676 811 19 29 ej
715 813 34 20 stå
767 812 8 21 i
794 812 56 21 strid

98 847 51 21 med
172 846 75 22 denna
268 846 134 28 förordning
420 846 52 22 eller
490 847 61 21 hvad
569 847 37 28 lag
621 846 53 28 eljes
690 846 97 29 stadgar,
804 847 45 21 det-

99 888 85 14 samma
198 880 34 22 till
247 880 148 23 efterrättelse
411 881 115 22 stadfästa.

167 1100 87 22 Genom
273 1100 76 28 kongl.
368 1099 88 23 brefvet
474 1101 25 21 af
516 1100 44 22 den
578 1102 12 19 5
605 1100 95 22 Januari
717 1102 61 23 1808,
793 1100 56 20 kun-

98 1134 77 29 gjordt
197 1135 23 21 af
241 1134 224 29 kammarkollegium
488 1135 43 21 den
555 1137 10 18 1
586 1134 110 21 Februari
715 1141 84 14 samma
818 1136 30 23 år,

98 1169 40 22 har
157 1169 101 28 stadgats
280 1169 70 21 bland
367 1172 69 19 annat
454 1172 38 23 att,
506 1169 69 28 jämte
592 1169 37 21 det
644 1169 147 22 resolutioner
807 1169 43 21 och

99 1203 74 29 utslag
194 1203 8 22 i
225 1203 112 22 ekonomi-
357 1203 41 22 och
411 1203 116 29 politimål,
543 1203 78 22 hvilka
635 1207 51 18 röra
701 1203 50 22 hela
765 1203 84 28 menig-

98 1239 62 20 heter
183 1238 52 21 eller
259 1239 42 20 ock
323 1239 25 20 så
369 1240 82 27 många
468 1238 110 22 särskilda
595 1245 114 21 personer,
728 1240 34 19 att
776 1238 74 27 styrkt

98 1273 91 22 afskrift
204 1273 49 22 icke
268 1273 45 21 kan
328 1275 55 19 utan
398 1275 72 20 större
484 1273 98 22 kostnad
597 1273 43 21 och
648 1273 80 21 besvär
739 1272 110 21 tillställas

97 1307 79 29 hvarje
199 1315 88 21 person,
306 1315 82 20 genom
406 1307 139 29 uppläsande
563 1307 51 21 från
629 1307 149 28 predikstolar
793 1307 55 20 kun-

98 1343 73 26 göras,
187 1341 38 21 det
238 1341 131 28 kungjorda
383 1342 97 21 beslutet
495 1342 52 20 eller
559 1342 89 20 afskrift
660 1341 65 20 däraf
732 1341 42 20 bör
784 1341 64 21 kvar-

98 1375 71 21 blifva
191 1375 7 21 i
220 1375 90 28 kyrkan
329 1376 53 20 eller
399 1375 9 21 i
422 1378 74 25 prests
512 1375 83 25 förvar,
611 1375 58 21 intill
684 1375 51 21 dess
751 1375 34 24 de,
801 1382 48 14 som

98 1410 69 22 saken
188 1412 76 27 angår,
287 1410 88 22 anmäla
398 1410 34 29 sig
450 1410 33 21 till
501 1410 129 21 erhållande
646 1410 24 21 af
683 1409 97 22 beslutet
795 1409 53 21 eller
