1034 1709
208 134 13 21 8
522 134 40 21 N:o
578 134 20 20 5.

178 202 64 21 bäras
257 201 24 22 af
294 208 71 14 annan
381 203 25 19 än
424 202 238 24 auktionsförrättaren,
671 202 65 20 varde
745 202 78 26 jemväl
834 208 33 14 om
878 208 52 21 upp-

177 236 158 22 bördsmannen
350 236 173 27 tillkännagifvet
538 236 40 21 och
594 236 95 27 anslaget
704 236 70 21 såsom
788 242 29 15 nu
827 238 24 19 är
861 236 68 27 sagdt.

523 317 11 28 $
552 318 32 20 12.

246 357 83 22 Allmän
349 357 215 22 auktionsförrättare
579 363 51 15 vare
646 357 83 28 skyldig
744 359 38 25 att,
799 358 37 21 der
851 358 42 21 han
910 358 19 27 ej

177 392 48 21 med
240 392 91 27 säljaren
346 392 135 21 annorlunda
495 392 193 26 öfverenskommit,
705 392 56 21 inom
773 392 78 27 fjorton
862 393 67 27 dagar

176 426 55 22 efter
247 426 94 22 afslutad
357 426 86 22 auktion
460 427 165 21 tillhandahälla
641 427 92 27 säljaren
748 427 85 21 afskrift
845 427 23 21 af
877 427 52 22 auk-

176 461 188 27 tionsprotokollet
377 461 65 28 jemte
458 461 220 28 auktionsskillingen,
690 462 38 21 der
739 462 70 21 denna
819 461 23 22 af
851 462 77 22 honom

176 496 119 27 uppburits,
315 496 53 22 dock
384 497 54 21 efter
453 497 77 26 afdrag
546 497 24 20 af
582 497 38 21 sitt
636 497 77 21 arvode
729 497 38 21 och
783 498 145 27 ersättningen

175 529 34 23 för
224 530 221 22 auktionskostnaden
461 533 56 19 samt
532 530 22 22 af
568 531 26 21 de
610 531 83 27 belopp,
710 531 33 21 för
756 531 71 22 hvilka
838 531 89 22 anständ

175 565 70 21 blifvit
260 565 98 27 inropare
374 565 48 22 med
437 565 101 27 säljarens
554 565 126 27 begifvande
695 566 108 27 beviljadt.

242 600 45 21 Vill
306 600 84 27 säljare,
406 606 44 15 som
467 600 139 21 öfverlemnat
621 600 124 27 uppbörden
761 601 23 21 af
797 601 130 21 auktionslö-

175 640 37 15 sen
228 635 24 20 ät
266 634 236 28 auktionsförrättaren,
518 637 75 25 genast
608 635 139 21 omhänderfä
762 635 55 21 hvad
830 635 35 21 vid
876 635 51 21 auk-

174 668 72 22 tionen
269 669 85 26 influtit,
377 675 50 15 vare
451 669 71 21 dertill
545 669 131 27 berättigad;
700 669 53 21 dock
769 670 34 20 mä
818 669 109 22 auktions-

174 702 130 22 förrättaren
320 704 5 20 i
343 705 22 25 ty
379 703 37 22 fall
430 703 108 22 innehälla
549 705 25 20 sä
584 704 90 26 mycket,
686 710 45 15 som
743 707 88 23 antages
841 704 86 21 komma

174 739 32 19 att
222 739 107 20 motsvara
344 737 220 30 auktionskostnaden
580 738 39 21 och
636 738 98 27 arvodet;
750 738 39 21 och
805 738 53 21 skall
874 739 52 20 auk-

174 771 188 23 tionsförrättaren
379 773 58 21 inom
453 773 40 21 den
508 774 7 20 i
534 775 8 19 1
561 779 63 15 mom.
640 774 91 20 nämnda
746 773 31 22 tid
793 774 32 20 för
841 773 36 22 det
892 774 33 20 sä-

173 807 65 21 lunda
253 806 122 23 innehällna
390 808 23 21 ät
428 808 91 27 säljaren
536 808 102 22 redovisa.

517 889 11 28 8
546 890 32 20 13.

240 929 63 22 Hvad
318 929 7 21 i
340 930 70 20 4—12
433 929 24 28 88
481 930 94 26 stadgats
595 929 109 27 angäende
722 930 78 21 allmän
815 929 110 22 auktions-

172 963 115 22 förrättare
303 963 55 27 gälle
373 963 39 22 ock
427 964 146 21 föreständare
588 963 33 22 för
637 964 187 26 auktionsrörelse,
840 970 45 15 som
902 963 24 21 af

172 997 163 22 stadskommun
351 998 51 21 eller
417 998 64 27 bolag
495 998 113 21 bedrifves.

516 1079 11 27 8
545 1079 32 20 14.

238 1118 65 26 Hvar,
322 1123 45 16 som
386 1120 52 19 utan
457 1119 99 27 behörigt
574 1119 96 22 tillständ
686 1121 69 20 säsom
772 1120 51 27 yrke
839 1120 84 21 utöfvar

170 1151 133 22 förrättande
321 1151 23 22 af
361 1153 120 27 auktioner,
497 1154 50 21 böte
563 1153 46 21 frän
626 1154 40 21 och
681 1155 49 20 med
745 1154 73 22 femtio
834 1155 33 21 till
883 1155 39 21 och

170 1187 48 21 med
234 1187 129 22 femhundra
378 1187 67 22 mark.

515 1263 11 26 8
544 1264 31 19 15.

237 1294 136 28 Äsidosätter
399 1301 216 22 auktionsförrättare
641 1302 53 21 eller
719 1303 147 21 föreståndare
888 1304 33 21 för

169 1335 180 22 auktionsrörelse
365 1335 56 22 hvad
436 1336 7 21 i
459 1336 69 22 denna
539 1336 125 28 förordning
674 1337 68 23 finnes
753 1338 106 28 stadgadt,
871 1339 49 21 böte

168 1369 48 23 frän
232 1370 40 22 och
287 1370 48 22 med
350 1370 31 22 tio
397 1370 33 22 till
446 1371 38 22 och
501 1372 49 21 med
560 1372 124 22 femhundra
695 1373 67 28 mark,
774 1374 37 21 der
822 1374 19 27 ej
852 1373 68 22 öfver-

168 1405 107 22 trädelsen
292 1405 115 23 innefattas
423 1406 6 22 i
445 1407 95 28 gerning,
556 1414 45 15 som
617 1408 66 27 enligt
698 1408 78 22 allmän
789 1410 97 27 strafflag
897 1412 23 19 är

168 1440 76 28 belagd
259 1441 48 21 med
323 1442 112 27 strängare
451 1442 65 22 straff.
