1045 1703
323 123 26 22 U.
366 124 27 22 B.
409 136 30 3 —
453 124 75 28 Prop.
543 124 45 22 N:o
603 124 23 22 2.
791 127 25 19 15

103 194 149 23 oförberedda
270 194 70 26 skick,
357 195 64 21 hvari
440 195 74 21 målen
535 196 106 28 vanligen
663 194 90 22 befinna
764 196 46 28 sig,
823 196 30 21 dä

103 231 27 21 de
153 230 183 28 anhängiggöras
360 230 39 22 vid
422 230 104 22 domstol.
558 231 35 21 De
616 231 65 21 flesta
699 231 45 21 mäl
761 231 88 21 utföras

103 266 57 22 efter
176 266 98 28 muntlig
290 266 121 28 stämning,
427 266 95 21 hvarvid
537 266 70 21 saken
623 266 113 28 svärligen
746 266 45 22 kan
801 270 50 18 när-

103 309 61 14 mare
188 301 115 29 angifvas;
328 302 42 26 och
385 302 39 21 vid
441 302 81 21 sädant
537 301 141 22 förhällande
694 304 25 18 är
734 302 39 21 det
789 302 62 28 sjelf-

103 337 71 26 fallet,
202 338 7 21 i
235 338 124 27 synnerhet
386 344 37 15 om
452 338 69 21 saken
544 340 24 19 är
592 337 25 21 af
637 339 72 26 nägot
731 338 120 21 invecklad

103 373 165 26 beskaffenhet,
292 375 34 19 att
346 373 132 25 svaranden,
500 380 49 14 som
564 372 49 22 icke
629 373 89 22 kunnat
732 373 121 22 förbereda

103 409 36 28 sig
160 411 30 26 på
212 411 34 20 ett
261 408 146 29 fullständigt
423 409 123 21 svaromåls
563 408 139 29 afgifvande,
718 409 7 20 i
742 409 26 21 de
784 409 66 22 flesta

103 444 41 22 fall
160 445 102 21 anhåller
278 451 37 15 om
330 444 104 29 uppskof
447 445 5 20 i
469 445 76 26 målet,
562 444 87 22 hvilket
663 444 49 22 icke
724 445 70 21 heller
804 445 46 22 kan

102 481 83 21 honom
203 481 123 28 förvägras.
359 480 35 21 Af
408 480 48 29 vigt
472 481 35 21 för
522 480 150 22 befordrande
683 481 26 21 af
718 481 134 28 skyndsam-

103 517 40 20 het
178 517 7 20 i
221 518 150 27 rättegången
405 523 53 14 vore
489 516 94 27 således,
615 517 72 27 enligt
718 517 132 22 Utskottets

103 552 99 28 mening,
234 552 129 22 införandet
393 551 26 22 af
447 552 141 28 stadganden
614 552 85 26 derom,
715 555 43 25 att
783 555 68 19 stäm-

103 588 56 28 ning
195 588 41 21 bör
271 587 114 22 meddelas
417 588 7 20 i
459 588 69 21 sådan
562 587 66 27 form,
660 595 48 14 som
739 588 114 28 aflägsnar

103 623 45 21 alla
178 623 81 22 tvifvel
290 631 37 14 om
358 624 51 20 dess
434 624 108 26 innehåll,
564 626 58 19 samt
647 626 34 19 att
707 624 144 28 stämningen

103 659 42 21 bör
167 666 54 14 vara
245 661 24 19 så
292 659 135 28 fullständig
450 662 34 19 att
507 660 132 25 svaranden,
663 663 41 18 när
725 660 45 22 han
789 660 61 22 kom-

103 701 47 15 mer
174 694 35 22 för
232 697 67 24 rätta,
315 695 45 21 kan
376 694 133 23 förutsättas
525 703 42 21 ega
582 695 70 28 nödig
668 695 128 22 kännedom
812 703 39 14 om

103 730 84 30 själfva
210 731 130 22 käromålet.
372 730 44 21 Att
439 731 43 21 den
506 730 113 29 skriftliga
642 731 89 21 formen
745 731 8 21 i
769 731 82 22 sådant

103 767 107 22 afseende
233 775 53 20 eger
309 766 100 29 afgjordt
433 766 113 22 företräde
568 766 95 22 framför
679 767 44 21 den
738 767 113 28 muntliga

104 805 24 19 är
150 803 122 28 naturligt;
293 803 41 21 och
357 802 8 21 i
382 805 10 18 1
411 803 13 28 $
442 804 25 19 11
485 803 51 28 kap.
553 803 27 21 R.
597 803 27 21 B.
641 802 125 29 uppställes
782 803 68 21 äfven

104 838 100 28 skriftlig
227 839 114 28 stämning
358 841 74 18 såsom
447 839 70 27 regel,
533 838 99 22 derifrån
653 838 117 29 undantag
785 839 7 20 i
808 839 43 21 föl-

101 874 70 29 jande
188 874 14 28 &
217 873 127 29 medgifves
361 875 81 20 endast
457 873 35 22 för
510 875 77 28 ,ringa
602 874 52 26 mål,
671 874 39 21 der
725 873 20 30 ej
758 875 57 21 tvist
825 877 26 19 är

103 917 37 15 om
149 910 53 29 jord
218 910 55 21 eller
288 910 64 21 hus.*
375 910 133 21 Emellertid
524 911 47 26 har,
586 912 73 19 säsom
670 909 91 27 bekant,
772 911 77 27 praxis

103 946 100 21 utbildat
224 945 34 28 sig
275 946 92 26 derhän,
389 949 35 18 att
439 945 100 30 skriftlig
556 946 113 27 stämning
685 945 111 22 erfordras
813 954 37 13 en-

103 982 51 21 dast
177 981 35 22 för
236 981 56 21 tvist
315 982 116 28 angäende
450 981 116 28 fastighet,
588 983 33 19 ett
636 981 148 27 förhällande,
801 989 49 14 som

103 1017 123 28 ingalunda
242 1020 24 17 är
282 1016 247 22 öfverensstämmande
545 1017 52 21 med
612 1017 79 28 lagens
708 1017 141 28 ordalydelse

104 1053 41 20 och
168 1052 98 28 mening.
298 1052 45 22 För
368 1055 34 18 att
424 1061 32 13 nu
479 1053 39 20 det
536 1052 171 28 ofvanantydda
723 1052 127 22 ändamälet

103 1089 51 21 med
178 1088 114 28 stämning
313 1088 58 21 skall
386 1089 78 20 kunna
480 1090 88 27 uppnäs
586 1088 41 21 och
643 1090 71 19 större
731 1088 119 28 stränghet

103 1127 61 19 emot
187 1124 126 21 svaranden
335 1125 52 20 med
411 1124 105 21 afseende
542 1126 12 19 å
569 1123 158 29 förpligtelsen
744 1126 33 19 att
793 1127 56 19 utan

102 1160 104 28 uppskof
226 1161 66 20 träda
313 1160 8 21 i
344 1160 112 21 svaromäl
480 1162 65 26 göras
566 1159 111 29 gällande,
694 1160 41 21 bör
750 1159 20 29 ej
789 1160 60 21 blott

103 1195 83 22 bruket
206 1195 26 22 af
252 1195 99 28 skriftlig
372 1196 114 28 stämning
502 1198 65 26 göras
583 1195 144 26 allmännare,
746 1198 56 19 utan
818 1196 32 21 äf-

103 1239 44 13 ven
160 1231 155 29 stämningens
323 1231 100 21 innehäll
432 1231 94 22 sälunda
537 1231 204 28 förfullständigas,
752 1233 32 20 att
798 1232 51 21 den-

103 1275 91 17 samma,
211 1270 63 19 utom
290 1269 115 27 parternes
421 1274 68 14 namn
506 1269 58 20 samt
579 1267 34 21 tid
624 1267 42 21 och
677 1272 36 16 ort
723 1267 35 22 för
768 1267 80 22 mälets

102 1303 178 29 handläggning,
296 1303 68 22 äfven
375 1303 81 26 skulle,
468 1310 36 14 om
516 1303 42 22 ock
569 1303 7 20 i
588 1305 83 19 största
682 1303 98 26 korthet,
792 1311 57 22 upp-

103 1341 53 25 taga
178 1339 126 20 kärandens
327 1339 125 27 pästäende
476 1339 42 20 och
541 1339 104 27 grunden
665 1338 36 21 för
717 1339 130 21 detsamma.

103 1374 35 21 En
154 1374 132 28 förändring
297 1374 7 21 i
315 1374 74 21 denna
399 1372 101 29 riktning
512 1373 25 21 af
546 1373 158 27 ordalydelsen
715 1373 7 21 i
734 1374 27 20 R.
773 1374 26 20 B.
813 1376 34 18 11:

104 1413 10 19 1
139 1410 41 21 vill
203 1410 120 21 Utskottet
346 1409 35 22 för
404 1409 35 21 sin
462 1410 37 20 del
522 1411 24 20 sä
562 1409 93 29 mycket
670 1409 71 21 hellre
757 1409 93 23 förorda

174 1459 136 22 Lagutskottets
323 1459 116 18 betänkande
451 1458 37 18 N:o
501 1459 16 17 5.
