1073 1670
315 135 246 22 Petitionsbetänkande
576 135 36 22 N:o
629 135 34 22 20.
808 136 27 21 47

110 205 139 27 organiseras
263 205 31 20 till
309 204 140 28 femklassiga
463 205 161 26 mellanskolor,
636 204 24 22 af
668 205 123 22 Ständerna
802 204 68 21 blefve

110 239 111 28 godkändt
244 239 41 22 och
308 239 125 22 sedermera
453 239 7 21 i
475 239 70 22 nåder
560 239 99 27 stadfäst,
675 246 52 15 vore
743 239 42 22 den
801 239 68 22 ound-

109 274 102 27 gängliga
233 273 79 28 följden
331 273 68 27 däraf,
416 275 32 20 att
463 276 31 19 ett
510 274 124 27 betydande
650 274 59 21 antal
725 273 23 22 af
762 273 52 22 våra
830 280 39 14 nu-

109 309 97 21 varande
221 309 71 27 lyceer
307 308 88 21 komme
411 310 32 19 att
459 308 107 21 omdanas
581 308 31 21 till
628 309 72 27 lyceer
715 309 50 21 med
781 308 88 21 mellan-

109 343 78 22 skolor.
211 343 31 27 Ty
258 349 36 15 om
309 342 25 21 så
349 343 48 21 icke
413 343 89 25 skedde,
518 343 89 21 komme
618 345 31 20 ett
660 343 154 21 försvinnande
824 343 45 20 litet

110 378 60 21 antal
191 377 22 22 af
232 377 26 22 de
273 377 31 21 till
319 377 155 22 mellanskolor
489 377 132 22 förändrade
637 377 232 22 elementarskolornas

110 413 71 21 elever
203 412 6 20 i
232 411 79 22 tillfälle
331 413 32 19 att
378 413 110 26 genomgå
503 412 188 21 lärdomsskolans
706 412 51 21 kurs
773 411 95 22 fullstän-

110 446 50 28 digt.
198 446 30 22 De
253 447 36 21 två
315 446 7 21 i
345 446 81 28 antydd
449 446 96 27 riktning
568 446 155 28 organiserade
745 446 123 28 reallyceer,

110 481 73 21 hvilka
198 488 29 14 nu
243 481 94 27 grundas
353 481 5 20 i
374 480 83 28 Viborg
473 481 42 21 och
530 480 142 28 Helsingfors,
685 480 65 22 hafva
761 480 108 28 nämligen

110 516 7 21 i
133 516 48 21 sina
196 522 56 21 egna
267 516 58 26 lägre
341 515 84 22 klasser
441 516 27 21 de
483 516 109 27 behöfliga
608 516 189 26 mellanskolorna,
814 514 55 22 ifrån

110 550 73 22 hvilka
207 550 26 22 de
251 550 67 27 högre
337 550 115 21 klasserna
467 550 62 22 torde
545 550 89 21 komma
650 552 32 19 att
697 550 21 21 få
734 550 79 21 aldeles
828 549 41 21 till-

110 585 91 27 räckligt
217 584 76 23 elever.
323 584 40 22 Om
379 591 51 15 man
447 585 47 22 åter
504 584 133 27 förutsätter,
649 586 32 20 att
690 584 179 27 tillströmningen

112 619 24 21 af
149 619 70 22 elever
234 619 30 21 till
280 619 63 22 dessa
359 619 165 22 småstädernas
540 619 155 22 mellanskolor
709 619 41 22 blir
766 619 42 21 lika
819 618 49 22 obe-

111 654 67 27 tydlig
200 654 51 21 eller
273 655 58 20 ännu
349 654 84 21 mindre
450 655 29 20 än
494 653 32 22 för
542 654 138 21 närvarande
695 654 30 21 till
740 654 129 21 elementar-

111 688 109 27 skolorna,
245 688 50 21 eller
317 695 35 14 om
376 695 51 14 man
451 690 97 25 antager,
571 691 32 18 att
618 688 84 21 sådana
717 688 152 22 mellanskolor

111 723 80 28 uppstå
205 723 54 21 blott
273 723 7 20 i
295 723 44 21 helt
355 722 21 22 få
392 723 79 26 städer,
488 723 73 27 frågar
575 729 53 15 man
644 723 32 27 sig
690 722 114 28 förgäfves,
815 722 53 21 hvil-

112 758 43 21 ken
170 759 61 26 nytta
246 757 116 22 utskottets
377 757 50 22 hela
443 757 81 28 förslag
539 757 89 22 medför.
656 757 49 22 Men
717 764 36 15 om
763 757 106 27 uppkom-

112 795 48 19 sten
183 792 23 21 af
223 792 64 21 dessa
304 792 155 21 mellanskolor
474 793 40 26 gör
530 792 35 22 det
581 792 174 27 oundgängligen
771 792 97 21 nödvän-

111 827 45 27 digt
179 829 31 19 att
233 827 125 27 organisera
381 829 30 19 ett
433 827 71 21 flertal
521 827 72 27 lyceer
609 827 54 21 efter
679 833 84 15 samma
778 827 89 27 princip,

111 861 46 21 står
172 862 47 21 åter
235 868 26 15 en
276 860 80 22 reform
373 860 23 22 af
409 861 52 21 hela
475 862 38 20 vår
524 861 160 21 lärdomsskola
694 861 33 21 för
737 862 79 20 dörren
827 861 41 21 och

111 896 94 27 ingriper
227 896 102 21 störande
352 896 7 20 i
382 896 36 21 det
440 896 58 27 lugn,
522 902 48 15 som
592 896 71 22 denna
684 896 61 21 skola
763 896 55 21 dock
835 894 33 22 för

113 931 35 21 det
163 930 136 22 närvarande
314 930 90 21 framför
419 930 38 21 allt
472 930 109 22 behöfver.
611 930 112 28 Förslaget
736 930 72 21 kunde
818 930 50 21 där-

110 966 67 26 jämte
200 965 77 27 bringa
299 971 27 15 en
350 967 46 19 stor
411 965 35 21 del
462 964 24 22 af
498 966 55 20 våra
568 965 73 21 skolor
657 965 6 21 i
679 971 27 15 en
721 964 147 22 interimistisk

111 1000 107 26 ställning,
241 1006 36 14 om
300 999 109 27 nämligen
425 999 61 21 Hans
501 999 101 27 Majestät
618 999 104 27 Kejsaren
738 1000 47 21 icke
801 999 67 21 skulle

111 1034 132 26 fullständigt
265 1033 117 27 godkänna
405 1033 43 22 den
471 1033 123 28 föreslagna
609 1034 114 22 reformen.
754 1034 78 21 Såsom
847 1033 23 21 af

112 1068 300 27 ecklesiastikexpeditionens
428 1068 117 22 berättelse
561 1068 33 22 för
609 1069 54 21 åren
679 1068 113 22 1888—90
803 1068 64 21 fram-

110 1104 45 26 går,
178 1103 113 27 behagade
314 1103 60 21 Hans
390 1102 120 28 Kejserliga
524 1102 103 28 Majestät
641 1103 48 22 icke
704 1103 30 21 till
751 1103 41 21 alla
807 1102 59 22 delar

110 1138 117 27 godkänna
243 1144 38 15 ens
296 1137 107 21 Senatens
419 1137 132 21 hemställan
566 1137 24 21 af
603 1138 42 21 den
661 1138 27 21 23
703 1144 49 15 nov.
765 1138 55 21 1890
831 1143 35 15 om

110 1173 123 21 inrättande
251 1172 23 21 af
290 1178 43 22 nya
351 1172 112 27 reallycer.
496 1188 4 9 ,
501 1172 78 27 Enligt
594 1172 141 22 meddelande
751 1172 31 21 uti
797 1172 69 21 Stats-

110 1207 159 22 sekreteriatets
285 1206 111 22 skrifvelse
412 1206 27 22 af
460 1206 42 22 den
521 1207 46 26 !5/,,
585 1206 122 22 November
724 1207 55 21 1890
795 1206 70 21 biföll”

110 1242 108 26 nämligen
239 1257 9 10 ,
251 1241 59 20 Hans
328 1240 120 28 Kejserliga
466 1241 101 27 Majestät
581 1241 31 20 till
628 1241 71 21 denna
717 1241 128 21 hemställan
861 1241 6 20 i

110 1275 63 27 öfrigt
188 1278 60 19 utom
261 1275 134 22 beträffande
405 1275 118 28 reallyceet
534 1275 41 21 och
586 1275 122 22 realskolan
719 1275 50 22 med
780 1275 88 21 svenskt

108 1309 232 28 undervisningsspråk
355 1309 7 21 i
378 1309 141 28 Helsingfors,
536 1309 83 22 hvilkas
631 1310 173 27 reorganisation
814 1309 53 21 tills-

109 1345 74 21 vidare
199 1344 111 22 lemnades
326 1344 132 22 beroende.''

177 1379 48 21 Men
241 1378 70 22 härtill
326 1378 101 22 kommer
443 1380 59 20 ännu
518 1385 27 15 en
560 1379 67 27 viktig
641 1379 167 27 omständighet,
819 1385 49 15 som

108 1414 48 21 icke
173 1414 111 26 påpekats.
314 1413 8 21 I
338 1413 27 21 de
380 1412 48 28 fyra
444 1413 68 21 första
528 1413 245 27 petitionsmemorialen
789 1413 79 21 uttalas

108 1448 143 27 uttryckligen
273 1448 36 20 det
333 1448 172 26 önskningsmål,
528 1450 33 19 att
584 1448 109 27 Styrelsen
712 1448 6 20 i
734 1448 78 26 städer,
829 1448 39 20 där

177 1487 99 18 Allmänna
287 1486 178 19 Besvärsutskottets
477 1486 108 19 betänkande
600 1487 34 17 N:o
647 1488 29 16 21.
