1070 1673
190 114 82 23 Ständ.
287 114 52 22 Pet.
359 127 26 3 —
401 114 170 22 Petitionsbet.
588 114 41 22 N:o
645 114 36 22 27.
770 118 11 18 3

70 176 28 26 på
113 174 131 28 folkskolan,
260 180 45 16 som
316 173 147 23 öfverhufvud
473 174 69 21 utfört
552 174 40 22 sitt
602 174 75 22 arbete
689 174 48 22 med
748 174 64 22 önsk-

69 211 33 27 lig
117 210 204 27 samvetsgrannhet
336 210 40 21 och
391 206 71 26 under
478 210 82 21 ordnad
570 210 103 28 kontroll,
684 212 53 20 utan
747 210 66 22 söker

71 246 34 22 sin
121 246 122 27 förklaring
258 245 151 28 förnämligast
425 245 54 28 deri,
496 247 33 20 att
544 245 122 28 ungdomen
677 245 56 23 efter
743 247 69 21 utträ-

71 282 38 22 det
131 288 26 15 ur
179 281 125 23 folkskolan
319 282 83 21 lemnar
417 281 61 22 åsido
494 281 68 22 sådan
577 282 140 21 intellektuel
732 282 81 27 syssel-

71 318 104 27 sättning,
192 324 45 15 som
252 317 73 22 kunde
340 317 79 27 bringa
434 317 104 22 vetandet
553 317 35 22 till
603 317 98 27 mognad.
731 317 83 23 Hvilka

71 353 105 28 åtgärder
198 355 28 19 än
249 353 35 22 må
306 353 103 21 uttänkas
430 353 8 21 i
454 352 58 28 syfte
528 354 32 20 att
576 353 73 21 direkt
664 352 98 28 afhjelpa
777 360 36 15 an-

71 389 68 27 tydda
161 388 197 28 missförhållande,
380 388 68 22 hafva
471 388 27 22 de
516 388 52 28 föga
582 388 70 28 utsigt
667 390 33 20 att
715 389 49 22 leda
779 389 34 21 till

71 425 74 28 målet,
161 424 49 23 med
225 424 84 23 mindre
324 424 89 22 tillfälle
425 424 93 23 beredes
528 424 123 28 ungdomen
662 426 33 20 att
705 424 57 23 efter
772 424 42 23 den

72 461 110 28 egentliga
198 461 142 22 skolkursens
356 461 122 27 afslutning
492 461 49 21 icke
556 460 57 22 blott
622 459 138 30 befästa'och
770 460 43 23 för-

72 497 65 28 djupa
159 498 53 21 utan
235 496 65 23 äfven
323 497 7 21 i
353 497 71 27 nägon
440 497 50 21 män
505 496 91 27 utvidga
611 496 40 22 sitt
667 497 7 20 i
689 496 125 22 folkskolan

72 532 142 23 förvärfvade
228 532 100 23 vetande.

116 569 63 22 Huru
202 569 71 22 denna
294 567 104 23 fortsatta
421 567 158 28 undervisning
602 567 126 28 lämpligast
748 568 67 21 borde

72 605 114 27 anordnas,
202 607 26 19 är
243 610 27 16 en
285 603 68 29 fräga,
369 610 45 16 som
430 604 49 22 icke
489 603 109 28 förelegat
609 604 25 21 sä
644 603 89 28 beredd,
744 605 34 20 att
788 609 26 16 en

72 642 101 20 närmare
188 640 52 27 plan
254 640 9 21 i
278 640 60 21 detta
353 639 126 22 hänseende
494 646 29 15 nu
540 639 71 22 skulle
627 639 74 22 kunna
717 639 24 22 af
754 639 61 22 Stän-

74 676 67 22 derna
156 675 138 22 framställas.
321 675 123 22 Ständerna
458 675 123 22 inskränka
596 675 35 28 sig
646 675 75 22 derför
735 677 33 20 att
781 676 33 21 sä-

74 718 45 15 som
138 712 34 21 sin
188 712 58 27 äsigt
261 711 7 21 i
284 711 61 22 detta
359 711 126 22 hänseende
500 711 160 27 underdänigst
675 711 91 28 anmäla,
783 712 33 21 att

74 747 167 28 ifrågavarande
258 747 161 27 undervisning,
437 747 35 22 för
486 749 33 20 att
535 749 110 20 motsvara
658 747 40 22 sitt
709 747 105 27 ändamål,

73 783 68 22 borde
156 784 35 21 stä
206 784 8 21 i
229 783 114 28 organiskt
359 783 104 22 samband
478 783 49 22 med
542 782 126 23 folkskolan
678 783 40 22 och
728 783 87 28 betjena

74 819 35 28 sig
126 819 25 22 af
163 819 83 23 hennes
262 818 159 23 lärarekrafter
437 820 56 20 samt
508 818 86 23 säledes
610 819 97 21 anslutas
724 819 34 21 till
774 818 41 23 den

73 855 110 22 ordinarie
198 854 123 23 folkskolan
337 855 72 21 säsom
419 860 28 16 en
457 854 79 28 högsta
547 854 56 22 eller
614 854 123 22 afslutande
748 854 67 22 klass.

74 891 45 21 För
140 890 71 23 denna
231 890 157 28 undervisning
403 890 67 22 borde
486 896 27 16 en
528 890 81 22 lärotid
624 890 24 21 af
661 890 100 28 omkring
777 896 38 16 sex

74 926 82 22 veckor
176 926 48 22 med
246 928 28 20 30
296 926 257 27 undervisningstimmar
568 926 8 21 i
591 926 84 22 veckan
691 926 73 21 kunna
778 932 37 15 an-

75 962 51 27 släs,
150 962 40 22 och
212 962 62 22 torde
297 961 186 23 folkskolläraren
506 962 34 22 för
556 962 70 22 denna
642 961 82 28 ökning
738 962 8 21 i
762 962 53 22 hans

75 998 75 22 arbete
170 998 54 22 böra
238 998 145 22 tillerkännas
399 999 33 21 ett
447 998 69 27 årligt
530 997 189 23 tillskottsarvode
735 997 24 22 af
772 997 42 22 för-

75 1034 95 27 slagsvis
188 1035 41 21 150
245 1034 67 21 mark.

144 1070 12 20 I
178 1071 32 20 ett
229 1070 58 21 inom
302 1069 163 27 Ridderskapet
480 1070 40 21 och
536 1069 71 23 Adeln
623 1070 66 21 väckt
704 1069 112 27 petitions-

75 1105 83 27 förslag
180 1105 40 21 har
242 1105 151 27 grundplanen
415 1105 35 21 till
474 1111 26 16 en
521 1105 92 22 alldeles
629 1112 29 20 ny
674 1106 35 20 art
724 1105 24 21 af
761 1104 55 22 folk-

74 1140 218 28 bildningsanstalter
315 1141 116 21 utstakats.
461 1140 34 23 De
519 1141 25 22 sä
566 1141 87 22 kallade
669 1141 147 21 landtmanna-

75 1176 40 22 och
129 1176 236 28 husmodersskolorna,
383 1177 82 21 sädana
480 1177 146 27 petitionären
642 1176 65 22 tänkt
717 1176 34 28 sig
761 1176 55 28 dem,

75 1212 72 22 skulle
157 1214 78 26 utgöra
245 1218 27 17 en
282 1212 137 28 tillbyggnad
430 1213 68 26 uppät
507 1212 8 22 i
526 1212 86 22 landets
622 1212 193 27 folkskoleorgani-

75 1248 80 26 sation;
172 1247 26 23 de
214 1250 37 19 äro
268 1248 119 22 fristäende
402 1248 156 22 läroanstalter
574 1248 49 22 med
638 1254 56 21 egna
707 1247 109 22 skolloka-

75 1284 34 22 Jer
129 1283 40 22 och
190 1290 55 21 egna
265 1284 71 22 lärare
357 1286 56 19 samt
433 1284 55 22 söka
509 1284 49 21 sina
578 1284 97 21 alumner
693 1283 66 21 bland
774 1283 42 22 den

75 1319 94 27 ungdom
189 1319 25 21 af
226 1319 108 23 hvardera
348 1320 74 27 könet,
447 1326 46 15 som
512 1320 103 27 tillegnat
629 1320 35 26 sig
679 1319 135 22 folkskolans

75 1355 103 22 lärokurs
198 1356 39 21 och
258 1355 37 22 vid
310 1362 27 15 en
352 1356 67 27 nägot
435 1362 103 21 mognare
553 1356 62 21 älder
631 1355 81 22 önskar
726 1355 90 27 utvidga

76 1391 39 21 sitt
135 1391 94 22 vetande
249 1391 8 21 i
278 1390 115 31 särskilda,
409 1391 36 21 till
460 1390 230 28 landtbefolkningens
705 1390 111 23 verksam-
