1067 1673
290 153 260 23 Motionsbetänkande
565 154 45 22 N:o
626 155 38 22 10.

374 522 220 28 Lagutskottets
610 524 183 22 betänkande
804 524 51 22 N:o

307 557 33 22 20
356 557 56 21 med
422 557 136 28 anledning
568 557 28 22 af
606 563 30 16 en
651 558 9 21 i
670 557 186 23 Presteståndet

308 591 72 22 väckt
394 591 95 22 motion
505 591 125 28 angående
646 592 106 27 ändring
766 592 28 22 af
807 592 49 22 dei

306 625 94 22 allmän
415 625 39 27 lag
469 625 151 22 föreskrifna
636 626 205 22 edsformulären.

169 721 64 20 Från
245 721 175 21 Presteståndet
435 721 42 22 har
489 722 166 28 Lagutskottet
666 722 44 21 fått
719 723 73 28 jämte
804 729 52 22 pro-

101 754 171 29 tokollsutdrag
288 755 26 21 af
326 755 45 21 den
388 756 25 21 16
429 755 102 22 februari
552 758 117 26 emottaga
684 756 172 21 nedanstående

101 789 96 27 motion,
214 789 83 28 åtföljd
312 789 84 22 därhos
412 789 27 21 af
451 790 117 28 protokoll
585 789 65 22 öfver
660 797 29 14 en
700 790 39 22 vid
750 790 106 22 ärendets

101 823 81 22 remiss
198 823 8 21 i
221 823 93 22 ståndet
329 823 123 22 förefallen
467 823 138 23 diskussion.

171 918 174 29 (Öfversättning.)

250 1007 53 18 Till
321 1007 166 24 Högvördiga
506 1007 206 20 Presteståndet.

172 1075 68 20 Edens
260 1076 42 23 vigt
316 1076 37 19 och
368 1076 59 23 helgd
443 1075 79 20 fordrar
542 1078 29 17 att
586 1075 151 20 edsformuläret
752 1078 23 17 är
790 1076 70 23 riktigt

102 1106 52 17 samt
169 1104 23 19 så
201 1104 112 19 beskaffadt
328 1107 29 16 att
373 1105 37 18 den
426 1109 42 14 som
484 1104 86 23 aflägger
586 1104 50 19 eden
650 1106 41 17 rätt
702 1104 102 24 uppfattar
814 1105 46 18 dess

103 1133 95 19 innehäll.
229 1133 10 18 I
263 1133 34 19 det
311 1139 26 12 nu
352 1133 92 23 gällande
460 1132 153 20 edsformuläret
627 1133 63 18 måste
708 1133 152 24 begynnelseor-

104 1161 38 19 den
159 1161 51 24 ,,Jag
225 1161 25 19 N.
267 1161 24 20 N.
307 1161 64 19 lofvar
386 1161 38 20 och
440 1163 44 17 svär
501 1161 31 19 vid
549 1161 44 19 Gud
608 1161 37 19 och
661 1161 54 19 Hans
726 1161 65 24 heliga
802 1167 58 13 evan-

104 1189 86 24 gelium''
206 1189 93 20 förefalla
314 1190 24 19 de
353 1189 58 20 flesta
426 1190 70 19 oklara
512 1189 37 20 och
564 1189 53 23 gifva
632 1189 44 19 skäl
687 1189 29 19 till
725 1190 135 23 anmärkning.

104 1217 69 20 Bättre
196 1224 47 13 vore
265 1221 30 16 att
310 1221 55 21 säga:
386 1218 53 24 ,,Jag
458 1218 25 19 N.
506 1219 25 18 N.
547 1217 62 20 lofvar
630 1218 37 19 och
686 1220 45 17 svär
750 1218 52 19 inför
822 1218 38 19 den

104 1246 92 20 lefvande
212 1247 37 19 och
266 1247 106 19 allestädes
387 1247 124 19 närvarande
528 1246 89 19 Guden."

174 1275 126 19 Formuläret
322 1275 30 19 till
368 1275 98 19 vittnesed
482 1277 22 17 är
523 1275 128 19 öfverhöfvan
667 1275 60 24 långt.
754 1275 54 19 Jämt
823 1275 37 19 och

105 1303 89 24 ständigt
204 1304 78 19 använd
298 1304 64 19 såsom
377 1304 65 19 denna
458 1304 24 18 ed
498 1306 28 20 är,
542 1303 89 24 uppstår,
647 1303 30 19 till
693 1303 48 24 följd
757 1303 21 20 af
787 1303 73 19 formu-

104 1332 61 19 lärets
189 1333 65 24 längd,
279 1332 31 19 för
332 1332 100 24 edgängen
452 1332 72 23 menlig
548 1331 94 20 brådska.
683 1331 47 20 Men
763 1334 29 17 ett
819 1331 41 19 för-

106 1360 42 24 slag
163 1360 32 19 till
208 1361 144 19 vidsträcktare
368 1361 137 23 omarbetning
516 1360 62 19 skulle
590 1360 96 19 måhända
697 1360 30 19 för
737 1360 124 19 närvarande

106 1395 48 13 vara
168 1389 102 19 motionen
285 1389 31 19 till
331 1389 69 20 skada,

174 1417 141 24 Afslutningen
340 1417 39 23 ,,Sä
402 1420 44 16 sant
461 1417 39 23 mig
522 1416 44 19 Gud
587 1417 65 23 bjälpe
668 1417 30 18 till
713 1416 23 19 lif
751 1417 37 19 och
811 1415 51 25 själ"

106 1445 39 19 kan
160 1445 45 19 icke
221 1446 64 23 gillas.
309 1445 35 19 Ett
359 1445 48 19 slikt
422 1445 28 19 tal
465 1447 22 17 är
503 1445 17 23 ej
536 1445 115 19 människan
666 1444 112 24 berättigad
794 1447 29 17 att
834 1444 30 19 in-

178 1483 131 23 Lagutskottets
321 1483 111 17 betänkande
444 1483 38 17 N:o
495 1482 33 18 20.
