1064 1661
236 125 14 21 4
423 125 256 24 -Petitionsbetänkande
694 127 36 22 N:o
748 126 19 25 8.

208 195 34 20 ter
262 193 120 23 kräfvande
397 195 37 21 det
449 195 148 28 allvarligaste
613 196 129 22 beaktande.
772 197 62 22 Vissa
849 197 83 22 trakter
947 197 25 22 af

209 228 27 21 de
258 228 99 27 nordliga
379 229 65 21 länen
467 229 64 22 hotas
554 237 79 20 genom
648 231 43 21 den
706 231 214 28 öfverhandtagande
936 234 33 19 ut-

208 262 135 28 vandringen
366 264 50 20 med
435 264 56 21 total
511 264 54 21 brist
581 265 30 27 pä
627 265 162 27 arbetskrafter,
806 265 40 22 och
861 266 108 27 emigran-

208 298 75 20 ternas
301 296 128 29 längvariga
446 298 87 22 vistelse
552 298 4 21 i
572 298 136 23 främmande
727 299 53 22 land
802 300 102 22 försätter
920 301 49 21 dem

208 331 61 22 säväl
287 338 46 15 som
349 333 62 21 deras
426 332 182 22 hemmavarande
631 333 106 29 anhöriga
759 334 41 22 och
815 334 154 22 rättsinnehaf-

208 372 52 16 vare
274 366 8 21 i
297 368 31 20 ett
348 366 56 28 läge,
423 374 46 15 som
486 368 29 27 pä
530 368 44 21 sätt
589 368 8 21 i
612 368 157 22 ofvanstäende
784 368 184 28 petitionsmemo-

208 401 41 21 rial
265 401 131 28 framhälles,
411 401 109 22 föranledt
531 402 130 27 vidtgäende
672 403 83 28 sedliga
765 403 41 22 och
818 403 80 22 sociala
908 404 60 21 miss-

208 435 160 23 förhållanden.
398 436 113 22 Utskottet
533 437 60 21 delar
615 437 34 21 för
671 438 41 21 den
736 437 56 22 skull
815 438 153 27 petitionärens

208 471 56 27 äsigt
279 473 33 19 att
328 470 48 22 frän
392 471 37 21 det
447 471 122 22 allmännas
585 471 48 22 sida
648 472 121 27 nägonting
785 473 65 21 borde
860 474 65 26 göras
935 473 34 21 till

207 505 143 28 afhjälpande
365 505 53 22 eller
432 505 115 22 lindrande
562 505 25 22 af
601 507 62 21 dessa
679 507 146 27 olägenheter.
855 507 47 22 Den
918 509 49 19 när-

208 542 69 20 maste
299 540 115 28 uppgiften
438 542 25 19 är
477 540 77 22 härvid
570 541 138 27 naturligtvis
723 543 34 19 att
772 541 68 22 vinna
855 549 112 20 noggrann

206 574 125 22 kännedom
349 581 35 15 om
405 575 36 21 det
459 576 58 20 onda
533 582 50 14 man
599 575 36 21 vill
650 575 108 28 bekämpa
774 576 41 21 och
830 576 39 27 går
884 576 83 22 således

206 611 25 19 ut
246 610 30 27 på
291 616 27 14 en
333 609 101 28 grundlig
449 609 163 28 undersökning
628 610 24 21 af
663 610 53 21 våra
727 610 141 27 emigranters
879 610 88 28 andliga

206 644 42 21 och
265 644 84 28 timliga
368 644 156 22 lefnadsvilkor
541 644 8 21 i
567 644 135 22 främmande
722 644 53 22 land
796 647 56 20 samt
867 645 25 21 af
905 646 62 20 deras

206 678 106 28 rättsliga,
335 678 118 22 moraliska
475 678 41 22 och
536 678 160 22 intellektuella
711 679 119 21 relationer
844 680 48 21 med
908 679 59 22 hem-

206 713 82 21 landet.
318 713 42 22 Det
374 713 74 22 kunde
463 713 126 27 visserligen
603 713 113 27 invändas,
733 713 40 22 och
784 713 40 22 har
834 714 66 21 också
907 714 59 22 inom

205 747 107 22 utskottet
334 748 98 26 uttalats,
453 750 33 19 att
509 748 26 21 de
556 748 126 21 emotsedda
704 748 133 27 åtgärderna
859 748 107 28 därjämte

204 782 69 22 borde
296 782 45 22 afse
364 789 27 14 en
414 782 116 28 utredning
552 782 25 21 af
597 782 169 28 emigrationens
784 783 94 25 orsaker,
895 783 33 21 för
943 784 23 20 så

204 817 48 21 vidt
269 817 26 27 ju
310 818 27 20 de
353 816 154 28 öfverklagade
522 817 169 27 olägenheterna
706 817 86 21 komme
808 820 33 19 att
855 817 112 22 försvinna

205 852 8 20 i
228 852 43 21 den
287 852 50 21 mån
353 852 119 27 anledniog
487 852 108 21 saknades
611 853 32 19 att
659 852 111 27 emigrera.
800 851 111 22 Utskottet
926 852 41 21 har

205 886 57 21 dock
284 886 48 22 icke
354 886 73 21 funnit
449 887 32 27 sig
505 886 52 22 böra
579 886 85 21 därhän
679 886 91 27 utvidga
785 886 37 21 sitt
837 886 80 27 förslag
933 886 33 22 till

205 920 93 28 petition
317 928 35 14 om
368 921 77 27 åtgärd
461 921 7 21 i
483 921 143 21 förevarande
641 920 67 28 fråga.
740 920 176 28 Emigrationens
932 928 34 14 or-

205 954 65 22 saker
285 956 44 25 äro,
346 962 35 14 om
396 957 29 19 än
440 956 48 21 icke
503 955 106 28 tillfyllest
623 956 99 24 utredda,
738 955 68 21 likväl
821 956 7 20 i
843 955 124 22 hufvudsak

206 989 82 22 kända.
318 990 41 21 Till
380 991 42 21 den
442 990 35 22 del
493 990 25 22 de
534 990 75 21 kunna
623 990 174 27 sammanhänga
812 991 49 20 med
876 997 30 14 nu
920 990 46 28 gäl-

204 1024 66 22 lande
286 1024 7 21 i
308 1024 43 22 viss
366 1025 51 21 mån
431 1032 141 20 ogynsamma
587 1024 69 22 vilkor
671 1024 33 22 för
719 1024 91 27 delning
824 1024 40 22 och
880 1024 49 28 lega
945 1026 24 20 af

202 1058 52 28 jord
274 1060 30 26 på
318 1059 82 26 landet,
416 1059 66 23 hafva
497 1059 104 21 Finlands
617 1059 92 21 Ständer
724 1066 78 20 genom
818 1058 84 29 Nädiga
917 1066 48 20 pro-

204 1093 96 26 position
322 1093 40 21 N:o
382 1094 10 20 1
413 1093 90 22 försatts
523 1094 7 20 i
549 1093 86 22 tillfälle
658 1096 33 19 att
708 1094 8 20 i
732 1093 187 28 lagstiftningsväg
942 1094 24 21 sä

203 1126 47 22 vidt
273 1127 85 28 möjligt
380 1127 88 28 vidtaga
490 1128 102 27 ätgärder
611 1128 32 21 till
664 1129 36 20 det
720 1127 78 21 bättre.
828 1127 78 22 Andra
920 1128 45 20 mä-

204 1161 75 21 hända
300 1161 106 28 vigtigare
429 1161 98 22 orsaker:
550 1163 39 21 vär
611 1162 99 27 nordliga
731 1161 138 28 befolknings
885 1161 80 22 obenä-

203 1195 82 28 genhet
303 1195 35 22 för
357 1198 97 25 tvungen
477 1196 132 27 krigstjenst,
632 1198 48 19 dess
695 1196 25 21 af
740 1196 104 27 gammalt
859 1196 106 21 nedärfda

203 1230 169 27 vandringslust,
395 1230 42 21 och
459 1230 106 22 enskildes
580 1230 142 22 individuella
737 1230 142 27 uppfattning
894 1229 25 22 af
931 1234 34 17 ut-

203 1264 97 27 sigterna
321 1264 35 22 för
378 1264 123 27 framtiden,
521 1266 38 20 äro
578 1265 23 21 af
621 1266 42 20 den
679 1267 34 19 art
729 1267 33 18 att
778 1266 32 19 ett
824 1264 141 21 inskridande

202 1298 50 22 från
270 1299 156 22 statsmaktens
444 1300 53 26 sida,
515 1300 60 20 inom
590 1300 119 27 gränserna
725 1299 33 21 för
774 1300 42 20 den
832 1298 131 29 myndighet,

202 1340 48 14 som
264 1334 8 20 i
287 1334 79 21 sädant
389 1333 103 22 afseende
515 1334 44 21 kan
581 1334 93 26 utöfvas,
693 1333 123 28 säkerligen
832 1334 84 21 komme
931 1336 33 19 att

202 1367 102 22 förblifva
320 1368 7 21 i
342 1368 37 21 det
394 1369 111 20 närmaste
520 1368 108 21 fruktlöst.

273 1401 111 22 Utskottet
400 1409 65 15 anser
479 1402 34 22 för
528 1403 42 20 den
585 1402 156 26 skull,
656 1397 9 36 i
674 1402 67 26 likhet
752 1403 49 20 med
812 1402 150 27 petitionären,

201 1438 34 19 att
253 1437 30 27 pä
300 1437 139 27 grundvalen
454 1437 25 22 af
491 1438 36 20 det
542 1437 85 22 faktum
643 1437 41 21 den
700 1437 156 27 försiggängna
872 1436 91 28 emigra-

272 1476 99 19 Allmänna
383 1476 174 19 Besvärsutskottets
568 1476 112 19 betänkande
694 1477 33 18 N:o
741 1478 17 17 5.
