1056 1673
230 92 41 19 176
420 90 222 24 Petitionsbetänkande
658 91 34 23 N:o
708 90 13 22 1.

199 153 32 21 ett
252 152 110 27 ansenligt
382 152 123 28 sjösystem,
524 152 78 22 medan
618 151 122 23 Salobanan
756 151 18 28 ej
791 152 66 22 berör
872 152 71 26 någon

199 190 72 20 större
286 188 39 27 sjö,
342 194 45 16 som
403 188 19 28 ej
437 187 68 23 redan
517 194 53 16 vore
580 188 92 22 alldeles
682 190 55 20 nära
747 188 59 22 intill
815 188 127 28 jernvägen;

198 224 39 21 och
248 224 92 22 hvilken
347 224 116 28 betydelse
472 230 27 16 en
510 225 47 21 stor
567 224 127 28 inlandssjö,
711 224 3 21 i
724 224 67 22 hvars
802 224 85 28 omnejd
897 224 45 21 rik-

199 260 31 27 lig
249 259 94 29 tillgång
358 260 29 27 på
402 260 56 28 skog
473 260 77 27 finnes,
566 260 40 22 har
621 260 34 22 för
668 260 129 28 jernvägen,
815 260 72 22 derom
903 260 40 21 bär

198 295 120 29 Wesijärvi
334 296 80 22 station
430 296 144 22 vittnesbörd.

269 332 65 22 Hvad
348 332 105 22 beträffar
468 332 131 22 industriela
614 332 154 28 inrättningar,
784 332 40 22 bör
835 332 108 28 ihågkom-

198 374 46 16 mas
265 370 33 20 att
318 370 79 20 nästan
413 368 43 22 alla
467 368 107 28 jernverk
590 368 40 22 och
646 368 66 28 sågar
726 368 33 22 uti
774 368 169 27 ifrågavarande

198 404 160 27 kustlandskap
379 404 87 22 befinna
486 404 35 27 sig
541 404 37 22 vid
599 404 138 27 hafskusten,
759 404 40 22 och
814 404 41 22 ber
867 404 38 28 jag
920 404 23 22 få

198 440 93 22 hänvisa
306 440 35 22 till
356 440 57 22 hvad
426 440 40 28 jag
480 440 8 22 i
504 440 60 22 detta
580 439 104 23 afseende
700 439 65 23 ofvan
780 440 79 26 anfört,
873 440 70 28 tilläg-

198 476 71 28 gande
284 476 41 22 här
340 476 84 28 endast,
441 477 33 21 att
489 476 42 22 den
547 476 167 28 omständighet,
732 477 33 21 att
775 476 94 22 Fiskars
879 476 63 28 bruk,

198 518 45 16 som
265 514 25 20 är
310 512 88 28 beläget
416 514 32 20 ett
464 512 78 28 stycke
557 512 48 22 inåt
620 512 81 28 landet,
718 518 45 16 som
778 512 51 22 bäst
844 512 29 28 på
888 518 55 22 egen

198 548 122 23 bekostnad
339 548 85 28 bygger
445 548 35 28 sig
495 548 95 28 jernväg
605 548 35 22 till
656 548 73 22 Skuru
744 548 130 28 hamnplats,
891 555 51 21 nog-

198 586 57 20 samt
276 584 152 28 ådagalägger,
445 584 56 22 huru
516 584 54 28 högt
586 584 41 22 den
644 584 77 28 fördel,
738 590 46 16 som
800 584 143 22 hafskommu-

198 620 128 23 nikationen
334 620 108 28 erbjuder,
451 620 70 22 måste
530 620 92 22 skattas.
638 620 111 23 Särskildt
756 620 87 22 komma
851 620 92 28 sågarne

198 656 37 23 vid
244 656 156 23 hafsstranden
411 656 143 28 naturligtvis
564 656 49 22 icke
624 657 33 21 att
665 656 100 28 begagna
773 656 35 28 sig
816 656 24 22 af
843 656 99 28 jernväg.

270 692 32 22 Af
315 692 26 22 de
351 692 78 28 många
437 692 107 28 jernverk
554 699 44 15 som
606 692 87 22 befinna
702 692 34 28 sig
744 692 7 22 i
759 692 184 28 kustlandskapet

198 729 94 22 emellan
308 728 139 28 Helsingfors
464 728 39 22 och
518 721 48 29 Åbo
582 729 54 21 höra
652 728 78 22 endast
740 728 77 28 Koski,
828 728 115 22 Mathilde-

199 765 42 27 dal,
258 765 69 27 Tykö,
344 764 58 22 Näse
418 764 40 22 och
473 764 131 28 Kirjakkala
619 764 35 22 till
668 764 41 22 den
720 764 125 28 föreslagna
856 771 43 21 nya
909 765 34 21 ba-

199 807 54 16 nans
269 800 169 23 trafik-område.
454 800 71 23 Deras
541 801 177 27 sammanlaggda
730 800 213 28 produktionsvärde

198 837 101 28 utgjorde
318 837 24 22 år
360 839 56 20 1888
433 837 69 28 enligt
518 836 102 23 officiella
634 837 90 28 tryckta
738 836 73 23 källor
828 836 115 30 (Finlands

199 873 102 22 officiella
316 873 108 28 statistik)
441 875 95 26 898,770
552 873 67 22 mark.

270 905 91 36 Billnäs,
386 897 146 45 Åminnefors,
556 909 119 28 Fagervik,
698 909 78 22 Svartå
797 909 39 22 och
855 909 88 28 Skogby

199 946 53 21 höra
264 945 44 22 alla
317 945 35 22 till
362 945 162 28 Hangöbanans
535 947 110 20 närmaste
656 945 155 22 trafikområde
822 945 39 22 och
873 945 71 22 skulle

199 981 49 22 icke
264 981 60 28 ligga
338 983 102 20 närmare
456 981 42 22 den
514 981 125 28 föreslagna
655 987 43 22 nya
714 983 27 20 än
757 981 78 27 Hangö
844 981 99 27 jernväg.

200 1017 140 22 Trollshofda
356 1017 72 22 skulle
444 1017 65 22 hafva
528 1017 46 22 lika
589 1017 52 27 lång
656 1019 44 25 väg
715 1017 35 21 till
765 1017 110 22 hvardera
887 1017 57 27 jern-

199 1055 78 25 vägen.
298 1052 96 28 Högfors
410 1052 128 30 (Karkkila)
555 1054 25 20 är
595 1053 89 27 mycket
698 1054 102 20 närmare
816 1052 77 28 Hangö
909 1052 35 22 ba-

199 1095 43 16 nan
259 1091 29 20 än
304 1089 41 22 den
360 1095 44 21 nya
420 1089 76 22 banan.
520 1089 127 22 Dahlsbruk
658 1089 40 22 och
708 1088 126 28 Björkboda
845 1094 51 16 vore
907 1094 37 16 un-

199 1124 64 29 gefär
282 1124 43 23 fem
340 1125 38 21 mil
393 1124 50 22 från
460 1125 41 22 den
516 1131 44 22 nya
573 1125 123 28 jernvägen
712 1124 39 22 och
766 1124 8 22 i
790 1124 155 28 sammanhang

198 1161 92 22 härmed
310 1161 35 21 må
360 1163 90 20 nämnas
467 1163 33 20 att
515 1161 66 23 äfven
596 1162 130 27 glasbruket
742 1160 135 22 Skinnarvik
892 1167 53 16 vore

199 1197 50 22 från
266 1197 42 22 den
328 1204 43 20 nya
384 1197 122 28 jernvägen
522 1198 28 26 på
566 1197 46 22 lika
627 1198 62 27 långt
705 1196 94 28 afstånd,
817 1202 45 16 som
875 1196 69 23 dessa.

199 1233 33 22 De
248 1233 74 22 skulle
338 1233 86 22 således
440 1233 20 28 ej
470 1234 54 21 höra
535 1233 35 21 till
581 1233 41 22 den
637 1240 44 21 nya
691 1233 83 22 banans
784 1232 160 23 trafikområde.

199 1268 95 23 Fiskars
309 1269 63 27 bruk,
387 1276 45 15 som
444 1269 72 22 skulle
527 1269 85 22 komma
623 1271 32 21 att
666 1270 60 27 ligga
737 1270 102 20 närmare
850 1268 41 22 den
902 1275 43 21 nya

196 1305 130 27 jernvägen,
349 1306 25 20 är
394 1305 93 27 belägen
507 1305 29 27 på
557 1304 99 29 omkring
678 1311 27 16 en
726 1304 50 22 mils
792 1303 87 23 afstånd
895 1304 50 22 från

199 1340 79 28 Hangö
287 1341 94 27 jernväg
392 1343 56 20 samt
459 1341 40 22 hör
510 1341 86 21 således
604 1342 68 21 redan
680 1341 36 22 till
725 1340 51 22 dess
784 1339 160 23 trafikområde.

272 1376 105 28 Sågverk,
400 1377 108 28 mejerier,
523 1377 106 27 glasbruk
644 1384 26 15 m
686 1377 20 22 fl.
720 1376 131 22 industriela
867 1376 77 22 inrätt-

199 1413 80 27 ningar
299 1413 8 21 i
322 1412 49 22 Salo
387 1413 84 28 köping
486 1414 39 21 och
541 1413 65 22 ofvan
622 1413 143 28 uppräknade
781 1412 93 22 socknar
889 1412 56 22 hade

272 1454 172 24 Jernvägsutskottets
457 1454 105 20 betänkande
574 1454 35 18 N:o
622 1456 14 17 1.
