1056 1678
256 175 13 20 8
441 175 209 24 Petitionsbetänkande
680 177 34 22 N:o
731 176 35 23 37.

225 237 51 22 fond
301 237 32 22 för
352 238 115 27 långbrons
483 239 132 26 uppförande
630 238 114 22 framdeles
760 239 22 21 af
796 239 110 27 varaktiga
921 239 65 28 bygg-

226 272 130 21 nadsämnen
379 275 55 18 samt
459 273 32 20 för
516 273 65 21 andre
606 273 88 21 härmed
718 273 104 21 likartade
845 273 141 26 inrättningar

225 308 58 19 inom
303 306 64 26 länet,
389 309 22 24 ty
435 307 38 20 och
489 307 27 21 då
532 307 110 26 derjemte,
658 307 65 26 enligt
738 307 56 21 hvad
809 307 9 21 I
835 307 80 21 anmält
930 310 56 18 samt

225 339 147 22 erfarenheten
395 340 124 26 ådagalagt,
536 340 52 22 bron
610 340 69 22 blifvit
702 340 22 22 af
746 341 81 26 staden,
844 340 141 22 oaktadt-det

225 374 96 26 ätnjutne
350 374 65 27 dryga
445 374 100 27 anslaget,
577 375 36 21 illa
635 375 145 25 underhållen,
804 375 38 21 och
867 374 118 28 egenteliga

226 408 93 26 afsigten
335 409 47 20 med
398 408 107 26 anslagets
521 409 144 21 öfverlätande
681 408 32 22 till
729 409 75 21 staden
818 409 77 27 jemväl
900 404 9 36 i
922 408 62 27 öfrigt

225 441 68 22 blifvit
314 443 24 20 så
360 442 47 22 litet
431 442 94 27 uppfylld
550 445 32 19 att
606 445 78 19 största
702 443 62 21 delen
780 443 22 21 af
816 443 116 21 detsamma
948 449 36 15 an-

224 476 78 21 vändts
325 476 32 21 till
373 476 91 27 aflöning
479 477 32 21 för
526 477 86 21 stadens
628 477 105 21 enskildte
748 478 134 26 tjenstemän,
898 477 86 21 hvartill

223 510 68 21 länets
307 510 127 22 innevånare
449 511 101 27 billigtvis
565 512 47 20 icke
628 514 36 18 äro
680 512 88 26 pligtige
784 514 31 18 att
831 512 67 20 under
910 511 73 26 längre

222 544 87 22 fortsatt
326 545 31 21 tid
372 545 94 27 bidraga,
483 546 72 26 pröfve
570 546 38 20 WI
623 546 77 26 skäligt
716 546 6 20 i
738 545 72 22 Nåder
825 546 105 24 förordna,
945 545 36 21 det

223 579 129 27 rättigheten
375 580 32 20 för
430 580 131 21 Tavastehus
572 580 47 21 stad
635 582 31 19 att
682 580 90 21 berörde
788 578 60 28 aigift
863 580 27 26 på
906 579 74 21 hittills

223 612 58 28 öfligt
297 616 42 18 sätt
355 613 95 27 uppbära
462 614 38 21 och
511 614 89 26 tillgodo
611 614 57 26 njuta
682 614 54 21 skall
748 613 54 21 ifrån
814 614 39 21 och
865 614 47 21 med
922 613 57 21 inne-

222 648 93 20 varande
337 649 35 19 års
395 648 73 26 början
490 648 96 26 upphöra
610 648 37 21 och
664 648 69 21 denna
756 648 59 26 afgift
830 647 52 21 ifrån
898 654 81 14 samma

222 681 31 21 tid
276 687 75 20 genom
367 681 93 22 kronans
477 681 110 22 Ordinarie
604 682 156 27 uppbördsmän
777 682 67 20 under
856 681 122 21 Landskon-

221 717 68 19 torets
313 717 96 20 närmare
429 715 71 28 tillsyn
521 718 54 19 samt
591 715 194 27 Landshöfdingens
801 715 5 20 i
822 715 58 21 länet
888 714 89 22 öfverin-

221 749 78 21 seende
319 749 112 27 uppbäras,
448 750 107 21 redovisas
571 750 39 21 och
626 750 106 26 förvaltas,
749 749 65 27 enligt
830 750 26 20 de
871 749 105 21 föreskrif-

220 787 33 18 ter
269 783 36 21 det
326 783 7 21 i
356 784 75 21 sådant
453 783 98 22 afseende
567 784 124 25 fastställde,
707 783 79 22 härhos
802 783 83 27 bilagde
900 783 76 26 Regle-

220 819 71 20 mente
314 820 97 19 närmare
429 817 123 26 innehåller,
571 818 107 21 äfvensom
697 818 61 25 bron,
774 817 84 22 hvilken
874 817 35 21 det
924 817 50 21 ovil-

219 851 96 27 korligen
343 851 80 27 åligger
445 852 74 21 staden
543 854 31 19 att
597 852 123 27 skyndsamt
743 852 89 21 försätta
853 851 5 21 i
886 851 89 26 fullgodt

219 886 69 23 stånd,
311 885 92 21 derefter
425 885 54 21 skall
499 885 24 21 af
535 885 162 27 Länestyrelsen
713 885 115 27 behörigen
844 885 75 21 vårdas
936 885 38 21 och

219 919 163 21 vidmakthållas
398 935 4 4 .
419 935 4 5 .
441 921 19 19 .'

287 976 40 21 Till
342 976 123 27 ytterligare
481 976 108 27 belysning
605 976 22 21 af
640 977 27 20 de
676 976 131 21 närvarande
814 975 159 22 förhållandena

217 1009 108 21 meddelas
347 1010 23 27 88
396 1011 24 19 12
444 1010 39 21 och
508 1011 25 19 14
555 1009 22 21 af
592 1010 60 21 ofvan
669 1010 92 21 citerade
776 1009 134 27 reglemente.
941 1010 32 20 De

217 1046 37 19 äro
270 1043 22 22 af
305 1044 92 27 följande
413 1044 90 27 lydelse:

567 1141 11 26 g
596 1141 25 20 12

271 1187 142 30 Ändamålet
428 1191 48 22 med
492 1192 68 21 denna
575 1191 51 21 fond
642 1191 54 21 skall
712 1190 130 25 hädanefter,
852 1191 69 20 såsom
930 1190 40 21 hit-

213 1225 72 25 intiils,
308 1225 146 26 förnämligast
476 1232 50 14 vara
549 1227 31 19 att
597 1225 86 21 dermed
698 1224 126 21 underhålla
840 1224 130 21 Tavastehus

213 1259 60 21 stads
295 1259 106 26 Långbro.
434 1259 49 22 Men
507 1259 64 26 enligt
592 1265 29 15 nu
640 1258 121 21 meddeladt
776 1258 101 21 särskildt
891 1258 79 27 Nådigt

211 1293 144 21 förordnande
377 1293 97 22 kommer
496 1293 61 21 äfven
578 1293 130 21 Tavastehus
724 1292 48 21 stad
788 1295 32 18 att
835 1292 61 21 deraf
908 1292 7 21 i
930 1292 38 21 Tio

211 1328 35 20 års
261 1327 38 25 tid,
315 1327 81 21 räknad
411 1327 54 21 ifrån
481 1327 39 21 och
535 1327 48 21 med
596 1327 36 20 det
642 1326 148 26 innevarande,
803 1326 83 26 åtnjuta
896 1325 72 21 femtio

210 1363 79 19 tunnor
311 1361 96 26 spanmål
428 1360 80 26 årligen
531 1361 39 21 och
593 1360 61 25 skall,
674 1360 64 21 sedan
756 1360 59 21 detta
830 1360 85 20 stadens
931 1366 38 14 an-

210 1394 46 27 slag
275 1397 56 19 samt
350 1395 55 21 hvad
425 1394 32 22 för
468 1395 68 21 Brons
551 1394 68 27 årliga
634 1394 113 22 underhåll
763 1394 75 26 åtgått,
854 1393 69 21 blifvit
938 1393 30 21 af-

210 1429 82 26 draget,
307 1429 124 21 återstoden
447 1429 42 21 tills
505 1429 71 21 vidare
591 1428 77 22 samlas
683 1428 32 21 tiil
732 1428 98 21 bildande
846 1427 21 21 af
881 1433 25 15 en
916 1426 52 22 fond

209 1462 32 21 för
257 1462 181 22 meromförmälta
453 1463 54 21 Bros
522 1462 131 27 uppförande
668 1461 113 22 framdeles
797 1461 22 21 af
833 1463 68 19 sten.''

278 1502 105 17 Allmänna
395 1502 169 17 Besvärsutskottets
577 1501 110 18 betänkande
699 1502 35 16 N:o
748 1501 32 17 27.
