1067 1673
295 148 260 22 Motionsbetänkande
571 147 45 23 N:o
632 148 38 22 10.
819 148 13 20 3

102 209 131 29 högtidliga
248 210 60 21 form
324 209 104 29 afgifven
444 209 124 22 försäkran
583 209 52 21 icke
655 209 91 21 medför
760 217 29 15 en
804 212 57 20 star-

102 243 55 22 kare
178 244 146 28 förpligtelse
347 247 29 18 än
400 243 44 21 den
466 246 34 18 ett
521 243 77 29 gifvet
619 243 42 21 ord
676 243 67 21 alltid
758 243 102 23 innebär.

102 277 52 21 Den
176 278 9 20 i
209 284 122 22 processen
353 277 191 22 förekommande
567 277 122 29 edgången
705 277 42 22 har
769 278 93 21 också
849 273 17 37 i

104 311 28 21 de
146 311 68 21 flesta
228 311 82 21 länder
324 312 36 21 för
376 319 28 13 en
420 311 38 21 del
480 311 182 22 trosbekännare
684 312 91 28 utbytts
801 315 61 18 emot

103 352 28 14 en
155 345 68 21 enkel
246 345 140 22 bekräftelse
404 345 27 21 af
444 346 38 21 det
497 346 79 28 sagda,
592 346 98 20 likasom
703 346 89 28 jämväl
802 346 60 29 tjän-

107 382 130 18 stemanna-
257 380 43 20 och
316 379 80 29 dylika
412 379 54 21 eder
481 379 179 29 mångenstädes
677 380 127 22 afskaffats.

172 413 50 21 Hos
238 420 37 14 oss
290 414 107 20 kvarstår
412 413 122 29 edgången
551 414 19 28 ej
587 414 90 21 mindre
688 414 75 21 såsom
774 416 34 20 ett
820 414 44 21 vil-

104 447 42 22 kor
160 447 38 22 för
212 447 92 22 inträde
320 448 7 21 i
340 450 87 19 statens
443 447 79 29 tjänst,
546 451 29 18 än
591 447 69 22 äfven
676 448 74 21 såsom
766 450 34 19 ett
814 455 49 14 mo-

104 484 66 19 ment
184 481 8 22 i
208 482 160 28 rättegången.
399 481 49 22 Och
464 481 136 22 formuläret
615 481 37 22 för
667 481 76 22 denna
758 482 34 26 ed,
808 489 56 14 vare

105 516 36 28 sig
156 515 45 22 den
216 519 70 25 utgör
302 523 28 14 en
344 515 62 22 inför
427 513 101 24 domstol
551 515 105 29 afgifven
671 516 121 21 försäkran
808 516 56 21 eller

106 552 34 19 ett
154 549 37 22 för
206 549 104 22 tillträde
325 550 26 21 af
364 549 90 22 ämbete
470 549 88 29 aflagdt
573 550 129 28 högtidligt
716 550 64 27 löfte,
792 553 25 18 är
827 550 37 21 till

106 583 50 22 sina
171 583 149 29 hufvuddrag
336 583 150 22 oförändradt
502 584 128 21 detsamma
645 591 49 14 som
710 584 96 22 fordom.

176 617 42 22 Om
232 617 39 22 det
286 618 69 21 ocksä
370 618 74 21 mäste
460 625 66 17 anses
536 625 55 15 vara
599 617 84 22 tvifvel
691 617 173 28 underkastadt,

105 651 115 22 huruvida
235 651 65 22 tiden
316 655 62 18 ännu
392 652 9 21 i
416 652 53 21 värt
483 652 57 21 land
556 659 53 14 vore
624 652 55 21 inne
694 652 36 21 för
744 652 120 21 inskränk-

107 685 85 29 ningar
214 686 8 21 i
245 685 70 22 edens
338 685 160 28 användande,
522 687 26 20 sä
565 686 66 21 torde
646 686 40 21 det
700 687 39 21 väl
754 686 20 29 ej
790 686 75 21 finnas

106 727 48 14 mer
170 723 30 18 än
215 727 29 14 en
259 720 70 21 tanke
344 720 86 25 därom,
446 723 34 19 att
493 720 29 21 de
534 720 118 28 formulär,
665 728 49 14 som
724 721 36 21 för
772 721 93 28 edgäng

106 753 62 22 inför
190 756 62 19 rätta
275 758 38 17 äro
336 754 146 28 föreskrifna,
506 755 111 21 särskildt
638 755 63 21 hvad
719 754 146 23 vittneseden

106 788 152 27 vidkommer,
274 792 39 18 äro
328 789 9 21 i
354 789 70 21 behof
437 789 27 21 af
476 789 134 28 förenkling
626 789 43 21 och
684 788 181 29 förtydligande.

106 822 86 22 Dnnna
209 822 26 22 af
247 823 145 21 motionären
408 823 104 28 antydda
530 823 120 29 synpunkt
665 823 42 22 har
721 823 8 21 i
744 823 122 23 Utskottet

106 856 37 22 till
158 856 58 22 fullo
233 857 113 21 beaktats.
377 857 48 21 Och
441 857 59 21 dock
516 857 43 21 har
566 858 128 24 Utskottet,
698 857 84 29 just
761 852 24 39 pä
790 856 76 30 grund

106 890 74 27 häraf,
202 891 52 21 icke
278 894 76 18 ansett
376 891 36 28 sig
427 892 57 21 böra
504 891 94 22 förorda
613 892 118 21 motionen
746 892 37 21 till
799 891 67 22 Stän-

108 924 82 22 dernas
214 925 138 28 antagande.
383 925 37 21 Då
444 925 120 29 nämligen
585 925 122 22 Utskottet
728 926 69 27 hyser
822 925 44 20 den

107 958 159 29 uppfattning,
283 961 35 19 att
333 959 27 21 de
376 959 8 21 i
400 959 118 21 allmänna
533 959 70 28 lagen
626 959 139 22 föreskrifna
780 958 87 22 edsfor-

108 993 105 21 mulären
229 1006 27 2 —
273 993 140 22 åtminstone
435 993 137 22 formuläret
586 993 37 22 för
637 993 123 25 vittnesed,
776 993 92 21 hvilket

108 1027 53 21 med
184 1026 108 22 afseende
316 1028 13 20 å
356 1028 35 21 sin
417 1027 73 29 längd
516 1027 43 22 och
588 1027 35 22 sin
649 1027 136 22 invecklade
810 1029 57 19 sats-

109 1061 111 28 byggnad
259 1065 25 17 är
316 1061 150 29 synnerligen
494 1061 123 29 olämpligt
647 1075 28 2 —
707 1061 51 22 icke
788 1061 80 21 kunna

108 1095 80 28 undgå
203 1098 35 18 att
252 1095 9 21 i
277 1103 28 13 en
322 1103 53 14 snar
390 1095 95 22 framtid
496 1095 74 22 blifva
580 1095 169 22 underkastade
760 1095 107 26 revision,

108 1129 76 21 finner
205 1129 122 22 Utskottet
349 1137 29 14 en
400 1130 89 21 motion
510 1129 52 22 från
578 1130 141 21 Ständernas
734 1129 56 28 sida,
807 1129 61 28 åsyf-

110 1163 69 22 tande
202 1163 137 29 förändring
362 1163 26 22 af
408 1167 34 18 ett
464 1171 42 21 par
528 1164 9 21 i
552 1164 65 21 detta
631 1163 110 22 formulär
755 1163 114 22 förekom-

110 1197 84 22 mande
210 1198 96 21 enstaka
320 1198 102 28 uttryck,
438 1198 83 22 medan
537 1198 147 22 formulärets
699 1198 75 29 öfriga
784 1197 85 22 talrika

111 1231 83 22 brister
202 1231 118 22 lämnades
330 1233 142 26 oanmärkta,
482 1233 55 28 föga
545 1232 216 29 tillfyllesgörande.
772 1231 97 22 Utskot-

110 1268 35 19 tet
167 1265 42 22 har
232 1266 117 21 dessutom
372 1266 52 21 icke
445 1266 79 22 blifvit
539 1266 150 29 öfvertygadt
708 1273 42 20 om,
767 1268 35 19 att
816 1265 9 21 i
841 1265 28 21 de

110 1299 109 28 brukliga
242 1299 183 22 edsformulären
446 1300 50 29 just
518 1300 28 21 de
568 1300 42 21 ord
625 1300 144 21 motionären
785 1299 85 22 önskar

112 1333 78 28 ändra,
214 1341 54 14 vore
290 1337 104 18 närmast
416 1334 9 21 i
440 1334 74 21 behof
526 1334 74 25 häraf,
615 1334 20 29 ej
651 1334 73 21 heller
739 1336 35 19 att
789 1333 28 22 de
832 1340 37 21 ge-

111 1375 55 14 nom
188 1368 130 21 motionens
340 1368 132 29 antagande
496 1369 92 20 komme
610 1371 34 18 att
665 1370 96 19 ersättas
778 1367 26 22 af
816 1367 55 22 fullt

112 1401 112 29 lämpliga
239 1402 92 21 sådana.

184 1470 130 21 Lagutskottets
326 1469 111 18 betänkande
450 1471 37 15 N:o
500 1469 32 17 20.
