1045 1673
243 96 27 21 16
426 94 223 23 Petitionsbetänkande
665 95 34 21 N:o
716 94 33 22 24.

211 156 34 21 för
267 155 147 28 kanalisering
437 156 92 22 emellan
553 155 81 28 Syväri,
656 154 120 28 Vuotjärvi,
797 155 109 22 Akonvesi
922 155 39 21 och

211 190 91 22 Muurue
323 191 66 27 sjöar,
409 191 90 22 hvarvid
520 191 106 27 framgick
647 192 34 20 att
696 191 265 22 kommunikationsleden

211 226 93 22 emellan
327 226 73 28 Syväri
422 227 39 21 och
481 227 119 27 Vuotjärvi,
617 227 86 21 hvilkas
719 226 155 28 höjddifferens
891 229 24 19 är
931 227 30 27 3,8

211 262 39 27 fot,
268 262 70 22 skulle
360 262 75 22 kräfva
458 263 145 27 anläggandet
625 263 24 21 af
668 269 27 15 en
715 263 65 21 kanal
796 263 50 21 med
862 269 27 15 en
904 262 57 22 sluss

211 298 56 21 förbi
283 298 131 22 Lastukoski
430 298 52 28 fors,
499 298 33 22 för
548 305 27 15 en
590 299 94 21 kostnad
700 298 24 22 af
739 298 96 28 167,000
846 299 71 27 mark;
929 300 33 20 att

211 334 125 26 öppnandet
356 334 23 21 af
397 334 132 22 förbindelse
551 334 92 22 emellan
659 334 114 27 Vuotjärvi
790 334 40 22 och
846 334 115 28 Akonvesi,

210 369 85 22 hvilkas
310 369 148 27 höjdskillnad
474 372 25 19 är
515 370 55 26 37,05
587 370 38 27 fot,
643 370 70 21 skulle
730 370 88 26 päkalla
834 370 127 26 gräfvandet

211 404 24 22 af
256 412 27 14 en
306 405 65 21 kanal
395 406 49 21 med
467 406 43 21 fem
533 406 88 27 slussar,
643 402 64 43 hvars
724 405 237 28 anläggningskostnad

210 441 71 22 blefve
297 441 119 27 1,400,000
431 442 71 27 mark;
514 443 57 20 samt
582 443 32 20 att
626 429 146 34 förbindelsen
784 441 93 22 emellan
888 442 72 21 Akon-

210 477 45 22 vesi
279 478 39 21 och
341 477 136 22 Muuruevesi
499 478 72 21 kunde
593 479 62 20 ernäs
677 484 76 21 genom
777 484 27 15 en
820 477 141 28 fördjupning

210 513 24 21 af
249 513 41 21 den
306 513 7 20 i
329 513 91 22 Muurue
436 514 66 21 ström
518 512 112 29 befintliga
645 513 108 28 bätleden,
770 513 49 22 med
831 520 25 15 en
868 513 93 22 kostnad

211 548 24 22 af
257 549 81 27 20,000
360 549 70 21 mark.
462 549 165 27 Sammanlagda
651 549 121 22 kostnaden
793 549 35 21 för
848 549 85 22 arbetet
953 549 7 21 i

211 585 50 21 dess
277 585 73 21 helhet
365 585 86 21 komme
467 585 91 21 sälunda
574 587 33 19 att
623 586 72 26 uppgä
711 585 34 21 till
762 585 119 27 1,587,000
892 585 67 21 mark.

282 621 49 21 Med
347 621 102 22 afseende
465 622 12 20 &
489 621 63 21 dessa
563 621 66 27 dryga
639 621 118 22 kostnader
768 620 64 22 hafva
844 621 26 21 de
881 621 78 27 ifräga-

211 657 93 21 varande
324 656 264 27 kanaliseringsarbetena
608 656 111 22 härintills
742 656 46 22 icke
808 656 151 27 förverkligats

211 692 39 21 och
275 692 67 26 torde,
366 692 68 27 enligt
456 693 119 21 utskottets
596 693 72 26 tanke,
684 691 48 22 icke
747 691 69 22 heller
832 692 7 21 i
855 692 40 21 den
911 694 48 19 när-

210 729 71 20 maste
301 727 116 22 framtiden
438 728 7 21 i
465 727 50 22 hela
536 728 39 21 sitt
596 727 87 28 omfäng
705 728 74 21 kunna
795 727 164 27 ifrägakomma.

209 763 129 22 Emellertid
364 763 40 22 har
430 763 151 28 önskligheten
607 765 33 20 att
665 763 78 27 bringa
768 763 58 22 vissa
853 763 59 22 delar
938 763 24 21 af

210 800 95 21 nämnda
320 799 90 22 arbeten
421 799 34 22 till
467 799 114 22 utförande
593 799 134 22 fortfarande
738 799 220 27 uppmärksammats.

210 835 28 22 Så
245 835 40 22 har
293 830 171 33 Öfverstyrelsen
475 835 32 22 för
518 838 50 24 väg-
580 835 39 22 och
630 835 227 27 vattenbyggnaderna
869 835 91 22 sednast

210 872 42 21 den
269 872 28 21 10
313 878 57 14 mars
387 872 60 21 detta
463 872 30 26 år,
510 872 49 21 med
576 871 117 27 anledning
703 870 24 22 af
737 877 25 15 en
774 870 34 22 till
819 870 140 22 Guvernören

210 907 6 21 i
237 907 87 27 Kuopio
345 907 35 21 län
402 906 95 28 ingifven
519 907 102 25 ansökan,
638 906 106 22 anbefallt
760 908 15 20 t.
792 906 15 22 f.
824 906 134 22 distriktsin-

210 942 103 27 geniören
329 942 7 21 i
352 942 86 28 Kuopio
455 942 89 22 distrikt
559 944 33 20 att
607 942 130 22 föranstalta
753 948 27 21 ny
797 942 162 28 undersökning

209 978 23 21 af
251 978 93 22 Muurue
364 979 67 21 ström
447 978 8 21 i
471 978 39 22 och
526 978 33 22 för
575 978 125 22 inrättande
716 977 24 22 af
753 977 70 22 farled
840 978 118 22 derstädes.

208 1014 45 21 Det
268 1014 43 21 kan
327 1013 91 22 sålunda
434 1015 100 26 emotses,
551 1015 33 20 att
597 1014 80 26 jemväl
693 1014 40 21 här
749 1013 25 22 de
791 1013 97 28 arbeten,
904 1013 54 22 hvil-

208 1049 40 21 kas
264 1049 94 22 kostnad
375 1051 121 20 motsvarar
512 1050 42 21 den
569 1056 78 20 genom
659 1050 48 20 dem
719 1055 71 15 vunna
801 1050 84 26 nyttan,
896 1049 62 21 skola

209 1084 7 21 i
235 1084 71 22 sinom
323 1085 38 27 tid,
378 1086 53 20 utan
447 1085 132 22 Ständernas
595 1085 137 27 tillgörande,
748 1085 88 21 komma
852 1084 34 22 till
901 1084 56 22 utfö-

208 1120 78 22 rande:

280 1156 31 22 Pä
321 1157 69 27 grund
402 1156 24 22 af
435 1157 37 21 det
482 1156 90 22 anförda
583 1156 32 22 fär
625 1157 110 21 utskottet
745 1156 112 22 vördsamt
867 1156 88 22 föreslä:

422 1216 32 21 att
479 1214 172 29 ifrågavarande
673 1215 215 29 petitionsmemorial
913 1216 44 21 icke

350 1250 64 22 måtte
423 1250 120 28 föranleda
559 1251 34 22 till
609 1252 73 27 någon
698 1252 77 28 åtgärd
786 1250 54 28 från
852 1250 104 24 Ständer-

350 1292 42 16 nas
406 1286 54 23 sida.

279 1448 174 23 Jernvägsutskottets
465 1448 106 18 betänkande
583 1448 35 18 N:o
630 1449 17 17 3.
