1056 1673
233 112 44 21 106
425 110 225 24 Petitionsbetänkande
666 111 35 22 N:o
717 110 14 22 1.

201 172 49 21 stad
279 171 39 21 och
344 170 49 22 hela
414 172 41 21 den
477 171 24 21 af
523 171 219 27 Björneborgsbanan
769 170 116 28 betjenade
909 171 46 21 vid-

203 207 99 21 sträckta
322 206 138 23 landsdelens
477 209 88 25 export-
581 208 40 21 och
637 206 166 28 importrörelse
819 207 7 21 i
842 207 64 27 högst
920 209 35 19 vä-

201 242 96 28 sendtlig
315 243 53 25 grad
392 243 86 21 komme
500 245 35 19 att
555 244 99 21 hämmas
676 244 40 21 och
737 242 117 28 försvåras,
870 248 34 16 om
920 248 35 15 va-

202 285 66 15 rorna
283 278 62 22 skola
360 278 95 22 belastas
472 279 50 21 med
533 279 44 22 alla
588 280 27 20 de
625 280 120 21 kostnader
757 279 40 21 och
809 279 145 27 olägenheter,

202 320 46 16 som
272 317 37 19 äro
331 314 101 22 förenade
454 315 51 21 med
526 322 27 14 en
569 317 62 19 extra
646 314 135 28 omlastning
796 315 40 21 och
851 320 103 16 varornas

202 351 116 27 pråmning
336 350 79 22 mellan
431 351 67 21 Räfsö
515 351 40 21 och
571 350 142 28 Björneborg.
743 350 10 21 I
770 350 116 28 synnerhet
901 351 54 21 kän-

202 386 50 22 bart
267 386 70 22 blefve
354 387 60 21 detta
430 386 34 22 för
479 388 202 26 trävaruexporten,
698 386 79 22 hvaraf
791 386 54 22 dock
861 392 27 16 en
904 392 51 21 gan-

201 422 40 21 ska
264 422 123 27 betydande
412 421 65 23 trafik
499 424 28 25 på
548 423 71 21 denna
637 423 58 21 bana
711 425 24 19 är
751 423 34 20 att
801 423 90 25 emotse,
908 422 46 21 dels

202 457 49 22 från
268 459 64 26 sågar
347 458 7 21 i
370 459 105 21 närheten
491 458 24 21 af
529 458 156 27 Tammerfors,
701 458 47 22 dels
765 464 77 21 genom
854 458 100 27 tillgodo-

200 494 96 27 görande
314 494 24 21 af
354 494 205 27 skogsressurserna
575 495 6 20 i
599 495 26 21 de
641 495 85 21 trakter
748 494 42 21 den
811 494 142 27 Björneborg-

201 529 40 22 ska
265 529 71 22 banan
359 530 146 27 genomlöper.
538 530 43 22 För
605 531 71 20 denna
699 529 155 22 trävarutrafik
874 532 25 19 är
917 530 37 21 det

201 565 171 28 uppenbarligen
389 566 21 21 af
427 568 45 19 stor
488 566 112 27 betydelse
615 568 35 19 att
665 568 129 19 trävarorna
809 565 62 22 skola
880 566 73 21 kunna

200 601 79 22 forslas
296 601 7 22 i
317 602 158 27 jernvägsvagn
491 603 58 20 ända
565 602 54 21 fram
636 601 34 22 till
686 602 2 21 i
699 602 106 21 hamnens
817 601 136 22 omedelbara

199 637 79 22 närhet
297 637 91 28 belägna
407 638 140 27 brädgårdar,
569 638 97 22 derifrån
688 637 177 28 utskeppningen
882 638 69 21 sedan

203 673 43 22 lätt
270 673 39 22 och
332 674 101 27 beqvämt
455 675 73 21 kunde
547 681 40 20 ega
602 681 56 14 rum.
689 674 77 21 Denna
781 673 171 22 trävarurörelse

200 708 146 23 tillförsäkrar
361 709 137 22 hamnbanan
514 709 67 22 trafik
595 710 80 26 jemväl
691 710 70 21 under
776 709 109 28 vintertid,
902 711 52 20 enär

200 745 133 26 sågegarene
349 746 49 21 med
413 746 29 21 all
459 745 141 22 sannolikhet
615 746 63 21 skola
693 745 60 22 finna
764 745 37 22 det
812 745 141 26 fördelaktigt

201 782 34 19 att
257 781 192 27 nedtransportera
472 788 26 15 en
524 782 34 21 del
582 782 24 21 af
628 782 49 21 sina
699 781 161 27 sågprodukter
883 781 70 22 under

201 817 72 21 denna
288 816 32 22 tid
336 817 24 21 af
374 818 54 27 året,
445 818 28 22 då
481 818 157 27 jernvägarnes
649 817 82 28 rörliga
742 817 100 22 materiel
853 817 99 27 vanligen

204 854 25 19 är
245 852 85 22 mindre
346 854 64 26 tagen
427 853 7 22 i
450 854 102 26 anspråk.

272 884 69 26 Äfven
357 890 68 20 under
441 890 50 21 höst
507 890 40 21 och
558 889 78 25 vårtid,
648 890 27 20 då
685 888 68 23 Räfsö
764 889 65 21 hamn
841 891 24 19 är
876 890 76 26 öppen,

200 929 50 16 men
267 923 143 22 samfärdseln
419 925 132 21 deremellan
561 925 40 21 och
609 925 146 26 Björneborgs
764 924 49 21 stad
825 924 23 21 af
856 924 97 21 ishinder

200 959 111 28 afbruten,
327 960 40 21 har
382 960 139 22 hamnbanan
537 967 28 15 en
577 961 88 26 mycket
675 960 70 27 vigtig
755 959 85 28 uppgift
851 961 33 20 att
894 959 59 27 fylla.

272 995 60 22 Inom
350 996 116 27 utskottet,
483 996 93 22 likasom
593 997 40 21 ock
648 997 34 20 uti
698 997 33 21 ett
747 995 35 22 till
797 996 109 21 utskottet
920 1001 33 16 re-

200 1030 117 22 mitteradt
331 1031 220 27 petitionsmemorial
567 1032 40 21 har
622 1032 75 22 vidare
713 1031 139 28 framhållits,
868 1033 34 20 att
917 1031 37 22 det

200 1066 62 21 såväl
285 1067 34 21 för
343 1067 110 22 inlandets
476 1067 67 22 trafik
566 1074 47 15 som
638 1068 33 21 för
695 1067 122 22 Satakunta
842 1067 111 27 landskap,

199 1102 110 21 måhända
332 1109 50 15 vore
406 1103 178 28 fördelaktigare,
609 1110 34 15 om
667 1110 51 15 man
743 1103 7 21 i
774 1103 75 22 stället
871 1103 34 21 för
927 1109 26 15 en

198 1137 124 22 hamnbana
342 1138 34 21 till
397 1139 68 21 Räfsö
486 1139 50 22 med
558 1139 142 27 uppoffrande
723 1138 25 22 af
769 1140 69 20 större
860 1138 94 22 kostnad

198 1173 70 27 bygde
284 1180 27 16 en
329 1174 92 28 jernväg
441 1175 34 21 till
497 1175 124 27 någondera
641 1175 24 22 af
679 1175 104 22 städerna
799 1175 83 20 Raumo
898 1174 55 22 eller

200 1209 93 27 Nystad,
308 1210 88 21 hvarest
411 1211 78 21 funnes
507 1211 56 27 goda
578 1211 97 28 hamnar,
692 1217 47 15 som
756 1209 118 28 uppgifvits
885 1210 68 21 öfver-

197 1244 66 23 träffa
282 1245 93 22 hamnen
396 1246 7 21 i
424 1246 73 22 Räfsö.
529 1246 34 22 De
586 1253 76 16 senare
685 1247 100 21 banorna
808 1245 71 22 skulle
905 1246 48 21 der-

196 1277 70 27 jemte
286 1281 64 22 hafva
366 1287 26 16 en
409 1281 47 22 icke
472 1282 63 27 ringa
551 1282 58 21 lokal
625 1282 120 27 betydelse,
761 1282 68 26 nägot
843 1287 47 16 som
907 1281 47 22 der-

200 1318 61 19 emot
280 1317 20 27 ej
316 1323 51 16 vore
383 1317 7 22 i
406 1318 141 22 närmelsevis
564 1324 84 16 samma
663 1319 51 21 män
731 1317 63 22 fallet
809 1317 49 22 med
873 1317 80 26 Märty-

201 1351 62 22 luoto
280 1353 78 22 banan.

273 1388 115 23 Utskottet
413 1389 40 22 har
479 1390 55 21 dock
557 1390 20 27 ej
601 1390 84 22 kunnat
709 1389 96 22 tillmäta
828 1389 71 22 denna
922 1388 32 21 in-

196 1424 111 27 vändning
328 1426 70 26 nägon
427 1426 110 27 synnerlig
563 1426 118 27 betydelse.
718 1426 45 21 Det
785 1425 40 21 har
849 1426 28 26 pä
899 1425 55 21 intet

273 1465 178 24 Jernvägsutskottets
463 1467 109 19 betänkande
583 1467 36 19 N:o
631 1468 16 18 1.
