1061 1661
223 116 84 22 Ständ.
322 116 55 22 Pet.
394 128 27 3 —
439 116 172 22 Petitionsbet.
627 115 46 23 N:o
688 116 36 22 12.
807 117 12 19 3

162 178 36 22 Då
212 178 37 21 det
264 178 161 28 otvifvelaktigt
441 178 65 22 äfven
520 186 26 13 ur
561 178 37 21 det
610 178 117 22 allmännas
740 178 109 29 synpunkt

94 214 23 20 är
133 212 22 22 af
174 213 52 27 vigt,
241 214 32 19 att
291 212 32 26 de,
339 220 46 13 som
399 212 66 21 hafva
487 213 33 27 sig
542 212 122 22 ombetrodt
686 212 162 29 uppfostrarens

93 246 189 29 maktpåliggande
298 246 40 22 och
352 246 145 22 mödosamma
507 247 49 27 kall,
571 246 35 22 må
620 254 53 14 vara
688 246 24 22 så
726 246 61 28 långt
796 247 52 27 möj-

94 281 39 28 ligt
159 280 103 29 tryggade
287 283 45 18 mot
355 281 211 28 näringsbekymmer
591 281 41 21 och
656 281 134 21 ekonomiskt
810 281 38 20 be-

94 315 68 28 tryck,
186 315 40 21 och
248 314 29 21 då
299 314 118 21 Ständerna
440 315 72 21 funnit
534 315 37 21 det
592 323 53 13 vara
668 315 134 28 ådagalagdt,
818 317 32 18 att

95 349 133 28 kollegernas
244 348 38 22 vid
298 349 240 21 elementarläroverken
548 349 158 21 löneförmåner
715 349 134 21 fortfarande

96 385 36 19 äro
148 383 24 21 så
187 383 91 28 knappa,
294 385 32 18 att
341 383 26 21 de
382 383 48 21 icke
445 385 109 20 motsvara
569 383 83 28 skäliga
666 383 93 28 anspråk
774 383 28 28 på
816 385 34 18 ut-

95 417 77 26 komst,
187 417 67 21 hafva
268 416 120 22 Ständerna
400 419 53 19 trott
468 418 33 27 sig
515 417 52 21 böra
582 417 39 21 hos
644 417 69 21 Eders
728 417 122 28 Kejserliga

96 451 103 28 Majestät
217 452 6 19 i
246 451 169 28 underdånighet
439 451 84 21 anhålla
546 459 34 14 om
608 451 76 28 nådigt
706 451 144 21 förordnande

97 485 90 22 derhän:

371 550 38 26 att,
424 549 50 20 med
488 549 96 27 ändring
599 549 29 27 af
637 549 195 27 bestämningarna
842 549 10 20 i

303 582 24 21 de
341 589 78 21 genom
434 582 83 28 nådiga
538 582 159 28 förordningen
711 582 29 28 af
755 582 42 21 den
820 583 32 19 23

303 616 96 28 Augusti
419 617 60 20 1883
493 616 117 28 faststälda
625 616 177 28 aflöningsstater
816 616 36 28 för

306 651 83 21 landets
407 651 221 27 elementarläroverk,
652 651 24 21 de
699 651 151 27 tilläggsarvo-

305 685 47 27 den,
367 692 48 14 som
437 685 54 27 efter
513 685 59 21 vissa
594 685 37 21 års
654 685 111 27 oförvitlig
788 685 65 27 tjenst

305 719 93 20 tilldelas
407 719 82 28 kollega
495 720 37 20 vid
540 720 221 26 elementarläroverk,
770 719 82 21 komme

305 755 34 19 att
352 753 54 28 utgå
420 753 49 21 med
486 754 48 21 800
548 753 64 21 mark
626 753 54 28 efter
696 755 20 25 5,
733 754 28 20 10
776 753 38 21 och
824 753 29 20 15

305 787 37 21 års
358 787 70 28 tjenst.

169 854 109 28 Derjemte
292 854 24 22 få
326 854 119 22 Ständerna
460 854 155 29 underdånigst
625 855 88 27 anmäla,
726 857 32 19 att
767 854 86 22 Bonde-

101 888 86 21 ståndet
201 888 48 22 icke
264 888 84 22 förenat
361 889 32 27 sig
408 896 34 14 om
455 888 71 22 denna
535 889 147 28 underdåniga
692 888 162 28 framställning.

169 950 104 22 Finlands
289 951 92 21 Ständer
395 951 122 21 framhärda
532 954 39 19 etc.

171 1013 142 29 Helsingfors,
328 1014 42 21 den
386 1015 12 20 9
413 1014 64 28 April
493 1015 59 21 1891.
