<?xml version="1.0" encoding="UTF-8"?>
<alto xmlns="http://www.loc.gov/standards/alto/ns-v3#" xmlns:xlink="http://www.w3.org/1999/xlink" xmlns:xsi="http://www.w3.org/2001/XMLSchema-instance" xsi:schemaLocation="http://www.loc.gov/standards/alto/ns-v3# http://www.loc.gov/alto/v3/alto-3-0.xsd">
	<Description>
		<MeasurementUnit>pixel</MeasurementUnit>
		<sourceImageInformation>
			<fileName>/tmp/tess_ycv9j5ky_input.PNG</fileName>
		</sourceImageInformation>
		<OCRProcessing ID="OCR_0">
			<ocrProcessingStep>
				<processingSoftware>
					<softwareName>tesseract 5.3.4</softwareName>
				</processingSoftware>
			</ocrProcessingStep>
		</OCRProcessing>
	</Description>
	<Layout>
		<Page WIDTH="1067" HEIGHT="1675" PHYSICAL_IMG_NR="0" ID="page_0">
			<PrintSpace HPOS="0" VPOS="0" WIDTH="1067" HEIGHT="1675">
				<ComposedBlock ID="cblock_0" HPOS="224" VPOS="142" WIDTH="538" HEIGHT="23">
					<TextBlock ID="block_0" HPOS="224" VPOS="142" WIDTH="538" HEIGHT="23">
						<TextLine ID="line_0" HPOS="224" VPOS="142" WIDTH="538" HEIGHT="23">
							<String ID="string_0" HPOS="224" VPOS="144" WIDTH="14" HEIGHT="20" WC="0.96" CONTENT="4"/><SP WIDTH="166" VPOS="144" HPOS="238"/>
							<String ID="string_1" HPOS="404" VPOS="142" WIDTH="258" HEIGHT="23" WC="0.91" CONTENT="Motionsbetänkande"/><SP WIDTH="16" VPOS="142" HPOS="662"/>
							<String ID="string_2" HPOS="678" VPOS="143" WIDTH="46" HEIGHT="22" WC="0.96" CONTENT="N:o"/><SP WIDTH="15" VPOS="143" HPOS="724"/>
							<String ID="string_3" HPOS="739" VPOS="142" WIDTH="23" HEIGHT="22" WC="0.96" CONTENT="8."/>
						</TextLine>
					</TextBlock>
				</ComposedBlock>
				<ComposedBlock ID="cblock_1" HPOS="332" VPOS="205" WIDTH="634" HEIGHT="973">
					<TextBlock ID="block_1" HPOS="332" VPOS="205" WIDTH="624" HEIGHT="165">
						<TextLine ID="line_1" HPOS="335" VPOS="205" WIDTH="620" HEIGHT="28">
							<String ID="string_4" HPOS="335" VPOS="206" WIDTH="99" HEIGHT="27" WC="0.89" CONTENT="teckning"/><SP WIDTH="15" VPOS="206" HPOS="434"/>
							<String ID="string_5" HPOS="449" VPOS="206" WIDTH="103" HEIGHT="27" WC="0.93" CONTENT="gällande"/><SP WIDTH="16" VPOS="206" HPOS="552"/>
							<String ID="string_6" HPOS="568" VPOS="206" WIDTH="70" HEIGHT="20" WC="0.92" CONTENT="innan"/><SP WIDTH="11" VPOS="206" HPOS="638"/>
							<String ID="string_7" HPOS="649" VPOS="206" WIDTH="128" HEIGHT="27" WC="0.96" CONTENT="egendomen"/><SP WIDTH="11" VPOS="206" HPOS="777"/>
							<String ID="string_8" HPOS="788" VPOS="205" WIDTH="88" HEIGHT="21" WC="0.96" CONTENT="kommit"/><SP WIDTH="12" VPOS="205" HPOS="876"/>
							<String ID="string_9" HPOS="888" VPOS="206" WIDTH="7" HEIGHT="19" WC="0.93" CONTENT="i"/><SP WIDTH="7" VPOS="206" HPOS="895"/>
							<String ID="string_10" HPOS="902" VPOS="206" WIDTH="53" HEIGHT="26" WC="0.88" CONTENT="för-"/>
						</TextLine>
						<TextLine ID="line_2" HPOS="335" VPOS="234" WIDTH="619" HEIGHT="28">
							<String ID="string_11" HPOS="335" VPOS="234" WIDTH="121" HEIGHT="28" WC="0.89" CONTENT="myndares,"/><SP WIDTH="26" VPOS="234" HPOS="456"/>
							<String ID="string_12" HPOS="482" VPOS="234" WIDTH="198" HEIGHT="27" WC="0.89" CONTENT="kassaförvaltares"/><SP WIDTH="27" VPOS="234" HPOS="680"/>
							<String ID="string_13" HPOS="707" VPOS="235" WIDTH="51" HEIGHT="21" WC="0.93" CONTENT="eller"/><SP WIDTH="22" VPOS="235" HPOS="758"/>
							<String ID="string_14" HPOS="780" VPOS="234" WIDTH="174" HEIGHT="28" WC="0.77" CONTENT="uppdördsmans"/>
						</TextLine>
						<TextLine ID="line_3" HPOS="336" VPOS="262" WIDTH="619" HEIGHT="28">
							<String ID="string_15" HPOS="336" VPOS="270" WIDTH="44" HEIGHT="20" WC="0.93" CONTENT="ego,"/><SP WIDTH="24" VPOS="270" HPOS="380"/>
							<String ID="string_16" HPOS="404" VPOS="263" WIDTH="60" HEIGHT="27" WC="0.84" CONTENT="njute"/><SP WIDTH="23" VPOS="263" HPOS="464"/>
							<String ID="string_17" HPOS="487" VPOS="263" WIDTH="245" HEIGHT="27" WC="0.52" CONTENT="inteckningshafvaren"/><SP WIDTH="18" VPOS="263" HPOS="732"/>
							<String ID="string_18" HPOS="750" VPOS="264" WIDTH="41" HEIGHT="26" WC="0.89" CONTENT="för"/><SP WIDTH="19" VPOS="264" HPOS="791"/>
							<String ID="string_19" HPOS="810" VPOS="263" WIDTH="36" HEIGHT="21" WC="0.93" CONTENT="sin"/><SP WIDTH="10" VPOS="263" HPOS="846"/>
							<String ID="string_20" HPOS="856" VPOS="262" WIDTH="99" HEIGHT="28" WC="0.95" CONTENT="fordran"/>
						</TextLine>
						<TextLine ID="line_4" HPOS="332" VPOS="291" WIDTH="622" HEIGHT="28">
							<String ID="string_21" HPOS="332" VPOS="292" WIDTH="163" HEIGHT="27" WC="0.55" CONTENT="förmänsrätt;"/><SP WIDTH="15" VPOS="292" HPOS="495"/>
							<String ID="string_22" HPOS="510" VPOS="298" WIDTH="48" HEIGHT="14" WC="0.95" CONTENT="men"/><SP WIDTH="19" VPOS="298" HPOS="558"/>
							<String ID="string_23" HPOS="577" VPOS="292" WIDTH="41" HEIGHT="20" WC="0.93" CONTENT="har"/><SP WIDTH="15" VPOS="292" HPOS="618"/>
							<String ID="string_24" HPOS="633" VPOS="292" WIDTH="164" HEIGHT="27" WC="0.45" CONTENT="inteekningens"/><SP WIDTH="13" VPOS="292" HPOS="797"/>
							<String ID="string_25" HPOS="810" VPOS="291" WIDTH="99" HEIGHT="28" WC="0.93" CONTENT="giltighet"/><SP WIDTH="15" VPOS="291" HPOS="909"/>
							<String ID="string_26" HPOS="924" VPOS="298" WIDTH="30" HEIGHT="14" WC="0.93" CONTENT="se-"/>
						</TextLine>
						<TextLine ID="line_5" HPOS="336" VPOS="320" WIDTH="620" HEIGHT="28">
							<String ID="string_27" HPOS="336" VPOS="327" WIDTH="54" HEIGHT="14" WC="0.91" CONTENT="nare"/><SP WIDTH="20" VPOS="327" HPOS="390"/>
							<String ID="string_28" HPOS="410" VPOS="320" WIDTH="98" HEIGHT="28" WC="0.92" CONTENT="vidtagit,"/><SP WIDTH="22" VPOS="320" HPOS="508"/>
							<String ID="string_29" HPOS="530" VPOS="328" WIDTH="36" HEIGHT="20" WC="0.91" CONTENT="ege"/><SP WIDTH="22" VPOS="328" HPOS="566"/>
							<String ID="string_30" HPOS="588" VPOS="321" WIDTH="26" HEIGHT="20" WC="0.93" CONTENT="de"/><SP WIDTH="15" VPOS="321" HPOS="614"/>
							<String ID="string_31" HPOS="629" VPOS="320" WIDTH="74" HEIGHT="28" WC="0.92" CONTENT="öfriga"/><SP WIDTH="12" VPOS="320" HPOS="703"/>
							<String ID="string_32" HPOS="715" VPOS="320" WIDTH="166" HEIGHT="28" WC="0.92" CONTENT="fordringarna"/><SP WIDTH="11" VPOS="320" HPOS="881"/>
							<String ID="string_33" HPOS="892" VPOS="320" WIDTH="64" HEIGHT="28" WC="0.91" CONTENT="före-"/>
						</TextLine>
						<TextLine ID="line_6" HPOS="337" VPOS="349" WIDTH="68" HEIGHT="21">
							<String ID="string_34" HPOS="337" VPOS="349" WIDTH="68" HEIGHT="21" WC="0.85" CONTENT="träde."/>
						</TextLine>
					</TextBlock>
					<TextBlock ID="block_2" HPOS="334" VPOS="377" WIDTH="624" HEIGHT="251">
						<TextLine ID="line_7" HPOS="394" VPOS="377" WIDTH="562" HEIGHT="28">
							<String ID="string_35" HPOS="394" VPOS="377" WIDTH="85" HEIGHT="21" WC="0.94" CONTENT="Räcker"/><SP WIDTH="21" VPOS="377" HPOS="479"/>
							<String ID="string_36" HPOS="500" VPOS="378" WIDTH="22" HEIGHT="26" WC="0.92" CONTENT="ej"/><SP WIDTH="15" VPOS="378" HPOS="522"/>
							<String ID="string_37" HPOS="537" VPOS="378" WIDTH="119" HEIGHT="27" WC="0.91" CONTENT="gäldenärs"/><SP WIDTH="16" VPOS="378" HPOS="656"/>
							<String ID="string_38" HPOS="672" VPOS="378" WIDTH="101" HEIGHT="27" WC="0.96" CONTENT="egendom"/><SP WIDTH="16" VPOS="378" HPOS="773"/>
							<String ID="string_39" HPOS="789" VPOS="378" WIDTH="35" HEIGHT="20" WC="0.83" CONTENT="till"/><SP WIDTH="12" VPOS="378" HPOS="824"/>
							<String ID="string_40" HPOS="836" VPOS="378" WIDTH="58" HEIGHT="27" WC="0.92" CONTENT="fullt"/><SP WIDTH="14" VPOS="378" HPOS="894"/>
							<String ID="string_41" HPOS="908" VPOS="378" WIDTH="48" HEIGHT="27" WC="0.92" CONTENT="gäl-"/>
						</TextLine>
						<TextLine ID="line_8" HPOS="338" VPOS="406" WIDTH="618" HEIGHT="28">
							<String ID="string_42" HPOS="338" VPOS="406" WIDTH="72" HEIGHT="21" WC="0.95" CONTENT="dande"/><SP WIDTH="16" VPOS="406" HPOS="410"/>
							<String ID="string_43" HPOS="426" VPOS="406" WIDTH="31" HEIGHT="28" WC="0.95" CONTENT="af"/><SP WIDTH="11" VPOS="406" HPOS="457"/>
							<String ID="string_44" HPOS="468" VPOS="406" WIDTH="26" HEIGHT="20" WC="0.96" CONTENT="de"/><SP WIDTH="15" VPOS="406" HPOS="494"/>
							<String ID="string_45" HPOS="509" VPOS="406" WIDTH="88" HEIGHT="21" WC="0.96" CONTENT="skulder"/><SP WIDTH="15" VPOS="406" HPOS="597"/>
							<String ID="string_46" HPOS="612" VPOS="406" WIDTH="44" HEIGHT="21" WC="0.96" CONTENT="han"/><SP WIDTH="16" VPOS="406" HPOS="656"/>
							<String ID="string_47" HPOS="672" VPOS="406" WIDTH="89" HEIGHT="28" WC="0.95" CONTENT="ådragit"/><SP WIDTH="15" VPOS="406" HPOS="761"/>
							<String ID="string_48" HPOS="776" VPOS="406" WIDTH="34" HEIGHT="28" WC="0.96" CONTENT="sig"/><SP WIDTH="15" VPOS="406" HPOS="810"/>
							<String ID="string_49" HPOS="825" VPOS="407" WIDTH="71" HEIGHT="20" WC="0.92" CONTENT="såsom"/><SP WIDTH="8" VPOS="407" HPOS="896"/>
							<String ID="string_50" HPOS="904" VPOS="407" WIDTH="52" HEIGHT="27" WC="0.92" CONTENT="för-"/>
						</TextLine>
						<TextLine ID="line_9" HPOS="338" VPOS="434" WIDTH="618" HEIGHT="28">
							<String ID="string_51" HPOS="338" VPOS="435" WIDTH="109" HEIGHT="27" WC="0.91" CONTENT="myndare,"/><SP WIDTH="16" VPOS="435" HPOS="447"/>
							<String ID="string_52" HPOS="463" VPOS="434" WIDTH="189" HEIGHT="28" WC="0.88" CONTENT="kassaförvaltare"/><SP WIDTH="11" VPOS="434" HPOS="652"/>
							<String ID="string_53" HPOS="663" VPOS="436" WIDTH="52" HEIGHT="20" WC="0.92" CONTENT="eller"/><SP WIDTH="6" VPOS="436" HPOS="715"/>
							<String ID="string_54" HPOS="721" VPOS="434" WIDTH="169" HEIGHT="28" WC="0.91" CONTENT="uppbördsman,"/><SP WIDTH="9" VPOS="434" HPOS="890"/>
							<String ID="string_55" HPOS="899" VPOS="435" WIDTH="57" HEIGHT="21" WC="0.96" CONTENT="skall"/>
						</TextLine>
						<TextLine ID="line_10" HPOS="334" VPOS="463" WIDTH="622" HEIGHT="28">
							<String ID="string_56" HPOS="334" VPOS="464" WIDTH="151" HEIGHT="27" WC="0.81" CONTENT="Jörmänsrätt"/><SP WIDTH="23" VPOS="464" HPOS="485"/>
							<String ID="string_57" HPOS="508" VPOS="463" WIDTH="120" HEIGHT="21" WC="0.96" CONTENT="tillkomma"/><SP WIDTH="18" VPOS="463" HPOS="628"/>
							<String ID="string_58" HPOS="646" VPOS="464" WIDTH="106" HEIGHT="26" WC="0.95" CONTENT="fordran,"/><SP WIDTH="23" VPOS="464" HPOS="752"/>
							<String ID="string_59" HPOS="775" VPOS="470" WIDTH="45" HEIGHT="14" WC="0.96" CONTENT="som"/><SP WIDTH="16" VPOS="470" HPOS="820"/>
							<String ID="string_60" HPOS="836" VPOS="464" WIDTH="120" HEIGHT="26" WC="0.88" CONTENT="uppstått"/><SP WIDTH="-11" VPOS="464" HPOS="956"/>
							<String ID="string_61" HPOS="945" VPOS="459" WIDTH="15" HEIGHT="36" WC="0.96" CONTENT="i"/>
						</TextLine>
						<TextLine ID="line_11" HPOS="339" VPOS="492" WIDTH="617" HEIGHT="28">
							<String ID="string_62" HPOS="339" VPOS="492" WIDTH="41" HEIGHT="21" WC="0.96" CONTENT="den"/><SP WIDTH="23" VPOS="492" HPOS="380"/>
							<String ID="string_63" HPOS="403" VPOS="492" WIDTH="121" HEIGHT="28" WC="0.96" CONTENT="befattning"/><SP WIDTH="14" VPOS="492" HPOS="524"/>
							<String ID="string_64" HPOS="538" VPOS="492" WIDTH="135" HEIGHT="28" WC="0.96" CONTENT="gäldenären"/><SP WIDTH="15" VPOS="492" HPOS="673"/>
							<String ID="string_65" HPOS="688" VPOS="493" WIDTH="90" HEIGHT="27" WC="0.95" CONTENT="tidigast"/><SP WIDTH="12" VPOS="493" HPOS="778"/>
							<String ID="string_66" HPOS="790" VPOS="492" WIDTH="49" HEIGHT="28" WC="0.96" CONTENT="fått"/><SP WIDTH="15" VPOS="492" HPOS="839"/>
							<String ID="string_67" HPOS="854" VPOS="492" WIDTH="32" HEIGHT="28" WC="0.93" CONTENT="sig"/><SP WIDTH="16" VPOS="492" HPOS="886"/>
							<String ID="string_68" HPOS="902" VPOS="498" WIDTH="54" HEIGHT="21" WC="0.92" CONTENT="upp-"/>
						</TextLine>
						<TextLine ID="line_12" HPOS="339" VPOS="521" WIDTH="617" HEIGHT="28">
							<String ID="string_69" HPOS="339" VPOS="521" WIDTH="88" HEIGHT="28" WC="0.96" CONTENT="dragen,"/><SP WIDTH="17" VPOS="521" HPOS="427"/>
							<String ID="string_70" HPOS="444" VPOS="521" WIDTH="37" HEIGHT="20" WC="0.93" CONTENT="och"/><SP WIDTH="15" VPOS="521" HPOS="481"/>
							<String ID="string_71" HPOS="496" VPOS="522" WIDTH="70" HEIGHT="26" WC="0.93" CONTENT="gånge"/><SP WIDTH="15" VPOS="522" HPOS="566"/>
							<String ID="string_72" HPOS="581" VPOS="522" WIDTH="25" HEIGHT="20" WC="0.96" CONTENT="de"/><SP WIDTH="16" VPOS="522" HPOS="606"/>
							<String ID="string_73" HPOS="622" VPOS="521" WIDTH="76" HEIGHT="28" WC="0.96" CONTENT="öfriga"/><SP WIDTH="12" VPOS="521" HPOS="698"/>
							<String ID="string_74" HPOS="710" VPOS="521" WIDTH="165" HEIGHT="28" WC="0.96" CONTENT="fordringarna"/><SP WIDTH="15" VPOS="521" HPOS="875"/>
							<String ID="string_75" HPOS="890" VPOS="521" WIDTH="66" HEIGHT="21" WC="0.95" CONTENT="sedan"/>
						</TextLine>
						<TextLine ID="line_13" HPOS="339" VPOS="549" WIDTH="619" HEIGHT="28">
							<String ID="string_76" HPOS="339" VPOS="552" WIDTH="23" HEIGHT="19" WC="0.94" CONTENT="ut"/><SP WIDTH="22" VPOS="552" HPOS="362"/>
							<String ID="string_77" HPOS="384" VPOS="550" WIDTH="47" HEIGHT="21" WC="0.94" CONTENT="med"/><SP WIDTH="19" VPOS="550" HPOS="431"/>
							<String ID="string_78" HPOS="450" VPOS="550" WIDTH="171" HEIGHT="27" WC="0.94" CONTENT="företrädesrätt"/><SP WIDTH="25" VPOS="550" HPOS="621"/>
							<String ID="string_79" HPOS="646" VPOS="550" WIDTH="100" HEIGHT="21" WC="0.96" CONTENT="inbördes"/><SP WIDTH="22" VPOS="550" HPOS="746"/>
							<String ID="string_80" HPOS="768" VPOS="549" WIDTH="55" HEIGHT="28" WC="0.95" CONTENT="efter"/><SP WIDTH="22" VPOS="549" HPOS="823"/>
							<String ID="string_81" HPOS="845" VPOS="550" WIDTH="59" HEIGHT="20" WC="0.95" CONTENT="tiden"/><SP WIDTH="12" VPOS="550" HPOS="904"/>
							<String ID="string_82" HPOS="916" VPOS="549" WIDTH="42" HEIGHT="28" WC="0.96" CONTENT="för"/>
						</TextLine>
						<TextLine ID="line_14" HPOS="340" VPOS="578" WIDTH="617" HEIGHT="28">
							<String ID="string_83" HPOS="340" VPOS="579" WIDTH="106" HEIGHT="20" WC="0.96" CONTENT="tillträdet"/><SP WIDTH="15" VPOS="579" HPOS="446"/>
							<String ID="string_84" HPOS="461" VPOS="579" WIDTH="31" HEIGHT="27" WC="0.96" CONTENT="af"/><SP WIDTH="11" VPOS="579" HPOS="492"/>
							<String ID="string_85" HPOS="503" VPOS="579" WIDTH="35" HEIGHT="20" WC="0.91" CONTENT="det"/><SP WIDTH="19" VPOS="579" HPOS="538"/>
							<String ID="string_86" HPOS="557" VPOS="579" WIDTH="118" HEIGHT="26" WC="0.91" CONTENT="sysslande,"/><SP WIDTH="17" VPOS="579" HPOS="675"/>
							<String ID="string_87" HPOS="692" VPOS="579" WIDTH="62" HEIGHT="21" WC="0.92" CONTENT="hvari"/><SP WIDTH="16" VPOS="579" HPOS="754"/>
							<String ID="string_88" HPOS="770" VPOS="578" WIDTH="128" HEIGHT="28" WC="0.90" CONTENT="fordringen"/><SP WIDTH="16" VPOS="578" HPOS="898"/>
							<String ID="string_89" HPOS="914" VPOS="579" WIDTH="43" HEIGHT="20" WC="0.93" CONTENT="till-"/>
						</TextLine>
						<TextLine ID="line_15" HPOS="340" VPOS="607" WIDTH="93" HEIGHT="21">
							<String ID="string_90" HPOS="340" VPOS="607" WIDTH="93" HEIGHT="21" WC="0.96" CONTENT="kommit."/>
						</TextLine>
					</TextBlock>
					<TextBlock ID="block_3" HPOS="341" VPOS="635" WIDTH="617" HEIGHT="86">
						<TextLine ID="line_16" HPOS="398" VPOS="635" WIDTH="560" HEIGHT="28">
							<String ID="string_91" HPOS="398" VPOS="635" WIDTH="46" HEIGHT="21" WC="0.95" CONTENT="Hos"/><SP WIDTH="15" VPOS="635" HPOS="444"/>
							<String ID="string_92" HPOS="459" VPOS="635" WIDTH="97" HEIGHT="22" WC="0.96" CONTENT="kronans"/><SP WIDTH="16" VPOS="635" HPOS="556"/>
							<String ID="string_93" HPOS="572" VPOS="636" WIDTH="137" HEIGHT="27" WC="0.96" CONTENT="tjänsteman,"/><SP WIDTH="16" VPOS="636" HPOS="709"/>
							<String ID="string_94" HPOS="725" VPOS="636" WIDTH="95" HEIGHT="21" WC="0.0" CONTENT="som"/><SP WIDTH="-47" VPOS="636" HPOS="820"/>
							<String ID="string_95" HPOS="773" VPOS="631" WIDTH="12" HEIGHT="37" WC="0.0" CONTENT="i"/><SP WIDTH="11" VPOS="631" HPOS="785"/>
							<String ID="string_96" HPOS="796" VPOS="636" WIDTH="24" HEIGHT="21" WC="0.91" CONTENT="en"/><SP WIDTH="9" VPOS="636" HPOS="820"/>
							<String ID="string_97" HPOS="829" VPOS="635" WIDTH="38" HEIGHT="22" WC="0.96" CONTENT="och"/><SP WIDTH="8" VPOS="635" HPOS="867"/>
							<String ID="string_98" HPOS="875" VPOS="642" WIDTH="83" HEIGHT="15" WC="0.96" CONTENT="samma"/>
						</TextLine>
						<TextLine ID="line_17" HPOS="341" VPOS="664" WIDTH="617" HEIGHT="28">
							<String ID="string_99" HPOS="341" VPOS="665" WIDTH="121" HEIGHT="27" WC="0.96" CONTENT="befattning"/><SP WIDTH="24" VPOS="665" HPOS="462"/>
							<String ID="string_100" HPOS="486" VPOS="665" WIDTH="87" HEIGHT="27" WC="0.94" CONTENT="ådragit"/><SP WIDTH="25" VPOS="665" HPOS="573"/>
							<String ID="string_101" HPOS="598" VPOS="665" WIDTH="33" HEIGHT="27" WC="0.92" CONTENT="sig"/><SP WIDTH="16" VPOS="665" HPOS="631"/>
							<String ID="string_102" HPOS="647" VPOS="664" WIDTH="243" HEIGHT="28" WC="0.91" CONTENT="betalningsskyldighet"/><SP WIDTH="15" VPOS="664" HPOS="890"/>
							<String ID="string_103" HPOS="905" VPOS="664" WIDTH="53" HEIGHT="21" WC="0.96" CONTENT="både"/>
						</TextLine>
						<TextLine ID="line_18" HPOS="341" VPOS="692" WIDTH="616" HEIGHT="29">
							<String ID="string_104" HPOS="341" VPOS="693" WIDTH="34" HEIGHT="21" WC="0.95" CONTENT="till"/><SP WIDTH="18" VPOS="693" HPOS="375"/>
							<String ID="string_105" HPOS="393" VPOS="692" WIDTH="84" HEIGHT="28" WC="0.96" CONTENT="kronan"/><SP WIDTH="19" VPOS="692" HPOS="477"/>
							<String ID="string_106" HPOS="496" VPOS="693" WIDTH="38" HEIGHT="21" WC="0.96" CONTENT="och"/><SP WIDTH="18" VPOS="693" HPOS="534"/>
							<String ID="string_107" HPOS="552" VPOS="693" WIDTH="75" HEIGHT="25" WC="0.93" CONTENT="andre,"/><SP WIDTH="22" VPOS="693" HPOS="627"/>
							<String ID="string_108" HPOS="649" VPOS="693" WIDTH="65" HEIGHT="28" WC="0.92" CONTENT="hafve"/><SP WIDTH="21" VPOS="693" HPOS="714"/>
							<String ID="string_109" HPOS="735" VPOS="693" WIDTH="86" HEIGHT="20" WC="0.96" CONTENT="kronan"/><SP WIDTH="14" VPOS="693" HPOS="821"/>
							<String ID="string_110" HPOS="835" VPOS="693" WIDTH="122" HEIGHT="27" WC="0.95" CONTENT="företräde."/>
						</TextLine>
					</TextBlock>
					<TextBlock ID="block_4" HPOS="341" VPOS="721" WIDTH="620" HEIGHT="314">
						<TextLine ID="line_19" HPOS="409" VPOS="721" WIDTH="549" HEIGHT="29">
							<String ID="string_111" HPOS="409" VPOS="722" WIDTH="33" HEIGHT="20" WC="0.94" CONTENT="År"/><SP WIDTH="22" VPOS="722" HPOS="442"/>
							<String ID="string_112" HPOS="464" VPOS="722" WIDTH="33" HEIGHT="20" WC="0.92" CONTENT="uti"/><SP WIDTH="19" VPOS="722" HPOS="497"/>
							<String ID="string_113" HPOS="516" VPOS="722" WIDTH="176" HEIGHT="27" WC="0.91" CONTENT="uppbördsmans"/><SP WIDTH="18" VPOS="722" HPOS="692"/>
							<String ID="string_114" HPOS="710" VPOS="721" WIDTH="107" HEIGHT="29" WC="0.88" CONTENT="jastighet"/><SP WIDTH="17" VPOS="721" HPOS="817"/>
							<String ID="string_115" HPOS="834" VPOS="722" WIDTH="124" HEIGHT="27" WC="0.51" CONTENT="intec&#39;ning"/>
						</TextLine>
						<TextLine ID="line_20" HPOS="342" VPOS="750" WIDTH="617" HEIGHT="28">
							<String ID="string_116" HPOS="342" VPOS="750" WIDTH="94" HEIGHT="27" WC="0.96" CONTENT="beviljad"/><SP WIDTH="22" VPOS="750" HPOS="436"/>
							<String ID="string_117" HPOS="458" VPOS="750" WIDTH="84" HEIGHT="22" WC="0.95" CONTENT="kronan"/><SP WIDTH="25" VPOS="750" HPOS="542"/>
							<String ID="string_118" HPOS="567" VPOS="751" WIDTH="53" HEIGHT="20" WC="0.96" CONTENT="eller"/><SP WIDTH="15" VPOS="751" HPOS="620"/>
							<String ID="string_119" HPOS="635" VPOS="751" WIDTH="83" HEIGHT="20" WC="0.96" CONTENT="allmän"/><SP WIDTH="17" VPOS="751" HPOS="718"/>
							<String ID="string_120" HPOS="735" VPOS="751" WIDTH="123" HEIGHT="27" WC="0.96" CONTENT="inrättning"/><SP WIDTH="16" VPOS="751" HPOS="858"/>
							<String ID="string_121" HPOS="874" VPOS="751" WIDTH="34" HEIGHT="20" WC="0.92" CONTENT="till"/><SP WIDTH="15" VPOS="751" HPOS="908"/>
							<String ID="string_122" HPOS="923" VPOS="752" WIDTH="36" HEIGHT="19" WC="0.91" CONTENT="sä-"/>
						</TextLine>
						<TextLine ID="line_21" HPOS="342" VPOS="779" WIDTH="617" HEIGHT="27">
							<String ID="string_123" HPOS="342" VPOS="779" WIDTH="72" HEIGHT="20" WC="0.92" CONTENT="kerhet"/><SP WIDTH="11" VPOS="779" HPOS="414"/>
							<String ID="string_124" HPOS="425" VPOS="779" WIDTH="43" HEIGHT="27" WC="0.96" CONTENT="för"/><SP WIDTH="14" VPOS="779" HPOS="468"/>
							<String ID="string_125" HPOS="482" VPOS="780" WIDTH="52" HEIGHT="20" WC="0.96" CONTENT="visst"/><SP WIDTH="16" VPOS="780" HPOS="534"/>
							<String ID="string_126" HPOS="550" VPOS="779" WIDTH="75" HEIGHT="27" WC="0.96" CONTENT="belopp"/><SP WIDTH="17" VPOS="779" HPOS="625"/>
							<String ID="string_127" HPOS="642" VPOS="779" WIDTH="28" HEIGHT="27" WC="0.96" CONTENT="af"/><SP WIDTH="11" VPOS="779" HPOS="670"/>
							<String ID="string_128" HPOS="681" VPOS="779" WIDTH="57" HEIGHT="21" WC="0.95" CONTENT="hvad"/><SP WIDTH="15" VPOS="779" HPOS="738"/>
							<String ID="string_129" HPOS="753" VPOS="779" WIDTH="51" HEIGHT="25" WC="0.96" CONTENT="han,"/><SP WIDTH="16" VPOS="779" HPOS="804"/>
							<String ID="string_130" HPOS="820" VPOS="779" WIDTH="36" HEIGHT="20" WC="0.93" CONTENT="vid"/><SP WIDTH="15" VPOS="779" HPOS="856"/>
							<String ID="string_131" HPOS="871" VPOS="779" WIDTH="88" HEIGHT="27" WC="0.92" CONTENT="redogö-"/>
						</TextLine>
						<TextLine ID="line_22" HPOS="341" VPOS="807" WIDTH="618" HEIGHT="28">
							<String ID="string_132" HPOS="341" VPOS="809" WIDTH="55" HEIGHT="20" WC="0.92" CONTENT="relse"/><SP WIDTH="18" VPOS="809" HPOS="396"/>
							<String ID="string_133" HPOS="414" VPOS="808" WIDTH="42" HEIGHT="26" WC="0.96" CONTENT="för"/><SP WIDTH="22" VPOS="808" HPOS="456"/>
							<String ID="string_134" HPOS="478" VPOS="808" WIDTH="35" HEIGHT="21" WC="0.91" CONTENT="sin"/><SP WIDTH="23" VPOS="808" HPOS="513"/>
							<String ID="string_135" HPOS="536" VPOS="807" WIDTH="128" HEIGHT="28" WC="0.90" CONTENT="bejattning,"/><SP WIDTH="16" VPOS="807" HPOS="664"/>
							<String ID="string_136" HPOS="680" VPOS="807" WIDTH="44" HEIGHT="21" WC="0.96" CONTENT="kan"/><SP WIDTH="10" VPOS="807" HPOS="724"/>
							<String ID="string_137" HPOS="734" VPOS="808" WIDTH="78" HEIGHT="26" WC="0.95" CONTENT="finnas"/><SP WIDTH="15" VPOS="808" HPOS="812"/>
							<String ID="string_138" HPOS="827" VPOS="807" WIDTH="85" HEIGHT="28" WC="0.96" CONTENT="skyldig"/><SP WIDTH="16" VPOS="807" HPOS="912"/>
							<String ID="string_139" HPOS="928" VPOS="809" WIDTH="31" HEIGHT="18" WC="0.96" CONTENT="att"/>
						</TextLine>
						<TextLine ID="line_23" HPOS="343" VPOS="836" WIDTH="617" HEIGHT="27">
							<String ID="string_140" HPOS="343" VPOS="836" WIDTH="70" HEIGHT="20" WC="0.96" CONTENT="betala"/><SP WIDTH="12" VPOS="836" HPOS="413"/>
							<String ID="string_141" HPOS="425" VPOS="837" WIDTH="32" HEIGHT="25" WC="0.96" CONTENT="på"/><SP WIDTH="15" VPOS="837" HPOS="457"/>
							<String ID="string_142" HPOS="472" VPOS="838" WIDTH="42" HEIGHT="19" WC="0.94" CONTENT="sätt"/><SP WIDTH="16" VPOS="838" HPOS="514"/>
							<String ID="string_143" HPOS="530" VPOS="836" WIDTH="8" HEIGHT="20" WC="0.96" CONTENT="i"/><SP WIDTH="15" VPOS="836" HPOS="538"/>
							<String ID="string_144" HPOS="553" VPOS="837" WIDTH="28" HEIGHT="19" WC="0.90" CONTENT="13"/><SP WIDTH="15" VPOS="837" HPOS="581"/>
							<String ID="string_145" HPOS="596" VPOS="836" WIDTH="16" HEIGHT="27" WC="0.90" CONTENT="$"/><SP WIDTH="15" VPOS="836" HPOS="612"/>
							<String ID="string_146" HPOS="627" VPOS="836" WIDTH="30" HEIGHT="27" WC="0.95" CONTENT="af"/><SP WIDTH="8" VPOS="836" HPOS="657"/>
							<String ID="string_147" HPOS="665" VPOS="836" WIDTH="163" HEIGHT="27" WC="0.96" CONTENT="förordningen"/><SP WIDTH="9" VPOS="836" HPOS="828"/>
							<String ID="string_148" HPOS="837" VPOS="843" WIDTH="33" HEIGHT="13" WC="0.93" CONTENT="om"/><SP WIDTH="12" VPOS="843" HPOS="870"/>
							<String ID="string_149" HPOS="882" VPOS="836" WIDTH="78" HEIGHT="20" WC="0.90" CONTENT="inteck-"/>
						</TextLine>
						<TextLine ID="line_24" HPOS="342" VPOS="864" WIDTH="618" HEIGHT="28">
							<String ID="string_150" HPOS="342" VPOS="865" WIDTH="53" HEIGHT="27" WC="0.95" CONTENT="ning"/><SP WIDTH="23" VPOS="865" HPOS="395"/>
							<String ID="string_151" HPOS="418" VPOS="865" WIDTH="8" HEIGHT="19" WC="0.96" CONTENT="i"/><SP WIDTH="20" VPOS="865" HPOS="426"/>
							<String ID="string_152" HPOS="446" VPOS="865" WIDTH="50" HEIGHT="27" WC="0.95" CONTENT="fast"/><SP WIDTH="22" VPOS="865" HPOS="496"/>
							<String ID="string_153" HPOS="518" VPOS="864" WIDTH="100" HEIGHT="28" WC="0.96" CONTENT="egendom"/><SP WIDTH="23" VPOS="864" HPOS="618"/>
							<String ID="string_154" HPOS="641" VPOS="867" WIDTH="68" HEIGHT="25" WC="0.92" CONTENT="säges,"/><SP WIDTH="16" VPOS="867" HPOS="709"/>
							<String ID="string_155" HPOS="725" VPOS="864" WIDTH="66" HEIGHT="28" WC="0.91" CONTENT="hafve"/><SP WIDTH="15" VPOS="864" HPOS="791"/>
							<String ID="string_156" HPOS="806" VPOS="864" WIDTH="86" HEIGHT="21" WC="0.96" CONTENT="kronan"/><SP WIDTH="16" VPOS="864" HPOS="892"/>
							<String ID="string_157" HPOS="908" VPOS="865" WIDTH="52" HEIGHT="20" WC="0.95" CONTENT="eller"/>
						</TextLine>
						<TextLine ID="line_25" HPOS="343" VPOS="892" WIDTH="618" HEIGHT="28">
							<String ID="string_158" HPOS="343" VPOS="894" WIDTH="83" HEIGHT="20" WC="0.95" CONTENT="allmän"/><SP WIDTH="22" VPOS="894" HPOS="426"/>
							<String ID="string_159" HPOS="448" VPOS="894" WIDTH="123" HEIGHT="26" WC="0.93" CONTENT="inrättning"/><SP WIDTH="22" VPOS="894" HPOS="571"/>
							<String ID="string_160" HPOS="593" VPOS="893" WIDTH="22" HEIGHT="27" WC="0.95" CONTENT="ej"/><SP WIDTH="14" VPOS="893" HPOS="615"/>
							<String ID="string_161" HPOS="629" VPOS="900" WIDTH="75" HEIGHT="14" WC="0.93" CONTENT="annan"/><SP WIDTH="13" VPOS="900" HPOS="704"/>
							<String ID="string_162" HPOS="717" VPOS="892" WIDTH="150" HEIGHT="28" WC="0.91" CONTENT="förmånsrätt"/><SP WIDTH="15" VPOS="892" HPOS="867"/>
							<String ID="string_163" HPOS="882" VPOS="894" WIDTH="8" HEIGHT="19" WC="0.93" CONTENT="i"/><SP WIDTH="16" VPOS="894" HPOS="890"/>
							<String ID="string_164" HPOS="906" VPOS="899" WIDTH="55" HEIGHT="21" WC="0.91" CONTENT="upp-"/>
						</TextLine>
						<TextLine ID="line_26" HPOS="343" VPOS="921" WIDTH="617" HEIGHT="28">
							<String ID="string_165" HPOS="343" VPOS="922" WIDTH="169" HEIGHT="21" WC="0.90" CONTENT="bördsmannens"/><SP WIDTH="25" VPOS="922" HPOS="512"/>
							<String ID="string_166" HPOS="537" VPOS="922" WIDTH="74" HEIGHT="27" WC="0.93" CONTENT="öfriga"/><SP WIDTH="25" VPOS="922" HPOS="611"/>
							<String ID="string_167" HPOS="636" VPOS="922" WIDTH="101" HEIGHT="27" WC="0.96" CONTENT="egendom"/><SP WIDTH="17" VPOS="922" HPOS="737"/>
							<String ID="string_168" HPOS="754" VPOS="921" WIDTH="42" HEIGHT="27" WC="0.95" CONTENT="för"/><SP WIDTH="22" VPOS="921" HPOS="796"/>
							<String ID="string_169" HPOS="818" VPOS="922" WIDTH="35" HEIGHT="20" WC="0.96" CONTENT="det"/><SP WIDTH="25" VPOS="922" HPOS="853"/>
							<String ID="string_170" HPOS="878" VPOS="922" WIDTH="82" HEIGHT="26" WC="0.96" CONTENT="belopp,"/>
						</TextLine>
						<TextLine ID="line_27" HPOS="343" VPOS="950" WIDTH="618" HEIGHT="28">
							<String ID="string_171" HPOS="343" VPOS="950" WIDTH="93" HEIGHT="28" WC="0.96" CONTENT="hvarför"/><SP WIDTH="12" VPOS="950" HPOS="436"/>
							<String ID="string_172" HPOS="448" VPOS="950" WIDTH="134" HEIGHT="28" WC="0.96" CONTENT="fastigheten"/><SP WIDTH="15" VPOS="950" HPOS="582"/>
							<String ID="string_173" HPOS="597" VPOS="952" WIDTH="26" HEIGHT="19" WC="0.92" CONTENT="är"/><SP WIDTH="15" VPOS="952" HPOS="623"/>
							<String ID="string_174" HPOS="638" VPOS="950" WIDTH="124" HEIGHT="24" WC="0.90" CONTENT="intecknad,"/><SP WIDTH="16" VPOS="950" HPOS="762"/>
							<String ID="string_175" HPOS="778" VPOS="950" WIDTH="38" HEIGHT="20" WC="0.96" CONTENT="och"/><SP WIDTH="16" VPOS="950" HPOS="816"/>
							<String ID="string_176" HPOS="832" VPOS="950" WIDTH="22" HEIGHT="27" WC="0.96" CONTENT="ej"/><SP WIDTH="14" VPOS="950" HPOS="854"/>
							<String ID="string_177" HPOS="868" VPOS="950" WIDTH="70" HEIGHT="20" WC="0.96" CONTENT="häller"/><SP WIDTH="14" VPOS="950" HPOS="938"/>
							<String ID="string_178" HPOS="952" VPOS="950" WIDTH="9" HEIGHT="20" WC="0.96" CONTENT="i"/>
						</TextLine>
						<TextLine ID="line_28" HPOS="344" VPOS="978" WIDTH="617" HEIGHT="29">
							<String ID="string_179" HPOS="344" VPOS="979" WIDTH="40" HEIGHT="20" WC="0.96" CONTENT="den"/><SP WIDTH="17" VPOS="979" HPOS="384"/>
							<String ID="string_180" HPOS="401" VPOS="979" WIDTH="130" HEIGHT="28" WC="0.95" CONTENT="fastigheten"/><SP WIDTH="16" VPOS="979" HPOS="531"/>
							<String ID="string_181" HPOS="547" VPOS="979" WIDTH="61" HEIGHT="27" WC="0.96" CONTENT="dylik"/><SP WIDTH="10" VPOS="979" HPOS="608"/>
							<String ID="string_182" HPOS="618" VPOS="981" WIDTH="44" HEIGHT="18" WC="0.96" CONTENT="rätt"/><SP WIDTH="8" VPOS="981" HPOS="662"/>
							<String ID="string_183" HPOS="670" VPOS="979" WIDTH="41" HEIGHT="27" WC="0.96" CONTENT="för"/><SP WIDTH="14" VPOS="979" HPOS="711"/>
							<String ID="string_184" HPOS="725" VPOS="979" WIDTH="135" HEIGHT="27" WC="0.96" CONTENT="fordringar,"/><SP WIDTH="12" VPOS="979" HPOS="860"/>
							<String ID="string_185" HPOS="872" VPOS="985" WIDTH="44" HEIGHT="14" WC="0.92" CONTENT="som"/><SP WIDTH="11" VPOS="985" HPOS="916"/>
							<String ID="string_186" HPOS="927" VPOS="978" WIDTH="34" HEIGHT="28" WC="0.91" CONTENT="öf-"/>
						</TextLine>
						<TextLine ID="line_29" HPOS="344" VPOS="1007" WIDTH="420" HEIGHT="28">
							<String ID="string_187" HPOS="344" VPOS="1007" WIDTH="109" HEIGHT="28" WC="0.91" CONTENT="verskjuta"/><SP WIDTH="16" VPOS="1007" HPOS="453"/>
							<String ID="string_188" HPOS="469" VPOS="1008" WIDTH="33" HEIGHT="20" WC="0.93" CONTENT="det"/><SP WIDTH="16" VPOS="1008" HPOS="502"/>
							<String ID="string_189" HPOS="518" VPOS="1007" WIDTH="128" HEIGHT="22" WC="0.91" CONTENT="intecknade"/><SP WIDTH="16" VPOS="1007" HPOS="646"/>
							<String ID="string_190" HPOS="662" VPOS="1008" WIDTH="102" HEIGHT="26" WC="0.95" CONTENT="beloppet."/>
						</TextLine>
					</TextBlock>
					<TextBlock ID="block_5" HPOS="343" VPOS="1036" WIDTH="623" HEIGHT="113">
						<TextLine ID="line_30" HPOS="414" VPOS="1036" WIDTH="548" HEIGHT="27">
							<String ID="string_191" HPOS="414" VPOS="1036" WIDTH="64" HEIGHT="20" WC="0.96" CONTENT="Hvad"/><SP WIDTH="22" VPOS="1036" HPOS="478"/>
							<String ID="string_192" HPOS="500" VPOS="1043" WIDTH="30" HEIGHT="14" WC="0.96" CONTENT="nu"/><SP WIDTH="22" VPOS="1043" HPOS="530"/>
							<String ID="string_193" HPOS="552" VPOS="1038" WIDTH="26" HEIGHT="18" WC="0.93" CONTENT="är"/><SP WIDTH="15" VPOS="1038" HPOS="578"/>
							<String ID="string_194" HPOS="593" VPOS="1036" WIDTH="63" HEIGHT="27" WC="0.89" CONTENT="sagdt"/><SP WIDTH="16" VPOS="1036" HPOS="656"/>
							<String ID="string_195" HPOS="672" VPOS="1042" WIDTH="32" HEIGHT="14" WC="0.93" CONTENT="om"/><SP WIDTH="18" VPOS="1042" HPOS="704"/>
							<String ID="string_196" HPOS="722" VPOS="1036" WIDTH="124" HEIGHT="27" WC="0.90" CONTENT="omyndiges"/><SP WIDTH="12" VPOS="1036" HPOS="846"/>
							<String ID="string_197" HPOS="858" VPOS="1036" WIDTH="104" HEIGHT="26" WC="0.90" CONTENT="fordrin-"/>
						</TextLine>
						<TextLine ID="line_31" HPOS="343" VPOS="1063" WIDTH="619" HEIGHT="29">
							<String ID="string_198" HPOS="343" VPOS="1072" WIDTH="42" HEIGHT="20" WC="0.95" CONTENT="gar"/><SP WIDTH="21" VPOS="1072" HPOS="385"/>
							<String ID="string_199" HPOS="406" VPOS="1065" WIDTH="38" HEIGHT="21" WC="0.95" CONTENT="hos"/><SP WIDTH="19" VPOS="1065" HPOS="444"/>
							<String ID="string_200" HPOS="463" VPOS="1065" WIDTH="119" HEIGHT="27" WC="0.96" CONTENT="föräldrar"/><SP WIDTH="23" VPOS="1065" HPOS="582"/>
							<String ID="string_201" HPOS="605" VPOS="1066" WIDTH="51" HEIGHT="20" WC="0.96" CONTENT="eller"/><SP WIDTH="19" VPOS="1066" HPOS="656"/>
							<String ID="string_202" HPOS="675" VPOS="1064" WIDTH="156" HEIGHT="28" WC="0.93" CONTENT="förmyndare,"/><SP WIDTH="20" VPOS="1064" HPOS="831"/>
							<String ID="string_203" HPOS="851" VPOS="1064" WIDTH="57" HEIGHT="27" WC="0.92" CONTENT="gälle"/><SP WIDTH="16" VPOS="1064" HPOS="908"/>
							<String ID="string_204" HPOS="924" VPOS="1063" WIDTH="38" HEIGHT="21" WC="0.96" CONTENT="ock"/>
						</TextLine>
						<TextLine ID="line_32" HPOS="344" VPOS="1092" WIDTH="622" HEIGHT="29">
							<String ID="string_205" HPOS="344" VPOS="1094" WIDTH="88" HEIGHT="20" WC="0.89" CONTENT="hustrus"/><SP WIDTH="23" VPOS="1094" HPOS="432"/>
							<String ID="string_206" HPOS="455" VPOS="1093" WIDTH="201" HEIGHT="28" WC="0.89" CONTENT="tillgodohafvande"/><SP WIDTH="23" VPOS="1093" HPOS="656"/>
							<String ID="string_207" HPOS="679" VPOS="1092" WIDTH="39" HEIGHT="22" WC="0.96" CONTENT="hos"/><SP WIDTH="21" VPOS="1092" HPOS="718"/>
							<String ID="string_208" HPOS="739" VPOS="1092" WIDTH="43" HEIGHT="28" WC="0.96" CONTENT="god"/><SP WIDTH="20" VPOS="1092" HPOS="782"/>
							<String ID="string_209" HPOS="802" VPOS="1099" WIDTH="57" HEIGHT="18" WC="0.95" CONTENT="man,"/><SP WIDTH="16" VPOS="1099" HPOS="859"/>
							<String ID="string_210" HPOS="875" VPOS="1099" WIDTH="44" HEIGHT="14" WC="0.96" CONTENT="som"/><SP WIDTH="16" VPOS="1099" HPOS="919"/>
							<String ID="string_211" HPOS="935" VPOS="1092" WIDTH="31" HEIGHT="27" WC="0.95" CONTENT="af"/>
						</TextLine>
						<TextLine ID="line_33" HPOS="345" VPOS="1121" WIDTH="617" HEIGHT="28">
							<String ID="string_212" HPOS="345" VPOS="1122" WIDTH="89" HEIGHT="21" WC="0.92" CONTENT="domstol"/><SP WIDTH="23" VPOS="1122" HPOS="434"/>
							<String ID="string_213" HPOS="457" VPOS="1122" WIDTH="129" HEIGHT="26" WC="0.91" CONTENT="förordnats"/><SP WIDTH="16" VPOS="1122" HPOS="586"/>
							<String ID="string_214" HPOS="602" VPOS="1125" WIDTH="31" HEIGHT="18" WC="0.96" CONTENT="att"/><SP WIDTH="15" VPOS="1125" HPOS="633"/>
							<String ID="string_215" HPOS="648" VPOS="1122" WIDTH="79" HEIGHT="21" WC="0.96" CONTENT="hennes"/><SP WIDTH="16" VPOS="1122" HPOS="727"/>
							<String ID="string_216" HPOS="743" VPOS="1121" WIDTH="101" HEIGHT="28" WC="0.96" CONTENT="egendom"/><SP WIDTH="10" VPOS="1121" HPOS="844"/>
							<String ID="string_217" HPOS="854" VPOS="1121" WIDTH="108" HEIGHT="28" WC="0.96" CONTENT="förvalta."/>
						</TextLine>
					</TextBlock>
					<TextBlock ID="block_6" HPOS="413" VPOS="1149" WIDTH="469" HEIGHT="29">
						<TextLine ID="line_34" HPOS="413" VPOS="1149" WIDTH="469" HEIGHT="29">
							<String ID="string_218" HPOS="413" VPOS="1151" WIDTH="79" HEIGHT="21" WC="0.93" CONTENT="Denna"/><SP WIDTH="11" VPOS="1151" HPOS="492"/>
							<String ID="string_219" HPOS="503" VPOS="1151" WIDTH="136" HEIGHT="27" WC="0.88" CONTENT="jörordning"/><SP WIDTH="16" VPOS="1151" HPOS="639"/>
							<String ID="string_220" HPOS="655" VPOS="1151" WIDTH="75" HEIGHT="20" WC="0.92" CONTENT="träder"/><SP WIDTH="12" VPOS="1151" HPOS="730"/>
							<String ID="string_221" HPOS="742" VPOS="1151" WIDTH="8" HEIGHT="19" WC="0.94" CONTENT="i"/><SP WIDTH="13" VPOS="1151" HPOS="750"/>
							<String ID="string_222" HPOS="763" VPOS="1149" WIDTH="62" HEIGHT="28" WC="0.94" CONTENT="kraft"/><SP WIDTH="17" VPOS="1149" HPOS="825"/>
							<String ID="string_223" HPOS="842" VPOS="1150" WIDTH="40" HEIGHT="20" WC="0.96" CONTENT="den"/>
						</TextLine>
					</TextBlock>
				</ComposedBlock>
				<ComposedBlock ID="cblock_2" HPOS="277" VPOS="1214" WIDTH="396" HEIGHT="27">
					<TextBlock ID="block_7" HPOS="277" VPOS="1214" WIDTH="396" HEIGHT="27">
						<TextLine ID="line_35" HPOS="277" VPOS="1214" WIDTH="396" HEIGHT="27">
							<String ID="string_224" HPOS="277" VPOS="1215" WIDTH="131" HEIGHT="26" WC="0.95" CONTENT="Helsingfors,"/><SP WIDTH="18" VPOS="1215" HPOS="408"/>
							<String ID="string_225" HPOS="426" VPOS="1216" WIDTH="36" HEIGHT="19" WC="0.96" CONTENT="den"/><SP WIDTH="17" VPOS="1216" HPOS="462"/>
							<String ID="string_226" HPOS="479" VPOS="1216" WIDTH="11" HEIGHT="19" WC="0.97" CONTENT="7"/><SP WIDTH="17" VPOS="1216" HPOS="490"/>
							<String ID="string_227" HPOS="507" VPOS="1215" WIDTH="87" HEIGHT="20" WC="0.96" CONTENT="februari"/><SP WIDTH="17" VPOS="1215" HPOS="594"/>
							<String ID="string_228" HPOS="611" VPOS="1214" WIDTH="62" HEIGHT="21" WC="0.96" CONTENT="1891."/>
						</TextLine>
					</TextBlock>
				</ComposedBlock>
				<ComposedBlock ID="cblock_3" HPOS="655" VPOS="1276" WIDTH="239" HEIGHT="21">
					<TextBlock ID="block_8" HPOS="655" VPOS="1276" WIDTH="239" HEIGHT="21">
						<TextLine ID="line_36" HPOS="655" VPOS="1276" WIDTH="239" HEIGHT="21">
							<String ID="string_229" HPOS="655" VPOS="1277" WIDTH="80" HEIGHT="20" WC="0.86" CONTENT="Ferd."/><SP WIDTH="16" VPOS="1277" HPOS="735"/>
							<String ID="string_230" HPOS="751" VPOS="1276" WIDTH="143" HEIGHT="20" WC="0.86" CONTENT="Jusölius."/>
						</TextLine>
					</TextBlock>
				</ComposedBlock>
				<ComposedBlock ID="cblock_4" HPOS="207" VPOS="1372" WIDTH="759" HEIGHT="132">
					<TextBlock ID="block_9" HPOS="207" VPOS="1372" WIDTH="759" HEIGHT="97">
						<TextLine ID="line_37" HPOS="277" VPOS="1372" WIDTH="689" HEIGHT="29">
							<String ID="string_231" HPOS="277" VPOS="1374" WIDTH="9" HEIGHT="20" WC="0.96" CONTENT="I"/><SP WIDTH="11" VPOS="1374" HPOS="286"/>
							<String ID="string_232" HPOS="297" VPOS="1374" WIDTH="27" HEIGHT="20" WC="0.93" CONTENT="de"/><SP WIDTH="8" VPOS="1374" HPOS="324"/>
							<String ID="string_233" HPOS="332" VPOS="1374" WIDTH="156" HEIGHT="27" WC="0.92" CONTENT="författningar,"/><SP WIDTH="9" VPOS="1374" HPOS="488"/>
							<String ID="string_234" HPOS="497" VPOS="1373" WIDTH="72" HEIGHT="21" WC="0.93" CONTENT="hvilka"/><SP WIDTH="11" VPOS="1373" HPOS="569"/>
							<String ID="string_235" HPOS="580" VPOS="1373" WIDTH="67" HEIGHT="21" WC="0.96" CONTENT="under"/><SP WIDTH="7" VPOS="1373" HPOS="647"/>
							<String ID="string_236" HPOS="654" VPOS="1375" WIDTH="58" HEIGHT="19" WC="0.96" CONTENT="vissa"/><SP WIDTH="10" VPOS="1375" HPOS="712"/>
							<String ID="string_237" HPOS="722" VPOS="1373" WIDTH="177" HEIGHT="26" WC="0.93" CONTENT="förutsättningar"/><SP WIDTH="8" VPOS="1373" HPOS="899"/>
							<String ID="string_238" HPOS="907" VPOS="1372" WIDTH="59" HEIGHT="20" WC="0.91" CONTENT="med-"/>
						</TextLine>
						<TextLine ID="line_38" HPOS="207" VPOS="1407" WIDTH="759" HEIGHT="28">
							<String ID="string_239" HPOS="207" VPOS="1408" WIDTH="59" HEIGHT="27" WC="0.92" CONTENT="gifva"/><SP WIDTH="16" VPOS="1408" HPOS="266"/>
							<String ID="string_240" HPOS="282" VPOS="1409" WIDTH="24" HEIGHT="20" WC="0.96" CONTENT="sä"/><SP WIDTH="14" VPOS="1409" HPOS="306"/>
							<String ID="string_241" HPOS="320" VPOS="1408" WIDTH="84" HEIGHT="21" WC="0.93" CONTENT="kallade"/><SP WIDTH="12" VPOS="1408" HPOS="404"/>
							<String ID="string_242" HPOS="416" VPOS="1408" WIDTH="236" HEIGHT="26" WC="0.91" CONTENT="exekutionsbetjäntes"/><SP WIDTH="8" VPOS="1408" HPOS="652"/>
							<String ID="string_243" HPOS="660" VPOS="1407" WIDTH="143" HEIGHT="21" WC="0.92" CONTENT="användande"/><SP WIDTH="8" VPOS="1407" HPOS="803"/>
							<String ID="string_244" HPOS="811" VPOS="1408" WIDTH="6" HEIGHT="19" WC="0.93" CONTENT="i"/><SP WIDTH="8" VPOS="1408" HPOS="817"/>
							<String ID="string_245" HPOS="825" VPOS="1407" WIDTH="141" HEIGHT="26" WC="0.92" CONTENT="utmätnings-"/>
						</TextLine>
						<TextLine ID="line_39" HPOS="207" VPOS="1440" WIDTH="759" HEIGHT="29">
							<String ID="string_246" HPOS="207" VPOS="1442" WIDTH="102" HEIGHT="25" WC="0.93" CONTENT="ärenden,"/><SP WIDTH="17" VPOS="1442" HPOS="309"/>
							<String ID="string_247" HPOS="326" VPOS="1443" WIDTH="23" HEIGHT="20" WC="0.93" CONTENT="är"/><SP WIDTH="15" VPOS="1443" HPOS="349"/>
							<String ID="string_248" HPOS="364" VPOS="1443" WIDTH="142" HEIGHT="26" WC="0.92" CONTENT="grundsatsen"/><SP WIDTH="16" VPOS="1443" HPOS="506"/>
							<String ID="string_249" HPOS="522" VPOS="1449" WIDTH="36" HEIGHT="14" WC="0.91" CONTENT="om"/><SP WIDTH="21" VPOS="1449" HPOS="558"/>
							<String ID="string_250" HPOS="579" VPOS="1441" WIDTH="239" HEIGHT="21" WC="0.91" CONTENT="underexekutorernes"/><SP WIDTH="11" VPOS="1441" HPOS="818"/>
							<String ID="string_251" HPOS="829" VPOS="1440" WIDTH="137" HEIGHT="21" WC="0.92" CONTENT="omedelbara"/>
						</TextLine>
					</TextBlock>
					<TextBlock ID="block_10" HPOS="278" VPOS="1481" WIDTH="339" HEIGHT="23">
						<TextLine ID="line_40" HPOS="278" VPOS="1481" WIDTH="339" HEIGHT="23">
							<String ID="string_252" HPOS="278" VPOS="1482" WIDTH="129" HEIGHT="22" WC="0.85" CONTENT="Lagutskottets"/><SP WIDTH="13" VPOS="1482" HPOS="407"/>
							<String ID="string_253" HPOS="420" VPOS="1481" WIDTH="108" HEIGHT="18" WC="0.96" CONTENT="betänkande"/><SP WIDTH="12" VPOS="1481" HPOS="528"/>
							<String ID="string_254" HPOS="540" VPOS="1483" WIDTH="37" HEIGHT="16" WC="0.95" CONTENT="N:o"/><SP WIDTH="12" VPOS="1483" HPOS="577"/>
							<String ID="string_255" HPOS="589" VPOS="1481" WIDTH="28" HEIGHT="17" WC="0.91" CONTENT="13."/>
						</TextLine>
					</TextBlock>
				</ComposedBlock>
			</PrintSpace>
		</Page>
	</Layout>
</alto>
