1053 1670
322 103 223 23 Petitionsbetänkande
561 104 34 21 N:o
611 103 14 22 1.
774 105 40 18 161

99 164 26 22 de
146 164 25 22 af
196 165 68 21 linien
281 163 249 28 Boden—Haaparanta
547 165 108 26 upptages
676 163 38 22 vid
728 165 65 20 nästa
808 163 36 21 års

98 200 98 28 riksdag,
221 200 48 21 helt
289 199 64 28 visst,
376 199 35 22 för
426 201 33 20 att
474 199 94 22 inverka
583 199 30 28 på
627 199 136 28 afgörandet,
780 199 64 22 fram-

99 236 65 27 hålla,
181 237 33 20 att
230 235 38 22 det
283 235 66 22 också
365 235 19 28 ej
401 238 25 19 är
442 235 77 22 säkert
534 235 108 22 huruvida
658 235 104 21 sträckan
780 234 64 22 Uleå-

99 271 170 28 borg—Torneå
284 271 98 22 kommer
397 273 33 20 att
445 272 84 27 byggas
540 271 25 21 af
573 270 101 22 Finland.
690 270 75 27 Derpå
773 270 72 22 skulle

99 313 30 16 nu
144 313 27 16 en
185 307 103 21 anhållan
299 306 24 21 af
332 306 123 23 Ständerna
465 313 34 15 om
509 306 134 27 proposition
654 306 36 21 till
700 307 64 20 nästa
774 305 70 22 landt-

100 343 42 27 dag
165 344 78 26 utgöra
266 344 33 20 ett
322 342 125 28 otvetydigt
465 348 52 16 svar
532 342 50 22 från
598 341 107 22 Finlands
721 341 53 27 sida,
790 343 56 20 samt

101 377 60 28 gifva
177 380 33 20 ett
225 378 110 22 bestämdt
350 379 91 26 uttryck
457 378 23 21 åt
495 378 43 22 den
554 378 91 27 önskan,
662 383 45 16 som
723 377 41 22 här
779 377 66 27 hyses

101 420 33 15 om
150 420 27 16 en
191 413 242 28 jernvägsförbindelse
449 413 107 22 länderna
571 413 99 22 emellan.

170 449 32 21 På
217 449 71 27 grund
303 448 24 22 af
341 449 38 22 det
395 449 92 22 anförda
502 449 35 22 får
550 449 39 27 jag
605 448 75 22 derför
695 448 91 22 föreslå:

312 516 31 20 att
367 514 126 22 Ständerna
513 515 50 21 ville
586 514 37 22 hos
643 514 65 22 Hans
723 514 123 28 Kejserliga

244 550 102 28 Majestät
361 550 9 21 i
386 550 173 28 underdänighet
573 550 96 28 anhälla,
686 551 31 21 att
727 550 67 21 sedan
805 556 40 15 un-

242 586 161 28 dersökningen
418 589 24 25 af
454 586 173 28 jernvägslinien
638 586 90 22 emellan
743 585 103 28 Uleäborg

243 622 36 21 och
304 622 85 21 Torneå
412 622 69 27 blifvit
501 622 115 26 verkstäld,
634 621 68 29 nådig
713 621 133 28 proposition

243 664 33 15 om
298 657 119 29 byggandet
438 658 29 26 af
483 665 27 14 en
525 658 94 28 jernväg
640 657 90 22 emellan
750 656 96 22 nämnda

243 693 74 21 städer
331 693 66 22 mätte
407 694 37 21 vid
454 695 65 20 nästa
529 693 103 28 landtdag
642 694 69 21 varda
721 692 125 23 Ständerna

242 728 105 29 förelagd.

172 788 141 28 Helsingfors
329 789 43 22 den
388 791 12 19 6
417 789 64 27 April
499 790 62 20 1891.

577 844 101 35 Hemming
694 840 81 30 Äström.

463 992 25 18 2.

366 1037 123 23 Petitionen
506 1037 43 23 N:o
564 1039 20 20 9.

176 1092 77 21 Ehuru
270 1092 39 27 jag
329 1094 26 19 är
370 1098 52 15 ense
438 1092 49 22 med
502 1092 121 22 utskottets
638 1092 114 27 pluralitet
767 1092 79 27 derom,

103 1129 33 20 att
156 1134 56 21 man,
232 1134 34 15 om
282 1128 25 21 sä
322 1128 41 21 ske
378 1128 50 27 kan,
445 1129 40 20 bör
500 1128 94 27 utdraga
607 1128 154 27 jernvägarne,
778 1127 27 22 dä
821 1127 26 22 de

103 1164 79 21 beröra
203 1164 81 21 kusten
305 1163 56 22 ända
376 1163 37 22 till
427 1164 128 27 respektive
570 1164 96 27 hamnar,
683 1164 43 21 kan
739 1163 39 28 jag
793 1163 55 22 dock

103 1199 49 22 icke
174 1199 77 22 förena
274 1199 45 28 mig
334 1205 34 16 om
383 1199 43 22 den
441 1199 106 22 slutkläm
561 1199 136 22 beträffande
712 1199 136 22 hamnbanan

103 1234 50 22 frän
168 1235 137 27 Björneborg
320 1235 35 21 till
370 1234 143 28 Mäntyluoto,
530 1235 63 22 hvari
609 1235 108 21 utskottet
732 1235 94 21 stannat.

174 1270 117 22 Utskottet
310 1270 98 28 grundar
427 1270 112 28 nämligen
560 1270 40 22 sitt
619 1270 50 22 frän
685 1272 88 20 senaste
788 1271 59 21 stän-

104 1306 118 22 dermötets
238 1306 74 22 beslut
326 1306 119 22 afvikande
461 1306 114 22 utlätande
589 1306 193 28 hufvudsakligast
799 1306 48 22 der-

103 1342 64 27 uppä,
192 1343 38 26 att,
255 1342 70 27 enligt
347 1341 120 23 utskottets
491 1342 149 28 förmenande,
656 1348 89 16 numera
761 1342 88 27 önsklig

103 1378 119 26 utredning
237 1378 73 21 skulle
325 1376 118 23 förefinnas
459 1384 34 15 om
510 1378 83 21 banans
604 1378 151 22 beskaffenhet
765 1378 40 21 och
816 1379 32 19 att

104 1419 27 15 en
152 1413 25 21 sä
198 1420 114 20 noggrann
331 1412 92 23 teknisk
443 1413 166 27 undersökning
630 1413 75 23 blifvit
726 1413 122 27 verkstäld,

175 1454 176 24 Jernvägsutskottets
363 1454 107 18 betänkande
481 1454 36 19 N:o
530 1456 15 16 1.
