1067 1661
293 127 244 23 Petitionsbetänkande
552 127 37 22 N:o
605 125 29 24 15.
820 127 11 21 7

102 197 56 22 eller
172 198 28 21 56
216 197 36 21 mk
268 198 27 21 25
310 197 69 27 penni
395 197 28 28 på
438 197 74 28 hvarje
528 197 25 21 af
567 197 47 21 sina
631 197 41 22 160
687 197 76 25 elever,
779 197 84 21 således

104 231 86 28 mycket
204 238 60 15 mera
279 233 28 19 än
323 232 71 26 någon
411 231 114 22 samskola.

170 266 42 21 Vid
234 266 79 20 sådant
337 265 137 22 förhållande
499 266 40 21 har
554 265 117 21 utskottets
690 265 112 28 pluralitet
817 265 47 21 icke

103 300 76 22 tvekat
202 302 32 19 att
256 300 109 27 tillstyrka
391 300 144 21 förevarande
557 300 98 27 petition,
677 299 55 21 helst
748 300 40 21 den
805 300 59 27 inga-

103 335 67 21 lunda
192 334 129 22 framträder
344 335 49 20 med
416 336 61 19 stora
496 334 101 27 anspråk.
627 334 50 21 Man
693 334 39 21 har
747 335 50 20 med
813 334 51 21 den-

107 376 84 15 samma
218 368 48 22 icke
295 368 121 28 ifrågasatt,
450 371 33 19 att
512 371 71 19 staten
607 368 70 22 skulle
702 368 82 22 inrätta
812 368 53 22 eller

108 403 112 28 öfvertaga
238 404 71 26 någon
332 403 115 25 samskola,
471 403 48 21 icke
543 403 68 21 heller
633 403 87 28 åsyftat,
743 405 32 19 att
793 405 71 19 staten

106 437 70 22 skulle
198 437 169 22 subventionera
389 437 44 22 alla
457 437 126 28 samskolor,
608 440 53 19 utan
677 438 77 21 endast
776 437 89 22 föresla-

104 472 38 27 git,
166 474 33 19 att
220 473 63 20 dessa
305 472 67 21 borde
399 472 131 27 fullkomligt
553 472 105 21 likställas
673 473 49 20 med
738 473 27 20 de
780 473 85 27 privata

109 507 141 27 gosskolorna
278 507 40 21 och
342 507 49 20 dem
414 506 92 22 sålunda
531 506 141 22 tillerkännas
694 508 44 20 rätt
763 507 33 21 till
821 507 45 21 lika

106 543 56 19 stort
178 541 131 27 statsbidrag
325 548 47 14 som
388 542 63 20 dessa
467 548 82 20 senare,
565 541 102 21 särskildt
686 541 56 21 hvad
758 542 26 20 de
799 541 66 27 högre

106 575 112 22 klasserna
232 575 142 22 vidkommer.

178 610 154 22 Samskolorna
347 610 55 21 böra
418 610 41 21 ock
475 610 7 21 i
498 610 79 27 själfva
592 610 75 21 verket
682 609 73 22 ställas
766 610 100 21 fullkom-

110 644 42 28 ligt
171 644 3 22 i
188 645 129 27 jämnbredd
333 645 49 21 med
397 644 148 28 gosskolorna.
582 644 31 22 De
631 644 66 22 hafva
712 644 57 22 båda
784 651 82 15 samma

111 679 86 27 uppgift
218 680 32 27 sig
273 679 99 27 förelagd
394 679 40 21 och
453 679 8 21 i
481 679 54 28 följd
551 679 64 21 däraf
628 682 119 19 motsvarar
761 679 40 21 ock
816 679 50 21 hela

111 714 63 21 deras
189 714 45 21 inre
250 714 148 26 organisation
415 714 136 27 fullständigt
569 714 130 21 hvarandra.
735 714 41 21 Väl
791 714 75 20 kunna

114 748 40 22 och
177 749 69 21 måste
268 748 35 21 vid
326 748 151 21 samskolorna
498 749 112 21 användas
627 748 128 26 lärarinnor,
772 747 94 23 hvilka
854 743 15 36 i

109 782 124 22 allmänhet
248 782 82 22 erhålla
346 790 26 14 en
389 783 83 21 mindre
489 783 94 27 aflöning
599 784 28 20 än
643 782 76 26 lärare,
735 790 49 14 men
800 783 14 20 å
828 790 39 13 an-

110 818 42 20 dra
177 818 62 20 sidan
264 817 84 21 medför
374 824 26 14 en
426 817 119 21 samskolas
567 817 89 27 ledning
681 816 81 22 dubbla
773 816 94 22 omkost-

118 852 74 27 nader,
220 852 28 21 dä
273 852 123 21 samskolan
421 852 8 21 i
452 852 75 27 regeln
552 852 57 21 ledes
634 852 25 21 af
681 851 54 22 både
760 858 26 14 en
811 850 56 23 före-

116 887 103 21 ståndare
242 886 40 22 och
304 886 191 22 föreståndarinna
513 888 55 20 samt
590 887 7 20 i
615 887 68 26 några
701 888 84 24 ämnen,
797 892 69 15 exem-

113 920 68 28 pelvis
196 921 8 21 i
218 921 130 28 gymnastik,
365 921 71 21 skilda
454 921 71 21 lärare
540 920 33 22 för
589 920 74 22 flickor
679 920 39 22 och
733 928 75 20 gossar
823 921 45 21 må-

110 958 33 18 ste
170 956 110 20 anställas.
317 955 72 21 Häraf
414 962 63 21 synes
502 955 84 27 framgå
608 957 32 19 att
662 955 146 21 kostnaderna
834 954 34 22 för

116 990 119 21 samskolor
249 990 120 27 ingalunda
383 990 64 21 ställa
461 990 32 27 sig
503 990 60 26 lägre
574 991 27 20 än
609 989 34 21 för
653 990 84 27 privata
749 989 119 27 gosskolor,

112 1024 82 22 hvilket
210 1024 63 22 äfven
289 1024 121 22 bekräftats
431 1024 24 21 af
468 1024 111 28 uppgifter
594 1031 46 14 som
655 1024 120 21 meddelats
785 1024 83 21 utskot-

109 1061 33 19 tet
158 1058 24 22 af
195 1058 150 22 föreståndare
360 1058 35 22 för
405 1058 107 22 särskilda
523 1058 120 22 samskolor
655 1059 7 21 i
673 1058 140 28 Helsingfors.
836 1058 33 21 Då

110 1094 36 20 det
162 1093 91 21 oaktadt
268 1094 50 21 flere
334 1093 223 21 fruntimmersskolor
572 1093 65 21 hafva
652 1094 68 20 större
738 1092 131 27 statsbidrag

109 1129 29 20 än
161 1124 149 25 samskolorna
333 1127 40 22 och
396 1135 51 14 man
462 1130 35 19 tar
511 1128 8 20 i
539 1127 151 28 betraktande,
707 1129 32 20 att
754 1127 64 21 äfven
833 1127 37 21 det

110 1162 79 27 högsta
204 1162 87 27 belopp,
306 1169 46 14 som
368 1169 27 14 en
411 1161 212 22 fruntimmersskola
642 1161 66 28 enligt
724 1169 29 14 nu
768 1161 102 28 gällande

110 1196 127 27 förordning
263 1197 42 21 kan
336 1196 89 27 erhålla,
456 1197 25 20 är
503 1196 68 27 knapt
599 1196 34 21 för
655 1197 76 25 denna,
757 1196 25 21 så
805 1195 65 22 borde

119 1231 67 21 redan
201 1230 65 22 häraf
280 1231 76 28 tydligt
373 1231 88 27 framgå,
479 1231 56 21 huru
549 1233 78 25 ytterst
637 1230 140 27 otillräckligt
787 1231 37 20 det
834 1237 38 14 un-

117 1266 87 21 derstöd
228 1266 29 26 är,
274 1272 45 15 som
342 1265 151 22 samskolorna
515 1265 33 21 för
565 1266 135 20 närvarande
715 1265 24 21 af
752 1267 72 19 staten
840 1265 31 20 åt-

116 1300 67 28 njuta.
214 1300 74 22 Skulle
311 1301 98 20 däremot
432 1300 157 28 samskolorna,
612 1300 71 21 såsom
701 1300 172 27 petitionärerna

110 1334 121 28 föreslagit,
255 1334 89 22 alldeles
367 1334 107 21 likställas
502 1335 49 21 med
569 1334 141 27 gosskolorna
731 1346 20 3 —
770 1333 40 21 och
830 1335 42 26 sty-

120 1370 70 20 relsen
214 1370 73 20 kunde
307 1369 25 27 ju
351 1368 144 28 uttryckligen
511 1370 52 25 göra
579 1369 36 20 det
630 1368 75 27 vilkor,
721 1370 33 19 att
769 1368 27 21 de
811 1368 8 20 i
834 1367 39 22 all-

119 1403 89 22 mänhet
223 1403 66 21 borde
305 1403 52 27 fylla
373 1409 82 15 samma
471 1403 128 26 fordringar,
616 1409 45 14 som
677 1402 74 21 ställas
766 1403 29 26 på
810 1403 64 20 dessa

113 1450 28 4 —
162 1439 28 20 då
205 1437 73 22 kunde
293 1437 120 22 samskolor
428 1437 33 21 till
477 1440 45 18 stor
537 1437 82 21 båtnad
634 1437 33 21 för
683 1438 40 20 den
734 1436 137 28 medborger-

184 1477 99 19 Allmänna
296 1477 174 19 Besvärsutskottets
481 1477 109 18 betänkande
602 1477 37 18 N:o
650 1477 25 17 11.
