1064 1659
252 126 13 22 8
440 127 244 23 Petitionsbetänkande
698 128 37 22 N:o
751 126 19 24 3.

509 196 196 28 Reservation.

290 264 75 21 Ehuru
378 264 39 27 jag
433 265 7 20 i
455 265 68 21 likhet
546 266 49 21 med
615 266 107 21 utskottet
743 266 107 21 erkänner
868 266 72 27 vigten
960 266 24 20 af

223 297 166 28 ifrågavarande
408 299 105 22 anstalter
531 299 40 22 och
587 307 63 14 anser
665 300 102 27 önskligt,
783 302 33 19 att
831 307 27 14 en
875 301 68 20 sådan
957 300 24 27 ja

220 332 34 21 till
269 333 40 21 och
325 334 50 20 med
390 333 53 22 flera
457 334 29 27 på
502 333 95 22 enskildt
612 335 95 22 initiativ
722 335 120 20 inrättades
853 335 7 20 i
872 335 47 21 vårt
929 334 51 21 land

221 367 40 20 och
280 369 32 19 att
328 367 33 22 för
379 369 60 20 detta
453 369 101 21 ändamål
571 369 110 28 Styrelsen
705 369 107 27 beviljade
834 369 147 27 fördelaktiga

220 401 44 26 lån,
280 403 24 20 så
324 402 127 22 förutsätter
467 403 39 28 jag
525 403 61 27 dock,
603 406 32 19 att
651 411 26 14 en
693 403 41 22 slik
750 403 81 22 anstalt
846 403 19 28 ej
882 403 7 21 i
904 405 75 20 nämn-

219 437 54 20 värd
291 437 54 27 grad
363 437 43 21 kan
427 437 51 28 fylla
499 440 30 19 ett
549 438 90 21 allmänt
658 439 71 21 behof.
760 438 36 21 Må
816 445 50 14 man
882 438 97 27 förlägga

220 471 124 21 Sanatoriet
363 472 34 21 till
415 472 87 21 trakten
519 473 25 21 af
557 473 134 27 Helsingfors
706 473 53 21 eller
773 473 90 26 Torneå,
880 473 24 20 så
919 473 60 20 kom-

219 512 46 14 mer
288 506 37 21 det
340 506 33 21 till
391 507 80 21 största
489 507 62 21 delen
574 509 33 20 att
631 507 114 28 tillgodose
771 508 76 20 endast
873 508 26 21 de
921 507 58 21 rikes

219 539 8 21 i
243 541 104 21 städerna
363 541 70 21 behof.
456 541 113 22 Läkarene
586 542 86 21 komma
687 541 135 28 naturligtvis
833 543 32 20 att
876 541 102 22 förordna

221 575 74 20 dessas
310 575 141 28 upptagande
467 576 6 21 i
489 576 108 22 anstalten
613 577 41 21 och
670 577 140 27 aflägsnande
825 576 48 21 från
889 577 88 20 stadens

221 609 110 28 gvalmiga
348 610 41 21 och
405 610 101 22 dödande
521 611 41 21 luft
577 611 58 22 hvad
650 612 37 21 det
702 613 28 19 än
747 611 34 21 mä
796 611 69 21 kosta.

288 644 111 22 Utskottet
407 646 96 25 grundar
518 645 125 28 visserligen
659 646 37 21 sitt
711 645 70 22 beslut
797 646 28 27 på
841 646 36 21 det
888 645 87 28 förslag,

219 680 34 19 att
273 678 64 22 äfven
357 679 79 28 fattiga
456 680 61 21 skola
536 680 85 27 intagas
640 680 33 21 till
691 680 132 27 behandling
837 680 8 21 i
860 680 115 25 anstalten,

219 719 50 15 men
287 713 7 21 i
313 713 44 21 alla
376 713 115 22 händelser
505 714 85 21 komme
606 716 36 20 det
657 721 57 21 gagn
731 715 26 20 de
773 714 115 22 medellöse
904 715 72 20 kunde

219 748 68 27 draga
295 747 24 22 af
325 750 32 19 ett
365 749 134 21 sanatorium
507 751 33 19 att
551 749 130 28 uppskattas
690 749 32 21 till
730 749 83 27 ganska
821 749 68 28 ringa,
899 751 22 26 ty
929 749 46 22 fak-

217 782 55 21 tiskt
293 783 32 26 är,
344 785 32 19 att
395 783 26 21 de
442 783 72 26 sjukes
535 783 86 22 vistelse
636 784 7 21 i
659 785 68 20 sådan
738 784 81 21 anstalt
830 784 69 21 måste
909 783 66 22 blifva

217 816 122 28 långvarig,
354 817 19 28 ej
385 817 67 22 heller
463 817 39 22 har
510 817 25 28 ju
547 818 144 27 petitionären
702 818 32 21 uti
746 819 41 20 den
797 818 25 21 af
831 818 78 21 honom
919 818 54 22 före-

217 851 75 27 slagna
307 853 50 20 med
372 852 132 27 statsmedel,
520 853 129 27 uppgående
665 853 33 21 till
709 853 27 27 1/,
747 853 82 21 million
841 852 67 27 mark,
919 860 55 20 upp-

216 885 63 22 förda
294 886 149 28 inrättningen
459 887 102 21 förutsatt
577 889 104 26 utrymme
697 887 34 21 för
746 887 51 21 flera
813 888 27 20 än
855 888 30 21 50
899 887 67 28 sjuke.

285 920 102 22 Förutom
410 921 39 21 allt
469 922 60 21 detta
548 928 63 21 synes
631 923 37 20 det
692 922 50 27 mig,
758 928 45 15 som
821 929 36 14 om
872 921 37 22 det
923 928 50 15 vore

215 961 27 14 en
258 954 34 21 för
307 955 64 28 tidigt
386 955 64 22 väckt
467 955 66 28 fräga,
551 957 32 20 att
599 955 123 22 Ständerna
738 963 29 14 nu
783 956 61 21 skola
861 963 112 20 uppmana

214 989 111 27 Styrelsen
346 991 32 20 att
393 989 92 28 kraftigt
504 991 133 20 understöda
652 991 135 21 inrättandet
801 991 26 21 af
839 993 32 19 ett
886 993 86 18 sanato-

213 1024 63 25 rium,
293 1025 28 20 dä
333 1024 26 27 ju
374 1024 81 21 tanken
476 1025 68 27 härpä
562 1025 41 21 har
623 1025 32 20 sin
676 1025 141 28 upprinnelse
837 1025 48 21 frän
907 1025 6 20 i
933 1026 39 26 gär

213 1058 42 21 och
270 1059 28 20 dä
313 1058 34 21 för
362 1059 41 21 den
419 1059 112 21 tilltänkta
546 1059 109 22 anstalten
669 1060 19 27 ej
699 1067 39 14 ens
749 1060 89 27 lämplig
848 1059 58 28 plats
916 1059 55 22 kun-

213 1094 38 19 nat
267 1092 96 22 föresläs.

280 1127 74 21 Under
372 1128 83 21 sådana
472 1128 149 21 förhållanden
643 1135 64 15 anser
723 1129 39 27 jag
777 1129 34 21 för
826 1129 73 21 denna
914 1129 57 27 gång

211 1160 18 27 ej
242 1161 47 21 skäl
300 1161 117 22 förefinnas
433 1162 32 21 till
489 1170 25 14 en
530 1163 180 27 ständerpetition
722 1163 8 21 i
742 1163 147 28 föreliggande
900 1163 67 28 fråga.

210 1195 43 27 Jag
275 1197 66 26 vägar
364 1196 64 21 alltsä
443 1197 7 20 i
466 1197 125 28 ödmjukhet
608 1197 90 23 föresläs

417 1261 34 20 att
469 1260 84 22 landets
571 1261 113 28 höglofliga
701 1261 93 21 Ständer
811 1261 66 21 måtte
896 1261 71 22 lemna

417 1295 147 28 föreliggande
576 1295 187 29 petitionsförslag
777 1297 58 20 utan
850 1296 109 27 afseende.

711 1392 81 24 Kaarle
807 1394 88 28 Ojanen.

235 1483 131 23 Helsingfors,
379 1483 18 19 J.
410 1484 75 18 Simelii
498 1486 110 22 arfvingars
620 1485 125 23 boktryckeri
757 1485 116 23 aktiebolag,
887 1485 51 17 1891.
