1067 1678
230 138 12 20 2
407 138 262 23 Motionsbetänkande
684 138 46 23 N:o
745 138 23 23 5.

270 202 39 20 Det
323 203 58 19 torde
397 202 52 20 dock
461 202 70 20 härvid
547 203 69 19 främst
631 203 50 20 böra
695 203 112 23 anmärkas,
822 205 30 18 att
866 209 26 13 nu
902 204 7 18 i
920 203 40 20 frå-

200 232 113 24 gavarande
328 231 69 24 anslag
409 232 22 24 ju
447 232 71 19 endast
533 234 22 17 är
571 234 29 17 ett
614 232 123 24 lönebidrag,
751 232 45 20 icke
806 232 45 20 hela
864 232 37 19 den
912 232 48 20 aflö-

200 261 54 23 ning,
269 266 42 14 som
326 260 21 19 af
361 260 167 20 folkskolläraren
544 260 50 20 eller
609 260 115 20 lärarinnan
739 261 106 24 uppbäres.
874 260 30 20 De
915 266 45 19 syn-

200 290 93 24 punkter,
308 288 68 20 hvilka
391 292 52 16 emot
458 289 241 25 likställighetsyrkandet
713 289 82 25 anförts,
812 290 67 19 kunna
892 289 68 20 därför

200 319 8 19 i
221 318 44 19 mån
281 317 21 20 af
315 317 92 20 behofvet
421 318 7 18 i
441 318 68 23 hvarje
525 318 87 19 enskildt
623 318 35 19 fall
669 318 115 24 lämpligare
797 318 61 20 blifva
868 318 92 24 tillgodo-

186 347 4 4 *
202 347 62 19 sedda
279 351 68 19 genom
363 345 78 20 ökande
457 347 50 18 eller
522 346 116 19 minskande
654 346 23 20 af
690 347 38 19 den
744 347 31 19 del
789 347 44 19 utaf
840 347 120 19 löneförmä-

201 381 68 18 nerna,
283 380 41 14 som
339 375 44 19 icke
399 377 80 21 utgöres
494 375 22 19 af
530 375 121 20 statsmedel.
682 375 29 24 Ty
726 375 84 20 likasom
827 376 34 19 det
874 375 31 20 väl
915 375 45 20 icke

202 405 38 18 ban
259 403 25 25 på
303 403 46 20 fullt
365 403 63 20 allvar
445 403 62 20 blifva
525 403 56 25 fråga
601 409 30 14 om
646 406 31 17 att
692 404 81 25 afpassa
788 404 172 19 löneförmånerna

201 433 53 19 klott
274 432 51 19 efter
344 433 37 19 den
403 433 129 19 ekonomiska
554 433 102 24 principen
677 439 31 14 om
726 433 72 24 prisets
814 433 145 20 bestämmande

202 467 69 18 genom
286 461 133 20 förhållandet
439 461 71 20 mellan
530 462 66 19 anbud
615 462 36 19 och
671 461 127 24 efterfrågan,
818 462 25 19 då
860 463 22 23 ju
902 461 58 20 alltid

201 489 198 25 hufvudsynpunkten
416 491 62 19 måste
491 496 49 13 vara
555 492 30 17 att
600 490 51 19 efter
666 491 36 19 råd
718 490 37 20 och
766 490 92 24 lägenhet
868 490 50 20 söka
928 496 31 13 er-

201 519 54 20 hålla
269 519 58 19 bästa
337 519 78 24 möjliga
428 519 149 26 lärarekrafter,
589 519 66 20 likaså
665 521 23 18 är
699 522 28 16 ett
737 519 116 24 reglerande
864 519 21 19 af
894 519 65 19 denna

201 548 57 23 fråga
273 548 43 19 med
332 548 75 24 hänsyn
420 549 29 18 till
466 547 83 20 enhvars
565 548 187 19 lefnadskostnader
768 548 43 19 från
827 549 75 18 statens
916 547 43 20 sida

202 577 82 19 alldeles
299 577 166 23 ogenomförbart.
496 576 95 20 Häremot
607 577 51 19 talar
669 577 60 19 redan
740 577 38 19 den
789 576 169 24 omständigheten

201 607 30 18 att
247 605 33 19 det
296 605 30 19 väl
342 605 17 24 ej
376 606 39 19 kan
431 611 47 14 vara
493 606 102 23 meningen
607 608 30 16 att
647 605 80 24 afpassa
738 605 162 24 totalaflöningen
910 605 49 24 jämt

202 634 37 20 och
255 637 42 16 nätt
313 633 50 20 efter
382 635 193 19 existensminimum.
605 634 106 19 Dessutom
731 635 62 18 borde
812 634 31 19 väl
863 634 25 19 då
902 633 56 20 löne-

200 663 96 23 bidragen
317 665 57 21 göras
394 663 54 19 olika
466 663 45 19 icke
532 663 51 19 blott
605 663 30 19 för
657 663 65 19 lärare
736 663 37 19 och
789 663 106 23 lärarinna,
911 665 47 16 utan

202 691 118 24 exempelvis
338 691 57 19 äfven
417 691 31 20 för
467 692 38 18 den
527 691 48 25 gifte
591 692 36 19 och
643 692 38 18 den
698 692 61 23 ogifte
775 692 84 22 läraren,
875 690 31 20 för
921 691 38 19 den

201 720 93 19 barnlöse
310 720 36 19 och
363 720 36 19 den
416 726 41 13 som
473 726 46 17 eger
535 726 22 13 en
567 720 59 19 talrik
637 720 70 24 familj,
718 720 32 19 för
761 720 37 19 den
810 720 148 19 ensamstående

202 749 113 18 lärarinnan
333 749 36 19 och
385 749 31 19 för
431 749 70 25 henne,
518 755 40 13 som
574 749 37 18 har
625 749 64 19 andra
703 751 31 17 att
749 749 92 24 försörja.

271 777 40 19 För
329 777 100 20 fixerande
451 778 20 19 af
488 777 138 24 lönebidraget
644 784 23 13 ur
682 777 116 20 statsmedel
813 777 62 19 finnes
891 776 68 20 därför

202 806 61 23 enligt
279 806 38 19 min
333 806 60 19 tanke
408 807 71 18 endast
494 812 24 13 en
534 806 77 19 hällbar
625 807 70 24 grund,
712 807 106 23 nämligen:
834 805 42 20 lika
887 807 71 18 ersätt-

201 835 47 23 ning
264 834 31 19 för
309 834 42 19 lika
367 835 74 20 arbete.
472 835 41 19 Och
529 835 31 19 mä
574 841 45 13 man
637 835 67 19 härtill
720 835 44 20 icke
780 835 92 23 invända,
886 837 30 16 att
930 834 28 19 lä-

201 864 89 19 lärarens
312 863 77 24 uppgift
411 866 22 17 är
451 864 80 19 svärare
547 866 24 17 än
587 864 130 20 lärarinnans.
748 864 29 23 Ty
793 869 31 14 om
838 869 44 13 man
898 863 62 19 ocksä

202 897 58 14 anser
275 891 78 20 läraren
370 892 65 19 bättre
458 895 24 16 än
497 892 114 20 lärarinnan
630 892 64 20 förmä
709 893 45 18 leda
770 898 24 13 en
809 892 55 19 klass
879 891 21 20 af
914 897 45 18 gos-

202 927 40 16 sar,
258 920 50 19 skall
324 920 12 20 ä
352 921 62 19 andra
427 921 55 19 sidan
499 921 36 19 den
552 921 41 19 lika
608 921 76 24 viktiga
699 921 103 24 uppgiften
813 922 29 22 att
855 920 104 25 uppfostra

202 949 36 20 och
255 949 106 19 undervisa
372 949 128 20 flickskolans
515 950 66 19 elever
597 949 30 20 för
643 950 125 19 närvarande
783 949 119 20 åtminstone
917 948 43 19 helt

201 978 50 19 visst
267 977 22 19 af
303 978 74 19 erhvar
392 978 63 19 hällre
474 979 100 18 anförtros
590 979 21 18 ät
629 979 74 24 kvinlig
719 979 86 23 ledning.

271 1005 26 20 Sä
315 1007 82 23 oriktigt
411 1008 33 22 jag
459 1007 69 19 därför
543 1010 24 16 än
583 1012 58 14 anser
657 1007 34 19 det
706 1013 26 13 nu
748 1007 88 19 rädande
851 1005 107 21 förhällan-

202 1035 33 19 det
254 1040 53 17 vara,
327 1035 64 19 skulle
407 1036 34 23 jag
457 1036 51 19 dock
523 1036 97 19 måhända
634 1035 45 19 icke
695 1036 50 23 tagit
759 1034 199 26 uppmärksamheten

201 1064 5 18 i
223 1064 87 23 anspräk
333 1063 31 19 för
387 1064 64 19 denna
474 1064 63 25 fräga,
559 1070 30 14 om
605 1065 18 23 ej
641 1064 147 24 lönebidragets
804 1064 76 19 storlek
894 1063 65 19 tillika

200 1097 48 14 vore
264 1092 146 20 bestämmande
426 1092 31 20 för
472 1093 101 19 storleken
589 1092 22 20 af
621 1093 38 19 den
669 1093 92 24 pension,
772 1098 42 14 som
824 1092 51 20 efter
884 1092 76 19 slutadt

201 1120 102 20 lifsarbete
321 1121 88 19 kommer
425 1121 227 23 folkskollärarinnorna
667 1122 54 19 säväl
737 1122 7 18 i
760 1122 44 18 stad
820 1126 42 14 som
876 1120 26 25 pä
917 1120 42 19 lan-

201 1150 33 18 det
254 1149 29 19 till
303 1149 39 19 del.
373 1150 39 19 Det
430 1150 58 19 torde
504 1150 62 20 mästa
581 1150 106 26 erkännas,
701 1152 30 17 att
745 1150 213 19 folkskollärarinnans

200 1177 87 24 aflöning
301 1178 6 18 i
323 1178 108 20 allmänhet
449 1181 22 17 är
490 1179 22 19 sä
527 1179 32 24 låg
573 1182 31 16 att
619 1179 38 19 hon
673 1180 18 22 ej
707 1179 40 19 kan
763 1184 147 18 sammanspara
924 1177 36 20 nä-

200 1208 34 22 got
250 1206 31 19 för
297 1207 29 18 sin
342 1207 109 25 älderdom,
467 1207 38 20 och
521 1208 25 19 dä
562 1208 63 18 denna
634 1207 95 25 kommer,
741 1210 23 16 är
773 1207 39 19 hon
822 1206 97 20 hänvisad
928 1206 31 19 till

202 1237 29 17 ett
246 1234 182 21 lefnadsunderbäll
447 1236 44 20 icke
507 1239 51 16 stort
573 1236 60 23 högre
649 1239 24 16 än
690 1236 40 24 det,
747 1241 48 20 som,
811 1236 25 19 dä
851 1235 48 20 föda
913 1234 46 20 hus-

200 1270 49 18 rum,
269 1266 66 17 värme
355 1264 37 20 och
412 1264 103 24 belysning
535 1264 125 24 medräknas,
679 1265 52 19 efter
747 1264 113 20 nuvarande
876 1263 82 25 prisför-

200 1292 106 19 hälländen
321 1292 90 20 kommer
427 1299 22 13 en
467 1294 65 22 vanlig
547 1294 112 24 tjänarinna
673 1294 30 18 till
714 1294 39 22 del,
765 1296 49 16 samt
824 1293 8 19 i
842 1293 58 23 ingen
911 1292 48 19 hän-

200 1321 54 19 delse
273 1321 118 23 tiliräckligt
411 1324 30 17 att
455 1322 21 19 ät
491 1322 64 19 henne
570 1322 74 19 bereda
659 1322 102 19 förmänen
777 1322 22 18 af
813 1323 29 18 ett
856 1323 45 22 eget
916 1320 44 19 hem

200 1351 52 17 samt
273 1349 85 19 bekosta
381 1350 38 18 den
442 1350 47 19 värd
513 1350 36 20 och
564 1350 63 24 hjälp,
642 1351 40 18 hon
697 1351 81 19 dämera
793 1350 98 23 svärligen
907 1348 53 20 skall

199 1377 68 19 kunna
283 1378 93 19 undvara.

268 1406 9 18 I
293 1406 54 24 hopp
369 1412 30 13 om
421 1409 30 17 att
470 1407 50 19 hvad
536 1407 34 24 jag
585 1408 6 18 i
608 1407 127 20 förestäende
751 1407 61 19 mätto
828 1406 66 20 anfört
909 1406 51 20 skall

198 1434 67 19 kunna
281 1434 22 20 af
316 1434 78 20 landets
410 1440 26 14 nu
452 1435 120 19 församlade
589 1435 84 20 Ständer
689 1436 122 24 godkännas,
820 1434 31 20 fär
862 1436 34 23 jag
906 1434 53 25 förty

269 1472 142 18 Statsutskottets
423 1473 111 18 betänkande
545 1473 38 18 N:o
596 1475 18 16 5.
