1039 1673
235 156 13 20 8
429 156 210 24 Petitionshetänkande
654 157 32 23 N:o
702 156 34 24 26.

569 299 30 21 I.

274 360 12 21 I
301 360 55 22 fullt
370 362 58 20 mätt
444 361 147 23 erkännande
606 362 137 28 betydelsen
759 362 26 21 af
797 364 35 19 att
847 362 52 22 värt
908 362 56 21 land

205 394 96 22 besitter
316 402 29 14 en
360 402 58 21 egen
433 396 107 21 inhemsk
555 396 137 28 boskapsras
707 409 29 2 —
751 400 56 17 enär
823 404 27 13 en
862 396 101 29 naturlig

206 429 136 28 utveckling
357 429 26 21 af
395 429 51 22 dess
461 430 172 22 kreatursstock
649 430 74 28 enligt
739 430 48 21 min
803 430 60 21 äsikt
871 430 92 22 förutan

207 469 29 14 en
252 462 65 28 dylik
332 470 54 14 vore
402 463 8 22 i
426 463 38 22 det
479 466 117 19 närmaste
611 463 96 29 omöjlig
722 464 36 21 uti
773 466 72 19 större
861 464 67 21 delen
939 464 24 22 af

206 496 52 21 värt
282 497 62 25 land,
360 497 94 22 hvarest
476 498 28 21 de
519 498 125 21 utländska
659 505 101 20 raserna,
777 498 110 21 särskildt
901 498 63 21 hvad

206 529 110 23 beträffar
330 531 45 22 den
390 532 88 21 mindre
491 532 182 29 jordbrukarens
695 532 74 22 behof
781 532 44 21 och
839 533 125 21 förhällan-

207 564 52 27 den,
281 565 61 22 visat
362 566 36 29 sig
413 566 55 29 föga
482 567 113 28 lämpliga
610 579 28 4 —
653 569 61 19 samt
729 566 97 22 sälunda
841 567 9 21 i
865 566 98 22 hufvud-

206 599 42 21 sak
264 599 168 22 instämmande
446 601 35 21 uti
496 601 126 21 utskottets
644 601 127 28 utredning
787 600 26 22 af
825 608 31 14 nu
871 601 93 28 förelig-

206 633 76 28 gande
298 633 66 29 fräga
386 641 37 14 om
444 635 163 28 önskligheten
623 635 26 21 af
662 635 45 21 den
722 635 121 21 inhemska
858 635 105 22 nötkrea-

207 669 127 20 tursrasens
352 663 165 32 förbättrande,
533 669 46 21 kan
592 669 43 29 jag
650 669 59 22 dock
725 669 20 29 ej
763 677 60 19 anse,
839 671 34 20 att
889 669 75 22 denna

207 701 69 29 fräga
290 702 8 21 i
313 702 39 21 det
368 703 70 28 skick,
457 703 65 22 hvari
539 703 45 22 den
599 711 32 14 nu
646 703 105 22 befinner
766 703 42 29 sig,
823 703 47 22 kan
880 704 83 21 räknas

207 735 37 22 till
260 736 58 27 dem,
335 744 48 14 som
400 737 69 22 borde
484 737 73 22 blifva
572 737 97 22 föremäl
684 737 37 22 för
737 740 34 19 ett
780 737 120 22 uttalande
912 738 53 21 frän

207 769 92 22 landets
325 771 99 21 ständer.
460 771 82 29 Enligt
567 772 49 21 min
641 772 71 21 tanke
737 772 43 21 har
802 779 53 14 man
877 772 8 21 i
907 772 58 21 före-

207 805 104 21 varande
323 805 43 22 fall
380 805 100 29 förelagt
494 806 144 29 landtdagen
654 808 34 19 ett
703 806 129 29 spörjsmäl,
843 813 49 14 som
903 810 62 17 ännu

207 838 52 22 icke
275 839 79 21 blifvit
368 840 174 29 vederbörligen
558 840 106 29 dryftadt
685 840 27 22 af
725 840 238 29 landtbrukssällskap

207 873 45 21 och
267 874 35 21 uti
322 874 248 28 landtmannakretsar,
593 875 43 21 och
652 882 49 14 som
717 875 51 21 icke
784 874 26 22 af
823 876 64 20 dessa
902 874 62 22 fack-

208 908 154 21 auktoriteter
377 912 62 17 ännu
449 911 87 18 ansetts
547 912 79 25 moget
637 912 34 18 att
681 909 132 28 föreläggas
825 908 140 22 Ständernas

207 941 164 29 bepröfvande.
402 942 79 22 Säsom
498 943 64 21 bevis
577 943 37 21 för
629 943 66 21 dessa
711 943 143 28 pästäenden
869 943 42 21 vill
923 943 42 28 jag

208 975 9 22 i
231 976 95 21 korthet
340 976 81 21 anföra
436 977 108 28 följande:

278 1010 93 29 Frägan
394 1017 36 15 om
453 1011 44 21 den
519 1011 76 21 finska
611 1011 180 29 boskapsrasens
806 1011 159 22 förbättrande

208 1044 96 21 väcktes
321 1045 25 21 är
362 1046 54 21 1883
431 1045 41 22 vid
487 1045 39 21 det
540 1053 17 14 s.
570 1045 23 22 k.
605 1045 243 26 Landtbrukarmötet,
861 1045 36 22 till
907 1045 58 22 hvil-

209 1078 41 21 ket
272 1079 120 28 Styrelsen
412 1080 98 21 inkallat
532 1080 86 21 ombud
641 1079 51 22 frän
715 1079 91 22 landets
830 1079 45 22 alla
889 1079 78 22 landt-

208 1112 82 22 bruks-
313 1113 43 22 och
376 1113 272 30 hushällningssällskap,
668 1114 177 21 föreständarne
859 1114 36 21 för
910 1115 55 20 vära

208 1146 238 27 landtbruksinstitut,
470 1142 14 39 —
490 1151 207 26 statsagronomen,
717 1142 14 39 —
743 1148 222 28 statsmejeristerna.

209 1180 171 29 mejeriläraren
396 1182 14 21 &
424 1182 108 21 Mustiala
548 1182 43 21 och
607 1182 92 21 landets
712 1182 47 21 alla
769 1182 196 28 läneagronomer,

208 1214 96 29 Frägan
326 1215 96 22 uteslöts
444 1216 59 21 dock
525 1216 52 21 frän
600 1219 83 18 mötets
707 1223 114 22 program,
845 1220 56 17 enär
921 1216 45 21 den

210 1249 98 28 vansägs
338 1249 76 22 bättre
436 1257 60 21 egna
518 1251 36 28 sig
578 1250 38 21 till
641 1250 260 29 öfverläggningsämne
926 1250 41 21 vid

208 1283 238 22 landtbruksmöten*.
478 1284 104 21 Sålunda
598 1284 148 22 betraktades
759 1284 40 21 det
806 1284 160 29 föreliggande

208 1317 148 28 spörjsmålet
378 1317 26 22 af
421 1317 44 22 den
480 1320 60 19 mest
554 1319 151 28 kompetenta
720 1318 246 21 landtbrukarförsam-

209 1351 58 28 ling,
291 1359 49 14 som
362 1352 114 28 någonsin
498 1353 8 20 i
528 1353 52 21 vårt
593 1353 56 21 land
664 1353 62 21 varit
741 1352 96 25 samlad,
851 1353 75 21 såsom
942 1353 25 20 år

211 1386 55 21 1883
290 1389 62 17 ännu
377 1386 19 28 ej
422 1385 140 22 tillhörande
587 1386 77 21 tidens
686 1386 136 22 brännande
844 1386 78 29 frågor
937 1387 30 28 på

209 1418 163 22 landtbrukets
388 1420 92 20 område
496 1420 42 21 och
554 1420 76 21 såsom
645 1420 26 21 så
685 1420 56 28 föga
756 1420 121 29 uppburen
893 1420 74 21 afden

207 1452 175 28 jordbrukande
405 1453 167 22 allmänhetens
592 1454 104 26 intresse,
721 1456 35 20 att
779 1454 44 21 den
842 1453 20 29 ej
879 1454 88 28 egnade

282 1492 104 18 Allmänna
398 1493 166 18 Besvärsutskottets
577 1493 110 18 betänkande
699 1494 36 17 N:o
747 1494 30 17 17.
