1064 1656
201 110 82 22 Ständ.
298 110 53 22 Pet.
367 123 27 3 —
411 110 173 23 Petitionsbet.
599 110 46 23 N:o
660 112 24 21 4.
764 114 26 19 11

69 170 52 22 dess
139 170 140 22 konkurrens
298 170 50 21 med
363 170 116 22 utländskt
495 170 83 22 socker.
609 170 11 21 I
635 171 148 21 betraktande
799 170 24 22 af

69 205 43 22 den
137 206 65 27 plats,
224 204 242 23 sockerfabrikationen
488 206 59 21 intar
567 206 67 21 bland
654 206 167 27 Kejsardömets

67 240 129 28 industrier,
213 247 53 15 anse
281 240 124 22 Ständerna
421 242 34 20 att
471 241 42 22 den
529 240 89 29 förlust,
635 248 47 15 som
693 242 73 21 skulle
776 242 45 21 till-

69 276 98 28 skyndas
187 276 72 22 finska
279 276 140 22 statskassan
439 283 35 15 om
495 276 189 28 införselafgiften
705 276 35 23 för
755 278 67 26 ryskt

69 312 79 22 socker
167 312 132 28 ytterligare
317 312 88 28 sänkes,
421 312 19 28 ej
456 312 70 22 borde
540 312 81 22 hindra
637 313 69 21 sådan
723 313 98 21 nedsätt-

69 348 54 27 ning
145 348 26 21 af
190 348 72 22 denna
283 347 166 29 införselafgift,
473 355 46 15 som
541 348 73 22 skulle
635 348 139 22 tillförsäkra
795 348 27 22 de

69 384 69 27 ryska
161 383 248 23 sockerfabrikanterna
432 384 115 27 möjlighet
570 386 34 19 att
625 384 44 22 öka
689 384 34 22 sin
743 384 79 22 afsätt-

69 419 55 27 ning
146 420 29 26 på
197 419 43 22 den
263 419 72 22 finska
358 419 141 22 marknaden.
531 419 27 28 Ej
580 420 72 21 heller
673 420 61 22 torde
750 420 72 27 någon

70 454 120 28 afgörande
210 455 155 27 betänklighet
385 456 35 20 stå
440 455 9 21 i
469 457 73 25 vägen
564 455 35 22 för
620 462 27 15 en
666 456 118 22 reduktion
800 456 25 21 af

69 491 145 21 tullsatserna
229 491 29 26 på
273 491 68 27 ryska
356 491 71 27 viner,
443 493 30 19 än
487 491 84 21 mindre
583 490 36 22 för
629 490 133 28 fullständig
771 492 51 21 tull-

70 526 69 22 frihet
154 526 35 22 för
205 526 43 22 salt
263 526 50 22 från
328 526 162 28 Kejsardömet.
515 526 52 22 Men
583 526 98 22 deremot
694 527 63 21 torde
772 528 50 21 skäl

71 562 19 27 ej
101 562 136 22 förekomma
247 564 33 20 att
291 562 70 22 sänka
372 562 55 22 eller
437 562 104 27 borttaga
548 562 72 22 tullen
628 562 29 27 på
665 563 156 27 maltdrycker,

71 598 50 21 med
139 597 105 23 afseende
259 598 13 21 å
287 598 27 21 de
330 591 146 33 synpunkter,
493 604 46 15 som
555 597 66 22 ofvan
637 597 133 23 framhållits
785 599 38 21 be-

70 633 109 22 träffande
199 632 299 28 rusdryckslagstiftningen,
517 633 56 22 eller
588 634 29 26 på
633 634 116 26 margarin,
766 634 56 22 hvil-

71 669 44 21 ken
135 675 66 15 varas
221 668 92 22 införsel
328 669 36 21 till
380 668 179 22 förekommande
576 668 25 22 af
615 668 208 28 smörförfalskning

71 706 86 20 ansetts
172 705 55 21 böra
242 704 73 22 såvidt
330 704 86 28 möjligt
431 704 120 23 försvåras.

142 740 81 22 Medan
244 740 92 22 sålunda
356 740 69 27 ryska
441 746 72 22 varor,
530 740 50 22 med
595 740 66 22 ofvan
678 740 91 22 anförda
785 746 38 16 un-

73 776 87 27 dantag,
177 776 38 22 vid
230 776 80 26 import
325 776 36 21 till
376 776 97 21 Finland
489 776 85 27 åtnjuta
589 775 118 28 tullfrihet,
723 778 38 19 äro
775 776 48 21 der-

73 812 58 21 emot
151 811 38 22 vid
209 811 92 22 införsel
321 812 36 21 till
376 811 155 27 Kejsardömet
551 812 28 21 de
594 811 65 22 flesta
674 812 72 21 finska
761 811 62 21 indu-

73 847 112 21 strialster
199 847 93 27 belagda
308 847 49 22 med
373 848 47 26 tull,
437 854 35 14 om
488 848 41 20 ock
545 848 58 20 inom
618 848 61 21 vissa
691 847 84 21 limiter
788 847 35 21 till

72 882 63 28 lägre
155 882 80 27 belopp
255 884 28 20 än
305 883 114 21 enahanda
439 889 66 15 varor
520 883 38 22 vid
573 883 167 27 Kejsardömets
756 884 67 26 gräns

72 920 45 20 mot
137 918 106 22 utlandet.
273 918 44 22 Det
337 918 71 22 finnes
427 918 149 22 öfverhufvud
592 919 49 21 icke
657 919 120 27 anledning
792 920 33 20 att

72 954 46 21 låta
138 954 119 22 utländska
272 960 72 20 varor,
361 960 45 16 som
421 954 142 27 importerats
579 954 37 22 till
631 954 38 22 det
685 961 40 15 ena
742 954 81 27 landet,

72 989 50 22 fritt
142 989 124 22 öfverföras
286 990 36 21 till
343 990 38 21 det
401 990 74 21 andra.
507 990 77 27 Enligt
605 990 114 22 enahanda
739 990 85 27 princip

72 1026 71 21 mäste
166 1025 38 22 det
227 1026 117 26 erkännas,
368 1027 33 19 att
421 1026 66 26 giltig
508 1026 67 21 orsak
591 1026 19 26 ej
627 1025 147 22 förekommer
789 1025 36 21 för

72 1060 126 27 beviljande
213 1060 25 21 af
251 1061 137 26 obegränsad
405 1061 40 21 och
461 1060 74 22 tullfri
551 1060 94 22 införsel
661 1061 35 21 till
706 1060 118 28 Kejsardö-

73 1097 45 21 met
140 1096 25 21 af
186 1096 82 21 sädana
290 1096 73 21 finska
386 1096 105 27 fabrikat,
513 1096 36 21 till
569 1097 78 21 hvilka
668 1096 91 27 vigtiga,
775 1095 51 22 med

73 1132 62 27 lägre
150 1131 42 22 tull
208 1133 28 20 än
251 1132 8 21 i
274 1131 155 28 Kejsardömet
444 1131 95 28 belagda
554 1132 154 27 ingredienser
723 1132 56 21 eller
789 1131 35 21 rä-

72 1173 66 16 varor
153 1168 86 21 hemtas
254 1167 50 22 frän
320 1167 105 22 utlandet.
449 1167 37 21 En
502 1167 29 21 fri
547 1167 140 22 konkurrens
703 1167 28 27 pä
743 1173 82 16 samma

73 1203 106 21 marknad
200 1209 53 16 vore
273 1203 110 26 nemligen
405 1209 27 15 en
454 1203 117 27 obillighet
593 1205 44 19 mot
658 1203 43 22 den
721 1202 103 27 industri,

73 1245 46 15 som
135 1240 25 19 är
176 1238 43 22 den
234 1239 69 26 högre
319 1238 136 21 beskattade.

144 1273 34 22 De
193 1273 127 22 nuvarande
336 1273 191 22 införseltullarne
542 1274 38 22 vid
595 1274 82 26 import
689 1273 35 22 till
735 1273 89 27 Kejsar-

73 1310 74 21 dömet
169 1309 25 22 af
214 1309 71 22 finska
308 1309 167 22 industrialster
495 1312 112 19 motsvara
628 1309 55 22 dock
703 1309 50 22 icke
769 1309 55 20 blott

73 1345 117 22 skilnaden
210 1345 80 21 mellan
313 1345 28 21 de
361 1345 72 21 finska
454 1345 41 21 och
515 1345 70 27 ryska
599 1344 184 23 rävarutullarne.
814 1343 11 21 I

73 1381 28 22 de
120 1380 175 27 kommissioner,
315 1386 47 15 som
382 1382 56 19 1885
455 1381 42 20 och
514 1382 57 20 1890
588 1380 159 23 sammanträdt
761 1379 8 21 i
784 1379 41 21 Pe-

73 1417 105 26 tersburg
198 1415 35 22 för
251 1415 171 28 öfverläggning
436 1416 96 21 rörande
548 1415 211 22 tullförhällandena
775 1415 51 21 mel-
