1070 1681
255 110 27 19 14
441 109 221 23 Petitionsbetänkande
678 110 34 22 N:o
728 109 14 22 1.

223 170 47 20 med
284 176 42 14 mer
341 172 26 17 än
382 177 26 13 en
422 170 97 27 fjerdedel
535 170 22 21 af
570 170 35 21 det
620 170 116 21 beräknade
751 170 100 27 beloppet,
867 171 26 20 då
908 171 55 21 dess-

223 203 56 16 utom
294 200 95 19 sträckan
404 203 23 17 är
441 202 23 19 så
479 200 60 26 ringa
554 208 43 13 som
612 201 14 20 8
640 201 107 20 kilometer
757 201 37 19 och
804 200 159 27 terrängförhål-

223 229 88 20 landena
324 229 26 20 de
364 233 52 17 mest
430 237 125 20 gynsamma,
570 232 64 25 vågar
646 231 37 26 jag
697 231 92 26 påräkna
799 231 102 25 vällofliga
912 231 49 20 Bor-

223 259 141 26 gareståndets
388 260 123 21 medverkan
532 260 31 20 för
583 261 71 20 remiss
669 261 32 19 till
714 261 206 25 Jernvägsutskottet
942 261 23 20 af

224 289 66 20 denna
305 290 92 25 petition:

433 350 32 21 att
485 356 27 14 en
537 349 76 22 bibana
637 349 53 27 från
716 348 127 28 Nykarleby
863 349 48 21 stad
929 349 33 21 till

364 378 34 22 till
420 378 91 29 Kovjoki
530 379 80 22 station
632 379 37 22 vid
696 378 185 29 Uleäborgsbanan
896 379 64 22 måtte

362 409 48 21 med
424 409 28 27 af
457 408 126 23 Ständerna
597 409 72 22 dertill
684 408 103 22 anvisade
796 409 66 21 medel
872 411 87 19 snarast

363 438 82 29 möjligt
459 439 36 26 för
510 441 82 20 statens
607 439 96 28 räkning
718 438 89 27 utföras.

293 499 45 20 Den
352 499 23 20 af
386 499 283 26 undersökningsingeniören
683 499 123 26 upprättade
815 499 74 20 kartan
895 499 63 26 jemte

222 528 174 27 kostnadsförslag
416 532 52 17 sarat
488 529 65 26 öfriga
568 529 35 21 vid
618 529 95 20 ärendets
728 529 115 20 beredande
857 529 8 20 i
879 529 80 26 Nykar-

221 558 47 26 leby
284 559 46 19 stad
344 559 105 20 tillkomna
463 559 122 26 handlingar
600 560 61 19 hafva
675 559 68 20 blifvit
757 559 42 26 mig
813 559 100 25 tillsända,
928 558 31 20 för

222 590 30 17 att
266 588 203 26 Jernvägsutskottet
484 589 172 20 tillhandahållas.

292 648 128 27 Helsingfors
435 649 38 20 den
491 650 12 19 3
519 649 89 20 februari
626 649 61 20 1891.

714 708 20 21 A
751 707 19 22 R.
786 707 105 21 Frenckell.

581 863 20 18 %.

291 915 41 22 För
352 916 182 27 Borgareständet
554 923 26 16 en
595 917 24 21 af
632 917 56 21 Herr
703 916 75 21 Alfred
795 915 116 22 Carlström
928 915 31 21 in-

220 951 72 26 gifven
309 952 92 26 petition
422 959 34 15 om
472 953 111 27 byggande
599 952 23 22 af
636 959 26 15 en
678 952 80 21 bibana
772 951 47 22 frän
836 946 123 31 Östermyra

220 987 52 21 eller
288 993 70 16 annan
373 987 89 28 lämplig
478 989 70 26 punkt
570 989 5 20 &
590 987 69 22 Wasa
674 987 71 22 banan
761 987 34 22 till
805 986 154 27 Kristinestad,

219 1023 86 21 hvilken
320 1023 92 26 petition
429 1024 39 21 har
484 1024 95 27 följande
595 1024 88 27 lydelse:

373 1125 49 20 Till
438 1125 135 26 Vällofliga
587 1124 218 27 Borgareständet.

287 1184 41 20 Det
348 1188 22 16 är
390 1185 46 20 icke
454 1185 65 20 första
536 1186 81 24 gängen
635 1184 58 26 fräga
707 1184 74 20 väckts
796 1190 33 13 om
844 1190 25 12 en
885 1183 74 20 bibana

216 1214 31 19 till
262 1213 143 21 Kristinestad
420 1214 46 20 från
481 1216 67 24 någon
563 1214 65 26 punkt
643 1216 13 18 å
670 1214 139 21 Wasabanan.
839 1212 73 20 Redan
922 1213 35 20 vid

218 1245 56 19 1882
296 1245 32 19 års
343 1244 99 26 landtdag
457 1245 37 19 har
509 1244 118 26 betydelsen
642 1244 23 20 af
678 1251 25 13 en
718 1243 65 21 sådan
797 1242 161 26 bansträckning

217 1274 22 18 af
256 1274 203 26 Jernvägsutskottet
478 1274 125 26 framhållits,
619 1274 37 20 och
673 1274 35 20 vid
726 1273 57 20 1885
799 1272 38 20 och
853 1272 56 20 1888
924 1273 34 18 års

216 1303 122 26 landtdagar
358 1305 37 25 såg
414 1304 73 26 frågan
507 1304 65 26 dagen
592 1304 7 19 i
614 1304 51 19 form
679 1304 23 20 af
714 1302 115 27 petitioner,
844 1301 115 21 inlemnade

216 1332 32 19 till
265 1332 179 28 Borgareståndet,
458 1334 139 20 hvarförutom
612 1340 25 13 en
651 1333 87 27 petition
752 1333 8 19 i
775 1339 76 13 samma
865 1331 53 26 syfte
934 1332 23 18 år

218 1362 56 20 1885
289 1362 123 22 inlemnades
427 1364 8 20 i
450 1364 158 20 Bondeståndet.
632 1363 46 20 Den
688 1362 133 21 ekonomiska
834 1362 65 19 fördel
912 1361 45 19 hela

215 1391 83 27 sydliga
317 1392 57 21 delen
394 1394 24 20 af
435 1390 130 24 Österbotten
583 1393 65 20 skulle
666 1393 81 19 komma
762 1394 31 18 att
807 1391 65 25 draga
887 1390 23 20 af
922 1391 35 19 ba-

215 1428 41 13 nan
274 1422 37 20 och
335 1422 35 20 det
387 1423 127 26 trafikbehof,
529 1423 39 20 den
589 1422 151 26 otvifvelaktigt
760 1421 65 21 skulle
843 1421 56 25 fylla,
918 1420 39 20 har

284 1463 175 24 Jernvägsutskottets
470 1464 105 18 betänkande
587 1463 35 19 N:o
644 1477 4 4 .
