1067 1661
306 139 244 23 Petitionsbetänkande
565 139 37 22 N:o
618 138 30 23 12.
816 146 14 15 5

100 210 144 26 tjenstgöring.
274 210 49 19 Men
338 216 48 13 man
401 209 37 20 bör
453 211 12 17 å
480 209 64 20 andra
560 209 56 20 sidan
632 209 75 20 beakta
722 211 31 18 att
767 215 25 13 en
802 208 58 20 äldre

100 239 123 20 skollärares
238 238 66 26 familj
320 238 62 21 äfven
397 239 7 18 i
419 238 25 19 de
458 237 60 21 flesta
534 238 35 19 fall
584 241 24 16 är
622 240 66 17 större
704 241 25 16 än
741 238 39 19 den
790 239 68 18 säsom

101 268 91 25 exempel
206 267 68 25 valda,
289 270 53 17 samt
358 270 30 16 att
403 267 88 19 barnens
512 267 122 25 uppfostran
650 267 37 19 och
702 267 73 19 kläder
790 269 48 23 taga
852 267 7 17 i

102 296 90 26 anspråk
211 303 95 18 summor,
326 295 71 21 hvilka
417 296 50 19 ökas
485 296 26 25 pä
531 302 78 13 samma
627 296 57 24 gång
698 295 89 20 barnens
802 294 58 20 ålder

101 332 69 13 växer.

170 354 39 20 Om
226 360 48 13 man
290 352 75 26 jemför
383 352 113 26 utgifterna
515 352 32 20 för
563 360 24 12 en
603 352 64 26 familj
683 352 23 20 af
720 352 40 20 den
776 351 84 26 angifna

101 382 102 20 storleken
223 382 7 20 i
252 382 132 25 Helsingfors
406 382 46 19 med
471 382 45 19 dem
536 382 8 18 i
562 382 63 19 andra
644 381 70 20 städer
728 381 32 19 för
774 388 27 12 en
816 380 43 20 lika

101 415 43 16 stor
162 411 66 26 familj
247 414 53 16 samt
318 414 84 22 antager
420 412 30 18 att
466 410 6 20 i
488 410 101 20 hvardera
604 410 58 20 fallet
677 410 40 20 den
732 410 24 20 af
768 410 92 26 familjen

102 440 94 20 använda
211 440 79 20 lokalen
310 442 23 17 är
351 439 43 19 lika
412 442 43 16 stor
470 440 38 19 och
522 439 88 25 ungefär
625 439 43 19 lika
683 439 86 25 belägen
784 439 8 19 i
807 438 55 20 skol-

102 469 78 26 staden,
196 468 66 20 finner
276 475 47 13 man
339 471 28 17 att
381 467 60 21 lifvet
456 468 8 19 i
478 468 133 25 Helsingfors
627 471 23 16 är
664 468 62 19 minst
740 468 43 19 800
802 468 59 19 mark

102 499 70 25 dyrare
188 501 26 16 än
232 497 8 20 i
256 498 24 19 de
296 498 82 25 dyraste
395 497 178 25 landsortsstäder,
588 497 63 19 minst
668 497 61 25 1,400
746 496 58 20 mark
824 496 36 26 dy-

101 534 46 13 rare
166 530 25 16 än
208 526 8 20 i
234 526 25 20 de
277 526 119 25 medeldyra
414 528 54 17 samt
486 526 62 20 minst
570 526 64 25 2,000
650 526 58 19 mark
723 526 73 25 dyrare
812 528 25 16 än
852 525 8 19 i

102 556 24 19 de
141 555 96 26 billigare
252 556 42 18 små
309 554 102 20 städerna.
487 551 3 3 |

172 584 71 19 Säsom
257 583 61 20 häraf
330 589 67 20 synes,
416 584 66 19 mäste
500 583 130 25 kollegernas
646 583 7 19 i
668 582 69 20 landet
752 583 35 19 lön
802 582 7 19 i
824 582 36 19 all-

102 613 83 20 mänhet
200 619 59 14 anses
274 619 51 13 vara
340 611 131 26 otillräcklig,
488 619 46 12 men
550 613 55 18 detta
616 611 66 26 gäller
692 611 120 26 kollegerna
822 611 38 20 och

103 641 62 20 äfven
180 641 115 20 lektorerna
310 641 6 19 i
331 640 131 25 Helsingfors
477 641 7 19 i
500 641 83 25 mycket
598 641 62 25 högre
676 640 51 25 grad
742 643 26 16 än
778 640 8 19 i
796 640 64 19 andra

102 671 74 19 städer.
207 670 33 19 Då
255 669 217 20 lefnadskostnaderna
487 669 7 20 i
508 669 134 26 Helsingfors
658 669 7 19 i
680 669 96 20 medeltal
791 669 70 19 kunna

103 705 59 14 anses
177 706 50 13 vara
242 699 95 25 omkring
354 699 62 24 1,400
431 698 59 20 mark
504 701 65 17 större
585 701 25 16 än
626 698 7 19 i
648 698 80 19 landets
743 697 67 26 öfriga
820 700 42 17 stä-

103 728 42 25 der,
164 735 48 12 men
231 727 90 20 lektorer
339 727 37 20 och
394 727 92 25 kolleger
504 727 8 19 i
531 726 131 26 Helsingfors
683 727 79 25 åtnjuta
778 729 28 17 ett
821 726 40 19 till-

102 757 139 25 läggsarvode
259 757 22 18 af
299 763 53 18 resp.
373 756 41 19 600
433 756 39 19 och
491 756 43 19 400
549 756 64 24 mark,
629 755 65 20 finner
708 762 47 13 man
770 757 31 18 att
816 755 47 19 dem

103 785 47 20 sker
171 792 25 13 en
213 785 101 26 pekuniär
332 785 104 19 orättvisa.
470 785 62 19 Detta
547 784 179 20 missförhällande
740 791 50 13 vore
805 783 8 20 i
826 785 36 18 nä-

104 821 41 18 gon
160 815 48 18 män
223 814 93 25 afhjälpt,
332 820 32 13 om
380 813 88 20 lektorer
488 814 37 18 och
540 813 93 25 kolleger
648 813 36 19 vid
698 813 97 24 samtliga
810 812 52 19 läro-

103 842 50 20 verk
173 843 7 19 i
200 842 133 26 Helsingfors
352 842 66 20 skulle
436 842 88 20 tilldelas
544 842 45 20 med
610 841 95 20 afseende
724 843 11 18 &
757 842 25 19 de
798 841 64 25 högre

102 871 220 20 lefnadskostnaderna
341 870 7 20 i
367 870 155 20 hufvudstaden
545 873 29 17 ett
593 870 75 20 arvode
684 870 23 20 af
720 872 12 18 t.
749 876 31 14 ex,
798 870 64 25 1,000

103 900 64 25 mark,
184 900 120 25 härigenom
318 900 68 20 skulle
402 900 136 19 statsverkets
553 899 88 26 utgifter
656 899 50 20 ökas
720 899 48 20 med
784 898 78 26 18,400

103 929 65 25 mark,
184 930 67 18 säsom
266 928 23 20 af
303 928 152 20 nedanstäende
470 928 63 20 tabell
548 928 98 26 framgär.

103 986 28 25 Åt
147 992 13 19 3
175 992 91 20 lektorer
280 992 34 20 vid
328 991 88 21 svenska
431 992 167 25 normallyceum,

112 1036 10 10 a
146 1021 14 19 8
212 1036 9 11 4
287 1036 10 12 »
327 1020 65 20 finska
406 1020 167 26 normallyceum,

111 1066 9 11 n»
144 1051 14 18 4
211 1066 9 11 N
287 1065 9 12 »
327 1049 129 26 reallyceum,

104 1079 50 19 eller
171 1079 21 19 åt
206 1079 26 19 10
244 1079 82 19 lektorer
337 1085 25 13 en
373 1078 77 25 ökning
460 1079 23 19 af
492 1078 86 20 arfvode
589 1079 11 18 ä
610 1079 43 19 400
664 1078 35 19 mk
721 1072 12 36 =
745 1077 65 26 4,000
820 1076 42 20 mk.

104 1123 28 26 Ät
148 1130 12 18 5
176 1129 94 26 kolleger
284 1130 35 19 vid
334 1129 90 20 svenska
438 1130 166 25 normallyceum,

112 1174 10 8 n
146 1158 12 19 5
218 1174 10 12 5
294 1174 9 12 n
334 1158 64 20 finska
413 1158 166 26 normallyceum,

143 1187 15 19 4
212 1183 13 35 ji
292 1203 10 11 n
332 1187 129 25 reallyceum,

112 1231 9 11 s
144 1216 15 18 4
218 1232 9 11 n
294 1232 9 11 n
334 1216 118 25 realskolan,

112 1260 9 11 »
144 1244 13 19 3
217 1260 9 12 ä
293 1260 10 11 n
334 1244 88 20 Svenska
436 1244 218 24 fruntimmersskolan,

113 1288 9 10 »
145 1273 12 19 3
218 1294 4 5 n
292 1289 10 11 n
332 1273 66 20 finska
413 1273 217 25 fruntimmersskolan,

105 1302 50 20 eller
164 1302 20 19 ät
193 1302 28 19 24
231 1302 99 25 kolleger,
342 1308 24 13 en
376 1302 76 26 ökning
462 1301 24 20 af
494 1301 83 21 arfvode
588 1302 12 19 a
611 1302 42 19 600
663 1301 35 19 mk
729 1300 77 25 14,400
833 1313 11 11 »

617 1336 82 20 Summa
730 1335 77 25 18,400
834 1348 10 12 ,

218 1288 9 12 KI

174 1393 31 20 Pä
223 1393 22 20 af
261 1400 34 13 oss
314 1393 62 21 ofvan
396 1394 88 20 anförda
502 1395 88 25 grunder
608 1395 56 25 väga
681 1394 28 24 vi,
730 1394 70 19 derom
821 1395 43 18 sär-

105 1422 65 20 skildt
188 1423 114 19 anmodade
317 1422 23 20 af
352 1429 51 20 resp.
418 1423 67 20 lärare
500 1423 8 20 i
522 1423 161 26 hufvudstaden,
699 1422 109 21 hemställa
827 1421 37 20 hu-

105 1451 75 20 ruvida
195 1451 45 20 icke

174 1489 99 18 Allmänna
284 1490 174 19 Besvärsutskottets
470 1491 109 18 betänkande
591 1491 34 18 N:o
639 1491 16 17 9.
