1064 1659
263 113 12 21 8
368 112 83 22 Ständ.
467 112 52 22 Pet.
535 125 30 3 —
580 112 172 23 Petitionsbet.
767 112 45 22 N:o
828 112 21 22 1.

233 178 41 22 den
295 178 69 22 andra
385 178 61 22 sidan
466 178 110 22 äfvensom
599 179 41 21 den
660 178 64 22 häraf
737 178 96 22 alstrade
849 178 112 22 olikheten
977 178 7 21 i

233 214 216 26 produktionsvilkor
469 215 68 20 måste
557 213 117 22 framkalla
689 215 33 20 ett
737 214 66 21 behof
817 214 24 21 af
855 214 129 26 varuutbyte

233 250 92 21 emellan
341 250 64 22 dessa
419 250 140 21 landsändar.
590 249 44 22 Det
650 249 135 26 skogfattiga
802 256 48 15 men
866 250 33 21 för
910 249 75 27 odling

233 284 35 21 väl
287 285 84 26 egnade
394 280 141 26 Österbotten
557 285 56 21 skall
629 285 66 21 hafva
710 284 69 21 fördel
796 285 23 21 af
834 286 33 20 att
883 285 48 21 från
947 285 38 21 det

233 320 46 21 inre
300 320 75 21 landet
395 321 74 21 kunna
485 320 58 21 förse
559 320 34 27 sig
608 321 51 20 med
675 320 187 27 skogsprodukter
877 322 59 19 samt
951 322 34 19 att

233 355 7 22 i
264 355 74 27 utbyte
362 356 103 21 ditsända
483 355 194 28 jordbruksalster.
708 355 39 22 Ett
768 356 76 27 utbyte
866 355 23 22 af
903 356 81 21 sådana

233 391 40 22 och
288 392 68 21 andra
371 398 63 15 varor
450 391 107 28 försiggår
572 398 30 15 nu
617 392 68 21 redan
697 392 92 21 oaktadt
799 391 185 28 bristfälligheten

233 427 7 20 i
257 427 26 21 de
299 427 136 22 existerande
452 427 249 22 kommunikationerna.
726 427 47 21 Den
789 427 64 28 bana,
871 433 44 16 som
928 426 56 22 skall

233 462 116 27 tillgodose
372 464 33 20 ett
427 463 79 21 sådant
526 462 139 28 trafikbehof,
680 463 39 21 har
735 463 91 21 härmed
842 463 34 21 sin
891 463 93 20 hufvud-

233 497 96 28 riktning
345 498 7 21 i
369 500 58 20 öster
443 499 40 21 och
499 501 78 24 vester,
594 498 93 22 emellan
703 493 143 27 Österbotten
863 499 38 21 och
918 497 65 22 Savo-

233 533 53 25 laks,
304 534 106 27 angifven.

304 569 157 22 Förbindelsen
477 569 23 22 af
515 571 63 20 dessa
593 571 38 20 två
644 570 107 26 landskap
763 571 24 20 är
799 569 54 22 dock
865 569 119 27 ingalunda

233 611 27 15 en
281 605 59 26 dylik
358 605 102 26 jernvägs
481 606 55 21 enda
556 605 94 27 uppgift,
672 608 53 18 utan
743 605 39 21 har
799 605 41 21 den
857 606 28 25 på
901 611 83 15 samma

233 641 56 26 gång
305 640 34 21 till
355 641 101 21 ändamål
471 643 33 19 att
520 641 48 21 med
583 641 165 27 jernvägsnätet
764 640 110 22 införlifva
890 641 37 20 det
937 640 46 21 vid-

232 676 97 21 sträckta
345 677 147 26 landområde,
509 677 64 21 hvars
589 676 165 21 trafikcentrum
771 678 24 19 är
807 676 122 27 Jyväskylä.
951 675 32 22 De

233 711 6 21 i
263 711 75 22 landet
360 712 69 27 bygda
448 713 155 26 jernvägarnes
619 712 98 26 riktning
732 712 41 21 har
788 711 7 21 i
811 711 120 22 allmänhet
947 711 36 22 be-

233 748 78 21 stämts
328 748 49 21 med
393 748 84 27 hänsyn
493 748 62 21 äfven
572 747 81 27 dertill,
670 749 33 20 att
719 747 27 21 de
757 747 67 22 borde
836 747 99 21 förbinda
947 747 37 21 det

232 782 47 22 inre
301 783 76 21 landet
401 784 49 21 med
476 783 103 27 lämpliga
601 783 157 26 hamnplatser.
795 783 74 20 Under
890 783 93 26 tidigare

231 818 101 27 perioder
347 819 40 21 har
403 819 37 21 det
456 819 98 26 nordliga
570 818 143 22 Tavastlands
730 819 40 20 och
787 818 63 21 äfven
867 824 64 15 norra
945 818 38 21 Sa-

231 854 82 21 volaks'
339 855 38 21 och
401 855 104 21 Karelens
528 855 82 21 rörelse
634 855 48 26 gått
704 854 33 21 till
760 855 26 20 de
807 849 177 26 Österbottniska

231 889 162 22 kuststäderna.
425 890 143 21 Tillkomsten
584 890 24 21 af
622 889 73 22 Saima
708 890 66 21 kanal
785 889 143 22 framkallade
940 890 41 21 den

231 925 75 27 första,
323 927 57 20 mest
395 926 112 21 kännbara
522 925 137 27 rubbningen
676 926 7 21 i
700 926 72 21 denna
786 925 134 22 samfärdsel.
945 925 37 22 Se-

232 961 99 21 dermera
347 961 40 21 har
401 968 77 20 genom
495 961 104 27 Päijänne
615 963 116 25 systemets
748 961 101 26 beröring
867 961 47 20 med
923 961 60 26 jern-

231 998 41 25 väg
292 996 36 21 vid
351 997 106 26 Vesijärvi
473 997 39 21 och
528 1003 77 20 genom
622 997 165 21 fullbordandet
803 996 23 21 af
840 996 143 21 Savolaksba-

231 1037 43 16 nan
290 1031 92 22 trafiken
399 1032 39 21 allt
454 1032 73 21 vidare
543 1032 83 27 dragits
642 1032 50 21 bort
706 1031 49 22 frän
770 1027 142 26 Österbotten
924 1033 59 19 emot

231 1067 65 21 söder
315 1067 40 21 och
371 1069 64 20 öster.
467 1068 33 21 Dä
516 1068 36 21 det
567 1074 30 15 nu
613 1067 68 28 gäller
697 1069 34 20 att
747 1067 8 20 i
769 1067 166 26 jernvägsnätet
951 1066 31 21 in-

231 1102 68 27 draga
319 1103 117 27 Jyväskylä
457 1103 38 22 och
517 1104 41 20 den
575 1103 136 27 omg:fvande
729 1103 134 25 landsorten,
880 1102 104 21 framstår

231 1137 104 22 trafikens
352 1138 91 21 ledande
460 1139 7 20 i
483 1139 99 27 riktning
598 1141 59 19 emot
672 1138 117 21 Bottniska
806 1138 63 21 viken
886 1139 47 20 äter
949 1139 34 20 sä-

231 1179 47 15 som
300 1173 41 22 den
363 1173 143 28 naturligaste
526 1176 75 25 vägen.
633 1169 69 26 Äfven
725 1180 26 15 en
772 1173 122 27 betydande
911 1173 34 21 del
961 1173 24 21 af

231 1208 112 22 mellersta
364 1209 104 22 Finlands
490 1211 85 25 export-
597 1210 40 21 och
653 1209 164 27 importrörelse
833 1209 100 26 betingar
948 1209 35 20 sä-

231 1243 67 28 ledes,
320 1246 27 25 pä
369 1245 112 21 enahanda
501 1247 44 19 sätt
565 1251 46 15 som
628 1251 51 20 nyss
695 1245 84 21 anförts
795 1244 134 21 beträffande
946 1245 37 20 det

231 1279 47 22 inre
299 1280 148 27 varuutbytet,
468 1280 33 21 för
519 1281 118 26 jernvägen
658 1287 77 20 genom
753 1279 117 28 Jyväskylä
886 1286 26 15 en
928 1280 54 21 rikt-

231 1315 52 26 ning
299 1315 7 21 i
323 1318 59 19 öster
397 1316 40 21 och
454 1317 77 20 vester.

303 1346 69 26 Äfven
398 1351 187 27 önskningsmälet
606 1353 33 20 att
662 1353 59 19 sätta
745 1351 86 21 landets
848 1351 59 21 olika
923 1350 60 21 delar

230 1384 9 22 i
270 1386 25 20 sä
323 1386 43 21 lätt
394 1386 131 22 förbindelse
554 1393 46 15 som
631 1386 86 27 möjligt
747 1387 49 21 med
821 1386 160 22 hufvudstaden
