<?xml version="1.0" encoding="UTF-8"?>
<alto xmlns="http://www.loc.gov/standards/alto/ns-v3#" xmlns:xlink="http://www.w3.org/1999/xlink" xmlns:xsi="http://www.w3.org/2001/XMLSchema-instance" xsi:schemaLocation="http://www.loc.gov/standards/alto/ns-v3# http://www.loc.gov/alto/v3/alto-3-0.xsd">
	<Description>
		<MeasurementUnit>pixel</MeasurementUnit>
		<sourceImageInformation>
			<fileName>/tmp/tess_hqhyhdgq_input.PNG</fileName>
		</sourceImageInformation>
		<OCRProcessing ID="OCR_0">
			<ocrProcessingStep>
				<processingSoftware>
					<softwareName>tesseract 5.3.4</softwareName>
				</processingSoftware>
			</ocrProcessingStep>
		</OCRProcessing>
	</Description>
	<Layout>
		<Page WIDTH="1067" HEIGHT="1667" PHYSICAL_IMG_NR="0" ID="page_0">
			<PrintSpace HPOS="0" VPOS="0" WIDTH="1067" HEIGHT="1667">
				<ComposedBlock ID="cblock_0" HPOS="258" VPOS="130" WIDTH="519" HEIGHT="24">
					<TextBlock ID="block_0" HPOS="258" VPOS="130" WIDTH="519" HEIGHT="24">
						<TextLine ID="line_0" HPOS="258" VPOS="130" WIDTH="519" HEIGHT="24">
							<String ID="string_0" HPOS="258" VPOS="133" WIDTH="13" HEIGHT="21" WC="0.96" CONTENT="4"/><SP WIDTH="167" VPOS="133" HPOS="271"/>
							<String ID="string_1" HPOS="438" VPOS="131" WIDTH="243" HEIGHT="23" WC="0.91" CONTENT="Petitionsbetänkande"/><SP WIDTH="15" VPOS="131" HPOS="681"/>
							<String ID="string_2" HPOS="696" VPOS="132" WIDTH="37" HEIGHT="22" WC="0.96" CONTENT="N:o"/><SP WIDTH="16" VPOS="132" HPOS="733"/>
							<String ID="string_3" HPOS="749" VPOS="130" WIDTH="28" HEIGHT="23" WC="0.96" CONTENT="17."/>
						</TextLine>
					</TextBlock>
				</ComposedBlock>
				<ComposedBlock ID="cblock_1" HPOS="220" VPOS="195" WIDTH="763" HEIGHT="633">
					<TextBlock ID="block_1" HPOS="222" VPOS="195" WIDTH="761" HEIGHT="517">
						<TextLine ID="line_1" HPOS="228" VPOS="195" WIDTH="754" HEIGHT="26">
							<String ID="string_4" HPOS="228" VPOS="197" WIDTH="30" HEIGHT="17" WC="0.96" CONTENT="att"/><SP WIDTH="15" VPOS="197" HPOS="258"/>
							<String ID="string_5" HPOS="273" VPOS="195" WIDTH="35" HEIGHT="19" WC="0.93" CONTENT="det"/><SP WIDTH="14" VPOS="195" HPOS="308"/>
							<String ID="string_6" HPOS="322" VPOS="195" WIDTH="70" HEIGHT="21" WC="0.91" CONTENT="blefve"/><SP WIDTH="15" VPOS="195" HPOS="392"/>
							<String ID="string_7" HPOS="407" VPOS="196" WIDTH="52" HEIGHT="19" WC="0.96" CONTENT="både"/><SP WIDTH="15" VPOS="196" HPOS="459"/>
							<String ID="string_8" HPOS="474" VPOS="195" WIDTH="93" HEIGHT="25" WC="0.96" CONTENT="billigast"/><SP WIDTH="15" VPOS="195" HPOS="567"/>
							<String ID="string_9" HPOS="582" VPOS="195" WIDTH="38" HEIGHT="20" WC="0.96" CONTENT="och"/><SP WIDTH="15" VPOS="195" HPOS="620"/>
							<String ID="string_10" HPOS="635" VPOS="198" WIDTH="53" HEIGHT="17" WC="0.96" CONTENT="mest"/><SP WIDTH="14" VPOS="198" HPOS="688"/>
							<String ID="string_11" HPOS="702" VPOS="195" WIDTH="108" HEIGHT="26" WC="0.96" CONTENT="praktiskt,"/><SP WIDTH="14" VPOS="195" HPOS="810"/>
							<String ID="string_12" HPOS="824" VPOS="197" WIDTH="31" HEIGHT="17" WC="0.96" CONTENT="att"/><SP WIDTH="15" VPOS="197" HPOS="855"/>
							<String ID="string_13" HPOS="870" VPOS="195" WIDTH="39" HEIGHT="20" WC="0.93" CONTENT="den"/><SP WIDTH="11" VPOS="195" HPOS="909"/>
							<String ID="string_14" HPOS="920" VPOS="202" WIDTH="62" HEIGHT="12" WC="0.92" CONTENT="nuva-"/>
						</TextLine>
						<TextLine ID="line_2" HPOS="228" VPOS="224" WIDTH="755" HEIGHT="26">
							<String ID="string_15" HPOS="228" VPOS="224" WIDTH="64" HEIGHT="20" WC="0.93" CONTENT="rande"/><SP WIDTH="21" VPOS="224" HPOS="292"/>
							<String ID="string_16" HPOS="313" VPOS="224" WIDTH="245" HEIGHT="26" WC="0.91" CONTENT="upptagningsanstalten"/><SP WIDTH="23" VPOS="224" HPOS="558"/>
							<String ID="string_17" HPOS="581" VPOS="224" WIDTH="35" HEIGHT="20" WC="0.93" CONTENT="vid"/><SP WIDTH="23" VPOS="224" HPOS="616"/>
							<String ID="string_18" HPOS="639" VPOS="224" WIDTH="154" HEIGHT="26" WC="0.91" CONTENT="länesjukhuset"/><SP WIDTH="17" VPOS="224" HPOS="793"/>
							<String ID="string_19" HPOS="810" VPOS="224" WIDTH="7" HEIGHT="19" WC="0.96" CONTENT="i"/><SP WIDTH="16" VPOS="224" HPOS="817"/>
							<String ID="string_20" HPOS="833" VPOS="224" WIDTH="75" HEIGHT="20" WC="0.96" CONTENT="Gamla"/><SP WIDTH="20" VPOS="224" HPOS="908"/>
							<String ID="string_21" HPOS="928" VPOS="224" WIDTH="55" HEIGHT="20" WC="0.96" CONTENT="Vasa"/>
						</TextLine>
						<TextLine ID="line_3" HPOS="227" VPOS="252" WIDTH="755" HEIGHT="26">
							<String ID="string_22" HPOS="227" VPOS="252" WIDTH="124" HEIGHT="26" WC="0.96" CONTENT="utvidgades"/><SP WIDTH="15" VPOS="252" HPOS="351"/>
							<String ID="string_23" HPOS="366" VPOS="253" WIDTH="32" HEIGHT="19" WC="0.96" CONTENT="till"/><SP WIDTH="15" VPOS="253" HPOS="398"/>
							<String ID="string_24" HPOS="413" VPOS="260" WIDTH="25" HEIGHT="13" WC="0.96" CONTENT="en"/><SP WIDTH="15" VPOS="260" HPOS="438"/>
							<String ID="string_25" HPOS="453" VPOS="253" WIDTH="123" HEIGHT="25" WC="0.93" CONTENT="fullständig"/><SP WIDTH="15" VPOS="253" HPOS="576"/>
							<String ID="string_26" HPOS="591" VPOS="253" WIDTH="47" HEIGHT="19" WC="0.92" CONTENT="kur-"/><SP WIDTH="16" VPOS="253" HPOS="638"/>
							<String ID="string_27" HPOS="654" VPOS="253" WIDTH="37" HEIGHT="19" WC="0.93" CONTENT="och"/><SP WIDTH="16" VPOS="253" HPOS="691"/>
							<String ID="string_28" HPOS="707" VPOS="253" WIDTH="135" HEIGHT="20" WC="0.91" CONTENT="vårdsanstalt"/><SP WIDTH="16" VPOS="253" HPOS="842"/>
							<String ID="string_29" HPOS="858" VPOS="252" WIDTH="33" HEIGHT="20" WC="0.93" CONTENT="för"/><SP WIDTH="15" VPOS="252" HPOS="891"/>
							<String ID="string_30" HPOS="906" VPOS="253" WIDTH="76" HEIGHT="19" WC="0.91" CONTENT="sinnes-"/>
						</TextLine>
						<TextLine ID="line_4" HPOS="226" VPOS="281" WIDTH="756" HEIGHT="27">
							<String ID="string_31" HPOS="226" VPOS="281" WIDTH="65" HEIGHT="26" WC="0.86" CONTENT="sjuka,"/><SP WIDTH="30" VPOS="281" HPOS="291"/>
							<String ID="string_32" HPOS="321" VPOS="282" WIDTH="72" HEIGHT="20" WC="0.95" CONTENT="Denna"/><SP WIDTH="24" VPOS="282" HPOS="393"/>
							<String ID="string_33" HPOS="417" VPOS="284" WIDTH="30" HEIGHT="18" WC="0.95" CONTENT="ort"/><SP WIDTH="23" VPOS="284" HPOS="447"/>
							<String ID="string_34" HPOS="470" VPOS="282" WIDTH="69" HEIGHT="26" WC="0.96" CONTENT="ligger"/><SP WIDTH="21" VPOS="282" HPOS="539"/>
							<String ID="string_35" HPOS="560" VPOS="284" WIDTH="50" HEIGHT="18" WC="0.95" CONTENT="nära"/><SP WIDTH="23" VPOS="284" HPOS="610"/>
							<String ID="string_36" HPOS="633" VPOS="282" WIDTH="66" HEIGHT="20" WC="0.95" CONTENT="länets"/><SP WIDTH="15" VPOS="282" HPOS="699"/>
							<String ID="string_37" HPOS="714" VPOS="281" WIDTH="139" HEIGHT="21" WC="0.96" CONTENT="residensstad"/><SP WIDTH="16" VPOS="281" HPOS="853"/>
							<String ID="string_38" HPOS="869" VPOS="283" WIDTH="37" HEIGHT="18" WC="0.93" CONTENT="och"/><SP WIDTH="16" VPOS="283" HPOS="906"/>
							<String ID="string_39" HPOS="922" VPOS="282" WIDTH="60" HEIGHT="19" WC="0.92" CONTENT="föröf-"/>
						</TextLine>
						<TextLine ID="line_5" HPOS="225" VPOS="310" WIDTH="756" HEIGHT="27">
							<String ID="string_40" HPOS="225" VPOS="310" WIDTH="42" HEIGHT="26" WC="0.91" CONTENT="rigt"/><SP WIDTH="22" VPOS="310" HPOS="267"/>
							<String ID="string_41" HPOS="289" VPOS="311" WIDTH="84" HEIGHT="26" WC="0.96" CONTENT="mycket"/><SP WIDTH="21" VPOS="311" HPOS="373"/>
							<String ID="string_42" HPOS="394" VPOS="311" WIDTH="87" HEIGHT="20" WC="0.96" CONTENT="centralt"/><SP WIDTH="21" VPOS="311" HPOS="481"/>
							<String ID="string_43" HPOS="502" VPOS="313" WIDTH="54" HEIGHT="18" WC="0.95" CONTENT="samt"/><SP WIDTH="21" VPOS="313" HPOS="556"/>
							<String ID="string_44" HPOS="577" VPOS="313" WIDTH="24" HEIGHT="17" WC="0.96" CONTENT="är"/><SP WIDTH="14" VPOS="313" HPOS="601"/>
							<String ID="string_45" HPOS="615" VPOS="317" WIDTH="74" HEIGHT="19" WC="0.96" CONTENT="genom"/><SP WIDTH="13" VPOS="317" HPOS="689"/>
							<String ID="string_46" HPOS="702" VPOS="310" WIDTH="90" HEIGHT="26" WC="0.96" CONTENT="järnväg"/><SP WIDTH="15" VPOS="310" HPOS="792"/>
							<String ID="string_47" HPOS="807" VPOS="310" WIDTH="113" HEIGHT="20" WC="0.96" CONTENT="förbunden"/><SP WIDTH="16" VPOS="310" HPOS="920"/>
							<String ID="string_48" HPOS="936" VPOS="310" WIDTH="45" HEIGHT="20" WC="0.96" CONTENT="med"/>
						</TextLine>
						<TextLine ID="line_6" HPOS="226" VPOS="339" WIDTH="755" HEIGHT="26">
							<String ID="string_49" HPOS="226" VPOS="339" WIDTH="25" HEIGHT="20" WC="0.96" CONTENT="de"/><SP WIDTH="22" VPOS="339" HPOS="251"/>
							<String ID="string_50" HPOS="273" VPOS="340" WIDTH="44" HEIGHT="20" WC="0.96" CONTENT="inre"/><SP WIDTH="22" VPOS="340" HPOS="317"/>
							<String ID="string_51" HPOS="339" VPOS="340" WIDTH="38" HEIGHT="20" WC="0.96" CONTENT="och"/><SP WIDTH="22" VPOS="340" HPOS="377"/>
							<String ID="string_52" HPOS="399" VPOS="346" WIDTH="61" HEIGHT="14" WC="0.93" CONTENT="norra"/><SP WIDTH="23" VPOS="346" HPOS="460"/>
							<String ID="string_53" HPOS="483" VPOS="340" WIDTH="82" HEIGHT="20" WC="0.91" CONTENT="delarne"/><SP WIDTH="23" VPOS="340" HPOS="565"/>
							<String ID="string_54" HPOS="588" VPOS="339" WIDTH="23" HEIGHT="20" WC="0.96" CONTENT="af"/><SP WIDTH="17" VPOS="339" HPOS="611"/>
							<String ID="string_55" HPOS="628" VPOS="340" WIDTH="62" HEIGHT="20" WC="0.92" CONTENT="länet."/><SP WIDTH="30" VPOS="340" HPOS="690"/>
							<String ID="string_56" HPOS="720" VPOS="340" WIDTH="39" HEIGHT="19" WC="0.96" CONTENT="Att"/><SP WIDTH="14" VPOS="340" HPOS="759"/>
							<String ID="string_57" HPOS="773" VPOS="340" WIDTH="93" HEIGHT="25" WC="0.96" CONTENT="förlägga"/><SP WIDTH="15" VPOS="340" HPOS="866"/>
							<String ID="string_58" HPOS="881" VPOS="340" WIDTH="100" HEIGHT="19" WC="0.96" CONTENT="anstalten"/>
						</TextLine>
						<TextLine ID="line_7" HPOS="226" VPOS="368" WIDTH="755" HEIGHT="26">
							<String ID="string_59" HPOS="226" VPOS="368" WIDTH="31" HEIGHT="20" WC="0.96" CONTENT="till"/><SP WIDTH="14" VPOS="368" HPOS="257"/>
							<String ID="string_60" HPOS="271" VPOS="375" WIDTH="60" HEIGHT="13" WC="0.96" CONTENT="norra"/><SP WIDTH="16" VPOS="375" HPOS="331"/>
							<String ID="string_61" HPOS="347" VPOS="368" WIDTH="59" HEIGHT="21" WC="0.96" CONTENT="delen"/><SP WIDTH="15" VPOS="368" HPOS="406"/>
							<String ID="string_62" HPOS="421" VPOS="369" WIDTH="23" HEIGHT="19" WC="0.96" CONTENT="af"/><SP WIDTH="12" VPOS="369" HPOS="444"/>
							<String ID="string_63" HPOS="456" VPOS="369" WIDTH="57" HEIGHT="20" WC="0.93" CONTENT="länet"/><SP WIDTH="15" VPOS="369" HPOS="513"/>
							<String ID="string_64" HPOS="528" VPOS="371" WIDTH="14" HEIGHT="17" WC="0.90" CONTENT="t."/><SP WIDTH="17" VPOS="371" HPOS="542"/>
							<String ID="string_65" HPOS="559" VPOS="375" WIDTH="30" HEIGHT="13" WC="0.95" CONTENT="ex."/><SP WIDTH="16" VPOS="375" HPOS="589"/>
							<String ID="string_66" HPOS="605" VPOS="368" WIDTH="32" HEIGHT="20" WC="0.96" CONTENT="till"/><SP WIDTH="16" VPOS="368" HPOS="637"/>
							<String ID="string_67" HPOS="653" VPOS="368" WIDTH="72" HEIGHT="20" WC="0.95" CONTENT="Gamla"/><SP WIDTH="15" VPOS="368" HPOS="725"/>
							<String ID="string_68" HPOS="740" VPOS="368" WIDTH="92" HEIGHT="26" WC="0.96" CONTENT="Karleby"/><SP WIDTH="16" VPOS="368" HPOS="832"/>
							<String ID="string_69" HPOS="848" VPOS="368" WIDTH="31" HEIGHT="20" WC="0.96" CONTENT="för"/><SP WIDTH="13" VPOS="368" HPOS="879"/>
							<String ID="string_70" HPOS="892" VPOS="371" WIDTH="29" HEIGHT="17" WC="0.93" CONTENT="att"/><SP WIDTH="10" VPOS="371" HPOS="921"/>
							<String ID="string_71" HPOS="931" VPOS="368" WIDTH="50" HEIGHT="26" WC="0.92" CONTENT="möj-"/>
						</TextLine>
						<TextLine ID="line_8" HPOS="226" VPOS="397" WIDTH="755" HEIGHT="27">
							<String ID="string_72" HPOS="226" VPOS="397" WIDTH="55" HEIGHT="25" WC="0.96" CONTENT="ligen"/><SP WIDTH="21" VPOS="397" HPOS="281"/>
							<String ID="string_73" HPOS="302" VPOS="404" WIDTH="48" HEIGHT="14" WC="0.96" CONTENT="vara"/><SP WIDTH="15" VPOS="404" HPOS="350"/>
							<String ID="string_74" HPOS="365" VPOS="398" WIDTH="116" HEIGHT="25" WC="0.96" CONTENT="Uleåborgs"/><SP WIDTH="16" VPOS="398" HPOS="481"/>
							<String ID="string_75" HPOS="497" VPOS="398" WIDTH="34" HEIGHT="20" WC="0.96" CONTENT="län"/><SP WIDTH="16" VPOS="398" HPOS="531"/>
							<String ID="string_76" HPOS="547" VPOS="398" WIDTH="62" HEIGHT="19" WC="0.96" CONTENT="också"/><SP WIDTH="15" VPOS="398" HPOS="609"/>
							<String ID="string_77" HPOS="624" VPOS="397" WIDTH="32" HEIGHT="20" WC="0.96" CONTENT="till"/><SP WIDTH="15" VPOS="397" HPOS="656"/>
							<String ID="string_78" HPOS="671" VPOS="400" WIDTH="64" HEIGHT="24" WC="0.93" CONTENT="nytta,"/><SP WIDTH="16" VPOS="400" HPOS="735"/>
							<String ID="string_79" HPOS="751" VPOS="397" WIDTH="69" HEIGHT="20" WC="0.92" CONTENT="blefve"/><SP WIDTH="14" VPOS="397" HPOS="820"/>
							<String ID="string_80" HPOS="834" VPOS="397" WIDTH="32" HEIGHT="20" WC="0.96" CONTENT="för"/><SP WIDTH="15" VPOS="397" HPOS="866"/>
							<String ID="string_81" HPOS="881" VPOS="397" WIDTH="100" HEIGHT="20" WC="0.96" CONTENT="kostsamt"/>
						</TextLine>
						<TextLine ID="line_9" HPOS="224" VPOS="426" WIDTH="758" HEIGHT="26">
							<String ID="string_82" HPOS="224" VPOS="426" WIDTH="38" HEIGHT="20" WC="0.96" CONTENT="och"/><SP WIDTH="21" VPOS="426" HPOS="262"/>
							<String ID="string_83" HPOS="283" VPOS="426" WIDTH="78" HEIGHT="20" WC="0.96" CONTENT="kanske"/><SP WIDTH="15" VPOS="426" HPOS="361"/>
							<String ID="string_84" HPOS="376" VPOS="426" WIDTH="7" HEIGHT="20" WC="0.96" CONTENT="i"/><SP WIDTH="23" VPOS="426" HPOS="383"/>
							<String ID="string_85" HPOS="406" VPOS="434" WIDTH="24" HEIGHT="12" WC="0.96" CONTENT="en"/><SP WIDTH="16" VPOS="434" HPOS="430"/>
							<String ID="string_86" HPOS="446" VPOS="426" WIDTH="46" HEIGHT="20" WC="0.96" CONTENT="icke"/><SP WIDTH="15" VPOS="426" HPOS="492"/>
							<String ID="string_87" HPOS="507" VPOS="426" WIDTH="70" HEIGHT="20" WC="0.93" CONTENT="alltför"/><SP WIDTH="15" VPOS="426" HPOS="577"/>
							<String ID="string_88" HPOS="592" VPOS="426" WIDTH="91" HEIGHT="26" WC="0.91" CONTENT="aflägsen"/><SP WIDTH="17" VPOS="426" HPOS="683"/>
							<String ID="string_89" HPOS="700" VPOS="426" WIDTH="84" HEIGHT="20" WC="0.96" CONTENT="framtid"/><SP WIDTH="16" VPOS="426" HPOS="784"/>
							<String ID="string_90" HPOS="800" VPOS="426" WIDTH="135" HEIGHT="26" WC="0.96" CONTENT="otillräckligt"/><SP WIDTH="15" VPOS="426" HPOS="935"/>
							<String ID="string_91" HPOS="950" VPOS="426" WIDTH="32" HEIGHT="20" WC="0.96" CONTENT="för"/>
						</TextLine>
						<TextLine ID="line_10" HPOS="225" VPOS="455" WIDTH="755" HEIGHT="26">
							<String ID="string_92" HPOS="225" VPOS="455" WIDTH="52" HEIGHT="20" WC="0.96" CONTENT="båda"/><SP WIDTH="18" VPOS="455" HPOS="277"/>
							<String ID="string_93" HPOS="295" VPOS="455" WIDTH="66" HEIGHT="26" WC="0.96" CONTENT="länen,"/><SP WIDTH="16" VPOS="455" HPOS="361"/>
							<String ID="string_94" HPOS="377" VPOS="456" WIDTH="82" HEIGHT="20" WC="0.96" CONTENT="hvilkas"/><SP WIDTH="16" VPOS="456" HPOS="459"/>
							<String ID="string_95" HPOS="475" VPOS="455" WIDTH="119" HEIGHT="25" WC="0.96" CONTENT="folkmängd"/><SP WIDTH="15" VPOS="455" HPOS="594"/>
							<String ID="string_96" HPOS="609" VPOS="462" WIDTH="28" HEIGHT="13" WC="0.95" CONTENT="nu"/><SP WIDTH="16" VPOS="462" HPOS="637"/>
							<String ID="string_97" HPOS="653" VPOS="455" WIDTH="62" HEIGHT="20" WC="0.95" CONTENT="redan"/><SP WIDTH="16" VPOS="455" HPOS="715"/>
							<String ID="string_98" HPOS="731" VPOS="455" WIDTH="65" HEIGHT="26" WC="0.96" CONTENT="stiger"/><SP WIDTH="14" VPOS="455" HPOS="796"/>
							<String ID="string_99" HPOS="810" VPOS="456" WIDTH="123" HEIGHT="19" WC="0.96" CONTENT="tillsamman"/><SP WIDTH="15" VPOS="456" HPOS="933"/>
							<String ID="string_100" HPOS="948" VPOS="456" WIDTH="32" HEIGHT="19" WC="0.96" CONTENT="till"/>
						</TextLine>
						<TextLine ID="line_11" HPOS="223" VPOS="484" WIDTH="757" HEIGHT="26">
							<String ID="string_101" HPOS="223" VPOS="486" WIDTH="94" HEIGHT="18" WC="0.90" CONTENT="närmare"/><SP WIDTH="23" VPOS="486" HPOS="317"/>
							<String ID="string_102" HPOS="340" VPOS="485" WIDTH="93" HEIGHT="25" WC="0.90" CONTENT="650,000"/><SP WIDTH="22" VPOS="485" HPOS="433"/>
							<String ID="string_103" HPOS="455" VPOS="491" WIDTH="104" HEIGHT="19" WC="0.96" CONTENT="personer."/><SP WIDTH="38" VPOS="491" HPOS="559"/>
							<String ID="string_104" HPOS="597" VPOS="484" WIDTH="10" HEIGHT="19" WC="0.90" CONTENT="I"/><SP WIDTH="23" VPOS="484" HPOS="607"/>
							<String ID="string_105" HPOS="630" VPOS="484" WIDTH="73" HEIGHT="20" WC="0.96" CONTENT="sådant"/><SP WIDTH="21" VPOS="484" HPOS="703"/>
							<String ID="string_106" HPOS="724" VPOS="484" WIDTH="37" HEIGHT="20" WC="0.96" CONTENT="fall"/><SP WIDTH="22" VPOS="484" HPOS="761"/>
							<String ID="string_107" HPOS="783" VPOS="484" WIDTH="66" HEIGHT="20" WC="0.95" CONTENT="skulle"/><SP WIDTH="19" VPOS="484" HPOS="849"/>
							<String ID="string_108" HPOS="868" VPOS="490" WIDTH="24" HEIGHT="14" WC="0.96" CONTENT="en"/><SP WIDTH="20" VPOS="490" HPOS="892"/>
							<String ID="string_109" HPOS="912" VPOS="491" WIDTH="68" HEIGHT="13" WC="0.96" CONTENT="ensam"/>
						</TextLine>
						<TextLine ID="line_12" HPOS="223" VPOS="513" WIDTH="749" HEIGHT="26">
							<String ID="string_110" HPOS="223" VPOS="514" WIDTH="83" HEIGHT="19" WC="0.96" CONTENT="stående"/><SP WIDTH="22" VPOS="514" HPOS="306"/>
							<String ID="string_111" HPOS="328" VPOS="513" WIDTH="114" HEIGHT="26" WC="0.96" CONTENT="inrättning"/><SP WIDTH="22" VPOS="513" HPOS="442"/>
							<String ID="string_112" HPOS="464" VPOS="514" WIDTH="47" HEIGHT="19" WC="0.96" CONTENT="med"/><SP WIDTH="23" VPOS="514" HPOS="511"/>
							<String ID="string_113" HPOS="534" VPOS="514" WIDTH="75" HEIGHT="24" WC="0.94" CONTENT="många"/><SP WIDTH="18" VPOS="514" HPOS="609"/>
							<String ID="string_114" HPOS="627" VPOS="513" WIDTH="52" HEIGHT="26" WC="0.96" CONTENT="dyra"/><SP WIDTH="15" VPOS="513" HPOS="679"/>
							<String ID="string_115" HPOS="694" VPOS="513" WIDTH="122" HEIGHT="25" WC="0.96" CONTENT="byggnader"/><SP WIDTH="14" VPOS="513" HPOS="816"/>
							<String ID="string_116" HPOS="830" VPOS="514" WIDTH="66" HEIGHT="18" WC="0.93" CONTENT="måsta"/><SP WIDTH="15" VPOS="514" HPOS="896"/>
							<String ID="string_117" HPOS="911" VPOS="513" WIDTH="61" HEIGHT="26" WC="0.92" CONTENT="uppfö"/>
						</TextLine>
						<TextLine ID="line_13" HPOS="222" VPOS="542" WIDTH="758" HEIGHT="26">
							<String ID="string_118" HPOS="222" VPOS="548" WIDTH="40" HEIGHT="18" WC="0.87" CONTENT="ras,"/><SP WIDTH="21" VPOS="548" HPOS="262"/>
							<String ID="string_119" HPOS="283" VPOS="549" WIDTH="24" HEIGHT="13" WC="0.95" CONTENT="en"/><SP WIDTH="23" VPOS="549" HPOS="307"/>
							<String ID="string_120" HPOS="330" VPOS="542" WIDTH="51" HEIGHT="20" WC="0.95" CONTENT="eller"/><SP WIDTH="14" VPOS="542" HPOS="381"/>
							<String ID="string_121" HPOS="395" VPOS="544" WIDTH="36" HEIGHT="18" WC="0.96" CONTENT="två"/><SP WIDTH="14" VPOS="544" HPOS="431"/>
							<String ID="string_122" HPOS="445" VPOS="542" WIDTH="71" HEIGHT="20" WC="0.96" CONTENT="läkare"/><SP WIDTH="15" VPOS="542" HPOS="516"/>
							<String ID="string_123" HPOS="531" VPOS="542" WIDTH="96" HEIGHT="20" WC="0.96" CONTENT="anställas"/><SP WIDTH="15" VPOS="542" HPOS="627"/>
							<String ID="string_124" HPOS="642" VPOS="543" WIDTH="27" HEIGHT="25" WC="0.96" CONTENT="på"/><SP WIDTH="14" VPOS="543" HPOS="669"/>
							<String ID="string_125" HPOS="683" VPOS="544" WIDTH="47" HEIGHT="23" WC="0.96" CONTENT="stat,"/><SP WIDTH="16" VPOS="544" HPOS="730"/>
							<String ID="string_126" HPOS="746" VPOS="544" WIDTH="55" HEIGHT="18" WC="0.96" CONTENT="utom"/><SP WIDTH="19" VPOS="544" HPOS="801"/>
							<String ID="string_127" HPOS="820" VPOS="548" WIDTH="24" HEIGHT="14" WC="0.96" CONTENT="en"/><SP WIDTH="18" VPOS="548" HPOS="844"/>
							<String ID="string_128" HPOS="862" VPOS="542" WIDTH="33" HEIGHT="20" WC="0.96" CONTENT="hel"/><SP WIDTH="19" VPOS="542" HPOS="895"/>
							<String ID="string_129" HPOS="914" VPOS="549" WIDTH="66" HEIGHT="13" WC="0.96" CONTENT="massa"/>
						</TextLine>
						<TextLine ID="line_14" HPOS="222" VPOS="570" WIDTH="757" HEIGHT="27">
							<String ID="string_130" HPOS="222" VPOS="570" WIDTH="111" HEIGHT="26" WC="0.90" CONTENT="betjening."/><SP WIDTH="30" VPOS="570" HPOS="333"/>
							<String ID="string_131" HPOS="363" VPOS="571" WIDTH="62" HEIGHT="20" WC="0.96" CONTENT="Detta"/><SP WIDTH="14" VPOS="571" HPOS="425"/>
							<String ID="string_132" HPOS="439" VPOS="571" WIDTH="38" HEIGHT="20" WC="0.96" CONTENT="allt"/><SP WIDTH="14" VPOS="571" HPOS="477"/>
							<String ID="string_133" HPOS="491" VPOS="571" WIDTH="64" HEIGHT="19" WC="0.96" CONTENT="skulle"/><SP WIDTH="16" VPOS="571" HPOS="555"/>
							<String ID="string_134" HPOS="571" VPOS="571" WIDTH="60" HEIGHT="19" WC="0.96" CONTENT="ställa"/><SP WIDTH="8" VPOS="571" HPOS="631"/>
							<String ID="string_135" HPOS="639" VPOS="571" WIDTH="34" HEIGHT="25" WC="0.96" CONTENT="sig"/><SP WIDTH="10" VPOS="571" HPOS="673"/>
							<String ID="string_136" HPOS="683" VPOS="570" WIDTH="81" HEIGHT="27" WC="0.96" CONTENT="mycket"/><SP WIDTH="10" VPOS="570" HPOS="764"/>
							<String ID="string_137" HPOS="774" VPOS="571" WIDTH="100" HEIGHT="25" WC="0.96" CONTENT="billigare,"/><SP WIDTH="12" VPOS="571" HPOS="874"/>
							<String ID="string_138" HPOS="886" VPOS="578" WIDTH="32" HEIGHT="12" WC="0.93" CONTENT="om"/><SP WIDTH="11" VPOS="578" HPOS="918"/>
							<String ID="string_139" HPOS="929" VPOS="578" WIDTH="50" HEIGHT="19" WC="0.91" CONTENT="upp-"/>
						</TextLine>
						<TextLine ID="line_15" HPOS="222" VPOS="599" WIDTH="756" HEIGHT="26">
							<String ID="string_140" HPOS="222" VPOS="600" WIDTH="200" HEIGHT="25" WC="0.92" CONTENT="tagningsanstalten"/><SP WIDTH="22" VPOS="600" HPOS="422"/>
							<String ID="string_141" HPOS="444" VPOS="600" WIDTH="34" HEIGHT="20" WC="0.93" CONTENT="vid"/><SP WIDTH="23" VPOS="600" HPOS="478"/>
							<String ID="string_142" HPOS="501" VPOS="599" WIDTH="154" HEIGHT="26" WC="0.91" CONTENT="länesjukhuset"/><SP WIDTH="22" VPOS="599" HPOS="655"/>
							<String ID="string_143" HPOS="677" VPOS="600" WIDTH="7" HEIGHT="19" WC="0.96" CONTENT="i"/><SP WIDTH="15" VPOS="600" HPOS="684"/>
							<String ID="string_144" HPOS="699" VPOS="600" WIDTH="73" HEIGHT="19" WC="0.96" CONTENT="Gamla"/><SP WIDTH="19" VPOS="600" HPOS="772"/>
							<String ID="string_145" HPOS="791" VPOS="600" WIDTH="55" HEIGHT="20" WC="0.96" CONTENT="Vasa"/><SP WIDTH="20" VPOS="600" HPOS="846"/>
							<String ID="string_146" HPOS="866" VPOS="600" WIDTH="66" HEIGHT="19" WC="0.93" CONTENT="skulle"/><SP WIDTH="16" VPOS="600" HPOS="932"/>
							<String ID="string_147" HPOS="948" VPOS="604" WIDTH="30" HEIGHT="16" WC="0.93" CONTENT="ut-"/>
						</TextLine>
						<TextLine ID="line_16" HPOS="223" VPOS="628" WIDTH="755" HEIGHT="26">
							<String ID="string_148" HPOS="223" VPOS="629" WIDTH="74" HEIGHT="25" WC="0.91" CONTENT="vidgas"/><SP WIDTH="22" VPOS="629" HPOS="297"/>
							<String ID="string_149" HPOS="319" VPOS="628" WIDTH="32" HEIGHT="20" WC="0.95" CONTENT="till"/><SP WIDTH="18" VPOS="628" HPOS="351"/>
							<String ID="string_150" HPOS="369" VPOS="629" WIDTH="122" HEIGHT="25" WC="0.70" CONTENT="fullständig"/><SP WIDTH="16" VPOS="629" HPOS="491"/>
							<String ID="string_151" HPOS="507" VPOS="628" WIDTH="181" HEIGHT="21" WC="0.90" CONTENT="därvärdsanstalt."/><SP WIDTH="31" VPOS="628" HPOS="688"/>
							<String ID="string_152" HPOS="719" VPOS="628" WIDTH="62" HEIGHT="20" WC="0.90" CONTENT="Säväl"/><SP WIDTH="15" VPOS="628" HPOS="781"/>
							<String ID="string_153" HPOS="796" VPOS="628" WIDTH="182" HEIGHT="26" WC="0.92" CONTENT="läkaretjensterna"/>
						</TextLine>
						<TextLine ID="line_17" HPOS="222" VPOS="657" WIDTH="756" HEIGHT="26">
							<String ID="string_154" HPOS="222" VPOS="664" WIDTH="42" HEIGHT="13" WC="0.92" CONTENT="som"/><SP WIDTH="24" VPOS="664" HPOS="264"/>
							<String ID="string_155" HPOS="288" VPOS="659" WIDTH="76" HEIGHT="24" WC="0.91" CONTENT="mänga"/><SP WIDTH="22" VPOS="659" HPOS="364"/>
							<String ID="string_156" HPOS="386" VPOS="659" WIDTH="62" HEIGHT="19" WC="0.92" CONTENT="andra"/><SP WIDTH="22" VPOS="659" HPOS="448"/>
							<String ID="string_157" HPOS="470" VPOS="657" WIDTH="141" HEIGHT="26" WC="0.91" CONTENT="befattningar"/><SP WIDTH="22" VPOS="657" HPOS="611"/>
							<String ID="string_158" HPOS="633" VPOS="657" WIDTH="68" HEIGHT="21" WC="0.93" CONTENT="kunde"/><SP WIDTH="19" VPOS="657" HPOS="701"/>
							<String ID="string_159" HPOS="720" VPOS="658" WIDTH="80" HEIGHT="20" WC="0.92" CONTENT="förenas"/><SP WIDTH="16" VPOS="658" HPOS="800"/>
							<String ID="string_160" HPOS="816" VPOS="657" WIDTH="37" HEIGHT="20" WC="0.93" CONTENT="och"/><SP WIDTH="15" VPOS="657" HPOS="853"/>
							<String ID="string_161" HPOS="868" VPOS="658" WIDTH="110" HEIGHT="19" WC="0.93" CONTENT="lönestaten"/>
						</TextLine>
						<TextLine ID="line_18" HPOS="222" VPOS="686" WIDTH="225" HEIGHT="26">
							<String ID="string_162" HPOS="222" VPOS="686" WIDTH="81" HEIGHT="26" WC="0.93" CONTENT="mycket"/><SP WIDTH="15" VPOS="686" HPOS="303"/>
							<String ID="string_163" HPOS="318" VPOS="686" WIDTH="129" HEIGHT="21" WC="0.91" CONTENT="förminskas."/>
						</TextLine>
					</TextBlock>
					<TextBlock ID="block_2" HPOS="220" VPOS="715" WIDTH="757" HEIGHT="113">
						<TextLine ID="line_19" HPOS="290" VPOS="715" WIDTH="686" HEIGHT="27">
							<String ID="string_164" HPOS="290" VPOS="715" WIDTH="118" HEIGHT="21" WC="0.92" CONTENT="Förlitande"/><SP WIDTH="14" VPOS="715" HPOS="408"/>
							<String ID="string_165" HPOS="422" VPOS="718" WIDTH="27" HEIGHT="24" WC="0.96" CONTENT="pä"/><SP WIDTH="15" VPOS="718" HPOS="449"/>
							<String ID="string_166" HPOS="464" VPOS="718" WIDTH="30" HEIGHT="18" WC="0.96" CONTENT="att"/><SP WIDTH="15" VPOS="718" HPOS="494"/>
							<String ID="string_167" HPOS="509" VPOS="716" WIDTH="55" HEIGHT="19" WC="0.93" CONTENT="mina"/><SP WIDTH="11" VPOS="716" HPOS="564"/>
							<String ID="string_168" HPOS="575" VPOS="716" WIDTH="59" HEIGHT="18" WC="0.93" CONTENT="ärade"/><SP WIDTH="11" VPOS="716" HPOS="634"/>
							<String ID="string_169" HPOS="645" VPOS="715" WIDTH="201" HEIGHT="20" WC="0.91" CONTENT="ständsmedlemmar"/><SP WIDTH="10" VPOS="715" HPOS="846"/>
							<String ID="string_170" HPOS="856" VPOS="716" WIDTH="62" HEIGHT="19" WC="0.92" CONTENT="äfven"/><SP WIDTH="10" VPOS="716" HPOS="918"/>
							<String ID="string_171" HPOS="928" VPOS="715" WIDTH="48" HEIGHT="25" WC="0.92" CONTENT="inse,"/>
						</TextLine>
						<TextLine ID="line_20" HPOS="221" VPOS="744" WIDTH="755" HEIGHT="26">
							<String ID="string_172" HPOS="221" VPOS="744" WIDTH="52" HEIGHT="20" WC="0.80" CONTENT="huru"/><SP WIDTH="30" VPOS="744" HPOS="273"/>
							<String ID="string_173" HPOS="303" VPOS="744" WIDTH="120" HEIGHT="26" WC="0.88" CONTENT="nödvändig"/><SP WIDTH="15" VPOS="744" HPOS="423"/>
							<String ID="string_174" HPOS="438" VPOS="745" WIDTH="36" HEIGHT="19" WC="0.93" CONTENT="och"/><SP WIDTH="16" VPOS="745" HPOS="474"/>
							<String ID="string_175" HPOS="490" VPOS="744" WIDTH="167" HEIGHT="26" WC="0.92" CONTENT="behjärtansvärd"/><SP WIDTH="15" VPOS="744" HPOS="657"/>
							<String ID="string_176" HPOS="672" VPOS="744" WIDTH="67" HEIGHT="20" WC="0.96" CONTENT="denna"/><SP WIDTH="15" VPOS="744" HPOS="739"/>
							<String ID="string_177" HPOS="754" VPOS="744" WIDTH="37" HEIGHT="20" WC="0.96" CONTENT="sak"/><SP WIDTH="16" VPOS="744" HPOS="791"/>
							<String ID="string_178" HPOS="807" VPOS="747" WIDTH="28" HEIGHT="23" WC="0.93" CONTENT="är,"/><SP WIDTH="13" VPOS="747" HPOS="835"/>
							<String ID="string_179" HPOS="848" VPOS="744" WIDTH="78" HEIGHT="26" WC="0.96" CONTENT="hoppas"/><SP WIDTH="8" VPOS="744" HPOS="926"/>
							<String ID="string_180" HPOS="934" VPOS="744" WIDTH="42" HEIGHT="26" WC="0.96" CONTENT="jag,"/>
						</TextLine>
						<TextLine ID="line_21" HPOS="221" VPOS="772" WIDTH="756" HEIGHT="26">
							<String ID="string_181" HPOS="221" VPOS="775" WIDTH="30" HEIGHT="17" WC="0.93" CONTENT="att"/><SP WIDTH="15" VPOS="775" HPOS="251"/>
							<String ID="string_182" HPOS="266" VPOS="773" WIDTH="129" HEIGHT="21" WC="0.96" CONTENT="hedervärda"/><SP WIDTH="15" VPOS="773" HPOS="395"/>
							<String ID="string_183" HPOS="410" VPOS="774" WIDTH="150" HEIGHT="19" WC="0.96" CONTENT="bondeståndet"/><SP WIDTH="10" VPOS="774" HPOS="560"/>
							<String ID="string_184" HPOS="570" VPOS="772" WIDTH="142" HEIGHT="26" WC="0.96" CONTENT="understödjer"/><SP WIDTH="15" VPOS="772" HPOS="712"/>
							<String ID="string_185" HPOS="727" VPOS="773" WIDTH="42" HEIGHT="19" WC="0.93" CONTENT="min"/><SP WIDTH="16" VPOS="773" HPOS="769"/>
							<String ID="string_186" HPOS="785" VPOS="773" WIDTH="95" HEIGHT="19" WC="0.95" CONTENT="anhållan"/><SP WIDTH="11" VPOS="773" HPOS="880"/>
							<String ID="string_187" HPOS="891" VPOS="773" WIDTH="37" HEIGHT="20" WC="0.93" CONTENT="och"/><SP WIDTH="11" VPOS="773" HPOS="928"/>
							<String ID="string_188" HPOS="939" VPOS="774" WIDTH="38" HEIGHT="18" WC="0.93" CONTENT="för-"/>
						</TextLine>
						<TextLine ID="line_22" HPOS="220" VPOS="801" WIDTH="585" HEIGHT="27">
							<String ID="string_189" HPOS="220" VPOS="808" WIDTH="49" HEIGHT="13" WC="0.92" CONTENT="enar"/><SP WIDTH="15" VPOS="808" HPOS="269"/>
							<String ID="string_190" HPOS="284" VPOS="801" WIDTH="33" HEIGHT="26" WC="0.96" CONTENT="sig"/><SP WIDTH="14" VPOS="801" HPOS="317"/>
							<String ID="string_191" HPOS="331" VPOS="802" WIDTH="49" HEIGHT="20" WC="0.95" CONTENT="med"/><SP WIDTH="16" VPOS="802" HPOS="380"/>
							<String ID="string_192" HPOS="396" VPOS="802" WIDTH="43" HEIGHT="26" WC="0.96" CONTENT="mig"/><SP WIDTH="15" VPOS="802" HPOS="439"/>
							<String ID="string_193" HPOS="454" VPOS="810" WIDTH="32" HEIGHT="12" WC="0.96" CONTENT="om"/><SP WIDTH="17" VPOS="810" HPOS="486"/>
							<String ID="string_194" HPOS="503" VPOS="805" WIDTH="30" HEIGHT="17" WC="0.96" CONTENT="att"/><SP WIDTH="14" VPOS="805" HPOS="533"/>
							<String ID="string_195" HPOS="547" VPOS="802" WIDTH="37" HEIGHT="20" WC="0.93" CONTENT="hos"/><SP WIDTH="15" VPOS="802" HPOS="584"/>
							<String ID="string_196" HPOS="599" VPOS="802" WIDTH="110" HEIGHT="19" WC="0.92" CONTENT="ständerna"/><SP WIDTH="15" VPOS="802" HPOS="709"/>
							<String ID="string_197" HPOS="724" VPOS="802" WIDTH="81" HEIGHT="19" WC="0.93" CONTENT="anhälla"/>
						</TextLine>
					</TextBlock>
				</ComposedBlock>
				<ComposedBlock ID="cblock_2" HPOS="426" VPOS="859" WIDTH="551" HEIGHT="140">
					<TextBlock ID="block_3" HPOS="426" VPOS="859" WIDTH="551" HEIGHT="83">
						<TextLine ID="line_23" HPOS="494" VPOS="859" WIDTH="483" HEIGHT="25">
							<String ID="string_198" HPOS="494" VPOS="860" WIDTH="31" HEIGHT="20" WC="0.89" CONTENT="1:o"/><SP WIDTH="15" VPOS="860" HPOS="525"/>
							<String ID="string_199" HPOS="540" VPOS="861" WIDTH="29" HEIGHT="18" WC="0.96" CONTENT="att"/><SP WIDTH="14" VPOS="861" HPOS="569"/>
							<String ID="string_200" HPOS="583" VPOS="866" WIDTH="22" HEIGHT="13" WC="0.96" CONTENT="en"/><SP WIDTH="15" VPOS="866" HPOS="605"/>
							<String ID="string_201" HPOS="620" VPOS="859" WIDTH="115" HEIGHT="25" WC="0.93" CONTENT="fullständig"/><SP WIDTH="15" VPOS="859" HPOS="735"/>
							<String ID="string_202" HPOS="750" VPOS="859" WIDTH="44" HEIGHT="20" WC="0.90" CONTENT="kur-"/><SP WIDTH="16" VPOS="859" HPOS="794"/>
							<String ID="string_203" HPOS="810" VPOS="859" WIDTH="33" HEIGHT="20" WC="0.93" CONTENT="och"/><SP WIDTH="10" VPOS="859" HPOS="843"/>
							<String ID="string_204" HPOS="853" VPOS="859" WIDTH="124" HEIGHT="21" WC="0.96" CONTENT="vårdanstalt"/>
						</TextLine>
						<TextLine ID="line_24" HPOS="426" VPOS="887" WIDTH="550" HEIGHT="27">
							<String ID="string_205" HPOS="426" VPOS="889" WIDTH="34" HEIGHT="25" WC="0.85" CONTENT="för"/><SP WIDTH="24" VPOS="889" HPOS="460"/>
							<String ID="string_206" HPOS="484" VPOS="888" WIDTH="120" HEIGHT="25" WC="0.83" CONTENT="sinnessjuka"/><SP WIDTH="23" VPOS="888" HPOS="604"/>
							<String ID="string_207" HPOS="627" VPOS="888" WIDTH="84" HEIGHT="20" WC="0.94" CONTENT="inrättas"/><SP WIDTH="25" VPOS="888" HPOS="711"/>
							<String ID="string_208" HPOS="736" VPOS="887" WIDTH="53" HEIGHT="21" WC="0.94" CONTENT="inom"/><SP WIDTH="29" VPOS="887" HPOS="789"/>
							<String ID="string_209" HPOS="818" VPOS="888" WIDTH="52" HEIGHT="20" WC="0.95" CONTENT="Vasa"/><SP WIDTH="29" VPOS="888" HPOS="870"/>
							<String ID="string_210" HPOS="899" VPOS="889" WIDTH="32" HEIGHT="19" WC="0.96" CONTENT="län"/><SP WIDTH="22" VPOS="889" HPOS="931"/>
							<String ID="string_211" HPOS="953" VPOS="889" WIDTH="23" HEIGHT="19" WC="0.96" CONTENT="sä"/>
						</TextLine>
						<TextLine ID="line_25" HPOS="426" VPOS="917" WIDTH="207" HEIGHT="25">
							<String ID="string_212" HPOS="426" VPOS="919" WIDTH="57" HEIGHT="19" WC="0.94" CONTENT="snart"/><SP WIDTH="15" VPOS="919" HPOS="483"/>
							<String ID="string_213" HPOS="498" VPOS="924" WIDTH="41" HEIGHT="13" WC="0.96" CONTENT="som"/><SP WIDTH="14" VPOS="924" HPOS="539"/>
							<String ID="string_214" HPOS="553" VPOS="917" WIDTH="80" HEIGHT="25" WC="0.76" CONTENT="möjligt,"/>
						</TextLine>
					</TextBlock>
					<TextBlock ID="block_4" HPOS="430" VPOS="945" WIDTH="546" HEIGHT="54">
						<TextLine ID="line_26" HPOS="494" VPOS="945" WIDTH="481" HEIGHT="25">
							<String ID="string_215" HPOS="494" VPOS="948" WIDTH="34" HEIGHT="19" WC="0.59" CONTENT="2:0"/><SP WIDTH="15" VPOS="948" HPOS="528"/>
							<String ID="string_216" HPOS="543" VPOS="948" WIDTH="30" HEIGHT="18" WC="0.96" CONTENT="att"/><SP WIDTH="14" VPOS="948" HPOS="573"/>
							<String ID="string_217" HPOS="587" VPOS="946" WIDTH="61" HEIGHT="19" WC="0.93" CONTENT="denna"/><SP WIDTH="15" VPOS="946" HPOS="648"/>
							<String ID="string_218" HPOS="663" VPOS="945" WIDTH="74" HEIGHT="20" WC="0.93" CONTENT="anstalt"/><SP WIDTH="14" VPOS="945" HPOS="737"/>
							<String ID="string_219" HPOS="751" VPOS="945" WIDTH="98" HEIGHT="25" WC="0.92" CONTENT="förlägges"/><SP WIDTH="16" VPOS="945" HPOS="849"/>
							<String ID="string_220" HPOS="865" VPOS="946" WIDTH="30" HEIGHT="19" WC="0.91" CONTENT="till"/><SP WIDTH="9" VPOS="946" HPOS="895"/>
							<String ID="string_221" HPOS="904" VPOS="946" WIDTH="71" HEIGHT="20" WC="0.96" CONTENT="Gamla"/>
						</TextLine>
						<TextLine ID="line_27" HPOS="430" VPOS="974" WIDTH="546" HEIGHT="25">
							<String ID="string_222" HPOS="430" VPOS="975" WIDTH="50" HEIGHT="20" WC="0.96" CONTENT="Vasa"/><SP WIDTH="22" VPOS="975" HPOS="480"/>
							<String ID="string_223" HPOS="502" VPOS="976" WIDTH="46" HEIGHT="19" WC="0.93" CONTENT="eller"/><SP WIDTH="22" VPOS="976" HPOS="548"/>
							<String ID="string_224" HPOS="570" VPOS="975" WIDTH="127" HEIGHT="19" WC="0.96" CONTENT="Mustasaari"/><SP WIDTH="16" VPOS="975" HPOS="697"/>
							<String ID="string_225" HPOS="713" VPOS="974" WIDTH="67" HEIGHT="20" WC="0.96" CONTENT="socken"/><SP WIDTH="22" VPOS="974" HPOS="780"/>
							<String ID="string_226" HPOS="802" VPOS="975" WIDTH="7" HEIGHT="19" WC="0.89" CONTENT="i"/><SP WIDTH="14" VPOS="975" HPOS="809"/>
							<String ID="string_227" HPOS="823" VPOS="975" WIDTH="89" HEIGHT="24" WC="0.95" CONTENT="förening"/><SP WIDTH="21" VPOS="975" HPOS="912"/>
							<String ID="string_228" HPOS="933" VPOS="975" WIDTH="43" HEIGHT="19" WC="0.95" CONTENT="med"/>
						</TextLine>
					</TextBlock>
				</ComposedBlock>
				<ComposedBlock ID="cblock_3" HPOS="421" VPOS="1003" WIDTH="557" HEIGHT="83">
					<TextBlock ID="block_5" HPOS="421" VPOS="1003" WIDTH="557" HEIGHT="83">
						<TextLine ID="line_28" HPOS="426" VPOS="1003" WIDTH="337" HEIGHT="25">
							<String ID="string_229" HPOS="426" VPOS="1004" WIDTH="125" HEIGHT="20" WC="0.92" CONTENT="därvarande"/><SP WIDTH="14" VPOS="1004" HPOS="551"/>
							<String ID="string_230" HPOS="565" VPOS="1003" WIDTH="129" HEIGHT="25" WC="0.91" CONTENT="länesjukhus,"/><SP WIDTH="16" VPOS="1003" HPOS="694"/>
							<String ID="string_231" HPOS="710" VPOS="1004" WIDTH="53" HEIGHT="18" WC="0.96" CONTENT="samt"/>
						</TextLine>
						<TextLine ID="line_29" HPOS="492" VPOS="1032" WIDTH="486" HEIGHT="26">
							<String ID="string_232" HPOS="492" VPOS="1034" WIDTH="32" HEIGHT="18" WC="0.72" CONTENT="3:0"/><SP WIDTH="15" VPOS="1034" HPOS="524"/>
							<String ID="string_233" HPOS="539" VPOS="1034" WIDTH="30" HEIGHT="18" WC="0.96" CONTENT="att"/><SP WIDTH="13" VPOS="1034" HPOS="569"/>
							<String ID="string_234" HPOS="582" VPOS="1032" WIDTH="61" HEIGHT="20" WC="0.93" CONTENT="medel"/><SP WIDTH="14" VPOS="1032" HPOS="643"/>
							<String ID="string_235" HPOS="657" VPOS="1032" WIDTH="79" HEIGHT="20" WC="0.95" CONTENT="anvisas"/><SP WIDTH="14" VPOS="1032" HPOS="736"/>
							<String ID="string_236" HPOS="750" VPOS="1032" WIDTH="34" HEIGHT="24" WC="0.93" CONTENT="för"/><SP WIDTH="13" VPOS="1032" HPOS="784"/>
							<String ID="string_237" HPOS="797" VPOS="1032" WIDTH="140" HEIGHT="20" WC="0.45" CONTENT="realiserandet"/><SP WIDTH="14" VPOS="1032" HPOS="937"/>
							<String ID="string_238" HPOS="951" VPOS="1032" WIDTH="27" HEIGHT="26" WC="0.97" CONTENT="af"/>
						</TextLine>
						<TextLine ID="line_30" HPOS="421" VPOS="1062" WIDTH="286" HEIGHT="24">
							<String ID="string_239" HPOS="421" VPOS="1062" WIDTH="72" HEIGHT="24" WC="0.95" CONTENT="planen"/><SP WIDTH="15" VPOS="1062" HPOS="493"/>
							<String ID="string_240" HPOS="508" VPOS="1062" WIDTH="43" HEIGHT="19" WC="0.96" CONTENT="med"/><SP WIDTH="15" VPOS="1062" HPOS="551"/>
							<String ID="string_241" HPOS="566" VPOS="1062" WIDTH="31" HEIGHT="18" WC="0.93" CONTENT="det"/><SP WIDTH="14" VPOS="1062" HPOS="597"/>
							<String ID="string_242" HPOS="611" VPOS="1062" WIDTH="96" HEIGHT="19" WC="0.92" CONTENT="snaraste."/>
						</TextLine>
					</TextBlock>
				</ComposedBlock>
				<ComposedBlock ID="cblock_4" HPOS="286" VPOS="1100" WIDTH="618" HEIGHT="73">
					<TextBlock ID="block_6" HPOS="286" VPOS="1100" WIDTH="618" HEIGHT="73">
						<TextLine ID="line_31" HPOS="286" VPOS="1100" WIDTH="397" HEIGHT="26">
							<String ID="string_243" HPOS="286" VPOS="1100" WIDTH="133" HEIGHT="26" WC="0.96" CONTENT="Helsingfors"/><SP WIDTH="15" VPOS="1100" HPOS="419"/>
							<String ID="string_244" HPOS="434" VPOS="1102" WIDTH="38" HEIGHT="20" WC="0.96" CONTENT="den"/><SP WIDTH="15" VPOS="1102" HPOS="472"/>
							<String ID="string_245" HPOS="487" VPOS="1102" WIDTH="13" HEIGHT="19" WC="0.96" CONTENT="5"/><SP WIDTH="16" VPOS="1102" HPOS="500"/>
							<String ID="string_246" HPOS="516" VPOS="1101" WIDTH="89" HEIGHT="21" WC="0.96" CONTENT="februari"/><SP WIDTH="18" VPOS="1101" HPOS="605"/>
							<String ID="string_247" HPOS="623" VPOS="1102" WIDTH="60" HEIGHT="20" WC="0.96" CONTENT="1891."/>
						</TextLine>
						<TextLine ID="line_32" HPOS="742" VPOS="1150" WIDTH="162" HEIGHT="23">
							<String ID="string_248" HPOS="742" VPOS="1150" WIDTH="53" HEIGHT="22" WC="0.96" CONTENT="Erik"/><SP WIDTH="16" VPOS="1150" HPOS="795"/>
							<String ID="string_249" HPOS="811" VPOS="1150" WIDTH="93" HEIGHT="23" WC="0.96" CONTENT="Mattlar."/>
						</TextLine>
					</TextBlock>
				</ComposedBlock>
				<ComposedBlock ID="cblock_5" HPOS="214" VPOS="1214" WIDTH="758" HEIGHT="50">
					<TextBlock ID="block_7" HPOS="214" VPOS="1214" WIDTH="758" HEIGHT="50">
						<TextLine ID="line_33" HPOS="284" VPOS="1214" WIDTH="688" HEIGHT="30">
							<String ID="string_250" HPOS="284" VPOS="1215" WIDTH="37" HEIGHT="20" WC="0.88" CONTENT="Uti"/><SP WIDTH="21" VPOS="1215" HPOS="321"/>
							<String ID="string_251" HPOS="342" VPOS="1216" WIDTH="125" HEIGHT="20" WC="0.92" CONTENT="förestäende"/><SP WIDTH="20" VPOS="1216" HPOS="467"/>
							<String ID="string_252" HPOS="487" VPOS="1217" WIDTH="85" HEIGHT="27" WC="0.91" CONTENT="petition"/><SP WIDTH="23" VPOS="1217" HPOS="572"/>
							<String ID="string_253" HPOS="595" VPOS="1216" WIDTH="70" HEIGHT="20" WC="0.93" CONTENT="förena"/><SP WIDTH="19" VPOS="1216" HPOS="665"/>
							<String ID="string_254" HPOS="684" VPOS="1215" WIDTH="33" HEIGHT="25" WC="0.97" CONTENT="sig"/><SP WIDTH="20" VPOS="1215" HPOS="717"/>
							<String ID="string_255" HPOS="737" VPOS="1214" WIDTH="170" HEIGHT="27" WC="0.96" CONTENT="undertecknade,"/><SP WIDTH="25" VPOS="1214" HPOS="907"/>
							<String ID="string_256" HPOS="932" VPOS="1217" WIDTH="40" HEIGHT="25" WC="0.96" CONTENT="dag"/>
						</TextLine>
						<TextLine ID="line_34" HPOS="214" VPOS="1244" WIDTH="129" HEIGHT="20">
							<String ID="string_257" HPOS="214" VPOS="1250" WIDTH="44" HEIGHT="12" WC="0.93" CONTENT="som"/><SP WIDTH="16" VPOS="1250" HPOS="258"/>
							<String ID="string_258" HPOS="274" VPOS="1244" WIDTH="69" HEIGHT="20" WC="0.93" CONTENT="ofvan."/>
						</TextLine>
					</TextBlock>
				</ComposedBlock>
				<ComposedBlock ID="cblock_6" HPOS="283" VPOS="1300" WIDTH="619" HEIGHT="26">
					<TextBlock ID="block_8" HPOS="283" VPOS="1300" WIDTH="619" HEIGHT="26">
						<TextLine ID="line_35" HPOS="283" VPOS="1300" WIDTH="619" HEIGHT="26">
							<String ID="string_259" HPOS="283" VPOS="1300" WIDTH="50" HEIGHT="22" WC="0.93" CONTENT="Joh."/><SP WIDTH="14" VPOS="1300" HPOS="333"/>
							<String ID="string_260" HPOS="347" VPOS="1301" WIDTH="106" HEIGHT="23" WC="0.90" CONTENT="Brännäs."/><SP WIDTH="288" VPOS="1301" HPOS="453"/>
							<String ID="string_261" HPOS="741" VPOS="1304" WIDTH="83" HEIGHT="22" WC="0.96" CONTENT="Anders"/><SP WIDTH="16" VPOS="1304" HPOS="824"/>
							<String ID="string_262" HPOS="840" VPOS="1304" WIDTH="62" HEIGHT="22" WC="0.96" CONTENT="Keto."/>
						</TextLine>
					</TextBlock>
				</ComposedBlock>
				<ComposedBlock ID="cblock_7" HPOS="282" VPOS="1482" WIDTH="494" HEIGHT="22">
					<TextBlock ID="block_9" HPOS="282" VPOS="1482" WIDTH="494" HEIGHT="22">
						<TextLine ID="line_36" HPOS="282" VPOS="1482" WIDTH="494" HEIGHT="22">
							<String ID="string_263" HPOS="282" VPOS="1482" WIDTH="99" HEIGHT="19" WC="0.93" CONTENT="Allmänna"/><SP WIDTH="12" VPOS="1482" HPOS="381"/>
							<String ID="string_264" HPOS="393" VPOS="1483" WIDTH="174" HEIGHT="19" WC="0.89" CONTENT="Besvärsutskottets"/><SP WIDTH="11" VPOS="1483" HPOS="567"/>
							<String ID="string_265" HPOS="578" VPOS="1484" WIDTH="109" HEIGHT="19" WC="0.96" CONTENT="betänkande"/><SP WIDTH="11" VPOS="1484" HPOS="687"/>
							<String ID="string_266" HPOS="698" VPOS="1486" WIDTH="39" HEIGHT="17" WC="0.96" CONTENT="N:o"/><SP WIDTH="12" VPOS="1486" HPOS="737"/>
							<String ID="string_267" HPOS="749" VPOS="1486" WIDTH="27" HEIGHT="18" WC="0.86" CONTENT="13."/>
						</TextLine>
					</TextBlock>
				</ComposedBlock>
			</PrintSpace>
		</Page>
	</Layout>
</alto>
