1067 1664
296 155 248 22 Petitionsbetänkande
559 155 37 22 N:o
612 154 28 23 17.
806 155 13 21 9

192 225 72 22 Antal
278 226 143 27 sinnessvaga
436 225 37 22 och
481 225 143 28 vansinniga
640 225 27 21 år
681 225 71 21 1880:

364 266 44 17 Män
423 276 2 3 -
443 265 83 18 Kvinnor
549 265 49 18 S:ma
632 265 115 23 Folkmängd
766 265 25 17 På
799 265 50 22 1000

90 295 98 28 Nylands
198 295 36 22 län.
240 307 91 5 «++
295 291 7 36 -
308 307 23 5 ++
370 296 40 21 155
463 296 41 21 116
555 295 40 21 271
648 295 92 26 202,806
788 296 45 20 1.33

92 325 47 27 Åbo
154 337 20 14 o.
189 329 91 28 B:borgs
295 329 36 22 län
368 331 42 21 417
462 330 42 22 368
556 330 42 21 785
649 329 93 26 344649
786 329 48 23 2.28

92 364 134 22 Tavastehus
241 364 90 21 län----
367 365 43 21 234
462 365 39 21 201
554 365 43 20 435
649 364 93 25 221,360
788 365 45 25 1,95

92 399 103 26 Wiborgs
211 399 35 20 län
370 399 42 22 236
464 399 41 21 198
556 399 43 21 434
649 399 93 23 301,975
786 399 48 20 1.43

93 433 33 23 S:t
141 433 93 22 Michels
249 433 36 21 län
298 445 34 4 ---
370 434 40 21 199
464 433 40 22 183
556 433 42 22 382
650 433 92 25 167,310
786 433 47 26 2,28

93 468 88 28 Kuopio
197 468 36 21 län
242 479 4 5 -
257 479 77 5 ------
370 469 42 20 292
464 468 42 21 273
556 468 43 21 565
650 467 93 25 2506,420
759 463 16 35 —
786 468 48 26 2,20

94 503 69 20 Wasa
173 502 161 21 län--------.
370 503 42 21 373
463 503 43 20 324
557 503 41 21 697
648 502 94 25 358,480
760 498 15 34 —
787 503 46 24 1,93

94 536 118 28 Uleåborgs
226 537 36 21 län
272 548 4 5 -
286 548 47 5 ----
370 537 42 22 315
464 537 40 21 237
556 537 42 21 552
649 537 92 24 207,782
786 535 46 28 2,65

245 577 89 21 Summa
348 577 63 26 2,221
444 578 63 25 1,900
536 577 61 27 4,121
629 577 115 26 2,060,782

164 611 79 21 Härtill
258 611 96 22 kommer
369 613 66 23 ännu,
452 613 33 20 att
501 612 41 21 den
554 610 296 28 öfvervakningsskyldighet,

94 652 47 14 som
156 645 7 21 i
179 645 164 28 Förordningen
359 646 25 21 af
397 647 41 20 den
454 647 27 20 28
498 646 42 27 maj
559 647 55 21 1889
630 645 110 22 ähvälfves
755 645 95 21 kommu-

93 680 157 21 nalnämderna
272 681 28 26 pä
319 681 75 20 landet
414 680 40 22 och
478 680 181 28 polismyndighet
678 680 6 21 i
706 681 50 20 stad
771 679 7 21 i
794 679 55 22 afse-

96 715 54 21 ende
165 715 14 20 å
194 715 26 21 de
236 715 147 27 sinnessjukas
401 715 58 21 inom
481 715 131 21 kommunen
627 715 60 26 vård,
703 715 69 20 under
788 721 63 14 nuva-

96 750 66 20 rande
185 749 151 21 förhällanden
352 749 18 28 ej
388 749 42 22 kan
447 750 29 27 pä
491 751 31 19 ett
538 748 200 22 tillfredsställande
754 749 44 20 sätt
813 748 39 27 fyl-

96 783 32 22 las
143 783 7 21 i
164 783 87 21 landets
266 783 99 28 nordliga
376 783 65 27 delar,
458 784 40 21 där
512 783 166 27 befolkningens
688 782 114 27 fattigdom
812 782 40 21 och

97 819 27 20 de
146 818 124 27 betydande
292 817 116 22 afständen
431 818 49 21 frän
502 817 188 22 värdanstalterna
709 817 7 21 i
732 818 65 20 södra
812 817 40 21 och

97 853 59 20 östra
170 852 94 21 Finland
279 853 53 26 göra
347 853 27 20 de
394 852 150 28 sinnessjukas
559 852 156 21 kvarhällande
729 852 8 20 i
753 851 100 22 hemmen

97 886 33 21 till
146 893 26 14 en
188 886 167 27 nödvändighet.

167 921 78 21 Medan
266 921 107 22 utskottet
389 921 36 21 vid
440 922 80 20 sädant
539 921 135 21 förhällande
692 921 72 21 funnit
779 920 75 22 behof-

98 957 36 20 vet
150 955 24 22 af
194 957 41 20 den
258 955 124 28 föreslagna
400 955 195 22 centralanstalten
616 955 34 22 för
665 951 138 26 Österbotten
820 955 34 21 väl

98 990 137 26 motiveradt,
250 990 40 21 har
305 990 157 28 petitionärens
476 990 133 27 bevisföring
624 990 33 21 till
672 989 84 22 förmon
772 989 34 22 för
816 996 38 14 an-

99 1024 92 21 staltens
213 1025 142 27 förläggande
377 1025 33 20 till
433 1025 78 21 Gamla
532 1024 56 21 Vasa
606 1025 19 27 ej
642 1027 60 25 synts
724 1024 7 21 i
747 1025 42 20 den
805 1024 49 21 män

99 1059 161 27 Ofvertygande,
287 1062 33 18 att
342 1059 108 22 utskottet
472 1059 70 21 skulle
567 1059 72 21 funnit
664 1058 79 28 skäligt
768 1058 88 21 förorda

100 1094 72 20 denna
187 1095 101 20 närmare
303 1093 189 28 ortsbestämning.

168 1127 139 22 Beträffande
322 1127 84 28 frågan,
423 1127 108 22 huruvida
547 1129 65 20 redan
628 1134 34 15 nu
677 1128 47 21 skäl
739 1127 117 22 förefinnes

100 1161 34 22 till
156 1163 166 26 ständeråtgärd
340 1163 6 20 i
367 1163 72 20 denna
461 1163 165 27 angelägenhet,
649 1163 39 20 har
709 1162 107 21 utskottet
836 1161 18 28 ej

100 1196 101 21 förbisett
223 1197 139 27 möjligheten
385 1197 25 21 af
430 1204 26 14 en
482 1197 103 21 skenbart
608 1197 92 27 befogad
722 1197 136 26 invändning

103 1231 90 25 därhän,
208 1233 33 19 att
256 1231 103 27 förslaget
375 1231 33 21 för
424 1233 136 20 närvarande
576 1231 71 21 kunde
663 1231 91 24 förfalla,
771 1234 53 18 enär
832 1230 25 27 ju

102 1265 110 27 åtskilliga
227 1266 24 20 år
266 1267 58 20 ännu
347 1265 87 22 komma
456 1268 32 19 att
507 1265 91 28 förflyta,
614 1267 67 20 innan
697 1267 26 20 de
739 1266 66 20 redan
822 1265 36 20 be-

103 1300 73 21 slutna
191 1300 40 21 och
247 1299 119 28 påbörjade
381 1300 136 21 anstalterna
531 1300 79 21 hunnit
625 1300 137 27 fullständigt
772 1299 86 27 organi-

104 1341 65 14 seras.
199 1335 49 20 Men
264 1335 28 20 då
307 1335 158 27 erfarenheten,
484 1335 7 20 i
510 1335 102 21 afseende
628 1335 13 20 &
656 1335 26 20 de
697 1334 161 27 komplicerade

104 1369 40 21 och
160 1369 48 20 med
224 1369 132 27 tidsutdrägt
371 1369 103 21 förenade
493 1369 130 26 förarbeten,
641 1369 73 21 hvilka
729 1369 130 21 realiseran-

104 1403 36 21 det
156 1403 24 21 af
194 1404 54 21 1877
265 1404 35 20 års
318 1410 100 20 program
438 1403 114 25 erfordrat,
575 1410 76 14 manar
666 1405 33 19 att
714 1403 19 28 ej
750 1403 40 27 sky
805 1405 32 18 ett
852 1403 8 20 i

105 1438 42 27 god
162 1437 32 21 tid
209 1437 163 22 framträdande
388 1437 92 28 uppslag
498 1437 32 22 till
546 1439 60 20 detta
621 1444 112 21 programs
740 1437 75 21 vidare
826 1440 32 17 ut-

104 1471 106 28 veckling,
231 1471 40 22 har
285 1471 113 26 utskottet,
414 1473 49 20 med
479 1472 82 27 hänsyn
575 1472 81 27 jämväl
671 1472 33 21 till
720 1472 36 21 det
771 1471 89 28 möjliga

174 1510 99 18 Allmänna
284 1511 176 18 Besvärsutskottets
470 1511 111 19 betänkande
592 1511 34 18 N:o
638 1512 27 17 13.
