1056 1675
250 117 13 19 2
442 115 223 23 Petitionsbetänkande
680 116 35 22 N:o
730 115 15 22 1.

293 176 28 20 De
341 176 81 20 talande
437 176 50 25 skäl,
502 177 27 25 på
544 176 70 20 hvilka
629 176 50 20 flera
693 176 129 21 hedervärda
836 176 129 22 medlemmar

219 210 20 15 at
254 206 95 25 borgare-
366 206 37 20 och
418 206 149 20 bondeståndet
577 206 107 26 grundade
695 206 45 20 sina
749 206 173 26 petitionsförslag
932 207 31 20 för

218 235 89 20 nämnda
329 236 63 20 banas
414 236 109 26 byggande
547 236 37 20 och
605 236 32 20 för
657 236 71 20 hvilka
742 236 66 20 finnes
822 236 140 26 redogjordt
952 231 14 36 i

218 265 194 26 petitionsförslaget
427 267 12 19 &
454 266 38 20 sid.
510 266 56 19 1—5
577 266 24 20 af
607 266 216 26 Jernvägsutskottets
833 266 129 20 betänkande

218 295 38 20 N:o
277 296 12 19 2
310 295 35 20 vid
367 296 56 19 1888
443 297 33 19 års
496 296 105 25 landtdag,
622 303 39 18 ega
680 296 126 20 fortfarande
821 296 32 20 sin
868 296 94 26 giltighet

219 325 38 20 och
277 325 68 20 utvisa
364 326 53 19 huru
437 328 43 18 stor
500 325 106 26 betydelse
622 325 66 20 denna
704 326 53 19 bana
772 326 66 19 skulle
852 326 62 20 hafva
928 326 31 20 för

218 355 46 19 hela
279 356 46 19 värt
340 355 49 20 land
404 356 37 19 och
456 355 99 20 särskildt
570 355 32 20 för
618 356 47 19 dess
680 355 94 26 nordliga
788 355 62 20 delar.

289 380 127 30 Öfvertygad
436 385 74 25 derom,
532 388 30 17 att
582 385 68 20 denna
668 385 92 26 jernväg,
780 392 43 13 som
837 385 79 20 komme
931 388 30 18 att

218 414 119 26 genomlöpa
357 415 78 25 ganska
455 414 106 21 fruktbara
582 415 38 20 och
640 417 40 17 tätt
694 415 108 20 befolkade
816 415 79 20 trakter
910 418 51 18 samt

217 444 73 20 beröra
310 444 25 20 de
355 444 130 26 trafikvägar,
506 445 70 20 hvilka
596 444 70 21 förena
686 444 80 21 landets
784 445 45 19 inre
844 444 56 21 delar
914 445 47 20 med

218 474 137 26 kustorterna,
375 474 8 20 i
402 475 81 25 mycket
503 475 41 25 hög
563 475 53 25 grad
637 474 66 20 skulle
719 475 39 19 öka
772 474 87 20 trafiken
874 476 12 18 &
900 475 60 20 Uleä-

217 504 157 25 borgsbananan
395 504 37 20 och
453 504 70 20 stärka
538 504 47 20 dess
609 504 131 26 rentabilitet,
760 506 64 24 vägar
844 504 114 26 ödmjukast

215 534 37 25 jag
266 534 87 26 anhälla,
363 536 31 18 att
409 534 126 26 högvördiga
549 534 156 20 Presteständet
719 536 63 18 mätte
796 534 70 20 förena
880 535 32 25 sig
928 542 32 12 om

218 563 89 26 följande
322 564 93 26 petition:

429 619 32 20 att
482 617 125 21 Ständerna
629 617 50 21 ville
699 617 37 22 hos
757 617 64 22 Hans
836 617 122 28 Kejserliga

361 647 102 27 Majestät
485 647 9 21 i
516 647 174 26 underdänighet
710 647 90 22 anhälla
820 653 38 21 om,
876 648 34 21 att
932 653 26 15 en

354 677 158 28 jernväyslinie
527 677 79 21 mellan
626 676 103 29 Uleåborg
744 677 37 21 och
798 676 85 22 Torneå
893 676 66 27 blefve

359 706 116 22 undersökt
489 708 56 20 samt
559 706 140 29 fullständigt
708 707 84 27 förslag
802 707 36 21 och
848 706 109 22 kostnads-

358 736 119 29 beräkning
489 736 42 27 för
550 737 124 21 densamma
696 736 131 26 utarbetade,
850 736 108 27 äfvensom

359 768 32 19 att
405 766 35 21 till
451 766 175 22 nästkommande
636 767 106 27 landtdag
752 766 66 28 nådig
825 766 132 27 proposition

357 796 64 21 måtte
443 795 124 22 Ständerna
585 795 123 29 föreläggas
729 803 33 14 om
782 796 96 21 nämnda
892 796 66 21 banas

359 825 115 29 byggande.

287 880 130 26 Helsingfors
433 881 39 20 den
489 882 12 18 5
517 881 100 20 Februari
635 882 61 18 1891.

688 933 19 22 K.
724 934 19 20 A.
760 933 128 27 Schroderus,

575 1071 24 18 2.

285 1117 58 22 Från
354 1118 183 27 Borgareståndet
549 1125 26 14 en
587 1119 24 21 af
619 1118 81 22 Herrar
712 1118 51 21 Otto
775 1117 109 27 Stenroth,
894 1117 63 22 Hem-

215 1153 59 27 ming
289 1149 94 31 Åström,
399 1154 24 21 A.
439 1154 24 21 O.
480 1154 109 21 Snellman
600 1161 28 14 m.
639 1153 21 22 fl.
671 1153 95 28 ingifven
777 1153 93 27 petition
880 1153 78 27 derom,

213 1190 34 20 att
263 1189 55 21 efter
333 1189 139 22 derförinnan
488 1190 119 21 verkställd
622 1189 162 27 undersökning
795 1189 35 21 till
848 1189 109 22 nästkom-

214 1225 78 21 mande
315 1225 104 27 landtdag
441 1227 68 20 måtte
530 1225 122 28 föreläggas
678 1225 66 27 nådig
766 1225 135 27 proposition
923 1231 33 15 om

213 1260 113 27 byggande
341 1261 24 21 af
379 1267 26 15 en
418 1261 91 27 jernväg
524 1261 47 22 från
587 1261 109 27 Uleåborg
712 1261 34 21 till
762 1261 92 21 Torneå:

341 1350 56 19 Till
418 1350 152 25 Vällofliga
590 1349 242 26 Borgareståndet.

283 1403 12 19 I
310 1403 34 20 det
359 1403 77 26 förslag
451 1404 31 19 till
498 1404 141 20 stambanenät
653 1403 32 20 för
700 1403 76 25 landet,
792 1409 42 14 som
849 1402 35 21 vid
901 1403 55 19 1882

211 1433 34 19 års
261 1433 101 26 landtdag
377 1433 124 26 uppgjordes
517 1433 22 20 af
552 1433 125 20 Ständernas
688 1433 189 25 Jernvägsutskott,
887 1432 69 26 ingick

283 1473 176 23 Jernvägsutskottets
471 1473 106 18 betänkande
589 1473 36 19 N:o
637 1475 15 16 1.
