<?xml version="1.0" encoding="UTF-8"?>
<alto xmlns="http://www.loc.gov/standards/alto/ns-v3#" xmlns:xlink="http://www.w3.org/1999/xlink" xmlns:xsi="http://www.w3.org/2001/XMLSchema-instance" xsi:schemaLocation="http://www.loc.gov/standards/alto/ns-v3# http://www.loc.gov/alto/v3/alto-3-0.xsd">
	<Description>
		<MeasurementUnit>pixel</MeasurementUnit>
		<sourceImageInformation>
			<fileName>/tmp/tess_ogkk9ge6_input.PNG</fileName>
		</sourceImageInformation>
		<OCRProcessing ID="OCR_0">
			<ocrProcessingStep>
				<processingSoftware>
					<softwareName>tesseract 5.3.4</softwareName>
				</processingSoftware>
			</ocrProcessingStep>
		</OCRProcessing>
	</Description>
	<Layout>
		<Page WIDTH="1053" HEIGHT="1673" PHYSICAL_IMG_NR="0" ID="page_0">
			<PrintSpace HPOS="0" VPOS="0" WIDTH="1053" HEIGHT="1673">
				<ComposedBlock ID="cblock_0" HPOS="307" VPOS="111" WIDTH="492" HEIGHT="23">
					<TextBlock ID="block_0" HPOS="307" VPOS="111" WIDTH="492" HEIGHT="23">
						<TextLine ID="line_0" HPOS="307" VPOS="111" WIDTH="492" HEIGHT="23">
							<String ID="string_0" HPOS="307" VPOS="111" WIDTH="222" HEIGHT="23" WC="0.91" CONTENT="Petitionsbetänkande"/><SP WIDTH="15" VPOS="111" HPOS="529"/>
							<String ID="string_1" HPOS="544" VPOS="111" WIDTH="35" HEIGHT="22" WC="0.95" CONTENT="N:o"/><SP WIDTH="15" VPOS="111" HPOS="579"/>
							<String ID="string_2" HPOS="594" VPOS="111" WIDTH="15" HEIGHT="22" WC="0.95" CONTENT="1."/><SP WIDTH="164" VPOS="111" HPOS="609"/>
							<String ID="string_3" HPOS="773" VPOS="112" WIDTH="26" HEIGHT="20" WC="0.96" CONTENT="17"/>
						</TextLine>
					</TextBlock>
				</ComposedBlock>
				<ComposedBlock ID="cblock_1" HPOS="445" VPOS="248" WIDTH="24" HEIGHT="18">
					<TextBlock ID="block_1" HPOS="445" VPOS="248" WIDTH="24" HEIGHT="18">
						<TextLine ID="line_1" HPOS="445" VPOS="248" WIDTH="24" HEIGHT="18">
							<String ID="string_4" HPOS="445" VPOS="248" WIDTH="24" HEIGHT="18" WC="0.94" CONTENT="8."/>
						</TextLine>
					</TextBlock>
				</ComposedBlock>
				<ComposedBlock ID="cblock_2" HPOS="87" VPOS="301" WIDTH="741" HEIGHT="63">
					<TextBlock ID="block_2" HPOS="87" VPOS="301" WIDTH="741" HEIGHT="63">
						<TextLine ID="line_2" HPOS="158" VPOS="301" WIDTH="670" HEIGHT="27">
							<String ID="string_5" HPOS="158" VPOS="302" WIDTH="58" HEIGHT="21" WC="0.93" CONTENT="Från"/><SP WIDTH="17" VPOS="302" HPOS="216"/>
							<String ID="string_6" HPOS="233" VPOS="301" WIDTH="164" HEIGHT="22" WC="0.92" CONTENT="Bondeståndet"/><SP WIDTH="15" VPOS="301" HPOS="397"/>
							<String ID="string_7" HPOS="412" VPOS="308" WIDTH="26" HEIGHT="15" WC="0.96" CONTENT="en"/><SP WIDTH="16" VPOS="308" HPOS="438"/>
							<String ID="string_8" HPOS="454" VPOS="301" WIDTH="24" HEIGHT="22" WC="0.96" CONTENT="af"/><SP WIDTH="14" VPOS="301" HPOS="478"/>
							<String ID="string_9" HPOS="492" VPOS="302" WIDTH="57" HEIGHT="21" WC="0.96" CONTENT="Herr"/><SP WIDTH="9" VPOS="302" HPOS="549"/>
							<String ID="string_10" HPOS="558" VPOS="302" WIDTH="57" HEIGHT="22" WC="0.96" CONTENT="Juho"/><SP WIDTH="11" VPOS="302" HPOS="615"/>
							<String ID="string_11" HPOS="626" VPOS="301" WIDTH="98" HEIGHT="22" WC="0.93" CONTENT="Koivisto"/><SP WIDTH="11" VPOS="301" HPOS="724"/>
							<String ID="string_12" HPOS="735" VPOS="301" WIDTH="93" HEIGHT="27" WC="0.92" CONTENT="ingifven"/>
						</TextLine>
						<TextLine ID="line_3" HPOS="87" VPOS="337" WIDTH="670" HEIGHT="27">
							<String ID="string_13" HPOS="87" VPOS="337" WIDTH="92" HEIGHT="27" WC="0.96" CONTENT="petition"/><SP WIDTH="17" VPOS="337" HPOS="179"/>
							<String ID="string_14" HPOS="196" VPOS="344" WIDTH="34" HEIGHT="15" WC="0.96" CONTENT="om"/><SP WIDTH="15" VPOS="344" HPOS="230"/>
							<String ID="string_15" HPOS="245" VPOS="337" WIDTH="79" HEIGHT="22" WC="0.95" CONTENT="bibana"/><SP WIDTH="15" VPOS="337" HPOS="324"/>
							<String ID="string_16" HPOS="339" VPOS="337" WIDTH="47" HEIGHT="22" WC="0.93" CONTENT="från"/><SP WIDTH="15" VPOS="337" HPOS="386"/>
							<String ID="string_17" HPOS="401" VPOS="337" WIDTH="138" HEIGHT="22" WC="0.91" CONTENT="Wasabanan"/><SP WIDTH="15" VPOS="337" HPOS="539"/>
							<String ID="string_18" HPOS="554" VPOS="337" WIDTH="34" HEIGHT="22" WC="0.96" CONTENT="till"/><SP WIDTH="15" VPOS="337" HPOS="588"/>
							<String ID="string_19" HPOS="603" VPOS="337" WIDTH="154" HEIGHT="23" WC="0.96" CONTENT="Kristinestad."/>
						</TextLine>
					</TextBlock>
				</ComposedBlock>
				<ComposedBlock ID="cblock_3" HPOS="243" VPOS="439" WIDTH="428" HEIGHT="21">
					<TextBlock ID="block_3" HPOS="243" VPOS="439" WIDTH="428" HEIGHT="21">
						<TextLine ID="line_4" HPOS="243" VPOS="439" WIDTH="428" HEIGHT="21">
							<String ID="string_20" HPOS="243" VPOS="439" WIDTH="49" HEIGHT="20" WC="0.93" CONTENT="Till"/><SP WIDTH="15" VPOS="439" HPOS="292"/>
							<String ID="string_21" HPOS="307" VPOS="439" WIDTH="159" HEIGHT="20" WC="0.92" CONTENT="Hedervärda"/><SP WIDTH="15" VPOS="439" HPOS="466"/>
							<String ID="string_22" HPOS="481" VPOS="439" WIDTH="190" HEIGHT="21" WC="0.92" CONTENT="Bondeständet."/>
						</TextLine>
					</TextBlock>
				</ComposedBlock>
				<ComposedBlock ID="cblock_4" HPOS="87" VPOS="497" WIDTH="750" HEIGHT="951">
					<TextBlock ID="block_4" HPOS="87" VPOS="497" WIDTH="750" HEIGHT="504">
						<TextLine ID="line_5" HPOS="159" VPOS="497" WIDTH="670" HEIGHT="29">
							<String ID="string_23" HPOS="159" VPOS="499" WIDTH="85" HEIGHT="20" WC="0.92" CONTENT="Säsnart"/><SP WIDTH="15" VPOS="499" HPOS="244"/>
							<String ID="string_24" HPOS="259" VPOS="499" WIDTH="39" HEIGHT="20" WC="0.93" CONTENT="den"/><SP WIDTH="15" VPOS="499" HPOS="298"/>
							<String ID="string_25" HPOS="313" VPOS="497" WIDTH="104" HEIGHT="22" WC="0.92" CONTENT="Karelska"/><SP WIDTH="14" VPOS="497" HPOS="417"/>
							<String ID="string_26" HPOS="431" VPOS="499" WIDTH="68" HEIGHT="20" WC="0.92" CONTENT="banan"/><SP WIDTH="14" VPOS="499" HPOS="499"/>
							<String ID="string_27" HPOS="513" VPOS="503" WIDTH="23" HEIGHT="16" WC="0.93" CONTENT="är"/><SP WIDTH="10" VPOS="503" HPOS="536"/>
							<String ID="string_28" HPOS="546" VPOS="499" WIDTH="142" HEIGHT="27" WC="0.92" CONTENT="färdigbyggd,"/><SP WIDTH="12" VPOS="499" HPOS="688"/>
							<String ID="string_29" HPOS="700" VPOS="503" WIDTH="23" HEIGHT="16" WC="0.96" CONTENT="är"/><SP WIDTH="9" VPOS="503" HPOS="723"/>
							<String ID="string_30" HPOS="732" VPOS="499" WIDTH="97" HEIGHT="21" WC="0.96" CONTENT="Finlands"/>
						</TextLine>
						<TextLine ID="line_6" HPOS="87" VPOS="529" WIDTH="743" HEIGHT="26">
							<String ID="string_31" HPOS="87" VPOS="530" WIDTH="135" HEIGHT="25" WC="0.92" CONTENT="jernvägsnät"/><SP WIDTH="19" VPOS="530" HPOS="222"/>
							<String ID="string_32" HPOS="241" VPOS="529" WIDTH="7" HEIGHT="19" WC="0.93" CONTENT="i"/><SP WIDTH="21" VPOS="529" HPOS="248"/>
							<String ID="string_33" HPOS="269" VPOS="529" WIDTH="100" HEIGHT="20" WC="0.92" CONTENT="anseende"/><SP WIDTH="20" VPOS="529" HPOS="369"/>
							<String ID="string_34" HPOS="389" VPOS="529" WIDTH="32" HEIGHT="20" WC="0.96" CONTENT="till"/><SP WIDTH="17" VPOS="529" HPOS="421"/>
							<String ID="string_35" HPOS="438" VPOS="529" WIDTH="46" HEIGHT="20" WC="0.93" CONTENT="sina"/><SP WIDTH="18" VPOS="529" HPOS="484"/>
							<String ID="string_36" HPOS="502" VPOS="529" WIDTH="180" HEIGHT="26" WC="0.91" CONTENT="hufvudstammar,"/><SP WIDTH="15" VPOS="529" HPOS="682"/>
							<String ID="string_37" HPOS="697" VPOS="529" WIDTH="133" HEIGHT="26" WC="0.92" CONTENT="fallständigt."/>
						</TextLine>
						<TextLine ID="line_7" HPOS="89" VPOS="559" WIDTH="741" HEIGHT="21">
							<String ID="string_38" HPOS="89" VPOS="560" WIDTH="48" HEIGHT="19" WC="0.93" CONTENT="Men"/><SP WIDTH="21" VPOS="560" HPOS="137"/>
							<String ID="string_39" HPOS="158" VPOS="559" WIDTH="32" HEIGHT="20" WC="0.95" CONTENT="för"/><SP WIDTH="23" VPOS="559" HPOS="190"/>
							<String ID="string_40" HPOS="213" VPOS="561" WIDTH="30" HEIGHT="18" WC="0.93" CONTENT="att"/><SP WIDTH="20" VPOS="561" HPOS="243"/>
							<String ID="string_41" HPOS="263" VPOS="559" WIDTH="67" HEIGHT="19" WC="0.92" CONTENT="trädet"/><SP WIDTH="19" VPOS="559" HPOS="330"/>
							<String ID="string_42" HPOS="349" VPOS="559" WIDTH="33" HEIGHT="19" WC="0.87" CONTENT="mä"/><SP WIDTH="19" VPOS="559" HPOS="382"/>
							<String ID="string_43" HPOS="401" VPOS="559" WIDTH="102" HEIGHT="20" WC="0.90" CONTENT="förkofras"/><SP WIDTH="14" VPOS="559" HPOS="503"/>
							<String ID="string_44" HPOS="517" VPOS="559" WIDTH="38" HEIGHT="20" WC="0.93" CONTENT="och"/><SP WIDTH="15" VPOS="559" HPOS="555"/>
							<String ID="string_45" HPOS="570" VPOS="559" WIDTH="69" HEIGHT="20" WC="0.92" CONTENT="frodas"/><SP WIDTH="16" VPOS="559" HPOS="639"/>
							<String ID="string_46" HPOS="655" VPOS="561" WIDTH="63" HEIGHT="18" WC="0.92" CONTENT="mäste"/><SP WIDTH="15" VPOS="561" HPOS="718"/>
							<String ID="string_47" HPOS="733" VPOS="562" WIDTH="97" HEIGHT="18" WC="0.92" CONTENT="stammen"/>
						</TextLine>
						<TextLine ID="line_8" HPOS="89" VPOS="589" WIDTH="742" HEIGHT="27">
							<String ID="string_48" HPOS="89" VPOS="591" WIDTH="87" HEIGHT="24" WC="0.93" CONTENT="utgrena"/><SP WIDTH="14" VPOS="591" HPOS="176"/>
							<String ID="string_49" HPOS="190" VPOS="589" WIDTH="45" HEIGHT="19" WC="0.93" CONTENT="sina"/><SP WIDTH="15" VPOS="589" HPOS="235"/>
							<String ID="string_50" HPOS="250" VPOS="590" WIDTH="63" HEIGHT="18" WC="0.91" CONTENT="rötter"/><SP WIDTH="17" VPOS="590" HPOS="313"/>
							<String ID="string_51" HPOS="330" VPOS="589" WIDTH="37" HEIGHT="19" WC="0.93" CONTENT="och"/><SP WIDTH="15" VPOS="589" HPOS="367"/>
							<String ID="string_52" HPOS="382" VPOS="589" WIDTH="86" HEIGHT="19" WC="0.93" CONTENT="utbreda"/><SP WIDTH="15" VPOS="589" HPOS="468"/>
							<String ID="string_53" HPOS="483" VPOS="589" WIDTH="32" HEIGHT="20" WC="0.93" CONTENT="sin"/><SP WIDTH="16" VPOS="589" HPOS="515"/>
							<String ID="string_54" HPOS="531" VPOS="591" WIDTH="48" HEIGHT="24" WC="0.93" CONTENT="topp"/><SP WIDTH="16" VPOS="591" HPOS="579"/>
							<String ID="string_55" HPOS="595" VPOS="589" WIDTH="31" HEIGHT="20" WC="0.96" CONTENT="för"/><SP WIDTH="15" VPOS="589" HPOS="626"/>
							<String ID="string_56" HPOS="641" VPOS="591" WIDTH="30" HEIGHT="18" WC="0.93" CONTENT="att"/><SP WIDTH="15" VPOS="591" HPOS="671"/>
							<String ID="string_57" HPOS="686" VPOS="592" WIDTH="90" HEIGHT="24" WC="0.92" CONTENT="upptaga"/><SP WIDTH="9" VPOS="592" HPOS="776"/>
							<String ID="string_58" HPOS="785" VPOS="589" WIDTH="46" HEIGHT="20" WC="0.93" CONTENT="frän"/>
						</TextLine>
						<TextLine ID="line_9" HPOS="89" VPOS="618" WIDTH="742" HEIGHT="26">
							<String ID="string_59" HPOS="89" VPOS="619" WIDTH="71" HEIGHT="25" WC="0.95" CONTENT="jorden"/><SP WIDTH="20" VPOS="619" HPOS="160"/>
							<String ID="string_60" HPOS="180" VPOS="619" WIDTH="37" HEIGHT="19" WC="0.96" CONTENT="och"/><SP WIDTH="21" VPOS="619" HPOS="217"/>
							<String ID="string_61" HPOS="238" VPOS="618" WIDTH="65" HEIGHT="20" WC="0.93" CONTENT="luften"/><SP WIDTH="19" VPOS="618" HPOS="303"/>
							<String ID="string_62" HPOS="322" VPOS="618" WIDTH="90" HEIGHT="20" WC="0.76" CONTENT="närande"/><SP WIDTH="20" VPOS="618" HPOS="412"/>
							<String ID="string_63" HPOS="432" VPOS="621" WIDTH="79" HEIGHT="18" WC="0.95" CONTENT="ämnen."/><SP WIDTH="31" VPOS="621" HPOS="511"/>
							<String ID="string_64" HPOS="542" VPOS="619" WIDTH="27" HEIGHT="20" WC="0.91" CONTENT="Sä"/><SP WIDTH="15" VPOS="619" HPOS="569"/>
							<String ID="string_65" HPOS="584" VPOS="622" WIDTH="23" HEIGHT="17" WC="0.93" CONTENT="är"/><SP WIDTH="15" VPOS="622" HPOS="607"/>
							<String ID="string_66" HPOS="622" VPOS="619" WIDTH="135" HEIGHT="20" WC="0.96" CONTENT="förhållandet"/><SP WIDTH="15" VPOS="619" HPOS="757"/>
							<String ID="string_67" HPOS="772" VPOS="619" WIDTH="59" HEIGHT="20" WC="0.96" CONTENT="äfven"/>
						</TextLine>
						<TextLine ID="line_10" HPOS="90" VPOS="648" WIDTH="741" HEIGHT="26">
							<String ID="string_68" HPOS="90" VPOS="648" WIDTH="47" HEIGHT="20" WC="0.90" CONTENT="med"/><SP WIDTH="19" VPOS="648" HPOS="137"/>
							<String ID="string_69" HPOS="156" VPOS="649" WIDTH="202" HEIGHT="25" WC="0.90" CONTENT="jernvägsstammen."/><SP WIDTH="30" VPOS="649" HPOS="358"/>
							<String ID="string_70" HPOS="388" VPOS="648" WIDTH="80" HEIGHT="20" WC="0.26" CONTENT="Endast"/><SP WIDTH="23" VPOS="648" HPOS="468"/>
							<String ID="string_71" HPOS="491" VPOS="649" WIDTH="86" HEIGHT="20" WC="0.96" CONTENT="sålunda"/><SP WIDTH="23" VPOS="649" HPOS="577"/>
							<String ID="string_72" HPOS="600" VPOS="649" WIDTH="70" HEIGHT="20" WC="0.93" CONTENT="kunna"/><SP WIDTH="20" VPOS="649" HPOS="670"/>
							<String ID="string_73" HPOS="690" VPOS="650" WIDTH="141" HEIGHT="19" WC="0.95" CONTENT="stambanorna"/>
						</TextLine>
						<TextLine ID="line_11" HPOS="91" VPOS="677" WIDTH="741" HEIGHT="27">
							<String ID="string_74" HPOS="91" VPOS="678" WIDTH="68" HEIGHT="20" WC="0.96" CONTENT="frodas"/><SP WIDTH="16" VPOS="678" HPOS="159"/>
							<String ID="string_75" HPOS="175" VPOS="678" WIDTH="37" HEIGHT="19" WC="0.93" CONTENT="och"/><SP WIDTH="15" VPOS="678" HPOS="212"/>
							<String ID="string_76" HPOS="227" VPOS="678" WIDTH="74" HEIGHT="25" WC="0.96" CONTENT="bringa"/><SP WIDTH="14" VPOS="678" HPOS="301"/>
							<String ID="string_77" HPOS="315" VPOS="677" WIDTH="70" HEIGHT="20" WC="0.96" CONTENT="landet"/><SP WIDTH="15" VPOS="677" HPOS="385"/>
							<String ID="string_78" HPOS="400" VPOS="680" WIDTH="76" HEIGHT="18" WC="0.93" CONTENT="största"/><SP WIDTH="15" VPOS="680" HPOS="476"/>
							<String ID="string_79" HPOS="491" VPOS="679" WIDTH="82" HEIGHT="25" WC="0.96" CONTENT="möjliga"/><SP WIDTH="15" VPOS="679" HPOS="573"/>
							<String ID="string_80" HPOS="588" VPOS="681" WIDTH="66" HEIGHT="23" WC="0.96" CONTENT="nytta,"/><SP WIDTH="10" VPOS="681" HPOS="654"/>
							<String ID="string_81" HPOS="664" VPOS="681" WIDTH="30" HEIGHT="18" WC="0.96" CONTENT="att"/><SP WIDTH="13" VPOS="681" HPOS="694"/>
							<String ID="string_82" HPOS="707" VPOS="679" WIDTH="25" HEIGHT="20" WC="0.96" CONTENT="de"/><SP WIDTH="10" VPOS="679" HPOS="732"/>
							<String ID="string_83" HPOS="742" VPOS="685" WIDTH="43" HEIGHT="14" WC="0.96" CONTENT="mer"/><SP WIDTH="10" VPOS="685" HPOS="785"/>
							<String ID="string_84" HPOS="795" VPOS="679" WIDTH="37" HEIGHT="20" WC="0.96" CONTENT="och"/>
						</TextLine>
						<TextLine ID="line_12" HPOS="91" VPOS="707" WIDTH="742" HEIGHT="28">
							<String ID="string_85" HPOS="91" VPOS="715" WIDTH="43" HEIGHT="13" WC="0.93" CONTENT="mer"/><SP WIDTH="14" VPOS="715" HPOS="134"/>
							<String ID="string_86" HPOS="148" VPOS="708" WIDTH="144" HEIGHT="25" WC="0.92" CONTENT="kompletteras"/><SP WIDTH="15" VPOS="708" HPOS="292"/>
							<String ID="string_87" HPOS="307" VPOS="707" WIDTH="46" HEIGHT="20" WC="0.93" CONTENT="med"/><SP WIDTH="15" VPOS="707" HPOS="353"/>
							<String ID="string_88" HPOS="368" VPOS="710" WIDTH="63" HEIGHT="17" WC="0.93" CONTENT="rötter"/><SP WIDTH="16" VPOS="710" HPOS="431"/>
							<String ID="string_89" HPOS="447" VPOS="709" WIDTH="38" HEIGHT="19" WC="0.93" CONTENT="och"/><SP WIDTH="15" VPOS="709" HPOS="485"/>
							<String ID="string_90" HPOS="500" VPOS="711" WIDTH="79" HEIGHT="24" WC="0.91" CONTENT="toppar,"/><SP WIDTH="16" VPOS="711" HPOS="579"/>
							<String ID="string_91" HPOS="595" VPOS="709" WIDTH="109" HEIGHT="20" WC="0.92" CONTENT="bestäende"/><SP WIDTH="10" VPOS="709" HPOS="704"/>
							<String ID="string_92" HPOS="714" VPOS="709" WIDTH="23" HEIGHT="20" WC="0.93" CONTENT="af"/><SP WIDTH="7" VPOS="709" HPOS="737"/>
							<String ID="string_93" HPOS="744" VPOS="708" WIDTH="89" HEIGHT="21" WC="0.92" CONTENT="förbind-"/>
						</TextLine>
						<TextLine ID="line_13" HPOS="91" VPOS="737" WIDTH="742" HEIGHT="27">
							<String ID="string_94" HPOS="91" VPOS="738" WIDTH="69" HEIGHT="25" WC="0.89" CONTENT="nings-"/><SP WIDTH="16" VPOS="738" HPOS="160"/>
							<String ID="string_95" HPOS="176" VPOS="737" WIDTH="37" HEIGHT="20" WC="0.93" CONTENT="och"/><SP WIDTH="15" VPOS="737" HPOS="213"/>
							<String ID="string_96" HPOS="228" VPOS="737" WIDTH="90" HEIGHT="20" WC="0.84" CONTENT="bibanor."/><SP WIDTH="30" VPOS="737" HPOS="318"/>
							<String ID="string_97" HPOS="348" VPOS="738" WIDTH="32" HEIGHT="19" WC="0.93" CONTENT="En"/><SP WIDTH="15" VPOS="738" HPOS="380"/>
							<String ID="string_98" HPOS="395" VPOS="737" WIDTH="60" HEIGHT="21" WC="0.93" CONTENT="äfven"/><SP WIDTH="16" VPOS="737" HPOS="455"/>
							<String ID="string_99" HPOS="471" VPOS="737" WIDTH="76" HEIGHT="27" WC="0.93" CONTENT="flygtig"/><SP WIDTH="19" VPOS="737" HPOS="547"/>
							<String ID="string_100" HPOS="566" VPOS="738" WIDTH="55" HEIGHT="19" WC="0.96" CONTENT="blick"/><SP WIDTH="15" VPOS="738" HPOS="621"/>
							<String ID="string_101" HPOS="636" VPOS="739" WIDTH="26" HEIGHT="25" WC="0.96" CONTENT="pä"/><SP WIDTH="14" VPOS="739" HPOS="662"/>
							<String ID="string_102" HPOS="676" VPOS="739" WIDTH="38" HEIGHT="20" WC="0.93" CONTENT="vär"/><SP WIDTH="12" VPOS="739" HPOS="714"/>
							<String ID="string_103" HPOS="726" VPOS="739" WIDTH="107" HEIGHT="25" WC="0.90" CONTENT="jernvägs-"/>
						</TextLine>
						<TextLine ID="line_14" HPOS="91" VPOS="767" WIDTH="743" HEIGHT="28">
							<String ID="string_104" HPOS="91" VPOS="767" WIDTH="59" HEIGHT="20" WC="0.93" CONTENT="karta"/><SP WIDTH="18" VPOS="767" HPOS="150"/>
							<String ID="string_105" HPOS="168" VPOS="767" WIDTH="85" HEIGHT="26" WC="0.92" CONTENT="utvisar,"/><SP WIDTH="16" VPOS="767" HPOS="253"/>
							<String ID="string_106" HPOS="269" VPOS="769" WIDTH="30" HEIGHT="18" WC="0.93" CONTENT="att"/><SP WIDTH="18" VPOS="769" HPOS="299"/>
							<String ID="string_107" HPOS="317" VPOS="767" WIDTH="80" HEIGHT="20" WC="0.92" CONTENT="landets"/><SP WIDTH="16" VPOS="767" HPOS="397"/>
							<String ID="string_108" HPOS="413" VPOS="768" WIDTH="118" HEIGHT="19" WC="0.92" CONTENT="stambanor"/><SP WIDTH="14" VPOS="768" HPOS="531"/>
							<String ID="string_109" HPOS="545" VPOS="768" WIDTH="57" HEIGHT="19" WC="0.92" CONTENT="likna"/><SP WIDTH="14" VPOS="768" HPOS="602"/>
							<String ID="string_110" HPOS="616" VPOS="768" WIDTH="66" HEIGHT="27" WC="0.92" CONTENT="länga,"/><SP WIDTH="15" VPOS="768" HPOS="682"/>
							<String ID="string_111" HPOS="697" VPOS="775" WIDTH="46" HEIGHT="13" WC="0.93" CONTENT="men"/><SP WIDTH="15" VPOS="775" HPOS="743"/>
							<String ID="string_112" HPOS="758" VPOS="769" WIDTH="76" HEIGHT="19" WC="0.92" CONTENT="smärta"/>
						</TextLine>
						<TextLine ID="line_15" HPOS="91" VPOS="797" WIDTH="743" HEIGHT="26">
							<String ID="string_113" HPOS="91" VPOS="799" WIDTH="53" HEIGHT="24" WC="0.92" CONTENT="trän,"/><SP WIDTH="20" VPOS="799" HPOS="144"/>
							<String ID="string_114" HPOS="164" VPOS="797" WIDTH="70" HEIGHT="20" WC="0.92" CONTENT="hvilka"/><SP WIDTH="19" VPOS="797" HPOS="234"/>
							<String ID="string_115" HPOS="253" VPOS="797" WIDTH="64" HEIGHT="20" WC="0.89" CONTENT="banor"/><SP WIDTH="22" VPOS="797" HPOS="317"/>
							<String ID="string_116" HPOS="339" VPOS="797" WIDTH="72" HEIGHT="20" WC="0.93" CONTENT="endast"/><SP WIDTH="20" VPOS="797" HPOS="411"/>
							<String ID="string_117" HPOS="431" VPOS="797" WIDTH="119" HEIGHT="26" WC="0.92" CONTENT="derigenom"/><SP WIDTH="19" VPOS="797" HPOS="550"/>
							<String ID="string_118" HPOS="569" VPOS="797" WIDTH="70" HEIGHT="20" WC="0.93" CONTENT="kunna"/><SP WIDTH="19" VPOS="797" HPOS="639"/>
							<String ID="string_119" HPOS="658" VPOS="798" WIDTH="21" HEIGHT="19" WC="0.93" CONTENT="fä"/><SP WIDTH="21" VPOS="798" HPOS="679"/>
							<String ID="string_120" HPOS="700" VPOS="805" WIDTH="24" HEIGHT="13" WC="0.93" CONTENT="en"/><SP WIDTH="20" VPOS="805" HPOS="724"/>
							<String ID="string_121" HPOS="744" VPOS="797" WIDTH="90" HEIGHT="26" WC="0.91" CONTENT="naturlig"/>
						</TextLine>
						<TextLine ID="line_16" HPOS="93" VPOS="826" WIDTH="741" HEIGHT="27">
							<String ID="string_122" HPOS="93" VPOS="827" WIDTH="124" HEIGHT="26" WC="0.96" CONTENT="utveckling,"/><SP WIDTH="16" VPOS="827" HPOS="217"/>
							<String ID="string_123" HPOS="233" VPOS="829" WIDTH="30" HEIGHT="18" WC="0.95" CONTENT="att"/><SP WIDTH="18" VPOS="829" HPOS="263"/>
							<String ID="string_124" HPOS="281" VPOS="826" WIDTH="25" HEIGHT="20" WC="0.93" CONTENT="de"/><SP WIDTH="19" VPOS="826" HPOS="306"/>
							<String ID="string_125" HPOS="325" VPOS="827" WIDTH="64" HEIGHT="20" WC="0.95" CONTENT="förses"/><SP WIDTH="18" VPOS="827" HPOS="389"/>
							<String ID="string_126" HPOS="407" VPOS="827" WIDTH="45" HEIGHT="20" WC="0.93" CONTENT="med"/><SP WIDTH="21" VPOS="827" HPOS="452"/>
							<String ID="string_127" HPOS="473" VPOS="827" WIDTH="90" HEIGHT="25" WC="0.91" CONTENT="bibanor,"/><SP WIDTH="16" VPOS="827" HPOS="563"/>
							<String ID="string_128" HPOS="579" VPOS="827" WIDTH="78" HEIGHT="26" WC="0.95" CONTENT="dragna"/><SP WIDTH="15" VPOS="827" HPOS="657"/>
							<String ID="string_129" HPOS="672" VPOS="834" WIDTH="71" HEIGHT="19" WC="0.93" CONTENT="genom"/><SP WIDTH="15" VPOS="834" HPOS="743"/>
							<String ID="string_130" HPOS="758" VPOS="827" WIDTH="76" HEIGHT="21" WC="0.96" CONTENT="sådana"/>
						</TextLine>
						<TextLine ID="line_17" HPOS="94" VPOS="856" WIDTH="740" HEIGHT="27">
							<String ID="string_131" HPOS="94" VPOS="857" WIDTH="56" HEIGHT="20" WC="0.94" CONTENT="delar"/><SP WIDTH="21" VPOS="857" HPOS="150"/>
							<String ID="string_132" HPOS="171" VPOS="856" WIDTH="23" HEIGHT="20" WC="0.96" CONTENT="af"/><SP WIDTH="15" VPOS="856" HPOS="194"/>
							<String ID="string_133" HPOS="209" VPOS="856" WIDTH="76" HEIGHT="27" WC="0.96" CONTENT="landet,"/><SP WIDTH="15" VPOS="856" HPOS="285"/>
							<String ID="string_134" HPOS="300" VPOS="856" WIDTH="36" HEIGHT="20" WC="0.96" CONTENT="der"/><SP WIDTH="15" VPOS="856" HPOS="336"/>
							<String ID="string_135" HPOS="351" VPOS="857" WIDTH="25" HEIGHT="19" WC="0.96" CONTENT="de"/><SP WIDTH="15" VPOS="857" HPOS="376"/>
							<String ID="string_136" HPOS="391" VPOS="858" WIDTH="26" HEIGHT="24" WC="0.96" CONTENT="pä"/><SP WIDTH="14" VPOS="858" HPOS="417"/>
							<String ID="string_137" HPOS="431" VPOS="857" WIDTH="70" HEIGHT="25" WC="0.96" CONTENT="grund"/><SP WIDTH="15" VPOS="857" HPOS="501"/>
							<String ID="string_138" HPOS="516" VPOS="858" WIDTH="23" HEIGHT="19" WC="0.93" CONTENT="af"/><SP WIDTH="12" VPOS="858" HPOS="539"/>
							<String ID="string_139" HPOS="551" VPOS="858" WIDTH="108" HEIGHT="20" WC="0.93" CONTENT="folktäthet"/><SP WIDTH="15" VPOS="858" HPOS="659"/>
							<String ID="string_140" HPOS="674" VPOS="858" WIDTH="37" HEIGHT="20" WC="0.92" CONTENT="och"/><SP WIDTH="14" VPOS="858" HPOS="711"/>
							<String ID="string_141" HPOS="725" VPOS="857" WIDTH="109" HEIGHT="26" WC="0.91" CONTENT="odlingför-"/>
						</TextLine>
						<TextLine ID="line_18" HPOS="92" VPOS="886" WIDTH="742" HEIGHT="27">
							<String ID="string_142" HPOS="92" VPOS="886" WIDTH="109" HEIGHT="20" WC="0.91" CONTENT="hällanden"/><SP WIDTH="15" VPOS="886" HPOS="201"/>
							<String ID="string_143" HPOS="216" VPOS="893" WIDTH="60" HEIGHT="13" WC="0.96" CONTENT="anses"/><SP WIDTH="15" VPOS="893" HPOS="276"/>
							<String ID="string_144" HPOS="291" VPOS="886" WIDTH="70" HEIGHT="20" WC="0.96" CONTENT="kunna"/><SP WIDTH="15" VPOS="886" HPOS="361"/>
							<String ID="string_145" HPOS="376" VPOS="887" WIDTH="7" HEIGHT="19" WC="0.96" CONTENT="i"/><SP WIDTH="15" VPOS="887" HPOS="383"/>
							<String ID="string_146" HPOS="398" VPOS="889" WIDTH="66" HEIGHT="18" WC="0.96" CONTENT="större"/><SP WIDTH="15" VPOS="889" HPOS="464"/>
							<String ID="string_147" HPOS="479" VPOS="887" WIDTH="53" HEIGHT="25" WC="0.93" CONTENT="grad"/><SP WIDTH="15" VPOS="887" HPOS="532"/>
							<String ID="string_148" HPOS="547" VPOS="888" WIDTH="91" HEIGHT="25" WC="0.92" CONTENT="upplifva"/><SP WIDTH="15" VPOS="888" HPOS="638"/>
							<String ID="string_149" HPOS="653" VPOS="888" WIDTH="87" HEIGHT="20" WC="0.92" CONTENT="trafiken"/><SP WIDTH="15" VPOS="888" HPOS="740"/>
							<String ID="string_150" HPOS="755" VPOS="888" WIDTH="38" HEIGHT="19" WC="0.93" CONTENT="och"/><SP WIDTH="12" VPOS="888" HPOS="793"/>
							<String ID="string_151" HPOS="805" VPOS="887" WIDTH="29" HEIGHT="20" WC="0.92" CONTENT="bi-"/>
						</TextLine>
						<TextLine ID="line_19" HPOS="93" VPOS="916" WIDTH="744" HEIGHT="26">
							<String ID="string_152" HPOS="93" VPOS="916" WIDTH="63" HEIGHT="26" WC="0.95" CONTENT="draga"/><SP WIDTH="22" VPOS="916" HPOS="156"/>
							<String ID="string_153" HPOS="178" VPOS="916" WIDTH="33" HEIGHT="20" WC="0.93" CONTENT="till"/><SP WIDTH="22" VPOS="916" HPOS="211"/>
							<String ID="string_154" HPOS="233" VPOS="918" WIDTH="68" HEIGHT="18" WC="0.96" CONTENT="ortens"/><SP WIDTH="23" VPOS="918" HPOS="301"/>
							<String ID="string_155" HPOS="324" VPOS="916" WIDTH="123" HEIGHT="26" WC="0.92" CONTENT="utveckling."/><SP WIDTH="31" VPOS="916" HPOS="447"/>
							<String ID="string_156" HPOS="478" VPOS="917" WIDTH="33" HEIGHT="19" WC="0.89" CONTENT="En"/><SP WIDTH="24" VPOS="917" HPOS="511"/>
							<String ID="string_157" HPOS="535" VPOS="917" WIDTH="109" HEIGHT="20" WC="0.83" CONTENT="oafbruten"/><SP WIDTH="19" VPOS="917" HPOS="644"/>
							<String ID="string_158" HPOS="663" VPOS="917" WIDTH="132" HEIGHT="25" WC="0.96" CONTENT="fortsättning"/><SP WIDTH="20" VPOS="917" HPOS="795"/>
							<String ID="string_159" HPOS="815" VPOS="916" WIDTH="22" HEIGHT="20" WC="0.96" CONTENT="af"/>
						</TextLine>
						<TextLine ID="line_20" HPOS="93" VPOS="946" WIDTH="742" HEIGHT="26">
							<String ID="string_160" HPOS="93" VPOS="946" WIDTH="143" HEIGHT="20" WC="0.96" CONTENT="stambanorna"/><SP WIDTH="20" VPOS="946" HPOS="236"/>
							<String ID="string_161" HPOS="256" VPOS="946" WIDTH="66" HEIGHT="20" WC="0.93" CONTENT="skulle"/><SP WIDTH="16" VPOS="946" HPOS="322"/>
							<String ID="string_162" HPOS="338" VPOS="946" WIDTH="151" HEIGHT="26" WC="0.91" CONTENT="otvifvelaktigt"/><SP WIDTH="15" VPOS="946" HPOS="489"/>
							<String ID="string_163" HPOS="504" VPOS="946" WIDTH="73" HEIGHT="21" WC="0.96" CONTENT="endast"/><SP WIDTH="14" VPOS="946" HPOS="577"/>
							<String ID="string_164" HPOS="591" VPOS="947" WIDTH="80" HEIGHT="20" WC="0.93" CONTENT="minska"/><SP WIDTH="15" VPOS="947" HPOS="671"/>
							<String ID="string_165" HPOS="686" VPOS="947" WIDTH="149" HEIGHT="20" WC="0.62" CONTENT="rentabiliteten"/>
						</TextLine>
						<TextLine ID="line_21" HPOS="93" VPOS="975" WIDTH="212" HEIGHT="26">
							<String ID="string_166" HPOS="93" VPOS="975" WIDTH="22" HEIGHT="20" WC="0.93" CONTENT="af"/><SP WIDTH="13" VPOS="975" HPOS="115"/>
							<String ID="string_167" HPOS="128" VPOS="976" WIDTH="49" HEIGHT="19" WC="0.91" CONTENT="vära"/><SP WIDTH="12" VPOS="976" HPOS="177"/>
							<String ID="string_168" HPOS="189" VPOS="975" WIDTH="116" HEIGHT="26" WC="0.91" CONTENT="jernvägar."/>
						</TextLine>
					</TextBlock>
					<TextBlock ID="block_5" HPOS="93" VPOS="1005" WIDTH="743" HEIGHT="323">
						<TextLine ID="line_22" HPOS="163" VPOS="1005" WIDTH="672" HEIGHT="26">
							<String ID="string_169" HPOS="163" VPOS="1005" WIDTH="71" HEIGHT="26" WC="0.92" CONTENT="Enligt"/><SP WIDTH="19" VPOS="1005" HPOS="234"/>
							<String ID="string_170" HPOS="253" VPOS="1005" WIDTH="55" HEIGHT="20" WC="0.92" CONTENT="hvad"/><SP WIDTH="14" VPOS="1005" HPOS="308"/>
							<String ID="string_171" HPOS="322" VPOS="1005" WIDTH="93" HEIGHT="21" WC="0.93" CONTENT="förmäles"/><SP WIDTH="15" VPOS="1005" HPOS="415"/>
							<String ID="string_172" HPOS="430" VPOS="1006" WIDTH="60" HEIGHT="20" WC="0.96" CONTENT="torde"/><SP WIDTH="15" VPOS="1006" HPOS="490"/>
							<String ID="string_173" HPOS="505" VPOS="1006" WIDTH="66" HEIGHT="20" WC="0.93" CONTENT="under"/><SP WIDTH="15" VPOS="1006" HPOS="571"/>
							<String ID="string_174" HPOS="586" VPOS="1006" WIDTH="135" HEIGHT="20" WC="0.92" CONTENT="innevarande"/><SP WIDTH="15" VPOS="1006" HPOS="721"/>
							<String ID="string_175" HPOS="736" VPOS="1006" WIDTH="99" HEIGHT="25" WC="0.91" CONTENT="landtdag"/>
						</TextLine>
						<TextLine ID="line_23" HPOS="93" VPOS="1035" WIDTH="742" HEIGHT="27">
							<String ID="string_176" HPOS="93" VPOS="1035" WIDTH="61" HEIGHT="25" WC="0.96" CONTENT="ingen"/><SP WIDTH="26" VPOS="1035" HPOS="154"/>
							<String ID="string_177" HPOS="180" VPOS="1035" WIDTH="125" HEIGHT="26" WC="0.96" CONTENT="proposition"/><SP WIDTH="26" VPOS="1035" HPOS="305"/>
							<String ID="string_178" HPOS="331" VPOS="1042" WIDTH="31" HEIGHT="13" WC="0.96" CONTENT="om"/><SP WIDTH="25" VPOS="1042" HPOS="362"/>
							<String ID="string_179" HPOS="387" VPOS="1042" WIDTH="41" HEIGHT="19" WC="0.93" CONTENT="nya"/><SP WIDTH="22" VPOS="1042" HPOS="428"/>
							<String ID="string_180" HPOS="450" VPOS="1036" WIDTH="249" HEIGHT="26" WC="0.91" CONTENT="jernvägsanläggningar"/><SP WIDTH="20" VPOS="1036" HPOS="699"/>
							<String ID="string_181" HPOS="719" VPOS="1036" WIDTH="116" HEIGHT="26" WC="0.92" CONTENT="föreläggas"/>
						</TextLine>
						<TextLine ID="line_24" HPOS="94" VPOS="1064" WIDTH="742" HEIGHT="28">
							<String ID="string_182" HPOS="94" VPOS="1064" WIDTH="119" HEIGHT="20" WC="0.92" CONTENT="Ständerna."/><SP WIDTH="32" VPOS="1064" HPOS="213"/>
							<String ID="string_183" HPOS="245" VPOS="1065" WIDTH="49" HEIGHT="19" WC="0.93" CONTENT="Man"/><SP WIDTH="15" VPOS="1065" HPOS="294"/>
							<String ID="string_184" HPOS="309" VPOS="1066" WIDTH="63" HEIGHT="24" WC="0.96" CONTENT="vågar"/><SP WIDTH="14" VPOS="1066" HPOS="372"/>
							<String ID="string_185" HPOS="386" VPOS="1066" WIDTH="83" HEIGHT="26" WC="0.96" CONTENT="hoppas,"/><SP WIDTH="17" VPOS="1066" HPOS="469"/>
							<String ID="string_186" HPOS="486" VPOS="1068" WIDTH="31" HEIGHT="18" WC="0.97" CONTENT="att"/><SP WIDTH="15" VPOS="1068" HPOS="517"/>
							<String ID="string_187" HPOS="532" VPOS="1066" WIDTH="56" HEIGHT="20" WC="0.96" CONTENT="detta"/><SP WIDTH="16" VPOS="1066" HPOS="588"/>
							<String ID="string_188" HPOS="604" VPOS="1069" WIDTH="23" HEIGHT="17" WC="0.93" CONTENT="är"/><SP WIDTH="14" VPOS="1069" HPOS="627"/>
							<String ID="string_189" HPOS="641" VPOS="1066" WIDTH="52" HEIGHT="20" WC="0.96" CONTENT="blott"/><SP WIDTH="14" VPOS="1066" HPOS="693"/>
							<String ID="string_190" HPOS="707" VPOS="1072" WIDTH="25" HEIGHT="14" WC="0.93" CONTENT="en"/><SP WIDTH="15" VPOS="1072" HPOS="732"/>
							<String ID="string_191" HPOS="747" VPOS="1066" WIDTH="89" HEIGHT="25" WC="0.96" CONTENT="tillfällig"/>
						</TextLine>
						<TextLine ID="line_25" HPOS="93" VPOS="1094" WIDTH="743" HEIGHT="28">
							<String ID="string_192" HPOS="93" VPOS="1094" WIDTH="121" HEIGHT="26" WC="0.96" CONTENT="stagnation,"/><SP WIDTH="17" VPOS="1094" HPOS="214"/>
							<String ID="string_193" HPOS="231" VPOS="1101" WIDTH="42" HEIGHT="13" WC="0.95" CONTENT="som"/><SP WIDTH="20" VPOS="1101" HPOS="273"/>
							<String ID="string_194" HPOS="293" VPOS="1095" WIDTH="36" HEIGHT="19" WC="0.93" CONTENT="bör"/><SP WIDTH="21" VPOS="1095" HPOS="329"/>
							<String ID="string_195" HPOS="350" VPOS="1095" WIDTH="104" HEIGHT="20" WC="0.96" CONTENT="användas"/><SP WIDTH="20" VPOS="1095" HPOS="454"/>
							<String ID="string_196" HPOS="474" VPOS="1096" WIDTH="33" HEIGHT="19" WC="0.96" CONTENT="till"/><SP WIDTH="16" VPOS="1096" HPOS="507"/>
							<String ID="string_197" HPOS="523" VPOS="1102" WIDTH="25" HEIGHT="13" WC="0.93" CONTENT="en"/><SP WIDTH="15" VPOS="1102" HPOS="548"/>
							<String ID="string_198" HPOS="563" VPOS="1102" WIDTH="106" HEIGHT="20" WC="0.96" CONTENT="noggrann"/><SP WIDTH="15" VPOS="1102" HPOS="669"/>
							<String ID="string_199" HPOS="684" VPOS="1096" WIDTH="152" HEIGHT="25" WC="0.96" CONTENT="undersökning"/>
						</TextLine>
						<TextLine ID="line_26" HPOS="94" VPOS="1124" WIDTH="742" HEIGHT="27">
							<String ID="string_200" HPOS="94" VPOS="1124" WIDTH="31" HEIGHT="19" WC="0.96" CONTENT="för"/><SP WIDTH="20" VPOS="1124" HPOS="125"/>
							<String ID="string_201" HPOS="145" VPOS="1124" WIDTH="113" HEIGHT="20" WC="0.96" CONTENT="utredande"/><SP WIDTH="21" VPOS="1124" HPOS="258"/>
							<String ID="string_202" HPOS="279" VPOS="1124" WIDTH="23" HEIGHT="20" WC="0.96" CONTENT="af"/><SP WIDTH="17" VPOS="1124" HPOS="302"/>
							<String ID="string_203" HPOS="319" VPOS="1124" WIDTH="25" HEIGHT="20" WC="0.93" CONTENT="de"/><SP WIDTH="26" VPOS="1124" HPOS="344"/>
							<String ID="string_204" HPOS="370" VPOS="1124" WIDTH="123" HEIGHT="27" WC="0.96" CONTENT="riktningar,"/><SP WIDTH="21" VPOS="1124" HPOS="493"/>
							<String ID="string_205" HPOS="514" VPOS="1126" WIDTH="70" HEIGHT="20" WC="0.96" CONTENT="hvilka"/><SP WIDTH="26" VPOS="1126" HPOS="584"/>
							<String ID="string_206" HPOS="610" VPOS="1128" WIDTH="51" HEIGHT="18" WC="0.89" CONTENT="mest"/><SP WIDTH="25" VPOS="1128" HPOS="661"/>
							<String ID="string_207" HPOS="686" VPOS="1126" WIDTH="80" HEIGHT="25" WC="0.78" CONTENT="hetjena"/><SP WIDTH="25" VPOS="1126" HPOS="766"/>
							<String ID="string_208" HPOS="791" VPOS="1125" WIDTH="45" HEIGHT="20" WC="0.96" CONTENT="hela"/>
						</TextLine>
						<TextLine ID="line_27" HPOS="93" VPOS="1153" WIDTH="742" HEIGHT="22">
							<String ID="string_209" HPOS="93" VPOS="1153" WIDTH="80" HEIGHT="20" WC="0.93" CONTENT="landets"/><SP WIDTH="15" VPOS="1153" HPOS="173"/>
							<String ID="string_210" HPOS="188" VPOS="1154" WIDTH="101" HEIGHT="20" WC="0.93" CONTENT="intressen"/><SP WIDTH="16" VPOS="1154" HPOS="289"/>
							<String ID="string_211" HPOS="305" VPOS="1154" WIDTH="37" HEIGHT="20" WC="0.93" CONTENT="och"/><SP WIDTH="14" VPOS="1154" HPOS="342"/>
							<String ID="string_212" HPOS="356" VPOS="1154" WIDTH="147" HEIGHT="21" WC="0.92" CONTENT="företrädesvis"/><SP WIDTH="14" VPOS="1154" HPOS="503"/>
							<String ID="string_213" HPOS="517" VPOS="1155" WIDTH="63" HEIGHT="20" WC="0.96" CONTENT="borde"/><SP WIDTH="13" VPOS="1155" HPOS="580"/>
							<String ID="string_214" HPOS="593" VPOS="1156" WIDTH="79" HEIGHT="19" WC="0.96" CONTENT="komma"/><SP WIDTH="10" VPOS="1156" HPOS="672"/>
							<String ID="string_215" HPOS="682" VPOS="1156" WIDTH="31" HEIGHT="19" WC="0.93" CONTENT="till"/><SP WIDTH="9" VPOS="1156" HPOS="713"/>
							<String ID="string_216" HPOS="722" VPOS="1155" WIDTH="113" HEIGHT="20" WC="0.91" CONTENT="utförande."/>
						</TextLine>
						<TextLine ID="line_28" HPOS="93" VPOS="1183" WIDTH="743" HEIGHT="25">
							<String ID="string_217" HPOS="93" VPOS="1183" WIDTH="32" HEIGHT="19" WC="0.95" CONTENT="Då"/><SP WIDTH="19" VPOS="1183" HPOS="125"/>
							<String ID="string_218" HPOS="144" VPOS="1183" WIDTH="72" HEIGHT="25" WC="0.95" CONTENT="hvarje"/><SP WIDTH="18" VPOS="1183" HPOS="216"/>
							<String ID="string_219" HPOS="234" VPOS="1184" WIDTH="93" HEIGHT="20" WC="0.93" CONTENT="landsdel"/><SP WIDTH="18" VPOS="1184" HPOS="327"/>
							<String ID="string_220" HPOS="345" VPOS="1184" WIDTH="88" HEIGHT="20" WC="0.92" CONTENT="sträfvar"/><SP WIDTH="15" VPOS="1184" HPOS="433"/>
							<String ID="string_221" HPOS="448" VPOS="1187" WIDTH="31" HEIGHT="17" WC="0.96" CONTENT="att"/><SP WIDTH="16" VPOS="1187" HPOS="479"/>
							<String ID="string_222" HPOS="495" VPOS="1185" WIDTH="80" HEIGHT="20" WC="0.96" CONTENT="komma"/><SP WIDTH="14" VPOS="1185" HPOS="575"/>
							<String ID="string_223" HPOS="589" VPOS="1185" WIDTH="8" HEIGHT="19" WC="0.96" CONTENT="i"/><SP WIDTH="15" VPOS="1185" HPOS="597"/>
							<String ID="string_224" HPOS="612" VPOS="1186" WIDTH="23" HEIGHT="19" WC="0.96" CONTENT="sä"/><SP WIDTH="14" VPOS="1186" HPOS="635"/>
							<String ID="string_225" HPOS="649" VPOS="1188" WIDTH="50" HEIGHT="17" WC="0.93" CONTENT="nära"/><SP WIDTH="14" VPOS="1188" HPOS="699"/>
							<String ID="string_226" HPOS="713" VPOS="1184" WIDTH="123" HEIGHT="21" WC="0.95" CONTENT="förbindelse"/>
						</TextLine>
						<TextLine ID="line_29" HPOS="93" VPOS="1212" WIDTH="742" HEIGHT="28">
							<String ID="string_227" HPOS="93" VPOS="1212" WIDTH="46" HEIGHT="20" WC="0.93" CONTENT="med"/><SP WIDTH="15" VPOS="1212" HPOS="139"/>
							<String ID="string_228" HPOS="154" VPOS="1212" WIDTH="89" HEIGHT="27" WC="0.92" CONTENT="jernväg"/><SP WIDTH="17" VPOS="1212" HPOS="243"/>
							<String ID="string_229" HPOS="260" VPOS="1220" WIDTH="43" HEIGHT="13" WC="0.96" CONTENT="som"/><SP WIDTH="14" VPOS="1220" HPOS="303"/>
							<String ID="string_230" HPOS="317" VPOS="1214" WIDTH="84" HEIGHT="26" WC="0.96" CONTENT="möjligt,"/><SP WIDTH="15" VPOS="1214" HPOS="401"/>
							<String ID="string_231" HPOS="416" VPOS="1214" WIDTH="58" HEIGHT="20" WC="0.96" CONTENT="torde"/><SP WIDTH="16" VPOS="1214" HPOS="474"/>
							<String ID="string_232" HPOS="490" VPOS="1215" WIDTH="35" HEIGHT="19" WC="0.96" CONTENT="det"/><SP WIDTH="15" VPOS="1215" HPOS="525"/>
							<String ID="string_233" HPOS="540" VPOS="1222" WIDTH="50" HEIGHT="13" WC="0.93" CONTENT="vara"/><SP WIDTH="15" VPOS="1222" HPOS="590"/>
							<String ID="string_234" HPOS="605" VPOS="1215" WIDTH="57" HEIGHT="20" WC="0.92" CONTENT="desto"/><SP WIDTH="22" VPOS="1215" HPOS="662"/>
							<String ID="string_235" HPOS="684" VPOS="1214" WIDTH="151" HEIGHT="26" WC="0.90" CONTENT="nödvändigare"/>
						</TextLine>
						<TextLine ID="line_30" HPOS="94" VPOS="1243" WIDTH="742" HEIGHT="25">
							<String ID="string_236" HPOS="94" VPOS="1244" WIDTH="30" HEIGHT="18" WC="0.96" CONTENT="att"/><SP WIDTH="22" VPOS="1244" HPOS="124"/>
							<String ID="string_237" HPOS="146" VPOS="1244" WIDTH="49" HEIGHT="23" WC="0.96" CONTENT="taga"/><SP WIDTH="22" VPOS="1244" HPOS="195"/>
							<String ID="string_238" HPOS="217" VPOS="1243" WIDTH="71" HEIGHT="25" WC="0.93" CONTENT="hvarje"/><SP WIDTH="20" VPOS="1243" HPOS="288"/>
							<String ID="string_239" HPOS="308" VPOS="1246" WIDTH="42" HEIGHT="17" WC="0.92" CONTENT="orts"/><SP WIDTH="20" VPOS="1246" HPOS="350"/>
							<String ID="string_240" HPOS="370" VPOS="1244" WIDTH="142" HEIGHT="20" WC="0.96" CONTENT="förhållanden"/><SP WIDTH="21" VPOS="1244" HPOS="512"/>
							<String ID="string_241" HPOS="533" VPOS="1245" WIDTH="37" HEIGHT="19" WC="0.93" CONTENT="och"/><SP WIDTH="19" VPOS="1245" HPOS="570"/>
							<String ID="string_242" HPOS="589" VPOS="1244" WIDTH="162" HEIGHT="20" WC="0.81" CONTENT="kulturtillständ"/><SP WIDTH="20" VPOS="1244" HPOS="751"/>
							<String ID="string_243" HPOS="771" VPOS="1244" WIDTH="65" HEIGHT="20" WC="0.96" CONTENT="under"/>
						</TextLine>
						<TextLine ID="line_31" HPOS="93" VPOS="1272" WIDTH="743" HEIGHT="27">
							<String ID="string_244" HPOS="93" VPOS="1275" WIDTH="93" HEIGHT="17" WC="0.91" CONTENT="närmare"/><SP WIDTH="21" VPOS="1275" HPOS="186"/>
							<String ID="string_245" HPOS="207" VPOS="1272" WIDTH="133" HEIGHT="26" WC="0.90" CONTENT="ompröfning,"/><SP WIDTH="15" VPOS="1272" HPOS="340"/>
							<String ID="string_246" HPOS="355" VPOS="1273" WIDTH="62" HEIGHT="20" WC="0.92" CONTENT="innan"/><SP WIDTH="20" VPOS="1273" HPOS="417"/>
							<String ID="string_247" HPOS="437" VPOS="1281" WIDTH="48" HEIGHT="13" WC="0.93" CONTENT="man"/><SP WIDTH="21" VPOS="1281" HPOS="485"/>
							<String ID="string_248" HPOS="506" VPOS="1274" WIDTH="101" HEIGHT="20" WC="0.92" CONTENT="definitivt"/><SP WIDTH="18" VPOS="1274" HPOS="607"/>
							<String ID="string_249" HPOS="625" VPOS="1275" WIDTH="118" HEIGHT="19" WC="0.91" CONTENT="bestämmer"/><SP WIDTH="15" VPOS="1275" HPOS="743"/>
							<String ID="string_250" HPOS="758" VPOS="1274" WIDTH="33" HEIGHT="25" WC="0.97" CONTENT="sig"/><SP WIDTH="14" VPOS="1274" HPOS="791"/>
							<String ID="string_251" HPOS="805" VPOS="1273" WIDTH="31" HEIGHT="20" WC="0.96" CONTENT="för"/>
						</TextLine>
						<TextLine ID="line_32" HPOS="94" VPOS="1302" WIDTH="243" HEIGHT="26">
							<String ID="string_252" HPOS="94" VPOS="1308" WIDTH="25" HEIGHT="13" WC="0.93" CONTENT="en"/><SP WIDTH="15" VPOS="1308" HPOS="119"/>
							<String ID="string_253" HPOS="134" VPOS="1302" WIDTH="64" HEIGHT="19" WC="0.92" CONTENT="banas"/><SP WIDTH="15" VPOS="1302" HPOS="198"/>
							<String ID="string_254" HPOS="213" VPOS="1302" WIDTH="124" HEIGHT="26" WC="0.90" CONTENT="sträckning."/>
						</TextLine>
					</TextBlock>
					<TextBlock ID="block_6" HPOS="94" VPOS="1331" WIDTH="743" HEIGHT="117">
						<TextLine ID="line_33" HPOS="164" VPOS="1331" WIDTH="672" HEIGHT="29">
							<String ID="string_255" HPOS="164" VPOS="1331" WIDTH="41" HEIGHT="20" WC="0.96" CONTENT="Det"/><SP WIDTH="14" VPOS="1331" HPOS="205"/>
							<String ID="string_256" HPOS="219" VPOS="1332" WIDTH="58" HEIGHT="20" WC="0.96" CONTENT="torde"/><SP WIDTH="16" VPOS="1332" HPOS="277"/>
							<String ID="string_257" HPOS="293" VPOS="1339" WIDTH="48" HEIGHT="14" WC="0.93" CONTENT="vara"/><SP WIDTH="16" VPOS="1339" HPOS="341"/>
							<String ID="string_258" HPOS="357" VPOS="1331" WIDTH="110" HEIGHT="28" WC="0.92" CONTENT="sjelfklart,"/><SP WIDTH="17" VPOS="1331" HPOS="467"/>
							<String ID="string_259" HPOS="484" VPOS="1336" WIDTH="31" HEIGHT="18" WC="0.96" CONTENT="att"/><SP WIDTH="16" VPOS="1336" HPOS="515"/>
							<String ID="string_260" HPOS="531" VPOS="1340" WIDTH="24" HEIGHT="14" WC="0.93" CONTENT="en"/><SP WIDTH="15" VPOS="1340" HPOS="555"/>
							<String ID="string_261" HPOS="570" VPOS="1334" WIDTH="74" HEIGHT="20" WC="0.91" CONTENT="bibana"/><SP WIDTH="14" VPOS="1334" HPOS="644"/>
							<String ID="string_262" HPOS="658" VPOS="1340" WIDTH="71" HEIGHT="20" WC="0.96" CONTENT="genom"/><SP WIDTH="16" VPOS="1340" HPOS="729"/>
							<String ID="string_263" HPOS="745" VPOS="1333" WIDTH="34" HEIGHT="20" WC="0.93" CONTENT="det"/><SP WIDTH="15" VPOS="1333" HPOS="779"/>
							<String ID="string_264" HPOS="794" VPOS="1333" WIDTH="42" HEIGHT="20" WC="0.89" CONTENT="väl-"/>
						</TextLine>
						<TextLine ID="line_34" HPOS="94" VPOS="1358" WIDTH="743" HEIGHT="32">
							<String ID="string_265" HPOS="94" VPOS="1360" WIDTH="72" HEIGHT="21" WC="0.93" CONTENT="odlade"/><SP WIDTH="16" VPOS="1360" HPOS="166"/>
							<String ID="string_266" HPOS="182" VPOS="1358" WIDTH="182" HEIGHT="29" WC="0.93" CONTENT="Syd-Österbotten"/><SP WIDTH="15" VPOS="1358" HPOS="364"/>
							<String ID="string_267" HPOS="379" VPOS="1362" WIDTH="45" HEIGHT="20" WC="0.92" CONTENT="frän"/><SP WIDTH="15" VPOS="1362" HPOS="424"/>
							<String ID="string_268" HPOS="439" VPOS="1364" WIDTH="67" HEIGHT="20" WC="0.93" CONTENT="Wasa"/><SP WIDTH="13" VPOS="1364" HPOS="506"/>
							<String ID="string_269" HPOS="519" VPOS="1364" WIDTH="87" HEIGHT="26" WC="0.93" CONTENT="jernväg"/><SP WIDTH="15" VPOS="1364" HPOS="606"/>
							<String ID="string_270" HPOS="621" VPOS="1364" WIDTH="31" HEIGHT="19" WC="0.93" CONTENT="till"/><SP WIDTH="14" VPOS="1364" HPOS="652"/>
							<String ID="string_271" HPOS="666" VPOS="1365" WIDTH="66" HEIGHT="25" WC="0.93" CONTENT="nägon"/><SP WIDTH="13" VPOS="1365" HPOS="732"/>
							<String ID="string_272" HPOS="745" VPOS="1363" WIDTH="92" HEIGHT="26" WC="0.91" CONTENT="sjöhamn"/>
						</TextLine>
						<TextLine ID="line_35" HPOS="94" VPOS="1390" WIDTH="743" HEIGHT="27">
							<String ID="string_273" HPOS="94" VPOS="1393" WIDTH="23" HEIGHT="17" WC="0.71" CONTENT="är"/><SP WIDTH="22" VPOS="1393" HPOS="117"/>
							<String ID="string_274" HPOS="139" VPOS="1390" WIDTH="118" HEIGHT="27" WC="0.93" CONTENT="nödvändig"/><SP WIDTH="22" VPOS="1390" HPOS="257"/>
							<String ID="string_275" HPOS="279" VPOS="1393" WIDTH="12" HEIGHT="18" WC="0.75" CONTENT="&amp;"/><SP WIDTH="20" VPOS="1393" HPOS="291"/>
							<String ID="string_276" HPOS="311" VPOS="1392" WIDTH="34" HEIGHT="20" WC="0.96" CONTENT="det"/><SP WIDTH="20" VPOS="1392" HPOS="345"/>
							<String ID="string_277" HPOS="365" VPOS="1392" WIDTH="128" HEIGHT="21" WC="0.89" CONTENT="vidsträckta"/><SP WIDTH="21" VPOS="1392" HPOS="493"/>
							<String ID="string_278" HPOS="514" VPOS="1393" WIDTH="89" HEIGHT="21" WC="0.96" CONTENT="området"/><SP WIDTH="20" VPOS="1393" HPOS="603"/>
							<String ID="string_279" HPOS="623" VPOS="1394" WIDTH="73" HEIGHT="19" WC="0.96" CONTENT="mellan"/><SP WIDTH="19" VPOS="1394" HPOS="696"/>
							<String ID="string_280" HPOS="715" VPOS="1393" WIDTH="65" HEIGHT="21" WC="0.96" CONTENT="Wasa"/><SP WIDTH="19" VPOS="1393" HPOS="780"/>
							<String ID="string_281" HPOS="799" VPOS="1393" WIDTH="38" HEIGHT="20" WC="0.96" CONTENT="och"/>
						</TextLine>
						<TextLine ID="line_36" HPOS="95" VPOS="1420" WIDTH="742" HEIGHT="28">
							<String ID="string_282" HPOS="95" VPOS="1420" WIDTH="132" HEIGHT="27" WC="0.95" CONTENT="Björneborg."/><SP WIDTH="30" VPOS="1420" HPOS="227"/>
							<String ID="string_283" HPOS="257" VPOS="1422" WIDTH="72" HEIGHT="19" WC="0.93" CONTENT="Denna"/><SP WIDTH="20" VPOS="1422" HPOS="329"/>
							<String ID="string_284" HPOS="349" VPOS="1422" WIDTH="81" HEIGHT="20" WC="0.96" CONTENT="sträcka"/><SP WIDTH="20" VPOS="1422" HPOS="430"/>
							<String ID="string_285" HPOS="450" VPOS="1425" WIDTH="63" HEIGHT="23" WC="0.96" CONTENT="utgör"/><SP WIDTH="19" VPOS="1425" HPOS="513"/>
							<String ID="string_286" HPOS="532" VPOS="1423" WIDTH="39" HEIGHT="20" WC="0.95" CONTENT="den"/><SP WIDTH="15" VPOS="1423" HPOS="571"/>
							<String ID="string_287" HPOS="586" VPOS="1423" WIDTH="46" HEIGHT="20" WC="0.93" CONTENT="bäst"/><SP WIDTH="15" VPOS="1423" HPOS="632"/>
							<String ID="string_288" HPOS="647" VPOS="1423" WIDTH="115" HEIGHT="20" WC="0.93" CONTENT="bebrukade"/><SP WIDTH="16" VPOS="1423" HPOS="762"/>
							<String ID="string_289" HPOS="778" VPOS="1422" WIDTH="59" HEIGHT="20" WC="0.95" CONTENT="delen"/>
						</TextLine>
					</TextBlock>
				</ComposedBlock>
				<ComposedBlock ID="cblock_5" HPOS="164" VPOS="1460" WIDTH="625" HEIGHT="24">
					<TextBlock ID="block_7" HPOS="164" VPOS="1460" WIDTH="625" HEIGHT="24">
						<TextLine ID="line_37" HPOS="164" VPOS="1460" WIDTH="625" HEIGHT="24">
							<String ID="string_290" HPOS="164" VPOS="1460" WIDTH="173" HEIGHT="24" WC="0.91" CONTENT="Jernvägsutskottets"/><SP WIDTH="11" VPOS="1460" HPOS="337"/>
							<String ID="string_291" HPOS="348" VPOS="1462" WIDTH="105" HEIGHT="19" WC="0.96" CONTENT="betänkande"/><SP WIDTH="12" VPOS="1462" HPOS="453"/>
							<String ID="string_292" HPOS="465" VPOS="1462" WIDTH="36" HEIGHT="19" WC="0.96" CONTENT="N:o"/><SP WIDTH="12" VPOS="1462" HPOS="501"/>
							<String ID="string_293" HPOS="513" VPOS="1464" WIDTH="15" HEIGHT="17" WC="0.96" CONTENT="1."/><SP WIDTH="250" VPOS="1464" HPOS="528"/>
							<String ID="string_294" HPOS="778" VPOS="1464" WIDTH="11" HEIGHT="16" WC="0.96" CONTENT="2"/>
						</TextLine>
					</TextBlock>
				</ComposedBlock>
			</PrintSpace>
		</Page>
	</Layout>
</alto>
