1056 1673
228 111 26 19 72
421 109 225 23 Petitionsbetänkande
663 110 34 21 N:o
713 109 14 22 1.

196 170 80 26 Kärnä,
298 170 83 20 hvartill
400 170 81 20 komma
501 170 26 21 de
543 170 40 21 'vid
605 170 52 20 nord
677 170 93 20 Keiteles
792 173 70 18 vestra
877 171 72 19 strand

196 199 108 25 befintliga
320 200 133 20 vattenfallen
469 200 102 26 Huopana
582 200 38 20 och
631 200 95 20 Keihäri.
747 200 67 20 Dessa
825 200 79 20 trakter
915 204 35 16 äro

196 230 61 24 jemte
272 230 123 26 Pihtipudas
411 230 108 26 onekligen
535 230 101 20 Finlands
652 230 131 26 skogrikaste
799 230 76 26 nejder.

269 260 31 19 På
321 262 81 18 senaste
413 260 54 20 tider
482 260 38 20 har
535 260 145 26 tjärbränning
696 260 23 20 af
732 260 87 20 stubbar
834 260 46 20 med
901 266 47 20 syn-

196 289 77 26 nerligt
288 290 50 25 godt
353 290 86 20 resultat
454 290 8 19 i
477 292 44 18 stor
536 290 59 20 skala
610 290 67 25 börjat
687 290 106 20 bedrifvas
803 290 8 19 i
821 290 128 26 Pihtipudas.

196 319 60 20 Inom
276 320 70 25 loppet
366 320 22 20 af
400 324 76 16 tvenne
495 321 22 18 år
533 320 62 20 hafva
611 320 94 26 uppförts
722 320 29 20 30
767 320 87 25 stycken
875 320 75 25 tjärda-

196 349 38 25 lar,
257 349 7 19 i
284 349 71 20 hvilka
376 350 53 25 tjära
451 350 108 20 tillverkas
579 350 133 20 uteslutande
728 349 23 20 af
765 350 91 26 stubbar,
872 350 31 19 för
919 352 30 17 att

197 379 64 20 sedan
277 379 46 20 med
338 380 47 20 häst
399 380 74 20 forslas
488 380 32 19 till
531 380 55 20 Sievi
602 380 82 19 station.
699 380 72 19 Ehuru
781 379 62 20 dessa
854 380 97 25 tjärdalar

198 412 34 17 äro
248 409 24 19 af
284 409 103 26 möjligast
402 410 147 25 ursprungliga
564 410 146 19 konstruktion
721 412 53 17 samt
785 409 84 20 afkasta
879 409 73 20 endast

197 439 55 25 tjära
272 439 38 20 och
330 439 40 27 kol,
392 446 45 13 men
459 439 37 20 alls
517 439 44 20 icke
577 439 104 26 terpentin
698 439 38 20 och
751 439 66 20 andra
832 439 117 26 produkter,

198 469 23 19 så
244 469 106 20 tillverkas
370 469 8 19 i
397 469 46 28 dem
464 469 79 26 årligen
563 469 65 26 6,240
649 471 76 18 tunnor
745 469 60 26 tjära,
821 469 70 19 hvilka
906 468 46 20 med

198 499 67 26 2,080
289 499 71 20 hästar
385 499 73 20 forslas
484 499 40 20 den
550 500 27 18 10
600 499 35 19 mil
658 499 62 26 långa
744 502 67 22 vägen
834 498 31 20 till
889 499 61 19 Sievi.

197 529 75 19 Denna
287 529 89 20 industri
390 529 41 20 kan
447 529 53 20 dock
515 532 55 16 ännu
586 535 61 14 anses
663 536 50 13 vara
729 529 73 19 endast
817 528 8 19 i
841 529 32 19 sin
888 528 64 20 första

197 558 79 25 början.
307 559 46 19 Den
368 559 37 20 har
420 559 103 25 nämligen
539 562 55 16 ännu
609 559 46 19 icke
670 559 85 20 kommit
770 559 32 19 till
818 558 133 25 användning

197 589 8 18 i
220 588 122 20 Wiitasaari
358 589 84 20 emedan
463 588 246 26 transportkostnaderna
735 588 32 20 till
789 588 70 20 hafvet
880 590 72 23 utgöra

198 620 31 18 ett
244 618 74 20 hinder
333 618 74 21 härför.
439 619 30 19 På
485 625 76 13 samma
577 621 42 17 sätt
634 618 97 20 förhåller
748 618 34 19 det
794 618 32 25 sig
837 618 45 19 med
893 617 58 20 Kivi-

196 648 61 25 järvi,
278 648 102 20 Pielavesi
399 649 38 19 och
462 649 136 25 Rautalampi.
634 648 68 20 Dessa
724 648 127 24 kommuner,
871 647 81 20 hvilkas

198 678 115 25 ytinnehäll
334 679 80 25 uppgår
434 679 31 19 till
484 679 64 25 8,000
570 678 152 25 gvadratverst,
739 677 76 20 hvaraf
827 677 123 25 visserligen

199 714 26 13 en
240 707 34 20 del
290 710 82 23 utgöres
389 708 22 19 af
424 711 76 23 vatten,
517 711 34 16 äro
567 708 6 19 i
590 709 23 19 sä
628 708 41 25 hög
679 707 52 27 grad
742 707 103 26 skogrika,
857 709 30 18 att
896 707 55 25 jern-

198 740 80 23 vägens
293 737 174 21 trafikkostnader
481 740 50 17 utan
547 737 72 20 tvifvel
635 738 79 19 komme
730 740 30 17 att
771 737 98 20 betäckas
880 737 73 19 endast

198 767 48 20 med
256 768 191 25 transporterandet
459 767 22 20 af
494 767 181 26 skogsprodukter,
693 770 23 23 ty
731 767 90 20 förutom
837 773 24 13 en
878 766 74 25 otrolig

198 803 70 14 massa
286 797 91 27 stubbar,
398 797 23 20 af
438 797 70 21 hvilka
529 797 70 20 kunna
615 797 88 20 erhällas
720 797 123 20 ätminstone
859 796 40 26 kol,
916 796 36 19 fin-

198 833 38 13 nas
258 827 38 19 här
316 827 45 20 rika
376 827 130 27 furuskogar,
523 827 105 20 äfvensom
645 830 54 17 ännu
715 827 43 20 helt
774 827 38 19 och
828 826 63 20 hället
906 826 47 20 obe-

199 856 63 20 rörda
282 857 142 26 björkskogar,
445 857 31 19 för
496 857 82 20 hvilkas
599 856 123 26 afverkning
743 864 47 12 man
805 856 46 20 icke
867 856 41 20 kan
919 856 33 19 be-

199 893 70 19 gagna
284 887 33 25 sig
332 887 22 19 af
367 887 92 25 flötning.

272 916 33 19 Då
325 916 69 20 härtill
418 917 71 25 lägges
509 916 144 20 lokaltrafiken
682 916 7 19 i
712 916 25 19 de
760 916 89 19 folkrika
873 915 80 19 trakter

199 952 74 19 genom
288 946 71 20 hvilka
375 947 67 19 banan
453 947 78 19 komme
542 948 31 18 att
583 946 52 27 löpa,
652 946 38 20 och
700 945 89 20 trafiken
799 945 47 20 från
857 945 25 19 de
894 947 59 22 orter,

198 975 73 20 hvilka
291 976 77 19 medels
388 979 136 22 vattenvägar
544 976 79 19 komme
644 978 30 17 att
695 977 32 18 stå
744 975 7 20 i
767 975 124 20 förbindelse
906 974 46 19 med

196 1005 123 26 jernvägen,
335 1006 38 19 och
388 1006 119 25 isynnerhet
523 1005 39 20 den
574 1005 107 26 betydelse
692 1012 43 13 som
745 1005 68 20 denna
824 1007 41 22 väg
875 1004 78 19 komme

199 1037 31 17 att
250 1035 64 20 hafva
334 1037 66 18 såsom
420 1035 120 20 förmedlare
556 1035 23 20 af
592 1042 25 13 en
633 1035 69 20 direkt
717 1035 62 19 trafik
795 1034 85 20 emellan
896 1034 57 19 Kuo-

198 1064 35 26 pio
250 1065 38 19 och
302 1065 115 26 Uleåborgs
431 1065 117 26 jernvägar,
564 1065 27 19 då
606 1065 48 20 hela
670 1061 145 24 Österbottens
826 1063 126 20 sädestrans-

198 1096 49 23 port
268 1095 66 19 skulle
354 1095 68 19 direkt
443 1095 50 20 söka
508 1095 32 25 sig
555 1095 31 19 till
602 1095 106 26 Savolaks,
726 1095 23 19 så
765 1097 43 16 tror
822 1093 36 26 jag
873 1095 30 18 att
916 1093 37 25 jag

199 1123 111 20 framställt
333 1125 124 25 tillräckliga
477 1125 45 20 skäl
542 1125 32 19 för
594 1124 43 19 min
658 1125 95 19 anhållan
775 1126 30 17 att
827 1123 34 20 det
881 1123 72 20 heder-

199 1153 67 20 värda
280 1154 155 20 Bondeståndet
451 1155 47 19 ville
514 1154 85 20 omfatta
615 1160 25 14 en
655 1154 88 26 petition
759 1153 77 20 derom:

416 1201 32 20 att
463 1200 27 21 H.
502 1199 29 22 K.
545 1199 105 28 Majestät
659 1200 50 21 ville
713 1199 54 28 före
777 1199 176 22 nästkommande

345 1230 105 28 landtdag
466 1230 45 21 läta
522 1229 94 22 tekniskt
627 1230 36 21 och
683 1229 131 22 ekonomiskt
831 1228 123 22 undersöka

346 1267 26 14 en
395 1260 112 27 tvärbana,
530 1267 45 14 som
597 1259 70 22 skulle
687 1260 53 27 utgä
762 1259 55 27 frän
841 1257 112 23 Savolaks-

344 1289 73 22 banan
437 1289 36 22 vid
495 1289 79 22 lisvesi
595 1289 51 22 eller
667 1288 136 28 Suonenjoki
819 1289 81 21 station
916 1287 36 22 och

345 1319 58 22 ledas
419 1319 33 22 till
467 1319 59 21 Sievi
541 1319 80 21 station
647 1319 4 21 &
672 1318 196 27 Uleäborgsbanan.

639 1366 50 22 Antti
707 1366 102 21 Kananen.

571 1402 136 22 Representant
719 1401 29 18 for
761 1401 111 18 Wiitasaari

681 1425 94 23 domsaga.

274 1460 174 24 Jernvägsutskottets
460 1461 107 18 betänkande
580 1460 36 19 N:o
628 1462 15 16 1.
