1070 1673
282 130 27 21 14
454 130 245 23 Petitionsbetänkande
714 130 37 22 N:o
767 129 35 24 20.

250 199 38 18 dets
307 199 81 22 benägna
404 199 93 19 understöd
517 200 27 17 för
563 206 21 12 en
600 200 109 23 underdånig
721 200 75 23 petition
809 200 26 17 till
847 200 50 18 Hans
909 199 99 24 Kejserliga

251 227 83 23 Majestät
346 228 68 18 därom:

525 263 30 18 att
565 262 34 18 den
611 262 8 18 i
630 262 106 19 Keksholms
747 262 41 18 stad
800 262 90 24 befintliga
899 262 108 24 tvåklassiga

456 291 159 18 elementarskolan
627 291 56 18 måtte
694 291 75 22 förenas
780 291 40 18 med
832 291 33 18 den
877 291 35 18 där
922 291 85 24 förlagda

456 319 53 24 högre
520 319 102 22 folkskolan
634 319 29 18 till
674 325 21 12 en
702 319 100 24 fyrklassig
810 319 89 19 samskola
906 319 39 18 med
952 319 56 23 finskt

456 348 203 23 undervisningsspråk;
668 349 48 17 samt
724 349 29 17 att
760 353 24 13 ur
789 348 94 18 allmänna
890 348 56 18 medel
951 348 56 18 måtte

456 377 73 23 beviljas
546 378 27 17 otit
589 377 21 18 så
627 378 48 17 stort
692 378 53 17 extra
759 377 69 24 Vidrag,
838 382 39 13 som
888 377 59 18 donna
957 377 49 18 nom

456 405 75 24 tillföljd
543 405 24 23 af
575 405 31 19 sin
617 412 37 17 nya
666 405 126 25 organisation
804 405 68 19 komme
879 407 30 16 att
916 405 90 24 erfordra.

318 452 112 23 Helsingfors
442 453 33 17 den
488 454 11 16 4
512 453 76 17 februari
604 453 49 18 1891.

826 487 19 22 S.
860 487 77 28 Ryösä.

306 577 35 22 XI.

317 621 153 27 (Öfversättning.)

442 676 45 22 Till
501 677 129 28 högvördiga
644 676 171 22 Presteständet.

317 727 37 18 Där
370 729 92 17 teoretiskt
479 729 34 18 och
531 728 89 22 praktiskt
636 729 73 18 intresse
726 729 23 23 gä
764 729 46 17 hand
826 729 6 17 i
842 729 55 22 hand,
911 729 94 17 förefinnes

247 756 93 22 möjlighet
353 757 26 17 till
391 760 25 15 ett
428 758 77 22 verkligt
517 758 163 18 framåtskridande.
704 758 29 17 De
745 758 21 17 af
780 760 57 16 staten
850 758 97 18 bekostade
959 758 45 17 liro-

248 785 77 18 verkens
334 786 72 22 uppgift
418 788 24 20 är,
456 789 26 15 ait
494 788 5 16 i
513 787 18 17 sä
544 787 41 17 vida
596 787 67 18 kretsar
675 793 38 12 som
727 787 69 22 möjligt
808 787 60 22 sprida
876 787 53 22 högre
938 787 67 17 lärdom

247 814 34 17 och
294 814 66 18 allmän
374 815 129 24 medborgerlig
515 816 85 23 bildning.

315 843 89 18 Mellersta
422 845 33 17 och
473 851 22 11 en
513 845 28 17 del
558 845 21 17 af
592 851 52 12 norra
657 845 78 18 Karelen
747 844 33 18 har
793 844 43 18 först
848 845 24 22 pä
884 851 61 11 senare
957 844 45 17 tider

246 871 69 18 erhällit
334 875 26 15 ett
376 873 56 22 dylikt
443 873 88 23 läroverk,
548 873 5 18 i
567 873 11 18 f.
591 873 17 18 d.
621 873 165 22 elementarskolan,
801 879 73 12 numera
886 873 55 22 lyceet
954 873 5 17 i
971 873 31 18 Jo-

245 906 55 11 ensuu
320 901 46 18 stad.
393 901 41 18 Men
448 902 107 22 nordligaste
566 902 51 18 delen
632 903 20 16 af
663 902 84 21 Karelen,
762 901 70 18 trakten
847 901 52 23 kring
912 901 29 18 det
954 901 49 22 läng-

245 929 78 18 sträckta
338 929 104 23 Pielisjärvi,
461 932 20 16 är
495 933 47 15 ännu
561 931 49 22 långt
627 931 76 22 aflägsen
722 940 24 3 —
764 930 88 18 afständet
870 932 51 20 utgör
939 930 63 17 mellan

245 957 25 18 tio
287 958 34 17 och
339 959 51 22 tjugu
408 959 30 17 mil
456 969 22 2 —
496 959 39 18 frän
556 962 86 15 närmaste
662 959 86 22 skolstad,
768 959 72 22 Kuopio
858 959 43 17 eller
917 959 85 17 Joensuu.

245 986 87 18 Traktens
349 987 107 22 aflägsenhet
469 987 38 18 från
520 988 58 18 städer
590 991 45 15 samt
647 988 85 18 behofvet
744 987 20 18 af
775 993 21 12 en
809 987 114 23 medelpunkt
935 989 27 16 för
974 993 28 12 or-

245 1018 39 15 tens
296 1015 54 23 lifliga
362 1016 58 22 trafik,
434 1017 32 17 har
477 1017 100 17 framkallat
589 1017 71 18 Nurmis
672 1017 75 23 köping,
761 1022 38 12 som
809 1017 33 16 fätt
850 1016 46 22 plats
904 1017 6 16 i
918 1015 85 18 närheten

245 1044 20 17 af
281 1044 33 17 den
333 1045 120 18 blomstrande
471 1045 34 18 och
523 1045 77 18 folkrika
617 1045 94 23 kyrkobyn
731 1045 24 23 pä
772 1045 83 18 stranden
867 1044 19 17 af
897 1043 106 23 Pielisjärvi.

245 1072 134 24 Otvifvelaktigt
392 1074 80 17 kommer
484 1074 57 18 denna
553 1074 73 23 köping,
639 1080 39 12 som
690 1075 117 17 tillsammans
819 1073 40 18 med
871 1073 93 22 kyrkobyn
976 1079 26 11 re-

245 1101 34 18 dan
295 1108 23 11 nu
334 1103 65 17 räknar
414 1103 82 22 omkring
513 1105 52 20 1,000
577 1103 89 22 invånare,
680 1106 26 15 att
718 1103 74 18 tillväxa
804 1102 34 18 och
850 1102 89 17 förkofras
951 1101 5 18 i
968 1102 34 17 alla

245 1130 101 19 afseenden.
372 1131 26 18 På
416 1132 56 22 grund
489 1132 53 17 häraf
559 1132 33 17 och
610 1132 23 17 då
650 1131 135 24 ifrågavarande
802 1131 48 17 trakt
861 1136 38 12 som
912 1130 60 17 nämdt
984 1132 19 15 är

245 1159 50 22 långt
314 1159 77 23 aflägsen
410 1160 38 17 från
469 1167 20 11 en
508 1161 38 17 stad
559 1161 39 17 med
611 1161 55 21 skola,
681 1161 55 22 vågar
746 1160 32 22 jag
790 1159 89 18 vördsamt
890 1159 69 22 föreslå,
974 1159 29 16 det

246 1187 113 24 Högvördiga
374 1189 131 18 Presteständet
520 1190 40 17 ville
577 1189 61 18 förena
652 1190 27 22 sig
691 1196 29 11 om
734 1195 23 12 en
770 1188 109 21 underdänig
890 1188 75 22 petition
977 1187 25 18 till

245 1216 50 19 Hans
306 1217 100 22 Kejserliga
418 1217 81 23 Majestät
511 1218 5 17 i
529 1218 53 22 syfte,

522 1264 29 17 att
567 1263 8 17 i
592 1263 78 18 Nurmis
686 1262 67 24 köping
772 1261 56 18 mätte
839 1261 81 18 inrättas
931 1266 22 12 en
965 1260 38 18 tvä-

452 1291 66 24 klassig
529 1291 120 24 finskspråkig
660 1290 152 19 elementarskola.

314 1338 112 23 Helsingfors
438 1339 35 17 den
485 1341 10 15 3
508 1339 84 17 Februari
605 1340 49 16 1891.

768 1366 24 21 H.
808 1365 125 29 Piipponen.

315 1480 100 18 Allmänna
427 1481 173 18 Besvärsutskottets
610 1481 110 18 betänkande
732 1480 38 19 N:o
782 1480 29 18 21.
