1064 1661
208 136 354 16 Petitlomsbetänkande
574 135 55 17 N:o
642 134 46 16 14.

348 413 137 23 Allmänna
509 414 259 22 Besvärsutskottets
790 413 42 23 be-

280 449 136 22 tänkande
433 449 38 22 N:o
493 448 24 22 10
540 449 7 21 i
570 449 118 28 anledning
711 449 24 21 af
755 449 78 21 tvenne

280 483 8 22 i
309 483 184 28 Borgareständet
512 483 121 22 inlemnade
653 483 179 29 petitionsmemo-

282 517 42 22 rial
342 517 113 29 angående
474 518 40 21 den
530 518 85 29 privata
631 517 179 22 handelsskolans
826 517 7 21 i

281 552 142 22 Tammerfors
442 552 155 29 öfvertagande
615 553 24 21 af
655 553 71 21 staten
746 552 37 21 och
800 552 34 21 in-

280 586 113 22 rättandet
412 586 24 22 af
452 593 27 15 en
497 587 62 28 dylik
574 588 27 28 pä
617 587 82 21 statens
715 586 121 22 bekostnad

282 621 8 21 i
305 621 143 29 Björneborg.

148 684 89 21 Genom
252 684 218 28 protokollsutdrag
486 684 27 21 af
526 684 43 22 den
586 686 12 19 7
609 684 115 21 Februari
735 684 41 20 har
788 684 48 20 väl-

79 718 79 28 lofliga
181 718 195 29 Borgareständet
398 718 37 21 till
460 719 126 20 Allmänna
608 718 228 21 Besvärsutskottets

82 753 149 28 behandling,
240 753 72 28 jämte
322 753 117 28 protokoll
451 753 67 21 öfver
529 753 43 21 den
583 753 41 21 vid
636 753 108 21 ärendets
756 752 81 21 remiss

80 787 168 29 försiggängna
276 787 171 26 diskussionen,
471 788 132 28 hänskjutit
625 787 103 29 följande
752 789 85 19 tvenne

80 822 202 28 petitionsförslag
288 830 4 14 :

274 883 42 21 Till
330 883 110 27 vällofliga
457 883 188 28 Borgareständet.

150 934 29 18 Pä
194 934 64 23 grund
270 934 22 18 af
301 934 84 18 särskild
398 934 123 24 uppmaning
532 934 23 18 af
565 935 46 17 vära
623 934 78 18 valmän
716 940 47 12 anse
775 934 21 18 vi
808 940 32 12 oss

83 964 46 16 böra
142 963 78 23 päkalla
230 963 174 23 Borgareständets
416 963 103 23 välvilliga
527 963 172 23 uppmärksamhet
708 963 30 17 för
747 965 28 15 ett
784 964 57 17 önsk-

84 992 104 22 ningsmäl,
204 997 42 12 som
262 991 92 18 omfattas
370 992 43 17 icke
425 992 84 17 allenast
521 992 22 17 af
553 992 133 17 allmänheten
699 992 11 17 &
722 992 38 18 den
773 994 35 20 ort,
820 992 22 18 vi

84 1021 24 17 ha
120 1022 48 16 äran
180 1022 138 22 representera,
335 1022 47 16 utan
397 1020 131 18 tvitvelsutan
545 1020 58 18 äfven
616 1020 22 18 af
647 1020 140 24 befolkningen
800 1021 6 17 i
818 1021 24 17 do

83 1049 121 18 vidsträckta
216 1049 77 23 bygder,
306 1049 66 18 hvilka
388 1049 3 18 i
403 1049 133 18 Tammerfors
551 1049 44 18 stad
610 1049 25 18 ha
650 1049 36 18 sitt
697 1050 146 17 kommerciella

85 1079 94 17 centrum.
203 1078 10 17 I
226 1078 84 17 nämnda
322 1078 44 18 stad
377 1078 119 23 grundlades
513 1078 90 18 sistlidna
615 1078 45 18 höst
672 1078 25 23 pä
709 1078 86 18 enskildt
807 1078 36 17 ini-

85 1106 57 18 tiativ
160 1111 25 12 en
203 1106 137 18 handelsskola
357 1107 44 17 med
417 1106 62 18 finskt
495 1107 217 23 undervisningsspräk,
729 1106 68 19 afsedd
813 1106 31 17 för

85 1135 76 22 tvåårig
176 1135 52 17 kurs.
252 1135 72 18 Skolan
339 1135 86 23 begynte
441 1135 31 18 sin
485 1135 124 18 verksamhet
621 1135 37 18 den
671 1136 48 17 1:sta
731 1135 113 24 September

86 1164 91 17 sistlidne
186 1164 20 17 är
214 1163 44 18 med
267 1169 24 12 en
300 1164 58 23 klass,
365 1164 36 17 och
410 1163 35 18 har
451 1164 8 17 i
465 1164 114 18 densamma
587 1164 143 23 undervisning
737 1164 108 18 meddelats

87 1192 164 23 hufvudsakligen
264 1192 6 17 i
282 1198 75 12 samma
369 1195 71 16 ämnen
453 1193 37 17 och
502 1193 62 23 enligt
577 1199 74 12 samma
662 1193 52 23 plan,
728 1198 42 12 som
782 1193 7 17 i
800 1199 44 11 ena-

87 1221 64 18 handa
168 1221 94 18 anstalter
278 1221 10 18 &
304 1221 60 18 andra
380 1223 53 16 orter
444 1221 7 18 i
464 1221 72 18 landet.
560 1221 148 23 Behöfligheten
721 1221 22 18 af
753 1227 24 12 en
790 1221 54 23 dylik

87 1250 226 23 undervisningsanstalt
324 1250 11 17 &
343 1252 56 16 orten
408 1250 129 23 ädagalägges
545 1250 60 17 redan
613 1249 22 18 af
641 1250 33 17 det
682 1249 163 24 sakförhållande,

87 1280 29 16 att
133 1279 99 22 mängden
249 1278 22 17 af
286 1277 175 19 inträdessökande
479 1278 34 17 vid
531 1278 80 17 skolans
629 1278 103 23 öppnande
750 1278 96 23 betydligt

88 1307 100 23 öfversteg
205 1307 33 17 det
254 1307 53 17 antal
325 1306 22 18 af
362 1307 24 17 30
403 1307 72 22 elever,
491 1313 42 12 som
545 1307 66 17 kunde
623 1308 113 22 emottagas.
761 1307 85 17 Oaktadt

88 1336 37 17 den
138 1335 139 23 offervilligbot
288 1336 97 17 särskilda
396 1335 107 18 affärsmän
516 1335 7 17 i
535 1335 132 17 Tammerfors
680 1335 106 23 ådagalagt,
799 1336 7 16 i
814 1336 33 16 det

88 1365 24 17 de
124 1364 63 18 iklädt
199 1364 30 23 sig
240 1364 61 23 ärliga
313 1364 68 23 bidrag
392 1364 32 18 för
432 1364 121 18 betäckande
561 1364 22 17 af
589 1364 131 17 kostnaderna
729 1364 30 17 för
768 1364 79 18 skolans

89 1393 159 24 grundläggande
275 1393 35 17 och
328 1393 108 22 underhåll,
455 1395 52 15 samt
525 1393 37 17 den
583 1392 121 23 sparsamhet
724 1392 123 18 direktionen

89 1422 97 23 iakttagit,
199 1421 86 18 befinner
297 1421 31 23 sig
340 1421 109 18 emellertid
461 1421 110 18 anstaltens
583 1421 91 18 ekonomi
687 1421 25 23 pä
723 1421 37 17 den
774 1421 33 22 fot,
819 1423 29 15 att

89 1451 43 17 icke
148 1451 83 17 allenast
242 1450 106 23 företagets
360 1449 123 19 fortbeständ
496 1452 21 15 är
529 1449 130 24 äfventyradt,
672 1451 48 16 utan
734 1455 59 17 synes
806 1449 42 18 där-

160 1485 97 18 Allmänna
270 1485 174 18 Besvärsutskottets
455 1484 110 19 betänkande
577 1485 28 16 No
617 1485 27 17 10.
