1059 1675
249 153 279 23 Petitionsbetänkande
545 153 44 22 N:o
606 154 37 21 39.
769 154 24 20 11

68 218 56 19 döme
148 217 67 19 verkat
238 216 25 26 på
286 218 109 23 systrarna.
426 217 24 19 Vi
465 217 52 24 hysa
532 217 38 19 den
586 217 137 25 förhoppning,
739 219 28 17 att
783 217 39 19 till-

68 246 161 19 fredsställandet
251 246 20 18 af
289 246 105 18 flickornas
409 245 162 25 bildningsbehof
585 246 16 24 ej
618 245 62 19 måtte
695 245 47 19 råka
758 248 22 16 ut
795 246 28 18 för

69 280 75 14 samma
167 274 116 24 motgångar
299 274 37 19 och
351 274 60 19 blifva
427 276 64 17 utsatt
505 274 30 19 för
550 280 75 13 samma
641 274 118 19 bemötande,
780 280 43 13 som

68 308 107 20 gossarnes
197 302 48 20 eller
267 302 33 20 det
322 302 77 26 privata
414 302 65 25 lyceet
494 303 6 19 i
515 302 129 20 Nikolaistad.
674 303 37 19 Det
726 305 22 17 är
769 303 54 19 redan

69 331 25 25 på
110 332 54 18 tiden
179 333 29 17 att
223 331 108 25 öfvergifva
346 331 145 25 likgiltigheten
506 331 57 20 äfven
579 331 6 19 i
601 332 54 18 detta
670 331 118 19 hänseende,
801 333 22 22 ty

69 366 46 13 man
131 360 38 19 kan
184 360 16 24 ej
213 360 66 19 lemna
295 366 23 12 ur
333 360 51 24 sigte
399 360 39 19 den
455 360 120 24 berättigade
590 360 85 24 fordran,
687 360 80 19 hvilken
775 366 48 19 gen-

69 388 64 26 ljuder
155 388 6 19 i
182 388 44 20 hela
248 388 38 19 den
306 388 77 19 bildade
399 388 86 24 verlden,
500 390 29 18 att
545 388 88 26 qvinnan
649 389 34 19 bör
697 389 81 24 bringas
795 388 29 19 till

70 423 76 13 samma
161 417 175 25 själfmedvetande
351 423 44 13 som
411 423 91 13 mannen.
533 417 79 19 Enhvar
628 417 56 19 torde
693 417 30 19 väl
732 418 92 22 erkänna,

69 447 30 18 att
114 446 39 19 den
168 445 77 20 bildade
261 446 88 24 qvinnan
368 445 73 20 förmår
456 446 91 25 uppfylla
563 446 31 19 sin
610 446 75 24 vigtiga
700 446 79 24 uppgift
795 445 29 19 till

71 474 97 19 hemmets
184 474 36 20 och
236 474 114 20 samhällets
366 474 56 19 bästa
439 474 130 25 mångfaldigt
585 474 64 20 bättre
670 476 25 18 än
710 480 25 13 en
745 474 79 25 qvinna,

70 509 43 13 som
134 503 60 25 ingen
215 503 90 24 bildning
327 502 83 25 erhållit,
433 503 36 19 och
489 505 29 17 att
533 503 40 19 hon
588 503 40 19 ofta
643 505 21 17 är
679 503 101 19 nödsakad
795 504 30 18 att

71 532 53 24 gifva
140 532 31 24 sig
186 533 21 17 ut
222 532 6 18 i
243 532 84 24 kampen
344 531 28 20 för
388 532 97 24 tillvaron,
501 532 81 18 hvarest
596 532 85 24 insigter
693 532 36 19 och
740 532 84 18 vetande

70 563 33 16 äro
126 560 153 25 oundgängliga,
299 561 37 18 och
351 561 66 18 hvilka
433 560 64 20 måste
512 567 47 12 vara
574 563 67 22 större,
657 563 25 17 än
697 561 44 18 dem
757 567 46 12 man
818 560 6 19 i

71 589 91 19 hemmen
177 589 131 19 öfverhufvud
325 589 38 19 kan
378 589 59 25 gifva.

140 617 25 19 Vi
185 617 51 25 våga
258 617 65 20 därför
339 617 78 20 anhålla
433 624 31 13 om
480 618 33 19 det
528 618 119 19 hedervärda
664 617 160 20 Bondeståndets

72 646 108 19 understöd
201 646 20 19 åt
243 646 38 19 den
305 646 133 25 förhoppning
459 647 37 19 hos
519 646 176 25 Sydösterbottens
711 646 114 25 inbyggare,

71 676 29 18 att
122 681 25 13 en
170 675 83 24 petition
275 675 30 19 till
326 675 55 19 Hans
402 675 107 25 Kejserliga
525 675 91 25 Majestät
632 675 77 19 komme
723 677 30 17 att
768 677 57 22 göras

71 703 78 20 därom:

346 745 27 17 att
398 743 9 18 i
432 743 122 19 Nikolaistad
577 743 58 20 redan
661 743 164 25 förstkommande

278 772 42 19 höst
335 772 58 19 måtte
410 772 82 19 inrättas
507 779 23 12 en
546 772 111 25 femlklassig
671 772 97 24 flickskola
783 771 44 19 med

277 801 59 24 finskt
350 800 214 25 undervisningsspräk.

141 857 130 25 Helsingfors,
287 858 37 19 den
342 858 9 19 1
369 858 92 19 Februari
478 859 59 19 1891.

160 913 17 23 F.
194 914 18 23 H.
228 913 117 29 Lagerstedt.
416 914 17 22 E.
450 914 11 23 1.
479 914 56 23 Roini.
621 914 17 22 J.
655 914 85 23 Koivisto.

142 1046 30 20 Af
194 1046 138 25 förestående,
355 1046 203 27 gvinnobildningen
578 1046 11 20 &
605 1046 100 20 särskilda
721 1049 56 18 orter
792 1046 35 20 be-

74 1080 88 21 rörande
177 1080 177 28 petitionsförslag
369 1080 54 21 afse:

143 1115 50 20 n:ris
216 1115 10 20 1
250 1115 39 20 och
313 1116 12 19 2
348 1116 29 19 att
400 1116 66 19 staten
489 1114 64 21 mätte
569 1114 107 28 öfvertaga
691 1114 41 21 den
747 1114 82 27 privata

74 1149 68 21 finska
157 1149 218 21 frantimmersskolan
391 1150 7 19 i
414 1143 59 28 Åbo:

143 1184 50 20 n:ris
209 1185 18 25 3,
242 1185 14 19 4
272 1184 38 20 och
327 1185 11 19 5
354 1186 30 18 att
398 1186 68 18 staten
482 1183 64 22 mätte
566 1184 106 27 öfvertaga
688 1184 37 20 och
742 1183 87 27 utvidga

75 1218 41 21 den
131 1218 80 27 privata
225 1218 69 21 finska
308 1218 220 21 fruntimmersskolan
543 1218 8 20 i
565 1218 106 23 Joensuu;

143 1258 34 14 n:o
194 1252 11 20 6
222 1254 29 19 att
267 1254 67 19 staten
350 1252 121 21 äfvenledes
488 1252 63 21 mätte
567 1252 106 27 öfvertaga
687 1252 38 20 och
736 1251 93 21 ombilda

75 1293 26 14 en
116 1287 89 20 likartad
221 1287 59 20 skola
295 1287 7 20 i
317 1287 31 20 S:t
363 1287 87 21 Michel;
467 1289 54 18 samt

143 1327 34 14 n:o
195 1322 10 19 7
222 1323 30 18 att
266 1321 26 27 pä
308 1321 136 20 statsverkets
459 1321 117 20 bekostnad
588 1327 25 14 en
624 1319 205 22 fruntimmersskola

75 1355 48 21 med
139 1355 64 21 finskt
217 1355 227 28 undervisningsspräk
459 1355 65 20 mätte
540 1355 86 20 inrättas
641 1355 7 20 i
664 1354 136 21 Nikolaistad.

143 1389 42 21 Det
207 1391 22 18 är
251 1389 33 20 för
305 1389 67 27 fjärde
388 1389 83 28 gängen
487 1395 29 14 nu
533 1395 26 15 en
576 1389 75 27 vädjan
666 1389 31 20 till
713 1388 117 21 Ständerna

75 1425 61 25 göres
151 1423 31 20 till
197 1423 82 21 förmån
294 1423 33 21 för
341 1423 147 20 förstnämnda
503 1423 64 20 skola.
597 1423 69 20 Sedan
682 1425 29 18 ett
726 1423 35 20 vid
775 1422 54 21 1882

76 1457 33 20 års
131 1457 101 28 landtdag
254 1457 58 21 inom
333 1457 160 20 Bondeständet
514 1457 117 21 inlemnadt
653 1456 178 28 petitionsförslag

144 1497 101 17 Allmänna
257 1497 168 17 Besrärsutskottets
437 1496 110 18 betänkande
560 1497 34 16 N:o
606 1496 30 17 29.
