1056 1673
247 124 27 19 36
441 123 224 23 Petitionsbetänkande
682 124 34 21 N:o
731 123 15 22 1.

570 184 41 18 15.

289 236 57 21 Från
362 236 63 22 Ridd.
442 237 39 21 och
497 237 71 22 Adeln
586 243 27 16 en
629 237 24 22 af
666 237 101 22 Friherre
783 237 24 22 E.
823 237 102 26 Hisinger
937 237 32 21 in-

218 271 73 27 gifven
312 272 93 27 petition
427 279 34 15 om
481 273 155 21 instrumental
651 273 165 27 undersökning
832 273 25 21 af
870 279 26 16 en
910 272 58 27 jern-

217 309 42 24 väg
274 307 48 21 från
338 302 46 27 Åbo
399 307 35 22 via
449 308 57 27 Salo,
524 308 81 22 Koskis
618 309 40 21 och
669 308 66 21 Karis
747 311 58 18 samt
813 308 96 22 derifrån
920 309 49 21 med

216 342 102 27 beröring
334 343 23 21 af
370 343 92 22 Pikkala
478 344 39 21 och
533 343 59 22 Esbo
609 343 91 22 vikarna
715 343 36 22 till
767 343 142 28 Helsingfors:

308 451 48 19 Till
371 451 143 26 Höglofliga
530 451 188 26 Ridderskapet
735 451 44 20 och
795 451 87 20 Adeln.

451 510 133 20 Vördsamt
601 511 134 19 Memorial

291 569 71 20 Under
380 569 25 20 de
424 570 121 25 föregäende
562 569 151 26 landtdagarna
728 570 38 19 har
781 569 73 26 frägan
871 577 31 12 om
918 570 51 25 byg-

219 599 83 26 gandet,
327 599 48 20 eller
398 602 77 17 rättare
499 607 32 12 om
555 599 157 26 undersökning
732 599 21 30 af
776 606 24 13 en
819 599 89 26 jernväg
923 599 45 20 från

219 629 64 19 Karis
299 629 75 19 station
389 629 34 20 via
438 629 46 20 Salo
500 629 31 20 till
548 631 69 24 någon
632 629 67 26 punkt
714 629 7 19 i
736 629 46 20 Abo
799 629 79 20 banans
895 629 74 20 närhet

220 658 93 26 ständigt
335 659 128 19 äterkommit
485 659 38 20 och
546 659 31 19 för
600 659 72 25 hvarje
692 660 56 24 gäng
764 659 106 20 tillvunnit
885 659 32 25 sig
932 659 37 19 allt

220 691 67 17 större
302 688 91 26 intresse,
409 688 113 26 hvarjemte
538 689 35 19 vid
589 692 82 16 senaste
687 689 138 29 ständermöte
840 689 58 25 fräga
909 688 60 20 äfven

220 718 86 20 väcktes
322 725 31 13 om
369 725 25 13 en
409 718 54 20 bana
478 718 46 20 frän
539 718 131 26 Helsingfors
685 718 32 20 till
732 719 45 19 Abo
793 718 58 20 öfver
865 718 50 26 Lojo
931 719 38 19 och

220 747 73 25 Karis;
313 748 79 20 hvilket
413 748 35 19 allt
469 748 56 20 visar
547 751 31 17 att
599 748 67 20 denna
681 749 64 19 banas
762 748 38 20 och
816 748 47 20 dess
878 748 91 20 fortsätt-

219 777 62 25 nings
302 777 44 19 frän
367 777 63 20 Karis
450 778 31 19 till
499 778 132 25 Helsingfors
652 781 56 17 stora
727 778 46 25 vigt
788 778 31 19 för
835 777 134 21 samfärdseln

222 807 38 19 allt
275 807 81 19 klarare
370 807 69 25 börjar
454 807 60 20 ioses.

291 836 67 21 Ocksä
381 837 37 20 har
441 837 104 20 allaredan
569 836 60 21 äfven
653 837 40 20 den
713 837 84 26 privata
812 837 156 26 spekulationen

218 867 96 25 upptagit
329 866 71 26 frägan
416 867 38 19 och
469 867 34 20 det
519 867 46 20 med
581 867 26 19 de
621 867 60 20 bästa
696 867 95 25 utsigter,
807 867 53 20 ända
875 867 31 19 till
921 867 47 19 dess

219 896 26 19 de
261 896 103 25 olyckliga
378 896 147 26 förhällanden,
541 897 72 19 hvilka
627 897 64 19 sedan
710 897 56 19 1889
783 897 22 19 sä
818 897 11 22 i
839 897 68 25 grund
918 903 51 19 upp-

219 928 44 17 rört
278 927 47 18 värt
339 926 54 25 land,
409 929 31 16 tör
453 925 88 21 tillfället
557 926 106 20 afskräckt
679 926 38 20 och
732 925 103 26 aflägsnat
850 926 25 19 de
888 925 81 20 utländ-

220 955 39 20 ska
278 955 161 26 kapitalisterna.
470 951 68 25 Äfven
557 959 23 16 är
595 955 35 20 det
645 956 7 19 i
668 956 40 19 den
724 955 119 20 landsorten
858 955 65 20 kändt
939 958 30 17 att

220 985 67 19 under
307 985 93 20 sistlidna
421 992 86 13 sommar
528 985 117 26 ingeniörer
660 985 32 20 för
707 985 84 26 privat
807 985 88 25 räkning
910 985 59 20 verk-

220 1014 58 19 ställt
298 1015 176 19 instrumental
495 1015 158 25 undersökning
673 1015 22 19 af
713 1015 47 20 hela
781 1015 64 25 linjen
860 1014 46 20 från
921 1015 49 18 Hel-

220 1044 94 25 singfors,
335 1044 33 19 via
388 1045 60 24 Esbo,
469 1045 92 19 Pikkala.
580 1045 58 25 Ingå,
653 1045 65 19 Karis
734 1045 84 26 station,
833 1044 136 25 Skuruhamn,

221 1073 79 20 Koskis
315 1074 53 19 bruk
384 1073 37 20 och
437 1074 52 26 Salo,
504 1074 32 19 till
551 1068 51 25 Äbo.

291 1104 38 18 Att
344 1103 38 19 här
396 1110 29 12 nu
439 1103 32 20 för
487 1103 34 20 det
537 1103 110 26 höglofliga
663 1103 86 20 Ständet
767 1105 45 18 åter
821 1103 114 26 framlägga
945 1109 25 13 en

220 1139 69 13 massa
304 1132 73 26 siffror,
393 1133 112 20 statistiskt
520 1133 99 26 material,
636 1140 62 19 synes
714 1133 42 25 mig
771 1133 124 25 fullkomligt
905 1132 65 20 öfver-

220 1161 73 26 Alödigt
314 1162 38 19 och
372 1162 73 20 endast
465 1163 77 24 egnadt
558 1165 31 17 att
603 1164 53 24 ånyo
672 1163 73 26 pröfva
761 1162 49 20 dess
826 1162 93 25 tålamod,
936 1162 35 19 all-

220 1191 105 20 denstund
344 1191 103 20 desamma
469 1192 111 19 återfinnas
601 1192 7 19 i
629 1192 25 20 de
670 1192 123 26 föregående
809 1192 162 26 landtdagarnas

222 1222 125 24 protokoller
363 1222 38 19 och
416 1222 116 20 utskottens
547 1222 150 20 betänkanden.

294 1251 70 19 Såsom
381 1251 37 25 jag
438 1252 63 19 redan
517 1251 111 20 framhållit
643 1252 7 19 i
665 1252 35 20 det
716 1251 205 26 petitionsmemorial,
935 1251 37 25 jag

220 1280 37 20 vid
272 1280 122 26 föregående
409 1281 98 25 landtdag
522 1281 53 19 hade
591 1284 49 16 äran
651 1281 31 20 för
692 1281 155 26 Ridderskapet
857 1281 37 19 och
904 1280 68 20 Adeln

221 1309 120 27 framlägga,
356 1310 61 20 hafva
432 1311 40 19 alla
487 1310 25 20 de
523 1317 103 19 personer,
637 1318 42 13 som
690 1311 113 19 intressera
814 1311 33 25 sig
856 1310 31 20 för
897 1310 74 25 ifråga-

221 1340 92 19 varande
333 1340 53 19 bana
407 1340 38 20 och
465 1340 95 20 bekostat
581 1340 40 20 den
642 1341 86 19 okulära
751 1340 180 25 undersökningen
952 1339 23 19 af

222 1368 123 25 densamma,
368 1369 61 25 tåligt
451 1370 54 19 velat
528 1372 63 17 vänta
614 1370 31 19 till
668 1370 48 20 dess
732 1370 81 20 landets
829 1369 144 20 hufvudbanor

223 1398 45 20 dels
284 1398 67 20 blifvit
367 1399 80 25 färdiga
462 1399 43 19 dels
521 1399 87 25 belagda
623 1400 46 19 med
678 1400 77 25 arbete,
771 1399 44 20 förr
825 1402 26 16 än
863 1399 25 19 de
899 1398 74 26 ifråga-

223 1430 43 17 satt
282 1428 120 26 fullständig
417 1429 142 19 instrumental
571 1429 155 25 undersökning
742 1428 20 20 af
777 1428 89 20 nämnda
881 1429 58 19 bana.

292 1468 172 23 Jernvägsutskottets
477 1468 108 19 betänkande
597 1469 36 18 N:o
646 1470 15 16 1.
