<?xml version="1.0" encoding="UTF-8"?>
<alto xmlns="http://www.loc.gov/standards/alto/ns-v3#" xmlns:xlink="http://www.w3.org/1999/xlink" xmlns:xsi="http://www.w3.org/2001/XMLSchema-instance" xsi:schemaLocation="http://www.loc.gov/standards/alto/ns-v3# http://www.loc.gov/alto/v3/alto-3-0.xsd">
	<Description>
		<MeasurementUnit>pixel</MeasurementUnit>
		<sourceImageInformation>
			<fileName>/tmp/tess_m9hq6oer_input.PNG</fileName>
		</sourceImageInformation>
		<OCRProcessing ID="OCR_0">
			<ocrProcessingStep>
				<processingSoftware>
					<softwareName>tesseract 5.3.4</softwareName>
				</processingSoftware>
			</ocrProcessingStep>
		</OCRProcessing>
	</Description>
	<Layout>
		<Page WIDTH="1073" HEIGHT="1675" PHYSICAL_IMG_NR="0" ID="page_0">
			<PrintSpace HPOS="0" VPOS="0" WIDTH="1073" HEIGHT="1675">
				<ComposedBlock ID="cblock_0" HPOS="253" VPOS="142" WIDTH="528" HEIGHT="24">
					<TextBlock ID="block_0" HPOS="253" VPOS="142" WIDTH="528" HEIGHT="24">
						<TextLine ID="line_0" HPOS="253" VPOS="142" WIDTH="528" HEIGHT="24">
							<String ID="string_0" HPOS="253" VPOS="145" WIDTH="27" HEIGHT="20" WC="0.96" CONTENT="14"/><SP WIDTH="161" VPOS="145" HPOS="280"/>
							<String ID="string_1" HPOS="441" VPOS="143" WIDTH="246" HEIGHT="23" WC="0.92" CONTENT="Petitionsbetänkande"/><SP WIDTH="14" VPOS="143" HPOS="687"/>
							<String ID="string_2" HPOS="701" VPOS="143" WIDTH="36" HEIGHT="22" WC="0.96" CONTENT="N:o"/><SP WIDTH="17" VPOS="143" HPOS="737"/>
							<String ID="string_3" HPOS="754" VPOS="142" WIDTH="27" HEIGHT="22" WC="0.96" CONTENT="27"/>
						</TextLine>
					</TextBlock>
				</ComposedBlock>
				<ComposedBlock ID="cblock_1" HPOS="221" VPOS="205" WIDTH="765" HEIGHT="575">
					<TextBlock ID="block_1" HPOS="221" VPOS="205" WIDTH="765" HEIGHT="575">
						<TextLine ID="line_1" HPOS="223" VPOS="205" WIDTH="763" HEIGHT="29">
							<String ID="string_4" HPOS="223" VPOS="208" WIDTH="39" HEIGHT="20" WC="0.96" CONTENT="der"/><SP WIDTH="23" VPOS="208" HPOS="262"/>
							<String ID="string_5" HPOS="285" VPOS="213" WIDTH="74" HEIGHT="15" WC="0.96" CONTENT="senare"/><SP WIDTH="23" VPOS="213" HPOS="359"/>
							<String ID="string_6" HPOS="382" VPOS="208" WIDTH="23" HEIGHT="20" WC="0.96" CONTENT="år"/><SP WIDTH="24" VPOS="208" HPOS="405"/>
							<String ID="string_7" HPOS="429" VPOS="208" WIDTH="41" HEIGHT="20" WC="0.95" CONTENT="den"/><SP WIDTH="25" VPOS="208" HPOS="470"/>
							<String ID="string_8" HPOS="495" VPOS="206" WIDTH="81" HEIGHT="28" WC="0.95" CONTENT="klagan"/><SP WIDTH="18" VPOS="206" HPOS="576"/>
							<String ID="string_9" HPOS="594" VPOS="207" WIDTH="70" HEIGHT="21" WC="0.96" CONTENT="blifvit"/><SP WIDTH="18" VPOS="207" HPOS="664"/>
							<String ID="string_10" HPOS="682" VPOS="207" WIDTH="89" HEIGHT="26" WC="0.95" CONTENT="allmän,"/><SP WIDTH="17" VPOS="207" HPOS="771"/>
							<String ID="string_11" HPOS="788" VPOS="209" WIDTH="32" HEIGHT="19" WC="0.96" CONTENT="att"/><SP WIDTH="15" VPOS="209" HPOS="820"/>
							<String ID="string_12" HPOS="835" VPOS="206" WIDTH="113" HEIGHT="23" WC="0.96" CONTENT="resultatet"/><SP WIDTH="15" VPOS="206" HPOS="948"/>
							<String ID="string_13" HPOS="963" VPOS="205" WIDTH="23" HEIGHT="22" WC="0.96" CONTENT="af"/>
						</TextLine>
						<TextLine ID="line_2" HPOS="223" VPOS="240" WIDTH="762" HEIGHT="28">
							<String ID="string_14" HPOS="223" VPOS="241" WIDTH="138" HEIGHT="21" WC="0.96" CONTENT="folkskolans"/><SP WIDTH="14" VPOS="241" HPOS="361"/>
							<String ID="string_15" HPOS="375" VPOS="241" WIDTH="74" HEIGHT="22" WC="0.96" CONTENT="arbete"/><SP WIDTH="15" VPOS="241" HPOS="449"/>
							<String ID="string_16" HPOS="464" VPOS="241" WIDTH="49" HEIGHT="21" WC="0.96" CONTENT="icke"/><SP WIDTH="16" VPOS="241" HPOS="513"/>
							<String ID="string_17" HPOS="529" VPOS="244" WIDTH="119" HEIGHT="19" WC="0.96" CONTENT="motsvarat"/><SP WIDTH="16" VPOS="244" HPOS="648"/>
							<String ID="string_18" HPOS="664" VPOS="241" WIDTH="201" HEIGHT="27" WC="0.95" CONTENT="förväntningarna."/><SP WIDTH="20" VPOS="241" HPOS="865"/>
							<String ID="string_19" HPOS="885" VPOS="241" WIDTH="52" HEIGHT="21" WC="0.94" CONTENT="Man"/><SP WIDTH="9" VPOS="241" HPOS="937"/>
							<String ID="string_20" HPOS="946" VPOS="240" WIDTH="39" HEIGHT="22" WC="0.94" CONTENT="har"/>
						</TextLine>
						<TextLine ID="line_3" HPOS="223" VPOS="275" WIDTH="761" HEIGHT="28">
							<String ID="string_21" HPOS="223" VPOS="276" WIDTH="110" HEIGHT="26" WC="0.93" CONTENT="nämligen"/><SP WIDTH="23" VPOS="276" HPOS="333"/>
							<String ID="string_22" HPOS="356" VPOS="276" WIDTH="171" HEIGHT="26" WC="0.92" CONTENT="mångenstädes"/><SP WIDTH="23" VPOS="276" HPOS="527"/>
							<String ID="string_23" HPOS="550" VPOS="283" WIDTH="78" HEIGHT="20" WC="0.96" CONTENT="genom"/><SP WIDTH="23" VPOS="283" HPOS="628"/>
							<String ID="string_24" HPOS="651" VPOS="276" WIDTH="36" HEIGHT="21" WC="0.96" CONTENT="vid"/><SP WIDTH="23" VPOS="276" HPOS="687"/>
							<String ID="string_25" HPOS="710" VPOS="275" WIDTH="106" HEIGHT="22" WC="0.96" CONTENT="särskilda"/><SP WIDTH="16" VPOS="275" HPOS="816"/>
							<String ID="string_26" HPOS="832" VPOS="275" WIDTH="100" HEIGHT="22" WC="0.92" CONTENT="tillfällen"/><SP WIDTH="16" VPOS="275" HPOS="932"/>
							<String ID="string_27" HPOS="948" VPOS="282" WIDTH="36" HEIGHT="15" WC="0.91" CONTENT="an-"/>
						</TextLine>
						<TextLine ID="line_4" HPOS="223" VPOS="310" WIDTH="762" HEIGHT="28">
							<String ID="string_28" HPOS="223" VPOS="310" WIDTH="80" HEIGHT="21" WC="0.95" CONTENT="ställda"/><SP WIDTH="15" VPOS="310" HPOS="303"/>
							<String ID="string_29" HPOS="318" VPOS="310" WIDTH="189" HEIGHT="28" WC="0.96" CONTENT="undersökningar"/><SP WIDTH="16" VPOS="310" HPOS="507"/>
							<String ID="string_30" HPOS="523" VPOS="310" WIDTH="79" HEIGHT="25" WC="0.96" CONTENT="funnit,"/><SP WIDTH="16" VPOS="310" HPOS="602"/>
							<String ID="string_31" HPOS="618" VPOS="312" WIDTH="33" HEIGHT="20" WC="0.96" CONTENT="att"/><SP WIDTH="15" VPOS="312" HPOS="651"/>
							<String ID="string_32" HPOS="666" VPOS="311" WIDTH="126" HEIGHT="27" WC="0.96" CONTENT="ungdomen"/><SP WIDTH="16" VPOS="311" HPOS="792"/>
							<String ID="string_33" HPOS="808" VPOS="311" WIDTH="66" HEIGHT="21" WC="0.96" CONTENT="redan"/><SP WIDTH="12" VPOS="311" HPOS="874"/>
							<String ID="string_34" HPOS="886" VPOS="311" WIDTH="67" HEIGHT="27" WC="0.96" CONTENT="några"/><SP WIDTH="10" VPOS="311" HPOS="953"/>
							<String ID="string_35" HPOS="963" VPOS="310" WIDTH="22" HEIGHT="21" WC="0.96" CONTENT="få"/>
						</TextLine>
						<TextLine ID="line_5" HPOS="223" VPOS="344" WIDTH="763" HEIGHT="22">
							<String ID="string_36" HPOS="223" VPOS="345" WIDTH="24" HEIGHT="21" WC="0.96" CONTENT="år"/><SP WIDTH="27" VPOS="345" HPOS="247"/>
							<String ID="string_37" HPOS="274" VPOS="344" WIDTH="53" HEIGHT="22" WC="0.95" CONTENT="efter"/><SP WIDTH="23" VPOS="344" HPOS="327"/>
							<String ID="string_38" HPOS="350" VPOS="345" WIDTH="33" HEIGHT="20" WC="0.93" CONTENT="sin"/><SP WIDTH="23" VPOS="345" HPOS="383"/>
							<String ID="string_39" HPOS="406" VPOS="345" WIDTH="112" HEIGHT="21" WC="0.92" CONTENT="dimission"/><SP WIDTH="24" VPOS="345" HPOS="518"/>
							<String ID="string_40" HPOS="542" VPOS="344" WIDTH="49" HEIGHT="22" WC="0.96" CONTENT="från"/><SP WIDTH="24" VPOS="344" HPOS="591"/>
							<String ID="string_41" HPOS="615" VPOS="344" WIDTH="124" HEIGHT="22" WC="0.95" CONTENT="folkskolan"/><SP WIDTH="24" VPOS="344" HPOS="739"/>
							<String ID="string_42" HPOS="763" VPOS="344" WIDTH="90" HEIGHT="22" WC="0.96" CONTENT="besitter"/><SP WIDTH="23" VPOS="344" HPOS="853"/>
							<String ID="string_43" HPOS="876" VPOS="347" WIDTH="31" HEIGHT="19" WC="0.91" CONTENT="ett"/><SP WIDTH="23" VPOS="347" HPOS="907"/>
							<String ID="string_44" HPOS="930" VPOS="345" WIDTH="56" HEIGHT="21" WC="0.91" CONTENT="otill-"/>
						</TextLine>
						<TextLine ID="line_6" HPOS="222" VPOS="379" WIDTH="763" HEIGHT="27">
							<String ID="string_45" HPOS="222" VPOS="379" WIDTH="167" HEIGHT="21" WC="0.90" CONTENT="fredsställande"/><SP WIDTH="30" VPOS="379" HPOS="389"/>
							<String ID="string_46" HPOS="419" VPOS="379" WIDTH="225" HEIGHT="27" WC="0.89" CONTENT="kunskapsqvantum."/><SP WIDTH="47" VPOS="379" HPOS="644"/>
							<String ID="string_47" HPOS="691" VPOS="379" WIDTH="48" HEIGHT="21" WC="0.70" CONTENT="Men"/><SP WIDTH="24" VPOS="379" HPOS="739"/>
							<String ID="string_48" HPOS="763" VPOS="380" WIDTH="72" HEIGHT="20" WC="0.95" CONTENT="denna"/><SP WIDTH="22" VPOS="380" HPOS="835"/>
							<String ID="string_49" HPOS="857" VPOS="379" WIDTH="128" HEIGHT="27" WC="0.94" CONTENT="iakttagelse"/>
						</TextLine>
						<TextLine ID="line_7" HPOS="222" VPOS="413" WIDTH="763" HEIGHT="28">
							<String ID="string_50" HPOS="222" VPOS="413" WIDTH="40" HEIGHT="21" WC="0.96" CONTENT="bör"/><SP WIDTH="22" VPOS="413" HPOS="262"/>
							<String ID="string_51" HPOS="284" VPOS="413" WIDTH="47" HEIGHT="21" WC="0.96" CONTENT="icke"/><SP WIDTH="21" VPOS="413" HPOS="331"/>
							<String ID="string_52" HPOS="352" VPOS="413" WIDTH="22" HEIGHT="21" WC="0.93" CONTENT="få"/><SP WIDTH="22" VPOS="413" HPOS="374"/>
							<String ID="string_53" HPOS="396" VPOS="414" WIDTH="111" HEIGHT="20" WC="0.92" CONTENT="äterkasta"/><SP WIDTH="23" VPOS="414" HPOS="507"/>
							<String ID="string_54" HPOS="530" VPOS="420" WIDTH="26" HEIGHT="14" WC="0.92" CONTENT="en"/><SP WIDTH="24" VPOS="420" HPOS="556"/>
							<String ID="string_55" HPOS="580" VPOS="413" WIDTH="83" HEIGHT="28" WC="0.87" CONTENT="skugga"/><SP WIDTH="24" VPOS="413" HPOS="663"/>
							<String ID="string_56" HPOS="687" VPOS="414" WIDTH="28" HEIGHT="26" WC="0.95" CONTENT="på"/><SP WIDTH="23" VPOS="414" HPOS="715"/>
							<String ID="string_57" HPOS="738" VPOS="413" WIDTH="130" HEIGHT="26" WC="0.94" CONTENT="folkskolan,"/><SP WIDTH="24" VPOS="413" HPOS="868"/>
							<String ID="string_58" HPOS="892" VPOS="421" WIDTH="45" HEIGHT="14" WC="0.93" CONTENT="som"/><SP WIDTH="18" VPOS="421" HPOS="937"/>
							<String ID="string_59" HPOS="955" VPOS="413" WIDTH="30" HEIGHT="22" WC="0.92" CONTENT="öf-"/>
						</TextLine>
						<TextLine ID="line_8" HPOS="223" VPOS="448" WIDTH="762" HEIGHT="28">
							<String ID="string_60" HPOS="223" VPOS="448" WIDTH="120" HEIGHT="21" WC="0.93" CONTENT="verhufvud"/><SP WIDTH="26" VPOS="448" HPOS="343"/>
							<String ID="string_61" HPOS="369" VPOS="448" WIDTH="66" HEIGHT="21" WC="0.95" CONTENT="utfört"/><SP WIDTH="24" VPOS="448" HPOS="435"/>
							<String ID="string_62" HPOS="459" VPOS="448" WIDTH="37" HEIGHT="21" WC="0.96" CONTENT="sitt"/><SP WIDTH="25" VPOS="448" HPOS="496"/>
							<String ID="string_63" HPOS="521" VPOS="448" WIDTH="74" HEIGHT="21" WC="0.95" CONTENT="arbete"/><SP WIDTH="27" VPOS="448" HPOS="595"/>
							<String ID="string_64" HPOS="622" VPOS="448" WIDTH="49" HEIGHT="21" WC="0.93" CONTENT="med"/><SP WIDTH="30" VPOS="448" HPOS="671"/>
							<String ID="string_65" HPOS="701" VPOS="448" WIDTH="86" HEIGHT="28" WC="0.87" CONTENT="önsklig"/><SP WIDTH="28" VPOS="448" HPOS="787"/>
							<String ID="string_66" HPOS="815" VPOS="451" WIDTH="170" HEIGHT="25" WC="0.91" CONTENT="samvetsgrann-"/>
						</TextLine>
						<TextLine ID="line_9" HPOS="221" VPOS="482" WIDTH="762" HEIGHT="28">
							<String ID="string_67" HPOS="221" VPOS="482" WIDTH="38" HEIGHT="22" WC="0.96" CONTENT="het"/><SP WIDTH="24" VPOS="482" HPOS="259"/>
							<String ID="string_68" HPOS="283" VPOS="482" WIDTH="40" HEIGHT="21" WC="0.96" CONTENT="och"/><SP WIDTH="24" VPOS="482" HPOS="323"/>
							<String ID="string_69" HPOS="347" VPOS="483" WIDTH="68" HEIGHT="21" WC="0.96" CONTENT="under"/><SP WIDTH="22" VPOS="483" HPOS="415"/>
							<String ID="string_70" HPOS="437" VPOS="483" WIDTH="84" HEIGHT="21" WC="0.96" CONTENT="ordnad"/><SP WIDTH="24" VPOS="483" HPOS="521"/>
							<String ID="string_71" HPOS="545" VPOS="482" WIDTH="102" HEIGHT="25" WC="0.96" CONTENT="kontroll,"/><SP WIDTH="17" VPOS="482" HPOS="647"/>
							<String ID="string_72" HPOS="664" VPOS="485" WIDTH="53" HEIGHT="18" WC="0.96" CONTENT="utan"/><SP WIDTH="16" VPOS="485" HPOS="717"/>
							<String ID="string_73" HPOS="733" VPOS="482" WIDTH="65" HEIGHT="22" WC="0.96" CONTENT="söker"/><SP WIDTH="16" VPOS="482" HPOS="798"/>
							<String ID="string_74" HPOS="814" VPOS="483" WIDTH="33" HEIGHT="21" WC="0.96" CONTENT="sin"/><SP WIDTH="16" VPOS="483" HPOS="847"/>
							<String ID="string_75" HPOS="863" VPOS="483" WIDTH="120" HEIGHT="27" WC="0.96" CONTENT="förklaring"/>
						</TextLine>
						<TextLine ID="line_10" HPOS="222" VPOS="516" WIDTH="763" HEIGHT="28">
							<String ID="string_76" HPOS="222" VPOS="516" WIDTH="151" HEIGHT="28" WC="0.92" CONTENT="förnämligast"/><SP WIDTH="23" VPOS="516" HPOS="373"/>
							<String ID="string_77" HPOS="396" VPOS="517" WIDTH="53" HEIGHT="25" WC="0.96" CONTENT="däri,"/><SP WIDTH="24" VPOS="517" HPOS="449"/>
							<String ID="string_78" HPOS="473" VPOS="520" WIDTH="34" HEIGHT="18" WC="0.96" CONTENT="att"/><SP WIDTH="20" VPOS="520" HPOS="507"/>
							<String ID="string_79" HPOS="527" VPOS="518" WIDTH="123" HEIGHT="26" WC="0.96" CONTENT="ungdomen"/><SP WIDTH="16" VPOS="518" HPOS="650"/>
							<String ID="string_80" HPOS="666" VPOS="517" WIDTH="137" HEIGHT="21" WC="0.95" CONTENT="omedelbart"/><SP WIDTH="16" VPOS="517" HPOS="803"/>
							<String ID="string_81" HPOS="819" VPOS="518" WIDTH="54" HEIGHT="20" WC="0.93" CONTENT="efter"/><SP WIDTH="15" VPOS="518" HPOS="873"/>
							<String ID="string_82" HPOS="888" VPOS="518" WIDTH="97" HEIGHT="21" WC="0.92" CONTENT="utträdet"/>
						</TextLine>
						<TextLine ID="line_11" HPOS="222" VPOS="551" WIDTH="761" HEIGHT="28">
							<String ID="string_83" HPOS="222" VPOS="558" WIDTH="25" HEIGHT="14" WC="0.96" CONTENT="ur"/><SP WIDTH="22" VPOS="558" HPOS="247"/>
							<String ID="string_84" HPOS="269" VPOS="551" WIDTH="127" HEIGHT="22" WC="0.96" CONTENT="folkskolan"/><SP WIDTH="23" VPOS="551" HPOS="396"/>
							<String ID="string_85" HPOS="419" VPOS="552" WIDTH="50" HEIGHT="21" WC="0.93" CONTENT="med"/><SP WIDTH="31" VPOS="552" HPOS="469"/>
							<String ID="string_86" HPOS="500" VPOS="552" WIDTH="118" HEIGHT="27" WC="0.90" CONTENT="omognadt"/><SP WIDTH="31" VPOS="552" HPOS="618"/>
							<String ID="string_87" HPOS="649" VPOS="552" WIDTH="96" HEIGHT="21" WC="0.93" CONTENT="vetande"/><SP WIDTH="25" VPOS="552" HPOS="745"/>
							<String ID="string_88" HPOS="770" VPOS="552" WIDTH="84" HEIGHT="21" WC="0.92" CONTENT="lemnar"/><SP WIDTH="18" VPOS="552" HPOS="854"/>
							<String ID="string_89" HPOS="872" VPOS="552" WIDTH="60" HEIGHT="22" WC="0.96" CONTENT="åsido"/><SP WIDTH="22" VPOS="552" HPOS="932"/>
							<String ID="string_90" HPOS="954" VPOS="552" WIDTH="29" HEIGHT="21" WC="0.94" CONTENT="all"/>
						</TextLine>
						<TextLine ID="line_12" HPOS="222" VPOS="585" WIDTH="762" HEIGHT="29">
							<String ID="string_91" HPOS="222" VPOS="585" WIDTH="147" HEIGHT="22" WC="0.96" CONTENT="intellektuell"/><SP WIDTH="16" VPOS="585" HPOS="369"/>
							<String ID="string_92" HPOS="385" VPOS="586" WIDTH="171" HEIGHT="28" WC="0.93" CONTENT="sysselsättning."/><SP WIDTH="33" VPOS="586" HPOS="556"/>
							<String ID="string_93" HPOS="589" VPOS="585" WIDTH="79" HEIGHT="23" WC="0.89" CONTENT="Hvilka"/><SP WIDTH="16" VPOS="585" HPOS="668"/>
							<String ID="string_94" HPOS="684" VPOS="587" WIDTH="102" HEIGHT="27" WC="0.96" CONTENT="åtgärder"/><SP WIDTH="23" VPOS="587" HPOS="786"/>
							<String ID="string_95" HPOS="809" VPOS="587" WIDTH="72" HEIGHT="21" WC="0.96" CONTENT="därför"/><SP WIDTH="22" VPOS="587" HPOS="881"/>
							<String ID="string_96" HPOS="903" VPOS="589" WIDTH="28" HEIGHT="19" WC="0.96" CONTENT="än"/><SP WIDTH="19" VPOS="589" HPOS="931"/>
							<String ID="string_97" HPOS="950" VPOS="588" WIDTH="34" HEIGHT="20" WC="0.96" CONTENT="mä"/>
						</TextLine>
						<TextLine ID="line_13" HPOS="222" VPOS="621" WIDTH="761" HEIGHT="28">
							<String ID="string_98" HPOS="222" VPOS="621" WIDTH="103" HEIGHT="21" WC="0.91" CONTENT="uttänkas"/><SP WIDTH="15" VPOS="621" HPOS="325"/>
							<String ID="string_99" HPOS="340" VPOS="621" WIDTH="8" HEIGHT="21" WC="0.96" CONTENT="i"/><SP WIDTH="16" VPOS="621" HPOS="348"/>
							<String ID="string_100" HPOS="364" VPOS="621" WIDTH="54" HEIGHT="27" WC="0.96" CONTENT="syfte"/><SP WIDTH="15" VPOS="621" HPOS="418"/>
							<String ID="string_101" HPOS="433" VPOS="624" WIDTH="34" HEIGHT="18" WC="0.96" CONTENT="att"/><SP WIDTH="15" VPOS="624" HPOS="467"/>
							<String ID="string_102" HPOS="482" VPOS="621" WIDTH="71" HEIGHT="21" WC="0.93" CONTENT="direkt"/><SP WIDTH="16" VPOS="621" HPOS="553"/>
							<String ID="string_103" HPOS="569" VPOS="621" WIDTH="100" HEIGHT="28" WC="0.93" CONTENT="afhjälpa"/><SP WIDTH="16" VPOS="621" HPOS="669"/>
							<String ID="string_104" HPOS="685" VPOS="621" WIDTH="96" HEIGHT="28" WC="0.91" CONTENT="antydda"/><SP WIDTH="9" VPOS="621" HPOS="781"/>
							<String ID="string_105" HPOS="790" VPOS="621" WIDTH="193" HEIGHT="28" WC="0.90" CONTENT="missförhållande,"/>
						</TextLine>
						<TextLine ID="line_14" HPOS="221" VPOS="655" WIDTH="763" HEIGHT="28">
							<String ID="string_106" HPOS="221" VPOS="655" WIDTH="66" HEIGHT="21" WC="0.95" CONTENT="hafva"/><SP WIDTH="23" VPOS="655" HPOS="287"/>
							<String ID="string_107" HPOS="310" VPOS="656" WIDTH="26" HEIGHT="20" WC="0.96" CONTENT="de"/><SP WIDTH="22" VPOS="656" HPOS="336"/>
							<String ID="string_108" HPOS="358" VPOS="655" WIDTH="51" HEIGHT="28" WC="0.93" CONTENT="föga"/><SP WIDTH="23" VPOS="655" HPOS="409"/>
							<String ID="string_109" HPOS="432" VPOS="656" WIDTH="67" HEIGHT="26" WC="0.92" CONTENT="utsigt"/><SP WIDTH="23" VPOS="656" HPOS="499"/>
							<String ID="string_110" HPOS="522" VPOS="658" WIDTH="32" HEIGHT="19" WC="0.96" CONTENT="att"/><SP WIDTH="22" VPOS="658" HPOS="554"/>
							<String ID="string_111" HPOS="576" VPOS="655" WIDTH="51" HEIGHT="22" WC="0.96" CONTENT="leda"/><SP WIDTH="15" VPOS="655" HPOS="627"/>
							<String ID="string_112" HPOS="642" VPOS="655" WIDTH="33" HEIGHT="22" WC="0.96" CONTENT="till"/><SP WIDTH="16" VPOS="655" HPOS="675"/>
							<String ID="string_113" HPOS="691" VPOS="655" WIDTH="74" HEIGHT="26" WC="0.96" CONTENT="målet,"/><SP WIDTH="16" VPOS="655" HPOS="765"/>
							<String ID="string_114" HPOS="781" VPOS="656" WIDTH="49" HEIGHT="21" WC="0.96" CONTENT="med"/><SP WIDTH="14" VPOS="656" HPOS="830"/>
							<String ID="string_115" HPOS="844" VPOS="656" WIDTH="83" HEIGHT="21" WC="0.88" CONTENT="mindre"/><SP WIDTH="16" VPOS="656" HPOS="927"/>
							<String ID="string_116" HPOS="943" VPOS="656" WIDTH="41" HEIGHT="21" WC="0.88" CONTENT="till-"/>
						</TextLine>
						<TextLine ID="line_15" HPOS="221" VPOS="689" WIDTH="762" HEIGHT="28">
							<String ID="string_117" HPOS="221" VPOS="689" WIDTH="52" HEIGHT="22" WC="0.92" CONTENT="fälle"/><SP WIDTH="23" VPOS="689" HPOS="273"/>
							<String ID="string_118" HPOS="296" VPOS="689" WIDTH="89" HEIGHT="22" WC="0.92" CONTENT="beredes"/><SP WIDTH="23" VPOS="689" HPOS="385"/>
							<String ID="string_119" HPOS="408" VPOS="691" WIDTH="123" HEIGHT="26" WC="0.95" CONTENT="ungdomen"/><SP WIDTH="24" VPOS="691" HPOS="531"/>
							<String ID="string_120" HPOS="555" VPOS="692" WIDTH="33" HEIGHT="19" WC="0.93" CONTENT="att"/><SP WIDTH="14" VPOS="692" HPOS="588"/>
							<String ID="string_121" HPOS="602" VPOS="690" WIDTH="7" HEIGHT="21" WC="0.90" CONTENT="i"/><SP WIDTH="16" VPOS="690" HPOS="609"/>
							<String ID="string_122" HPOS="625" VPOS="689" WIDTH="227" HEIGHT="28" WC="0.90" CONTENT="fortsättningsskolor"/><SP WIDTH="15" VPOS="689" HPOS="852"/>
							<String ID="string_123" HPOS="867" VPOS="690" WIDTH="46" HEIGHT="21" WC="0.96" CONTENT="icke"/><SP WIDTH="16" VPOS="690" HPOS="913"/>
							<String ID="string_124" HPOS="929" VPOS="690" WIDTH="54" HEIGHT="21" WC="0.96" CONTENT="blott"/>
						</TextLine>
						<TextLine ID="line_16" HPOS="221" VPOS="722" WIDTH="763" HEIGHT="30">
							<String ID="string_125" HPOS="221" VPOS="723" WIDTH="86" HEIGHT="22" WC="0.96" CONTENT="befästa"/><SP WIDTH="17" VPOS="723" HPOS="307"/>
							<String ID="string_126" HPOS="324" VPOS="723" WIDTH="39" HEIGHT="22" WC="0.96" CONTENT="och"/><SP WIDTH="19" VPOS="723" HPOS="363"/>
							<String ID="string_127" HPOS="382" VPOS="724" WIDTH="102" HEIGHT="28" WC="0.96" CONTENT="fördjupa"/><SP WIDTH="16" VPOS="724" HPOS="484"/>
							<String ID="string_128" HPOS="500" VPOS="727" WIDTH="53" HEIGHT="18" WC="0.96" CONTENT="utan"/><SP WIDTH="16" VPOS="727" HPOS="553"/>
							<String ID="string_129" HPOS="569" VPOS="724" WIDTH="63" HEIGHT="21" WC="0.96" CONTENT="äfven"/><SP WIDTH="16" VPOS="724" HPOS="632"/>
							<String ID="string_130" HPOS="648" VPOS="725" WIDTH="7" HEIGHT="20" WC="0.96" CONTENT="i"/><SP WIDTH="16" VPOS="725" HPOS="655"/>
							<String ID="string_131" HPOS="671" VPOS="725" WIDTH="72" HEIGHT="26" WC="0.95" CONTENT="någon"/><SP WIDTH="16" VPOS="725" HPOS="743"/>
							<String ID="string_132" HPOS="759" VPOS="725" WIDTH="50" HEIGHT="20" WC="0.96" CONTENT="mån"/><SP WIDTH="16" VPOS="725" HPOS="809"/>
							<String ID="string_133" HPOS="825" VPOS="725" WIDTH="88" HEIGHT="26" WC="0.96" CONTENT="utvidga"/><SP WIDTH="10" VPOS="725" HPOS="913"/>
							<String ID="string_134" HPOS="923" VPOS="725" WIDTH="37" HEIGHT="21" WC="0.95" CONTENT="sitt"/><SP WIDTH="18" VPOS="725" HPOS="960"/>
							<String ID="string_135" HPOS="978" VPOS="722" WIDTH="6" HEIGHT="19" WC="0.96" CONTENT="i"/>
						</TextLine>
						<TextLine ID="line_17" HPOS="221" VPOS="758" WIDTH="391" HEIGHT="22">
							<String ID="string_136" HPOS="221" VPOS="758" WIDTH="124" HEIGHT="21" WC="0.92" CONTENT="folkskolan"/><SP WIDTH="16" VPOS="758" HPOS="345"/>
							<String ID="string_137" HPOS="361" VPOS="759" WIDTH="135" HEIGHT="21" WC="0.89" CONTENT="förvärfvade"/><SP WIDTH="17" VPOS="759" HPOS="496"/>
							<String ID="string_138" HPOS="513" VPOS="760" WIDTH="99" HEIGHT="20" WC="0.96" CONTENT="vetande."/>
						</TextLine>
					</TextBlock>
				</ComposedBlock>
				<ComposedBlock ID="cblock_2" HPOS="218" VPOS="799" WIDTH="770" HEIGHT="719">
					<TextBlock ID="block_2" HPOS="218" VPOS="799" WIDTH="770" HEIGHT="373">
						<TextLine ID="line_18" HPOS="293" VPOS="799" WIDTH="690" HEIGHT="27">
							<String ID="string_139" HPOS="293" VPOS="799" WIDTH="30" HEIGHT="21" WC="0.96" CONTENT="På"/><SP WIDTH="15" VPOS="799" HPOS="323"/>
							<String ID="string_140" HPOS="338" VPOS="799" WIDTH="56" HEIGHT="22" WC="0.96" CONTENT="hvad"/><SP WIDTH="16" VPOS="799" HPOS="394"/>
							<String ID="string_141" HPOS="410" VPOS="801" WIDTH="43" HEIGHT="20" WC="0.96" CONTENT="sätt"/><SP WIDTH="16" VPOS="801" HPOS="453"/>
							<String ID="string_142" HPOS="469" VPOS="800" WIDTH="67" HEIGHT="21" WC="0.92" CONTENT="sådan"/><SP WIDTH="17" VPOS="800" HPOS="536"/>
							<String ID="string_143" HPOS="553" VPOS="799" WIDTH="310" HEIGHT="27" WC="0.90" CONTENT="fortsättningsundervisning"/><SP WIDTH="8" VPOS="799" HPOS="863"/>
							<String ID="string_144" HPOS="871" VPOS="799" WIDTH="66" HEIGHT="22" WC="0.93" CONTENT="borde"/><SP WIDTH="9" VPOS="799" HPOS="937"/>
							<String ID="string_145" HPOS="946" VPOS="807" WIDTH="37" HEIGHT="14" WC="0.92" CONTENT="an-"/>
						</TextLine>
						<TextLine ID="line_19" HPOS="225" VPOS="833" WIDTH="758" HEIGHT="28">
							<String ID="string_146" HPOS="225" VPOS="834" WIDTH="79" HEIGHT="20" WC="0.96" CONTENT="ordnas"/><SP WIDTH="16" VPOS="834" HPOS="304"/>
							<String ID="string_147" HPOS="320" VPOS="834" WIDTH="99" HEIGHT="27" WC="0.96" CONTENT="utgjorde"/><SP WIDTH="15" VPOS="834" HPOS="419"/>
							<String ID="string_148" HPOS="434" VPOS="833" WIDTH="90" HEIGHT="22" WC="0.96" CONTENT="föremål"/><SP WIDTH="16" VPOS="833" HPOS="524"/>
							<String ID="string_149" HPOS="540" VPOS="834" WIDTH="35" HEIGHT="21" WC="0.93" CONTENT="för"/><SP WIDTH="15" VPOS="834" HPOS="575"/>
							<String ID="string_150" HPOS="590" VPOS="833" WIDTH="165" HEIGHT="28" WC="0.92" CONTENT="öfverläggning"/><SP WIDTH="10" VPOS="833" HPOS="755"/>
							<String ID="string_151" HPOS="765" VPOS="834" WIDTH="36" HEIGHT="21" WC="0.96" CONTENT="vid"/><SP WIDTH="11" VPOS="834" HPOS="801"/>
							<String ID="string_152" HPOS="812" VPOS="833" WIDTH="110" HEIGHT="23" WC="0.93" CONTENT="allmänna"/><SP WIDTH="8" VPOS="833" HPOS="922"/>
							<String ID="string_153" HPOS="930" VPOS="833" WIDTH="53" HEIGHT="22" WC="0.91" CONTENT="folk-"/>
						</TextLine>
						<TextLine ID="line_20" HPOS="224" VPOS="868" WIDTH="761" HEIGHT="28">
							<String ID="string_154" HPOS="224" VPOS="868" WIDTH="129" HEIGHT="21" WC="0.92" CONTENT="skolemötet"/><SP WIDTH="15" VPOS="868" HPOS="353"/>
							<String ID="string_155" HPOS="368" VPOS="869" WIDTH="7" HEIGHT="20" WC="0.96" CONTENT="i"/><SP WIDTH="15" VPOS="869" HPOS="375"/>
							<String ID="string_156" HPOS="390" VPOS="868" WIDTH="117" HEIGHT="28" WC="0.93" CONTENT="Jyväskylä"/><SP WIDTH="14" VPOS="868" HPOS="507"/>
							<String ID="string_157" HPOS="521" VPOS="868" WIDTH="93" HEIGHT="22" WC="0.92" CONTENT="förliden"/><SP WIDTH="16" VPOS="868" HPOS="614"/>
							<String ID="string_158" HPOS="630" VPOS="876" WIDTH="101" HEIGHT="14" WC="0.95" CONTENT="sommar."/><SP WIDTH="26" VPOS="876" HPOS="731"/>
							<String ID="string_159" HPOS="757" VPOS="869" WIDTH="52" HEIGHT="21" WC="0.95" CONTENT="Men"/><SP WIDTH="15" VPOS="869" HPOS="809"/>
							<String ID="string_160" HPOS="824" VPOS="869" WIDTH="24" HEIGHT="21" WC="0.93" CONTENT="så"/><SP WIDTH="9" VPOS="869" HPOS="848"/>
							<String ID="string_161" HPOS="857" VPOS="868" WIDTH="128" HEIGHT="22" WC="0.88" CONTENT="oförbehäll-"/>
						</TextLine>
						<TextLine ID="line_21" HPOS="225" VPOS="903" WIDTH="759" HEIGHT="21">
							<String ID="string_162" HPOS="225" VPOS="904" WIDTH="56" HEIGHT="19" WC="0.96" CONTENT="samt"/><SP WIDTH="15" VPOS="904" HPOS="281"/>
							<String ID="string_163" HPOS="296" VPOS="904" WIDTH="28" HEIGHT="19" WC="0.96" CONTENT="än"/><SP WIDTH="16" VPOS="904" HPOS="324"/>
							<String ID="string_164" HPOS="340" VPOS="903" WIDTH="27" HEIGHT="21" WC="0.96" CONTENT="de"/><SP WIDTH="16" VPOS="903" HPOS="367"/>
							<String ID="string_165" HPOS="383" VPOS="904" WIDTH="59" HEIGHT="20" WC="0.96" CONTENT="fleste"/><SP WIDTH="16" VPOS="904" HPOS="442"/>
							<String ID="string_166" HPOS="458" VPOS="903" WIDTH="68" HEIGHT="21" WC="0.96" CONTENT="talare"/><SP WIDTH="16" VPOS="903" HPOS="526"/>
							<String ID="string_167" HPOS="542" VPOS="903" WIDTH="36" HEIGHT="21" WC="0.96" CONTENT="vid"/><SP WIDTH="16" VPOS="903" HPOS="578"/>
							<String ID="string_168" HPOS="594" VPOS="904" WIDTH="62" HEIGHT="20" WC="0.96" CONTENT="detta"/><SP WIDTH="16" VPOS="904" HPOS="656"/>
							<String ID="string_169" HPOS="672" VPOS="903" WIDTH="86" HEIGHT="21" WC="0.96" CONTENT="tillfälle"/><SP WIDTH="15" VPOS="903" HPOS="758"/>
							<String ID="string_170" HPOS="773" VPOS="903" WIDTH="95" HEIGHT="21" WC="0.93" CONTENT="erkände"/><SP WIDTH="15" VPOS="903" HPOS="868"/>
							<String ID="string_171" HPOS="883" VPOS="903" WIDTH="101" HEIGHT="21" WC="0.90" CONTENT="behoivet"/>
						</TextLine>
						<TextLine ID="line_22" HPOS="225" VPOS="936" WIDTH="759" HEIGHT="28">
							<String ID="string_172" HPOS="225" VPOS="936" WIDTH="24" HEIGHT="21" WC="0.91" CONTENT="af"/><SP WIDTH="20" VPOS="936" HPOS="249"/>
							<String ID="string_173" HPOS="269" VPOS="936" WIDTH="234" HEIGHT="28" WC="0.91" CONTENT="fortsättningskurser,"/><SP WIDTH="24" VPOS="936" HPOS="503"/>
							<String ID="string_174" HPOS="527" VPOS="938" WIDTH="80" HEIGHT="21" WC="0.96" CONTENT="enades"/><SP WIDTH="23" VPOS="938" HPOS="607"/>
							<String ID="string_175" HPOS="630" VPOS="939" WIDTH="68" HEIGHT="20" WC="0.96" CONTENT="mötet"/><SP WIDTH="22" VPOS="939" HPOS="698"/>
							<String ID="string_176" HPOS="720" VPOS="938" WIDTH="49" HEIGHT="21" WC="0.96" CONTENT="icke"/><SP WIDTH="23" VPOS="938" HPOS="769"/>
							<String ID="string_177" HPOS="792" VPOS="944" WIDTH="34" HEIGHT="14" WC="0.94" CONTENT="om"/><SP WIDTH="25" VPOS="944" HPOS="826"/>
							<String ID="string_178" HPOS="851" VPOS="938" WIDTH="65" HEIGHT="26" WC="0.96" CONTENT="något"/><SP WIDTH="17" VPOS="938" HPOS="916"/>
							<String ID="string_179" HPOS="933" VPOS="938" WIDTH="51" HEIGHT="20" WC="0.96" CONTENT="visst"/>
						</TextLine>
						<TextLine ID="line_23" HPOS="224" VPOS="971" WIDTH="760" HEIGHT="28">
							<String ID="string_180" HPOS="224" VPOS="978" WIDTH="102" HEIGHT="20" WC="0.96" CONTENT="program"/><SP WIDTH="22" VPOS="978" HPOS="326"/>
							<String ID="string_181" HPOS="348" VPOS="971" WIDTH="33" HEIGHT="21" WC="0.95" CONTENT="för"/><SP WIDTH="23" VPOS="971" HPOS="381"/>
							<String ID="string_182" HPOS="404" VPOS="972" WIDTH="54" HEIGHT="27" WC="0.96" CONTENT="dem,"/><SP WIDTH="24" VPOS="972" HPOS="458"/>
							<String ID="string_183" HPOS="482" VPOS="975" WIDTH="53" HEIGHT="18" WC="0.96" CONTENT="utan"/><SP WIDTH="23" VPOS="975" HPOS="535"/>
							<String ID="string_184" HPOS="558" VPOS="972" WIDTH="95" HEIGHT="21" WC="0.93" CONTENT="önskade"/><SP WIDTH="17" VPOS="972" HPOS="653"/>
							<String ID="string_185" HPOS="670" VPOS="972" WIDTH="22" HEIGHT="21" WC="0.96" CONTENT="få"/><SP WIDTH="15" VPOS="972" HPOS="692"/>
							<String ID="string_186" HPOS="707" VPOS="972" WIDTH="67" HEIGHT="21" WC="0.96" CONTENT="saken"/><SP WIDTH="18" VPOS="972" HPOS="774"/>
							<String ID="string_187" HPOS="792" VPOS="974" WIDTH="98" HEIGHT="20" WC="0.96" CONTENT="närmare"/><SP WIDTH="15" VPOS="974" HPOS="890"/>
							<String ID="string_188" HPOS="905" VPOS="972" WIDTH="79" HEIGHT="21" WC="0.96" CONTENT="utredd"/>
						</TextLine>
						<TextLine ID="line_24" HPOS="224" VPOS="1006" WIDTH="761" HEIGHT="28">
							<String ID="string_189" HPOS="224" VPOS="1012" WIDTH="78" HEIGHT="20" WC="0.96" CONTENT="genom"/><SP WIDTH="16" VPOS="1012" HPOS="302"/>
							<String ID="string_190" HPOS="318" VPOS="1012" WIDTH="26" HEIGHT="15" WC="0.92" CONTENT="en"/><SP WIDTH="16" VPOS="1012" HPOS="344"/>
							<String ID="string_191" HPOS="360" VPOS="1006" WIDTH="87" HEIGHT="22" WC="0.91" CONTENT="komité."/><SP WIDTH="30" VPOS="1006" HPOS="447"/>
							<String ID="string_192" HPOS="477" VPOS="1006" WIDTH="34" HEIGHT="21" WC="0.96" CONTENT="Då"/><SP WIDTH="16" VPOS="1006" HPOS="511"/>
							<String ID="string_193" HPOS="527" VPOS="1008" WIDTH="73" HEIGHT="20" WC="0.93" CONTENT="denna"/><SP WIDTH="15" VPOS="1008" HPOS="600"/>
							<String ID="string_194" HPOS="615" VPOS="1006" WIDTH="322" HEIGHT="28" WC="0.91" CONTENT="organisationsangelägenhet"/><SP WIDTH="15" VPOS="1006" HPOS="937"/>
							<String ID="string_195" HPOS="952" VPOS="1007" WIDTH="33" HEIGHT="20" WC="0.92" CONTENT="så-"/>
						</TextLine>
						<TextLine ID="line_25" HPOS="224" VPOS="1040" WIDTH="760" HEIGHT="28">
							<String ID="string_196" HPOS="224" VPOS="1040" WIDTH="67" HEIGHT="21" WC="0.91" CONTENT="lunda"/><SP WIDTH="24" VPOS="1040" HPOS="291"/>
							<String ID="string_197" HPOS="315" VPOS="1047" WIDTH="63" HEIGHT="21" WC="0.89" CONTENT="synes"/><SP WIDTH="22" VPOS="1047" HPOS="378"/>
							<String ID="string_198" HPOS="400" VPOS="1040" WIDTH="63" HEIGHT="22" WC="0.96" CONTENT="oklar"/><SP WIDTH="22" VPOS="1040" HPOS="463"/>
							<String ID="string_199" HPOS="485" VPOS="1041" WIDTH="65" HEIGHT="22" WC="0.96" CONTENT="äfven"/><SP WIDTH="23" VPOS="1041" HPOS="550"/>
							<String ID="string_200" HPOS="573" VPOS="1042" WIDTH="58" HEIGHT="20" WC="0.93" CONTENT="inom"/><SP WIDTH="21" VPOS="1042" HPOS="631"/>
							<String ID="string_201" HPOS="652" VPOS="1041" WIDTH="225" HEIGHT="27" WC="0.91" CONTENT="fackmannakretsar,"/><SP WIDTH="20" VPOS="1041" HPOS="877"/>
							<String ID="string_202" HPOS="897" VPOS="1041" WIDTH="40" HEIGHT="21" WC="0.93" CONTENT="har"/><SP WIDTH="15" VPOS="1041" HPOS="937"/>
							<String ID="string_203" HPOS="952" VPOS="1044" WIDTH="32" HEIGHT="18" WC="0.93" CONTENT="ut-"/>
						</TextLine>
						<TextLine ID="line_26" HPOS="225" VPOS="1074" WIDTH="763" HEIGHT="29">
							<String ID="string_204" HPOS="225" VPOS="1074" WIDTH="81" HEIGHT="22" WC="0.96" CONTENT="skottet"/><SP WIDTH="30" VPOS="1074" HPOS="306"/>
							<String ID="string_205" HPOS="336" VPOS="1077" WIDTH="53" HEIGHT="19" WC="0.94" CONTENT="trott"/><SP WIDTH="30" VPOS="1077" HPOS="389"/>
							<String ID="string_206" HPOS="419" VPOS="1075" WIDTH="32" HEIGHT="27" WC="0.95" CONTENT="sig"/><SP WIDTH="26" VPOS="1075" HPOS="451"/>
							<String ID="string_207" HPOS="477" VPOS="1076" WIDTH="48" HEIGHT="20" WC="0.96" CONTENT="icke"/><SP WIDTH="31" VPOS="1076" HPOS="525"/>
							<String ID="string_208" HPOS="556" VPOS="1076" WIDTH="53" HEIGHT="21" WC="0.95" CONTENT="böra"/><SP WIDTH="24" VPOS="1076" HPOS="609"/>
							<String ID="string_209" HPOS="633" VPOS="1076" WIDTH="51" HEIGHT="26" WC="0.95" CONTENT="ingå"/><SP WIDTH="23" VPOS="1076" HPOS="684"/>
							<String ID="string_210" HPOS="707" VPOS="1076" WIDTH="7" HEIGHT="20" WC="0.92" CONTENT="i"/><SP WIDTH="23" VPOS="1076" HPOS="714"/>
							<String ID="string_211" HPOS="737" VPOS="1075" WIDTH="204" HEIGHT="28" WC="0.91" CONTENT="detaljgranskning"/><SP WIDTH="22" VPOS="1075" HPOS="941"/>
							<String ID="string_212" HPOS="963" VPOS="1075" WIDTH="25" HEIGHT="21" WC="0.96" CONTENT="af"/>
						</TextLine>
						<TextLine ID="line_27" HPOS="225" VPOS="1109" WIDTH="760" HEIGHT="29">
							<String ID="string_213" HPOS="225" VPOS="1109" WIDTH="84" HEIGHT="28" WC="0.96" CONTENT="frågan,"/><SP WIDTH="16" VPOS="1109" HPOS="309"/>
							<String ID="string_214" HPOS="325" VPOS="1112" WIDTH="54" HEIGHT="19" WC="0.96" CONTENT="utan"/><SP WIDTH="16" VPOS="1112" HPOS="379"/>
							<String ID="string_215" HPOS="395" VPOS="1111" WIDTH="76" HEIGHT="20" WC="0.96" CONTENT="endast"/><SP WIDTH="16" VPOS="1111" HPOS="471"/>
							<String ID="string_216" HPOS="487" VPOS="1110" WIDTH="115" HEIGHT="21" WC="0.96" CONTENT="framhålla"/><SP WIDTH="16" VPOS="1110" HPOS="602"/>
							<String ID="string_217" HPOS="618" VPOS="1111" WIDTH="68" HEIGHT="26" WC="0.96" CONTENT="några"/><SP WIDTH="15" VPOS="1111" HPOS="686"/>
							<String ID="string_218" HPOS="701" VPOS="1110" WIDTH="140" HEIGHT="28" WC="0.95" CONTENT="synpunkter,"/><SP WIDTH="17" VPOS="1110" HPOS="841"/>
							<String ID="string_219" HPOS="858" VPOS="1117" WIDTH="45" HEIGHT="14" WC="0.96" CONTENT="som"/><SP WIDTH="16" VPOS="1117" HPOS="903"/>
							<String ID="string_220" HPOS="919" VPOS="1109" WIDTH="66" HEIGHT="28" WC="0.95" CONTENT="enligt"/>
						</TextLine>
						<TextLine ID="line_28" HPOS="218" VPOS="1143" WIDTH="766" HEIGHT="29">
							<String ID="string_221" HPOS="218" VPOS="1143" WIDTH="126" HEIGHT="23" WC="0.5" CONTENT="utskottets"/><SP WIDTH="16" VPOS="1143" HPOS="344"/>
							<String ID="string_222" HPOS="360" VPOS="1144" WIDTH="65" HEIGHT="22" WC="0.93" CONTENT="tanke"/><SP WIDTH="15" VPOS="1144" HPOS="425"/>
							<String ID="string_223" HPOS="440" VPOS="1145" WIDTH="95" HEIGHT="27" WC="0.93" CONTENT="förtjena"/><SP WIDTH="13" VPOS="1145" HPOS="535"/>
							<String ID="string_224" HPOS="548" VPOS="1145" WIDTH="91" HEIGHT="22" WC="0.97" CONTENT="beaktas"/><SP WIDTH="15" VPOS="1145" HPOS="639"/>
							<String ID="string_225" HPOS="654" VPOS="1145" WIDTH="36" HEIGHT="21" WC="0.96" CONTENT="vid"/><SP WIDTH="16" VPOS="1145" HPOS="690"/>
							<String ID="string_226" HPOS="706" VPOS="1145" WIDTH="92" HEIGHT="27" WC="0.96" CONTENT="planens"/><SP WIDTH="9" VPOS="1145" HPOS="798"/>
							<String ID="string_227" HPOS="807" VPOS="1145" WIDTH="177" HEIGHT="26" WC="0.96" CONTENT="förverkligande."/>
						</TextLine>
					</TextBlock>
					<TextBlock ID="block_3" HPOS="225" VPOS="1184" WIDTH="761" HEIGHT="304">
						<TextLine ID="line_29" HPOS="296" VPOS="1184" WIDTH="689" HEIGHT="29">
							<String ID="string_228" HPOS="296" VPOS="1185" WIDTH="37" HEIGHT="20" WC="0.96" CONTENT="Att"/><SP WIDTH="15" VPOS="1185" HPOS="333"/>
							<String ID="string_229" HPOS="348" VPOS="1184" WIDTH="39" HEIGHT="21" WC="0.96" CONTENT="här"/><SP WIDTH="15" VPOS="1184" HPOS="387"/>
							<String ID="string_230" HPOS="402" VPOS="1185" WIDTH="47" HEIGHT="21" WC="0.96" CONTENT="icke"/><SP WIDTH="16" VPOS="1185" HPOS="449"/>
							<String ID="string_231" HPOS="465" VPOS="1185" WIDTH="43" HEIGHT="21" WC="0.96" CONTENT="kan"/><SP WIDTH="18" VPOS="1185" HPOS="508"/>
							<String ID="string_232" HPOS="526" VPOS="1185" WIDTH="30" HEIGHT="21" WC="0.96" CONTENT="bli"/><SP WIDTH="15" VPOS="1185" HPOS="556"/>
							<String ID="string_233" HPOS="571" VPOS="1185" WIDTH="30" HEIGHT="21" WC="0.96" CONTENT="tal"/><SP WIDTH="24" VPOS="1185" HPOS="601"/>
							<String ID="string_234" HPOS="625" VPOS="1192" WIDTH="34" HEIGHT="14" WC="0.92" CONTENT="om"/><SP WIDTH="26" VPOS="1192" HPOS="659"/>
							<String ID="string_235" HPOS="685" VPOS="1185" WIDTH="153" HEIGHT="28" WC="0.89" CONTENT="själfständiga"/><SP WIDTH="23" VPOS="1185" HPOS="838"/>
							<String ID="string_236" HPOS="861" VPOS="1185" WIDTH="124" HEIGHT="22" WC="0.92" CONTENT="skolinrätt-"/>
						</TextLine>
						<TextLine ID="line_30" HPOS="225" VPOS="1219" WIDTH="760" HEIGHT="28">
							<String ID="string_237" HPOS="225" VPOS="1219" WIDTH="78" HEIGHT="27" WC="0.92" CONTENT="ningar"/><SP WIDTH="23" VPOS="1219" HPOS="303"/>
							<String ID="string_238" HPOS="326" VPOS="1220" WIDTH="49" HEIGHT="20" WC="0.96" CONTENT="med"/><SP WIDTH="23" VPOS="1220" HPOS="375"/>
							<String ID="string_239" HPOS="398" VPOS="1226" WIDTH="55" HEIGHT="20" WC="0.91" CONTENT="egna"/><SP WIDTH="22" VPOS="1226" HPOS="453"/>
							<String ID="string_240" HPOS="475" VPOS="1219" WIDTH="71" HEIGHT="22" WC="0.91" CONTENT="lärare"/><SP WIDTH="23" VPOS="1219" HPOS="546"/>
							<String ID="string_241" HPOS="569" VPOS="1219" WIDTH="102" HEIGHT="22" WC="0.90" CONTENT="behöfver"/><SP WIDTH="24" VPOS="1219" HPOS="671"/>
							<String ID="string_242" HPOS="695" VPOS="1220" WIDTH="70" HEIGHT="27" WC="0.91" CONTENT="knapt"/><SP WIDTH="23" VPOS="1220" HPOS="765"/>
							<String ID="string_243" HPOS="788" VPOS="1221" WIDTH="131" HEIGHT="20" WC="0.87" CONTENT="omnämnas."/><SP WIDTH="33" VPOS="1221" HPOS="919"/>
							<String ID="string_244" HPOS="952" VPOS="1219" WIDTH="33" HEIGHT="21" WC="0.91" CONTENT="Dä"/>
						</TextLine>
						<TextLine ID="line_31" HPOS="225" VPOS="1253" WIDTH="760" HEIGHT="28">
							<String ID="string_245" HPOS="225" VPOS="1253" WIDTH="230" HEIGHT="27" WC="0.92" CONTENT="fortsättningsskolan"/><SP WIDTH="26" VPOS="1253" HPOS="455"/>
							<String ID="string_246" HPOS="481" VPOS="1254" WIDTH="120" HEIGHT="27" WC="0.96" CONTENT="egentligen"/><SP WIDTH="28" VPOS="1254" HPOS="601"/>
							<String ID="string_247" HPOS="629" VPOS="1255" WIDTH="24" HEIGHT="20" WC="0.96" CONTENT="är"/><SP WIDTH="25" VPOS="1255" HPOS="653"/>
							<String ID="string_248" HPOS="678" VPOS="1257" WIDTH="33" HEIGHT="18" WC="0.93" CONTENT="att"/><SP WIDTH="26" VPOS="1257" HPOS="711"/>
							<String ID="string_249" HPOS="737" VPOS="1254" WIDTH="100" HEIGHT="21" WC="0.90" CONTENT="betrakta"/><SP WIDTH="25" VPOS="1254" HPOS="837"/>
							<String ID="string_250" HPOS="862" VPOS="1255" WIDTH="70" HEIGHT="20" WC="0.92" CONTENT="säsom"/><SP WIDTH="27" VPOS="1255" HPOS="932"/>
							<String ID="string_251" HPOS="959" VPOS="1260" WIDTH="26" HEIGHT="15" WC="0.95" CONTENT="en"/>
						</TextLine>
						<TextLine ID="line_32" HPOS="225" VPOS="1287" WIDTH="758" HEIGHT="27">
							<String ID="string_252" HPOS="225" VPOS="1287" WIDTH="79" HEIGHT="27" WC="0.92" CONTENT="högsta"/><SP WIDTH="23" VPOS="1287" HPOS="304"/>
							<String ID="string_253" HPOS="327" VPOS="1287" WIDTH="51" HEIGHT="22" WC="0.93" CONTENT="eller"/><SP WIDTH="22" VPOS="1287" HPOS="378"/>
							<String ID="string_254" HPOS="400" VPOS="1287" WIDTH="126" HEIGHT="22" WC="0.92" CONTENT="afslutande"/><SP WIDTH="24" VPOS="1287" HPOS="526"/>
							<String ID="string_255" HPOS="550" VPOS="1288" WIDTH="58" HEIGHT="21" WC="0.92" CONTENT="klass"/><SP WIDTH="23" VPOS="1288" HPOS="608"/>
							<String ID="string_256" HPOS="631" VPOS="1289" WIDTH="24" HEIGHT="20" WC="0.96" CONTENT="af"/><SP WIDTH="18" VPOS="1289" HPOS="655"/>
							<String ID="string_257" HPOS="673" VPOS="1289" WIDTH="40" HEIGHT="20" WC="0.93" CONTENT="den"/><SP WIDTH="18" VPOS="1289" HPOS="713"/>
							<String ID="string_258" HPOS="731" VPOS="1289" WIDTH="108" HEIGHT="20" WC="0.91" CONTENT="ordinarie"/><SP WIDTH="15" VPOS="1289" HPOS="839"/>
							<String ID="string_259" HPOS="854" VPOS="1288" WIDTH="129" HEIGHT="25" WC="0.92" CONTENT="folkskolan,"/>
						</TextLine>
						<TextLine ID="line_33" HPOS="225" VPOS="1321" WIDTH="760" HEIGHT="28">
							<String ID="string_260" HPOS="225" VPOS="1321" WIDTH="39" HEIGHT="21" WC="0.95" CONTENT="bör"/><SP WIDTH="16" VPOS="1321" HPOS="264"/>
							<String ID="string_261" HPOS="280" VPOS="1322" WIDTH="50" HEIGHT="27" WC="0.95" CONTENT="den,"/><SP WIDTH="16" VPOS="1322" HPOS="330"/>
							<String ID="string_262" HPOS="346" VPOS="1322" WIDTH="33" HEIGHT="21" WC="0.96" CONTENT="för"/><SP WIDTH="15" VPOS="1322" HPOS="379"/>
							<String ID="string_263" HPOS="394" VPOS="1325" WIDTH="33" HEIGHT="18" WC="0.96" CONTENT="att"/><SP WIDTH="14" VPOS="1325" HPOS="427"/>
							<String ID="string_264" HPOS="441" VPOS="1325" WIDTH="109" HEIGHT="19" WC="0.96" CONTENT="motsvara"/><SP WIDTH="15" VPOS="1325" HPOS="550"/>
							<String ID="string_265" HPOS="565" VPOS="1323" WIDTH="37" HEIGHT="20" WC="0.93" CONTENT="sitt"/><SP WIDTH="16" VPOS="1323" HPOS="602"/>
							<String ID="string_266" HPOS="618" VPOS="1322" WIDTH="111" HEIGHT="27" WC="0.96" CONTENT="ändamål,"/><SP WIDTH="17" VPOS="1322" HPOS="729"/>
							<String ID="string_267" HPOS="746" VPOS="1323" WIDTH="34" HEIGHT="21" WC="0.96" CONTENT="stä"/><SP WIDTH="15" VPOS="1323" HPOS="780"/>
							<String ID="string_268" HPOS="795" VPOS="1323" WIDTH="7" HEIGHT="20" WC="0.67" CONTENT="i"/><SP WIDTH="9" VPOS="1323" HPOS="802"/>
							<String ID="string_269" HPOS="811" VPOS="1322" WIDTH="111" HEIGHT="27" WC="0.91" CONTENT="organiskt"/><SP WIDTH="9" VPOS="1322" HPOS="922"/>
							<String ID="string_270" HPOS="931" VPOS="1329" WIDTH="54" HEIGHT="14" WC="0.91" CONTENT="sam-"/>
						</TextLine>
						<TextLine ID="line_34" HPOS="225" VPOS="1356" WIDTH="760" HEIGHT="28">
							<String ID="string_271" HPOS="225" VPOS="1356" WIDTH="60" HEIGHT="21" WC="0.96" CONTENT="band"/><SP WIDTH="22" VPOS="1356" HPOS="285"/>
							<String ID="string_272" HPOS="307" VPOS="1357" WIDTH="49" HEIGHT="20" WC="0.93" CONTENT="med"/><SP WIDTH="18" VPOS="1357" HPOS="356"/>
							<String ID="string_273" HPOS="374" VPOS="1356" WIDTH="122" HEIGHT="22" WC="0.91" CONTENT="folkskolan"/><SP WIDTH="17" VPOS="1356" HPOS="496"/>
							<String ID="string_274" HPOS="513" VPOS="1357" WIDTH="40" HEIGHT="21" WC="0.93" CONTENT="och"/><SP WIDTH="15" VPOS="1357" HPOS="553"/>
							<String ID="string_275" HPOS="568" VPOS="1357" WIDTH="89" HEIGHT="27" WC="0.92" CONTENT="betjena"/><SP WIDTH="15" VPOS="1357" HPOS="657"/>
							<String ID="string_276" HPOS="672" VPOS="1357" WIDTH="33" HEIGHT="27" WC="0.96" CONTENT="sig"/><SP WIDTH="16" VPOS="1357" HPOS="705"/>
							<String ID="string_277" HPOS="721" VPOS="1357" WIDTH="25" HEIGHT="21" WC="0.96" CONTENT="af"/><SP WIDTH="12" VPOS="1357" HPOS="746"/>
							<String ID="string_278" HPOS="758" VPOS="1357" WIDTH="83" HEIGHT="21" WC="0.93" CONTENT="hennes"/><SP WIDTH="15" VPOS="1357" HPOS="841"/>
							<String ID="string_279" HPOS="856" VPOS="1356" WIDTH="129" HEIGHT="22" WC="0.92" CONTENT="lärarekraf-"/>
						</TextLine>
						<TextLine ID="line_35" HPOS="225" VPOS="1390" WIDTH="760" HEIGHT="29">
							<String ID="string_280" HPOS="225" VPOS="1395" WIDTH="39" HEIGHT="16" WC="0.90" CONTENT="ter."/><SP WIDTH="30" VPOS="1395" HPOS="264"/>
							<String ID="string_281" HPOS="294" VPOS="1390" WIDTH="10" HEIGHT="21" WC="0.96" CONTENT="I"/><SP WIDTH="23" VPOS="1390" HPOS="304"/>
							<String ID="string_282" HPOS="327" VPOS="1390" WIDTH="96" HEIGHT="27" WC="0.95" CONTENT="Sverige,"/><SP WIDTH="24" VPOS="1390" HPOS="423"/>
							<String ID="string_283" HPOS="447" VPOS="1392" WIDTH="39" HEIGHT="20" WC="0.96" CONTENT="där"/><SP WIDTH="24" VPOS="1392" HPOS="486"/>
							<String ID="string_284" HPOS="510" VPOS="1392" WIDTH="72" HEIGHT="20" WC="0.93" CONTENT="denna"/><SP WIDTH="18" VPOS="1392" HPOS="582"/>
							<String ID="string_285" HPOS="600" VPOS="1391" WIDTH="159" HEIGHT="28" WC="0.96" CONTENT="angelägenhet"/><SP WIDTH="16" VPOS="1391" HPOS="759"/>
							<String ID="string_286" HPOS="775" VPOS="1392" WIDTH="88" HEIGHT="21" WC="0.96" CONTENT="ordnats"/><SP WIDTH="16" VPOS="1392" HPOS="863"/>
							<String ID="string_287" HPOS="879" VPOS="1391" WIDTH="66" HEIGHT="21" WC="0.96" CONTENT="redan"/><SP WIDTH="16" VPOS="1391" HPOS="945"/>
							<String ID="string_288" HPOS="961" VPOS="1391" WIDTH="24" HEIGHT="20" WC="0.96" CONTENT="är"/>
						</TextLine>
						<TextLine ID="line_36" HPOS="227" VPOS="1424" WIDTH="759" HEIGHT="29">
							<String ID="string_289" HPOS="227" VPOS="1425" WIDTH="54" HEIGHT="21" WC="0.95" CONTENT="1877"/><SP WIDTH="25" VPOS="1425" HPOS="281"/>
							<String ID="string_290" HPOS="306" VPOS="1426" WIDTH="86" HEIGHT="26" WC="0.95" CONTENT="(genom"/><SP WIDTH="23" VPOS="1426" HPOS="392"/>
							<String ID="string_291" HPOS="415" VPOS="1425" WIDTH="20" HEIGHT="21" WC="0.93" CONTENT="k."/><SP WIDTH="17" VPOS="1425" HPOS="435"/>
							<String ID="string_292" HPOS="452" VPOS="1425" WIDTH="144" HEIGHT="28" WC="0.92" CONTENT="kungörelsen"/><SP WIDTH="17" VPOS="1425" HPOS="596"/>
							<String ID="string_293" HPOS="613" VPOS="1426" WIDTH="24" HEIGHT="21" WC="0.97" CONTENT="af"/><SP WIDTH="14" VPOS="1426" HPOS="637"/>
							<String ID="string_294" HPOS="651" VPOS="1427" WIDTH="40" HEIGHT="20" WC="0.96" CONTENT="den"/><SP WIDTH="18" VPOS="1427" HPOS="691"/>
							<String ID="string_295" HPOS="709" VPOS="1427" WIDTH="24" HEIGHT="20" WC="0.93" CONTENT="11"/><SP WIDTH="18" VPOS="1427" HPOS="733"/>
							<String ID="string_296" HPOS="751" VPOS="1427" WIDTH="70" HEIGHT="26" WC="0.92" CONTENT="sept.),"/><SP WIDTH="18" VPOS="1427" HPOS="821"/>
							<String ID="string_297" HPOS="839" VPOS="1427" WIDTH="24" HEIGHT="20" WC="0.96" CONTENT="är"/><SP WIDTH="15" VPOS="1427" HPOS="863"/>
							<String ID="string_298" HPOS="878" VPOS="1425" WIDTH="59" HEIGHT="21" WC="0.96" CONTENT="tiden"/><SP WIDTH="16" VPOS="1425" HPOS="937"/>
							<String ID="string_299" HPOS="953" VPOS="1424" WIDTH="33" HEIGHT="23" WC="0.96" CONTENT="för"/>
						</TextLine>
						<TextLine ID="line_37" HPOS="226" VPOS="1459" WIDTH="758" HEIGHT="29">
							<String ID="string_300" HPOS="226" VPOS="1459" WIDTH="42" HEIGHT="21" WC="0.92" CONTENT="den"/><SP WIDTH="24" VPOS="1459" HPOS="268"/>
							<String ID="string_301" HPOS="292" VPOS="1459" WIDTH="101" HEIGHT="21" WC="0.96" CONTENT="fortsatta"/><SP WIDTH="23" VPOS="1459" HPOS="393"/>
							<String ID="string_302" HPOS="416" VPOS="1459" WIDTH="181" HEIGHT="28" WC="0.93" CONTENT="undervisningen"/><SP WIDTH="16" VPOS="1459" HPOS="597"/>
							<String ID="string_303" HPOS="613" VPOS="1460" WIDTH="114" HEIGHT="27" WC="0.96" CONTENT="fastställd,"/><SP WIDTH="17" VPOS="1460" HPOS="727"/>
							<String ID="string_304" HPOS="744" VPOS="1461" WIDTH="29" HEIGHT="26" WC="0.93" CONTENT="pä"/><SP WIDTH="15" VPOS="1461" HPOS="773"/>
							<String ID="string_305" HPOS="788" VPOS="1460" WIDTH="148" HEIGHT="28" WC="0.93" CONTENT="landsbygden"/><SP WIDTH="17" VPOS="1460" HPOS="936"/>
							<String ID="string_306" HPOS="953" VPOS="1460" WIDTH="31" HEIGHT="21" WC="0.96" CONTENT="till"/>
						</TextLine>
					</TextBlock>
					<TextBlock ID="block_4" HPOS="301" VPOS="1494" WIDTH="499" HEIGHT="24">
						<TextLine ID="line_38" HPOS="301" VPOS="1494" WIDTH="499" HEIGHT="24">
							<String ID="string_307" HPOS="301" VPOS="1494" WIDTH="100" HEIGHT="23" WC="0.93" CONTENT="Allmänna"/><SP WIDTH="13" VPOS="1494" HPOS="401"/>
							<String ID="string_308" HPOS="414" VPOS="1499" WIDTH="173" HEIGHT="19" WC="0.88" CONTENT="Besvärsutskottets"/><SP WIDTH="12" VPOS="1499" HPOS="587"/>
							<String ID="string_309" HPOS="599" VPOS="1499" WIDTH="110" HEIGHT="19" WC="0.91" CONTENT="betänkande"/><SP WIDTH="11" VPOS="1499" HPOS="709"/>
							<String ID="string_310" HPOS="720" VPOS="1500" WIDTH="38" HEIGHT="18" WC="0.96" CONTENT="N:o"/><SP WIDTH="13" VPOS="1500" HPOS="758"/>
							<String ID="string_311" HPOS="771" VPOS="1501" WIDTH="29" HEIGHT="17" WC="0.96" CONTENT="18."/>
						</TextLine>
					</TextBlock>
				</ComposedBlock>
			</PrintSpace>
		</Page>
	</Layout>
</alto>
