1067 1673
287 122 268 21 Petitionsbetänkande
570 122 41 21 N:o
628 122 37 20 28.

377 436 155 21 Allmänna
554 436 306 22 Besvärsutskottets

307 470 189 22 betänkande
513 470 37 23 N:o
566 469 22 23 19
604 471 8 21 i
627 471 118 28 anledning
768 471 24 21 af
805 471 32 22 ett
852 471 7 21 i

306 505 163 22 Presteståndet
497 505 120 22 inlemnadt
646 505 213 29 petitionsmemorial

308 545 33 16 om
361 540 132 28 statsanslag
508 539 35 22 till
558 539 127 22 utbildande
701 540 22 21 at
737 540 74 21 lärare
825 540 35 21 för

308 574 104 27 kyrkliga
427 574 182 21 småbarnskolor.

173 637 89 21 Genom
284 637 212 28 protokollsutdrag
519 637 26 21 af
567 637 45 21 den
636 637 26 22 14
681 637 115 21 Februari
819 637 42 20 har

104 671 145 28 högvördiga
272 671 175 22 Presteständet
470 671 38 21 till
527 671 127 22 Allmänna
668 671 193 22 Besvärsutskot-

104 708 45 19 tets
169 706 150 28 behandling,
335 706 70 28 jämte
420 706 119 28 protokoll
554 706 66 21 öfver
636 706 44 21 den
695 706 40 21 vid
752 706 109 21 ärendets

104 741 81 21 remiss
200 740 168 29 försiggängna
387 740 170 27 diskussionen,
576 740 132 29 hänskjutit
727 743 34 19 ett
781 741 25 20 sä
825 740 35 28 ly-

105 775 76 20 dande
196 775 242 28 petitionsmemorial:

175 833 157 27 (Öfversättning.)

303 895 44 21 Till
361 896 128 27 högvördiga
506 895 165 22 Presteständet.

176 954 46 19 Den
241 954 89 26 kyrkliga
345 954 164 19 smäbarnskolan
525 956 23 17 är
564 954 119 19 fortfarande
699 960 25 13 en
739 954 22 19 af
775 955 90 19 landtbe-

107 981 119 26 folkningen
243 983 36 19 och
295 983 202 25 församlingsläraren
514 982 107 20 omhuldad
637 982 116 26 inrättning.

176 1011 51 20 Värt
249 1012 56 18 lands
327 1012 137 25 egendomliga
486 1012 96 25 ställning
603 1012 38 18 och
659 1011 206 26 landtbefolkningens

108 1040 269 26 bosättningsförhällanden
392 1040 55 26 gifva
462 1042 20 17 ät
497 1041 116 19 densamma
629 1047 25 13 en
668 1041 155 25 utomordentlig
832 1042 33 18 be-

108 1070 81 24 tydelse.

178 1098 32 19 Då
228 1098 197 19 smäbarnskolornas
445 1098 54 18 antal
515 1097 53 26 förty
584 1098 83 25 alltjämt
682 1098 98 24 tillväxer,
796 1100 22 16 är
833 1104 34 12 na-

109 1127 71 25 turligt
202 1129 28 17 att
252 1128 59 18 ätven
334 1126 119 26 efterfrågan
476 1128 25 24 pä
523 1126 95 26 lämpliga
639 1127 63 18 lärare
720 1128 63 17 måste
798 1126 69 19 ökas
854 1122 16 35 i

110 1162 75 12 samma
199 1156 129 19 förhållande.
358 1156 48 18 Men
420 1156 110 24 tillgången
547 1157 22 17 är
584 1154 123 20 fortfarande
722 1156 62 24 ringa.

178 1184 12 19 I
205 1184 50 26 syfte
271 1188 26 16 att
312 1184 92 26 afhjälpa
419 1184 67 19 denna
500 1184 50 19 brist
566 1184 122 20 inlemnades
703 1184 65 18 under
781 1184 87 18 ständer-

111 1214 61 18 mötet
196 1214 55 19 1888
266 1214 6 18 i
287 1213 148 19 Presteståndet
456 1220 26 12 en
504 1213 92 25 petition,
611 1213 79 19 hvilken
705 1212 51 19 dock
771 1212 44 19 icke
830 1212 39 25 lyc-

111 1242 59 18 kades
185 1242 62 20 vinna
262 1243 117 19 ständernas
393 1242 115 19 understöd.
538 1242 41 18 Det
594 1244 44 21 sätt,
652 1242 75 24 hvarpå
737 1241 132 25 petitionären

111 1270 45 20 ville
179 1271 79 19 komma
281 1272 29 18 till
333 1272 64 23 målet,
420 1271 102 25 nämligen
541 1276 73 19 genom
630 1270 120 19 inrättandet
765 1269 22 19 af
799 1273 70 15 trenne

111 1300 120 25 seminarier,
252 1300 68 19 väckte
335 1300 6 19 i
357 1300 45 18 vida
420 1300 77 18 kretsar
512 1299 121 19 misstankar
648 1301 28 17 att
691 1302 26 16 ett
733 1301 82 17 attentat
830 1300 41 16 mot

112 1329 38 18 den
165 1329 62 25 högre
243 1329 113 19 folkskolan
374 1328 45 19 från
434 1328 157 25 presterskapets
607 1328 36 18 och
659 1328 86 25 kyrkans
761 1328 43 18 sida
818 1326 52 26 åsyf-

111 1358 60 18 tades.
201 1358 70 19 Ehuru
287 1358 66 18 denna
368 1357 107 19 misstanke
490 1357 43 18 icke
549 1362 36 13 var
600 1356 97 26 grundad,
711 1362 36 13 var
762 1356 109 25 petitionen

112 1388 7 18 i
133 1387 65 19 denna
214 1386 48 20 form
279 1386 50 19 dock
344 1386 83 25 förtjent
442 1386 22 18 af
477 1386 33 18 sitt
526 1386 44 18 öde.

181 1415 45 19 Den
241 1414 221 26 evangelisk-lutherska
478 1414 76 25 kyrkan
570 1414 41 24 har,
628 1414 7 18 i
650 1414 72 25 lydnad
737 1412 32 20 för
785 1412 33 20 det
828 1413 43 18 bor-

112 1445 75 25 gerliga
209 1444 112 19 samhällets
343 1444 40 24 lag,
405 1443 103 19 bibehållit
531 1442 38 19 och
584 1442 36 20 vill
636 1442 121 19 fortfarande
774 1441 99 19 bibehålla

181 1482 99 18 Allmänna
291 1481 173 19 Besvärsutskottets
476 1480 110 18 betänkande
598 1480 36 18 N:o
646 1480 27 18 19.
