1073 1678
253 125 26 20 16
420 124 247 23 Petitionsbetänkande
683 125 37 22 N:o
736 123 29 22 31.

223 193 124 28 begåfning.
377 193 124 22 Utskottets
520 193 70 22 flertal
614 194 93 27 antyder
725 193 42 25 väl,
787 195 33 19 att
835 193 78 28 fattiga
928 193 53 21 barn

223 228 29 27 på
272 227 65 27 något
360 228 43 21 sätt
424 227 73 22 kunde
516 227 88 22 komma
620 228 7 21 i
643 227 86 22 tillfälle
745 229 33 20 att
793 227 66 21 vinna
874 227 85 21 inträde
975 227 7 20 i

223 261 110 28 skolorna,
353 262 40 21 och
415 262 69 21 håller
507 262 51 26 före,
579 265 33 18 att
635 262 159 21 kommunerna
815 261 52 22 eller
885 261 98 22 enskilda

223 303 104 20 personer
341 296 62 22 torde
418 297 87 21 komma
520 299 33 19 att
569 297 89 27 erlägga
675 297 62 21 deras
753 296 160 27 terminsafgift.

293 331 38 20 Att
348 337 49 15 man
413 331 8 21 i
436 331 104 21 städerna
554 331 103 27 möjligen
674 331 39 21 har
729 330 47 21 skäl
792 333 33 19 att
839 330 98 28 påräkna
953 330 30 21 bi-

224 365 55 27 drag
294 364 49 22 från
364 364 142 22 kommunens
522 365 54 26 sida,
593 365 75 21 kunna
683 365 22 21 vi
720 366 59 20 ännu
794 365 61 27 fatta,
873 372 48 14 men
937 366 47 20 där-

225 401 58 19 emot
303 402 35 18 vet
356 399 35 21 väl
413 399 88 26 enhvar,
521 406 46 15 som
586 400 57 21 helst
658 400 7 21 i
681 400 72 27 någon
768 400 50 20 mån
835 399 82 21 känner
932 400 53 20 våra

225 433 198 26 landskommuner,
439 436 33 19 att
492 434 80 21 sådant
592 433 49 22 icke
660 434 39 21 där
714 435 24 20 är
754 435 33 20 att
802 433 107 22 förvänta.
939 433 46 22 Och

222 467 48 28 just
284 467 136 22 landsortens
435 468 55 21 baru
505 469 39 21 äro
560 468 64 22 äfven
640 469 7 20 i
663 468 65 27 öfrigt
743 468 25 21 af
781 467 44 22 alla
840 467 77 28 fattiga
931 467 53 22 barn

227 502 34 25 de,
276 501 85 22 hvilkas
375 502 49 27 läge
439 504 25 20 är
478 505 55 19 mest
550 503 161 27 ofördelaktigt.
738 502 31 21 De
783 503 82 27 nödgas
876 502 108 27 nämligen

226 536 94 21 förutom
343 537 134 28 skolafgifter
497 537 82 28 jämväl
601 537 105 22 förskaffa
724 537 33 28 sig
775 537 69 22 medel
859 537 34 21 för
908 537 76 21 bostad

228 570 40 22 och
281 571 114 27 uppehälle
403 571 7 22 i
418 571 131 22 skolstaden.
566 572 75 21 Ehuru
649 572 36 21 väl
696 579 27 14 en
735 572 68 21 sådan
812 572 90 27 vetgirig
912 571 71 22 lands-

227 607 108 25 ortsgosse
343 605 46 22 ofta
405 605 44 22 kan
464 607 99 20 anordna
574 606 53 21 sina!
635 605 205 22 lefnadskostnader
847 606 33 21 till
889 606 40 21 och
937 607 48 20 med

227 640 26 20 sä
273 640 88 27 otroligt
383 640 79 27 billigt,
478 642 33 20 att
527 640 166 28 skolafgifterna
708 641 34 21 för
757 641 37 20 det
809 640 68 22 första
892 640 93 22 skolåret

225 676 75 25 stegra
314 674 55 21 hans
385 675 102 27 samtliga
501 674 91 28 utgifter
608 676 49 20 med
672 682 27 14 en
715 674 107 28 tredjedel
837 674 24 22 af
869 674 50 22 hela
929 682 56 14 sum-

227 715 58 17 man,
303 709 25 21 sä
349 710 25 20 är
389 709 56 21 dock
465 709 153 22 anskaffandet
639 709 24 21 af
677 710 73 20 denna
765 709 106 27 tredjedel
885 709 8 21 i
909 710 77 26 många

227 742 38 22 fall
281 743 24 21 sä
320 744 66 25 svärt,
402 746 34 19 att
451 743 56 22 hans
523 744 86 21 inträde
623 744 8 21 i
641 744 78 21 skolan
731 744 126 27 härigenom
868 743 43 22 kan
919 744 66 27 omöj-

227 776 100 28 liggöras.
365 777 66 22 Detta
454 778 205 22 landsortsbarnens
682 778 160 28 ofördelaktiga
862 778 48 28 läge
933 779 24 20 är
979 778 7 21 i

227 811 80 27 nädiga
330 811 144 28 kungörelsen
492 812 25 22 af
535 813 41 21 den
592 814 28 21 22
636 813 88 27 augusti
739 812 8 22 i
762 813 71 27 nägon
849 813 50 21 män
914 812 72 22 obser-

227 846 83 24 veradt,
325 846 30 28 ity
371 848 32 20 att
418 847 48 21 däri
480 847 147 28 uttryckligen
642 848 95 27 stadgas,
754 849 33 19 att
801 846 110 28 friplatser
921 848 28 26 pä
960 848 26 20 de

226 880 71 21 andra
311 880 119 28 klasserna,
445 884 60 18 utom
517 882 41 21 den
569 882 76 28 första,
656 882 53 21 böra
720 882 95 22 tilldelas
826 881 77 27 elever,
914 882 73 21 hvilka

227 914 66 22 hafva
309 915 38 21 sitt
362 916 49 21 hem
427 917 13 19 &
455 923 72 15 annan
544 919 34 19 ort
594 918 29 20 än
639 916 132 22 skolstaden.

297 949 33 21 En
346 949 151 23 bestämmelse
512 951 91 26 därhän,
621 953 32 19 att
669 951 78 27 fattiga
757 950 164 22 landsortsbarn
932 950 54 22 kun-

228 982 26 22 de
270 982 80 23 befrias
365 984 48 22 frän
429 985 146 28 skolafgifters
591 986 131 27 erläggande
738 985 63 22 äfven
812 986 29 26 pä
851 985 68 21 första
929 985 56 21 klas-

228 1023 45 20 sen,
289 1017 71 22 skulle
376 1019 92 22 sälunda
481 1019 121 28 ingalunda
617 1020 69 21 strida
700 1022 46 19 mot
762 1020 73 21 denna
847 1019 140 27 kungörelses

228 1053 65 25 anda,
308 1055 52 19 utan
377 1060 50 15 vore
446 1053 90 22 fastmer
551 1056 33 19 att
602 1054 103 21 betrakta
720 1055 72 20 säsom
807 1056 32 19 ett
854 1053 133 22 förfullstän-

227 1086 95 28 digande
337 1087 76 28 tillägg
428 1088 34 21 till
477 1089 134 21 densamma.

298 1121 38 22 Ett
358 1122 51 21 slikt
432 1123 122 27 stadgande
576 1123 70 22 skulle
665 1123 108 28 därjämte
793 1122 34 22 för
842 1125 71 19 staten
929 1123 57 21 med-

228 1154 48 23 föra
295 1156 24 21 sä
339 1156 126 29 obetydliga
486 1157 123 28 pekuniära
632 1157 108 27 förluster,
757 1160 34 19 att
806 1158 37 21 det
857 1157 130 28 näppeligen

228 1190 25 20 är
271 1189 25 22 af
316 1191 71 21 nöden
411 1194 33 19 att
461 1192 74 21 vidare
558 1193 54 21 orda
634 1193 82 21 därom.
746 1191 75 28 Enligt
841 1191 8 22 i
867 1199 27 14 nr
908 1192 42 22 293
965 1192 25 21 af

227 1223 113 23 allmänna
362 1225 114 28 tidningen
494 1227 25 20 af
535 1227 24 21 år
578 1227 57 22 1890
652 1226 129 22 meddelade
796 1226 122 22 statistiska
932 1234 56 20 upp-

226 1258 67 27 gifter
307 1259 70 22 skulle
392 1260 25 21 af
430 1261 51 21 vära
497 1260 204 23 elementarskolors
716 1261 74 22 elever
805 1261 29 27 pä
848 1261 69 21 första
931 1261 57 22 klas-

228 1299 37 15 sen
283 1293 40 22 143
339 1294 84 22 kunnat
438 1295 83 22 erhälla
535 1295 94 29 friplats,
646 1303 34 14 om
696 1295 111 28 nämligen
823 1296 27 21 de
864 1295 74 22 härtill
952 1295 35 22 be-

227 1328 121 27 rättigades
370 1329 61 21 antal
453 1330 108 22 beräknas
584 1330 34 22 till
641 1331 28 21 20
679 1331 28 27 /,
729 1329 27 23 af
776 1329 177 22 elevnumerären
975 1331 13 20 &

227 1361 76 29 hvarje
324 1362 66 23 klass.
419 1364 32 22 De
469 1364 26 22 af
511 1365 63 21 dessa
590 1364 72 23 elever
677 1365 90 27 erlagda
781 1364 207 28 terminsafgifterna

227 1395 72 23 skulle
321 1397 93 23 sälunda
436 1398 82 28 utgjort
540 1398 78 22 inalles
640 1400 57 21 5720
718 1398 73 23 finska
813 1398 68 22 mark.
911 1398 77 22 Denna

227 1436 86 16 summa
327 1432 26 21 är
367 1432 48 21 icke
433 1435 52 25 stor,
505 1440 50 14 men
577 1434 63 21 torde
659 1434 36 21 det
718 1433 93 22 oaktadt
833 1434 49 20 med
904 1432 83 29 hänsyn

296 1470 101 20 Allmänna
409 1472 174 19 Besvärsutskottets
594 1473 111 18 betänkande
717 1473 35 18 N:o
764 1473 32 18 24.
