1061 1673
263 128 28 20 20
442 126 244 22 Petitionsbetänkande
702 127 37 21 N:o
755 125 32 23 27.

234 189 106 27 muntliga
355 189 123 27 föredraget
494 190 95 20 infördes
612 190 71 20 såsom
700 190 42 20 den
758 190 109 27 egentliga
883 188 109 22 undervis-

233 223 155 27 ningsformen.
418 224 47 21 Den
493 223 68 22 första
587 224 83 21 danska
698 224 150 27 folkhögskola
873 224 120 21 inrättades

234 258 57 21 1844
313 258 8 20 i
343 258 99 27 Rödding
465 258 6 21 i
488 258 161 27 Nord-Slesvig;
674 258 7 20 i
698 259 71 20 denna
784 258 138 22 meddelades
938 258 55 21 dock

233 292 37 21 vid
286 292 62 21 sidan
369 292 25 22 af
412 292 188 22 fädernerlandets
623 293 96 25 historia,
742 293 109 21 litteratur
875 293 39 21 och
934 294 58 25 sång,

233 326 65 21 äfven
313 327 155 27 undervisning
484 327 8 21 i
506 327 111 27 skrifning,
634 327 92 27 räkning
741 330 56 18 samt
812 328 7 20 i
835 328 119 20 elementen
970 326 25 22 af

231 361 171 27 jordbrukslära,
419 362 210 27 veterinärkunskap
646 369 18 14 o.
682 369 19 14 a.
717 362 112 27 praktiska
845 363 82 20 ämnen.
952 362 41 20 Un-

234 395 195 27 dervisningstiden
445 403 38 14 var
498 398 32 19 tre
546 396 79 21 halfär:
643 397 37 20 tvä
695 396 82 22 vintrar
793 396 40 21 och
849 403 25 14 en
889 402 102 20 sommar;

232 429 7 21 i
256 436 77 15 senare
348 430 108 21 inrättade
473 431 72 20 skolor
560 430 139 21 förkortades
714 431 79 20 kursen
815 431 32 20 till
863 433 31 18 ett
909 431 82 20 vinter-

232 464 79 25 halfär,
328 465 28 26 pä
372 465 36 20 det
424 465 64 21 äfven
504 465 140 21 obemedlade
661 465 70 21 blefve
747 465 7 20 i
770 465 86 20 tillfälle
870 467 32 19 att
912 464 80 22 besöka

233 499 116 21 desamma.
379 493 30 27 Är
426 501 54 20 1861
498 501 112 26 öppnades
626 501 28 26 pä
671 500 58 27 Fyen
747 501 40 19 den
808 499 67 22 första
895 499 96 26 folkhög-

233 533 62 22 skola
309 533 34 22 för
358 534 97 27 gvinnor,
472 535 83 21 hvilkas
571 535 156 26 undervisning
738 534 117 27 försiggick
863 535 67 20 under
938 541 53 14 som-

233 575 81 14 maren.
345 569 55 20 Före
423 570 23 20 är
473 570 55 21 1870
550 569 56 21 hade
630 571 77 20 endast
723 569 93 21 enstaka
831 569 160 27 folkhögskolor

233 602 187 22 subventionerats
444 603 24 22 af
489 606 78 25 staten,
590 611 47 14 men
660 604 47 21 från
726 605 95 20 nämnda
837 604 24 20 är
876 604 115 27 upptogs
978 598 16 37 i

232 637 110 27 budgeten
366 640 30 19 ett
419 639 64 26 årligt
508 638 85 27 belopp,
616 639 33 20 till
674 646 26 13 en
719 638 77 28 början
813 639 77 25 14,000
904 639 85 26 kronor,

231 671 80 22 hvaraf
327 679 26 14 en
368 672 124 28 betydande
508 673 34 20 del
561 673 113 21 utdelades
691 673 71 21 säsom
777 673 118 20 understöd
910 673 22 20 ät
947 680 43 13 me-

232 706 83 21 dellösa
323 713 109 20 personer,
441 707 73 21 hvilka
522 707 95 22 önskade
626 707 81 22 besöka
717 707 156 27 folkhögskola.
885 707 105 21 Eleverna

233 740 88 27 erlägga
336 741 8 20 i
360 741 57 27 regel
434 748 25 14 en
476 741 63 28 afgift
555 742 24 21 af
589 743 25 20 10
630 742 13 21 å
660 743 26 20 12
701 742 81 21 kronor
792 743 7 20 i
810 743 113 20 månaden.
947 741 43 22 Un-

232 775 39 20 der
286 775 24 20 är
327 776 112 21 1885—84
455 776 100 28 utgjorde
571 777 81 20 antalet
668 777 49 20 med
733 777 110 20 allmänna
859 776 68 21 medel
942 777 47 20 sub-

231 809 155 22 ventionerade
402 810 162 28 folkhögskolor
584 811 3 21 i
601 811 112 21 Danmark
730 811 33 26 74,
783 811 84 21 hvilkas
883 818 105 14 samman-

231 844 65 26 lagda
319 846 174 20 statsunderstöd
517 846 95 27 uppgick
634 846 34 21 till
692 847 79 26 55,000
794 846 31 21 kr.
856 846 67 21 Dessa
938 852 50 15 voro

231 878 91 22 besökta
337 879 77 21 inalles
430 880 24 20 af
467 881 63 24 4,606
547 880 74 28 elever,
639 880 79 22 hvaraf
731 881 62 25 3,011
810 882 50 19 män
876 880 39 21 och
927 882 61 24 1,595

231 913 102 26 gvinnor;
351 913 23 21 af
388 914 26 20 de
430 914 96 27 manliga
541 916 99 19 eleverna
656 915 57 20 hade
729 916 63 26 25%,
808 915 40 21 och
859 915 24 20 af
891 916 26 19 de
928 915 60 26 gvin-

230 946 45 27 liga
291 948 26 21 16
326 948 27 26 ?/,
377 947 76 22 besökt
478 949 75 20 skolan
577 949 50 21 flere
650 951 26 19 än
698 956 26 14 en
744 949 57 21 kurs.
832 950 8 20 1
860 949 100 21 afseende
976 950 12 20 ä

230 981 75 21 åldern
322 989 50 14 voro
389 983 26 20 de
431 983 63 21 flesta
509 983 24 21 af
546 983 98 21 eleverna
662 983 78 22 mellan
757 984 26 21 18
799 983 40 22 och
854 984 27 21 25
896 985 30 24 är,
948 984 40 21 och

229 1015 59 22 hvad
304 1017 62 20 deras
382 1017 80 21 sociala
478 1017 102 28 ställning
596 1019 74 26 angär,
687 1025 52 14 voro

690 1054 51 30 män.
807 1058 89 22 gvinnor.

334 1085 54 21 barn
404 1085 25 22 af
442 1086 175 27 hemmansegare
633 1099 34 4 ---
687 1088 64 27 67%,
767 1087 39 21 och
821 1088 28 21 56
858 1088 26 26 %,

356 1135 10 10 n
408 1135 10 10 on
444 1123 220 25 FOrpare--------.
685 1123 28 20 20
730 1137 10 11 »
783 1138 9 10 »
819 1123 28 21 22
865 1138 9 10 n

356 1170 10 10 »
410 1171 9 10 =»
444 1155 225 22 handtverkarem.m.
700 1158 39 24 8»
781 1173 11 11 »
820 1157 53 26 13»

356 1205 12 11 »
410 1205 10 10 »
446 1190 218 21 embetsmän----..
698 1191 41 26 örn
781 1206 10 11 8
832 1193 40 24 %x

228 1221 36 21 En
288 1223 24 20 af
332 1225 71 19 staten
422 1224 87 21 aflönad
530 1225 112 27 inspektör
658 1226 91 21 besöker
771 1225 103 22 skolorna
896 1227 40 20 och
954 1227 30 21 af-

227 1255 70 27 gifver
319 1257 116 22 berättelse
457 1266 35 13 om
512 1260 62 20 deras
596 1260 143 25 verksamhet,
764 1261 41 20 den
821 1260 163 22 föreståndaren

226 1290 35 21 för
277 1291 66 27 öfrigt
358 1292 34 21 får
406 1294 100 21 anordna
521 1296 52 19 utan
590 1295 64 26 något
670 1295 129 26 ingripande
810 1295 46 20 från
867 1295 117 21 statsfunk-

227 1325 137 22 tionärernas
380 1327 52 22 sida.

297 1360 71 28 Tjugu
390 1363 25 20 år
430 1369 75 14 senare
521 1364 27 19 än
565 1363 6 20 i
586 1363 112 21 Danmark
713 1363 42 21 fick
771 1364 42 20 den
829 1363 156 27 grundtvigska

226 1393 202 28 folkhögskoleidén
441 1397 88 21 fotfäste
539 1397 8 20 i
557 1397 76 28 Norge,
646 1399 40 20 där
694 1399 40 20 den
745 1399 66 20 första
819 1397 165 27 folkhögskolan

225 1428 123 22 inrättades
370 1430 7 20 i
400 1430 98 28 Sagatun
520 1432 23 20 år
563 1432 53 22 1864
634 1432 40 21 och
690 1434 61 19 snart
767 1433 69 26 därpå
851 1432 133 28 efterföljdes

297 1468 99 19 Allmänna
408 1471 173 19 Besvärsutskottets
593 1472 116 19 betänkande
722 1473 33 18 N:o
767 1474 27 16 18.
