1070 1675
299 145 258 23 Motionsbetänkande
573 146 45 22 N:o
633 146 23 22 5.

382 571 263 23 Statsutskottets
668 570 194 24 betänkande

311 605 53 23 N:o
380 605 14 22 5
411 606 10 21 i
436 606 137 28 anledning
585 606 28 22 af
626 612 31 16 en
668 606 70 22 inom
745 605 117 28 Borgare-

312 639 100 23 ståndet
430 640 75 22 väckt
522 640 98 22 motion
641 646 40 16 om
702 640 75 22 ökadt
795 640 67 22 löne-

314 674 89 28 bidrag
417 674 41 22 för
471 674 256 23 folkskollärarinnor
736 674 32 28 på
778 674 86 22 landet

312 708 129 22 äfvensom
457 714 41 16 om
512 708 269 23 folkskollärarinnors
796 708 7 22 i
816 708 46 22 stä-

312 742 78 23 derna
406 742 47 23 och
468 742 32 29 på
515 742 86 23 landet
616 743 184 28 pensionering.

175 834 81 22 Genom
271 834 198 27 protokollsutdrag
483 835 23 21 af
520 835 41 22 den
578 835 26 22 10
618 835 93 22 februari
720 835 39 22 har
769 835 95 22 Statsut-

105 868 82 22 skottet
207 868 42 22 fått
265 868 47 22 från
327 869 182 26 Borgareståndet
525 871 107 25 emottaga
646 869 158 22 nedanstående
818 875 46 16 mo-

106 902 52 25 tion,
179 909 47 15 som
241 903 68 22 tillika
324 903 81 27 åtföljts
424 903 24 22 af
463 903 109 27 protokoll
591 903 57 22 öfver
660 903 41 22 den
716 903 35 22 vid
766 903 98 22 ärendets

106 937 74 22 remiss
195 936 112 23 förefallna
322 937 154 22 diskussionen.

244 1029 57 20 Till
316 1029 157 25 Vällofliga
488 1030 239 24 Borgareständet.

176 1097 70 21 Redan
268 1098 32 20 vid
319 1097 56 21 1885
394 1099 33 19 års
443 1099 142 23 ständermöte,
601 1099 25 19 då
641 1099 29 19 uti
684 1099 72 24 nådiga
773 1099 92 25 proposi-

108 1127 67 19 tionen
194 1132 33 14 n:o
246 1126 27 20 21
289 1127 101 23 angående
406 1128 69 23 anslag
491 1128 31 18 till
542 1127 145 20 folkskolornas
707 1128 103 19 underhåll
825 1128 41 19 för-

108 1154 42 24 slag
165 1156 82 19 väcktes
263 1161 31 13 om
309 1156 78 19 ökande
404 1156 21 19 af
439 1156 34 19 det
488 1162 23 13 ur
527 1156 97 19 allmänna
640 1157 113 19 statsmedel
768 1156 98 24 utgående

108 1183 140 25 lönebidraget
265 1184 31 19 till
311 1184 154 20 folkskollärare
478 1184 37 20 och
531 1185 111 19 lärarinnor
656 1185 26 24 på
698 1185 66 19 landet
780 1185 44 19 från
835 1191 31 13 re-

109 1212 90 24 spektive
220 1212 42 20 600
283 1213 37 19 och
340 1212 42 20 400
402 1213 55 19 mark
473 1213 30 19 till
519 1213 42 20 800
575 1214 55 19 mark
645 1213 31 20 för
692 1214 64 19 lärare
772 1214 37 20 och
825 1213 41 20 600

109 1241 56 19 mark
184 1240 32 20 för
237 1241 107 25 lärarivna,
364 1242 69 23 höjdes
452 1244 65 17 röster
532 1242 31 19 för
579 1242 147 20 lärarinnornas
739 1242 127 20 likställande

109 1270 45 19 med
174 1269 92 20 lärarene
285 1271 6 18 i
306 1270 86 19 berörda
408 1270 100 21 afseende.
535 1271 47 19 Men
599 1271 54 19 detta
668 1272 88 23 yrkande
772 1271 95 24 lyckades

111 1299 25 18 då
154 1298 44 19 icke
218 1301 49 21 göra
283 1299 28 23 sig
327 1299 99 23 gällande,
442 1301 48 18 enär
504 1305 45 13 man
565 1300 32 19 vid
613 1300 146 19 fastställandet
774 1300 21 19 af
809 1300 59 19 dessa

109 1327 57 19 löner
187 1327 62 24 ansåg
267 1328 28 23 sig
314 1327 49 20 böra
379 1331 46 20 taga
440 1328 75 23 hänsyn
532 1328 162 24 hufvudsakligen
711 1329 65 19 därtill
792 1331 30 17 att
836 1328 32 19 för

111 1361 24 14 en
151 1356 70 23 mängd
237 1356 84 24 tjänster
336 1357 5 18 i
358 1356 103 19 samhället
477 1356 107 24 tillgången
600 1357 25 24 på
636 1357 87 24 kvinliga
733 1357 77 19 krafter
821 1362 47 14 vore

111 1386 65 17 större
192 1387 24 16 än
232 1385 27 24 på
273 1385 90 23 manliga,
380 1385 100 19 äfvensom
492 1385 29 19 till
534 1385 217 26 lefnadskostnaderna,
762 1386 67 19 hvilka
839 1385 30 19 uti

111 1413 25 19 de
154 1413 51 19 allra
222 1412 59 20 flesta
299 1413 34 19 fall
352 1413 32 19 för
402 1414 37 18 den
457 1414 86 23 manliga
563 1414 76 19 läraren
658 1420 47 14 vore
720 1415 60 23 högre
797 1417 24 16 än
837 1413 32 20 för

111 1441 38 19 den
162 1441 94 24 kvinliga.

184 1479 144 18 Statsutskottets
341 1479 111 18 betänkande
464 1479 38 18 N:o
514 1481 17 16 5.
