1064 1661
264 145 14 20 2
447 143 244 22 Petitionsbetänkande
705 142 37 22 N:o
758 141 18 23 7.

442 213 37 20 äro
496 212 141 27 erforderliga
652 212 33 21 för
695 212 108 21 vinnande
814 212 25 21 af
850 212 142 21 förenämnda

443 246 119 28 syftemäl.*

304 310 82 21 Preste-
408 309 40 22 och
472 309 169 22 Bondeständen
661 309 96 28 godkänt
779 309 118 22 utskottets
912 309 79 22 resolu-

238 344 147 27 tionsförslag:

511 386 44 27 »att
571 384 130 26 Ständerna,
718 385 48 20 med
781 384 140 21 förkastande
933 384 24 21 af
965 385 26 20 de

444 419 7 20 i
470 419 243 27 petitionsmemorialen
732 419 51 21 n:ris
804 420 10 20 1
832 419 39 21 och
887 419 14 21 2
915 419 77 28 gjorda

443 453 107 28 förslagen
573 460 34 14 om
622 453 115 22 införande
753 453 24 22 af
789 454 66 27 tväng
871 453 32 22 för
918 453 73 22 lands-

443 488 157 21 kommunerna
623 490 32 19 att
677 488 82 21 inrätta
781 488 66 27 högre
865 488 126 27 folkskolor,

442 523 55 26 ville,
514 523 50 21 med
579 523 159 27 godkännande
754 522 23 22 af
786 523 65 27 syftet
861 523 7 20 i
879 523 110 27 petitions-

442 557 138 22 memorialen
602 557 50 21 n:ris
671 558 13 20 3
700 556 40 22 och
755 558 19 25 4,
797 557 6 21 i
820 556 171 28 underdänighet

442 587 102 31 anhålla,”

511 634 33 20 att
560 632 59 22 Hans
635 632 120 28 Kejserliga
771 632 103 28 Majestät
889 632 33 21 till
933 633 58 21 näst-

442 668 206 21 sammanträdande
663 667 105 27 landtdag
784 666 83 22 täcktes
883 667 65 21 aflåta
964 674 26 14 en

442 702 66 27 nådig
524 702 134 27 proposition
675 709 34 14 om
725 702 68 21 sådan
810 702 90 26 ändring
916 701 25 21 af
954 702 36 21 nå-

442 737 50 26 diga
511 736 153 27 förordningen
685 736 24 21 af
729 736 41 21 den
787 737 12 21 6
815 735 104 22 Februari
936 736 55 21 1865

442 771 112 28 angående
570 770 284 27 kommunalförvaltningen
870 771 29 27 på
908 771 82 25 landet,

441 808 33 19 att
489 805 99 22 enskilda
604 812 102 20 personer
727 805 40 21 och
784 805 77 27 byalag
876 806 56 26 finge
947 806 43 20 rätt

442 842 33 19 att
498 840 121 21 oberoende
639 841 26 20 af
681 839 142 22 kommunens
840 839 149 27 medgifvande

441 874 82 22 inrätta
542 873 93 22 afskilda
658 873 135 22 skoldistrikt
809 873 46 27 och,
872 874 27 21 då
915 874 26 20 de
957 874 32 20 så-

442 909 52 21 dant
516 909 59 27 göra,
599 909 67 21 varda
689 908 96 22 befriade
807 908 48 21 från
872 908 118 28 utskylder

440 942 34 22 till
493 944 26 20 de
538 942 78 27 skolor,
634 942 24 22 af
671 942 73 22 hvilka
759 943 26 21 de
801 942 48 21 icke
865 942 74 21 kunna
954 942 35 22 be-

441 984 71 21 gagna
530 977 40 27 sig,
588 984 49 14 men
658 978 97 21 däremot
775 984 40 20 ega
835 976 133 28 delaktighet
983 977 7 21 i

441 1013 27 20 de
478 1012 82 27 fonder,
577 1018 45 15 som
634 1012 32 21 till
677 1012 142 21 kommunens
829 1018 162 21 gemensamma

441 1046 208 22 folkskoleändamål
665 1048 37 20 äro
718 1046 125 27 anslagna.*

303 1109 183 28 Borgareståndet
500 1110 85 21 förenat
600 1110 32 27 sig
651 1117 34 14 om
703 1117 26 14 en
746 1111 135 27 underdånig
897 1110 92 27 petition

233 1143 25 21 af
271 1151 82 14 samma
375 1144 82 28 lydelse
475 1151 46 15 som
541 1145 158 28 Ridderskapet
715 1145 39 21 och
771 1145 72 22 Adeln
860 1147 59 19 utom
935 1147 32 19 att
983 1145 7 21 i

232 1177 122 22 klämmens
369 1179 69 21 andra
454 1186 62 15 mom.
535 1180 66 21 orden
622 1179 58 29 ,ifall
695 1179 114 22 resultatet
824 1179 24 22 af
862 1181 71 20 denna
948 1187 41 14 un-

232 1213 134 28 dersökning
381 1214 79 21 sådant
474 1214 134 21 föranleder"
624 1214 68 21 skulle
708 1214 110 23 bortfalla.

301 1277 34 21 Då
350 1277 93 22 sålunda
458 1277 82 22 Preste-
556 1278 40 21 och
612 1278 167 21 Bondestånden
795 1278 97 27 godkänt
907 1278 83 22 utskot-

232 1313 43 20 tets
298 1311 81 28 förslag
402 1312 33 21 till
458 1313 117 21 resolution
598 1313 141 21 oförändradt
763 1313 40 21 och
822 1314 26 20 de
869 1313 70 21 beslut
955 1313 35 22 vid

232 1345 74 21 hvilka
321 1346 159 28 Ridderskapet
495 1346 41 22 och
551 1347 68 21 Adeln
636 1349 55 19 samt
706 1347 185 27 Borgareståndet
901 1350 89 19 stannat

231 1379 49 21 icke
296 1381 98 26 motsäga
415 1381 117 21 utskottets
552 1381 80 27 förslag
648 1388 34 15 om
697 1382 102 27 åtgärder
808 1375 39 38 till
865 1384 31 23 att
912 1384 77 19 under-

232 1413 56 22 lätta
303 1414 89 21 afskildt
415 1415 145 21 skoldistrikts
577 1415 108 28 bildande,
701 1418 53 19 utan
770 1417 93 21 tvärtom
879 1416 112 22 innehålla

232 1450 32 19 ett
279 1449 113 22 uttalande
409 1450 6 21 i
432 1451 68 20 sådan
516 1450 102 28 riktning,
635 1451 33 20 får
683 1451 113 26 utskottet,
812 1452 29 26 på
857 1452 36 20 det
904 1453 32 20 att
947 1451 43 22 för-

302 1488 100 20 Allmänna
413 1489 173 19 Besvärsutskottets
597 1490 108 18 betänkande
717 1491 36 18 N:o
765 1492 32 17 20.
