1070 1678
270 121 13 19 8

237 185 49 21 med
302 185 27 22 de
344 185 127 28 ändringar,
487 185 47 22 Vår
549 185 9 21 i
573 186 75 21 ämnet
664 184 80 23 aflåtna
760 185 151 28 underdåniga
921 184 65 24 skrif-

236 220 63 22 velse
314 220 25 22 af
352 221 72 22 denne
440 221 42 27 dag
496 221 131 22 innehåller.

582 288 27 19 18
626 286 18 29 8.

309 326 71 23 Sedan
401 328 29 21 Vi
445 328 24 21 af
482 328 62 21 Hans
559 327 127 27 Kejserliga
700 327 105 27 Majestät
819 327 44 22 fått
879 329 108 26 emottaga

236 363 69 27 nådig
325 363 136 27 proposition
485 363 114 27 angående
622 363 224 28 stämpelbevillning,
870 363 66 22 hafva
952 363 33 28 Vi,

237 405 47 15 som
299 399 49 22 icke
364 399 86 22 kunnat
464 399 133 22 oförändrad
612 399 118 27 godkänna
746 399 42 22 den
798 399 81 28 nådiga
889 399 97 27 proposi-

236 434 82 28 tionen,
334 434 35 22 för
384 435 47 22 Vår
447 435 35 22 del
497 435 86 27 antagit
598 435 69 21 sådan
682 434 129 28 förordning
826 435 8 21 i
850 437 80 25 ämnet,
942 441 45 16 som

236 470 71 22 finnes
322 471 91 27 intagen
428 471 8 21 i
452 471 39 22 vår
508 471 71 22 denne
595 471 43 27 dag
654 471 36 21 till
705 470 62 22 Hans
783 471 128 27 Kejserliga
920 471 66 28 Maje-

238 507 45 20 stät
298 506 8 21 i
321 506 69 22 saken
406 506 81 22 aflåtna
501 506 153 27 underdåniga
670 506 125 22 skrifvelse.

582 573 26 20 19
625 571 19 29 8.

309 613 75 22 Jemte
407 613 37 22 det
467 613 28 22 Vi
518 613 33 22 uti
574 613 137 28 underdånig
732 613 120 22 skrifvelse
867 613 35 22 för
916 613 71 22 denne

238 648 43 26 dag
296 647 112 23 framstält
423 649 27 21 de
466 649 56 27 skäl,
537 649 29 26 på
576 649 77 22 hvilka
663 649 62 22 Hans
736 649 126 27 Kejserliga
872 649 114 27 Majestäts

237 683 81 28 nådiga
340 684 135 27 proposition
497 684 113 28 angående
632 684 58 22 accis
713 684 29 27 på
757 684 68 22 tobak
841 684 25 22 af
879 684 42 22 Oss
937 684 48 22 icke

237 719 85 21 kunnat
337 721 99 26 antagas,
452 720 67 21 hafva
533 720 29 21 Vi
577 720 74 21 tillika
666 720 161 27 underdånigst
841 720 99 27 anhållit,
954 722 33 19 att

236 753 63 22 Hans
321 754 105 27 Majestät
446 755 9 21 i
477 755 69 21 nåder
569 755 87 22 täcktes
671 755 73 22 åsätta
759 755 68 21 tobak
843 755 40 22 och
897 755 88 22 tobaks-

236 788 104 29 fabrikat,
364 796 46 16 som
431 791 36 21 till
482 791 75 21 landet
572 791 138 27 importeras,
727 797 27 15 en
769 790 166 28 införselafgift,
951 791 35 21 till

236 825 104 27 beloppet
350 826 154 22 motsvarande
511 827 60 22 hvad
579 833 45 15 som
632 826 112 22 härintills
752 827 84 27 erlagts
843 826 8 21 i
857 826 128 27 bevillning.

581 893 28 20 20
625 891 19 29 8.

308 931 47 22 Hos
370 932 63 22 Hans
448 932 126 28 Kejserliga
588 933 106 27 Majestät
708 932 67 23 hafva
790 933 29 21 Vi
834 932 33 21 uti
879 933 106 21 underdå-

236 967 39 27 nig
296 967 120 22 skrifvelse
437 968 24 21 af
475 968 70 22 denne
561 968 43 27 dag
618 968 183 27 tillkännagifvit,
818 967 91 22 hvarför
924 968 61 21 Hans

236 1002 116 28 Majestäts
373 1003 81 27 nådiga
469 1003 134 27 proposition
618 1010 34 15 om
668 1004 57 21 accis
740 1004 29 26 på
784 1003 138 22 tändstickor
936 1004 49 21 icke

236 1038 86 21 kunnat
337 1038 25 21 af
375 1038 43 22 Oss
434 1041 97 25 antagas.

580 1105 27 20 21
624 1103 20 29 8.

308 1144 39 22 Uti
363 1144 138 28 underdånig
515 1144 121 23 skrifvelse
652 1145 25 21 af
690 1145 71 22 denne
777 1145 43 27 dag
835 1144 66 23 hafva
912 1145 28 22 Vi
951 1145 34 22 för

236 1178 63 22 Hans
314 1179 126 28 Kejserliga
454 1180 105 28 Majestät
574 1180 111 22 framstält
700 1181 28 21 de
743 1180 56 28 skäl,
816 1180 29 27 på
860 1180 76 22 hvilka
946 1181 38 21 nå-

236 1214 52 27 diga
303 1215 164 26 propositionen
483 1216 114 27 angående
612 1216 57 22 accis
684 1216 28 27 på
722 1216 110 27 pressjäst
841 1216 50 22 icke
902 1216 83 22 kunnat

236 1248 26 22 af
275 1249 42 22 Oss
334 1252 97 25 antagas.

581 1318 27 19 22
624 1316 20 28 8.

304 1356 62 21 Enär
388 1356 28 22 de
438 1357 81 27 nådiga
541 1357 191 26 propositionerna
755 1356 114 28 angående
885 1357 56 21 accis
956 1357 29 26 på

235 1391 69 22 tobak
326 1392 40 21 och
382 1392 110 27 pressjäst
506 1392 49 22 icke
571 1392 85 22 kunnat
670 1392 26 22 af
710 1392 42 22 Oss
767 1392 136 27 godkännas,
918 1391 67 23 hafva
