1070 1675
247 133 26 21 18
427 132 246 22 Petitiensbetänkande
687 132 39 22 N:o
738 130 30 24 31.

217 200 225 22 fruntimmersskolan
463 201 16 27 (i
501 200 142 28 Helsingfors,
664 199 113 30 7-klassig)
801 200 32 22 till
857 201 29 21 40
905 200 67 26 mark,

219 235 122 28 bvarjämte
353 234 261 29 inskrfningsafgifterna
626 235 9 21 i
650 234 45 22 alla
714 230 124 37 nyssnämde
847 230 127 37 skolinrätt-

218 269 80 27 ningar
310 269 128 22 faststälder
449 269 33 22 till
496 271 17 20 6
526 269 70 22 mark.

287 303 83 22 Genom
384 298 34 37 H.
434 303 26 22 K.
473 303 114 28 Majestäts
609 303 82 27 nådiga
709 302 264 28 förordning
849 298 29 37 af
891 298 40 37 den
946 298 31 37 23

217 337 88 27 augusti
320 338 64 25 1883,
397 337 157 22 meehällande
573 337 110 22 särskilda
694 337 134 22 förändrade
841 337 133 22 bestämmin-

217 378 44 21 gar
280 372 92 21 rörande
393 372 250 22 elemeotarlärovärken
656 372 10 21 i
679 372 101 27 Finland,
796 371 119 22 bibehöllos
930 373 42 20 ter-

216 405 174 28 minsafgiftosna
403 406 9 21 i
426 406 103 28 lyceerna
541 406 152 26 oförändrade,
707 412 50 16 men
766 405 207 29 inskrifringeafgif-

217 442 64 20 terna
295 441 7 21 i
317 441 49 21 dem
381 441 77 28 höjdes
473 441 34 21 till
524 442 26 21 10
565 440 70 22 mark.

285 475 31 21 Pä
330 476 70 26 grund
416 475 24 22 af
453 475 79 28 nädiga
547 475 154 28 förordningen
717 475 24 22 af
755 475 41 21 den
812 476 27 21 27
857 475 116 22 november

219 509 61 24 1885,
303 509 114 28 angående
437 510 108 21 särskilda
564 510 152 27 förändringar
736 509 7 22 i
759 509 175 28 organisationen
951 509 25 22 af

216 543 129 23 lärevärken
364 544 35 22 för
413 544 181 28 kvimnobildning
607 547 47 23 etc.,
677 544 75 28 höjdes
767 543 205 29 inskrifningsafgif-

215 581 64 19 terwe
299 579 7 21 i
321 580 131 27 mysenämdäa
466 579 73 21 skolor
556 578 33 22 til
606 580 28 20 JO
647 579 67 25 mark,
738 578 87 22 hvilken
842 585 84 15 summa
940 578 31 22 äf-

217 619 43 15 ven
273 614 144 27 stipulerades
439 620 46 15 som
506 613 205 28 inskrifmingsafgift
726 613 37 21 vid
777 613 27 21 de
820 614 28 20 dä
863 613 109 21 inrättade

218 648 288 28 fortbildnimeskärovärken.
534 648 10 21 I
567 648 29 21 de
616 648 120 21 sistmämdn
750 648 176 27 mrättningarna
940 648 32 26 (3-

217 682 73 28 äriga)
303 682 127 22 faststaldes
449 682 207 28 terminsaigifterma
670 682 33 22 til
719 683 29 21 80
762 682 69 25 mark,
851 682 7 21 i
873 682 99 21 fruntim-

218 717 160 21 mersskolorna
401 717 127 29 (5-klassiga
547 716 69 29 jämte
637 717 30 21 de
687 717 37 21 två
743 717 30 27 pä
787 718 44 20 sätt
846 716 40 22 och
902 717 31 20 vis
948 717 24 21 7-

218 751 96 27 klassiga
328 751 129 22 lärovärken
472 752 6 20 i
495 752 141 26 Helsingfors)
653 751 33 21 till
701 752 29 21 40
750 751 67 21 mark.
847 750 81 22 Genom
944 750 26 22 H.

216 785 28 21 K
256 785 117 28 Majestäts
385 786 80 27 nådiga
478 786 131 27 kungörelse
621 785 26 22 af
659 786 42 21 den
716 786 28 21 20
760 785 87 27 augusti
863 786 55 22 1887
933 785 35 21 be-

217 820 84 21 friades
312 821 123 20 sedestaera
449 820 103 21 eleverna
561 815 27 36 pä
600 820 71 27 tredje
678 820 86 21 klassen
775 819 25 22 af
808 819 162 27 foctbildnings-

217 853 101 22 lärovärk
332 854 48 21 frän
396 854 86 27 afgifter
496 855 34 21 till
544 854 84 22 skolan.

288 888 82 21 Genom
394 889 80 26 nädiga
496 888 144 27 kungörelsen
663 889 25 20 af
708 889 41 20 den
765 889 28 20 22
808 888 87 27 augusti
912 889 60 25 1889,

217 922 155 22 innehällande
387 923 107 21 särskilda
511 923 160 26 bestämningar
689 923 92 21 rörande
797 922 175 21 elementarläro-

215 957 83 21 värken
313 957 40 21 och
368 957 248 21 fruntimmersskolorna
626 957 7 21 i
643 957 102 25 Finland,
757 956 119 21 bibehöllos
885 956 87 21 inskrif-

217 991 183 28 ningsafgifterna
422 992 35 21 vid
479 992 63 21 deras
557 991 68 22 dittils
639 992 97 21 varande
751 991 80 27 belopp
847 997 48 15 men
911 992 60 20 stad-

216 1026 75 27 gades,
313 1028 33 19 att
369 1025 47 22 elev
434 1026 7 21 i
460 1025 76 29 början
552 1025 25 22 af
589 1026 74 27 hvarje
677 1025 126 22 läsetermin
819 1025 56 22 skall
892 1025 78 25 betala,

215 1059 37 22 vid
275 1060 218 22 elementarlärovärk
515 1060 7 21 i
540 1060 133 27 Helsingfors
688 1061 28 21 25
731 1059 43 23 och
789 1059 8 22 i
812 1059 70 28 öfriga
897 1061 75 20 städer

215 1094 30 21 20
259 1094 69 27 mark,
344 1097 56 19 samt
414 1094 36 22 vid
465 1094 209 22 fruntimmersskola
689 1094 8 21 i
713 1093 136 28 Helsingfors
863 1094 30 22 50
908 1093 39 22 och
962 1094 8 21 i

216 1128 72 28 öfriga
302 1130 72 21 städer
388 1130 30 21 40
432 1129 70 22 mark.

284 1164 24 21 F.
323 1171 21 15 m.
370 1164 73 22 betala
464 1164 86 22 således
570 1164 98 22 eleverna
690 1164 10 21 i
720 1162 251 22 fruntimmersskolorna

215 1204 86 15 samma
314 1197 234 29 inskrifningsafgifter,
567 1199 26 21 10
607 1198 68 26 mark,
692 1204 48 15 som
754 1197 98 27 erlägges
863 1197 8 21 i
878 1196 91 22 elemen-

215 1232 173 25 tarläsovärkea,
409 1239 49 15 men
479 1233 8 21 i
509 1232 176 28 terminsafgifter
707 1232 38 21 två
766 1232 82 27 gånger
869 1238 62 15 mera
943 1233 28 20 än

215 1267 102 21 eleverna
331 1267 11 21 i
354 1267 121 22 sistnämda
487 1267 82 22 skolor.
596 1267 123 27 Aifgiftorna
737 1267 8 21 i
762 1266 209 28 fortbildaingsläro-

214 1300 85 23 värken
320 1302 78 26 utgöra
417 1302 70 21 första
502 1302 48 21 året
564 1302 38 26 (10
616 1302 17 28 +
645 1302 144 28 80—+80=)
807 1302 41 20 170
863 1303 56 19 samt
934 1308 36 14 an-

214 1336 41 21 dra
270 1336 47 21 året
332 1336 160 28 (804
419 1330 28 39 80
458 1330 33 39 =)
505 1337 42 21 160
560 1336 71 27 mark;
653 1336 71 28 tredje
742 1336 48 21 året
803 1336 25 20 är
843 1334 128 28 afgiftsiritt.

283 1370 70 22 Detta
373 1376 64 22 synes
459 1370 45 27 mig
524 1378 53 14 vara
591 1370 171 27 bestämningar,
777 1376 47 15 som
838 1369 49 22 icke
903 1370 70 21 öfver-

215 1406 134 21 ensstämma
364 1406 51 21 med
429 1405 136 27 billighetens
580 1405 130 27 fordringar.

284 1439 74 27 Enligt
373 1439 81 27 nådiga
467 1439 153 28 förordniagen
638 1439 25 22 af
678 1440 43 21 den
740 1439 27 22 27
783 1438 118 22 november
917 1439 57 22 1885

283 1479 101 18 Allmänna
395 1479 173 18 Besvärsutskottets
578 1479 109 18 betänkande
699 1479 35 18 N:o
746 1479 31 18 24.
