1056 1675
309 110 223 23 Petitionsbetänkande
548 111 34 21 N:o
596 110 15 22 1.
780 113 26 19 15

91 172 66 19 såsom
174 172 37 26 jag
230 174 43 18 tror
291 172 17 25 ej
333 172 64 20 heller
416 171 163 27 underskattats,
599 174 51 17 utan
671 172 59 20 torde
750 172 86 20 orsaken

91 200 31 20 till
142 204 30 17 att
192 202 67 20 denna
274 202 119 25 sträckning
407 201 46 20 icke
469 201 67 20 blifvit
551 208 42 13 mer
611 201 89 20 beaktad
718 201 21 21 få
754 202 61 20 sökas
829 201 8 19 i

91 230 40 20 den
146 231 180 26 omständigheten,
342 234 30 17 att
388 231 65 20 andra
468 232 64 19 banor
548 231 22 20 af
578 238 55 13 mera
646 231 74 20 allmän
730 232 107 25 betydelse

91 261 51 24 tagit
157 261 81 20 landets
252 261 110 26 tillgångar
376 262 8 19 i
399 261 96 26 anspråk.

162 290 155 26 Uppskattande
331 291 71 26 vigten
415 291 23 19 af
448 297 26 13 en
482 290 223 26 jernvägsförbindelse
716 291 45 19 med
771 290 66 26 öfriga

91 319 57 20 delar
170 319 23 20 af
212 320 70 20 landet
301 323 53 17 samt
373 320 32 20 för
424 323 31 17 att
476 327 32 13 om
523 321 78 25 möjligt
615 320 45 20 föra
674 320 74 25 frågan
762 320 74 20 framåt

91 349 38 20 och
150 351 69 24 uppnå
242 352 29 17 ett
290 350 30 20 för
340 353 69 17 ortens
429 350 97 20 framtida
545 350 120 25 utveckling
684 349 152 26 betydelsefullt

91 379 158 27 önskningsmål,
263 380 77 20 beslöto
360 380 186 25 stadsfullmäktige
566 380 7 19 i
591 379 142 21 Kristinestad
747 379 87 20 förliden

91 415 86 14 sommar
196 412 30 17 att
247 409 41 20 låta
303 410 152 20 instrumentalt
471 410 115 20 undersöka
602 417 25 12 en
642 410 49 19 linie
706 405 127 30 Östermyra-

90 437 142 22 Kristinestad
253 440 36 19 och
310 442 30 18 att
360 441 22 18 åt
402 440 84 20 stadens
505 440 103 20 blitvande
626 442 142 23 representant
783 447 50 18 upp-

91 468 65 26 draga
172 471 31 18 att
220 469 120 26 petitionera
355 477 31 12 om
398 470 95 25 jernväg,
509 469 102 26 utgående
626 469 46 20 från
686 470 68 25 någon
768 469 67 26 punkt

90 499 12 18 å
122 499 136 21 Wasabanan.
288 499 41 20 Vid
349 502 30 17 ett
397 506 72 13 senare
492 499 39 20 den
548 500 27 19 27
591 499 114 26 september
720 506 76 13 samma
811 500 24 19 är

90 528 63 20 hället
172 529 146 20 sammanträde
340 529 45 20 med
403 529 113 21 förstärkta
530 529 186 26 stadsfullmäktige
731 529 67 20 bifölls
814 529 24 20 af

90 557 46 21 dom
157 561 29 17 ett
206 559 76 26 förslag
301 562 35 24 att,
352 560 31 20 för
403 560 34 20 det
456 560 36 20 fall
508 567 25 13 en
548 559 139 27 banbyggnad
702 559 45 20 frän
763 555 70 25 Öster-

90 595 57 19 myra
162 589 50 19 eller
226 596 66 13 annan
307 590 65 26 punkt
387 591 12 18 &
414 589 136 21 Wasabanan
566 589 22 20 af
596 592 67 17 staten
674 589 66 20 skulle
750 589 83 25 utföras,

90 618 73 20 staden
182 619 67 20 skulle
267 619 93 21 förbinda
378 620 32 25 sig
425 622 31 17 att
471 620 47 19 från
533 620 39 19 den
588 620 40 24 dag
643 620 68 19 banan
726 619 31 19 för
772 618 62 20 trafik

90 648 98 26 upplätes,
203 649 31 19 till
254 649 46 20 dess
320 650 38 19 den
379 649 66 21 blefve
466 650 97 24 rentabel,
578 649 79 25 årligen
675 649 52 20 dock
746 649 61 25 högst
825 648 7 20 i

90 677 58 26 tjugu
164 679 34 19 års
213 678 30 20 tid
258 680 89 19 utbetala
361 679 159 26 tjugufemtusen
536 680 64 20 mark.

160 708 71 20 Under
246 708 151 21 öfverinseende
412 709 23 20 af
447 709 143 25 ingeniörerne
605 709 78 19 Herrar
698 707 54 21 Karl
768 708 64 20 Snell-

89 743 46 13 man
156 738 38 19 och
212 738 52 26 Aug.
280 739 128 20 Huikarinen
428 739 38 19 har
488 746 26 13 en
532 738 152 26 jernvägslinie,
703 738 103 26 utgäende
825 738 7 19 i

89 767 98 20 närheten
207 768 23 20 af
244 769 103 20 Munakka
362 769 36 19 bro
414 775 73 19 genom
502 769 77 25 Ilmola,
594 767 104 26 Kurikka,
714 767 118 26 Kauhajoki

90 796 37 20 och
146 797 73 20 Bötom
239 798 86 20 socknar
344 801 53 17 samt
418 798 93 26 Tjöckby
532 798 22 20 af
571 798 123 26 Lappfjärds
710 798 74 20 socken
800 797 32 20 till

89 826 145 27 Kristinestad,
249 828 66 19 blifvit
330 829 152 19 instrumentalt
497 828 114 19 undersökt
630 828 38 19 och
684 831 23 16 är
718 828 38 25 jag
763 822 9 36 i
791 827 40 19 till

88 855 48 20 fälle
155 857 68 25 bifoga
241 858 111 25 petitionen
372 858 124 27 handlingar
512 858 86 19 rörande
617 857 67 20 denna
705 857 125 25 sträckning,

89 886 101 25 nämligen
207 887 48 26 plan
270 888 37 19 och
322 888 58 26 profil
395 888 23 19 af
430 888 69 24 linien,
516 887 148 26 generalkarta,
680 887 151 25 sockenkartor,

88 915 106 21 utlätande
220 917 36 19 och
280 917 182 26 kostnadsförslag.
493 917 121 20 Kostnaden
640 917 32 20 för
694 917 46 20 hela
762 916 68 25 linien,

90 945 67 26 107,31
172 946 110 26 kilometer,
298 951 23 16 är
335 948 64 25 enligt
411 947 104 26 förslaget,
523 954 43 13 som
581 949 116 24 upprättats
712 947 7 19 i
729 947 102 19 närmaste

88 974 207 23 Ofverensstämmelse
314 977 46 20 med
375 977 26 20 de
416 977 130 25 betingelser,
562 984 42 13 som
619 977 54 25 gjort
688 977 32 25 sig
736 976 95 26 gällande

88 1003 30 20 för
136 1005 40 20 den
191 1013 29 12 nu
234 1007 64 20 under
312 1007 98 26 byggnad
425 1007 91 20 varande
531 1007 165 25 Björneborgska
709 1007 121 25 jernvägen,

88 1034 103 21 beräknad
211 1036 31 19 till
260 1037 114 26 5,565,000
389 1037 64 25 mark,
469 1037 143 20 motsvarande
628 1037 77 25 52,009
720 1036 59 19 mark
794 1042 37 19 per

87 1064 151 21 bankilometer.
268 1067 31 19 Då
320 1067 56 20 såväl
399 1066 301 27 expropriationskostnaderna
719 1065 111 20 beräknats

88 1093 51 20 efter
158 1097 30 17 ett
208 1096 100 26 betydligt
326 1097 62 25 högre
403 1097 64 20 värde
483 1097 12 19 &
511 1097 60 20 odlad
584 1096 47 26 jord
646 1099 26 16 än
688 1097 11 18 &
714 1095 116 27 respektive

87 1126 55 18 orter
160 1128 83 23 gängse,
258 1133 42 13 som
318 1127 38 19 ock
370 1127 64 25 priset
450 1128 12 18 &
478 1127 75 19 skenor
568 1126 90 26 antagits
672 1126 64 26 högre
752 1128 26 17 än
793 1132 36 12 nu-

87 1154 90 20 varande
191 1156 157 26 marknadspris,
364 1156 58 20 torde
435 1157 143 19 totalsumman
590 1156 71 20 kunna
671 1162 59 14 anses
740 1155 90 20 tillräck-

86 1183 38 25 ligt
146 1184 50 26 högt
218 1185 97 26 tilltagen.
345 1182 67 24 Äfven
435 1186 70 20 kunde
525 1186 7 19 i
553 1186 150 25 öfvervägande
723 1188 59 22 tagas
804 1191 25 13 en

85 1214 121 26 ytterligare
221 1216 131 26 nedsättning
363 1216 24 20 af
396 1216 140 20 kostnaderna
549 1222 72 19 genom
632 1216 117 24 minskning
760 1214 22 20 af
790 1214 39 19 den

85 1242 116 28 föreslagna
223 1245 119 27 skenvigten
366 1246 46 20 med
432 1246 133 25 användning
585 1246 23 19 af
624 1246 74 19 lättare
718 1243 111 21 lokomotiv

86 1273 37 19 och
143 1274 46 20 med
208 1275 78 20 mindre
305 1276 139 25 farhastighet.
476 1276 130 24 Förslagsvis
624 1276 37 19 har
676 1274 105 20 Munakka
798 1275 31 17 ut-

85 1305 51 19 setts
152 1304 31 20 till
198 1306 154 25 utgängspunkt
367 1306 23 19 af
402 1306 40 19 den
458 1305 116 25 anledning,
585 1305 43 20 dels
642 1307 30 17 att
687 1307 75 17 tvenne
773 1305 56 18 stora

84 1332 158 28 brobyggnader
256 1335 82 20 dermed
352 1336 66 19 skulle
432 1335 102 25 bortfalla,
550 1335 44 19 dels
610 1337 36 23 att,
662 1340 30 13 om
703 1334 68 19 banan
782 1333 45 19 dra-

84 1369 37 18 ges
142 1364 67 20 direkt
228 1364 46 20 från
294 1361 123 29 Östermyra,
432 1365 41 19 den
494 1365 26 19 dä
540 1364 66 20 skulle
626 1365 26 25 pä
670 1369 25 13 en
711 1363 82 20 sträcka
809 1361 23 20 af

84 1393 94 26 omkring
199 1394 33 20 nio
253 1394 104 20 kilometer
376 1395 47 25 löpa
442 1401 74 18 genom
538 1394 37 19 öde
594 1394 79 19 trakter
691 1393 7 18 i
713 1392 69 21 stället
796 1391 33 19 för

84 1425 30 16 att
133 1423 36 20 vid
189 1424 103 19 Munakka
312 1426 72 23 genast
407 1424 103 20 inkomma
529 1425 26 24 pä
577 1423 69 20 odladt
667 1422 37 20 och
724 1420 105 21 befolkadt

154 1463 172 23 Jernvägsutskottets
338 1464 107 18 betänkande
457 1463 37 19 N:o
506 1465 16 16 1.
