1025 1670
256 197 284 23 Petitionsbetänkande
555 197 47 23 N:o
618 197 40 23 22.
797 199 12 20 3

76 259 82 22 häktad
180 267 87 20 person,
290 260 53 27 göra
367 261 42 20 den
425 260 84 21 direkta
526 261 165 27 brefväxlingen
707 260 60 21 såväl
781 262 58 19 inom

76 301 49 14 som
139 297 61 18 utom
215 294 58 21 länet
288 294 143 27 obligatorisk
445 298 57 17 samt
518 298 32 18 att
564 295 66 20 bland
641 295 28 20 de
679 295 158 26 myndigheter,

77 328 51 21 dem
150 328 67 21 sådan
233 328 125 21 omedelbar
372 328 177 28 korrespondens
564 329 88 20 komme
667 332 32 18 att
715 329 77 27 åligga,
809 329 30 20 in-

77 363 91 26 begripa
181 362 81 26 jämväl
276 363 183 26 pastorsämbete.

146 397 144 27 Obestridligt
305 397 29 25 är,
351 400 32 18 att
399 397 93 26 mycken
507 397 132 27 tidsutdrägt
654 397 72 21 kunde
734 397 105 20 undvikas

77 430 43 21 och
142 430 70 26 äfven,
236 431 28 27 på
286 430 44 21 sätt
349 431 146 27 petitionären
509 430 128 25 tramhåller,
654 431 184 27 rättsskipningen

77 465 93 27 mången
192 466 58 26 gång
271 464 136 28 väsentligen
429 465 121 27 befrämjas,
577 465 74 21 därest
675 464 164 22 vederbörande

78 498 165 22 underordnade
262 499 136 20 ämbetsmän
413 500 6 19 i
434 499 159 21 vidsträcktare
608 500 50 20 mån
673 499 28 21 än
716 506 27 14 nu
759 499 23 20 är
797 498 42 21 för-

78 533 110 21 hållandet
203 533 43 21 och
260 532 102 22 särskildt
377 534 6 20 i
399 533 80 21 sådana
495 533 43 21 fall.
554 540 48 14 som
617 534 31 20 uti
660 532 179 28 petitionsförsla-

78 570 38 24 get
138 568 64 24 afses,
225 567 74 25 skulle,
322 567 51 21 med
395 567 141 27 förbigående
558 567 26 21 af
598 568 66 20 andra
679 567 158 27 myndigheter,

77 601 71 21 kunna
164 600 70 22 direkt
249 601 100 21 meddela
364 602 33 26 sig
412 601 51 21 med
477 601 121 21 hvarandra
614 601 32 21 för
662 601 139 21 inhämtande
817 600 26 21 af

77 635 81 27 nödiga
179 635 156 27 upplysningar
358 639 56 17 samt
437 635 140 21 anskaffande
600 635 25 21 af
636 635 61 21 bevis
713 635 42 20 och
770 635 69 26 öfriga

78 669 126 27 handlingar
220 671 6 19 i
241 669 187 21 ämbetsärenden.
458 669 34 21 En
507 669 68 21 sådan
587 669 121 27 anordning
719 669 72 20 kunde
803 669 36 20 väl

78 704 6 19 i
100 703 116 20 allmänhet
239 703 78 20 införas
332 703 68 20 redan
415 703 117 21 förmedels
547 703 154 21 utsträckande
716 703 26 20 af
754 703 42 20 den
811 709 28 14 nu

78 737 104 27 tämligen
204 737 136 27 begränsade
362 737 162 26 fribrefsrätten,
546 738 24 19 så
584 737 65 21 framt
664 737 48 20 icke
727 737 42 20 den
784 743 55 20 upp-

78 771 93 27 fattning
193 771 87 21 allmänt
302 771 57 27 gjort
380 773 34 25 sig
429 771 107 27 gällande,
552 774 32 18 att
600 771 141 25 ämbetsmän,
757 774 61 17 utom
832 772 7 19 i

79 805 28 20 de
122 806 31 19 uti
168 805 191 27 ofvanåberopade
374 805 127 27 författning
516 805 79 20 nämda
610 805 42 25 fall,
668 805 38 20 äro
719 804 120 21 förbundna

79 842 32 18 att
133 839 92 20 besvara
247 838 201 27 tjänsteskrifvelser
471 840 77 20 endast
570 838 76 21 såvida
669 839 64 20 dessa
751 838 87 21 komma

78 873 47 21 från
147 873 145 21 öfverordnad
314 872 134 28 myndighet.
484 873 29 21 På
536 873 69 27 grund
627 873 25 20 af
671 873 70 20 denna
764 874 74 26 praxis

78 907 65 27 torde
165 907 37 21 det
224 914 52 14 vara
290 907 142 27 nödvändigt,
448 910 39 22 att,
501 907 103 27 jämsides
619 907 51 21 med
684 906 156 27 tillstädjandet

79 940 26 21 af
115 940 131 28 portofrihet
260 941 33 21 för
308 940 123 22 skrifvelser
446 941 25 21 af
482 941 164 27 ifrågavarande
660 941 48 27 slag
722 940 118 21 underord-

79 974 57 21 nade
158 975 151 27 myndigheter
332 975 96 25 emellan,
449 975 133 27 rättigheten
597 975 32 21 till
644 974 125 22 omedelbar
783 974 58 21 bref-

78 1008 90 27 växling
187 1008 72 22 blefve
273 1009 92 21 berörda
381 1009 153 27 myndigheter
548 1008 146 28 uttryckligen
708 1008 131 27 medgifven.

148 1042 10 20 I
180 1042 37 22 det
238 1042 116 22 Utskottet
369 1043 58 26 förty
442 1044 7 20 i
464 1043 122 20 hufvudsak
601 1043 88 21 anslutit
703 1044 34 26 sig
751 1042 32 22 till
798 1042 42 21 för-

79 1076 173 27 slagsställarens
273 1077 93 27 mening,
389 1076 39 21 har
451 1077 117 21 Utskottet
589 1077 48 21 icke
660 1077 67 21 funnit
745 1076 47 21 skäl
807 1079 32 18 att

79 1110 59 27 gifva
160 1110 42 21 den
216 1110 107 21 tilltänkta
340 1112 122 26 petitionen
477 1111 43 21 den
534 1111 152 27 begränsning,
702 1118 48 13 som
765 1110 25 21 af
801 1110 39 20 ho-

79 1151 52 14 nom
153 1144 82 26 afsetts,
259 1148 50 18 utan
324 1145 34 20 för
373 1145 126 21 densamma
513 1145 120 27 föredragit
648 1152 27 14 en
690 1152 58 14 mera
764 1144 77 21 omfat-

79 1178 67 21 tande
161 1178 61 26 form,
239 1178 88 22 sålunda
342 1182 33 18 att
390 1179 38 21 det
442 1179 98 21 uttalade
556 1179 183 27 önskningsmålet
753 1178 88 21 komme

80 1216 32 17 att
133 1212 57 27 gälla
205 1212 49 21 icke
268 1212 91 22 allenast
373 1213 158 21 underdomare
547 1213 41 21 och
603 1213 167 21 kronolänsman
785 1215 56 18 samt

80 1246 181 27 pastorsämbete,
281 1250 51 17 utan
347 1247 166 20 underordnade
528 1247 153 26 myndigheter
695 1248 7 19 i
717 1246 122 25 allmänhet,

79 1280 37 21 vid
131 1280 29 20 all
174 1280 63 21 deras
253 1280 261 27 ämbetskorrespondens
530 1281 50 20 med
595 1280 127 21 hvarandra.

148 1314 10 20 I
173 1315 155 26 petitionärens
350 1315 107 20 åstundan
471 1317 33 19 att
520 1314 43 21 den
578 1314 84 22 direkta
676 1313 165 27 brefväxlingen

80 1348 19 26 ej
123 1348 77 21 endast
215 1348 71 21 blefve
308 1348 125 27 medgifven
448 1349 74 20 såsom
537 1355 27 14 en
578 1348 111 27 rättighet,
704 1352 51 17 utan
771 1347 71 21 därtill

80 1381 145 28 uttryckligen
246 1382 86 26 gjordes
349 1382 148 27 obligatorisk,
513 1382 39 21 har
567 1382 116 21 Utskottet
697 1382 48 21 icke
760 1381 81 21 kunnat

79 1416 121 24 instämma,
222 1416 29 20 då
266 1416 66 20 redan
347 1415 162 27 befogenheten
524 1416 32 21 till
571 1416 125 20 omedelbar
710 1416 131 26 korrespon-

80 1449 60 26 dens,
156 1450 7 20 i
178 1449 98 27 förening
297 1449 51 21 med
370 1449 135 25 fribrefsrätt,
522 1450 63 20 torde
600 1449 71 21 lämna
686 1456 27 14 en
727 1448 114 27 tillräcklig

150 1521 130 23 Lagutskottets
293 1521 110 18 betänkande
415 1521 38 18 N:o
465 1522 30 17 10.
