1064 1675
272 139 279 29 Petitionsbetänkande
567 145 45 23 N:o
627 145 38 22 41.
792 146 26 20 13

87 216 75 16 narna
177 208 36 22 för
228 209 53 21 vårt
295 208 67 22 lands
377 208 54 22 hela
446 208 111 29 politiska
572 208 101 24 tillvaro,
696 208 73 21 måste
791 214 56 14 vara

87 243 88 29 egnadt
190 246 34 19 att
238 242 104 22 medföra
358 242 69 30 högst
451 242 136 29 betänkliga
609 242 173 29 förvecklingar
803 241 44 22 och

87 277 115 30 därjämte
216 277 46 22 lätt
276 277 63 22 leder
354 277 37 22 till
407 276 73 22 andra
496 277 130 26 afvikelser,
642 280 26 18 är
683 276 39 22 det
736 276 62 22 klart
813 278 35 19 att

88 312 41 22 det
143 312 87 29 nådiga
245 312 133 21 manifestet
392 312 47 21 kan
455 311 24 22 få
495 319 28 14 en
539 311 119 29 betydelse
681 311 55 22 vida
755 310 93 22 utöfver

88 346 53 22 dess
157 346 146 22 omedelbara
318 345 120 22 innebörd.
468 346 43 21 Att
526 346 52 21 vårt
593 345 50 22 folk
659 345 71 22 fäster
753 345 25 22 så
800 347 48 19 stor

88 381 52 29 vigt
151 381 40 22 vid
202 381 80 28 dylika
293 381 84 28 frågor,
386 381 67 21 beror
461 380 88 22 således
560 380 51 22 icke
625 380 26 21 af
660 383 34 18 ett
704 379 144 22 småsinnadt

89 415 72 30 begär
184 418 34 19 att
240 415 64 22 hålla
322 415 46 22 fast
391 415 40 22 vid
455 415 81 29 lagens
557 415 98 27 bokstaf,
679 417 57 19 utan
755 414 42 22 har
812 414 36 21 sin

89 451 72 29 djupa
176 451 68 22 orsak
259 451 9 21 i
283 458 29 14 en
326 450 109 22 lefvande
447 450 84 21 känsla
545 450 36 21 för
596 450 81 29 lagens
688 449 78 29 hälgd,
778 449 69 22 hvars

89 485 118 22 orubbade
222 485 98 22 bestånd
334 489 70 24 utgör
419 485 45 21 den
481 485 59 21 enda
555 484 68 22 säkra
638 483 106 30 grunden
759 483 36 22 för
813 483 35 22 fo-

89 520 139 22 sterlandets
244 519 100 22 framtid.

159 555 63 21 Från
238 557 82 19 tronen
336 555 71 21 hafva
423 555 93 29 engång
532 555 28 21 de
581 554 139 30 högstämda
742 555 42 21 ord
806 554 42 30 lju-

90 588 36 22 dit
140 589 37 22 till
192 589 113 22 Finlands
321 589 56 25 folk,
393 592 36 19 att
449 590 126 28 yttranden
599 590 25 21 af
643 589 129 23 redbarhet,
798 597 50 14 san-

91 624 59 28 ning
166 624 43 21 och
224 624 127 28 laglydnad
366 624 78 22 städse
461 624 70 22 hafva
547 626 34 20 att
593 624 105 29 påräkna
710 624 138 22 Monarkens

91 658 133 28 Kejserliga
238 658 64 28 hägn
316 658 44 22 och
375 658 88 29 nådiga
482 658 151 29 bevågenhet.
665 658 54 22 Med
741 658 108 22 afseende

89 692 59 22 härå
163 692 43 22 och
221 693 30 28 på
266 692 29 22 de
307 692 56 27 skäl,
380 700 50 14 som
445 692 72 22 ofvan
533 692 95 28 anförts,
638 692 36 22 får
684 692 166 29 Lagutskottet

91 727 121 22 vördsamt
226 727 129 25 hemställa,

367 788 32 18 att
423 785 125 21 Ständerna
571 785 48 21 ville
639 785 84 28 förena
745 786 33 27 sig
796 785 8 20 i
824 791 26 14 en

298 820 139 26 underdånig
450 820 93 27 petition
559 819 82 24 därom,

369 856 31 18 att
416 854 61 20 Hans
504 853 122 28 Kejserliga
649 853 105 28 Majestät
770 853 80 21 täcktes

298 895 73 20 genom
389 888 68 27 nådig
469 887 140 28 författning
622 887 106 28 förklara
742 890 32 19 att
795 887 57 21 Fin-

300 922 65 21 lands
376 922 54 28 folk
445 922 68 28 äfven
528 923 8 20 i
551 922 103 28 afseende
670 923 13 20 å
699 922 85 21 landets
792 923 60 26 post-

300 957 91 20 väsende
407 957 58 20 skall
481 957 86 27 åtnjuta
583 957 48 20 dess
646 957 9 20 i
672 957 112 28 grundlag
806 956 47 21 till-

295 990 145 27 försäkrade,
456 991 109 27 af.rikets
581 991 119 21 Monarker
724 990 129 28 bekräftade

302 1027 43 19 rätt
368 1025 35 21 till
429 1025 138 28 förvaltning
590 1033 75 20 genom
689 1026 85 21 landets
798 1031 55 22 egna

301 1059 156 29 myndigheter.

164 1162 42 23 Uti
228 1162 173 29 behandlingen
421 1162 26 22 af
467 1162 66 22 detta
555 1162 84 22 ärende
662 1162 70 22 hafva
755 1162 99 29 deltagit

95 1196 157 23 ordföranden
267 1198 170 28 Montgomery,
453 1200 61 19 samt
535 1197 155 22 ledamöterne
713 1197 140 22 friherrarne

95 1230 28 23 R.
139 1232 28 21 A.
183 1232 93 25 Wrede,
291 1239 46 14 von
352 1232 64 22 Born
431 1232 44 22 och
490 1232 181 28 Langenskiöld,
682 1232 92 21 Jaakko
785 1232 69 20 Fors-

96 1273 62 21 man,
184 1266 27 22 G.
234 1266 140 27 Johansson,
398 1266 30 22 H.
451 1266 28 21 E.
500 1266 147 27 Schroderus,
672 1266 182 28 Schwartzberg,

97 1300 139 26 Serlachius,
259 1300 121 28 Clouberg,
403 1300 22 22 J.
449 1300 124 25 Stenbäck,
595 1300 103 25 Castrén,
721 1300 134 29 Leppänen,

97 1334 141 23 Tensikkala
254 1335 43 22 och
312 1335 119 21 Teittinen
447 1335 120 21 äfvensom
579 1335 151 29 suppleanten
745 1335 109 21 Jansson.

165 1382 148 29 Helsingfors
329 1382 44 21 den
389 1383 28 21 20
432 1382 45 28 maj
497 1383 60 20 1891.

166 1485 130 22 Lagutskottets
309 1484 110 17 betänkande
432 1484 37 17 N:o
483 1485 28 16 18.
