1056 1673
241 96 44 23 154
429 97 225 24 Petitionsbetänkande
670 99 35 22 N:o
720 98 15 22 1.

210 157 69 21 banor
299 157 35 21 till
355 159 68 20 större
445 158 60 21 antal
526 158 58 22 inom
607 160 48 20 vårt
675 159 52 21 land
743 158 56 22 skall
815 158 64 22 äfven
895 159 66 22 verka

209 193 132 26 välgörande
357 200 76 21 genom
450 195 42 20 den
507 193 68 23 täflan
591 195 93 21 emellan
700 194 80 28 privat-
797 195 54 22 eller
867 195 92 22 statsba-

210 234 39 15 nor
265 235 46 15 som
327 229 76 22 härvid
419 230 41 21 kan
477 232 81 25 uppstå
573 231 40 21 och
629 231 41 21 den
687 232 70 19 större
772 230 127 27 lifaktighet
915 237 45 15 som

210 264 89 22 dermed
313 265 86 22 komme
415 268 33 19 att
464 266 96 27 ingjutas
576 267 7 20 i
599 267 50 21 hela
661 267 217 26 jernvägsväsendet.

281 301 114 22 Utskottet
414 309 63 15 anser
498 302 74 22 derför
587 303 147 26 uppkomsten
750 302 24 22 af
787 303 85 26 privata
888 302 68 22 lokal-

209 336 68 22 banor
300 337 7 21 i
330 339 49 20 vårt
401 338 52 21 land
474 345 52 14 vara
542 338 138 27 synnerligen
697 339 125 20 önskvärdt.
853 339 68 21 Detta
936 341 25 18 är

209 378 26 15 en
259 374 26 20 så
307 373 95 28 naturlig
424 374 130 27 utveckling,
578 376 34 20 att
627 375 38 20 det
680 375 110 26 knappast
805 373 70 23 finnes
891 376 67 25 något

208 408 128 23 kulturland
357 415 45 16 som
425 410 18 27 ej
465 411 56 21 hade
538 412 34 19 att
587 410 93 27 uppvisa
696 411 88 20 sådana.
816 410 143 21 Tillkomsten

209 443 22 22 af
251 445 139 26 privatbanor
411 445 7 22 i
438 446 95 21 Finland
554 446 66 21 borde
641 446 70 22 heller
731 446 91 21 alldeles
838 445 48 22 icke
902 445 57 28 ligga

208 481 61 20 utom
290 481 176 26 möjligheternas
487 484 72 25 gräns.
591 482 10 21 I
618 482 41 21 den
675 481 153 28 offervillighet
844 488 47 15 som
907 481 52 22 flere

209 515 74 22 städer
296 517 28 26 på
339 523 76 15 senare
431 517 57 22 tider
503 517 65 27 visat,
584 518 28 20 då
628 517 37 22 det
680 517 55 28 gällt
750 517 108 22 vinnande
874 517 25 22 af
916 517 43 21 för-

208 551 99 22 bättrade
328 553 220 27 kommunikationer,
569 553 67 22 borde
658 555 32 20 ett
705 553 54 27 godt
774 553 50 22 stöd
842 553 34 22 för
891 553 66 21 fram-

208 587 47 22 tida
270 589 139 26 privatbanor
423 589 74 22 kunna
513 591 71 20 ernås.
609 589 138 22 Bestämmas
763 590 64 21 dessa
838 589 77 27 bidrag
926 591 33 19 att

207 625 54 25 utgå
281 625 49 21 med
350 625 55 21 visst
420 625 65 27 årligt
501 625 87 28 belopp,
604 626 56 21 efter
676 626 38 21 det
728 625 72 22 banan
816 627 93 25 öppnats
925 625 34 21 för

207 658 72 28 trafik,
295 660 40 21 har
350 660 107 28 företaget
472 661 47 21 häri
530 668 27 15 en
569 661 63 21 säker
643 661 56 27 årlig
708 661 102 21 inkomst.
834 661 50 21 Men
895 661 63 21 äfven

208 696 132 21 statsverket
355 696 39 22 bör
410 697 19 26 ej
445 697 142 27 undandraga
604 697 32 27 sig
646 699 34 19 att
690 703 78 21 genom
780 697 177 27 kapitalsubven-

207 731 72 22 tioner
294 732 124 22 underlätta
433 733 146 27 uppkomsten
596 733 23 21 af
633 733 74 27 dylika
722 733 91 27 företag,
830 735 52 19 enär
894 733 64 21 dessa

207 767 82 23 tillföra
312 770 131 21 statsverket
467 769 72 22 direkt
562 770 96 21 inkomst
681 776 78 20 genom
783 770 57 20 ökad
864 768 65 22 trafik
945 770 12 20 å

207 804 160 22 statsbanorna.

279 841 43 21 Det
337 847 50 16 vore
403 843 28 25 på
446 842 67 21 sädan
529 842 71 27 grund
615 841 24 22 af
650 841 46 27 vigt
711 843 34 20 att
760 843 52 25 taga
827 841 69 21 under
913 847 47 18 om-

206 875 107 29 pröfning,
329 883 76 20 genom
422 877 73 22 hvilka
511 878 102 26 åtgärder
628 877 147 27 uppkomsten
786 876 24 22 af
818 877 142 26 privatbanor

206 912 72 22 skulle
288 913 73 21 kunna
371 913 124 27 befrämjas.
514 913 66 21 Utom
592 913 210 22 subventionerande
810 912 25 21 af
841 913 117 26 desamma,

207 949 72 21 såsom
301 949 7 21 i
329 949 37 21 det
386 949 129 27 föregående
536 949 94 27 antydts,
646 949 40 21 bör
701 949 8 20 i
726 949 61 20 detta
802 948 56 27 syfte
874 949 84 20 undan-

206 985 75 26 rödjas
305 985 26 21 de
354 985 134 27 svårigheter
511 985 34 21 för
561 985 63 21 deras
642 985 116 26 tillkomst,
774 990 48 15 som
837 990 30 15 nu
882 984 77 21 kunna

207 1020 124 27 förefinnas,
353 1021 67 21 bland
443 1021 74 21 hvilka
541 1021 109 21 utskottet
673 1020 105 21 särskildt
793 1021 47 20 tror
856 1019 33 27 sig
904 1019 55 21 böra

206 1056 116 21 framhålla
344 1056 57 21 vissa
424 1056 165 22 bestämmelser
612 1057 7 20 i
642 1055 207 27 koncessionslagen
869 1055 24 21 af
916 1055 42 21 den

207 1091 28 22 15
251 1091 62 28 April
330 1092 64 27 1889,
411 1092 130 27 exempelvis
558 1093 41 20 den
614 1092 63 27 ringa
692 1091 67 22 frihet
774 1097 48 15 som
838 1090 119 27 medgifves

206 1127 169 27 privatbanorna
391 1128 36 21 vid
438 1127 162 22 fastställandet
611 1128 23 21 af
640 1128 158 25 frakttaxorna,
811 1123 88 36 stadgan
906 1127 55 20 dena

207 1169 34 15 om
253 1163 222 28 stängselskyldighet
490 1170 28 15 m.
535 1170 28 15 m.
587 1163 47 22 Den
645 1163 64 22 ofvan
720 1162 124 27 föreslagna
853 1162 107 21 kommis-

207 1199 77 22 sionen
293 1199 66 21 borde
375 1199 80 28 derför,
471 1199 69 28 enligt
556 1199 120 22 utskottets
691 1199 73 27 tanke,
781 1197 83 22 erhålla
883 1198 6 21 i
902 1204 55 21 upp-

207 1235 54 27 drag
277 1237 33 19 att
325 1235 77 22 utreda
417 1235 133 22 hithörande
565 1235 162 22 förhållanden.

279 1277 30 21 På
329 1277 70 26 grund
419 1277 24 21 af
461 1278 36 21 det
518 1277 91 21 anförda
624 1277 34 22 får
673 1277 109 21 utskottet
798 1275 111 22 vördsamt
927 1275 34 21 fö-

207 1312 68 22 reslå:

421 1380 33 20 att
465 1378 126 22 Ständerna
600 1378 50 22 ville
660 1378 9 21 i
679 1376 176 28 underdånighet
862 1374 99 28 anhålla,

351 1414 34 21 det
406 1414 79 22 täcktes
504 1414 66 22 Hans
590 1413 123 29 Kejserliga
730 1412 104 28 Majestät
851 1411 46 22 låta
914 1410 43 23 till-

280 1456 175 23 Jernvägsutskottets
468 1455 108 19 betänkande
589 1455 35 18 N:o
636 1456 16 17 1.
