1064 1659
261 118 13 22 6
366 118 84 22 Ständ.
466 118 53 23 Pet.
536 132 29 3 —
580 118 172 24 Petitionsbet.
768 118 45 23 N:o
829 119 21 21 1.

230 182 177 29 bansträckning,
429 191 34 15 om
484 185 41 21 den
541 185 99 21 kommer
655 186 35 20 att
705 184 99 22 medföra
819 186 33 20 ett
867 184 116 22 öfverskri-

231 219 70 21 dande
324 220 24 20 af
370 220 140 22 merberörda
534 220 82 27 anslag,
641 220 57 22 skall
721 220 75 21 kunna
816 220 96 27 regleras
933 220 50 22 med

230 255 68 20 andra
314 255 124 26 tillgångar.

301 361 47 21 Allt
364 362 68 21 sedan
449 362 58 22 1872
523 363 36 20 års
575 362 106 27 landtdag
696 363 40 20 har
751 361 76 27 frågan
842 368 34 15 om
888 368 26 15 en
923 362 60 27 jern-

230 398 47 25 väg,
298 403 47 15 som
367 397 60 22 öfver
447 397 117 28 Jyväskylä
580 397 71 22 skulle
667 398 101 21 förbinda
784 393 142 26 Österbotten
943 398 40 21 och

230 431 111 28 Savolaks,
363 433 109 21 särskilda
493 435 81 25 gånger
593 433 83 27 utgjort
692 433 91 22 föremål
800 433 34 21 för
849 433 133 22 Standernas

230 467 196 28 öfverläggningar.
458 468 102 26 Ständigt
575 469 163 26 undanskjuten
755 475 77 19 genom
845 469 68 21 andra
925 475 58 15 mera

230 503 191 27 maktpåliggande
448 504 194 27 jernvägsföretag,
669 505 46 21 blef
736 504 76 27 frågan
836 504 36 21 vid
896 506 87 20 senaste

230 538 105 27 landtdag
350 539 65 28 bragt
431 541 32 20 ett
479 542 48 25 steg
543 540 84 21 framåt.
658 540 71 21 Sedan
746 546 77 18 genom
840 540 96 21 beslutet
947 546 35 15 om

229 573 113 27 byggande
362 575 24 21 af
400 576 42 21 den
459 575 106 22 Karelska
581 575 70 22 banan
669 576 63 21 äfven
748 575 38 22 det
802 575 113 26 ostligaste
931 575 51 21 Fin-

230 609 52 22 land
307 611 158 22 tillförsäkrats
489 613 40 25 att,
549 611 93 22 likasom
664 611 94 27 tidigare
780 607 141 25 Österbotten
943 611 39 21 och

230 644 111 29 Savolaks,
358 647 84 21 erhålla
455 647 237 27 jernvägsförbindelse
708 647 49 21 med
772 647 37 20 det
820 646 70 27 öfriga
900 647 81 26 landet,

229 680 68 22 funno
313 682 109 27 nemligen
439 685 74 19 senast
529 682 132 21 församlade
677 683 94 20 Ständer
787 682 61 21 tiden
864 689 52 14 vara
933 682 49 21 inne

229 715 35 22 för
279 716 131 28 vidtagande
422 718 23 21 af
455 718 155 21 förberedande
621 719 103 26 åtgärder
735 718 7 21 i
754 717 56 28 syfte
821 719 34 20 att
866 717 115 27 tillgodose

230 752 37 21 det
291 753 111 22 mellersta
423 753 105 22 Finlands
547 753 66 22 behof
631 753 24 22 af
674 753 136 22 förbättrade
831 753 151 21 kommunika-

229 787 72 21 tioner
324 789 39 20 och
385 789 122 22 hemstälde
529 789 39 21 hos
589 789 68 21 Eders
673 789 125 27 Kejserliga
813 789 103 26 Majestät
933 789 6 21 i
955 795 27 15 en

228 823 139 28 underdånig
388 825 93 26 petition
500 825 84 22 derom:
603 827 47 24 ,att
666 825 142 21 ekonomiska
824 825 40 20 och
880 825 102 20 tekniska

229 859 190 27 undersökningar
435 861 67 20 måtte
518 861 129 20 verkställas
664 860 34 21 för
708 867 27 14 en
744 861 92 26 jernväg
847 860 47 21 från
906 860 75 27 Jyväs-

228 893 50 27 kylä
302 895 34 20 till
360 897 71 25 någon
455 896 70 27 punkt
547 897 12 20 &
580 897 102 20 sträckan
703 895 233 28 Keuru—Myllymäki
960 895 23 22 af

228 928 67 22 Wasa
314 931 98 26 jernväg,
433 934 58 19 samt
509 933 33 20 att
560 932 65 26 nådig
641 932 136 27 proposition
794 931 122 27 förelägges
931 934 50 19 näst

228 967 207 21 sammanträdande
451 967 93 22 Ständer
559 973 34 16 om
611 968 71 21 denna
695 968 103 26 jernvägs
814 967 137 22 utförande".

300 1001 70 22 Sedan
392 1003 72 21 denna
485 1003 131 22 Ständernas
633 1003 103 22 anhållan
752 1003 78 21 vunnit
845 1003 69 21 Eders
930 1003 50 26 Kej-

228 1036 79 25 serliga
322 1037 115 27 Majestäts
453 1038 68 27 bifall,
537 1039 101 21 nedsatte
650 1039 94 21 Senaten
757 1039 41 20 den
811 1039 26 21 11
849 1039 61 26 April
922 1039 57 22 1889

228 1078 26 15 en
277 1073 144 22 kommission
443 1074 33 21 för
497 1075 116 26 utredning
629 1074 24 21 af
667 1075 41 21 den
725 1074 7 21 i
750 1074 138 21 ekonomiskt
903 1074 77 21 hänse-

228 1108 54 21 ende
298 1108 181 28 fördelaktigaste
496 1110 151 27 sträckningen
664 1111 34 20 för
713 1110 96 21 nämnda
822 1110 97 26 jernväg.
944 1109 35 22 Ef-

227 1144 34 19 ter
277 1143 37 22 det
331 1145 169 21 kommissionen
517 1145 98 27 fullgjort
632 1145 39 22 sitt
682 1146 100 27 uppdrag
793 1145 123 21 inlemnade
928 1145 51 21 den-

226 1184 85 16 samma
327 1179 7 22 i
350 1180 76 27 början
443 1181 24 21 af
480 1182 24 19 är
520 1181 58 22 1890
593 1181 40 22 sitt
648 1181 139 22 betänkande
804 1181 7 20 i
827 1183 80 24 ämnet,
918 1181 61 21 hvar-

227 1214 55 21 efter
301 1215 102 27 Senaten,
421 1218 52 19 enär
489 1217 169 21 kommissionen
674 1218 28 25 pä
718 1219 112 24 upptagna
847 1216 47 21 skäl
911 1217 68 20 töror-

226 1249 38 21 dat
288 1250 83 22 banans
395 1251 93 22 ledande
508 1253 46 20 frän
576 1253 116 26 Jyväskylä
707 1253 36 20 till
754 1252 82 26 Keuru,
853 1251 126 22 alternativt

225 1285 133 27 Pihlajavesi
382 1287 88 28 station,
495 1287 113 22 anbefalde
629 1284 173 31 Öfverstyrelsen
824 1287 34 21 för
872 1289 51 25 väg-
940 1287 39 22 och

226 1323 229 26 vattenbyggnaderna
476 1326 33 18 att
529 1323 44 21 låta
594 1323 166 22 instrumentalt
780 1323 124 21 undersöka
919 1325 60 19 näst-

225 1357 95 22 nämnda
346 1359 131 20 alternativa
501 1359 68 21 linier.
608 1359 70 21 Dessa
702 1359 190 25 undersökningar
914 1357 65 22 hafva

224 1392 70 20 under
316 1399 123 15 sommaren
462 1394 57 21 1890
541 1394 71 21 blifvit
632 1394 132 26 verkstälda,
784 1394 39 21 och
843 1393 95 27 framgår
954 1400 25 14 ur
