1070 1675
773 133 12 19 3

67 196 24 22 af
105 196 111 22 allmänna
231 195 72 22 medel
321 195 23 21 åt
360 195 87 22 vittnen
463 195 8 21 i
484 195 106 21 brottmål
606 195 67 22 hafva
689 196 28 21 Vi
732 196 85 27 antagit

66 232 50 22 med
132 232 27 22 de
179 231 86 21 mindre
287 230 162 28 förändringar,
466 231 47 21 Vår
528 230 8 22 i
552 233 74 19 ämnet
641 231 82 21 aflåtna
737 232 79 21 under-

67 267 82 27 dåniga
171 266 185 23 svarsskrifvelse
380 266 25 22 af
426 266 42 22 den
494 268 26 19 16
544 266 103 22 sistlidne
669 267 64 27 April
756 268 62 20 inne-

67 302 78 22 håller.

422 363 12 19 5
451 361 19 29 8

141 409 65 22 Efter
222 409 38 22 det
275 409 29 22 Vi
319 409 25 22 af
357 409 63 22 Hans
436 409 127 27 Kejserliga
578 409 105 28 Majestät
699 409 42 22 fått
752 410 66 21 emot-

69 447 53 25 taga
137 445 68 27 nådig
227 445 134 27 proposition
386 445 115 27 angående
524 446 123 26 bevillning
662 445 35 22 för
713 445 105 27 spelkort,

69 480 68 23 hafva
152 480 29 23 Vi
197 481 86 27 antagit
299 480 67 22 sådan
382 480 132 28 förordning
528 480 9 22 i
554 482 79 26 ämnet,
651 487 46 16 som
707 481 70 21 finnes
787 480 33 22 in-

70 516 50 22 förd
135 516 8 22 i
157 516 48 22 Vår
227 516 36 22 till
287 522 50 16 svar
359 516 7 22 å
381 516 95 22 nämnda
499 516 135 27 proposition
658 516 42 22 den
718 518 25 20 17
760 517 60 21 näst-

70 552 60 22 lidne
145 552 65 27 April
225 551 81 22 aflåtna
320 552 152 26 underdåniga
488 552 125 22 skrifvelse.

422 625 12 20 6
451 623 18 29 &

144 671 38 22 Uti
197 671 137 28 underdånig
350 671 120 22 skrifvelse
487 672 23 21 af
524 672 42 21 den
584 673 27 20 18
627 672 109 21 sistvikne
757 671 65 27 April

72 706 67 23 hafva
153 707 28 22 Vi
205 707 89 28 anmält,
318 709 33 20 att
369 707 38 22 det
423 707 33 22 uti
471 707 69 28 nådig
555 708 135 26 proposition
707 708 41 21 Oss
764 707 58 22 före-

72 742 66 28 lagda
153 742 84 27 förslag
252 743 36 21 till
303 742 119 22 förändrad
438 743 86 27 Iydelse
540 743 25 22 af
578 743 13 29 &
609 745 26 20 12
646 743 9 22 i
665 743 158 27 förordningen

73 783 34 16 om
123 778 116 27 personela
261 778 152 28 utskylderna,
437 779 76 27 gifven
530 779 42 22 den
589 781 27 19 20
633 779 108 21 Februari
759 780 64 26 1865,

73 812 77 23 blifvit
165 813 25 21 af
202 813 42 22 Oss
259 814 50 21 med
324 815 85 21 mindre
426 814 156 27 förändringar
598 814 118 27 godkändt.

427 885 47 29 78.

147 932 51 21 Med
221 932 160 27 godkännande
404 932 8 21 i
434 931 127 23 hufvudsak
584 931 26 22 af
622 931 43 22 den
681 931 80 27 nådiga
776 937 49 21 pro-

75 966 124 28 positionen
222 968 113 26 angående
362 968 155 27 utsträckning
540 967 25 21 af
582 966 244 28 Helsingfors—Tava-

76 1002 139 22 stehus—S:t
230 1003 147 27 Petersburgs
386 1004 96 27 jernväg
492 1003 36 21 till
539 1002 141 28 Helsingfors
689 1002 61 22 stads
761 1002 66 21 södra

75 1038 73 28 hamn,
159 1038 101 28 hafvaVi,
277 1039 70 22 såsom
368 1040 97 20 tillskott
480 1039 36 21 till
532 1038 38 22 det
585 1038 25 22 af
623 1038 62 22 Hans
701 1037 126 27 Kejserliga

76 1074 105 28 Majestät
188 1081 27 15 ur
223 1074 109 22 allmänna
338 1074 129 22 statsmedel
475 1074 113 22 utlofvade
594 1074 79 26 belopp
680 1073 25 21 af
711 1074 116 26 1,000,000

77 1110 70 27 mark,
163 1110 36 22 för
216 1110 124 23 ändamälet
358 1111 96 27 anslagit
477 1112 94 25 800,000
588 1110 63 21 mark
666 1116 27 15 ur
708 1108 119 22 kommuni-

77 1146 182 22 kationsfondens
282 1147 128 28 tillgångar,
434 1147 28 26 pä
478 1147 47 21 sätt
540 1146 29 22 Vi
584 1146 8 21 i
608 1145 137 27 underdänig
760 1143 68 22 skrif-

77 1182 63 21 velse
155 1181 26 22 af
193 1182 44 22 den
253 1184 12 19 8
281 1182 151 23 innevarande
446 1182 44 27 Maj
507 1182 89 21 anmält.

430 1247 48 29 88

150 1295 11 21 I
177 1295 99 27 enlighet
299 1295 49 21 med
370 1295 60 22 hvad
452 1295 26 21 Vi
497 1294 33 21 uti
546 1293 119 23 skrifvelse
681 1292 25 22 af
719 1292 43 21 den
779 1292 27 20 14
821 1291 8 21 i

79 1331 72 22 denne
165 1330 80 22 månad
266 1331 40 21 hos
321 1331 62 21 Hans
399 1330 127 27 Kejserliga
540 1330 105 27 Majestät
660 1329 8 21 i
683 1327 148 26 underdånig-

80 1367 39 21 het
134 1367 89 27 anmält,
240 1366 66 22 hafva
321 1367 35 26 Vi,
370 1367 7 20 i
394 1366 120 27 anledning
530 1365 25 22 af
568 1365 67 27 nådig
650 1363 135 28 proposition
796 1368 34 16 om

81 1402 120 23 anvisande
225 1402 26 22 af
273 1401 74 23 medel
369 1402 36 21 till
428 1401 143 22 bestridande
594 1400 25 22 af
632 1399 149 22 kostnaderna
795 1397 37 22 för
