1064 1661
218 116 26 21 10
448 115 244 22 Petitionsbetänkande
708 115 36 22 N:o
760 114 18 22 6.

284 179 121 22 Utskottets
427 179 113 28 pluralitet
563 180 63 26 säger
648 179 33 26 sig
704 179 62 21 äfven
790 177 54 28 tagit
865 178 7 21 i
888 177 86 22 betrak-

215 214 66 21 tande
297 215 33 20 att
345 214 138 21 besättandet
506 213 25 22 af
547 213 179 22 rektorsembetet
744 213 65 27 ,läng
824 212 32 21 tid
872 212 56 21 varit
943 214 31 19 ett

215 247 177 23 återkommande
408 248 200 22 diskussionsämne
623 248 7 21 i
646 247 148 28 pedagogiska
804 247 106 22 kretsar".
938 247 36 21 Ut-

215 281 81 22 skottet
319 282 97 28 påpekar
433 282 71 27 likväl,
522 284 32 20 att
570 300 4 8 ,
578 282 81 27 frågan
675 282 73 21 hållits
764 288 58 21 uppe
837 281 29 27 pä
882 282 92 26 dagord-

215 316 78 28 ningen
312 318 77 20 endast
404 318 7 20 i
427 317 54 28 följd
497 317 24 21 af
537 316 213 28 lärarepersonalens
766 316 91 21 intresse
874 315 33 21 för
923 316 50 20 den-

215 354 102 25 samma",
342 358 50 15 men
414 354 32 19 att
463 353 35 20 det
514 353 24 19 är
554 351 93 28 osäkert,
664 351 106 22 huruvida
786 350 148 22 allmänheten
950 352 24 19 är

215 386 104 28 missnöjd
335 387 49 21 med
400 394 28 13 nu
444 387 96 21 rådande
555 386 79 28 praxis.

284 421 66 21 Detta
364 422 102 27 yttrande
482 421 24 21 af
519 421 119 21 utskottets
653 420 113 28 pluraliiet
782 420 74 28 tyckes
866 420 44 27 mig
920 427 52 14 vara

215 455 83 21 mindre
322 456 108 26 befogadt.
468 456 39 21 Om
531 455 147 21 allmänheten
701 455 38 21 vill
758 455 70 21 uttala
844 455 32 21 sin
893 455 55 27 äsigt
965 455 7 20 i

214 489 73 27 frägor
310 491 92 21 rörande
427 490 83 26 skolan,
532 490 49 21 sker
597 491 60 20 detta
673 490 137 27 naturligtvis
825 496 77 20 genom
919 489 54 21 skol-

215 524 68 21 rädet.
314 524 119 22 Skolräden
449 525 65 21 hafva
530 532 29 14 nu
575 526 29 26 pä
619 525 78 27 mänga
713 524 78 22 ställen
808 524 54 27 tagit
878 524 34 21 för
928 525 44 26 sed,

215 560 32 19 att
258 559 96 21 inhemta
364 559 97 22 lärarnes
472 559 86 28 mening
567 560 92 20 rörande
669 559 225 25 rektorskandidaten,
904 558 69 21 ehuru

213 593 64 27 lagen
293 594 19 27 ej
330 594 84 21 fordrar
430 595 42 20 det.
503 594 66 21 Detta
584 594 40 21 har
639 593 55 22 blott
710 594 85 21 kunnat
810 593 38 22 ske
864 594 29 27 pä
903 594 70 26 grund

214 627 25 21 af
259 629 36 21 två
319 629 94 21 orsaker.
452 629 114 21 Skolrådet
589 628 40 21 har
644 629 104 27 antingen
765 628 55 21 varit
836 628 86 21 osäkert
938 635 34 14 om

213 662 66 22 hvem
296 664 36 20 det
347 663 67 21 borde
429 663 79 22 föreslä
531 663 51 21 eller
597 663 39 22 har
652 663 110 21 skolrädet
778 665 73 19 ansett
867 663 35 20 det
918 662 54 21 obil-

213 697 46 27 ligt,
284 700 32 19 att
338 698 96 21 lärarnes
457 699 55 26 äsigt
535 698 18 27 ej
577 698 114 27 inhemtas,
708 698 68 21 ehuru
792 698 27 20 de
835 697 48 21 bäst
898 696 75 22 känna

213 731 48 22 sina
276 732 122 21 kamraters
414 733 138 27 egenskaper.
592 733 97 21 Orsaken
706 733 35 20 mä
756 739 52 15 vara
824 732 85 21 hvilken
926 738 46 15 som

214 766 63 28 helst,
293 767 52 21 flere
360 767 98 21 skolräds
474 767 124 22 förfarande
614 767 63 25 visar,
693 768 7 20 i
716 767 87 21 hvilken
820 767 95 26 riktning
927 765 47 28 lag-

213 801 129 27 stiftningen
358 801 39 21 bör
412 803 32 26 gä.

283 836 97 20 Lärarne
399 836 13 20 &
432 836 32 20 sin
488 836 47 21 sida
557 836 75 21 kunna
654 837 48 20 med
723 836 46 21 skäl
786 842 52 15 vara
854 835 118 28 missnöjda

213 870 50 21 med
279 877 29 14 nu
324 870 100 26 gällande
440 871 98 27 ordning.
569 870 95 22 Rektorn
680 871 8 20 i
703 871 48 21 värt
766 870 51 22 land
828 870 40 22 har
880 877 25 14 en
916 877 56 21 myc-

213 904 36 21 ket
265 904 157 22 vidsträcktare
439 905 207 21 bestämmanderätt
662 906 92 20 rörande
770 904 49 22 hela
830 904 143 28 skoldiscipli-

216 945 41 14 nen
281 939 39 21 och
344 940 68 20 andra
428 940 88 20 därmed
532 939 215 27 sammanhängande
763 939 72 27 frågor
851 944 25 16 än
893 938 79 22 skoldi-

215 972 127 22 rektörerna
352 974 7 20 i
370 974 88 27 Sverige
474 974 40 21 och
529 974 115 28 Tyskland.
675 974 76 27 Enligt
766 974 112 27 skollagen
889 973 7 21 i
907 974 65 20 Sach-

215 1014 37 14 sen
276 1008 39 21 har
339 1008 108 27 nämligen
471 1008 109 22 direktorn
603 1008 48 22 icke
666 1010 50 26 rätt,
738 1010 32 19 att
786 1008 59 27 gifva
860 1009 112 26 strängare

214 1042 63 21 straff
290 1044 27 19 än
334 1043 36 21 två
385 1043 97 21 timmars
496 1043 85 25 karcer;
593 1043 44 21 alla
648 1044 114 26 strängare
772 1043 63 21 straff
844 1042 129 22 bestämmer

212 1077 181 27 lärarekollegiet.
424 1078 44 21 Hos
484 1085 34 14 oss
534 1078 95 21 besluter
644 1078 73 21 rektor
733 1085 34 14 om
783 1077 43 22 alla
842 1078 62 21 straff
913 1081 59 18 utom

213 1110 135 29 »förvisning
371 1112 33 21 för
426 1112 75 21 alltid
525 1119 25 13 ur
572 1112 81 21 skolan.
684 1112 83 21 Rektor
790 1112 40 20 bör
848 1112 124 26 visserligen

212 1146 89 21 rädföra
316 1146 32 27 sig
364 1148 48 20 med
427 1146 231 26 klassföreständaren,
676 1154 48 14 men
742 1147 28 20 dä
785 1146 43 22 han
845 1146 19 28 ej
877 1148 23 20 är
911 1149 60 19 tvun-

213 1186 42 21 gen
277 1183 33 18 att
326 1181 118 27 hänskjuta
460 1188 26 14 en
502 1181 68 27 fräga,
586 1181 88 21 hvarom
690 1181 43 21 han
750 1181 40 21 och
805 1181 168 21 klassförestän-

213 1215 67 21 daren
301 1215 18 27 ej
336 1215 75 21 kunna
426 1222 58 19 enas,
500 1216 33 20 till
548 1216 179 26 lärarekollegiet,
744 1216 24 20 sä
784 1221 22 15 är
822 1216 63 21 äfven
902 1216 71 20 denna

212 1248 138 28 bestämning
366 1252 51 19 utan
433 1250 115 28 betydelse.
579 1250 55 21 Hela
650 1250 88 21 skolans
748 1250 39 21 och
796 1250 174 27 lärarepersona-

212 1283 47 21 lens
275 1285 109 20 anseende
398 1284 44 21 kan
459 1284 125 28 härigenom
595 1284 7 21 i
612 1284 43 28 hög
670 1286 54 26 grad
741 1284 79 22 skadas
836 1284 40 21 och
893 1284 80 28 discip-

211 1318 59 21 linen
286 1319 111 25 förstöras,
417 1326 33 14 om
468 1319 86 21 rektorn
570 1320 24 20 är
610 1319 73 21 alltför
698 1320 70 26 slapp.
799 1319 33 21 En
848 1319 65 27 retlig
925 1320 47 20 rek-

211 1355 34 18 tor
267 1354 40 25 gör
329 1354 47 20 äter
396 1353 60 22 lifvet
471 1354 6 20 i
493 1353 75 22 skolan
590 1354 58 21 svärt
664 1354 40 20 och
719 1354 39 26 gör
774 1354 37 20 det
826 1354 98 27 omöjligt
939 1354 34 21 för

211 1386 87 22 lärarne
313 1389 34 19 att
363 1389 49 20 med
427 1388 91 21 intresse
534 1390 50 25 taga
599 1388 7 20 i
622 1390 23 19 tu
658 1389 47 20 med
717 1388 38 21 sitt
766 1387 204 28 uppfostringsvärt.

210 1420 70 22 Dessa
303 1421 203 22 missförhällanden
531 1423 86 21 komma
639 1423 47 20 icke
709 1423 25 21 sä
749 1423 41 20 lätt
805 1422 33 21 till
856 1422 116 22 skolöfver-

281 1461 100 18 Allmänna
393 1462 176 18 Besvärsutskottets
581 1462 110 19 betänkande
703 1463 35 18 N:o
750 1464 17 17 4.
