1073 1670
278 137 284 23 Petitionsbetänkande
577 137 46 23 N:o
639 137 40 23 22.

379 506 257 28 Lagutskottets
657 506 207 23 betänkande

310 540 47 23 N:o
380 541 38 27 10,
439 541 10 22 i
464 541 137 28 anledning
616 541 28 22 af
656 542 37 21 ett
707 541 46 23 hos
768 541 97 22 Preste-

310 574 100 23 ständet
431 575 141 22 inlämnadt
591 575 217 28 petitionsförslag
824 581 41 17 om

313 609 85 22 direkt
416 609 163 28 brefväxling
593 610 10 21 i
618 610 65 22 vissa
698 610 167 22 ämbetsären-

312 643 48 22 den
390 644 108 22 emellan
527 644 192 22 underordnade
751 644 114 28 myndig-

309 677 81 23 heter.

174 757 71 27 Jämte
268 757 201 28 protokollsutdrag
484 758 22 20 af
521 757 43 21 den
581 763 26 20 14
622 757 91 21 februari
728 757 39 21 har
782 758 84 20 Preste-

105 792 87 21 ständet
212 791 31 21 till
257 791 167 28 Lagutskottets
439 791 132 28 behandling
586 791 117 27 hänskjutit
717 792 95 27 följande
827 799 39 20 pe-

104 826 194 20 titionsmemorial:

238 911 55 19 Till
315 911 174 25 högvördiga
511 910 225 21 Prestaständet.

176 974 46 19 Man
237 974 35 19 har
287 974 41 19 ofta
342 974 67 24 klagat
424 974 54 19 öfver
493 973 34 20 det
541 974 56 18 inom
612 973 45 20 värt
671 974 58 19 lands
739 974 128 19 administra-

106 1002 42 20 tion
164 1002 88 19 rädande
266 1001 174 26 mängskrifveriet
455 1002 37 19 och
507 1002 25 19 de
547 1002 84 25 onödiga
646 1002 109 25 omgängar
770 1002 34 19 vid
816 1001 51 20 mäls

106 1030 126 25 behandling,
248 1036 44 14 som
307 1030 41 20 ofta
363 1030 108 25 uppehälla
486 1030 37 19 och
538 1030 84 25 fördröja
637 1030 57 20 deras
709 1030 107 25 afgörande
831 1030 38 20 och

106 1059 129 25 hvarigenom
256 1058 139 20 allvarsamma
410 1058 128 25 olägenheter
553 1058 41 20 ofta
608 1064 41 20 nog
663 1058 75 26 uppstä
753 1059 30 19 för
797 1058 70 20 veder-

106 1088 86 19 börande
212 1086 116 26 mälsegare.
358 1087 36 25 Jag
409 1087 35 19 vill
459 1087 51 19 dock
525 1087 30 19 för
569 1087 66 19 denna
649 1086 54 26 gäng
717 1087 52 19 fästa
783 1087 85 25 högvör-

106 1116 46 24 diga
174 1115 92 20 ständets
289 1115 177 25 uppmärksamhet
484 1115 34 19 vid
532 1121 26 13 en
572 1115 51 19 enda
638 1116 36 18 sak
688 1115 45 20 med
748 1115 94 19 afseende
857 1114 12 20 &

106 1150 29 13 nu
157 1144 82 19 berörda
258 1143 128 25 förhällande,
402 1155 27 2 —
444 1149 26 14 en
486 1143 40 25 sak,
542 1149 44 14 som
601 1143 147 20 ästadkommer
763 1144 43 19 icke
821 1143 47 20 alle-

106 1174 47 18 nast
175 1172 105 25 olägenhet
302 1173 50 18 utan
374 1172 59 19 äfven
452 1172 76 24 verklig
543 1172 164 25 rättskränkning
722 1172 30 20 för
766 1178 26 14 en
807 1171 61 20 mäls-

106 1200 82 25 egande.
218 1200 38 20 Om
270 1206 26 14 en
310 1206 75 19 person
400 1202 14 17 t.
428 1206 32 13 ex.
476 1199 44 20 frän
535 1193 44 27 Åbo
589 1200 37 20 och
637 1200 131 26 Björneborgs
780 1200 34 20 län
824 1200 45 19 blif-

107 1235 35 13 ver
163 1229 29 19 för
210 1228 62 25 något
287 1229 55 19 brott
356 1228 48 20 eller
418 1228 68 25 någon
500 1228 95 20 förseelse
609 1228 86 24 häktad,
703 1228 28 20 lät
747 1235 52 18 vara,
814 1228 56 19 inom

107 1256 110 25 Uleåborgs
232 1257 34 19 län
280 1257 37 19 och
333 1257 93 19 behöfver
440 1257 30 19 för
485 1256 73 20 sakens
573 1256 123 25 fullföljande
711 1257 37 19 och
763 1256 108 25 afgörande

106 1285 130 25 fräjdebetyg,
259 1284 23 20 sä
304 1285 96 19 anmodas
421 1286 68 18 ortens
504 1285 156 19 kronolänsman
675 1285 20 19 af
709 1284 161 20 domhafvanden

107 1315 30 18 att
152 1313 88 20 anskaffa
254 1315 30 18 ett
300 1313 78 25 sädant,
392 1324 28 3 —
435 1313 133 20 länsmannen
583 1313 36 25 gär
631 1313 30 19 till
671 1313 200 25 guvernörsembetet

107 1342 7 19 i
128 1341 104 25 Uleäborg,
247 1342 55 19 detta
317 1342 32 19 till
363 1342 199 24 guvernörsembetet
576 1342 7 19 i
597 1331 49 39 Åbo,
664 1344 126 23 guvernören
805 1342 7 18 i
826 1334 45 27 Åbo

107 1370 31 19 till
160 1370 133 20 länsmannen
306 1369 8 20 i
329 1370 39 20 den
389 1370 96 19 häktades
502 1370 80 20 hemort
597 1370 37 20 och
648 1370 65 20 denne
729 1370 96 24 slutligen
840 1370 32 19 till

108 1398 146 20 vederbörande
276 1398 164 25 pastorsembete.
470 1398 80 20 Samma
569 1398 59 25 långa
643 1398 86 25 omgång
744 1404 74 19 genom
832 1398 40 19 alla

108 1426 59 20 dessa
189 1426 102 20 instanser
312 1426 66 20 måste
399 1427 84 24 betyget
497 1426 26 25 gå
538 1426 29 20 för
581 1428 30 18 att
625 1426 86 20 anlända
725 1426 31 20 till
771 1426 32 19 sin
820 1426 51 20 slut-

177 1464 131 22 Lagutskottets
320 1464 110 17 betänkande
442 1463 38 18 N:o
492 1464 30 17 10.
