1070 1673
285 136 243 24 Petitionsbetänkande
543 136 36 23 N:o
595 135 29 23 31.
784 139 25 20 21

147 204 43 21 För
205 206 33 19 att
253 205 59 20 ännu
326 204 78 22 anföra
419 207 31 19 ett
465 205 47 21 skäl
527 205 34 22 för
581 206 155 21 nedsättandet
754 205 25 22 af
792 208 42 19 ter-

79 238 174 27 minsafgifterna
274 239 8 20 i
304 238 84 22 landets
403 239 221 22 fruntimmersskolor
645 239 37 21 vill
695 239 39 28 jag
749 241 86 23 nämna;

79 276 34 18 att
128 273 69 21 under
212 273 131 27 nyssnämda
356 273 72 21 läseär
442 273 194 22 medelkostnaden
651 273 33 22 för
699 273 75 28 hvarje
790 273 45 22 elev

78 307 8 21 i
103 307 157 28 statslyceerna
275 310 46 24 steg
336 307 34 21 till
384 307 43 22 340
441 307 63 22 mark
519 309 27 20 66
562 308 66 27 penni
643 307 37 23 och
693 309 6 19 i
708 307 128 23 elementar-

80 341 41 22 och
137 341 147 22 realskolorna
299 341 32 22 till
346 343 42 20 493
404 341 63 22 mark
483 343 28 21 10
521 342 73 27 penni,
610 337 30 36 men
658 342 12 21 i
679 342 156 22 fruntimmers-

82 376 102 21 skolorna
198 375 34 22 till
247 377 76 20 endast
338 377 40 21 201
395 376 105 22 mark-85
515 377 67 27 penni
597 389 21 3 —
636 383 28 14 en
680 376 93 27 skilnad,
789 383 46 15 som

82 410 144 28 möjliggjorts
248 410 76 22 främst
344 417 79 21 genom
442 411 121 21 sistnämda
577 411 206 27 läroinrättningars
799 411 35 22 be-

80 445 78 27 tydligt
173 444 99 28 billigare
286 445 179 27 lärarepersonal.

148 479 48 22 Den
220 479 123 28 minskning
364 480 8 21 i
395 479 126 26 inkomster,
545 486 46 15 som
614 482 72 19 staten
702 479 85 22 komme
803 483 33 18 att

81 515 128 25 vidkännas,
225 521 35 14 om
274 513 207 28 terminsafgifterna
495 514 8 21 i
518 514 251 21 fruntimmersskolorna
781 515 54 20 min-

81 548 78 22 skades
181 549 33 21 till
237 555 81 15 samma
341 548 79 28 belopp
442 555 46 14 som
510 549 8 20 i
540 548 255 26 elementarlärovärken,
811 550 25 19 är

81 584 48 20 svär
144 586 33 18 att
192 585 109 25 noggrant
315 583 105 25 beräkna;
436 589 49 15 men
501 583 119 21 obeaktadt
635 583 43 24 det,
693 585 33 19 att
736 583 42 21 den
786 582 49 22 icke

81 617 73 22 kunde
169 617 67 22 blifva
251 617 24 21 sä
290 621 50 22 stor,
364 619 33 20 att
416 618 26 27 ju
464 617 49 22 icke
529 620 72 19 staten
617 617 35 22 väl
666 617 101 22 mäktade
782 617 53 22 bära

81 659 27 15 en
131 653 69 21 sädan
215 651 84 26 förlust,
323 651 39 22 bör
377 659 50 14 man
442 652 97 26 besinna,
560 654 33 20 att
608 653 41 21 den
664 651 124 29 föreslagna
803 659 32 14 re-

80 686 84 22 formen
180 687 7 21 i
202 686 90 22 främsta
307 689 93 19 rummet
414 688 25 20 är
454 686 24 22 af
491 686 116 28 principiel
622 689 66 19 natur
702 686 40 22 och
758 687 77 21 endast

80 721 92 21 innebär
186 728 28 14 en
230 722 53 26 gärd
298 720 24 22 af
334 721 91 21 rättvisa
440 721 23 21 ät
473 722 37 20 det
518 722 146 26 uppväxande
675 720 96 28 kvinliga
779 720 57 22 släk-

80 759 38 23 tet,
133 756 23 20 ät
172 756 54 26 dem,
242 762 46 14 som
304 755 60 21 skola
379 756 63 20 träda
456 759 25 17 ut
495 756 8 20 i
518 755 60 21 lifvet
589 762 45 14 som
643 755 193 27 medborgarinnor

81 790 41 21 och
144 790 93 21 mödrar.
266 790 78 21 Dessas
366 789 97 27 bildning
486 789 67 21 borde
575 796 52 14 vara
647 789 45 21 lika
707 790 68 26 viktig
790 796 46 14 som

79 831 124 20 gossarnas.
232 824 32 28 Ty
286 825 36 20 det
344 824 119 27 inflytande
485 830 28 15 en
535 823 75 22 bildad
632 824 41 21 och
689 823 147 28 kunskapsrik

80 859 159 27 familjemoder
253 859 86 21 utöfvar
354 858 40 22 och
409 859 69 20 mäste
493 858 76 22 utöfva
583 859 29 27 pä
628 859 33 20 sin
676 858 121 28 omgifning
812 859 25 20 är

79 893 26 22 af
118 894 24 21 sä
157 896 47 19 stor
218 893 106 28 slagvidd,
339 897 33 17 att
387 896 72 18 staten
473 893 49 21 icke
537 899 78 21 genom
627 894 68 26 nägra
703 893 134 26 undantags-

82 929 101 26 ätgärder
198 934 62 21 synes
276 927 52 22 böra
343 927 97 22 försvära
448 927 151 22 inhämtandet
607 927 68 22 däraf.
696 940 15 3 —
720 927 116 21 Allmänna

87 962 210 22 Besvärsutskottets
313 962 141 27 ståndpunkt,
477 965 33 18 att
534 969 90 20 ,genom
640 961 197 22 fruntimmerssko-

80 998 63 21 lorna
158 997 125 27 tillgodoses
298 997 8 21 i
320 997 50 21 vida
384 997 68 27 högre
466 998 54 26 grad
535 997 112 21 hemmens
663 996 177 27 bildningsbehof

81 1033 28 20 än
126 1032 68 26 några
209 1031 111 22 allmänna
342 1031 117 21 intressen"
482 1032 25 20 är
528 1031 119 28 uppgifven
670 1030 25 22 af
713 1031 42 21 den
770 1037 67 21 nyare

80 1065 158 28 pedagogiken,
262 1072 45 15 som
329 1066 102 27 uppvisat
454 1066 27 21 de
496 1065 99 28 orimliga
610 1065 190 22 konsekvenserna
815 1065 24 21 af

81 1103 32 18 ett
128 1101 78 20 sädant
221 1099 175 22 betraktelsesätt
411 1100 42 21 och
469 1101 41 20 den
526 1100 106 22 orättvisa
648 1107 45 14 som
709 1100 36 21 det
751 1098 86 22 medför

80 1138 111 24 gentemot
206 1135 55 24 dem,
276 1141 45 15 som
337 1134 35 27 lag
388 1134 41 22 och
444 1134 81 21 allmän
541 1135 39 20 sed
595 1134 55 21 dock
670 1140 64 15 anser
749 1134 7 21 i
771 1133 65 22 främ-

81 1172 34 19 sta
137 1172 93 19 rummet
251 1169 53 21 böra
326 1175 56 21 egna
404 1169 31 27 sig
458 1169 23 21 ät
497 1168 206 28 uppfostrarinnans
718 1168 57 27 höga
790 1167 45 22 kall

81 1204 59 21 inom
154 1203 112 22 hemmens
282 1204 93 21 omräde.

148 1238 66 22 Hvad
236 1239 68 21 sedan
326 1238 133 22 vidkommer
482 1238 76 27 frägan
579 1245 35 14 om
630 1237 118 28 afgifterna
762 1237 7 21 i
784 1236 51 22 fort-

79 1272 244 28 bildningslärovärken,
340 1273 24 21 sä
378 1273 62 21 torde
456 1272 47 22 icke
519 1272 80 28 många
613 1272 40 21 ord
667 1271 93 22 behöfva
770 1271 65 21 offras

79 1306 34 22 för
127 1307 146 27 uppvisandet
296 1306 24 22 af
340 1306 139 28 obilligheten
501 1306 8 21 i
532 1307 37 21 det
584 1307 125 21 nuvarande
724 1308 110 26 systemet.

79 1341 32 21 De
125 1341 51 22 vida
191 1342 83 26 vägnar
288 1341 62 21 flesta
365 1341 25 21 af
410 1342 27 20 de
457 1348 59 20 unga
533 1340 99 26 kvinnor,
647 1347 46 15 som
708 1340 126 27 genomgätt

81 1376 64 21 dessa.
158 1375 160 28 läroanstalter,
340 1375 65 22 hafva
426 1376 59 20 trädt
506 1378 25 18 ut
545 1375 8 21 i
568 1375 60 22 lifvet
643 1382 46 14 som
704 1374 129 25 lärarinnor,

79 1410 46 21 dels
148 1410 7 21 i
177 1410 67 27 högre
265 1416 58 21 goss-
339 1410 42 24 och
395 1409 129 26 flickskolor,
540 1409 47 22 dels
601 1409 8 21 i
625 1408 127 26 folkskolor,
764 1408 47 26 dels
827 1409 7 19 i

79 1445 85 27 privata
178 1445 57 21 hem.
266 1445 46 21 Den
327 1444 32 22 flit
375 1446 26 20 de
416 1440 111 26 utvecklat
543 1444 40 22 och
599 1445 41 21 den
656 1444 113 27 framgång
784 1444 50 20 med

147 1485 99 19 Allmänna
259 1484 173 20 Besvärsutskottets
442 1484 110 18 betänkande
564 1484 37 18 N:o
612 1484 32 17 24.
