1061 1656
297 123 245 23 Petitionsbetänkande
556 123 36 22 N:o
608 122 20 24 6.
830 124 13 20 5

152 182 65 27 Ännu
239 188 35 21 må
297 186 123 28 anmärkas,
436 188 33 20 att
491 186 209 28 petitionsförslaget
720 187 25 21 så
760 186 84 28 mycket

83 222 84 22 mindre
193 222 42 22 har
261 222 48 21 skäl
334 222 34 21 för
393 222 39 26 sig,
458 228 45 14 som
529 222 36 20 det
588 221 48 21 icke
658 228 72 14 vunne
751 220 94 28 tillämp-

84 257 52 27 ning
157 257 35 21 vid
215 258 69 21 andra
309 256 45 27 slag
370 256 24 21 af
407 256 191 26 läroinrättningar
614 257 27 20 än
657 255 142 27 fullständiga
814 255 30 27 ly-

85 298 57 19 ceer;
158 291 111 22 hvaremot
285 292 37 20 det
338 290 111 28 knappast
463 297 52 15 vore
530 290 108 21 utförbart
653 290 7 21 i
670 290 62 27 fråga
744 297 33 13 om
789 289 56 27 fyra-

88 326 41 20 och
152 326 132 26 tvåklassiga
302 324 198 26 elementarskolor,
519 324 6 21 i
541 324 110 22 anseende
670 324 34 21 till
720 325 40 20 där
774 323 70 22 starkt

84 360 97 21 rådande
196 360 186 26 vikariatssystem
399 359 41 21 och
456 360 63 20 dessa
534 358 82 22 skolors
632 359 62 27 ringa
704 358 139 22 lärareantal.

85 394 30 21 På
138 395 71 26 grund
231 394 25 21 af
275 394 58 21 hvad
355 394 39 20 här
417 394 64 21 ofvan
505 393 83 22 anförts
611 393 33 21 får
659 393 107 21 utskottet
781 392 64 21 alltså

85 429 111 20 vördsamt
211 428 90 21 föreslå:

362 493 34 20 att
409 491 146 26 förevarande
570 489 218 29 petitionsmemorial
801 489 44 22 icke

292 526 36 21 må
351 526 54 27 från
424 526 137 22 Ständernas
576 525 48 22 sida
639 524 117 28 föranleda
770 524 75 28 någon

293 561 84 28 åtgärd.

156 635 143 28 Helsingfors,
322 635 121 22 Allmänna
466 635 199 22 Besvärsutskottet
686 635 40 20 den
751 634 14 21 4
788 633 57 21 Mars

89 670 61 21 1891.

156 755 10 21 I
174 756 41 21 den
224 756 87 27 slutliga
319 756 160 27 behandlingen
489 757 24 20 af
521 757 59 20 detta
592 756 80 21 ärende
682 755 65 22 hafva
755 753 91 27 deltagit

88 789 145 22 ordföranden
249 791 99 27 Ramsay,
364 791 157 21 ledamöterne:
533 791 24 20 K.
569 790 24 21 G.
604 790 20 21 J.
636 789 126 24 Grotenfelt,
773 788 73 22 Nord-

87 824 61 25 lund,
164 824 66 28 Bäck,
246 825 116 25 Melander,
378 825 113 28 Bergroth,
508 825 112 27 Sundvall,
637 824 61 26 Lille,
714 823 79 26 Lindh,
805 822 41 27 Ny-

87 858 58 27 berg,
163 858 90 29 Ojanen,
269 859 117 22 Danielson
403 860 40 21 och
459 859 87 22 Bremer
557 862 56 19 samt
624 859 177 28 suppleanterne:
812 857 34 20 Ti-

87 893 103 26 gerstedt,
208 893 146 28 Wasastjerna
370 894 39 21 och
425 894 111 21 Punttala.

160 1469 99 18 Allmänna
271 1469 172 18 Besvärsutskottets
455 1469 110 18 betänkande
578 1470 36 18 N:o
626 1471 17 16 4.
