1067 1675
303 111 252 22 Motionsbetänkande
570 111 41 23 N:o
625 112 22 21 6.
767 135 2 4 .
795 112 27 21 45

229 180 47 19 eller
290 180 146 24 maltdrycker,
452 179 46 20 eller
521 185 81 14 annars
617 178 46 21 låtit
677 180 69 20 oskick
761 180 34 19 vid
808 180 44 24 för-

231 213 118 25 säljningen
363 214 86 20 komma
464 214 31 24 sig
511 214 28 19 till
554 214 45 20 last.

449 300 12 22 S
472 300 24 22 6.

302 351 123 19 Tillverkare
448 351 25 25 af
495 351 34 19 vin
553 352 47 19 eller
615 356 74 14 annan
705 356 86 20 svagare
806 356 45 14 rus-

230 386 70 24 dryck,
325 391 45 14 som
395 386 34 19 vid
453 386 76 19 handel
551 386 99 25 försäljer
677 385 46 20 eller
747 386 105 20 utlemnar

229 420 82 19 mindre
326 421 28 18 än
371 420 29 19 till
415 420 130 25 försäljning
560 420 109 25 medgifvet
683 420 78 20 minsta
775 420 75 25 belopp,

232 454 41 20 böte
285 455 68 24 första
374 454 83 25 gången
473 454 52 26 från
541 455 35 19 och
591 455 48 19 med
655 454 101 26 tjugufem
771 455 29 19 till
815 455 35 19 och

228 489 48 19 med
291 489 181 25 etthundrafemtio
487 490 63 19 mark
568 490 37 19 och
620 490 70 18 andra
705 488 82 26 gängen
799 488 52 25 frän

230 524 35 19 och
283 524 47 19 med
345 524 112 25 sjuttiofem
472 524 29 19 till
523 524 36 20 och
581 524 48 20 med
649 524 114 19 trehundra
781 523 69 20 mark.

231 558 51 20 Sker
297 558 32 20 det
344 558 63 25 tredje
429 558 82 25 gången
534 559 46 20 eller
603 559 71 25 oftare,
691 564 49 14 vare
755 558 32 20 bot
798 556 53 27 från

229 593 35 19 och
287 593 47 19 med
356 593 180 25 etthundrafemtio
560 593 29 20 till
612 594 35 19 och
663 593 46 20 med
723 593 127 25 femhundra

229 628 70 19 mark.

296 663 122 18 Fördristar
443 663 32 24 sig
497 661 76 26 nägon,
589 663 30 19 att
633 662 56 25 sälja
704 663 35 18 vin
753 662 47 19 eller
815 667 35 14 an-

228 702 44 14 nan
296 702 87 19 svagare
408 697 109 25 rusdryck,
535 698 52 19 utan
613 698 34 23 att,
659 696 32 25 pä
705 698 41 19 sätt
760 697 7 19 i
782 697 68 19 denna

226 732 125 24 förordning
365 732 92 25 stadgas,
473 737 53 15 vara
541 732 67 19 dertill
623 732 120 25 berättigad,
755 731 41 20 böte
806 737 44 14 som

228 767 62 24 ofvan
305 767 56 24 sagts
377 767 35 19 och
427 772 50 15 vare
492 767 73 20 derhos
580 767 58 19 alltid
653 767 45 19 hela
714 767 32 19 det
760 766 36 19 hos
811 766 39 19 den

229 801 101 24 brottslige
345 801 134 24 öfverkomna
493 800 76 26 förråd
584 801 26 25 af
623 801 38 20 slik
671 807 53 14 vara
730 801 63 24 jemte
804 800 46 20 kärl

225 835 106 24 förbrutet.

297 870 76 24 Bryter
388 869 71 25 någon
473 871 43 18 mot
528 870 95 25 förbudet
638 870 8 19 i
667 870 6 22 $
692 870 8 18 4
708 870 63 19 mom.
780 870 19 23 3,
809 869 41 19 böte

224 904 69 24 första
313 903 84 25 gången
419 903 54 26 från
498 904 35 20 och
560 905 48 19 med
638 904 100 25 tiugufem
761 904 29 19 till
814 904 36 18 och

227 938 47 19 med
296 938 111 25 sjuttiofem
432 939 63 19 mark
525 939 36 19 och
581 938 93 25 följande
696 937 79 25 gånger
797 937 53 25 från

228 973 35 19 och
278 973 47 19 med
347 973 71 25 femtio
443 973 29 19 till
487 974 36 19 ooh
537 973 48 19 med
607 973 84 19 hundra
706 973 69 19 mark.
805 972 45 20 Den

228 1012 44 14 som
297 1007 63 25 tredje
384 1006 82 26 gängen
491 1008 84 19 dermed
600 1007 97 25 beträdes,
727 1012 48 14 vare
797 1007 53 19 dess-

226 1042 57 18 utom
297 1042 33 19 sin
343 1042 182 24 försäljningsräti
538 1042 103 24 förlustig.

301 1076 79 19 Varder
404 1075 76 25 någon,
497 1076 81 20 hvilken
603 1076 63 20 idkar
683 1076 129 25 försäljning
826 1076 26 24 af

229 1110 58 19 viner
302 1110 47 20 eller
373 1110 70 20 andra
469 1116 87 19 svagare
579 1110 132 26 rusdrycker,
731 1110 118 25 förvunnen

229 1149 33 15 om
278 1146 31 18 att
323 1145 7 19 i
342 1145 99 24 förening
463 1145 84 20 dermed
569 1145 51 20 idka
643 1145 65 25 oloflig
721 1145 128 25 försäljning

227 1179 25 25 af
265 1179 95 25 bränvin,
376 1180 75 23 dömes,
467 1181 57 18 utom
539 1180 29 19 till
578 1180 69 24 derför
657 1180 98 24 stadgadt
763 1184 85 19 ansvar,

226 1214 32 19 sin
281 1213 182 26 försäljningsrätt
487 1215 48 24 efter
561 1214 69 19 denna
651 1214 124 25 förordning
806 1213 42 25 för-

226 1247 68 25 lustig.

448 1328 12 23 $
476 1329 19 19 7.

293 1385 68 25 Böter,
377 1391 44 13 som
447 1386 38 19 äro
507 1384 91 21 ådömda
614 1385 61 24 enligt
689 1385 69 20 denna
769 1384 79 25 förord-

157 1428 189 18 Ekonomiutskottets
359 1428 120 18 betänkande
492 1429 35 17 N:o
538 1429 17 17 5.
