1067 1664
235 117 13 20 2
333 116 84 22 Ständ.
432 117 54 21 Pet.
503 129 27 2 —
547 116 172 23 Petitionsbet.
735 115 46 23 N:o
798 115 35 22 12.

207 179 42 21 den
264 179 7 20 i
286 179 79 28 nådiga
379 179 152 28 förordningen
550 179 42 21 den
616 180 26 20 23
658 179 92 28 Augusti
773 179 54 21 1883
848 177 114 22 faststälda

207 215 49 24 stat,
271 212 133 29 kollegernas
420 213 94 28 aflöning
529 213 56 22 dock
600 213 52 28 föga
666 213 82 21 berörts
764 212 62 21 häraf
841 215 55 18 samt
915 212 47 21 der-

208 247 35 21 för
257 247 133 21 fortfarande
405 247 80 22 företer
500 247 36 21 det
551 247 192 26 missförhållande,
759 249 31 18 att
812 246 97 21 bemälde
932 247 30 20 lä-

207 289 47 13 rare
270 281 89 21 oaktadt
373 281 156 28 ansträngande
545 281 73 21 arbete
633 281 48 22 icke
696 281 67 21 hafva
778 281 32 20 sin
825 281 96 20 utkomst
940 280 22 21 af

208 315 70 21 lönen.
308 315 49 22 Och
371 315 38 21 har
423 317 7 19 i
446 315 115 28 anledning
576 315 62 21 häraf
653 315 36 22 det
703 315 82 28 förslag
804 315 72 21 blifvit
899 315 63 20 fram-

209 349 72 26 stäldt,
291 352 32 18 att
337 349 132 28 kollegernas
485 349 38 21 vid
538 349 242 22 elementarläroverken
795 349 167 28 löneförhöjnin-

209 391 39 20 gar
262 383 66 21 måtte
343 383 103 22 beräknas
463 383 55 22 cfter
532 391 80 13 samma
627 383 93 28 grunder
735 391 45 13 som
796 383 137 21 lektorernas.

279 417 74 28 Enligt
367 425 29 13 nu
410 417 98 28 gällande
524 418 171 27 aflöningsstater
710 417 35 21 för
768 417 82 21 landets
873 417 90 21 elemen-

210 451 132 21 tarläroverk
357 451 127 22 tillkommer
498 452 124 27 kollegerna
638 451 37 22 vid
689 452 72 28 lyceer
776 451 40 22 och
839 451 125 21 elementar-

211 485 72 22 skolor
298 485 107 28 periodisk
420 486 214 28 arvodesförhöjning
649 486 23 21 af
687 487 41 20 600
743 486 60 21 mark
819 485 55 22 efter
897 487 18 25 5,
932 486 32 25 10,

211 521 26 20 15
253 520 41 21 och
310 521 26 20 20
352 519 34 22 års
401 521 70 27 tjenst,
487 521 51 20 eller
553 520 154 28 sammanlagdt
723 521 62 26 2,400
796 520 65 21 mark.
887 520 77 20 Derest

210 554 135 27 kollegernas
360 554 166 29 arvodestillägg
542 555 66 28 enligt
626 555 65 21 ofvan
713 554 91 21 anförda
826 554 81 28 förslag
928 553 36 21 be-

210 588 106 21 räknades
338 588 55 21 efter
413 596 79 14 samma
512 589 93 27 grunder
626 596 45 14 som
694 589 138 25 lektorernas,
850 589 51 20 eller
916 587 48 21 med

211 623 42 20 800
275 622 60 21 mark
358 622 54 21 efter
435 624 18 25 5,
476 624 26 20 10
525 623 40 21 och
583 624 25 20 15
624 623 33 21 års
672 622 117 29 tjenstetid,
804 622 24 22 så
843 622 79 21 erhölle
938 629 25 13 en

211 656 85 28 kollega
311 656 49 21 med

270 708 41 20 5—
327 708 12 20 9
354 708 102 28 tjensteår
492 709 41 21 800
548 708 60 21 mark
624 709 6 19 i
646 708 71 21 stället
731 707 36 21 för
803 708 41 21 600
860 707 65 26 mark,

256 742 84 21 10—14
402 759 11 9 =»
472 744 60 25 1,600
571 759 11 10 ,
675 759 11 9 »
739 758 12 10 »
780 743 59 25 1200
883 758 11 10 ,

256 777 84 20 15—19
403 793 11 10 ”
472 778 61 24 2,400
572 793 12 10 »”
677 792 11 11 ”
741 792 11 10 ”
780 777 59 25 1,800
884 792 11 10 ”

211 826 113 22 hvaremot
348 827 54 21 efter
426 827 116 29 uppnädda
566 828 27 20 20
618 826 102 30 tjensteär
737 826 199 29 löneförhöjningen
959 827 6 20 i

212 861 115 22 hvartdera
341 861 61 21 fallet
416 861 84 21 komme
515 864 32 18 att
561 863 76 27 utgöra
652 862 60 26 2,400
727 861 67 21 mark.

281 895 13 21 I
309 895 42 22 den
365 896 68 20 första
447 895 225 29 tjensteärskategorin
687 895 154 28 ifrägakomme
857 894 61 22 alltsä
939 894 27 29 pä

213 929 73 29 hvarje
308 930 86 28 kollega
416 937 26 13 en
464 930 215 28 budgetsförhöjning
701 930 23 20 af
747 930 40 21 200
810 929 65 27 mark,
896 930 6 20 i
925 929 41 21 den

213 963 68 21 andra
295 964 23 20 af
333 965 41 20 400
390 964 59 20 mark
465 964 40 21 och
519 964 8 20 i
542 963 42 21 den
598 963 68 29 tredje
681 963 24 21 af
720 964 41 20 600
777 963 65 21 mark.
871 963 44 21 För
936 965 31 19 att

213 997 74 21 kunna
302 998 115 28 uppskatta
432 998 42 21 den
489 998 95 28 stegring
598 998 8 21 i
620 998 108 27 budgeten
744 997 34 21 för
792 997 83 21 landets
891 997 76 21 under-

213 1031 199 29 visningsväsende,
428 1040 46 13 som
488 1032 23 21 af
526 1032 152 28 förändringen
693 1031 132 29 betingades,
843 1031 66 22 hafva
931 1031 37 21 be-

213 1066 116 28 räkningar
344 1066 95 26 anstälts,
454 1066 78 26 hvilka,
548 1066 77 21 stödda
640 1066 29 28 pä
687 1066 118 21 statistiska
827 1065 56 27 data,
904 1065 64 28 gifvit

214 1100 32 21 till
256 1100 95 26 resultat,
361 1102 32 19 att
407 1100 113 28 förslagets
536 1100 167 28 genomförande
718 1100 69 21 skulle
802 1100 49 28 höja
867 1099 101 21 skolbud-

213 1137 65 25 geten
294 1134 132 21 omedelbart
440 1134 48 21 med
504 1135 76 26 26,000
593 1136 12 19 a
618 1135 75 25 27,000
703 1134 60 21 mark
776 1134 41 21 och
832 1134 7 20 i
853 1133 115 21 framtiden

213 1168 50 21 med
278 1168 65 28 högst
358 1169 75 25 32,000
448 1168 66 21 mark.
543 1168 43 21 Om
602 1170 26 19 än
644 1168 65 28 nägot
723 1167 118 22 afvikande
863 1168 49 20 frän
927 1168 41 20 den

214 1202 87 28 vanliga
316 1210 88 13 normen
419 1202 34 22 för
464 1202 118 28 beräkning
596 1202 23 22 af
629 1202 199 28 arvodestilläggen,
839 1202 66 28 enligt
915 1202 54 22 hvil-

214 1237 42 21 ken
272 1236 70 28 dylikt
359 1236 75 28 tillägg
448 1236 62 28 utgär
528 1236 49 22 med
593 1238 27 20 20
635 1239 90 26 procent
740 1236 23 21 af
777 1236 140 28 grundlönen,
931 1236 38 21 har

214 1270 60 22 detta
289 1270 81 28 förslag
385 1270 126 28 förtjensten
527 1274 31 18 att
572 1271 74 21 lättast
660 1270 48 22 leda
723 1270 33 21 till
772 1278 26 13 en
809 1270 128 28 förbättring
947 1270 23 21 af

214 1305 135 27 kollegernas
367 1305 125 26 lönevilkor,
507 1307 51 18 utan
574 1307 32 18 att
620 1304 56 21 dock
691 1304 97 22 hvarken
803 1304 56 21 välla
880 1304 24 21 sä
925 1306 45 19 stor

213 1338 109 28 rubbning
337 1339 7 20 i
359 1338 137 22 läroverkens
511 1347 29 12 nu
554 1339 98 28 gällande
667 1341 66 18 stater
749 1338 51 21 eller
814 1338 28 28 pä
857 1337 60 28 längt
932 1339 38 20 när

213 1373 7 20 i
233 1380 82 13 samma
329 1372 52 28 grad
396 1373 94 28 betunga
505 1373 83 21 landets
604 1372 135 29 skolbudget,
750 1380 46 13 som
809 1379 27 14 en
847 1371 123 29 förhöjning

214 1407 24 21 af
252 1406 135 29 grundlönen
402 1407 68 21 skulle
485 1409 57 26 göra.
