1064 1675
759 127 25 19 19

410 191 29 19 49
455 189 19 29 &.

137 224 66 23 Efter
226 224 103 28 pröfning
351 224 25 22 af
397 225 27 22 de
439 224 195 28 petitionsförslag,
650 225 77 22 hvilka
742 225 75 22 blifvit

68 261 40 20 hos
132 260 42 21 Oss
195 260 135 27 framstälda,
345 260 68 22 hafva
427 260 35 27 Vi,
477 261 29 26 på
521 260 72 27 grund
609 260 24 21 af
647 260 47 21 dels
711 260 104 21 ståndens

69 295 118 28 enhälliga,
211 295 48 22 dels
281 298 35 19 tre
338 295 77 22 stånds
439 295 232 22 sammanstämmande
687 296 79 27 beslut,
783 295 32 22 uti

69 331 111 21 särskilda
189 331 150 27 underdåniga
350 331 132 22 skrifvelser
491 331 40 21 hos
542 331 61 21 Hans
614 331 125 27 Kejserliga
747 331 68 27 Maje-

69 368 46 19 stät
130 366 107 23 anhållit:

141 403 32 20 1:a
195 403 33 20 att
250 401 61 22 Hans
334 401 125 28 Kejserliga
479 401 110 28 Majestät,
605 401 38 22 vid
658 401 157 22 förordnandet

70 443 34 16 om
118 437 81 27 nödiga
214 437 110 22 lättnader
339 437 8 22 i
363 437 145 22 samfärdseln
522 437 80 22 mellan
613 437 154 27 Kejsardömet
777 437 40 21 och

69 472 102 28 Finland,
188 473 87 21 täcktes
290 473 49 21 med
353 473 154 22 bibehållande
523 472 24 21 af
561 473 42 21 den
618 479 78 20 genom
707 473 109 26 grundlag

70 507 117 23 faststälda
210 515 56 20 egna
288 507 163 28 förvaltningen
474 507 25 22 af
517 507 223 22 Storfurstendömets
764 508 52 21 tull-

69 546 76 25 väsen,
161 544 8 21 i
184 543 69 23 näder
268 543 93 22 förunna
375 543 108 23 Finlands
498 543 47 23 folk
561 545 34 20 att
609 543 137 23 fortfarande
761 549 54 17 vara

70 580 7 21 i
98 580 128 26 ätnjutande
242 579 24 21 af
279 586 27 15 en
322 580 57 22 efter
394 580 51 22 dess
460 580 69 22 behof
541 580 40 21 och
597 579 174 27 skatteförmäga
786 579 32 21 af-

70 615 81 26 passad
165 615 113 27 tulltariff;

140 652 34 19 2:a
189 652 32 20 att
237 650 38 22 vid
289 650 125 28 Kejserliga
427 650 139 22 Alexanders
581 650 173 22 universitetet
749 646 13 37 i
765 650 53 22 Hel-

71 685 96 27 singfors
189 686 68 21 mätte
277 686 94 22 inrättas
386 692 28 16 en
429 686 110 21 ordinarie
554 686 114 26 professur
683 686 8 21 i
706 686 112 21 romanisk

71 721 40 21 och
125 721 128 27 germanisk
269 721 92 27 filologi;

141 758 32 19 3:e
189 758 33 20 att
236 756 62 22 Hans
313 756 125 28 Kejserliga
452 756 105 28 Majestät
571 756 8 21 i
595 756 68 22 nåder
674 756 86 22 täcktes
771 756 47 21 låta

71 791 90 27 vidtaga
176 792 79 26 åtgärd
271 792 88 26 derhän,
373 794 33 19 att
416 792 165 26 undersökning
591 792 114 26 angående
715 792 28 21 de
753 792 63 20 miss-

74 825 158 28 förhållanden,
249 833 45 15 som
307 826 94 27 härflyta
411 827 25 21 af
444 827 164 27 emigrationen,
619 826 76 22 blefve
704 826 117 22 verkstäld

74 861 40 21 och
129 861 84 28 förslag
227 862 36 21 till
279 862 63 21 deras
357 861 140 28 afhjelpande
513 862 138 26 utarbetadt
643 857 12 36 ;

142 898 35 21 4:e
193 899 33 19 att
241 897 62 22 Hans
317 897 126 28 Kejserliga
457 897 104 28 Majestät
576 897 87 22 täcktes
679 897 8 21 i
701 897 69 22 nåder
780 897 40 26 pä-

73 931 66 28 bjuda
162 933 68 21 sädan
253 933 94 27 ändring
367 932 25 22 af
411 933 122 21 innehället
552 933 8 20 i
581 933 148 26 kungörelsen
745 933 43 21 den
805 934 11 19 7

73 967 44 27 Maj
135 969 63 26 1888,
215 969 33 20 att
263 968 72 21 lärare
350 968 55 21 eller
420 968 119 27 lärarinna,
555 973 45 16 som
611 968 7 21 i
630 967 68 28 öfrigt
708 967 114 28 uppfyller

73 1002 28 21 de
123 1003 8 20 i
153 1003 95 21 nämnda
269 1003 132 28 kungörelse
423 1003 118 22 faststälda
561 1003 160 27 fordringarna,
737 1003 83 27 finge
809 998 16 37 i

73 1037 104 22 afseende
193 1039 13 20 ä
221 1038 91 27 pension
327 1039 162 26 tillgodoräkna
504 1039 35 26 sig
548 1039 51 21 hela
609 1039 43 21 den
662 1038 33 21 tid
706 1039 42 20 han
759 1038 56 21 eller

73 1074 43 21 hon
138 1073 127 28 tjenstgjort
280 1074 37 21 vid
331 1074 74 27 privat
419 1074 111 27 läroverk,
548 1073 55 22 dock
618 1074 50 21 icke
683 1073 88 22 utöfver
786 1073 31 21 tio

73 1109 32 27 år,
129 1112 56 19 samt
209 1109 83 28 dervid,
314 1109 136 22 beträffande
465 1109 42 22 den
522 1109 9 21 i
546 1109 149 27 kungörelsen
710 1108 109 28 ingående

72 1145 168 27 bestämningen
255 1151 34 15 om
305 1145 82 22 antalet
402 1145 163 27 veckotimmar,
576 1145 99 21 beräkna
685 1144 65 22 äfven
762 1150 56 16 sam-

72 1180 57 27 tidig
143 1180 148 27 tjenstgöring
305 1180 38 21 vid
358 1180 110 22 särskilda
483 1181 88 26 skolor;

142 1218 33 19 5:e
199 1217 39 26 att,
258 1216 49 21 med
321 1216 94 27 ändring
430 1216 23 21 af
466 1216 194 26 bestämningarna
674 1216 9 20 i
698 1215 27 21 de
740 1220 78 22 genom

71 1251 82 27 nädiga
175 1250 156 28 förordningen
354 1250 25 22 af
398 1251 43 21 den
463 1253 28 19 23
515 1251 95 27 Augusti
628 1252 55 20 1883
700 1250 117 22 faststälda

72 1286 178 27 aflöningsstater
271 1286 35 21 för
325 1286 86 22 landets
427 1286 230 27 elementarläroverk,
673 1286 28 22 de
715 1286 104 26 tilläggs-

72 1322 103 27 arvoden,
191 1328 46 15 som
253 1321 57 22 efter
324 1322 61 21 vissa
399 1322 38 21 ärs
452 1321 113 27 oförvitlig
580 1321 69 27 tjenst
663 1321 96 21 tilldelas
771 1320 50 22 kol-

71 1357 51 27 lega
136 1357 38 21 vid
190 1357 230 27 elementarläroverk,
436 1357 85 21 komme
535 1358 33 20 att
578 1357 53 27 utgå
641 1356 50 22 med
702 1358 42 19 800
755 1355 64 21 mark

71 1391 58 22 efter
145 1394 20 25 5,
184 1393 26 20 10
227 1392 40 21 och
285 1393 25 20 15
325 1392 37 21 års
377 1392 84 27 tjenst;
