1067 1678
57 427 25 13 Br.
93 426 39 14 kom.
142 427 32 13 bet.

96 444 8 16 $
115 444 20 13 18.

58 971 26 13 Br.
95 971 40 14 kom.
145 971 30 14 bet.

97 989 8 16 $
116 989 20 12 16.

53 1006 63 13 Maitdr.
125 1006 11 13 f.
145 1006 8 16 $
163 1006 16 12 13

60 1063 22 13 Br.
97 1063 39 21 kom.
146 1063 30 13 bet.

86 1101 60 10 reserv.

48 1177 26 13 Br.
83 1176 41 14 kom.
130 1177 31 13 bet.
168 1177 16 16 5$

82 1195 13 14 4,
104 1194 22 13 14:
136 1195 14 12 2.

55 1211 61 14 Maltdr.
127 1211 11 14 f.
148 1211 8 16 $
165 1212 13 12 8.

56 1342 26 13 Br.
92 1342 40 13 kom.
143 1342 32 13 bet.

96 1359 8 16 $
124 1360 12 12 17.

61 1376 61 14 Maltdr.
132 1376 11 14 f.
154 1376 17 17 $$

126 1394 14 12 6.

229 126 25 19 10
403 124 253 23 Motionsbetänkande
672 125 41 23 N:o
729 126 21 21 6.

198 193 102 22 insjötrafik
320 194 33 18 och
371 194 76 18 sålunda
462 194 129 19 företrädesvis
607 195 66 23 anlöpa
688 195 79 24 bryggor
781 195 79 22 belägna
874 195 6 17 i
894 195 62 18 lands-

198 222 93 18 kommun.

268 249 19 20 3.
317 251 37 18 Vid
369 251 100 23 lägermöte
484 252 45 17 eller
544 253 33 17 der
591 254 56 21 trupp
663 254 20 16 är
697 252 29 18 för
740 253 43 18 flere
799 253 56 22 dagar
866 257 90 12 samman-

198 279 74 23 dragen,
295 280 30 17 mä
344 281 89 22 rättighet
451 281 29 17 till
495 281 223 23 rusdrycksutskänkning
732 281 40 18 icke
787 281 107 24 medgifvas,
910 283 47 15 samt

198 308 40 18 icke
260 309 58 18 heller
340 309 11 17 &
370 309 162 23 jernvägsstation,
555 310 76 17 såframt
649 311 41 17 icke
707 310 178 23 jernvägsstyrelsen
900 310 56 17 sådan

197 337 90 23 rättighet
301 338 96 23 tillstyrkt.

548 383 9 22 $
575 382 32 20 10.

270 428 17 20 1.
318 429 215 23 Utminuteringsrörelse
549 431 20 16 är
584 430 40 18 icke
640 430 124 18 underkastad
779 430 79 17 särskild
868 430 50 17 skatt
928 430 29 17 till

198 458 79 20 kronan;
294 458 15 22 ej
325 458 58 18 heller
397 458 30 18 må
441 458 86 18 kommun
542 458 64 23 påföra
621 458 52 24 dylik
688 459 68 17 rörelse
772 458 58 18 andra
844 458 78 23 afgifter,
933 460 23 16 än

198 486 73 23 vanliga
285 487 117 17 kommunala
417 487 100 23 utskylder.
540 488 87 17 Deremot
642 488 46 17 skall
703 488 64 17 idkare
781 487 20 18 af
814 488 143 22 utskänknings-

198 516 74 20 rörelse,
286 516 57 22 jemte
359 516 104 23 skyldighet
477 518 28 16 att
520 516 73 23 erlägga
609 516 116 18 kommunala
740 516 100 24 utskylder,
850 516 73 23 påföras
933 522 23 12 en

198 544 78 18 särskild
298 544 185 24 utskänkningsskatt
501 545 28 17 till
547 545 76 21 kronan,
639 545 54 17 hvars
708 546 67 22 belopp
791 545 31 17 vid
838 545 118 17 meddelande

198 573 20 17 af
237 573 224 23 utskänkningsrättighet
483 574 6 17 i
509 574 40 17 stad
569 574 24 22 på
607 574 69 22 förslag
691 574 20 17 af
723 574 119 22 magistraten
857 574 99 17 fastställes

198 602 20 17 af
237 602 140 23 länestyrelsen.
408 603 37 17 Der
462 602 173 23 utskänkningsrätt
649 603 24 22 på
687 602 64 18 landet
765 603 46 17 eller
825 603 6 17 i
846 602 68 24 köping
929 603 26 17 uti

198 630 22 18 de
243 631 6 17 i
268 630 10 22 $
299 630 11 18 7
327 630 119 19 omförmälda
461 632 31 17 fall
506 632 98 21 meddelas,
619 632 111 17 bestämmes
745 631 76 23 afgiften
836 631 61 18 derför
909 631 46 23 jem-

197 660 30 16 väl
243 659 20 17 af
275 660 139 22 länestyrelsen.

268 685 19 20 2.
317 688 212 23 Utskänkningsskatten
551 689 46 17 skall
620 688 116 18 förskottsvis
758 688 28 18 för
804 688 62 23 hvarje
884 689 71 22 gvartal

198 717 91 17 inbetalas
304 717 28 17 till
348 717 80 18 kronans
443 717 136 23 uppbördsman
593 717 11 17 å
619 719 54 16 orten
688 717 34 18 och
737 717 112 18 inlevereras
863 717 20 18 af
888 717 66 18 honom

197 745 29 17 till
248 745 148 18 landtränteriet.
427 746 33 17 Om
483 746 40 17 icke
545 746 52 23 afgift
614 746 7 17 i
635 746 120 18 föreskrifven
770 746 27 17 tid
812 745 61 18 blifvit
887 746 67 23 erlagd,

198 773 34 18 och
254 775 197 22 utskänkningsrätten
471 775 6 17 i
494 775 45 22 följd
554 775 21 17 af
586 775 95 23 upprepad
697 775 56 18 sådan
768 775 136 17 uraktlätenhot
919 775 35 17 för-

198 803 80 21 verkats,
293 803 34 18 bör
342 803 75 22 afgiften
432 803 28 18 för
475 805 80 16 närmast
570 803 81 23 följande
667 804 71 23 gvartal
753 803 56 18 likväl
824 805 78 20 uttagas.
921 803 33 18 Af-

197 831 58 22 giften
270 831 29 18 för
313 831 56 18 sådan
385 832 80 23 tillfällig
479 832 178 23 utskänkningsrätt,
672 838 39 12 som
724 833 6 16 i
741 831 9 22 $
762 831 11 18 9
785 833 112 23 omnämnes,
909 833 46 16 skall

198 860 83 23 erläggas
301 861 24 22 pä
349 861 33 21 tid,
405 867 39 12 som
466 861 20 17 af
505 861 132 23 länestyrelsen
657 861 28 18 för
699 861 62 22 hvarje
777 861 87 18 särskildt
878 861 32 18 fall
925 861 30 18 be-

198 890 93 16 stämmes.

548 929 9 22 $
576 929 31 19 11.

269 973 18 19 1.
318 975 123 23 Maltdrycker
455 975 34 18 och
505 976 56 21 viner,
580 981 38 12 som
634 976 29 17 till
679 976 38 17 salu
733 975 64 22 hållas,
813 975 29 17 mä
857 975 41 18 icke
913 981 43 11 vara

197 1003 78 17 försatta
294 1004 41 17 med
351 1004 56 22 några
422 1004 27 17 för
464 1004 62 17 helsan
542 1004 82 22 skadliga
639 1006 71 19 ämnen,
726 1004 146 22 maltdryckerna
888 1003 15 23 ej
919 1003 37 17 hel-

197 1032 28 17 ler
240 1032 104 22 bemängda
358 1032 41 18 med
415 1032 78 18 bränvin
508 1033 45 17 eller
568 1038 60 12 annan
644 1032 109 24 spritdryck.

268 1058 19 20 2.
310 1061 58 18 Dessa
383 1061 76 23 drycker
474 1061 29 18 mä
518 1061 39 18 icke
572 1061 84 24 försäljas
671 1063 56 16 annat
743 1063 22 16 än
781 1061 95 18 förvarade
887 1061 5 17 i
902 1061 54 23 fylda,

198 1089 61 18 slutna
281 1090 40 17 kärl
344 1090 85 17 försedda
450 1090 42 17 med
513 1091 72 20 otikett,
607 1090 96 18 utvisande
723 1090 28 17 för
770 1090 94 17 inhemska
880 1089 76 24 drycker

198 1117 94 18 fabrikens
314 1125 55 11 namn
389 1121 48 15 samt
455 1125 65 11 varans
535 1122 29 14 art
579 1119 33 18 och
628 1119 147 22 alkoholmängd,
790 1119 28 17 för
832 1118 40 18 från
887 1118 69 17 utrikes

198 1149 30 15 ort
242 1147 78 21 införda,
336 1149 75 16 namnet
425 1147 24 24 pä
464 1147 31 18 det
510 1147 116 21 bandelshus,
641 1153 39 12 som
695 1147 99 23 ombesörjt
808 1147 98 23 importen.

268 1175 19 18 3.
318 1176 29 17 Då
369 1176 52 17 dessa
439 1176 76 23 drycker
530 1176 83 23 försäljas
628 1177 5 16 i
649 1176 124 23 glasbuteljer,
789 1176 29 17 mä
833 1175 81 23 buteljen
930 1176 26 17 in-

198 1203 73 18 nehälla
293 1205 57 17 minst
371 1204 23 21 !/,
416 1205 47 21 liter,
486 1205 23 17 då
531 1205 22 17 de
573 1205 84 22 försäljas
676 1205 5 17 i
701 1205 58 17 andra
773 1205 40 17 kärl
828 1205 47 17 skall
890 1205 67 16 minsta

197 1233 98 22 mängden,
311 1239 38 12 som
365 1233 27 18 får
406 1233 89 23 försäljas,
510 1235 65 21 utgöra
591 1232 11 19 2
612 1233 21 22 1/,
648 1233 47 18 liter.

548 1295 9 22 $
576 1294 32 20 12.

270 1340 19 18 1.
312 1341 127 17 Minuthandel
455 1342 41 16 med
511 1347 76 17 svagare
598 1342 108 22 rusdrycker
716 1342 45 16 eller
772 1341 125 23 utskänkning
907 1341 52 17 deraf

197 1369 30 17 mä
242 1369 16 23 ej
275 1369 53 18 idkas
343 1370 11 16 &
370 1372 56 15 annat
441 1371 23 16 än
479 1370 61 18 derför
555 1370 93 18 bestämdt
657 1370 60 21 ställe,
728 1376 39 12 som
778 1370 34 18 bör
822 1376 43 11 vara
876 1370 82 17 utmärkt

197 1398 42 17 med
255 1398 54 22 skylt,
326 1398 56 18 hvarä
397 1398 87 23 säljarens
499 1404 54 12 namn
568 1399 59 17 finnes
642 1398 97 24 anbragdt.

267 1440 189 19 Ekonomiutskottets
469 1441 118 18 betänkande
598 1441 36 18 N:o
646 1442 17 17 5.
