1064 1664
209 149 82 22 Ständ.
309 149 53 22 Pet.
380 163 27 2 —
423 149 174 22 Petitionsbet.
613 149 45 22 N:o
674 149 34 22 17.
795 151 11 18 3

80 220 81 13 summa
176 213 7 20 i
199 211 133 22 förhållande
347 212 32 21 till
394 211 103 22 Finlands
514 219 94 14 resurser
622 213 22 20 är
654 211 123 29 betydande
787 219 48 20 nog,

80 249 118 19 motsvarar
221 245 40 22 den
284 245 56 22 dock
362 246 52 28 föga
437 245 27 22 de
487 246 153 29 uppoffringar,
663 254 45 13 som
727 246 27 21 de
775 246 60 21 flesta

80 280 174 29 vesteuropeiska
269 283 65 18 stater
350 280 71 21 ikläda
437 281 33 27 sig
484 280 34 21 för
534 280 26 21 de
576 281 145 28 sinnessjukas
738 280 59 22 vård.

147 315 103 28 Följande
272 315 120 28 procenttal
408 316 36 19 äro
460 314 82 29 egnade
558 317 32 18 att
604 315 99 28 klargöra
717 315 118 20 relationen

80 349 77 21 mellan
172 349 92 21 Finland
279 349 40 20 och
334 349 98 20 utlandet
447 349 7 20 i
470 349 59 21 detta
539 349 128 21 hänseende.
692 349 90 21 Antalet
792 349 43 20 sin-

80 383 107 28 nessjuka,
202 391 44 13 som
262 383 80 21 erhöllo
358 383 53 21 värd
426 384 7 19 i
450 383 96 28 offentlig
562 383 84 27 anstalt,
661 383 98 28 utgjorde
774 384 6 19 i
792 383 43 20 för-

81 417 99 21 hällande
195 417 32 20 till
242 417 48 21 hela
304 417 80 21 antalet
399 417 63 21 därar

81 474 66 21 redan
163 474 23 21 år
202 475 64 20 1884:
282 475 6 20 i
304 474 88 28 Sverige.
419 491 9 4 .
446 491 3 4 <
476 491 93 4 essee
585 491 104 4 sasaas
705 490 24 5 sn
753 475 28 20 24

819 488 17 13 lo

285 509 6 20 i
306 509 73 27 Norma
404 525 24 4 se
444 524 285 5 sesasamomisisan
753 509 26 20 32
811 524 11 11 »

285 543 7 20 i
307 543 109 21 Danmark:
441 559 7 4 s
465 559 104 5 sussa
585 559 144 4 sstaisan
753 544 26 19 56
812 559 11 10 »

285 577 7 20 i
306 577 100 27 England
422 593 305 5 .......sss
622 573 51 35 sor
681 573 10 35 c
698 573 32 35 cs
751 578 44 25 61,5
812 592 11 11 »

82 618 49 14 men
156 611 23 21 år
205 612 52 20 1891
285 612 7 20 i
307 610 93 22 Finland
422 627 105 5 ......
582 626 145 6 ss.
752 611 42 26 125
812 626 11 10 »

83 645 40 21 och
139 645 95 21 kommer
248 648 31 18 att
293 646 81 26 utgöra,
385 644 26 22 dä
424 645 110 27 Fagernäs
544 644 74 22 blifvit
630 644 99 22 fullstän-

152 679 51 29 Aiöt
230 696 96 4 ams:
342 696 25 4 RA
382 696 25 4 RR
422 674 23 38 RT
456 696 12 4 GM
484 695 244 5 MINIMI
641 674 90 38 iStä?
753 680 41 26 ITA
812 695 11 10 »

83 716 55 19 samt
153 714 56 20 efter
223 713 123 29 öppnandet
361 713 23 21 af
398 713 145 21 Tammerfors
559 713 88 28 sjukhus
664 729 64 5 ....
751 714 44 25 244
812 728 11 11 ,

83 754 59 20 detta
157 754 38 20 allt
210 753 47 21 med
272 753 160 28 förutsättning,
447 755 32 19 att
494 753 100 21 därarnas
610 753 57 21 antal
683 753 48 21 icke
741 753 97 21 kommer

83 790 32 19 att
129 788 127 21 nämnvärdt
271 788 51 20 ökas
338 787 86 22 utöfver
440 787 36 21 det
492 788 58 20 antal
565 787 23 21 af
603 787 98 28 omkring
715 788 69 26 4,120,
792 794 46 14 som

83 822 120 29 uppgifvits
219 822 33 21 för
268 822 22 21 är
307 823 60 20 1880.

151 856 80 22 Härtill
248 856 96 21 kommer
359 858 62 24 ännu,
437 858 32 19 att
484 856 41 22 den
541 856 297 28 öfvervakningsskyldighet,

84 898 45 14 som
151 892 7 19 i
175 890 153 28 förordningen
348 890 42 21 den
406 892 26 20 28
448 890 46 29 Maj
511 892 54 20 1889
582 890 109 28 angäende
708 890 80 22 värden
805 897 34 14 om

84 925 134 28 sinnessjuke
238 926 6 20 i
265 924 59 22 detta
339 924 102 22 afseende
457 924 113 22 ähvälfves
586 924 253 22 kommunalnämnderna

84 959 28 29 pä
133 959 74 21 landet
228 959 40 21 och
283 959 183 29 polismyndighet
480 960 8 20 i
503 959 54 27 stad,
572 959 68 21 under
655 958 124 22 nuvarande
794 958 44 21 för-

83 993 114 22 hällanden
213 994 17 28 ej
247 993 41 21 kan
304 993 28 28 pä
348 995 30 19 ett
395 993 198 21 tillfredsställande
605 995 42 19 sätt
657 993 69 28 fyllas,
737 992 102 22 särskildt

83 1028 7 20 i
105 1027 84 21 landets
204 1028 96 27 nordliga
316 1027 64 26 delar,
396 1027 38 21 der
449 1027 165 29 befolkningens
630 1027 114 28 fattigdom
761 1027 40 21 och
811 1026 27 22 de

83 1062 122 28 betydande
226 1062 114 21 afständen
360 1062 48 20 frän
424 1062 186 21 värdanstalterna
624 1063 7 19 i
647 1062 63 21 södra
725 1062 41 20 och
781 1063 58 19 östra

83 1096 92 21 Finland
191 1098 51 26 göra
258 1096 26 21 de
300 1096 145 28 sinnessjukas
461 1096 153 28 gvarhällande
630 1097 7 20 i
652 1096 98 21 hemmen
765 1096 32 20 till
813 1103 26 13 en

84 1130 166 28 nödvändighet.

153 1164 67 22 Detta
239 1164 131 22 sistnämnda
390 1164 134 21 förhållande
543 1164 37 21 har
595 1164 77 28 jemväl
687 1164 65 28 gifvit
767 1163 72 22 anled-

83 1200 53 26 ning
158 1199 31 21 till
213 1202 31 18 ett
265 1199 57 21 inom
344 1198 165 22 Bondeständet
527 1198 37 22 vid
579 1198 144 22 innevarande
738 1198 103 28 landtdag

84 1233 122 21 framstäldt
221 1232 182 29 petitionsförslag
419 1232 80 27 derom,
510 1235 31 19 att
556 1240 26 14 en
598 1232 125 28 fullständig
738 1232 50 21 kur-
800 1232 41 21 och

84 1266 135 22 värdanstalt
232 1266 78 27 blefve,
326 1267 24 21 sä
366 1269 58 19 snart
435 1274 46 14 som
492 1267 87 28 möjligt,
589 1266 93 22 inrättad
691 1267 58 21 inom
757 1266 84 21 Musta-

85 1302 55 20 saari
156 1301 79 21 socken
251 1301 23 21 af
288 1301 66 21 Wasa
369 1301 41 20 län.

154 1335 74 27 Äfven
244 1340 119 22 Ständerna
378 1347 50 14 anse
445 1340 159 21 ofvanberörda
614 1340 182 28 omständigheter
803 1339 38 29 pä-

85 1375 57 21 kalla
157 1383 26 13 en
199 1375 121 28 ytterligare
335 1375 116 28 förökning
466 1374 24 21 af
506 1375 80 20 antalet
600 1375 128 28 sjukplatser
739 1375 7 20 i
757 1373 84 22 landets

85 1409 246 28 därvärdsinrättningar
346 1409 86 26 derhän,
441 1411 31 19 att
488 1409 6 20 i
510 1416 26 14 en
552 1416 48 14 snar
615 1409 86 20 framtid
712 1408 129 21 ätminstone

87 1445 27 20 30
130 1446 89 27 procent
234 1443 22 22 af
271 1443 133 21 totalantalet
420 1443 63 22 därar
498 1444 6 20 i
520 1443 72 21 landet
608 1443 71 21 kunde
694 1443 90 21 beredas
800 1443 41 20 till-
