1067 1661
300 137 244 23 Petitionsbetänkande
560 138 36 22 N:o
612 137 31 23 14.
808 140 12 20 9

352 355 229 28 Reservationer.

461 432 15 19 I.

162 482 112 23 Utskottet
289 481 91 24 känner,
397 484 33 19 att
445 482 76 28 frägan
531 490 34 14 om
576 483 134 20 inrättandet
721 481 25 22 af
754 488 26 15 en
792 481 62 21 finsk-

98 518 90 29 spräkig
203 516 153 22 handelsskola
371 517 6 20 i
394 517 144 21 Tammerfors
549 517 35 22 vid
596 517 55 22 1885
662 517 34 21 ärs
708 517 148 20 ständermöte

96 553 20 27 ej
132 553 74 20 kunde
228 551 22 21 få
272 551 96 27 behöflig
390 552 109 27 majoritet
520 551 34 21 för
576 552 32 26 sig
626 551 96 21 hvarken
737 551 59 20 inom
811 550 43 20 All-

97 588 81 20 männa
193 585 199 21 Besvärsutskottet
407 585 52 22 eller
474 586 58 21 inom
547 585 69 22 första
631 585 40 21 och
686 585 69 27 tredje
769 585 87 20 ständet

96 620 180 26 hufvudsakligen
292 620 25 21 af
330 620 41 21 den
387 620 70 26 orsak,
474 623 32 18 att
521 627 51 14 man
583 620 67 26 ansåg
662 620 68 26 ,intet
741 619 48 21 skäl
800 618 54 22 före-

99 656 58 26 ligga
172 657 33 19 att
220 654 92 27 betvifla,
329 655 37 20 det
380 654 48 22 icke
444 654 117 28 Styrelsen,
582 655 24 21 sä
622 657 59 19 snart
695 653 160 28 finskspräkiga

98 690 73 21 skolor
186 696 77 20 genom
279 688 108 22 enskildes
402 690 102 26 ätgärder
520 689 84 21 komme
620 689 32 21 till
668 689 70 25 ständ,
755 694 50 15 vore
820 688 34 20 be-

99 725 70 26 nägen
193 725 33 18 att
244 724 49 19 med
309 723 73 26 nödigt
399 724 118 20 understöd
534 724 103 27 betrygga
653 724 73 20 dessas
742 722 114 21 existens*.

100 757 34 22 Nu
150 757 40 21 har
204 757 7 20 i
226 756 145 21 Tammerfors
386 763 26 14 en
428 757 59 28 dylik
502 757 62 22 skola
584 757 89 21 kommit
693 757 33 20 till
741 757 64 20 ständ
820 763 34 20 ge-

96 793 52 20 nom
164 791 109 22 enskildes
296 791 134 27 ätgöranden
452 792 41 21 och
516 793 107 26 mängden
646 792 24 21 af
683 793 27 20 de
725 791 131 21 inträdessö-

100 826 74 21 kande
189 826 40 20 har
244 826 104 27 betydligt
364 825 120 28 öfverstigit
506 827 36 20 det
562 827 60 20 antal
637 826 24 21 af
673 827 35 24 30,
723 832 45 14 som
784 825 73 21 kunde

104 862 126 25 emottagas,
254 860 40 21 och
315 860 55 21 dock
390 867 64 15 anser
471 860 109 22 Utskottet
594 861 32 27 sig
641 860 47 22 icke
704 860 52 21 böra
772 860 86 20 förorda

104 896 40 20 den
161 895 91 27 petition
268 902 33 14 om
317 895 119 21 understöd
456 896 23 20 ät
497 896 72 20 denna
587 895 67 25 skola,
670 902 45 14 som
731 895 7 20 i
754 894 104 27 Borgare-

100 930 86 20 ståndet
202 929 122 25 inlemnats,
340 929 69 21 ehuru
425 930 36 20 det
477 930 58 27 sjelft
554 931 12 20 å
581 936 49 21 pag.
647 931 11 20 7
675 930 63 26 säger
755 930 36 20 det
806 935 52 14 vara

100 964 141 28 synnerligen
264 964 123 26 önskvärdt,
410 967 33 18 att
466 965 96 20 nämnda
581 965 29 27 pä
625 964 70 27 privat
710 965 40 26 väg
766 964 92 20 omsider

104 998 115 21 tillkomna
234 998 153 21 handelsskola
402 998 144 22 tillförsäkras
562 999 74 27 nödigt
651 999 117 20 understöd
784 998 24 21 af
820 997 38 21 all-

100 1034 81 20 männa
196 1032 79 26 medel;
291 1035 22 25 ty
329 1033 71 20 såsom
416 1035 32 19 ett
463 1032 109 22 bestämdt
587 1033 129 21 förordande
727 1032 25 22 af
764 1032 95 21 nämnda

102 1066 62 22 skola
186 1066 43 22 kan
254 1066 109 28 knappast
381 1066 159 22 betänkandets
556 1067 102 21 slutkläm
674 1074 68 14 anses.
773 1066 33 21 Dä
821 1066 37 21 Ut-

102 1102 82 20 skottet
200 1101 119 21 emellertid
334 1101 47 21 haft
396 1102 32 26 sig
445 1102 86 26 bekant,
547 1105 32 18 att
594 1102 110 26 samtidigt
720 1108 46 14 som
780 1100 76 27 frägan

101 1142 34 15 om
152 1136 134 20 inrättandet
301 1135 25 21 af
338 1135 194 22 handelsskolorna
547 1136 8 21 i
570 1136 84 27 Kuopio
670 1135 40 22 och
726 1135 78 27 Viborg
820 1142 38 14 var

100 1170 47 21 före
163 1170 7 20 i
186 1169 58 28 Kejs.
260 1170 104 25 Senaten,
380 1169 63 22 äfven
459 1170 62 27 fräga
536 1177 34 14 om
586 1171 133 20 inrättandet
729 1169 24 22 af
762 1176 26 15 en
799 1169 59 28 dylik

102 1204 62 21 skola
179 1205 6 20 i
201 1204 144 21 ''ammerfors
361 1205 39 20 där
415 1205 56 20 varit
487 1205 70 26 väckt,
574 1211 47 14 men
632 1204 79 25 förföll,
722 1204 62 26 hade,
795 1211 63 20 synes

102 1239 37 21 det
162 1239 50 27 mig,
236 1241 32 19 ett
286 1239 110 21 bestämdt
410 1239 114 21 uttalande
540 1239 32 21 till
588 1239 84 22 förmän
687 1239 33 21 för
734 1239 125 21 ännämnda

104 1273 62 21 skola
182 1274 24 20 sä
221 1273 85 28 mycket
321 1279 46 15 mer
382 1273 56 21 varit
454 1275 29 26 pä
498 1270 33 25 sin
547 1274 63 27 plats.
640 1274 76 27 Nägon
731 1273 85 22 misstro
827 1272 32 21 till

101 1308 126 27 regeringen
247 1307 92 22 innebor
357 1307 35 22 väl
411 1307 68 22 heller
496 1308 110 27 knappast
622 1308 51 28 deri,
689 1310 33 19 att
737 1308 123 21 Ständerna

100 1342 8 20 i
126 1342 80 27 frågor,
222 1348 46 15 som
283 1341 129 27 hänskjutas
427 1342 33 20 till
476 1343 55 25 dem,
547 1343 71 21 uttala
632 1343 33 20 sin
680 1343 56 26 äsigt
751 1342 109 21 bestämdt

102 1377 35 20 för
159 1376 54 21 eller
234 1378 51 19 mot.
316 1376 45 21 Gär
380 1376 60 21 detta
455 1376 115 21 uttalande
585 1376 6 21 i
606 1384 82 13 samma
702 1376 97 27 riktning
814 1382 46 15 som

104 1411 142 26 regeringens
261 1410 138 27 önskningar,
416 1411 24 20 är
456 1411 60 20 detta
531 1410 35 22 väl
581 1410 109 28 knappast
704 1417 26 14 en
746 1409 70 28 rimlig
826 1416 34 15 or-

103 1445 39 22 sak
158 1445 34 21 till
208 1447 32 19 att
256 1444 95 22 undvika
366 1445 49 20 dess
430 1444 131 28 afgifvande.

173 1485 98 18 Allmänna
284 1485 174 18 Besvärsutskottets
469 1485 111 18 betänkande
591 1485 34 18 N:o
637 1486 27 18 10.
