1070 1675
290 116 14 20 4
390 114 81 22 Ständ.
487 114 54 22 Pet.
558 128 26 2 —
600 114 170 23 Petitionsbet.
786 114 44 22 N:o
846 114 36 23 27.

259 174 97 22 hetssfer
380 175 35 27 sig
430 174 135 22 hänförande
581 174 201 28 kunskapsgrenar.
813 174 49 22 Som
877 175 125 21 läroämnen

259 210 7 21 i
287 210 244 22 landtmannaskolorna
551 212 108 26 upptager
679 210 119 28 förslaget:
817 210 148 22 elementerna
979 210 26 21 af

259 246 133 28 agronomin,
408 246 173 28 husdjursläran,
592 246 141 22 landtmanna
743 246 209 28 byggnadskonsten
963 246 39 22 och

259 281 145 29 fältmätning,
429 282 65 22 enkel
516 282 118 27 bokföring
656 281 41 23 och
713 282 182 28 korrespondens,
911 282 90 22 hufvud-

259 317 83 28 dragen
364 317 25 22 af
405 317 271 28 samhällsförfattningen,
693 317 49 23 med
757 317 108 22 särskildt
879 318 122 22 beaktande

259 353 24 22 af
303 353 287 28 kommunalförvaltningen
614 353 39 22 och
666 353 229 28 jordbeskattningen,
911 353 90 23 historia

259 389 40 22 och
314 389 96 27 geografi
426 391 55 20 samt
496 389 190 23 fäderneslandets
702 390 103 21 literatur
820 389 112 23 äfvensom
945 390 56 27 slöjd

260 425 154 27 (tillverkning
436 424 25 23 af
481 425 95 27 redskap
592 426 39 21 och
647 424 126 29 husgeråd).
804 425 46 22 För
864 426 136 22 husmoders-

259 461 102 22 skolorna
376 462 48 21 åter
434 460 93 23 föreslås
539 461 95 28 följande
645 461 160 27 läroprogram
796 456 12 37 :
817 460 184 28 hufvudreglerna

259 496 35 22 för
308 496 147 28 ladugärdens
471 497 40 21 och.
525 497 111 27 mejeriets
653 497 90 27 skötsel,
756 497 26 22 de
793 496 35 22 för
838 497 107 27 allmogen
956 497 44 22 till-

259 532 103 28 gängliga
384 532 189 29 näringsmedlens
597 533 144 28 egenskaper,
758 533 55 22 vård
828 533 40 21 och
883 534 58 20 rätta
956 533 43 21 till-

258 568 99 28 redning,
382 569 169 22 sundhetsläran
574 569 48 22 med
638 569 98 22 särskild
752 569 90 27 hänsigt
856 569 35 21 till
906 569 94 22 barnens

257 604 61 28 vård,
336 604 65 23 enkel
416 604 117 28 bokföring
548 605 40 21 och
603 604 182 28 korrespondens,
802 604 166 28 hufvuddragen
978 605 25 21 af

258 640 269 29 samhällsförfattningen,
544 641 92 22 historia
652 641 40 22 och
707 640 97 29 geografi
820 642 56 20 samt
890 640 109 23 fädernes-

258 676 86 23 landets
359 677 102 22 literatur
475 676 113 23 äfvensom
603 677 57 28 slöjd
675 676 99 29 (spånad,
791 675 87 29 väfnad,
890 676 110 28 stickning

258 712 40 21 och
318 713 61 26 söm).
409 713 237 27 Undervisningstiden
662 713 35 22 för
713 713 64 21 dessa
793 713 74 21 skolor
882 714 26 20 är
922 713 77 22 beräk-

257 748 43 21 nad
315 748 35 22 till
366 749 38 22 två
419 748 150 23 vinterhalfår.

328 783 34 22 Då
386 783 121 23 Ständerna
528 785 57 27 tagit
608 785 69 22 under
701 784 169 28 öfvervägande,
894 784 105 22 huruvida

257 819 75 22 skolor
346 819 50 23 med
412 819 75 28 dylika
501 820 126 22 läroämnen
642 820 57 22 hade
715 821 33 20 att
763 820 100 27 påräkna
878 819 121 23 befolknin-

257 860 54 22 gens
327 855 28 27 på
370 855 75 22 landet
461 856 99 27 sympati,
576 856 41 21 har
627 856 50 22 med
687 856 50 21 skäl
748 855 138 28 framhållits,
897 856 102 22 hurusom

257 890 103 23 behofvet
376 891 24 21 af
413 891 81 22 sådana
509 892 133 27 kunskaper,
659 898 46 16 som
719 898 42 21 ega
770 892 124 22 omedelbar
906 892 93 27 tillämp-

257 926 70 27 lighet
349 927 28 26 på
398 926 38 23 det
458 927 115 27 praktiska
595 926 71 29 lifvet,
690 928 5 20 i
710 927 139 22 närvarande
864 927 32 21 tid
911 930 40 24 gör
965 928 35 26 sig

257 961 101 23 alltmera
378 962 115 22 kännbart.
524 962 61 22 Från
600 963 71 22 denna
687 963 113 28 synpunkt
816 963 115 22 betraktad
947 963 53 21 böra

257 997 202 29 läroinrättningar,
482 1004 45 16 som
550 998 116 28 tillgodose
689 999 61 22 detta
770 998 229 28 landtbefolkningens

257 1032 68 23 behof
346 1033 25 22 af
391 1034 115 27 praktiska
528 1034 128 27 kunskaper
678 1034 41 22 och
740 1034 143 28 färdigheter,
903 1034 54 27 fylla
971 1040 28 16 en

257 1068 89 28 verklig
365 1070 65 22 lucka
450 1070 8 21 i
473 1070 270 27 folkskoleinstitutionen,
759 1070 29 27 på
804 1076 80 16 samma
899 1070 58 27 gång
972 1070 27 22 de

257 1104 57 23 efter
336 1105 30 22 all
388 1105 123 28 beräkning
534 1106 84 21 komme
637 1107 33 21 att
684 1106 50 22 med
749 1105 96 23 intresse
860 1105 101 22 omfattas
977 1105 24 22 af

257 1140 153 23 allmänheten.
441 1141 110 22 Särskildt
566 1147 66 22 synas
648 1141 233 22 husmodersskolorna
896 1141 65 23 hafva
971 1147 28 16 en

257 1176 71 28 vigtig
350 1176 189 23 framtidsmission
561 1177 35 28 sig
610 1177 107 28 förelagd,
733 1177 8 22 i
757 1177 37 22 det
810 1177 27 22 de
852 1177 71 22 skulle
939 1177 60 28 gifva

256 1211 98 28 qvinnan
378 1212 24 22 af
420 1212 69 23 folket
504 1219 27 16 en
547 1213 91 22 säkrare
655 1213 141 27 uppfattning
811 1213 58 22 inom
884 1213 52 22 flere
953 1213 45 28 vig-

256 1248 47 27 tiga
327 1248 103 22 områden
452 1248 25 22 af
497 1249 83 22 hennes
603 1249 133 22 lefnadskall
760 1249 40 22 och
819 1249 110 27 dymedels
946 1251 53 25 göra

257 1283 71 22 henne
344 1284 74 22 bättre
433 1291 72 16 vuxen
521 1285 42 21 den
579 1284 147 23 ansvarsfulla
742 1284 112 28 ställning,
870 1285 43 21 hon
928 1285 71 21 såsom

257 1319 65 21 maka
337 1319 40 22 och
392 1319 73 23 moder
480 1320 106 27 intager
579 1315 14 37 i
600 1320 125 27 samhället;
741 1320 123 27 hvarjemte
875 1319 63 22 dessa
949 1320 48 21 sko-

256 1354 34 21 lor
313 1355 72 22 skulle
408 1355 90 28 utvidga
521 1355 66 22 fältet
609 1355 35 22 för
666 1356 84 22 hennes
765 1355 142 22 verksamhet
921 1361 77 22 genom

255 1391 34 20 att
304 1389 86 23 förläna
404 1391 71 22 henne
491 1391 56 22 ökad
563 1391 214 28 arbetsskicklighet.
809 1391 122 22 Ständerna
946 1397 51 16 anse
