1056 1670
314 88 223 22 Petitionsbetänkande
555 89 34 21 N:o
605 87 14 22 1.
769 88 42 22 145

95 149 69 22 dande
180 149 60 22 kraft
254 149 67 21 sedan
338 149 24 20 så
378 149 78 26 många
471 148 69 21 andra
555 148 126 21 landsdelar
692 149 93 21 derefter
794 147 51 22 blif-

95 185 31 21 vit
142 186 49 21 med
204 186 116 27 jernvägar
335 184 168 27 tillgodosedda.

166 221 86 26 »Långt
266 220 73 21 förrän
354 221 69 26 några
436 220 117 27 jernvägar
570 219 143 22 öfverhufvud
729 219 116 22 funnos
823 215 26 36 —

96 259 62 25 säger
181 257 94 21 nämnda
298 256 85 21 utskott
397 268 36 12 —
457 255 40 22 och
518 255 74 22 förrän
609 256 36 21 det
661 256 79 26 ansågs
756 255 87 27 möjligt

95 292 34 21 för
145 294 32 19 ett
192 293 24 20 så
232 291 74 27 fattigt
320 291 52 21 land
388 298 46 15 som
450 293 49 20 vårt
515 294 34 19 att
563 292 93 21 bekosta
667 291 145 27 anläggandet
822 291 23 21 af

96 329 25 20 så
143 328 53 27 dyra
216 327 279 27 kommunikationsmedel,
515 334 39 15 var
575 327 41 22 den
640 327 80 21 tanken
742 327 54 26 klar,
812 328 33 19 att

96 364 86 21 landets
197 363 248 22 kommunikationleder
456 363 7 21 i
475 364 37 20 det
525 363 53 27 inre,
590 365 93 24 sjöarna,
691 363 67 21 borde
767 368 77 21 genom

97 399 172 27 upprensningar
292 400 39 20 och
354 399 89 21 kanaler
464 401 65 25 göras
552 399 115 27 navigabla
691 399 40 21 och
751 400 68 20 sättas
837 399 7 20 i

97 435 132 21 förbindelse
245 435 49 21 med
309 434 79 22 hafvet.

169 471 44 21 Det
235 472 55 20 mest
314 471 122 21 storartade
457 471 88 27 uttryck
561 470 23 22 af
599 471 60 21 detta
675 470 126 21 sträfvande
819 472 24 19 är

98 507 125 27 öppnandet
238 506 22 22 af
274 506 72 22 Saima
361 506 72 27 kanal,
450 506 87 22 hvilken
549 508 28 25 på
588 508 33 20 ett
629 506 42 21 alla
679 506 164 26 förväntningar

98 542 166 22 öfverträffande
283 544 44 19 sätt
345 542 85 21 bevisat
448 542 135 27 riktigheten
599 542 23 21 af
637 542 41 21 den
694 542 35 20 idé
745 548 46 14 som
807 541 36 27 låg

99 578 34 22 till
154 579 70 26 grund
240 578 33 21 för
289 578 131 27 densamma,
437 580 34 19 att
486 580 53 25 göra
555 578 26 21 de
597 577 135 22 vidsträckta
747 577 99 21 landsde-

98 614 33 21 lar
142 620 46 16 som
200 614 93 26 omgifva
304 614 71 21 Saima
385 616 157 24 vattensystem
550 614 137 26 tillgängliga
693 613 33 21 för
735 613 110 27 sjöfarten.

170 650 48 21 Den
244 650 134 26 mångsidiga
401 650 142 21 ekonomiska
566 650 125 26 utveckling
715 656 46 15 som
785 648 62 22 deraf

99 685 57 21 varit
171 692 27 14 en
214 685 53 26 följd
282 686 68 26 ligger
365 692 29 14 nu
410 686 34 20 för
455 687 71 25 öppen
537 686 42 26 dag
590 686 39 20 och
638 685 101 21 förnekas
748 684 98 27 afingen.

100 721 112 21 Liknande
233 722 92 20 resultat
345 721 64 21 hafva
426 722 89 20 vunnits
531 721 34 21 för
579 721 90 27 Päijäne
685 721 40 21 och
740 720 107 26 Näsijärvi

99 758 163 25 vattensystem,
283 757 73 21 hvilka
371 756 128 22 förmedelst
512 758 91 26 jernväg
619 758 54 20 satts
691 757 5 20 i
713 756 132 22 förbindelse

100 793 50 21 med
168 793 106 27 sjöhamn,
290 793 39 21 och
346 793 60 21 skola
421 793 48 21 visa
485 793 33 26 sig
535 795 58 19 ännu
609 799 59 15 mera
684 793 66 21 sedan
766 791 83 22 kanali-

100 828 100 26 seringen
216 828 78 21 hunnit
309 829 123 20 utsträckas
448 828 40 21 allt
503 829 76 26 längre
595 830 74 25 uppåt.
700 828 49 21 Med
766 828 82 21 sådana

100 863 62 22 fakta
180 864 56 21 skall
252 864 33 21 väl
302 864 64 27 ingen
382 864 65 21 tveka
463 866 33 19 att
511 864 89 21 förorda
616 863 91 28 företag,
723 870 46 15 som
785 863 65 21 hafva

101 900 37 21 det
158 900 95 21 nämnda
276 899 72 27 syftet.
379 899 44 22 Der
439 900 86 21 således
541 907 26 14 en
583 899 148 28 kanalisering
747 901 24 19 är
787 898 64 27 prak-

100 935 55 21 tiskt
171 935 111 22 outförbar
298 935 52 22 eller
361 935 83 22 medför
455 935 134 22 öfverdrifna
599 935 124 27 kostnader,
732 935 53 21 böra
791 935 59 26 jern-

100 973 66 24 vägar
190 971 62 21 träda
274 971 6 20 i
299 971 79 21 stället.
409 971 50 22 Men
476 971 47 22 icke
541 971 92 22 allenast
650 971 67 27 detta,
734 971 27 21 de
776 971 73 20 kunna

102 1006 39 21 och
162 1006 54 21 böra
239 1007 145 26 komplettera
403 1007 127 27 kanalerna,
549 1009 23 25 ty
589 1007 26 21 de
631 1013 77 15 senare
723 1009 37 18 äro
777 1006 7 21 i
800 1007 51 20 vårt

101 1042 101 26 nordliga
217 1042 77 21 klimat
310 1043 76 20 endast
401 1043 75 21 alltför
491 1043 51 21 kort
557 1043 33 20 tid
606 1043 23 21 af
643 1044 48 20 året
701 1041 150 28 begagneliga.

173 1077 43 22 Det
232 1084 63 21 synes
311 1078 108 21 utskottet
429 1079 28 26 på
468 1079 70 26 grund
550 1079 63 20 häraf
619 1078 118 21 önskvärdt
745 1079 33 20 att
786 1077 63 21 äfven

101 1113 117 22 Uleåträsk
234 1115 161 25 vattensystem,
411 1120 46 15 som
475 1114 104 21 omfattar
595 1121 26 14 en
638 1115 25 20 så
671 1116 46 19 stor
727 1113 35 22 del
773 1113 24 21 af
803 1112 49 21 Fin-

101 1149 63 21 lands
179 1149 51 21 hela
245 1149 63 26 areal,
324 1149 111 22 förbindes
450 1151 51 20 med
516 1149 81 22 hafvet.
628 1150 77 21 Denna
720 1148 132 22 förbindelse

101 1184 41 21 har
151 1184 128 28 visserligen
295 1185 66 21 redan
377 1187 93 20 naturen
486 1185 157 22 åstadkommit
658 1191 77 21 genom
752 1185 55 20 Uleå
815 1183 36 28 elf,

102 1226 50 15 men
168 1222 53 19 utan
236 1221 148 26 kanalisering
393 1221 110 26 uppfyller
513 1221 42 21 den
566 1221 57 21 blott
631 1220 153 27 ofullständigt
792 1220 61 21 detta

102 1255 108 23 ändamål.
241 1255 75 22 Såsom
339 1256 69 20 kändt
430 1256 75 21 kunna
529 1256 78 22 endast
630 1256 83 21 mindre
737 1255 115 26 farkoster,

103 1291 95 21 bärande
220 1292 57 21 circa
292 1291 44 22 450
350 1290 41 24 Lä.
405 1292 47 26 vigt
467 1292 90 21 komma
571 1298 40 15 ner
627 1291 32 21 för
676 1291 77 27 elfven,
770 1290 39 22 och
825 1290 28 26 pä

103 1326 76 22 färden
203 1328 75 26 uppåt,
301 1328 29 20 då
351 1327 90 21 båtarne
459 1329 72 19 måste
551 1327 72 27 släpas
641 1327 68 21 delvis
723 1326 130 26 landvägen,

103 1363 43 21 kan
162 1369 27 15 en
205 1363 110 27 obetydlig
331 1363 42 21 last
389 1363 116 21 medföras.
539 1363 34 21 Då
588 1363 123 21 emellertid
726 1369 27 15 en
769 1361 83 22 kanali-

104 1398 73 27 sering
200 1398 70 22 skulle
286 1398 97 22 medföra
398 1398 135 27 ojemförligt
548 1399 86 27 mycket
649 1400 70 20 större
735 1397 119 22 kostnader

175 1440 174 23 Jernvägsutskottets
361 1440 108 18 betänkande
483 1439 35 19 N:o
531 1441 15 17 1.
