<?xml version="1.0" encoding="UTF-8"?>
<alto xmlns="http://www.loc.gov/standards/alto/ns-v3#" xmlns:xlink="http://www.w3.org/1999/xlink" xmlns:xsi="http://www.w3.org/2001/XMLSchema-instance" xsi:schemaLocation="http://www.loc.gov/standards/alto/ns-v3# http://www.loc.gov/alto/v3/alto-3-0.xsd">
	<Description>
		<MeasurementUnit>pixel</MeasurementUnit>
		<sourceImageInformation>
			<fileName>/tmp/tess_rhbn3mt4_input.PNG</fileName>
		</sourceImageInformation>
		<OCRProcessing ID="OCR_0">
			<ocrProcessingStep>
				<processingSoftware>
					<softwareName>tesseract 5.3.4</softwareName>
				</processingSoftware>
			</ocrProcessingStep>
		</OCRProcessing>
	</Description>
	<Layout>
		<Page WIDTH="1064" HEIGHT="1656" PHYSICAL_IMG_NR="0" ID="page_0">
			<PrintSpace HPOS="0" VPOS="0" WIDTH="1064" HEIGHT="1656">
				<ComposedBlock ID="cblock_0" HPOS="298" VPOS="120" WIDTH="522" HEIGHT="23">
					<TextBlock ID="block_0" HPOS="298" VPOS="120" WIDTH="522" HEIGHT="23">
						<TextLine ID="line_0" HPOS="298" VPOS="120" WIDTH="522" HEIGHT="23">
							<String ID="string_0" HPOS="298" VPOS="120" WIDTH="246" HEIGHT="23" WC="0.91" CONTENT="Petitionsbetänkande"/><SP WIDTH="14" VPOS="120" HPOS="544"/>
							<String ID="string_1" HPOS="558" VPOS="120" WIDTH="36" HEIGHT="22" WC="0.96" CONTENT="N:o"/><SP WIDTH="16" VPOS="120" HPOS="594"/>
							<String ID="string_2" HPOS="610" VPOS="120" WIDTH="20" HEIGHT="22" WC="0.96" CONTENT="5."/><SP WIDTH="176" VPOS="120" HPOS="630"/>
							<String ID="string_3" HPOS="806" VPOS="122" WIDTH="14" HEIGHT="21" WC="0.96" CONTENT="5"/>
						</TextLine>
					</TextBlock>
				</ComposedBlock>
				<ComposedBlock ID="cblock_1" HPOS="88" VPOS="190" WIDTH="763" HEIGHT="547">
					<TextBlock ID="block_1" HPOS="88" VPOS="190" WIDTH="760" HEIGHT="96">
						<TextLine ID="line_1" HPOS="88" VPOS="190" WIDTH="760" HEIGHT="28">
							<String ID="string_4" HPOS="88" VPOS="190" WIDTH="161" HEIGHT="22" WC="0.92" CONTENT="läraremötena"/><SP WIDTH="23" VPOS="190" HPOS="249"/>
							<String ID="string_5" HPOS="272" VPOS="190" WIDTH="86" HEIGHT="21" WC="0.96" CONTENT="komme"/><SP WIDTH="22" VPOS="190" HPOS="358"/>
							<String ID="string_6" HPOS="380" VPOS="192" WIDTH="33" HEIGHT="18" WC="0.95" CONTENT="att"/><SP WIDTH="23" VPOS="192" HPOS="413"/>
							<String ID="string_7" HPOS="436" VPOS="190" WIDTH="75" HEIGHT="28" WC="0.93" CONTENT="föregå"/><SP WIDTH="23" VPOS="190" HPOS="511"/>
							<String ID="string_8" HPOS="534" VPOS="190" WIDTH="170" HEIGHT="27" WC="0.92" CONTENT="ständermöten,"/><SP WIDTH="20" VPOS="190" HPOS="704"/>
							<String ID="string_9" HPOS="724" VPOS="190" WIDTH="36" HEIGHT="22" WC="0.96" CONTENT="vid"/><SP WIDTH="16" VPOS="190" HPOS="760"/>
							<String ID="string_10" HPOS="776" VPOS="190" WIDTH="72" HEIGHT="21" WC="0.96" CONTENT="hvilka"/>
						</TextLine>
						<TextLine ID="line_2" HPOS="89" VPOS="224" WIDTH="759" HEIGHT="28">
							<String ID="string_11" HPOS="89" VPOS="224" WIDTH="76" HEIGHT="22" WC="0.96" CONTENT="skolan"/><SP WIDTH="16" VPOS="224" HPOS="165"/>
							<String ID="string_12" HPOS="181" VPOS="225" WIDTH="119" HEIGHT="21" WC="0.96" CONTENT="berörande"/><SP WIDTH="16" VPOS="225" HPOS="300"/>
							<String ID="string_13" HPOS="316" VPOS="225" WIDTH="72" HEIGHT="27" WC="0.96" CONTENT="frågor"/><SP WIDTH="16" VPOS="225" HPOS="388"/>
							<String ID="string_14" HPOS="404" VPOS="224" WIDTH="66" HEIGHT="22" WC="0.96" CONTENT="bland"/><SP WIDTH="16" VPOS="224" HPOS="470"/>
							<String ID="string_15" HPOS="486" VPOS="225" WIDTH="87" HEIGHT="21" WC="0.96" CONTENT="kretsen"/><SP WIDTH="16" VPOS="225" HPOS="573"/>
							<String ID="string_16" HPOS="589" VPOS="224" WIDTH="25" HEIGHT="22" WC="0.93" CONTENT="af"/><SP WIDTH="13" VPOS="224" HPOS="614"/>
							<String ID="string_17" HPOS="627" VPOS="224" WIDTH="221" HEIGHT="28" WC="0.91" CONTENT="ständerbehandling"/>
						</TextLine>
						<TextLine ID="line_3" HPOS="89" VPOS="259" WIDTH="723" HEIGHT="27">
							<String ID="string_18" HPOS="89" VPOS="260" WIDTH="162" HEIGHT="21" WC="0.96" CONTENT="underkastade"/><SP WIDTH="15" VPOS="260" HPOS="251"/>
							<String ID="string_19" HPOS="266" VPOS="260" WIDTH="96" HEIGHT="21" WC="0.96" CONTENT="ärenden"/><SP WIDTH="15" VPOS="260" HPOS="362"/>
							<String ID="string_20" HPOS="377" VPOS="259" WIDTH="62" HEIGHT="21" WC="0.96" CONTENT="alltid"/><SP WIDTH="16" VPOS="259" HPOS="439"/>
							<String ID="string_21" HPOS="455" VPOS="259" WIDTH="79" HEIGHT="27" WC="0.96" CONTENT="intagit"/><SP WIDTH="15" VPOS="259" HPOS="534"/>
							<String ID="string_22" HPOS="549" VPOS="261" WIDTH="32" HEIGHT="19" WC="0.96" CONTENT="ett"/><SP WIDTH="14" VPOS="261" HPOS="581"/>
							<String ID="string_23" HPOS="595" VPOS="259" WIDTH="149" HEIGHT="21" WC="0.96" CONTENT="framstående"/><SP WIDTH="15" VPOS="259" HPOS="744"/>
							<String ID="string_24" HPOS="759" VPOS="266" WIDTH="53" HEIGHT="14" WC="0.95" CONTENT="rum."/>
						</TextLine>
					</TextBlock>
					<TextBlock ID="block_2" HPOS="89" VPOS="294" WIDTH="761" HEIGHT="339">
						<TextLine ID="line_4" HPOS="159" VPOS="294" WIDTH="690" HEIGHT="27">
							<String ID="string_25" HPOS="159" VPOS="294" WIDTH="32" HEIGHT="21" WC="0.96" CONTENT="Då"/><SP WIDTH="15" VPOS="294" HPOS="191"/>
							<String ID="string_26" HPOS="206" VPOS="294" WIDTH="124" HEIGHT="21" WC="0.95" CONTENT="ändamålet"/><SP WIDTH="15" VPOS="294" HPOS="330"/>
							<String ID="string_27" HPOS="345" VPOS="294" WIDTH="49" HEIGHT="21" WC="0.96" CONTENT="med"/><SP WIDTH="15" VPOS="294" HPOS="394"/>
							<String ID="string_28" HPOS="409" VPOS="294" WIDTH="111" HEIGHT="21" WC="0.92" CONTENT="allmänna"/><SP WIDTH="15" VPOS="294" HPOS="520"/>
							<String ID="string_29" HPOS="535" VPOS="294" WIDTH="143" HEIGHT="21" WC="0.91" CONTENT="läraremöten"/><SP WIDTH="12" VPOS="294" HPOS="678"/>
							<String ID="string_30" HPOS="690" VPOS="294" WIDTH="159" HEIGHT="27" WC="0.91" CONTENT="otvifvelaktigt"/>
						</TextLine>
						<TextLine ID="line_5" HPOS="89" VPOS="328" WIDTH="760" HEIGHT="28">
							<String ID="string_31" HPOS="89" VPOS="329" WIDTH="50" HEIGHT="21" WC="0.96" CONTENT="bäst"/><SP WIDTH="15" VPOS="329" HPOS="139"/>
							<String ID="string_32" HPOS="154" VPOS="329" WIDTH="91" HEIGHT="27" WC="0.96" CONTENT="uppnås,"/><SP WIDTH="17" VPOS="329" HPOS="245"/>
							<String ID="string_33" HPOS="262" VPOS="336" WIDTH="34" HEIGHT="14" WC="0.97" CONTENT="om"/><SP WIDTH="16" VPOS="336" HPOS="296"/>
							<String ID="string_34" HPOS="312" VPOS="329" WIDTH="63" HEIGHT="21" WC="0.96" CONTENT="dessa"/><SP WIDTH="16" VPOS="329" HPOS="375"/>
							<String ID="string_35" HPOS="391" VPOS="328" WIDTH="66" HEIGHT="22" WC="0.93" CONTENT="blifva"/><SP WIDTH="15" VPOS="328" HPOS="457"/>
							<String ID="string_36" HPOS="472" VPOS="328" WIDTH="75" HEIGHT="22" WC="0.92" CONTENT="talrikt"/><SP WIDTH="16" VPOS="328" HPOS="547"/>
							<String ID="string_37" HPOS="563" VPOS="328" WIDTH="91" HEIGHT="22" WC="0.95" CONTENT="besökta"/><SP WIDTH="15" VPOS="328" HPOS="654"/>
							<String ID="string_38" HPOS="669" VPOS="328" WIDTH="25" HEIGHT="21" WC="0.96" CONTENT="af"/><SP WIDTH="11" VPOS="328" HPOS="694"/>
							<String ID="string_39" HPOS="705" VPOS="328" WIDTH="144" HEIGHT="22" WC="0.96" CONTENT="intresserade"/>
						</TextLine>
						<TextLine ID="line_6" HPOS="90" VPOS="363" WIDTH="760" HEIGHT="28">
							<String ID="string_40" HPOS="90" VPOS="363" WIDTH="116" HEIGHT="28" WC="0.95" CONTENT="deltagare,"/><SP WIDTH="24" VPOS="363" HPOS="206"/>
							<String ID="string_41" HPOS="230" VPOS="363" WIDTH="40" HEIGHT="22" WC="0.96" CONTENT="och"/><SP WIDTH="22" VPOS="363" HPOS="270"/>
							<String ID="string_42" HPOS="292" VPOS="363" WIDTH="56" HEIGHT="21" WC="0.95" CONTENT="intet"/><SP WIDTH="22" VPOS="363" HPOS="348"/>
							<String ID="string_43" HPOS="370" VPOS="364" WIDTH="24" HEIGHT="20" WC="0.96" CONTENT="är"/><SP WIDTH="22" VPOS="364" HPOS="394"/>
							<String ID="string_44" HPOS="416" VPOS="364" WIDTH="25" HEIGHT="20" WC="0.92" CONTENT="så"/><SP WIDTH="22" VPOS="364" HPOS="441"/>
							<String ID="string_45" HPOS="463" VPOS="364" WIDTH="80" HEIGHT="27" WC="0.92" CONTENT="egnadt"/><SP WIDTH="15" VPOS="364" HPOS="543"/>
							<String ID="string_46" HPOS="558" VPOS="365" WIDTH="32" HEIGHT="19" WC="0.93" CONTENT="att"/><SP WIDTH="15" VPOS="365" HPOS="590"/>
							<String ID="string_47" HPOS="605" VPOS="363" WIDTH="80" HEIGHT="27" WC="0.91" CONTENT="qväfva"/><SP WIDTH="15" VPOS="363" HPOS="685"/>
							<String ID="string_48" HPOS="700" VPOS="363" WIDTH="101" HEIGHT="21" WC="0.96" CONTENT="intresset"/><SP WIDTH="15" VPOS="363" HPOS="801"/>
							<String ID="string_49" HPOS="816" VPOS="363" WIDTH="34" HEIGHT="21" WC="0.96" CONTENT="för"/>
						</TextLine>
						<TextLine ID="line_7" HPOS="92" VPOS="397" WIDTH="758" HEIGHT="28">
							<String ID="string_50" HPOS="92" VPOS="398" WIDTH="74" HEIGHT="27" WC="0.96" CONTENT="dylika"/><SP WIDTH="15" VPOS="398" HPOS="166"/>
							<String ID="string_51" HPOS="181" VPOS="399" WIDTH="72" HEIGHT="20" WC="0.96" CONTENT="möten"/><SP WIDTH="16" VPOS="399" HPOS="253"/>
							<String ID="string_52" HPOS="269" VPOS="405" WIDTH="46" HEIGHT="14" WC="0.96" CONTENT="som"/><SP WIDTH="15" VPOS="405" HPOS="315"/>
							<String ID="string_53" HPOS="330" VPOS="398" WIDTH="75" HEIGHT="21" WC="0.96" CONTENT="alltför"/><SP WIDTH="15" VPOS="398" HPOS="405"/>
							<String ID="string_54" HPOS="420" VPOS="397" WIDTH="133" HEIGHT="28" WC="0.96" CONTENT="detaljerade"/><SP WIDTH="11" VPOS="397" HPOS="553"/>
							<String ID="string_55" HPOS="564" VPOS="397" WIDTH="164" HEIGHT="28" WC="0.96" CONTENT="bestämningar"/><SP WIDTH="9" VPOS="397" HPOS="728"/>
							<String ID="string_56" HPOS="737" VPOS="398" WIDTH="113" HEIGHT="27" WC="0.96" CONTENT="angående"/>
						</TextLine>
						<TextLine ID="line_8" HPOS="91" VPOS="431" WIDTH="758" HEIGHT="28">
							<String ID="string_57" HPOS="91" VPOS="434" WIDTH="75" HEIGHT="20" WC="0.96" CONTENT="dessas"/><SP WIDTH="23" VPOS="434" HPOS="166"/>
							<String ID="string_58" HPOS="189" VPOS="432" WIDTH="127" HEIGHT="27" WC="0.95" CONTENT="anordning,"/><SP WIDTH="24" VPOS="432" HPOS="316"/>
							<String ID="string_59" HPOS="340" VPOS="432" WIDTH="40" HEIGHT="21" WC="0.95" CONTENT="har"/><SP WIDTH="22" VPOS="432" HPOS="380"/>
							<String ID="string_60" HPOS="402" VPOS="431" WIDTH="114" HEIGHT="28" WC="0.95" CONTENT="utskottet,"/><SP WIDTH="16" VPOS="431" HPOS="516"/>
							<String ID="string_61" HPOS="532" VPOS="439" WIDTH="46" HEIGHT="14" WC="0.96" CONTENT="som"/><SP WIDTH="16" VPOS="439" HPOS="578"/>
							<String ID="string_62" HPOS="594" VPOS="432" WIDTH="18" HEIGHT="27" WC="0.95" CONTENT="ej"/><SP WIDTH="18" VPOS="432" HPOS="612"/>
							<String ID="string_63" HPOS="630" VPOS="432" WIDTH="72" HEIGHT="21" WC="0.96" CONTENT="funnit"/><SP WIDTH="15" VPOS="432" HPOS="702"/>
							<String ID="string_64" HPOS="717" VPOS="433" WIDTH="72" HEIGHT="26" WC="0.93" CONTENT="någon"/><SP WIDTH="16" VPOS="433" HPOS="789"/>
							<String ID="string_65" HPOS="805" VPOS="432" WIDTH="44" HEIGHT="22" WC="0.91" CONTENT="olä-"/>
						</TextLine>
						<TextLine ID="line_9" HPOS="91" VPOS="467" WIDTH="759" HEIGHT="27">
							<String ID="string_66" HPOS="91" VPOS="467" WIDTH="80" HEIGHT="27" WC="0.91" CONTENT="genhet"/><SP WIDTH="16" VPOS="467" HPOS="171"/>
							<String ID="string_67" HPOS="187" VPOS="473" WIDTH="52" HEIGHT="15" WC="0.96" CONTENT="vara"/><SP WIDTH="16" VPOS="473" HPOS="239"/>
							<String ID="string_68" HPOS="255" VPOS="467" WIDTH="90" HEIGHT="21" WC="0.96" CONTENT="förenad"/><SP WIDTH="16" VPOS="467" HPOS="345"/>
							<String ID="string_69" HPOS="361" VPOS="467" WIDTH="87" HEIGHT="21" WC="0.96" CONTENT="dermed"/><SP WIDTH="16" VPOS="467" HPOS="448"/>
							<String ID="string_70" HPOS="464" VPOS="469" WIDTH="33" HEIGHT="19" WC="0.93" CONTENT="att"/><SP WIDTH="15" VPOS="469" HPOS="497"/>
							<String ID="string_71" HPOS="512" VPOS="467" WIDTH="139" HEIGHT="21" WC="0.92" CONTENT="lärarekåren"/><SP WIDTH="11" VPOS="467" HPOS="651"/>
							<String ID="string_72" HPOS="662" VPOS="467" WIDTH="112" HEIGHT="21" WC="0.91" CONTENT="lemnades"/><SP WIDTH="11" VPOS="467" HPOS="774"/>
							<String ID="string_73" HPOS="785" VPOS="467" WIDTH="65" HEIGHT="21" WC="0.96" CONTENT="frihet"/>
						</TextLine>
						<TextLine ID="line_10" HPOS="93" VPOS="501" WIDTH="757" HEIGHT="28">
							<String ID="string_74" HPOS="93" VPOS="503" WIDTH="32" HEIGHT="19" WC="0.96" CONTENT="att"/><SP WIDTH="14" VPOS="503" HPOS="125"/>
							<String ID="string_75" HPOS="139" VPOS="503" WIDTH="54" HEIGHT="26" WC="0.95" CONTENT="göra"/><SP WIDTH="15" VPOS="503" HPOS="193"/>
							<String ID="string_76" HPOS="208" VPOS="501" WIDTH="37" HEIGHT="22" WC="0.95" CONTENT="sitt"/><SP WIDTH="15" VPOS="501" HPOS="245"/>
							<String ID="string_77" HPOS="260" VPOS="501" WIDTH="118" HEIGHT="28" WC="0.96" CONTENT="inflytande"/><SP WIDTH="16" VPOS="501" HPOS="378"/>
							<String ID="string_78" HPOS="394" VPOS="501" WIDTH="100" HEIGHT="28" WC="0.96" CONTENT="gällande"/><SP WIDTH="17" VPOS="501" HPOS="494"/>
							<String ID="string_79" HPOS="511" VPOS="502" WIDTH="49" HEIGHT="21" WC="0.96" CONTENT="med"/><SP WIDTH="15" VPOS="502" HPOS="560"/>
							<String ID="string_80" HPOS="575" VPOS="501" WIDTH="103" HEIGHT="22" WC="0.93" CONTENT="afseende"/><SP WIDTH="15" VPOS="501" HPOS="678"/>
							<String ID="string_81" HPOS="693" VPOS="502" WIDTH="13" HEIGHT="20" WC="0.92" CONTENT="å"/><SP WIDTH="15" VPOS="502" HPOS="706"/>
							<String ID="string_82" HPOS="721" VPOS="501" WIDTH="129" HEIGHT="22" WC="0.92" CONTENT="skollärare-"/>
						</TextLine>
						<TextLine ID="line_11" HPOS="91" VPOS="535" WIDTH="758" HEIGHT="28">
							<String ID="string_83" HPOS="91" VPOS="537" WIDTH="99" HEIGHT="20" WC="0.91" CONTENT="mötenas"/><SP WIDTH="19" VPOS="537" HPOS="190"/>
							<String ID="string_84" HPOS="209" VPOS="535" WIDTH="144" HEIGHT="28" WC="0.89" CONTENT="samlingsort,"/><SP WIDTH="16" VPOS="535" HPOS="353"/>
							<String ID="string_85" HPOS="369" VPOS="542" WIDTH="101" HEIGHT="21" WC="0.96" CONTENT="program"/><SP WIDTH="16" VPOS="542" HPOS="470"/>
							<String ID="string_86" HPOS="486" VPOS="536" WIDTH="40" HEIGHT="21" WC="0.96" CONTENT="och"/><SP WIDTH="16" VPOS="536" HPOS="526"/>
							<String ID="string_87" HPOS="542" VPOS="535" WIDTH="128" HEIGHT="28" WC="0.96" CONTENT="anordning,"/><SP WIDTH="16" VPOS="535" HPOS="670"/>
							<String ID="string_88" HPOS="686" VPOS="535" WIDTH="19" HEIGHT="28" WC="0.96" CONTENT="ej"/><SP WIDTH="17" VPOS="535" HPOS="705"/>
							<String ID="string_89" HPOS="722" VPOS="535" WIDTH="57" HEIGHT="22" WC="0.93" CONTENT="velat"/><SP WIDTH="15" VPOS="535" HPOS="779"/>
							<String ID="string_90" HPOS="794" VPOS="536" WIDTH="55" HEIGHT="21" WC="0.92" CONTENT="före-"/>
						</TextLine>
						<TextLine ID="line_12" HPOS="92" VPOS="570" WIDTH="758" HEIGHT="28">
							<String ID="string_91" HPOS="92" VPOS="571" WIDTH="33" HEIGHT="21" WC="0.96" CONTENT="slå"/><SP WIDTH="16" VPOS="571" HPOS="125"/>
							<String ID="string_92" HPOS="141" VPOS="571" WIDTH="72" HEIGHT="27" WC="0.96" CONTENT="någon"/><SP WIDTH="16" VPOS="571" HPOS="213"/>
							<String ID="string_93" HPOS="229" VPOS="570" WIDTH="69" HEIGHT="28" WC="0.95" CONTENT="saklig"/><SP WIDTH="16" VPOS="570" HPOS="298"/>
							<String ID="string_94" HPOS="314" VPOS="571" WIDTH="93" HEIGHT="26" WC="0.96" CONTENT="ändring"/><SP WIDTH="15" VPOS="571" HPOS="407"/>
							<String ID="string_95" HPOS="422" VPOS="570" WIDTH="8" HEIGHT="21" WC="0.96" CONTENT="i"/><SP WIDTH="11" VPOS="570" HPOS="430"/>
							<String ID="string_96" HPOS="441" VPOS="571" WIDTH="36" HEIGHT="21" WC="0.96" CONTENT="det"/><SP WIDTH="11" VPOS="571" HPOS="477"/>
							<String ID="string_97" HPOS="488" VPOS="577" WIDTH="76" HEIGHT="15" WC="0.96" CONTENT="senare"/><SP WIDTH="11" VPOS="577" HPOS="564"/>
							<String ID="string_98" HPOS="575" VPOS="572" WIDTH="119" HEIGHT="20" WC="0.96" CONTENT="momentet"/><SP WIDTH="10" VPOS="572" HPOS="694"/>
							<String ID="string_99" HPOS="704" VPOS="570" WIDTH="24" HEIGHT="21" WC="0.93" CONTENT="af"/><SP WIDTH="8" VPOS="570" HPOS="728"/>
							<String ID="string_100" HPOS="736" VPOS="570" WIDTH="114" HEIGHT="28" WC="0.87" CONTENT="petitions-"/>
						</TextLine>
						<TextLine ID="line_13" HPOS="92" VPOS="605" WIDTH="109" HEIGHT="28">
							<String ID="string_101" HPOS="92" VPOS="605" WIDTH="109" HEIGHT="28" WC="0.96" CONTENT="förslaget."/>
						</TextLine>
					</TextBlock>
					<TextBlock ID="block_3" HPOS="93" VPOS="639" WIDTH="758" HEIGHT="98">
						<TextLine ID="line_14" HPOS="162" VPOS="639" WIDTH="688" HEIGHT="28">
							<String ID="string_102" HPOS="162" VPOS="640" WIDTH="30" HEIGHT="21" WC="0.96" CONTENT="På"/><SP WIDTH="19" VPOS="640" HPOS="192"/>
							<String ID="string_103" HPOS="211" VPOS="641" WIDTH="71" HEIGHT="26" WC="0.96" CONTENT="grund"/><SP WIDTH="18" VPOS="641" HPOS="282"/>
							<String ID="string_104" HPOS="300" VPOS="640" WIDTH="24" HEIGHT="21" WC="0.96" CONTENT="af"/><SP WIDTH="14" VPOS="640" HPOS="324"/>
							<String ID="string_105" HPOS="338" VPOS="640" WIDTH="57" HEIGHT="21" WC="0.96" CONTENT="hvad"/><SP WIDTH="16" VPOS="640" HPOS="395"/>
							<String ID="string_106" HPOS="411" VPOS="639" WIDTH="93" HEIGHT="22" WC="0.96" CONTENT="sålunda"/><SP WIDTH="14" VPOS="639" HPOS="504"/>
							<String ID="string_107" HPOS="518" VPOS="639" WIDTH="84" HEIGHT="22" WC="0.96" CONTENT="anförts"/><SP WIDTH="16" VPOS="639" HPOS="602"/>
							<String ID="string_108" HPOS="618" VPOS="639" WIDTH="34" HEIGHT="22" WC="0.96" CONTENT="får"/><SP WIDTH="15" VPOS="639" HPOS="652"/>
							<String ID="string_109" HPOS="667" VPOS="639" WIDTH="106" HEIGHT="22" WC="0.93" CONTENT="utskottet"/><SP WIDTH="15" VPOS="639" HPOS="773"/>
							<String ID="string_110" HPOS="788" VPOS="640" WIDTH="62" HEIGHT="21" WC="0.92" CONTENT="vörd-"/>
						</TextLine>
						<TextLine ID="line_15" HPOS="95" VPOS="674" WIDTH="756" HEIGHT="27">
							<String ID="string_111" HPOS="95" VPOS="677" WIDTH="56" HEIGHT="19" WC="0.92" CONTENT="samt"/><SP WIDTH="23" VPOS="677" HPOS="151"/>
							<String ID="string_112" HPOS="174" VPOS="675" WIDTH="86" HEIGHT="26" WC="0.92" CONTENT="föreslå,"/><SP WIDTH="22" VPOS="675" HPOS="260"/>
							<String ID="string_113" HPOS="282" VPOS="677" WIDTH="33" HEIGHT="19" WC="0.96" CONTENT="att"/><SP WIDTH="15" VPOS="677" HPOS="315"/>
							<String ID="string_114" HPOS="330" VPOS="674" WIDTH="86" HEIGHT="21" WC="0.93" CONTENT="landets"/><SP WIDTH="16" VPOS="674" HPOS="416"/>
							<String ID="string_115" HPOS="432" VPOS="674" WIDTH="116" HEIGHT="27" WC="0.91" CONTENT="höglofliga"/><SP WIDTH="15" VPOS="674" HPOS="548"/>
							<String ID="string_116" HPOS="563" VPOS="674" WIDTH="94" HEIGHT="21" WC="0.92" CONTENT="Ständer"/><SP WIDTH="14" VPOS="674" HPOS="657"/>
							<String ID="string_117" HPOS="671" VPOS="674" WIDTH="49" HEIGHT="21" WC="0.96" CONTENT="ville"/><SP WIDTH="16" VPOS="674" HPOS="720"/>
							<String ID="string_118" HPOS="736" VPOS="674" WIDTH="39" HEIGHT="21" WC="0.96" CONTENT="hos"/><SP WIDTH="16" VPOS="674" HPOS="775"/>
							<String ID="string_119" HPOS="791" VPOS="674" WIDTH="60" HEIGHT="21" WC="0.96" CONTENT="Hans"/>
						</TextLine>
						<TextLine ID="line_16" HPOS="93" VPOS="708" WIDTH="757" HEIGHT="29">
							<String ID="string_120" HPOS="93" VPOS="709" WIDTH="119" HEIGHT="28" WC="0.96" CONTENT="Kejserliga"/><SP WIDTH="15" VPOS="709" HPOS="212"/>
							<String ID="string_121" HPOS="227" VPOS="709" WIDTH="102" HEIGHT="28" WC="0.96" CONTENT="Majestät"/><SP WIDTH="15" VPOS="709" HPOS="329"/>
							<String ID="string_122" HPOS="344" VPOS="709" WIDTH="7" HEIGHT="20" WC="0.93" CONTENT="i"/><SP WIDTH="16" VPOS="709" HPOS="351"/>
							<String ID="string_123" HPOS="367" VPOS="709" WIDTH="173" HEIGHT="27" WC="0.92" CONTENT="underdänighet"/><SP WIDTH="14" VPOS="709" HPOS="540"/>
							<String ID="string_124" HPOS="554" VPOS="709" WIDTH="54" HEIGHT="27" WC="0.96" CONTENT="göra"/><SP WIDTH="16" VPOS="709" HPOS="608"/>
							<String ID="string_125" HPOS="624" VPOS="716" WIDTH="27" HEIGHT="13" WC="0.96" CONTENT="en"/><SP WIDTH="15" VPOS="716" HPOS="651"/>
							<String ID="string_126" HPOS="666" VPOS="709" WIDTH="107" HEIGHT="27" WC="0.70" CONTENT="petition"/><SP WIDTH="-9" VPOS="709" HPOS="773"/>
							<String ID="string_127" HPOS="764" VPOS="704" WIDTH="10" HEIGHT="37" WC="0.70" CONTENT="i"/><SP WIDTH="14" VPOS="704" HPOS="774"/>
							<String ID="string_128" HPOS="788" VPOS="708" WIDTH="62" HEIGHT="28" WC="0.96" CONTENT="syfte,"/>
						</TextLine>
					</TextBlock>
				</ComposedBlock>
				<ComposedBlock ID="cblock_2" HPOS="296" VPOS="767" WIDTH="556" HEIGHT="276">
					<TextBlock ID="block_4" HPOS="300" VPOS="767" WIDTH="552" HEIGHT="170">
						<TextLine ID="line_17" HPOS="368" VPOS="767" WIDTH="484" HEIGHT="33">
							<String ID="string_129" HPOS="368" VPOS="775" WIDTH="31" HEIGHT="18" WC="0.93" CONTENT="att"/><SP WIDTH="17" VPOS="775" HPOS="399"/>
							<String ID="string_130" HPOS="416" VPOS="767" WIDTH="167" HEIGHT="33" WC="0.91" CONTENT="Öfverstyrelsen"/><SP WIDTH="11" VPOS="767" HPOS="583"/>
							<String ID="string_131" HPOS="594" VPOS="772" WIDTH="42" HEIGHT="27" WC="0.96" CONTENT="för"/><SP WIDTH="10" VPOS="772" HPOS="636"/>
							<String ID="string_132" HPOS="646" VPOS="772" WIDTH="143" HEIGHT="21" WC="0.93" CONTENT="skolväsendet"/><SP WIDTH="13" VPOS="772" HPOS="789"/>
							<String ID="string_133" HPOS="802" VPOS="772" WIDTH="50" HEIGHT="27" WC="0.92" CONTENT="egde"/>
						</TextLine>
						<TextLine ID="line_18" HPOS="300" VPOS="807" WIDTH="551" HEIGHT="28">
							<String ID="string_134" HPOS="300" VPOS="807" WIDTH="62" HEIGHT="21" WC="0.90" CONTENT="hvart"/><SP WIDTH="20" VPOS="807" HPOS="362"/>
							<String ID="string_135" HPOS="382" VPOS="807" WIDTH="67" HEIGHT="28" WC="0.96" CONTENT="tredje"/><SP WIDTH="15" VPOS="807" HPOS="449"/>
							<String ID="string_136" HPOS="464" VPOS="808" WIDTH="26" HEIGHT="20" WC="0.95" CONTENT="år"/><SP WIDTH="20" VPOS="808" HPOS="490"/>
							<String ID="string_137" HPOS="510" VPOS="807" WIDTH="34" HEIGHT="21" WC="0.95" CONTENT="till"/><SP WIDTH="21" VPOS="807" HPOS="544"/>
							<String ID="string_138" HPOS="565" VPOS="807" WIDTH="90" HEIGHT="21" WC="0.95" CONTENT="allmänt"/><SP WIDTH="22" VPOS="807" HPOS="655"/>
							<String ID="string_139" HPOS="677" VPOS="809" WIDTH="51" HEIGHT="18" WC="0.93" CONTENT="möte"/><SP WIDTH="18" VPOS="809" HPOS="728"/>
							<String ID="string_140" HPOS="746" VPOS="813" WIDTH="105" HEIGHT="14" WC="0.90" CONTENT="samman-"/>
						</TextLine>
						<TextLine ID="line_19" HPOS="300" VPOS="842" WIDTH="550" HEIGHT="21">
							<String ID="string_141" HPOS="300" VPOS="842" WIDTH="60" HEIGHT="21" WC="0.92" CONTENT="kalla"/><SP WIDTH="14" VPOS="842" HPOS="360"/>
							<String ID="string_142" HPOS="374" VPOS="842" WIDTH="139" HEIGHT="21" WC="0.92" CONTENT="lärarekåren"/><SP WIDTH="17" VPOS="842" HPOS="513"/>
							<String ID="string_143" HPOS="530" VPOS="842" WIDTH="36" HEIGHT="21" WC="0.96" CONTENT="vid"/><SP WIDTH="22" VPOS="842" HPOS="566"/>
							<String ID="string_144" HPOS="588" VPOS="842" WIDTH="82" HEIGHT="21" WC="0.93" CONTENT="landets"/><SP WIDTH="15" VPOS="842" HPOS="670"/>
							<String ID="string_145" HPOS="685" VPOS="842" WIDTH="165" HEIGHT="21" WC="0.92" CONTENT="elementarläro-"/>
						</TextLine>
						<TextLine ID="line_20" HPOS="301" VPOS="877" WIDTH="550" HEIGHT="28">
							<String ID="string_146" HPOS="301" VPOS="877" WIDTH="57" HEIGHT="26" WC="0.95" CONTENT="verk,"/><SP WIDTH="22" VPOS="877" HPOS="358"/>
							<String ID="string_147" HPOS="380" VPOS="877" WIDTH="95" HEIGHT="21" WC="0.96" CONTENT="läroverk"/><SP WIDTH="15" VPOS="877" HPOS="475"/>
							<String ID="string_148" HPOS="490" VPOS="877" WIDTH="42" HEIGHT="28" WC="0.93" CONTENT="för"/><SP WIDTH="17" VPOS="877" HPOS="532"/>
							<String ID="string_149" HPOS="549" VPOS="877" WIDTH="173" HEIGHT="27" WC="0.91" CONTENT="qvinnobildning"/><SP WIDTH="22" VPOS="877" HPOS="722"/>
							<String ID="string_150" HPOS="744" VPOS="879" WIDTH="55" HEIGHT="18" WC="0.93" CONTENT="samt"/><SP WIDTH="22" VPOS="879" HPOS="799"/>
							<String ID="string_151" HPOS="821" VPOS="877" WIDTH="30" HEIGHT="20" WC="0.92" CONTENT="lä-"/>
						</TextLine>
						<TextLine ID="line_21" HPOS="300" VPOS="911" WIDTH="422" HEIGHT="26">
							<String ID="string_152" HPOS="300" VPOS="919" WIDTH="59" HEIGHT="13" WC="0.92" CONTENT="rare-"/><SP WIDTH="15" VPOS="919" HPOS="359"/>
							<String ID="string_153" HPOS="374" VPOS="911" WIDTH="37" HEIGHT="21" WC="0.93" CONTENT="och"/><SP WIDTH="15" VPOS="911" HPOS="411"/>
							<String ID="string_154" HPOS="426" VPOS="911" WIDTH="244" HEIGHT="26" WC="0.91" CONTENT="lärarinneseminarier,"/><SP WIDTH="16" VPOS="911" HPOS="670"/>
							<String ID="string_155" HPOS="686" VPOS="911" WIDTH="36" HEIGHT="21" WC="0.96" CONTENT="och"/>
						</TextLine>
					</TextBlock>
					<TextBlock ID="block_5" HPOS="296" VPOS="945" WIDTH="556" HEIGHT="98">
						<TextLine ID="line_22" HPOS="371" VPOS="945" WIDTH="481" HEIGHT="28">
							<String ID="string_156" HPOS="371" VPOS="948" WIDTH="31" HEIGHT="19" WC="0.88" CONTENT="att"/><SP WIDTH="22" VPOS="948" HPOS="402"/>
							<String ID="string_157" HPOS="424" VPOS="946" WIDTH="78" HEIGHT="21" WC="0.96" CONTENT="sådant"/><SP WIDTH="22" VPOS="946" HPOS="502"/>
							<String ID="string_158" HPOS="524" VPOS="948" WIDTH="52" HEIGHT="19" WC="0.93" CONTENT="möte"/><SP WIDTH="17" VPOS="948" HPOS="576"/>
							<String ID="string_159" HPOS="593" VPOS="945" WIDTH="62" HEIGHT="28" WC="0.94" CONTENT="finge"/><SP WIDTH="21" VPOS="945" HPOS="655"/>
							<String ID="string_160" HPOS="676" VPOS="946" WIDTH="112" HEIGHT="20" WC="0.92" CONTENT="bestämma"/><SP WIDTH="16" VPOS="946" HPOS="788"/>
							<String ID="string_161" HPOS="804" VPOS="945" WIDTH="48" HEIGHT="27" WC="0.92" CONTENT="föl-"/>
						</TextLine>
						<TextLine ID="line_23" HPOS="296" VPOS="980" WIDTH="556" HEIGHT="28">
							<String ID="string_162" HPOS="296" VPOS="981" WIDTH="70" HEIGHT="27" WC="0.91" CONTENT="jande"/><SP WIDTH="26" VPOS="981" HPOS="366"/>
							<String ID="string_163" HPOS="392" VPOS="982" WIDTH="62" HEIGHT="19" WC="0.93" CONTENT="mötes"/><SP WIDTH="25" VPOS="982" HPOS="454"/>
							<String ID="string_164" HPOS="479" VPOS="981" WIDTH="136" HEIGHT="27" WC="0.92" CONTENT="samlingsort"/><SP WIDTH="21" VPOS="981" HPOS="615"/>
							<String ID="string_165" HPOS="636" VPOS="983" WIDTH="55" HEIGHT="18" WC="0.96" CONTENT="samt"/><SP WIDTH="21" VPOS="983" HPOS="691"/>
							<String ID="string_166" HPOS="712" VPOS="980" WIDTH="79" HEIGHT="21" WC="0.91" CONTENT="besluta"/><SP WIDTH="23" VPOS="980" HPOS="791"/>
							<String ID="string_167" HPOS="814" VPOS="987" WIDTH="38" HEIGHT="13" WC="0.91" CONTENT="an-"/>
						</TextLine>
						<TextLine ID="line_24" HPOS="301" VPOS="1015" WIDTH="466" HEIGHT="28">
							<String ID="string_168" HPOS="301" VPOS="1016" WIDTH="81" HEIGHT="27" WC="0.96" CONTENT="gående"/><SP WIDTH="14" VPOS="1016" HPOS="382"/>
							<String ID="string_169" HPOS="396" VPOS="1016" WIDTH="46" HEIGHT="20" WC="0.95" CONTENT="dess"/><SP WIDTH="12" VPOS="1016" HPOS="442"/>
							<String ID="string_170" HPOS="454" VPOS="1022" WIDTH="104" HEIGHT="20" WC="0.96" CONTENT="program"/><SP WIDTH="15" VPOS="1022" HPOS="558"/>
							<String ID="string_171" HPOS="573" VPOS="1015" WIDTH="36" HEIGHT="21" WC="0.96" CONTENT="och"/><SP WIDTH="15" VPOS="1015" HPOS="609"/>
							<String ID="string_172" HPOS="624" VPOS="1015" WIDTH="143" HEIGHT="22" WC="0.93" CONTENT="anordnande."/>
						</TextLine>
					</TextBlock>
				</ComposedBlock>
				<ComposedBlock ID="cblock_3" HPOS="98" VPOS="1088" WIDTH="756" HEIGHT="58">
					<TextBlock ID="block_6" HPOS="98" VPOS="1088" WIDTH="756" HEIGHT="58">
						<TextLine ID="line_25" HPOS="169" VPOS="1088" WIDTH="685" HEIGHT="29">
							<String ID="string_173" HPOS="169" VPOS="1090" WIDTH="140" HEIGHT="27" WC="0.96" CONTENT="Helsingfors,"/><SP WIDTH="12" VPOS="1090" HPOS="309"/>
							<String ID="string_174" HPOS="321" VPOS="1088" WIDTH="116" HEIGHT="22" WC="0.92" CONTENT="Allmänna"/><SP WIDTH="13" VPOS="1088" HPOS="437"/>
							<String ID="string_175" HPOS="450" VPOS="1089" WIDTH="198" HEIGHT="22" WC="0.92" CONTENT="Besvärsutskottet"/><SP WIDTH="11" VPOS="1089" HPOS="648"/>
							<String ID="string_176" HPOS="659" VPOS="1090" WIDTH="40" HEIGHT="20" WC="0.96" CONTENT="den"/><SP WIDTH="13" VPOS="1090" HPOS="699"/>
							<String ID="string_177" HPOS="712" VPOS="1090" WIDTH="25" HEIGHT="21" WC="0.96" CONTENT="27"/><SP WIDTH="12" VPOS="1090" HPOS="737"/>
							<String ID="string_178" HPOS="749" VPOS="1088" WIDTH="105" HEIGHT="22" WC="0.96" CONTENT="Februari"/>
						</TextLine>
						<TextLine ID="line_26" HPOS="98" VPOS="1125" WIDTH="61" HEIGHT="21">
							<String ID="string_179" HPOS="98" VPOS="1125" WIDTH="61" HEIGHT="21" WC="0.95" CONTENT="1891."/>
						</TextLine>
					</TextBlock>
				</ComposedBlock>
				<ComposedBlock ID="cblock_4" HPOS="97" VPOS="1202" WIDTH="757" HEIGHT="168">
					<TextBlock ID="block_7" HPOS="97" VPOS="1202" WIDTH="757" HEIGHT="168">
						<TextLine ID="line_27" HPOS="165" VPOS="1202" WIDTH="688" HEIGHT="30">
							<String ID="string_180" HPOS="165" VPOS="1206" WIDTH="9" HEIGHT="19" WC="0.96" CONTENT="I"/><SP WIDTH="19" VPOS="1206" HPOS="174"/>
							<String ID="string_181" HPOS="193" VPOS="1205" WIDTH="102" HEIGHT="21" WC="0.96" CONTENT="ärendets"/><SP WIDTH="19" VPOS="1205" HPOS="295"/>
							<String ID="string_182" HPOS="314" VPOS="1204" WIDTH="132" HEIGHT="27" WC="0.96" CONTENT="behandling"/><SP WIDTH="16" VPOS="1204" HPOS="446"/>
							<String ID="string_183" HPOS="462" VPOS="1204" WIDTH="66" HEIGHT="22" WC="0.96" CONTENT="hafva"/><SP WIDTH="15" VPOS="1204" HPOS="528"/>
							<String ID="string_184" HPOS="543" VPOS="1204" WIDTH="91" HEIGHT="28" WC="0.96" CONTENT="deltagit"/><SP WIDTH="15" VPOS="1204" HPOS="634"/>
							<String ID="string_185" HPOS="649" VPOS="1204" WIDTH="117" HEIGHT="21" WC="0.93" CONTENT="utskottets"/><SP WIDTH="16" VPOS="1204" HPOS="766"/>
							<String ID="string_186" HPOS="782" VPOS="1202" WIDTH="71" HEIGHT="22" WC="0.90" CONTENT="ordfö-"/>
						</TextLine>
						<TextLine ID="line_28" HPOS="97" VPOS="1237" WIDTH="756" HEIGHT="29">
							<String ID="string_187" HPOS="97" VPOS="1240" WIDTH="67" HEIGHT="20" WC="0.96" CONTENT="rande"/><SP WIDTH="23" VPOS="1240" HPOS="164"/>
							<String ID="string_188" HPOS="187" VPOS="1239" WIDTH="100" HEIGHT="27" WC="0.93" CONTENT="Ramsay,"/><SP WIDTH="23" VPOS="1239" HPOS="287"/>
							<String ID="string_189" HPOS="310" VPOS="1238" WIDTH="168" HEIGHT="22" WC="0.90" CONTENT="medlemmarne"/><SP WIDTH="16" VPOS="1238" HPOS="478"/>
							<String ID="string_190" HPOS="494" VPOS="1239" WIDTH="48" HEIGHT="21" WC="0.96" CONTENT="frih."/><SP WIDTH="17" VPOS="1239" HPOS="542"/>
							<String ID="string_191" HPOS="559" VPOS="1246" WIDTH="41" HEIGHT="14" WC="0.96" CONTENT="von"/><SP WIDTH="17" VPOS="1246" HPOS="600"/>
							<String ID="string_192" HPOS="617" VPOS="1238" WIDTH="114" HEIGHT="26" WC="0.96" CONTENT="Knorring,"/><SP WIDTH="17" VPOS="1238" HPOS="731"/>
							<String ID="string_193" HPOS="748" VPOS="1237" WIDTH="48" HEIGHT="22" WC="0.96" CONTENT="frih."/><SP WIDTH="16" VPOS="1237" HPOS="796"/>
							<String ID="string_194" HPOS="812" VPOS="1244" WIDTH="41" HEIGHT="14" WC="0.96" CONTENT="von"/>
						</TextLine>
						<TextLine ID="line_29" HPOS="98" VPOS="1271" WIDTH="755" HEIGHT="30">
							<String ID="string_195" HPOS="98" VPOS="1273" WIDTH="139" HEIGHT="28" WC="0.91" CONTENT="Willebrand,"/><SP WIDTH="20" VPOS="1273" HPOS="237"/>
							<String ID="string_196" HPOS="257" VPOS="1274" WIDTH="121" HEIGHT="26" WC="0.96" CONTENT="Nordlund,"/><SP WIDTH="18" VPOS="1274" HPOS="378"/>
							<String ID="string_197" HPOS="396" VPOS="1274" WIDTH="66" HEIGHT="26" WC="0.95" CONTENT="Bäck,"/><SP WIDTH="20" VPOS="1274" HPOS="462"/>
							<String ID="string_198" HPOS="482" VPOS="1273" WIDTH="118" HEIGHT="27" WC="0.96" CONTENT="Melander,"/><SP WIDTH="15" VPOS="1273" HPOS="600"/>
							<String ID="string_199" HPOS="615" VPOS="1273" WIDTH="113" HEIGHT="27" WC="0.95" CONTENT="Bergroth,"/><SP WIDTH="15" VPOS="1273" HPOS="728"/>
							<String ID="string_200" HPOS="743" VPOS="1271" WIDTH="110" HEIGHT="28" WC="0.95" CONTENT="Sundvall,"/>
						</TextLine>
						<TextLine ID="line_30" HPOS="97" VPOS="1307" WIDTH="757" HEIGHT="29">
							<String ID="string_201" HPOS="97" VPOS="1307" WIDTH="78" HEIGHT="28" WC="0.96" CONTENT="Lindh,"/><SP WIDTH="17" VPOS="1307" HPOS="175"/>
							<String ID="string_202" HPOS="192" VPOS="1308" WIDTH="92" HEIGHT="28" WC="0.95" CONTENT="Nyberg,"/><SP WIDTH="16" VPOS="1308" HPOS="284"/>
							<String ID="string_203" HPOS="300" VPOS="1308" WIDTH="96" HEIGHT="28" WC="0.92" CONTENT="Ojanen;"/><SP WIDTH="17" VPOS="1308" HPOS="396"/>
							<String ID="string_204" HPOS="413" VPOS="1308" WIDTH="80" HEIGHT="28" WC="0.96" CONTENT="Pöysti,"/><SP WIDTH="16" VPOS="1308" HPOS="493"/>
							<String ID="string_205" HPOS="509" VPOS="1307" WIDTH="117" HEIGHT="22" WC="0.96" CONTENT="Danielson"/><SP WIDTH="17" VPOS="1307" HPOS="626"/>
							<String ID="string_206" HPOS="643" VPOS="1307" WIDTH="40" HEIGHT="22" WC="0.96" CONTENT="och"/><SP WIDTH="18" VPOS="1307" HPOS="683"/>
							<String ID="string_207" HPOS="701" VPOS="1307" WIDTH="87" HEIGHT="21" WC="0.90" CONTENT="Bremer"/><SP WIDTH="11" VPOS="1307" HPOS="788"/>
							<String ID="string_208" HPOS="799" VPOS="1308" WIDTH="55" HEIGHT="20" WC="0.96" CONTENT="samt"/>
						</TextLine>
						<TextLine ID="line_31" HPOS="97" VPOS="1342" WIDTH="532" HEIGHT="28">
							<String ID="string_209" HPOS="97" VPOS="1342" WIDTH="169" HEIGHT="27" WC="0.92" CONTENT="suppleanterne"/><SP WIDTH="16" VPOS="1342" HPOS="266"/>
							<String ID="string_210" HPOS="282" VPOS="1342" WIDTH="147" HEIGHT="28" WC="0.96" CONTENT="Wasastjerna"/><SP WIDTH="15" VPOS="1342" HPOS="429"/>
							<String ID="string_211" HPOS="444" VPOS="1342" WIDTH="42" HEIGHT="22" WC="0.96" CONTENT="och"/><SP WIDTH="14" VPOS="1342" HPOS="486"/>
							<String ID="string_212" HPOS="500" VPOS="1342" WIDTH="129" HEIGHT="28" WC="0.96" CONTENT="Appelberg."/>
						</TextLine>
					</TextBlock>
				</ComposedBlock>
				<ComposedBlock ID="cblock_5" HPOS="168" VPOS="1479" WIDTH="483" HEIGHT="18">
					<TextBlock ID="block_8" HPOS="168" VPOS="1479" WIDTH="483" HEIGHT="18">
						<TextLine ID="line_32" HPOS="168" VPOS="1479" WIDTH="483" HEIGHT="18">
							<String ID="string_213" HPOS="168" VPOS="1479" WIDTH="100" HEIGHT="18" WC="0.93" CONTENT="Allmänna"/><SP WIDTH="12" VPOS="1479" HPOS="268"/>
							<String ID="string_214" HPOS="280" VPOS="1479" WIDTH="173" HEIGHT="18" WC="0.90" CONTENT="Besvärsutskottets"/><SP WIDTH="11" VPOS="1479" HPOS="453"/>
							<String ID="string_215" HPOS="464" VPOS="1479" WIDTH="112" HEIGHT="18" WC="0.93" CONTENT="betänkande"/><SP WIDTH="11" VPOS="1479" HPOS="576"/>
							<String ID="string_216" HPOS="587" VPOS="1479" WIDTH="34" HEIGHT="18" WC="0.96" CONTENT="N:o"/><SP WIDTH="13" VPOS="1479" HPOS="621"/>
							<String ID="string_217" HPOS="634" VPOS="1479" WIDTH="17" HEIGHT="17" WC="0.96" CONTENT="3."/>
						</TextLine>
					</TextBlock>
				</ComposedBlock>
			</PrintSpace>
		</Page>
	</Layout>
</alto>
