1056 1670
324 104 225 22 Petitionsbetänkande
566 104 34 21 N:o
616 103 14 22 1.
778 104 43 21 115

94 164 150 22 förstnämnda
259 164 64 21 stånd
338 166 118 25 yttermera
472 164 74 21 anhöll
565 170 35 15 om
612 163 136 27 proposition
759 164 7 20 i
777 164 74 20 ämnet

96 200 34 21 till
145 200 96 28 följande
257 200 111 26 landtdag.

165 236 39 21 Uti
227 236 26 20 de
274 236 57 20 inom
349 238 33 18 tre
398 236 65 20 stånd
480 242 30 14 nu
526 235 157 21 framlemnade
698 234 150 27 petitionsme-

95 272 104 21 morialen
221 270 132 22 beträffande
378 277 82 15 samma
484 270 68 28 fråga,
577 270 91 22 föreslås
692 270 109 22 aflåtande
823 270 23 21 af

96 314 26 14 en
138 307 92 27 petition
247 307 81 27 derom,
345 309 34 19 att
394 307 68 21 linien
479 307 34 21 för
529 308 42 20 den
588 306 129 27 ifrågasatta
731 306 118 27 jernvägen

96 344 68 20 måtte
180 344 28 25 på
224 343 144 21 statsverkets
384 342 123 22 bekostnad
523 342 167 22 instrumentalt
705 342 145 26 undersökas;

96 378 146 26 petitionären
258 378 58 22 Herr
326 378 33 21 W.
376 378 68 28 Spåre
460 378 94 22 föreslår
570 378 125 22 derutöfver
711 385 26 15 en
748 378 102 21 anhållan

96 420 34 15 om
147 416 33 19 att
195 414 70 21 banan
282 414 70 21 skulle
368 414 102 27 beläggas
487 415 50 20 med
554 414 75 21 arbete
646 414 134 21 omedelbart
795 413 57 22 efter

98 450 41 21 den
155 450 108 21 Karelska
278 450 83 21 banans
377 450 144 21 slutförande.

167 485 75 22 Under
266 486 40 21 den
327 486 133 27 diskussion,
485 493 46 14 som
553 486 58 21 inom
633 486 161 26 Ridderskapet
810 485 40 22 och

96 521 70 21 Adeln
187 522 54 26 egde
262 528 47 14 rum
330 521 36 21 vid
383 522 160 26 petitionernas
559 521 79 21 remiss
654 521 35 21 till
704 521 92 26 utskott,
813 521 36 21 be-

96 557 75 21 rördes
191 557 67 21 bland
279 559 66 19 annat
366 558 42 21 den
429 558 118 26 synpunkt,
564 559 33 19 att
612 556 168 27 ifrågavarande
793 556 58 27 jern-

96 593 107 27 vägslinie
219 594 87 20 komme
317 595 33 19 att
361 594 72 21 starkt
443 594 137 21 konkurrera
592 593 48 21 med
652 593 68 21 redan
732 592 119 22 bestående

94 629 116 26 jernvägar
226 626 40 24 och
282 629 85 21 minska
383 628 92 22 trafiken
492 630 14 20 å
522 630 56 26 dem,
596 635 26 15 en
638 628 163 27 omständighet
816 628 34 20 till

96 664 87 22 hvilken
206 671 50 15 man
278 665 46 21 icke
346 665 72 21 kunde
440 664 116 22 underlåta
577 666 34 20 att
631 666 53 25 taga
705 664 91 27 hänsyn,
823 664 27 20 då

97 700 61 26 fråga
174 702 24 19 är
214 706 34 15 om
265 701 133 26 åtgöranden
414 700 48 22 från
478 702 85 20 statens
580 700 48 22 sida
650 700 34 21 för
700 700 150 26 befrämjande

97 736 23 21 af
134 736 70 21 denna
217 736 103 27 jernvägs
336 736 124 27 uppkomst.

167 771 35 22 Då
217 772 41 21 den
274 772 92 22 berörda
382 772 138 27 synpunkten
538 772 39 21 har
593 778 27 16 en
644 772 48 21 icke
714 771 135 26 oväsendtlig

96 807 113 27 principiel
229 808 117 27 betydelse,
366 809 39 21 har
424 808 110 22 utskottet
556 810 55 20 trott
630 808 33 27 sig
679 808 59 27 böra,
755 808 25 21 så
795 807 54 27 godt

96 843 34 26 sig
152 845 52 24 göra
227 842 51 28 läte,
302 844 53 21 söka
378 844 73 21 lemna
474 844 102 21 material
598 843 34 22 till
654 844 49 21 dess
723 843 125 26 belysande.

96 878 60 21 Inom
177 879 110 21 utskottet
306 879 40 22 har
366 879 7 21 i
395 880 79 21 sådant
497 880 103 21 afseende
624 879 114 27 uppgjorts
760 879 89 26 bilagda

96 916 80 20 tvenne
192 914 98 27 tabeller,
307 915 74 21 hvilka
397 915 88 27 angifva
502 915 41 21 den
559 915 65 21 trafik
640 921 47 15 som
703 921 29 14 nu
748 916 37 25 egt
801 920 47 15 rum

96 950 79 21 mellan
186 945 47 27 Åbo
248 951 39 20 och
297 951 135 26 Helsingfors
439 951 69 26 jemte
517 951 142 27 närliggande
669 951 113 26 stationer,
791 951 58 20 samt

96 986 93 21 emellan
212 986 48 21 dem
282 987 37 20 och
336 986 77 27 Hangö
430 986 78 27 banan,
525 986 88 22 hvilken
629 986 72 27 trafik,
718 986 73 21 derest
807 986 42 20 den

96 1020 126 28 föreslagna
238 1022 122 21 kustbanan
376 1022 87 22 komme
480 1022 35 21 till
531 1022 72 27 stånd,
614 1022 47 21 dels
672 1022 46 21 helt
729 1022 40 21 och
780 1021 69 21 hållet

96 1056 46 22 dels
166 1058 13 20 å
202 1064 27 14 en
250 1058 43 20 viss
315 1058 87 21 sträcka
422 1058 87 22 komme
530 1060 34 19 att
585 1058 103 21 bortfalla
707 1057 48 21 från
775 1057 27 21 de
818 1063 30 15 nu

96 1093 136 21 existerande
256 1094 96 21 banorna
376 1094 34 21 för
426 1096 33 19 att
475 1093 135 27 öfverflyttas
626 1094 28 26 på
669 1094 41 21 den
726 1099 48 21 nya.
806 1093 43 21 Vid

95 1129 165 27 uppställandet
278 1129 23 21 af
318 1130 63 21 dessa
399 1130 93 22 tabeller
511 1130 40 21 har
570 1130 33 21 för
627 1130 140 21 enkelhetens
790 1128 58 22 skull

95 1164 125 28 förutsatts,
242 1167 33 19 att
296 1166 40 21 den
357 1172 42 20 nya
417 1166 120 26 jernvägen
560 1166 69 21 skulle
650 1166 36 20 vid
702 1165 64 21 Karis
783 1164 65 22 skära

95 1200 76 27 Hangö
187 1201 71 21 banan
282 1203 52 19 utan
350 1203 34 19 att
400 1202 90 20 dermed
505 1202 65 20 hafva
586 1202 70 26 någon
670 1201 35 21 del
716 1206 132 22 gemensam.

95 1236 75 21 Under
193 1238 68 20 sådan
284 1236 158 27 förutsättning
465 1238 97 25 komme,
578 1237 35 21 vid
637 1236 65 21 trafik
723 1237 6 20 i
750 1236 98 26 riktning

95 1267 222 32 Åbo—Helsingfors,
338 1273 137 21 stationerna
496 1273 168 26 Lundo—Kyrö
684 1274 14 19 &
712 1267 47 26 Åbo
775 1272 72 21 banan

96 1310 57 19 samt
173 1308 225 22 Malm-—Träskända
418 1310 13 20 &
451 1308 303 28 Helsingfors-—Tavastehus
775 1308 72 21 banan

96 1347 33 18 att
151 1344 64 22 hafva
238 1347 70 19 större
331 1345 70 21 fördel
419 1345 24 21 af
462 1347 34 20 att
517 1345 98 27 begagna
636 1345 43 21 den
700 1351 40 21 nya
768 1347 28 18 än
821 1345 26 20 de

94 1380 72 27 gamla
187 1380 103 22 banorna.
321 1381 42 21 Vid
386 1380 66 22 trafik
468 1381 7 21 i
491 1381 99 26 riktning
605 1375 154 32 Åbo—Hangö
774 1380 73 21 banan

94 1416 99 21 kommer
208 1423 84 15 samma
307 1416 135 22 förhållande
458 1418 34 20 att
508 1423 40 19 ega
564 1423 47 15 rum
628 1417 49 21 med
686 1417 42 21 alla
739 1416 109 21 stationer

165 1456 175 24 Jernvägsutskottets
352 1456 108 19 betänkande
472 1457 35 18 N:o
520 1458 16 16 1.
