1034 1670
312 161 208 23 Petitionsbetänkande
537 161 33 23 N:o
586 161 35 23 25.
801 163 12 19 5

86 224 87 26 bringas
189 223 31 21 till
236 224 81 20 mindre
333 224 27 20 än
377 228 55 22 5000
447 223 60 21 mark
523 230 39 20 per
578 224 28 20 år.
637 224 37 20 All
690 224 103 21 omtanke
807 224 37 20 vid

87 258 62 20 detta
164 257 209 27 mönsterjordbruks
389 259 148 25 organisation
553 258 41 20 och
610 258 41 20 alla
660 258 68 27 därpå
736 258 108 27 nedlagda

86 292 118 20 kostnader
220 292 75 20 visade
309 293 34 25 sig
358 292 119 20 emellertid
493 292 66 20 redan
572 295 32 18 tre
614 293 23 20 år
648 300 76 13 senare
734 292 31 21 till
775 292 69 21 större

87 326 63 20 delen
165 326 105 27 förspilda
286 326 41 20 och
342 326 162 20 modellfarmen
516 326 94 27 indrogs,
628 326 90 21 emedan
735 339 26 2 —
772 327 72 20 såsom

88 360 37 21 det
140 360 61 21 heter
217 362 6 18 i
238 360 105 21 Senatens
354 360 75 20 härom
440 360 76 27 gjorda
525 360 127 21 hemställan
663 373 24 2 —
698 377 11 9 ,,
712 361 131 25 densamma,

87 395 73 19 såsom
183 394 92 27 belägen
297 396 6 18 i
326 401 26 13 en
375 394 96 27 aflägsen
495 394 42 20 och
559 394 96 21 särdeles
670 395 57 26 glest
742 394 103 21 befolkad

87 428 103 25 landsort,
216 428 48 21 icke
286 428 138 21 motsvarade
447 428 38 21 det
509 428 90 21 därmed
617 429 90 20 afsedda
723 428 122 21 ändamålet

88 462 42 21 och
151 463 67 26 något
240 462 71 21 bättre
333 462 89 21 resultat
445 463 25 20 af
489 463 53 20 dess
566 463 138 21 värksamhet
719 464 6 19 i
741 463 43 20 den
798 463 47 20 när-

88 499 69 18 maste
172 497 115 20 framtiden
301 496 47 21 icke
363 504 53 13 vore
431 500 32 17 att
478 497 87 20 vänta."

156 531 82 26 Jämför
260 537 49 14 man
325 538 26 13 nu
368 531 27 20 de
411 531 178 26 förutsättningar
604 531 33 20 för
653 539 27 12 en
699 531 146 21 modellfarms

87 564 170 28 framgångsrika
279 565 144 25 värksamhet,
448 572 48 13 som
515 565 70 20 kunna
600 572 63 13 anses
678 573 51 12 vara
744 565 33 21 för
793 565 51 20 han-

88 599 43 20 den
146 601 6 18 i
167 599 77 21 Kittilä
267 599 41 20 och
324 601 5 18 i
345 599 137 27 Haapajärvi,
507 600 69 20 måste
599 606 27 13 en
641 600 67 20 sådan
720 599 125 27 jämförelse

88 633 95 26 afgjordt
198 633 74 21 utfalla
287 633 30 21 till
333 633 41 20 den
390 633 119 21 sistnämda
525 636 73 17 ortens
614 633 88 21 förmån.
732 633 36 27 Ty
779 633 67 21 under

88 667 38 20 det
137 670 88 17 naturen
228 663 9 36 i
252 667 78 21 Kittilä
341 667 46 26 (vid
397 667 89 26 ungetär
497 667 37 26 679
545 667 34 26 40'
590 667 85 27 nordlig
688 667 76 28 brädd)
773 668 73 20 såsom

88 701 65 20 ofvan
168 701 70 21 blifvit
252 701 81 25 nämdt,
345 701 23 20 är
379 703 6 18 i
395 701 80 27 högsta
485 701 53 27 grad
549 701 60 27 karg,
621 702 108 20 vitsordas
740 701 105 27 Jokisaari

88 735 100 20 hemman
203 735 25 21 af
239 735 86 20 skolans
348 735 112 27 inspektör
483 737 73 19 säsom
578 736 134 21 omfattande
735 735 110 27 ansenliga

88 769 97 21 sträckor
209 769 123 27 odlingsbar
350 769 49 27 jord
415 769 42 21 och
472 769 105 28 naturliga
593 770 73 27 ängar.
696 769 111 27 Därjämte
823 769 22 20 är

88 803 154 28 folkmängden
257 805 6 19 i
279 804 130 27 Haapajärvi
425 817 27 2 —
468 804 68 27 enligt
551 803 111 22 Statistisk
682 804 78 21 ärsbok
775 803 33 21 för
823 803 23 20 är

91 838 50 26 1891
160 850 27 2 —
202 838 30 27 pä
254 845 27 13 en
296 838 57 20 areal
369 838 23 20 af
405 838 42 25 846
461 838 47 20 km?
520 843 60 21 4,791
600 845 110 20 personer,
726 838 67 20 under
809 837 37 21 det

88 875 33 18 att
136 872 88 21 Kittiläs
246 872 120 21 vidsträkta
385 872 127 20 ödemarker
527 872 69 22 bebos
612 872 24 20 af
648 872 55 20 blott
719 872 64 25 2,460
798 878 48 20 per-

88 913 64 13 soner
175 907 29 27 pä
219 906 98 27 omkring
335 912 75 20 10,000
425 906 57 26 km?;
505 906 99 27 slutligen
624 906 38 20 äro
678 906 168 20 allmänbildnin-

88 948 43 20 gen
147 940 41 21 och
204 940 141 21 samfärdseln
364 941 50 20 med
430 941 37 20 det
483 940 69 27 öfriga
567 940 74 21 landet
656 940 130 26 ojämförligt
801 946 45 14 mer

89 975 128 21 utväcklade
233 977 6 19 i
254 975 131 27 Haapajärvi
400 976 25 20 än
442 976 6 20 i
463 975 84 21 Kittilä.
578 975 34 21 Dä
628 975 88 20 sälunda
732 978 73 17 ortens
816 974 31 20 af-

89 1009 75 27 lägsna
186 1009 49 27 läge
257 1010 42 20 och
321 1009 164 27 befolkningens
506 1009 85 27 gleshet
606 1009 66 27 gäfvo
687 1009 114 26 anledning
816 1008 31 20 till

89 1044 105 26 Jokisaari
216 1044 147 20 modelltarms
386 1044 134 27 indragning,
543 1050 65 20 synes
625 1043 156 21 ofvanstäende
794 1042 53 27 jäm-

90 1078 78 20 förelse
191 1078 102 20 innebära
314 1078 87 20 talande
425 1078 47 20 skäl
494 1078 34 20 för
550 1078 133 26 antagandet
698 1080 32 18 att
746 1084 26 14 en
788 1076 60 27 dylik

89 1112 156 25 mönsterfarm,
269 1112 78 27 anlagd
363 1114 6 19 i
385 1112 82 25 Kittilä,
491 1112 48 20 icke
560 1111 87 21 komme
669 1114 32 18 att
716 1111 66 21 blifva
798 1118 50 19 syn-

89 1146 95 27 nerligen
200 1146 123 27 länglifvad.
339 1147 29 20 Pä
379 1146 68 27 grund
456 1146 66 20 häraf
527 1146 41 20 och
576 1146 28 20 dä
613 1146 42 20 den
662 1145 186 26 jordbruksskole-

89 1180 88 25 komité,
194 1187 47 14 som
256 1180 87 27 nyligen
359 1180 85 21 slutfört
460 1181 37 20 sitt
519 1179 52 26 värf,
591 1179 116 27 föreslagit,
724 1183 32 17 att
772 1179 76 26 styrel-

90 1221 38 14 sen
151 1214 32 21 för
205 1214 184 27 tillyodoseendet
404 1214 25 21 af
441 1214 38 21 det
502 1213 133 28 nordligaste
657 1213 101 21 Finlands
782 1213 69 20 behof

90 1249 66 20 mätte
172 1250 6 19 i
194 1249 127 20 Rovaniemi
344 1249 78 20 inrätta
445 1255 26 13 en
491 1247 178 27 jordbruksskola
691 1248 49 20 med
761 1247 88 26 ett-ärig

90 1283 219 27 undervisningskurs,
326 1282 39 20 har
386 1282 106 21 utskottet
508 1282 18 26 ej
542 1282 58 20 velat
616 1282 86 20 förorda
718 1288 26 14 en
759 1280 89 22 modell-

90 1317 63 21 farms
170 1317 135 27 anläggande
311 1312 12 36 i
342 1316 83 21 Kittilä.

158 1352 44 20 Det
218 1358 80 20 genom
313 1350 210 28 petitionsförslaget
537 1350 154 21 konstaterade
706 1350 106 21 behofvet
827 1349 25 20 af

90 1385 72 21 ökade
182 1384 123 28 kunskaper
320 1386 6 20 i
342 1384 114 21 landtbruk
479 1386 30 19 uti
532 1384 84 21 landets
639 1384 25 21 af
681 1388 89 17 naturen
793 1386 56 18 mest

90 1419 126 21 vanlottade
238 1418 80 27 näjder,
341 1419 38 20 har
402 1418 107 21 utskottet
529 1418 127 27 visserligen
671 1421 71 18 ansett
757 1416 92 27 förtjäna

90 1453 37 20 allt
149 1453 129 21 beaktande.
309 1452 77 21 Säsom
409 1456 31 17 ett
463 1452 99 27 lämpligt
584 1452 72 21 medel
671 1452 31 21 till
716 1451 97 27 fyllande
827 1450 26 21 af

161 1492 103 17 Allmänna
275 1491 169 18 Besvärsutskottets
457 1491 110 17 betänkande
580 1492 36 16 N:o
628 1491 29 17 16.
