1064 1661
274 113 246 28 Petitionsbetänkande
535 118 38 23 N:o
589 117 21 24 8.
793 121 14 20 b

76 187 75 22 tionen
166 187 49 22 från
229 187 48 22 vårt
292 187 54 22 land
361 187 93 22 innebär
469 194 26 15 en
510 187 24 22 så
549 187 46 22 vidt
612 187 82 28 möjligt
709 187 127 28 fullständig

74 222 117 27 utredning
201 222 24 21 af
233 223 89 20 därmed
331 222 216 30 sammanhängande
555 222 206 22 missförhållanden
769 223 67 21 borde

75 256 81 22 företes
171 256 40 21 och
226 258 31 19 ett
272 257 29 26 på
316 257 66 21 dessa
397 256 190 28 undersökningar
602 256 102 22 baseradt
715 257 81 27 förslag
804 257 34 21 till

74 291 37 21 det
133 291 68 21 ondas
223 290 109 22 häfvande
354 291 118 27 uppgöras.
501 291 44 27 Att]
560 290 108 22 utskottet
682 291 79 22 härvid
776 291 8 21 i
799 292 38 20 sitt

73 324 82 28 förslag
169 324 33 22 till
217 325 99 27 petition,
331 324 49 22 icke
396 326 30 26 pä
440 326 44 20 sätt
499 325 147 27 petitionären
669 326 37 20 det
728 325 58 28 gjort
802 326 36 21 de-

76 359 87 21 finierat
183 359 166 27 ifrägavarande
372 359 204 22 missförhällanden
599 360 72 21 säsom
693 360 83 27 sedliga
798 360 41 22 och

74 394 87 28 sociala,
178 394 62 21 beror
254 395 29 27 pä
297 396 40 25 att,
354 394 103 21 särskildt
471 395 59 21 inom
546 395 26 21 de
584 394 100 28 nordliga
692 395 144 28 domsagorna

75 429 64 21 äfven
157 436 27 14 en
202 430 80 27 mängd
301 429 117 21 konflikter
439 429 25 22 af
476 432 50 19 rent
540 429 88 28 rättslig
643 431 65 20 natur
722 429 78 22 vällats
816 430 24 21 af

75 464 157 27 emigrationen
251 464 51 21 eller
320 465 92 20 därmed
430 465 138 20 sammanstä.
585 477 29 2 —
629 463 109 28 Tilläggas
753 465 35 21 mä
804 467 33 19 att

75 505 36 15 om
131 499 5 20 i
152 499 136 27 sistantydda
307 499 89 28 förslag,
417 499 73 21 såsom
507 499 33 27 sig
555 499 75 25 borde,
646 499 61 21 äfven
723 498 114 23 anvisades

78 533 91 27 lämplig
190 534 66 26 utväg
277 533 34 21 till
329 535 33 19 att
386 533 100 27 bibringa
500 533 48 22 värt
563 533 47 21 folk
625 539 27 15 en
667 533 78 21 hittills
760 534 78 21 endast

75 567 74 22 alltför
163 568 48 21 litet
225 567 74 28 spridd
314 567 70 27 insigt
400 574 35 14 om
451 568 169 26 emigrationens
628 567 210 22 nationalekonomi-

77 602 41 22 ska
132 603 74 26 vädor,
221 609 35 14 om
271 603 58 20 rätta
344 602 148 22 förhällandet
507 602 80 21 mellan
603 602 145 27 emigrantens
759 609 79 15 sanno-

77 636 47 22 lika
138 637 57 21 vinst
204 637 8 21 i
222 637 136 21 främmande
372 636 55 22 land
442 637 41 21 och
498 638 42 20 den
555 636 79 22 förlust
649 636 44 22 han
707 636 55 22 lider
772 636 25 22 af
805 639 33 19 att

78 672 73 21 lomna
170 671 37 21 sitt
222 671 50 21 hem
286 671 9 21 i
310 671 85 21 saknad
411 671 25 21 af
448 672 93 26 ägarens
556 671 96 27 eftersyn
667 670 40 22 och
723 672 66 26 nödig
804 678 34 14 ar-

78 706 112 26 betskraft,
206 712 35 15 om
255 706 96 21 faktiska
367 706 156 27 proportionen
539 706 80 21 mellan
636 705 83 21 antalet
733 706 25 21 af
767 706 26 21 de
804 708 34 18 ut-

77 741 112 25 vandrare,
205 747 46 14 som
266 740 112 27 verkligen
392 740 58 28 gjort
465 740 70 27 lycka,
550 740 41 21 och
606 740 44 21 alla
664 740 56 26 dem,
730 746 46 15 som
791 740 47 27 gätt

77 775 80 22 svikna
179 774 173 28 förhoppningar
374 774 34 21 till
429 775 75 26 mötes,
526 775 24 21 sä
568 774 70 22 skulle
650 774 27 28 ju
692 775 41 21 den
749 774 90 22 afsedda

78 843 129 28 kraftigaste
229 844 74 25 rötter,
326 843 37 21 det
382 843 8 21 i
406 844 79 26 mänga
500 843 38 21 fall
553 843 25 21 af
592 843 162 26 okunnigheten
769 843 69 21 närda

79 878 41 21 och
135 878 24 21 af
172 877 71 22 falska
257 877 173 28 förespeglingar
445 878 82 27 eggade
542 877 188 28 förvärfsbegäret.

145 913 140 21 Beträffande
300 913 60 21 rätta
375 913 67 21 sättet
452 914 34 20 att
496 912 103 22 realisera
607 911 158 23 ofvanberörda
774 911 64 22 önsk-

81 947 108 27 ningsmäl
203 948 40 20 har
257 947 108 21 utskottet
381 947 49 21 icke
446 947 130 22 därutinnan
592 946 91 22 anslutit
698 947 32 27 sig
740 947 33 21 till
784 947 53 27 peti-

77 979 112 24 tionärens
211 982 86 28 förslag,
318 984 33 20 att
372 982 87 21 landets
475 982 94 22 Ständer
585 982 65 21 borde
666 982 34 21 för
715 982 124 21 ändamälet

78 1016 89 22 anhålla
181 1024 36 14 om
231 1016 146 22 tillsättandet
392 1016 25 22 af
430 1023 27 15 en
473 1016 87 22 komit6.
592 1016 111 22 Utskottet
723 1016 39 21 har
776 1017 63 20 näm-

78 1050 58 28 ligen
159 1053 72 19 ansett
253 1051 125 22 Ständerna
398 1050 48 22 icke
467 1050 53 22 böra
540 1058 79 20 genom
644 1053 32 19 ett
697 1051 112 21 uttalande
830 1050 8 21 i

79 1086 69 20 sädan
172 1085 96 28 riktoing
292 1086 34 21 för
351 1086 33 20 sin
410 1085 36 21 del
471 1086 85 21 afhälla
582 1085 126 28 regeringen
732 1085 49 21 frän
806 1087 32 19 att

78 1119 8 21 i
109 1120 71 21 denna
200 1119 39 22 sak
259 1119 71 22 anlita
350 1120 71 27 nägon
442 1126 80 19 annan,
543 1119 143 28 tilläfventyrs
710 1119 128 28 lämpligare

81 1155 72 26 utväg,
172 1154 62 28 helst,
253 1155 48 20 med
324 1154 85 27 hänsyn
428 1154 34 21 till
480 1154 116 21 komiteers
612 1153 166 28 nödvändigtvis
793 1160 46 15 mer

81 1188 52 21 eller
155 1189 84 21 mindre
263 1189 133 26 heterogena
419 1189 203 27 sammansättning,
648 1189 36 20 det
713 1188 126 21 emotsedda

80 1223 110 27 förslaget,
216 1223 67 28 enligt
310 1223 118 21 utskottets
452 1223 74 26 tanke,
556 1230 51 15 vore
633 1223 71 21 bättre
728 1222 111 22 förberedt

79 1263 78 22 genom
180 1257 85 22 enskild
286 1265 62 14 mans
363 1258 29 27 pä
407 1259 34 20 ort
460 1258 40 21 och
519 1257 63 22 ställe
600 1257 134 22 värkställda
749 1255 90 29 gransk:

79 1292 52 27 ning
157 1292 39 21 och
222 1293 69 26 därpå
314 1293 114 26 grundade
456 1293 104 27 omdöme,
592 1293 29 20 än
645 1298 78 21 genom
747 1291 92 21 komité-

79 1326 82 21 arbete.
189 1327 62 20 Inom
265 1326 108 21 utskottet
389 1326 40 21 har
443 1326 36 22 väl
494 1327 71 21 såsom
581 1326 48 21 skäl
648 1326 32 21 för
702 1325 99 22 behofvet
816 1325 25 21 af

79 1367 27 15 en
121 1360 80 22 komité
217 1361 129 21 framhållits
362 1362 38 24 att,
417 1361 64 21 äfven
496 1368 36 14 om
546 1360 152 22 inhemtandet
714 1360 24 21 af
752 1361 42 20 den
805 1366 32 15 er-

78 1395 117 28 forderliga
210 1395 145 27 utredningen
370 1394 152 23 anförtroddes
538 1396 23 21 åt
576 1395 84 22 enskild
676 1402 58 19 man,
754 1402 28 14 en
798 1394 38 21 ko-

80 1430 51 21 mité
147 1431 25 20 af
184 1431 33 21 för
233 1430 66 22 saken
315 1429 91 28 specielt
424 1430 144 21 intresserade
584 1436 104 21 personer
703 1430 50 21 med
768 1429 70 21 större

148 1470 99 19 Allmänna
259 1470 176 18 Besvärsutskottets
446 1469 111 20 betänkande
569 1469 35 18 N:o
616 1471 18 16 5.
