1064 1675
223 157 13 21 8
390 156 267 24 Motionsbetänkande
673 158 45 21 N:o
734 157 23 22 2.

195 218 52 22 stad
262 218 36 22 för
313 221 35 19 att
363 219 143 29 framtvinga
522 220 111 28 möjligen
649 220 159 22 undanhällna
830 220 127 28 tillgängar

195 253 55 21 eller
266 254 164 22 mellankomst
452 255 26 22 af
498 255 174 27 anförvandter,
696 255 175 28 arbetstvänget
893 255 64 21 dere-

194 290 49 19 mot
258 291 84 19 nästan
357 289 148 22 uteslutande
525 290 13 21 å
561 289 169 29 landsbygden,
754 289 36 22 för
811 292 35 19 att
869 289 88 22 erhålla

194 322 92 29 verklig
304 336 24 3 —
345 323 72 22 oftast
433 323 58 22 dock
507 324 82 21 endast
604 324 98 21 inbillad
718 337 27 2 —
760 324 148 29 godtgörelse
917 331 39 21 ge-

194 364 55 14 nom
265 356 153 29 gäldenärens
435 361 52 26 eget
503 359 84 21 arbete.
617 359 47 20 Det
679 362 25 18 är
722 358 98 22 sålunda
843 358 51 21 icke
917 365 40 14 an-

196 391 86 28 tagligt
298 394 34 19 att
354 392 189 29 arbetstvångets
566 393 145 21 afskaffande
735 393 75 21 skulle
832 392 125 22 framkalla

196 428 33 19 ett
244 425 170 23 vidsträcktare
430 427 155 22 användande
601 427 26 22 af
640 427 254 28 bysättningstvånget.
910 427 47 21 Det

196 467 80 14 senare
292 461 110 27 qvarstod
419 461 68 22 äfven
503 462 8 20 i
528 461 97 29 Sverige
641 465 63 18 ännu
722 461 8 22 i
753 461 123 22 decennier
897 461 60 21 efter

196 493 39 22 det
258 494 166 29 skyldigheten
446 498 35 19 att
502 496 53 21 med
578 496 77 21 arbete
675 496 87 29 aftjena
778 496 55 28 gäld
848 495 50 22 helt
913 495 43 22 och

196 528 72 21 hållet
284 536 27 14 ur
326 529 180 29 lagstiftningen
521 533 158 18 utmönstrats.

264 563 66 22 Fullt
345 564 128 22 förvissade
489 572 37 14 om
543 567 35 19 att
601 565 186 28 arbetstvångets
811 564 144 22 afskaffande

196 597 70 21 äfven
280 598 8 21 i
304 598 102 22 Finland
422 603 25 17 är
462 599 60 22 blott
537 607 29 13 en
582 599 114 29 tidsfråga
712 600 43 20 och
775 602 35 18 att
832 599 64 21 tiden
922 606 33 14 re-

196 632 46 21 dan
258 635 24 18 är
297 632 54 22 inne
367 633 36 21 för
418 634 182 28 genomförande
624 634 26 21 af
669 634 43 21 den
738 634 54 21 utaf
811 634 144 21 motionären

196 666 107 28 åsyftade
318 667 123 26 reformen,
457 668 60 28 våga
533 669 23 20 vi
572 668 91 22 derföre
679 668 119 21 vördsamt
813 668 85 21 föreslå

404 734 31 18 att
459 732 125 20 Ständerna
607 732 55 24 ville,
686 732 48 20 med
751 732 161 27 godkännande
928 732 31 27 af

335 767 118 20 motionens
468 767 63 27 syfte,
547 767 156 20 återremittera
719 766 89 21 ärendet
826 767 34 20 till
883 767 72 27 lagut-

335 800 76 21 skottet
423 801 43 26 för
481 801 74 20 vidare
571 801 201 27 detaljbehandling
789 801 72 26 deraf.

265 862 150 28 Helsingfors
431 863 44 20 den
493 865 26 19 18
535 863 61 21 Mars
614 865 61 20 1891.

301 959 19 23 R.
337 959 20 23 A.
374 959 71 24 Wrede.
671 960 66 29 Ludvig
754 959 97 29 Glouberg.

493 994 56 23 Josef
564 994 100 23 Stenbäck.

358 1468 101 19 Helsingfors,
470 1469 95 18 Helsingfors
574 1469 148 18 Central-Tryckeri,
742 1469 39 14 1891.
