1064 1656
337 148 209 24 Petitlonshetänkande
562 148 32 24 N:o
610 148 20 24 4.
808 150 24 19 11

104 210 83 28 sioner,
203 217 49 15 som
272 217 96 15 numera
384 210 118 22 användas
524 211 31 28 pä
576 210 173 27 verldshafven,
773 210 89 28 byggas

103 244 52 22 icke
175 244 42 22 hos
233 252 44 14 oss.
306 245 62 25 Men,
389 244 93 22 införda
502 244 53 22 frän
574 244 114 28 utlandet,
704 244 56 22 bära
780 244 29 22 de
824 251 39 15 en-

103 278 45 29 ligt
173 278 44 22 den
241 279 71 28 ryska
338 278 92 22 tarifien
454 286 28 14 en
505 279 25 21 sä
556 279 48 29 hög
628 279 51 27 tull,
695 281 35 19 att
755 278 77 22 denna
846 280 16 19 t.

103 320 34 14 ex.
163 312 37 22 för
227 315 33 19 ett
282 313 80 29 fartyg
384 320 37 15 om
445 314 62 26 1,000
528 313 152 29 registertons
695 313 75 21 skulle
784 312 80 29 uppgä

104 347 37 21 till
167 348 77 24 26,160
267 347 129 29 guldrubel.
436 348 48 21 För
504 347 116 29 träfartyg
643 351 25 17 är
693 347 170 21 införseltullen

103 382 138 28 visserligen
263 381 118 29 betydligt
402 382 64 28 lägre
482 382 56 21 eller
552 381 37 22 för
604 384 34 19 ett
652 382 80 28 fartyg
747 388 37 15 om
801 382 62 26 1,000

103 417 54 20 tons
183 417 62 25 7,920
272 415 130 29 guldrubel.
432 416 54 21 Men
508 415 54 22 med
584 415 108 22 afseende
713 416 14 21 &
749 415 39 22 det
810 415 53 28 läga

103 449 54 29 pris,
188 450 96 21 hvartill
313 450 137 28 isynnerhet
480 450 63 21 äldre
570 450 80 28 fartyg
674 450 91 21 kunnat
791 449 72 29 köpas

103 486 62 19 samt
186 485 30 28 pä
238 491 80 14 senare
340 484 60 21 tider
418 484 70 22 äfven
503 484 53 22 med
571 485 75 21 fördel
668 484 36 22 för
718 483 145 22 rederirörel-

104 525 40 14 sen
170 518 67 29 köpts
265 518 52 21 frän
342 518 113 27 utlandet,
481 519 75 22 skulle
582 519 76 21 denna
680 519 45 21 tull
747 521 117 18 motsvara

104 553 61 22 ända
192 553 37 21 till
255 554 28 21 40
309 553 13 21 &
347 554 27 21 50
397 556 97 26 procent
518 553 26 22 af
568 553 162 29 inköpspriset.
761 552 54 22 Med
838 552 26 21 sä

103 587 62 29 höga
182 587 193 29 införselafgifter
390 588 74 21 skulle
480 588 174 21 konkurrensen
669 587 53 22 med
736 587 73 22 andra
824 593 40 14 na-

104 621 87 22 tioners
203 621 78 29 fartyg
290 629 56 14 vara
362 622 166 29 omöjliggjord
544 622 42 21 och
601 621 178 22 rederirörelsen
794 621 8 21 i
814 621 49 21 lan-

103 655 40 22 det
160 655 103 22 hämmas
279 656 8 21 i
303 657 35 20 sin
357 656 142 29 utveckling.

172 689 47 22 För
235 697 28 14 en
279 690 37 21 del
332 690 125 21 industrier
472 690 75 21 skulle
562 690 104 21 deremot
680 689 122 24 reformen,
811 688 53 22 med

104 723 109 22 afseende
233 725 14 20 &
269 724 43 21 den
336 725 77 21 tillika
431 725 8 21 i
454 725 74 28 utsigt
543 725 76 21 stälda
633 724 45 21 fria
700 723 112 22 införseln
826 722 38 22 till

103 757 171 30 kejsaredömet
296 758 26 22 af
341 759 75 21 finska
439 759 74 28 alster,
529 759 101 28 gestalta
652 759 36 28 sig
702 757 130 28 förmonlig,
856 757 8 20 i

104 792 63 21 vissa
186 792 42 21 fall
243 795 16 19 t.
275 800 21 17 o.
313 801 29 14 m.
358 793 93 28 mycket
466 793 147 28 fördelaktig.
644 792 152 29 Möjligheten
808 798 56 15 vore

104 826 116 22 mähända
236 827 51 21 icke
299 835 39 13 ens
354 827 124 26 utesluten,
494 830 35 19 att
543 827 119 22 härstädes
678 827 7 22 i
697 827 61 21 vissa
769 826 94 24 trakter,

105 867 37 15 om
165 861 51 21 icke
236 861 53 22 med
305 864 59 26 eget,
380 862 26 21 sä
427 861 143 22 fremmande
585 861 90 30 kapital
690 861 74 22 skulle
779 860 85 29 uppstå

106 902 29 14 en
159 895 156 25 storindustri,
343 896 118 21 beräknad
488 896 36 22 för
551 897 45 20 den
621 896 71 28 ryska
714 895 148 26 marknaden,

105 928 59 22 dock
187 929 165 22 företrädesvis
378 930 82 22 endast
482 930 76 22 sävidt
573 930 39 22 det
627 930 74 28 gäller
716 937 29 13 en
760 928 104 22 bearbet-

105 963 58 29 ning
178 964 27 21 af
216 964 140 25 råmaterial,
372 972 49 14 som
436 964 42 22 hos
495 972 36 14 oss
546 964 74 22 finnes
637 967 33 19 att
686 964 72 28 tillgå.

173 998 54 21 Men
243 998 14 21 &
271 998 73 22 andra
360 998 66 22 sidan
442 999 74 21 skulle
532 1006 28 14 en
571 998 186 29 tullförhöjning,
768 1004 49 15 som
830 997 34 21 in-

105 1032 119 21 nefattade
240 1032 106 29 stegring
361 1032 26 22 af
399 1033 191 27 rävarutullarne,
606 1033 72 21 verka
691 1032 51 22 icke
760 1032 61 21 blott
835 1031 30 29 pä

105 1066 87 21 sädana
209 1066 132 28 industrier,
357 1067 81 21 hvilka
453 1067 79 21 arbeta
547 1068 37 20 för
599 1071 82 25 export
696 1067 36 21 till
747 1065 118 29 Ryssland

105 1102 60 20 samt
177 1108 84 21 genom
277 1101 30 21 fri
322 1101 97 21 införsel
434 1102 36 20 dit
484 1102 78 21 kunde
578 1102 73 21 blifva
670 1103 86 19 ersatta
771 1100 36 21 för
820 1100 44 21 den

105 1134 70 29 höjda
202 1135 303 28 tillverkningskostnaden,
531 1139 57 18 utan
613 1136 110 28 derjemte
745 1134 69 22 äfven
835 1134 30 28 pä

105 1168 74 22 andra
203 1169 132 27 industrier,
351 1169 81 22 hvilka
454 1170 32 21 ha
504 1170 36 21 sin
560 1170 129 28 afsättning
707 1170 63 21 inom
786 1168 80 22 landet

105 1202 57 22 eller
177 1203 111 29 möjligen
311 1204 31 28 pä
357 1204 44 21 den
416 1204 126 22 utländska
557 1204 143 22 marknaden
715 1204 43 21 och
774 1202 91 22 hvilkas

105 1236 282 30 produktionskostnader
401 1238 129 28 ingalunda
545 1238 71 22 borde
630 1238 112 28 fördyras.

175 1272 71 21 Utom
262 1271 37 22 för
319 1272 213 22 industriidkarene
548 1272 82 29 sjelfva
645 1272 89 22 medför
749 1271 117 22 industrin

105 1308 68 26 nytta
189 1305 163 29 förnämligast
366 1306 36 22 för
418 1306 28 22 de
461 1310 103 18 närmast
579 1306 148 29 omgifvande
739 1306 126 26 trakterna,

105 1346 54 15 men
174 1340 103 21 deremot
292 1341 8 20 i
315 1340 90 22 mindre
420 1341 59 28 grad
494 1341 36 21 för
545 1341 39 21 det
600 1344 62 18 stora
676 1340 100 22 flertalet
790 1340 26 21 af
828 1339 38 21 be-

105 1371 146 31 folkningen.
281 1374 10 20 I
304 1374 144 22 vidsträckta
464 1375 65 21 delar
550 1375 26 21 af
588 1375 80 21 landet
680 1376 46 20 kan
734 1374 73 22 heller
815 1374 51 21 icke

106 1407 155 29 uppkomsten
284 1408 27 21 af
332 1409 78 28 nägon
433 1409 101 21 industri
558 1409 126 29 päräknas;
708 1408 43 22 och
770 1409 44 20 den
830 1407 36 22 till

107 1441 89 22 antalet
215 1442 55 21 vida
295 1442 172 29 öfvervägande
490 1443 66 22 delen
579 1443 26 22 af
624 1444 52 21 värt
690 1443 57 25 folk,
764 1449 49 15 som
828 1449 38 21 eg-

176 1481 141 18 Statsutskottets
330 1482 111 17 betänkande
453 1482 38 18 N:o
504 1483 16 17 2.
