<?xml version="1.0" encoding="UTF-8"?>
<alto xmlns="http://www.loc.gov/standards/alto/ns-v3#" xmlns:xlink="http://www.w3.org/1999/xlink" xmlns:xsi="http://www.w3.org/2001/XMLSchema-instance" xsi:schemaLocation="http://www.loc.gov/standards/alto/ns-v3# http://www.loc.gov/alto/v3/alto-3-0.xsd">
	<Description>
		<MeasurementUnit>pixel</MeasurementUnit>
		<sourceImageInformation>
			<fileName>/tmp/tess_2b9_mlqj_input.PNG</fileName>
		</sourceImageInformation>
		<OCRProcessing ID="OCR_0">
			<ocrProcessingStep>
				<processingSoftware>
					<softwareName>tesseract 5.3.4</softwareName>
				</processingSoftware>
			</ocrProcessingStep>
		</OCRProcessing>
	</Description>
	<Layout>
		<Page WIDTH="1056" HEIGHT="1673" PHYSICAL_IMG_NR="0" ID="page_0">
			<PrintSpace HPOS="0" VPOS="0" WIDTH="1056" HEIGHT="1673">
				<ComposedBlock ID="cblock_0" HPOS="296" VPOS="100" WIDTH="523" HEIGHT="33">
					<TextBlock ID="block_0" HPOS="296" VPOS="100" WIDTH="523" HEIGHT="33">
						<TextLine ID="line_0" HPOS="296" VPOS="100" WIDTH="523" HEIGHT="33">
							<String ID="string_0" HPOS="296" VPOS="100" WIDTH="3" HEIGHT="4" WC="0.42" CONTENT="*"/><SP WIDTH="23" VPOS="100" HPOS="299"/>
							<String ID="string_1" HPOS="322" VPOS="111" WIDTH="224" HEIGHT="22" WC="0.79" CONTENT="Petitionsbetänkande"/><SP WIDTH="17" VPOS="111" HPOS="546"/>
							<String ID="string_2" HPOS="563" VPOS="112" WIDTH="34" HEIGHT="21" WC="0.95" CONTENT="N:o"/><SP WIDTH="16" VPOS="112" HPOS="597"/>
							<String ID="string_3" HPOS="613" VPOS="112" WIDTH="14" HEIGHT="21" WC="0.95" CONTENT="1."/><SP WIDTH="167" VPOS="112" HPOS="627"/>
							<String ID="string_4" HPOS="794" VPOS="113" WIDTH="25" HEIGHT="20" WC="0.96" CONTENT="73"/>
						</TextLine>
					</TextBlock>
				</ComposedBlock>
				<ComposedBlock ID="cblock_1" HPOS="457" VPOS="243" WIDTH="39" HEIGHT="18">
					<TextBlock ID="block_1" HPOS="457" VPOS="243" WIDTH="39" HEIGHT="18">
						<TextLine ID="line_1" HPOS="457" VPOS="243" WIDTH="39" HEIGHT="18">
							<String ID="string_5" HPOS="457" VPOS="243" WIDTH="39" HEIGHT="18" WC="0.96" CONTENT="33."/>
						</TextLine>
					</TextBlock>
				</ComposedBlock>
				<ComposedBlock ID="cblock_2" HPOS="98" VPOS="295" WIDTH="753" HEIGHT="172">
					<TextBlock ID="block_2" HPOS="98" VPOS="295" WIDTH="753" HEIGHT="172">
						<TextLine ID="line_2" HPOS="168" VPOS="295" WIDTH="682" HEIGHT="23">
							<String ID="string_6" HPOS="168" VPOS="295" WIDTH="61" HEIGHT="21" WC="0.93" CONTENT="Ifrån"/><SP WIDTH="20" VPOS="295" HPOS="229"/>
							<String ID="string_7" HPOS="249" VPOS="295" WIDTH="167" HEIGHT="22" WC="0.91" CONTENT="Presteståndet"/><SP WIDTH="20" VPOS="295" HPOS="416"/>
							<String ID="string_8" HPOS="436" VPOS="302" WIDTH="27" HEIGHT="15" WC="0.96" CONTENT="en"/><SP WIDTH="21" VPOS="302" HPOS="463"/>
							<String ID="string_9" HPOS="484" VPOS="296" WIDTH="24" HEIGHT="21" WC="0.96" CONTENT="af"/><SP WIDTH="18" VPOS="296" HPOS="508"/>
							<String ID="string_10" HPOS="526" VPOS="296" WIDTH="82" HEIGHT="22" WC="0.93" CONTENT="Herrar"/><SP WIDTH="26" VPOS="296" HPOS="608"/>
							<String ID="string_11" HPOS="634" VPOS="296" WIDTH="26" HEIGHT="21" WC="0.92" CONTENT="N."/><SP WIDTH="24" VPOS="296" HPOS="660"/>
							<String ID="string_12" HPOS="684" VPOS="296" WIDTH="104" HEIGHT="22" WC="0.96" CONTENT="Järvinen"/><SP WIDTH="24" VPOS="296" HPOS="788"/>
							<String ID="string_13" HPOS="812" VPOS="297" WIDTH="38" HEIGHT="21" WC="0.96" CONTENT="och"/>
						</TextLine>
						<TextLine ID="line_3" HPOS="98" VPOS="331" WIDTH="753" HEIGHT="28">
							<String ID="string_14" HPOS="98" VPOS="331" WIDTH="68" HEIGHT="21" WC="0.91" CONTENT="Ludv."/><SP WIDTH="21" VPOS="331" HPOS="166"/>
							<String ID="string_15" HPOS="187" VPOS="331" WIDTH="163" HEIGHT="21" WC="0.93" CONTENT="Wennerström"/><SP WIDTH="23" VPOS="331" HPOS="350"/>
							<String ID="string_16" HPOS="373" VPOS="331" WIDTH="111" HEIGHT="22" WC="0.92" CONTENT="inlemnad"/><SP WIDTH="20" VPOS="331" HPOS="484"/>
							<String ID="string_17" HPOS="504" VPOS="332" WIDTH="96" HEIGHT="27" WC="0.96" CONTENT="petition"/><SP WIDTH="24" VPOS="332" HPOS="600"/>
							<String ID="string_18" HPOS="624" VPOS="338" WIDTH="34" HEIGHT="15" WC="0.91" CONTENT="om"/><SP WIDTH="17" VPOS="338" HPOS="658"/>
							<String ID="string_19" HPOS="675" VPOS="333" WIDTH="137" HEIGHT="20" WC="0.91" CONTENT="anställande"/><SP WIDTH="15" VPOS="333" HPOS="812"/>
							<String ID="string_20" HPOS="827" VPOS="332" WIDTH="24" HEIGHT="21" WC="0.95" CONTENT="af"/>
						</TextLine>
						<TextLine ID="line_4" HPOS="98" VPOS="367" WIDTH="751" HEIGHT="28">
							<String ID="string_21" HPOS="98" VPOS="367" WIDTH="88" HEIGHT="21" WC="0.95" CONTENT="teknisk"/><SP WIDTH="21" VPOS="367" HPOS="186"/>
							<String ID="string_22" HPOS="207" VPOS="367" WIDTH="38" HEIGHT="22" WC="0.96" CONTENT="och"/><SP WIDTH="23" VPOS="367" HPOS="245"/>
							<String ID="string_23" HPOS="268" VPOS="367" WIDTH="128" HEIGHT="22" WC="0.96" CONTENT="ekonomisk"/><SP WIDTH="20" VPOS="367" HPOS="396"/>
							<String ID="string_24" HPOS="416" VPOS="368" WIDTH="165" HEIGHT="27" WC="0.96" CONTENT="undersökning"/><SP WIDTH="21" VPOS="368" HPOS="581"/>
							<String ID="string_25" HPOS="602" VPOS="368" WIDTH="24" HEIGHT="21" WC="0.96" CONTENT="af"/><SP WIDTH="20" VPOS="368" HPOS="626"/>
							<String ID="string_26" HPOS="646" VPOS="375" WIDTH="26" HEIGHT="15" WC="0.92" CONTENT="en"/><SP WIDTH="22" VPOS="375" HPOS="672"/>
							<String ID="string_27" HPOS="694" VPOS="367" WIDTH="155" HEIGHT="28" WC="0.90" CONTENT="jernvägslinie"/>
						</TextLine>
						<TextLine ID="line_5" HPOS="98" VPOS="403" WIDTH="750" HEIGHT="28">
							<String ID="string_28" HPOS="98" VPOS="403" WIDTH="654" HEIGHT="28" WC="0.62" CONTENT="Haukivuori-Jokkas—Puumala—Ruokolaks—Imatra,"/><SP WIDTH="9" VPOS="403" HPOS="752"/>
							<String ID="string_29" HPOS="761" VPOS="403" WIDTH="87" HEIGHT="22" WC="0.96" CONTENT="hvilken"/>
						</TextLine>
						<TextLine ID="line_6" HPOS="99" VPOS="438" WIDTH="591" HEIGHT="29">
							<String ID="string_30" HPOS="99" VPOS="439" WIDTH="93" HEIGHT="26" WC="0.96" CONTENT="petition"/><SP WIDTH="16" VPOS="439" HPOS="192"/>
							<String ID="string_31" HPOS="208" VPOS="438" WIDTH="8" HEIGHT="21" WC="0.93" CONTENT="i"/><SP WIDTH="16" VPOS="438" HPOS="216"/>
							<String ID="string_32" HPOS="232" VPOS="439" WIDTH="158" HEIGHT="27" WC="0.92" CONTENT="öfversättning"/><SP WIDTH="16" VPOS="439" HPOS="390"/>
							<String ID="string_33" HPOS="406" VPOS="441" WIDTH="25" HEIGHT="19" WC="0.96" CONTENT="är"/><SP WIDTH="15" VPOS="441" HPOS="431"/>
							<String ID="string_34" HPOS="446" VPOS="439" WIDTH="24" HEIGHT="21" WC="0.96" CONTENT="af"/><SP WIDTH="15" VPOS="439" HPOS="470"/>
							<String ID="string_35" HPOS="485" VPOS="439" WIDTH="95" HEIGHT="28" WC="0.96" CONTENT="följande"/><SP WIDTH="18" VPOS="439" HPOS="580"/>
							<String ID="string_36" HPOS="598" VPOS="439" WIDTH="92" HEIGHT="27" WC="0.96" CONTENT="lydelse:"/>
						</TextLine>
					</TextBlock>
				</ComposedBlock>
				<ComposedBlock ID="cblock_3" HPOS="233" VPOS="529" WIDTH="489" HEIGHT="26">
					<TextBlock ID="block_3" HPOS="233" VPOS="529" WIDTH="489" HEIGHT="26">
						<TextLine ID="line_7" HPOS="233" VPOS="529" WIDTH="489" HEIGHT="26">
							<String ID="string_37" HPOS="233" VPOS="529" WIDTH="55" HEIGHT="20" WC="0.93" CONTENT="Till"/><SP WIDTH="15" VPOS="529" HPOS="288"/>
							<String ID="string_38" HPOS="303" VPOS="530" WIDTH="181" HEIGHT="25" WC="0.91" CONTENT="Högvördiga"/><SP WIDTH="15" VPOS="530" HPOS="484"/>
							<String ID="string_39" HPOS="499" VPOS="529" WIDTH="223" HEIGHT="21" WC="0.91" CONTENT="Presteståndet."/>
						</TextLine>
					</TextBlock>
				</ComposedBlock>
				<ComposedBlock ID="cblock_4" HPOS="100" VPOS="589" WIDTH="759" HEIGHT="854">
					<TextBlock ID="block_4" HPOS="100" VPOS="589" WIDTH="758" HEIGHT="795">
						<TextLine ID="line_8" HPOS="172" VPOS="589" WIDTH="679" HEIGHT="26">
							<String ID="string_40" HPOS="172" VPOS="589" WIDTH="41" HEIGHT="20" WC="0.96" CONTENT="Vid"/><SP WIDTH="21" VPOS="589" HPOS="213"/>
							<String ID="string_41" HPOS="234" VPOS="589" WIDTH="146" HEIGHT="26" WC="0.96" CONTENT="utvecklingen"/><SP WIDTH="27" VPOS="589" HPOS="380"/>
							<String ID="string_42" HPOS="407" VPOS="589" WIDTH="23" HEIGHT="20" WC="0.96" CONTENT="af"/><SP WIDTH="18" VPOS="589" HPOS="430"/>
							<String ID="string_43" HPOS="448" VPOS="591" WIDTH="46" HEIGHT="18" WC="0.93" CONTENT="vårt"/><SP WIDTH="21" VPOS="591" HPOS="494"/>
							<String ID="string_44" HPOS="515" VPOS="589" WIDTH="137" HEIGHT="26" WC="0.91" CONTENT="jernvägsnät"/><SP WIDTH="20" VPOS="589" HPOS="652"/>
							<String ID="string_45" HPOS="672" VPOS="592" WIDTH="84" HEIGHT="23" WC="0.96" CONTENT="tränger"/><SP WIDTH="22" VPOS="592" HPOS="756"/>
							<String ID="string_46" HPOS="778" VPOS="589" WIDTH="73" HEIGHT="26" WC="0.95" CONTENT="frågan"/>
						</TextLine>
						<TextLine ID="line_9" HPOS="101" VPOS="619" WIDTH="752" HEIGHT="26">
							<String ID="string_47" HPOS="101" VPOS="626" WIDTH="32" HEIGHT="13" WC="0.95" CONTENT="om"/><SP WIDTH="19" VPOS="626" HPOS="133"/>
							<String ID="string_48" HPOS="152" VPOS="619" WIDTH="121" HEIGHT="26" WC="0.95" CONTENT="byggandet"/><SP WIDTH="21" VPOS="619" HPOS="273"/>
							<String ID="string_49" HPOS="294" VPOS="619" WIDTH="23" HEIGHT="20" WC="0.93" CONTENT="af"/><SP WIDTH="17" VPOS="619" HPOS="317"/>
							<String ID="string_50" HPOS="334" VPOS="619" WIDTH="209" HEIGHT="26" WC="0.91" CONTENT="förbindningsbanor"/><SP WIDTH="19" VPOS="619" HPOS="543"/>
							<String ID="string_51" HPOS="562" VPOS="620" WIDTH="80" HEIGHT="19" WC="0.95" CONTENT="alltmer"/><SP WIDTH="15" VPOS="620" HPOS="642"/>
							<String ID="string_52" HPOS="657" VPOS="619" WIDTH="7" HEIGHT="19" WC="0.96" CONTENT="i"/><SP WIDTH="16" VPOS="619" HPOS="664"/>
							<String ID="string_53" HPOS="680" VPOS="619" WIDTH="131" HEIGHT="26" WC="0.94" CONTENT="förgrunden."/><SP WIDTH="31" VPOS="619" HPOS="811"/>
							<String ID="string_54" HPOS="842" VPOS="619" WIDTH="11" HEIGHT="19" WC="0.95" CONTENT="I"/>
						</TextLine>
						<TextLine ID="line_10" HPOS="100" VPOS="649" WIDTH="752" HEIGHT="26">
							<String ID="string_55" HPOS="100" VPOS="649" WIDTH="114" HEIGHT="26" WC="0.89" CONTENT="petitioner,"/><SP WIDTH="22" VPOS="649" HPOS="214"/>
							<String ID="string_56" HPOS="236" VPOS="649" WIDTH="114" HEIGHT="20" WC="0.91" CONTENT="inlemnade"/><SP WIDTH="21" VPOS="649" HPOS="350"/>
							<String ID="string_57" HPOS="371" VPOS="649" WIDTH="32" HEIGHT="20" WC="0.96" CONTENT="till"/><SP WIDTH="21" VPOS="649" HPOS="403"/>
							<String ID="string_58" HPOS="424" VPOS="649" WIDTH="87" HEIGHT="20" WC="0.96" CONTENT="stånden"/><SP WIDTH="21" VPOS="649" HPOS="511"/>
							<String ID="string_59" HPOS="532" VPOS="649" WIDTH="36" HEIGHT="20" WC="0.96" CONTENT="vid"/><SP WIDTH="15" VPOS="649" HPOS="568"/>
							<String ID="string_60" HPOS="583" VPOS="656" WIDTH="28" HEIGHT="13" WC="0.96" CONTENT="nu"/><SP WIDTH="16" VPOS="656" HPOS="611"/>
							<String ID="string_61" HPOS="627" VPOS="649" WIDTH="105" HEIGHT="26" WC="0.93" CONTENT="pågående"/><SP WIDTH="16" VPOS="649" HPOS="732"/>
							<String ID="string_62" HPOS="748" VPOS="649" WIDTH="104" HEIGHT="29" WC="0.92" CONTENT="landtdag,"/>
						</TextLine>
						<TextLine ID="line_11" HPOS="100" VPOS="679" WIDTH="753" HEIGHT="26">
							<String ID="string_63" HPOS="100" VPOS="679" WIDTH="39" HEIGHT="19" WC="0.96" CONTENT="har"/><SP WIDTH="19" VPOS="679" HPOS="139"/>
							<String ID="string_64" HPOS="158" VPOS="679" WIDTH="65" HEIGHT="19" WC="0.93" CONTENT="redan"/><SP WIDTH="21" VPOS="679" HPOS="223"/>
							<String ID="string_65" HPOS="244" VPOS="679" WIDTH="91" HEIGHT="26" WC="0.91" CONTENT="antydts,"/><SP WIDTH="22" VPOS="679" HPOS="335"/>
							<String ID="string_66" HPOS="357" VPOS="681" WIDTH="31" HEIGHT="18" WC="0.96" CONTENT="att"/><SP WIDTH="20" VPOS="681" HPOS="388"/>
							<String ID="string_67" HPOS="408" VPOS="685" WIDTH="26" HEIGHT="14" WC="0.93" CONTENT="en"/><SP WIDTH="20" VPOS="685" HPOS="434"/>
							<String ID="string_68" HPOS="454" VPOS="679" WIDTH="199" HEIGHT="25" WC="0.91" CONTENT="förbindningsbana"/><SP WIDTH="22" VPOS="679" HPOS="653"/>
							<String ID="string_69" HPOS="675" VPOS="679" WIDTH="84" HEIGHT="20" WC="0.93" CONTENT="emellan"/><SP WIDTH="26" VPOS="679" HPOS="759"/>
							<String ID="string_70" HPOS="785" VPOS="675" WIDTH="68" HEIGHT="24" WC="0.91" CONTENT="Öster-"/>
						</TextLine>
						<TextLine ID="line_12" HPOS="101" VPOS="708" WIDTH="750" HEIGHT="26">
							<String ID="string_71" HPOS="101" VPOS="708" WIDTH="105" HEIGHT="20" WC="0.91" CONTENT="bottniska"/><SP WIDTH="20" VPOS="708" HPOS="206"/>
							<String ID="string_72" HPOS="226" VPOS="709" WIDTH="37" HEIGHT="19" WC="0.93" CONTENT="och"/><SP WIDTH="16" VPOS="709" HPOS="263"/>
							<String ID="string_73" HPOS="279" VPOS="709" WIDTH="192" HEIGHT="19" WC="0.92" CONTENT="Savolaksbanorna"/><SP WIDTH="21" VPOS="709" HPOS="471"/>
							<String ID="string_74" HPOS="492" VPOS="712" WIDTH="23" HEIGHT="16" WC="0.96" CONTENT="är"/><SP WIDTH="21" VPOS="712" HPOS="515"/>
							<String ID="string_75" HPOS="536" VPOS="711" WIDTH="30" HEIGHT="17" WC="0.96" CONTENT="ett"/><SP WIDTH="22" VPOS="711" HPOS="566"/>
							<String ID="string_76" HPOS="588" VPOS="709" WIDTH="129" HEIGHT="25" WC="0.95" CONTENT="nödvändigt"/><SP WIDTH="21" VPOS="709" HPOS="717"/>
							<String ID="string_77" HPOS="738" VPOS="709" WIDTH="67" HEIGHT="20" WC="0.96" CONTENT="vilkor"/><SP WIDTH="15" VPOS="709" HPOS="805"/>
							<String ID="string_78" HPOS="820" VPOS="709" WIDTH="31" HEIGHT="19" WC="0.96" CONTENT="för"/>
						</TextLine>
						<TextLine ID="line_13" HPOS="102" VPOS="738" WIDTH="751" HEIGHT="26">
							<String ID="string_79" HPOS="102" VPOS="738" WIDTH="135" HEIGHT="20" WC="0.86" CONTENT="samfärdseln"/><SP WIDTH="20" VPOS="738" HPOS="237"/>
							<String ID="string_80" HPOS="257" VPOS="738" WIDTH="55" HEIGHT="20" WC="0.96" CONTENT="inom"/><SP WIDTH="20" VPOS="738" HPOS="312"/>
							<String ID="string_81" HPOS="332" VPOS="739" WIDTH="104" HEIGHT="20" WC="0.96" CONTENT="mellersta"/><SP WIDTH="20" VPOS="739" HPOS="436"/>
							<String ID="string_82" HPOS="456" VPOS="739" WIDTH="97" HEIGHT="25" WC="0.95" CONTENT="Finland;"/><SP WIDTH="24" VPOS="739" HPOS="553"/>
							<String ID="string_83" HPOS="577" VPOS="739" WIDTH="67" HEIGHT="19" WC="0.95" CONTENT="likaså"/><SP WIDTH="21" VPOS="739" HPOS="644"/>
							<String ID="string_84" HPOS="665" VPOS="739" WIDTH="58" HEIGHT="19" WC="0.96" CONTENT="torde"/><SP WIDTH="21" VPOS="739" HPOS="723"/>
							<String ID="string_85" HPOS="744" VPOS="739" WIDTH="17" HEIGHT="25" WC="0.96" CONTENT="ej"/><SP WIDTH="21" VPOS="739" HPOS="761"/>
							<String ID="string_86" HPOS="782" VPOS="739" WIDTH="71" HEIGHT="19" WC="0.96" CONTENT="kunna"/>
						</TextLine>
						<TextLine ID="line_14" HPOS="103" VPOS="768" WIDTH="750" HEIGHT="26">
							<String ID="string_87" HPOS="103" VPOS="768" WIDTH="50" HEIGHT="20" WC="0.93" CONTENT="råda"/><SP WIDTH="20" VPOS="768" HPOS="153"/>
							<String ID="string_88" HPOS="173" VPOS="768" WIDTH="73" HEIGHT="20" WC="0.92" CONTENT="tvifvel"/><SP WIDTH="20" VPOS="768" HPOS="246"/>
							<String ID="string_89" HPOS="266" VPOS="768" WIDTH="75" HEIGHT="25" WC="0.95" CONTENT="derom,"/><SP WIDTH="17" VPOS="768" HPOS="341"/>
							<String ID="string_90" HPOS="358" VPOS="771" WIDTH="30" HEIGHT="17" WC="0.96" CONTENT="att"/><SP WIDTH="15" VPOS="771" HPOS="388"/>
							<String ID="string_91" HPOS="403" VPOS="768" WIDTH="103" HEIGHT="20" WC="0.95" CONTENT="Karelska"/><SP WIDTH="15" VPOS="768" HPOS="506"/>
							<String ID="string_92" HPOS="521" VPOS="769" WIDTH="73" HEIGHT="25" WC="0.96" CONTENT="banan,"/><SP WIDTH="17" VPOS="769" HPOS="594"/>
							<String ID="string_93" HPOS="611" VPOS="768" WIDTH="85" HEIGHT="20" WC="0.96" CONTENT="hvilken"/><SP WIDTH="15" VPOS="768" HPOS="696"/>
							<String ID="string_94" HPOS="711" VPOS="775" WIDTH="43" HEIGHT="13" WC="0.96" CONTENT="som"/><SP WIDTH="16" VPOS="775" HPOS="754"/>
							<String ID="string_95" HPOS="770" VPOS="769" WIDTH="45" HEIGHT="19" WC="0.96" CONTENT="bäst"/><SP WIDTH="16" VPOS="769" HPOS="815"/>
							<String ID="string_96" HPOS="831" VPOS="772" WIDTH="22" HEIGHT="16" WC="0.96" CONTENT="är"/>
						</TextLine>
						<TextLine ID="line_15" HPOS="103" VPOS="798" WIDTH="750" HEIGHT="26">
							<String ID="string_97" HPOS="103" VPOS="798" WIDTH="66" HEIGHT="20" WC="0.96" CONTENT="under"/><SP WIDTH="15" VPOS="798" HPOS="169"/>
							<String ID="string_98" HPOS="184" VPOS="798" WIDTH="114" HEIGHT="26" WC="0.95" CONTENT="utförande,"/><SP WIDTH="16" VPOS="798" HPOS="298"/>
							<String ID="string_99" HPOS="314" VPOS="798" WIDTH="7" HEIGHT="19" WC="0.96" CONTENT="i"/><SP WIDTH="15" VPOS="798" HPOS="321"/>
							<String ID="string_100" HPOS="336" VPOS="800" WIDTH="24" HEIGHT="18" WC="0.96" CONTENT="så"/><SP WIDTH="15" VPOS="800" HPOS="360"/>
							<String ID="string_101" HPOS="375" VPOS="798" WIDTH="83" HEIGHT="26" WC="0.96" CONTENT="mycket"/><SP WIDTH="14" VPOS="798" HPOS="458"/>
							<String ID="string_102" HPOS="472" VPOS="799" WIDTH="64" HEIGHT="25" WC="0.96" CONTENT="högre"/><SP WIDTH="16" VPOS="799" HPOS="536"/>
							<String ID="string_103" HPOS="552" VPOS="798" WIDTH="52" HEIGHT="26" WC="0.96" CONTENT="grad"/><SP WIDTH="16" VPOS="798" HPOS="604"/>
							<String ID="string_104" HPOS="620" VPOS="798" WIDTH="89" HEIGHT="20" WC="0.96" CONTENT="kommer"/><SP WIDTH="11" VPOS="798" HPOS="709"/>
							<String ID="string_105" HPOS="720" VPOS="801" WIDTH="30" HEIGHT="17" WC="0.96" CONTENT="att"/><SP WIDTH="10" VPOS="801" HPOS="750"/>
							<String ID="string_106" HPOS="760" VPOS="798" WIDTH="51" HEIGHT="26" WC="0.96" CONTENT="fylla"/><SP WIDTH="11" VPOS="798" HPOS="811"/>
							<String ID="string_107" HPOS="822" VPOS="798" WIDTH="31" HEIGHT="20" WC="0.95" CONTENT="sin"/>
						</TextLine>
						<TextLine ID="line_16" HPOS="103" VPOS="828" WIDTH="750" HEIGHT="26">
							<String ID="string_108" HPOS="103" VPOS="828" WIDTH="54" HEIGHT="26" WC="0.96" CONTENT="plats"/><SP WIDTH="15" VPOS="828" HPOS="157"/>
							<String ID="string_109" HPOS="172" VPOS="828" WIDTH="55" HEIGHT="20" WC="0.96" CONTENT="inom"/><SP WIDTH="10" VPOS="828" HPOS="227"/>
							<String ID="string_110" HPOS="237" VPOS="828" WIDTH="82" HEIGHT="20" WC="0.93" CONTENT="landets"/><SP WIDTH="8" VPOS="828" HPOS="319"/>
							<String ID="string_111" HPOS="327" VPOS="828" WIDTH="143" HEIGHT="26" WC="0.88" CONTENT="jeruvägsnät,"/><SP WIDTH="16" VPOS="828" HPOS="470"/>
							<String ID="string_112" HPOS="486" VPOS="835" WIDTH="43" HEIGHT="13" WC="0.96" CONTENT="som"/><SP WIDTH="16" VPOS="835" HPOS="529"/>
							<String ID="string_113" HPOS="545" VPOS="828" WIDTH="40" HEIGHT="20" WC="0.96" CONTENT="den"/><SP WIDTH="16" VPOS="828" HPOS="585"/>
							<String ID="string_114" HPOS="601" VPOS="834" WIDTH="73" HEIGHT="19" WC="0.93" CONTENT="genom"/><SP WIDTH="15" VPOS="834" HPOS="674"/>
							<String ID="string_115" HPOS="689" VPOS="828" WIDTH="85" HEIGHT="20" WC="0.92" CONTENT="bibanor"/><SP WIDTH="16" VPOS="828" HPOS="774"/>
							<String ID="string_116" HPOS="790" VPOS="830" WIDTH="63" HEIGHT="17" WC="0.91" CONTENT="sättes"/>
						</TextLine>
						<TextLine ID="line_17" HPOS="103" VPOS="857" WIDTH="751" HEIGHT="27">
							<String ID="string_117" HPOS="103" VPOS="858" WIDTH="7" HEIGHT="19" WC="0.94" CONTENT="i"/><SP WIDTH="11" VPOS="858" HPOS="110"/>
							<String ID="string_118" HPOS="121" VPOS="857" WIDTH="79" HEIGHT="20" WC="0.92" CONTENT="tillfälle"/><SP WIDTH="10" VPOS="857" HPOS="200"/>
							<String ID="string_119" HPOS="210" VPOS="860" WIDTH="31" HEIGHT="17" WC="0.96" CONTENT="att"/><SP WIDTH="9" VPOS="860" HPOS="241"/>
							<String ID="string_120" HPOS="250" VPOS="858" WIDTH="99" HEIGHT="20" WC="0.96" CONTENT="förmedla"/><SP WIDTH="10" VPOS="858" HPOS="349"/>
							<String ID="string_121" HPOS="359" VPOS="858" WIDTH="89" HEIGHT="20" WC="0.96" CONTENT="trafiken"/><SP WIDTH="11" VPOS="858" HPOS="448"/>
							<String ID="string_122" HPOS="459" VPOS="858" WIDTH="60" HEIGHT="20" WC="0.96" CONTENT="äfven"/><SP WIDTH="11" VPOS="858" HPOS="519"/>
							<String ID="string_123" HPOS="530" VPOS="858" WIDTH="45" HEIGHT="19" WC="0.96" CONTENT="från"/><SP WIDTH="11" VPOS="858" HPOS="575"/>
							<String ID="string_124" HPOS="586" VPOS="858" WIDTH="105" HEIGHT="26" WC="0.96" CONTENT="Savolaks,"/><SP WIDTH="12" VPOS="858" HPOS="691"/>
							<String ID="string_125" HPOS="703" VPOS="859" WIDTH="37" HEIGHT="18" WC="0.96" CONTENT="och"/><SP WIDTH="8" VPOS="859" HPOS="740"/>
							<String ID="string_126" HPOS="748" VPOS="858" WIDTH="24" HEIGHT="25" WC="0.93" CONTENT="ju"/><SP WIDTH="10" VPOS="858" HPOS="772"/>
							<String ID="string_127" HPOS="782" VPOS="858" WIDTH="72" HEIGHT="25" WC="0.91" CONTENT="ginare"/>
						</TextLine>
						<TextLine ID="line_18" HPOS="104" VPOS="884" WIDTH="749" HEIGHT="29">
							<String ID="string_128" HPOS="104" VPOS="887" WIDTH="47" HEIGHT="20" WC="0.93" CONTENT="dess"/><SP WIDTH="23" VPOS="887" HPOS="151"/>
							<String ID="string_129" HPOS="174" VPOS="888" WIDTH="113" HEIGHT="25" WC="0.92" CONTENT="vigtigaste"/><SP WIDTH="18" VPOS="888" HPOS="287"/>
							<String ID="string_130" HPOS="305" VPOS="888" WIDTH="33" HEIGHT="19" WC="0.93" CONTENT="del"/><SP WIDTH="20" VPOS="888" HPOS="338"/>
							<String ID="string_131" HPOS="358" VPOS="888" WIDTH="106" HEIGHT="19" WC="0.92" CONTENT="förbindes"/><SP WIDTH="20" VPOS="888" HPOS="464"/>
							<String ID="string_132" HPOS="484" VPOS="888" WIDTH="46" HEIGHT="19" WC="0.96" CONTENT="med"/><SP WIDTH="22" VPOS="888" HPOS="530"/>
							<String ID="string_133" HPOS="552" VPOS="884" WIDTH="166" HEIGHT="24" WC="0.93" CONTENT="Österbottniska"/><SP WIDTH="15" VPOS="884" HPOS="718"/>
							<String ID="string_134" HPOS="733" VPOS="888" WIDTH="120" HEIGHT="25" WC="0.91" CONTENT="jernvägen."/>
						</TextLine>
						<TextLine ID="line_19" HPOS="103" VPOS="917" WIDTH="750" HEIGHT="26">
							<String ID="string_135" HPOS="103" VPOS="917" WIDTH="139" HEIGHT="26" WC="0.90" CONTENT="Lämpligaste"/><SP WIDTH="9" VPOS="917" HPOS="242"/>
							<String ID="string_136" HPOS="251" VPOS="917" WIDTH="235" HEIGHT="26" WC="0.91" CONTENT="anknytningspunkten"/><SP WIDTH="11" VPOS="917" HPOS="486"/>
							<String ID="string_137" HPOS="497" VPOS="925" WIDTH="49" HEIGHT="13" WC="0.96" CONTENT="vore"/><SP WIDTH="11" VPOS="925" HPOS="546"/>
							<String ID="string_138" HPOS="557" VPOS="918" WIDTH="65" HEIGHT="25" WC="0.96" CONTENT="enligt"/><SP WIDTH="11" VPOS="918" HPOS="622"/>
							<String ID="string_139" HPOS="633" VPOS="919" WIDTH="38" HEIGHT="18" WC="0.96" CONTENT="vår"/><SP WIDTH="8" VPOS="919" HPOS="671"/>
							<String ID="string_140" HPOS="679" VPOS="917" WIDTH="82" HEIGHT="26" WC="0.92" CONTENT="mening"/><SP WIDTH="10" VPOS="917" HPOS="761"/>
							<String ID="string_141" HPOS="771" VPOS="918" WIDTH="82" HEIGHT="19" WC="0.89" CONTENT="Imatra."/>
						</TextLine>
						<TextLine ID="line_20" HPOS="104" VPOS="947" WIDTH="751" HEIGHT="26">
							<String ID="string_142" HPOS="104" VPOS="947" WIDTH="33" HEIGHT="26" WC="0.96" CONTENT="Ty"/><SP WIDTH="20" VPOS="947" HPOS="137"/>
							<String ID="string_143" HPOS="157" VPOS="954" WIDTH="31" HEIGHT="13" WC="0.96" CONTENT="om"/><SP WIDTH="21" VPOS="954" HPOS="188"/>
							<String ID="string_144" HPOS="209" VPOS="947" WIDTH="99" HEIGHT="20" WC="0.62" CONTENT="Savolaks"/><SP WIDTH="22" VPOS="947" HPOS="308"/>
							<String ID="string_145" HPOS="330" VPOS="948" WIDTH="37" HEIGHT="19" WC="0.93" CONTENT="har"/><SP WIDTH="23" VPOS="948" HPOS="367"/>
							<String ID="string_146" HPOS="390" VPOS="947" WIDTH="99" HEIGHT="20" WC="0.91" CONTENT="öfverflöd"/><SP WIDTH="20" VPOS="947" HPOS="489"/>
							<String ID="string_147" HPOS="509" VPOS="949" WIDTH="27" HEIGHT="24" WC="0.96" CONTENT="på"/><SP WIDTH="20" VPOS="949" HPOS="536"/>
							<String ID="string_148" HPOS="556" VPOS="947" WIDTH="119" HEIGHT="26" WC="0.95" CONTENT="någonting,"/><SP WIDTH="20" VPOS="947" HPOS="675"/>
							<String ID="string_149" HPOS="695" VPOS="949" WIDTH="23" HEIGHT="18" WC="0.96" CONTENT="så"/><SP WIDTH="15" VPOS="949" HPOS="718"/>
							<String ID="string_150" HPOS="733" VPOS="950" WIDTH="23" HEIGHT="17" WC="0.97" CONTENT="är"/><SP WIDTH="15" VPOS="950" HPOS="756"/>
							<String ID="string_151" HPOS="771" VPOS="947" WIDTH="35" HEIGHT="20" WC="0.96" CONTENT="det"/><SP WIDTH="15" VPOS="947" HPOS="806"/>
							<String ID="string_152" HPOS="821" VPOS="947" WIDTH="34" HEIGHT="20" WC="0.95" CONTENT="väl"/>
						</TextLine>
						<TextLine ID="line_21" HPOS="103" VPOS="977" WIDTH="751" HEIGHT="26">
							<String ID="string_153" HPOS="103" VPOS="979" WIDTH="78" HEIGHT="18" WC="0.93" CONTENT="vatten."/><SP WIDTH="18" VPOS="979" HPOS="181"/>
							<String ID="string_154" HPOS="199" VPOS="977" WIDTH="38" HEIGHT="20" WC="0.96" CONTENT="och"/><SP WIDTH="15" VPOS="977" HPOS="237"/>
							<String ID="string_155" HPOS="252" VPOS="977" WIDTH="36" HEIGHT="20" WC="0.93" CONTENT="vid"/><SP WIDTH="14" VPOS="977" HPOS="288"/>
							<String ID="string_156" HPOS="302" VPOS="977" WIDTH="78" HEIGHT="20" WC="0.92" CONTENT="Imatra"/><SP WIDTH="16" VPOS="977" HPOS="380"/>
							<String ID="string_157" HPOS="396" VPOS="977" WIDTH="85" HEIGHT="26" WC="0.96" CONTENT="erbjuda"/><SP WIDTH="16" VPOS="977" HPOS="481"/>
							<String ID="string_158" HPOS="497" VPOS="977" WIDTH="99" HEIGHT="20" WC="0.96" CONTENT="Savolaks"/><SP WIDTH="16" VPOS="977" HPOS="596"/>
							<String ID="string_159" HPOS="612" VPOS="977" WIDTH="123" HEIGHT="25" WC="0.96" CONTENT="vattendrag"/><SP WIDTH="10" VPOS="977" HPOS="735"/>
							<String ID="string_160" HPOS="745" VPOS="977" WIDTH="46" HEIGHT="20" WC="0.92" CONTENT="med"/><SP WIDTH="12" VPOS="977" HPOS="791"/>
							<String ID="string_161" HPOS="803" VPOS="983" WIDTH="51" HEIGHT="13" WC="0.92" CONTENT="sam-"/>
						</TextLine>
						<TextLine ID="line_22" HPOS="103" VPOS="1007" WIDTH="752" HEIGHT="26">
							<String ID="string_162" HPOS="103" VPOS="1007" WIDTH="35" HEIGHT="19" WC="0.96" CONTENT="lad"/><SP WIDTH="20" VPOS="1007" HPOS="138"/>
							<String ID="string_163" HPOS="158" VPOS="1007" WIDTH="73" HEIGHT="25" WC="0.96" CONTENT="styrka"/><SP WIDTH="21" VPOS="1007" HPOS="231"/>
							<String ID="string_164" HPOS="252" VPOS="1007" WIDTH="32" HEIGHT="20" WC="0.96" CONTENT="sin"/><SP WIDTH="16" VPOS="1007" HPOS="284"/>
							<String ID="string_165" HPOS="300" VPOS="1007" WIDTH="56" HEIGHT="20" WC="0.96" CONTENT="kraft"/><SP WIDTH="20" VPOS="1007" HPOS="356"/>
							<String ID="string_166" HPOS="376" VPOS="1007" WIDTH="31" HEIGHT="20" WC="0.96" CONTENT="till"/><SP WIDTH="16" VPOS="1007" HPOS="407"/>
							<String ID="string_167" HPOS="423" VPOS="1007" WIDTH="67" HEIGHT="20" WC="0.96" CONTENT="finska"/><SP WIDTH="15" VPOS="1007" HPOS="490"/>
							<String ID="string_168" HPOS="505" VPOS="1007" WIDTH="75" HEIGHT="20" WC="0.93" CONTENT="folkets"/><SP WIDTH="16" VPOS="1007" HPOS="580"/>
							<String ID="string_169" HPOS="596" VPOS="1007" WIDTH="68" HEIGHT="26" WC="0.91" CONTENT="tjenst."/><SP WIDTH="31" VPOS="1007" HPOS="664"/>
							<String ID="string_170" HPOS="695" VPOS="1007" WIDTH="87" HEIGHT="19" WC="0.89" CONTENT="Imatras"/><SP WIDTH="17" VPOS="1007" HPOS="782"/>
							<String ID="string_171" HPOS="799" VPOS="1009" WIDTH="56" HEIGHT="17" WC="0.96" CONTENT="stora"/>
						</TextLine>
						<TextLine ID="line_23" HPOS="103" VPOS="1035" WIDTH="750" HEIGHT="27">
							<String ID="string_172" HPOS="103" VPOS="1037" WIDTH="106" HEIGHT="25" WC="0.94" CONTENT="betydelse"/><SP WIDTH="20" VPOS="1037" HPOS="209"/>
							<String ID="string_173" HPOS="229" VPOS="1037" WIDTH="31" HEIGHT="19" WC="0.95" CONTENT="för"/><SP WIDTH="26" VPOS="1037" HPOS="260"/>
							<String ID="string_174" HPOS="286" VPOS="1036" WIDTH="100" HEIGHT="21" WC="0.93" CONTENT="Finlands"/><SP WIDTH="20" VPOS="1036" HPOS="386"/>
							<String ID="string_175" HPOS="406" VPOS="1037" WIDTH="90" HEIGHT="19" WC="0.96" CONTENT="industri"/><SP WIDTH="20" VPOS="1037" HPOS="496"/>
							<String ID="string_176" HPOS="516" VPOS="1037" WIDTH="59" HEIGHT="20" WC="0.93" CONTENT="torde"/><SP WIDTH="24" VPOS="1037" HPOS="575"/>
							<String ID="string_177" HPOS="599" VPOS="1037" WIDTH="102" HEIGHT="25" WC="0.91" CONTENT="nemligen"/><SP WIDTH="23" VPOS="1037" HPOS="701"/>
							<String ID="string_178" HPOS="724" VPOS="1037" WIDTH="18" HEIGHT="24" WC="0.93" CONTENT="ej"/><SP WIDTH="23" VPOS="1037" HPOS="742"/>
							<String ID="string_179" HPOS="765" VPOS="1035" WIDTH="88" HEIGHT="20" WC="0.87" CONTENT="behöfva"/>
						</TextLine>
						<TextLine ID="line_24" HPOS="103" VPOS="1066" WIDTH="752" HEIGHT="26">
							<String ID="string_180" HPOS="103" VPOS="1066" WIDTH="101" HEIGHT="26" WC="0.84" CONTENT="betviflas,"/><SP WIDTH="21" VPOS="1066" HPOS="204"/>
							<String ID="string_181" HPOS="225" VPOS="1066" WIDTH="64" HEIGHT="20" WC="0.96" CONTENT="sedan"/><SP WIDTH="19" VPOS="1066" HPOS="289"/>
							<String ID="string_182" HPOS="308" VPOS="1073" WIDTH="25" HEIGHT="13" WC="0.93" CONTENT="en"/><SP WIDTH="18" VPOS="1073" HPOS="333"/>
							<String ID="string_183" HPOS="351" VPOS="1067" WIDTH="89" HEIGHT="25" WC="0.92" CONTENT="jernväg"/><SP WIDTH="16" VPOS="1067" HPOS="440"/>
							<String ID="string_184" HPOS="456" VPOS="1066" WIDTH="67" HEIGHT="20" WC="0.96" CONTENT="blifvit"/><SP WIDTH="15" VPOS="1066" HPOS="523"/>
							<String ID="string_185" HPOS="538" VPOS="1067" WIDTH="48" HEIGHT="19" WC="0.96" CONTENT="ledd"/><SP WIDTH="16" VPOS="1067" HPOS="586"/>
							<String ID="string_186" HPOS="602" VPOS="1067" WIDTH="36" HEIGHT="25" WC="0.96" CONTENT="dit,"/><SP WIDTH="16" VPOS="1067" HPOS="638"/>
							<String ID="string_187" HPOS="654" VPOS="1067" WIDTH="38" HEIGHT="19" WC="0.96" CONTENT="och"/><SP WIDTH="16" VPOS="1067" HPOS="692"/>
							<String ID="string_188" HPOS="708" VPOS="1066" WIDTH="46" HEIGHT="20" WC="0.96" CONTENT="dess"/><SP WIDTH="16" VPOS="1066" HPOS="754"/>
							<String ID="string_189" HPOS="770" VPOS="1066" WIDTH="47" HEIGHT="25" WC="0.96" CONTENT="läge"/><SP WIDTH="16" VPOS="1066" HPOS="817"/>
							<String ID="string_190" HPOS="833" VPOS="1069" WIDTH="22" HEIGHT="16" WC="0.96" CONTENT="är"/>
						</TextLine>
						<TextLine ID="line_25" HPOS="104" VPOS="1095" WIDTH="750" HEIGHT="27">
							<String ID="string_191" HPOS="104" VPOS="1096" WIDTH="60" HEIGHT="20" WC="0.96" CONTENT="äfven"/><SP WIDTH="21" VPOS="1096" HPOS="164"/>
							<String ID="string_192" HPOS="185" VPOS="1096" WIDTH="79" HEIGHT="25" WC="0.96" CONTENT="sådant,"/><SP WIDTH="23" VPOS="1096" HPOS="264"/>
							<String ID="string_193" HPOS="287" VPOS="1099" WIDTH="31" HEIGHT="17" WC="0.96" CONTENT="att"/><SP WIDTH="21" VPOS="1099" HPOS="318"/>
							<String ID="string_194" HPOS="339" VPOS="1096" WIDTH="35" HEIGHT="20" WC="0.96" CONTENT="det"/><SP WIDTH="22" VPOS="1096" HPOS="374"/>
							<String ID="string_195" HPOS="396" VPOS="1099" WIDTH="23" HEIGHT="17" WC="0.92" CONTENT="är"/><SP WIDTH="19" VPOS="1099" HPOS="419"/>
							<String ID="string_196" HPOS="438" VPOS="1097" WIDTH="77" HEIGHT="25" WC="0.92" CONTENT="egnadt"/><SP WIDTH="21" VPOS="1097" HPOS="515"/>
							<String ID="string_197" HPOS="536" VPOS="1098" WIDTH="30" HEIGHT="18" WC="0.93" CONTENT="att"/><SP WIDTH="21" VPOS="1098" HPOS="566"/>
							<String ID="string_198" HPOS="587" VPOS="1097" WIDTH="45" HEIGHT="19" WC="0.96" CONTENT="året"/><SP WIDTH="16" VPOS="1097" HPOS="632"/>
							<String ID="string_199" HPOS="648" VPOS="1103" WIDTH="32" HEIGHT="12" WC="0.93" CONTENT="om"/><SP WIDTH="16" VPOS="1103" HPOS="680"/>
							<String ID="string_200" HPOS="696" VPOS="1096" WIDTH="64" HEIGHT="25" WC="0.96" CONTENT="draga"/><SP WIDTH="15" VPOS="1096" HPOS="760"/>
							<String ID="string_201" HPOS="775" VPOS="1095" WIDTH="32" HEIGHT="20" WC="0.96" CONTENT="till"/><SP WIDTH="15" VPOS="1095" HPOS="807"/>
							<String ID="string_202" HPOS="822" VPOS="1095" WIDTH="32" HEIGHT="26" WC="0.96" CONTENT="sig"/>
						</TextLine>
						<TextLine ID="line_26" HPOS="104" VPOS="1122" WIDTH="753" HEIGHT="24">
							<String ID="string_203" HPOS="104" VPOS="1125" WIDTH="61" HEIGHT="20" WC="0.93" CONTENT="trafik"/><SP WIDTH="15" VPOS="1125" HPOS="165"/>
							<String ID="string_204" HPOS="180" VPOS="1125" WIDTH="45" HEIGHT="20" WC="0.93" CONTENT="frän"/><SP WIDTH="16" VPOS="1125" HPOS="225"/>
							<String ID="string_205" HPOS="241" VPOS="1126" WIDTH="46" HEIGHT="20" WC="0.96" CONTENT="hela"/><SP WIDTH="12" VPOS="1126" HPOS="287"/>
							<String ID="string_206" HPOS="299" VPOS="1122" WIDTH="132" HEIGHT="24" WC="0.93" CONTENT="Österbotten"/><SP WIDTH="16" VPOS="1122" HPOS="431"/>
							<String ID="string_207" HPOS="447" VPOS="1126" WIDTH="105" HEIGHT="20" WC="0.92" CONTENT="äfvensom"/><SP WIDTH="16" VPOS="1126" HPOS="552"/>
							<String ID="string_208" HPOS="568" VPOS="1126" WIDTH="46" HEIGHT="19" WC="0.93" CONTENT="frän"/><SP WIDTH="11" VPOS="1126" HPOS="614"/>
							<String ID="string_209" HPOS="625" VPOS="1128" WIDTH="55" HEIGHT="17" WC="0.96" CONTENT="östra"/><SP WIDTH="11" VPOS="1128" HPOS="680"/>
							<String ID="string_210" HPOS="691" VPOS="1126" WIDTH="93" HEIGHT="19" WC="0.93" CONTENT="Finland."/><SP WIDTH="17" VPOS="1126" HPOS="784"/>
							<String ID="string_211" HPOS="801" VPOS="1125" WIDTH="56" HEIGHT="20" WC="0.93" CONTENT="Frän"/>
						</TextLine>
						<TextLine ID="line_27" HPOS="103" VPOS="1155" WIDTH="752" HEIGHT="26">
							<String ID="string_212" HPOS="103" VPOS="1155" WIDTH="85" HEIGHT="20" WC="0.92" CONTENT="hvilken"/><SP WIDTH="18" VPOS="1155" HPOS="188"/>
							<String ID="string_213" HPOS="206" VPOS="1156" WIDTH="67" HEIGHT="25" WC="0.91" CONTENT="punkt"/><SP WIDTH="15" VPOS="1156" HPOS="273"/>
							<String ID="string_214" HPOS="288" VPOS="1157" WIDTH="27" HEIGHT="24" WC="0.92" CONTENT="pä"/><SP WIDTH="16" VPOS="1157" HPOS="315"/>
							<String ID="string_215" HPOS="331" VPOS="1156" WIDTH="169" HEIGHT="20" WC="0.91" CONTENT="Savolaksbanan"/><SP WIDTH="15" VPOS="1156" HPOS="500"/>
							<String ID="string_216" HPOS="515" VPOS="1156" WIDTH="68" HEIGHT="19" WC="0.96" CONTENT="denna"/><SP WIDTH="16" VPOS="1156" HPOS="583"/>
							<String ID="string_217" HPOS="599" VPOS="1163" WIDTH="28" HEIGHT="12" WC="0.93" CONTENT="nu"/><SP WIDTH="15" VPOS="1163" HPOS="627"/>
							<String ID="string_218" HPOS="642" VPOS="1155" WIDTH="158" HEIGHT="26" WC="0.92" CONTENT="ifrägavarande"/><SP WIDTH="15" VPOS="1155" HPOS="800"/>
							<String ID="string_219" HPOS="815" VPOS="1155" WIDTH="40" HEIGHT="19" WC="0.93" CONTENT="för-"/>
						</TextLine>
						<TextLine ID="line_28" HPOS="103" VPOS="1185" WIDTH="752" HEIGHT="26">
							<String ID="string_220" HPOS="103" VPOS="1185" WIDTH="167" HEIGHT="26" WC="0.42" CONTENT="bindningsbana"/><SP WIDTH="19" VPOS="1185" HPOS="270"/>
							<String ID="string_221" HPOS="289" VPOS="1185" WIDTH="63" HEIGHT="20" WC="0.93" CONTENT="borde"/><SP WIDTH="20" VPOS="1185" HPOS="352"/>
							<String ID="string_222" HPOS="372" VPOS="1188" WIDTH="89" HEIGHT="23" WC="0.92" CONTENT="utgrena"/><SP WIDTH="21" VPOS="1188" HPOS="461"/>
							<String ID="string_223" HPOS="482" VPOS="1186" WIDTH="32" HEIGHT="25" WC="0.95" CONTENT="sig"/><SP WIDTH="21" VPOS="1186" HPOS="514"/>
							<String ID="string_224" HPOS="535" VPOS="1185" WIDTH="7" HEIGHT="20" WC="0.93" CONTENT="i"/><SP WIDTH="15" VPOS="1185" HPOS="542"/>
							<String ID="string_225" HPOS="557" VPOS="1185" WIDTH="94" HEIGHT="26" WC="0.96" CONTENT="riktning"/><SP WIDTH="15" VPOS="1185" HPOS="651"/>
							<String ID="string_226" HPOS="666" VPOS="1188" WIDTH="42" HEIGHT="17" WC="0.96" CONTENT="mot"/><SP WIDTH="14" VPOS="1188" HPOS="708"/>
							<String ID="string_227" HPOS="722" VPOS="1185" WIDTH="83" HEIGHT="25" WC="0.96" CONTENT="Imatra,"/><SP WIDTH="16" VPOS="1185" HPOS="805"/>
							<String ID="string_228" HPOS="821" VPOS="1185" WIDTH="34" HEIGHT="19" WC="0.97" CONTENT="det"/>
						</TextLine>
						<TextLine ID="line_29" HPOS="104" VPOS="1214" WIDTH="752" HEIGHT="27">
							<String ID="string_229" HPOS="104" VPOS="1215" WIDTH="90" HEIGHT="25" WC="0.92" CONTENT="framgär"/><SP WIDTH="15" VPOS="1215" HPOS="194"/>
							<String ID="string_230" HPOS="209" VPOS="1215" WIDTH="103" HEIGHT="25" WC="0.87" CONTENT="sjelfmant"/><SP WIDTH="15" VPOS="1215" HPOS="312"/>
							<String ID="string_231" HPOS="327" VPOS="1215" WIDTH="36" HEIGHT="20" WC="0.96" CONTENT="vid"/><SP WIDTH="15" VPOS="1215" HPOS="363"/>
							<String ID="string_232" HPOS="378" VPOS="1215" WIDTH="66" HEIGHT="20" WC="0.93" CONTENT="första"/><SP WIDTH="14" VPOS="1215" HPOS="444"/>
							<String ID="string_233" HPOS="458" VPOS="1215" WIDTH="56" HEIGHT="20" WC="0.91" CONTENT="blick"/><SP WIDTH="14" VPOS="1215" HPOS="514"/>
							<String ID="string_234" HPOS="528" VPOS="1217" WIDTH="27" HEIGHT="24" WC="0.95" CONTENT="pä"/><SP WIDTH="15" VPOS="1217" HPOS="555"/>
							<String ID="string_235" HPOS="570" VPOS="1215" WIDTH="100" HEIGHT="20" WC="0.96" CONTENT="Finlands"/><SP WIDTH="10" VPOS="1215" HPOS="670"/>
							<String ID="string_236" HPOS="680" VPOS="1215" WIDTH="68" HEIGHT="23" WC="0.93" CONTENT="karta;"/><SP WIDTH="11" VPOS="1215" HPOS="748"/>
							<String ID="string_237" HPOS="759" VPOS="1215" WIDTH="47" HEIGHT="19" WC="0.93" CONTENT="frän"/><SP WIDTH="11" VPOS="1215" HPOS="806"/>
							<String ID="string_238" HPOS="817" VPOS="1214" WIDTH="39" HEIGHT="19" WC="0.97" CONTENT="den"/>
						</TextLine>
						<TextLine ID="line_30" HPOS="104" VPOS="1245" WIDTH="751" HEIGHT="25">
							<String ID="string_239" HPOS="104" VPOS="1245" WIDTH="86" HEIGHT="19" WC="0.92" CONTENT="emellan"/><SP WIDTH="20" VPOS="1245" HPOS="190"/>
							<String ID="string_240" HPOS="210" VPOS="1245" WIDTH="28" HEIGHT="20" WC="0.96" CONTENT="St."/><SP WIDTH="24" VPOS="1245" HPOS="238"/>
							<String ID="string_241" HPOS="262" VPOS="1245" WIDTH="76" HEIGHT="20" WC="0.96" CONTENT="Michel"/><SP WIDTH="21" VPOS="1245" HPOS="338"/>
							<String ID="string_242" HPOS="359" VPOS="1245" WIDTH="38" HEIGHT="20" WC="0.95" CONTENT="och"/><SP WIDTH="19" VPOS="1245" HPOS="397"/>
							<String ID="string_243" HPOS="416" VPOS="1245" WIDTH="131" HEIGHT="20" WC="0.92" CONTENT="Haukivuori"/><SP WIDTH="21" VPOS="1245" HPOS="547"/>
							<String ID="string_244" HPOS="568" VPOS="1245" WIDTH="88" HEIGHT="25" WC="0.92" CONTENT="belägna"/><SP WIDTH="16" VPOS="1245" HPOS="656"/>
							<String ID="string_245" HPOS="672" VPOS="1245" WIDTH="59" HEIGHT="20" WC="0.96" CONTENT="delen"/><SP WIDTH="16" VPOS="1245" HPOS="731"/>
							<String ID="string_246" HPOS="747" VPOS="1245" WIDTH="23" HEIGHT="19" WC="0.93" CONTENT="af"/><SP WIDTH="12" VPOS="1245" HPOS="770"/>
							<String ID="string_247" HPOS="782" VPOS="1245" WIDTH="73" HEIGHT="18" WC="0.92" CONTENT="banan."/>
						</TextLine>
						<TextLine ID="line_31" HPOS="104" VPOS="1274" WIDTH="753" HEIGHT="26">
							<String ID="string_248" HPOS="104" VPOS="1274" WIDTH="110" HEIGHT="26" WC="0.96" CONTENT="Utgående"/><SP WIDTH="15" VPOS="1274" HPOS="214"/>
							<String ID="string_249" HPOS="229" VPOS="1275" WIDTH="92" HEIGHT="19" WC="0.96" CONTENT="härifrån"/><SP WIDTH="16" VPOS="1275" HPOS="321"/>
							<String ID="string_250" HPOS="337" VPOS="1275" WIDTH="63" HEIGHT="19" WC="0.93" CONTENT="borde"/><SP WIDTH="18" VPOS="1275" HPOS="400"/>
							<String ID="string_251" HPOS="418" VPOS="1275" WIDTH="68" HEIGHT="20" WC="0.93" CONTENT="banan"/><SP WIDTH="17" VPOS="1275" HPOS="486"/>
							<String ID="string_252" HPOS="503" VPOS="1287" WIDTH="27" HEIGHT="2" WC="0.93" CONTENT="—"/><SP WIDTH="17" VPOS="1287" HPOS="530"/>
							<String ID="string_253" HPOS="547" VPOS="1275" WIDTH="122" HEIGHT="19" WC="0.96" CONTENT="åtminstone"/><SP WIDTH="17" VPOS="1275" HPOS="669"/>
							<String ID="string_254" HPOS="686" VPOS="1274" WIDTH="63" HEIGHT="25" WC="0.93" CONTENT="enligt"/><SP WIDTH="15" VPOS="1274" HPOS="749"/>
							<String ID="string_255" HPOS="764" VPOS="1274" WIDTH="93" HEIGHT="19" WC="0.96" CONTENT="traktens"/>
						</TextLine>
						<TextLine ID="line_32" HPOS="105" VPOS="1303" WIDTH="752" HEIGHT="27">
							<String ID="string_256" HPOS="105" VPOS="1311" WIDTH="53" HEIGHT="18" WC="0.93" CONTENT="egna"/><SP WIDTH="19" VPOS="1311" HPOS="158"/>
							<String ID="string_257" HPOS="177" VPOS="1304" WIDTH="153" HEIGHT="26" WC="0.90" CONTENT="innebyggares"/><SP WIDTH="21" VPOS="1304" HPOS="330"/>
							<String ID="string_258" HPOS="351" VPOS="1305" WIDTH="83" HEIGHT="25" WC="0.93" CONTENT="mening"/><SP WIDTH="16" VPOS="1305" HPOS="434"/>
							<String ID="string_259" HPOS="450" VPOS="1317" WIDTH="29" HEIGHT="2" WC="0.92" CONTENT="—"/><SP WIDTH="16" VPOS="1317" HPOS="479"/>
							<String ID="string_260" HPOS="495" VPOS="1306" WIDTH="26" HEIGHT="24" WC="0.96" CONTENT="gå"/><SP WIDTH="15" VPOS="1306" HPOS="521"/>
							<String ID="string_261" HPOS="536" VPOS="1311" WIDTH="74" HEIGHT="18" WC="0.93" CONTENT="genom"/><SP WIDTH="10" VPOS="1311" HPOS="610"/>
							<String ID="string_262" HPOS="620" VPOS="1305" WIDTH="80" HEIGHT="19" WC="0.92" CONTENT="Jokkas"/><SP WIDTH="16" VPOS="1305" HPOS="700"/>
							<String ID="string_263" HPOS="716" VPOS="1304" WIDTH="95" HEIGHT="25" WC="0.92" CONTENT="kyrkoby"/><SP WIDTH="15" VPOS="1304" HPOS="811"/>
							<String ID="string_264" HPOS="826" VPOS="1303" WIDTH="31" HEIGHT="19" WC="0.95" CONTENT="till"/>
						</TextLine>
						<TextLine ID="line_33" HPOS="105" VPOS="1333" WIDTH="753" HEIGHT="27">
							<String ID="string_265" HPOS="105" VPOS="1334" WIDTH="123" HEIGHT="26" WC="0.91" CONTENT="Siikakoski,"/><SP WIDTH="17" VPOS="1334" HPOS="228"/>
							<String ID="string_266" HPOS="245" VPOS="1337" WIDTH="54" HEIGHT="17" WC="0.93" CONTENT="samt"/><SP WIDTH="15" VPOS="1337" HPOS="299"/>
							<String ID="string_267" HPOS="314" VPOS="1334" WIDTH="91" HEIGHT="20" WC="0.90" CONTENT="derifrån"/><SP WIDTH="16" VPOS="1334" HPOS="405"/>
							<String ID="string_268" HPOS="421" VPOS="1334" WIDTH="57" HEIGHT="20" WC="0.96" CONTENT="öfver"/><SP WIDTH="16" VPOS="1334" HPOS="478"/>
							<String ID="string_269" HPOS="494" VPOS="1334" WIDTH="99" HEIGHT="20" WC="0.96" CONTENT="Puumala"/><SP WIDTH="11" VPOS="1334" HPOS="593"/>
							<String ID="string_270" HPOS="604" VPOS="1334" WIDTH="53" HEIGHT="20" WC="0.96" CONTENT="sund"/><SP WIDTH="16" VPOS="1334" HPOS="657"/>
							<String ID="string_271" HPOS="673" VPOS="1334" WIDTH="37" HEIGHT="19" WC="0.96" CONTENT="och"/><SP WIDTH="10" VPOS="1334" HPOS="710"/>
							<String ID="string_272" HPOS="720" VPOS="1340" WIDTH="73" HEIGHT="19" WC="0.92" CONTENT="genom"/><SP WIDTH="10" VPOS="1340" HPOS="793"/>
							<String ID="string_273" HPOS="803" VPOS="1333" WIDTH="55" HEIGHT="19" WC="0.91" CONTENT="Ruo-"/>
						</TextLine>
						<TextLine ID="line_34" HPOS="104" VPOS="1364" WIDTH="218" HEIGHT="20">
							<String ID="string_274" HPOS="104" VPOS="1364" WIDTH="73" HEIGHT="19" WC="0.91" CONTENT="kolaks"/><SP WIDTH="15" VPOS="1364" HPOS="177"/>
							<String ID="string_275" HPOS="192" VPOS="1364" WIDTH="32" HEIGHT="19" WC="0.93" CONTENT="till"/><SP WIDTH="15" VPOS="1364" HPOS="224"/>
							<String ID="string_276" HPOS="239" VPOS="1364" WIDTH="83" HEIGHT="20" WC="0.90" CONTENT="Imatra."/>
						</TextLine>
					</TextBlock>
					<TextBlock ID="block_5" HPOS="105" VPOS="1392" WIDTH="754" HEIGHT="51">
						<TextLine ID="line_35" HPOS="176" VPOS="1392" WIDTH="683" HEIGHT="27">
							<String ID="string_277" HPOS="176" VPOS="1394" WIDTH="48" HEIGHT="20" WC="0.96" CONTENT="Med"/><SP WIDTH="16" VPOS="1394" HPOS="224"/>
							<String ID="string_278" HPOS="240" VPOS="1394" WIDTH="96" HEIGHT="20" WC="0.93" CONTENT="afseende"/><SP WIDTH="16" VPOS="1394" HPOS="336"/>
							<String ID="string_279" HPOS="352" VPOS="1395" WIDTH="12" HEIGHT="18" WC="0.91" CONTENT="å"/><SP WIDTH="15" VPOS="1395" HPOS="364"/>
							<String ID="string_280" HPOS="379" VPOS="1394" WIDTH="85" HEIGHT="25" WC="0.96" CONTENT="frågans"/><SP WIDTH="15" VPOS="1394" HPOS="464"/>
							<String ID="string_281" HPOS="479" VPOS="1397" WIDTH="94" HEIGHT="16" WC="0.96" CONTENT="närmare"/><SP WIDTH="15" VPOS="1397" HPOS="573"/>
							<String ID="string_282" HPOS="588" VPOS="1394" WIDTH="110" HEIGHT="25" WC="0.96" CONTENT="belysning"/><SP WIDTH="9" VPOS="1394" HPOS="698"/>
							<String ID="string_283" HPOS="707" VPOS="1393" WIDTH="65" HEIGHT="19" WC="0.96" CONTENT="tillåta"/><SP WIDTH="16" VPOS="1393" HPOS="772"/>
							<String ID="string_284" HPOS="788" VPOS="1392" WIDTH="21" HEIGHT="20" WC="0.96" CONTENT="vi"/><SP WIDTH="16" VPOS="1392" HPOS="809"/>
							<String ID="string_285" HPOS="825" VPOS="1398" WIDTH="34" HEIGHT="13" WC="0.95" CONTENT="oss"/>
						</TextLine>
						<TextLine ID="line_36" HPOS="105" VPOS="1421" WIDTH="754" HEIGHT="22">
							<String ID="string_286" HPOS="105" VPOS="1423" WIDTH="99" HEIGHT="20" WC="0.96" CONTENT="särskildt"/><SP WIDTH="15" VPOS="1423" HPOS="204"/>
							<String ID="string_287" HPOS="219" VPOS="1424" WIDTH="87" HEIGHT="19" WC="0.96" CONTENT="hänvisa"/><SP WIDTH="15" VPOS="1424" HPOS="306"/>
							<String ID="string_288" HPOS="321" VPOS="1424" WIDTH="33" HEIGHT="19" WC="0.95" CONTENT="till"/><SP WIDTH="14" VPOS="1424" HPOS="354"/>
							<String ID="string_289" HPOS="368" VPOS="1424" WIDTH="80" HEIGHT="19" WC="0.93" CONTENT="Herrar"/><SP WIDTH="15" VPOS="1424" HPOS="448"/>
							<String ID="string_290" HPOS="463" VPOS="1424" WIDTH="23" HEIGHT="19" WC="0.93" CONTENT="E."/><SP WIDTH="16" VPOS="1424" HPOS="486"/>
							<String ID="string_291" HPOS="502" VPOS="1424" WIDTH="98" HEIGHT="19" WC="0.92" CONTENT="Avellans"/><SP WIDTH="20" VPOS="1424" HPOS="600"/>
							<String ID="string_292" HPOS="620" VPOS="1423" WIDTH="37" HEIGHT="20" WC="0.96" CONTENT="och"/><SP WIDTH="15" VPOS="1423" HPOS="657"/>
							<String ID="string_293" HPOS="672" VPOS="1423" WIDTH="21" HEIGHT="20" WC="0.85" CONTENT="C."/><SP WIDTH="17" VPOS="1423" HPOS="693"/>
							<String ID="string_294" HPOS="710" VPOS="1423" WIDTH="24" HEIGHT="19" WC="0.93" CONTENT="G."/><SP WIDTH="14" VPOS="1423" HPOS="734"/>
							<String ID="string_295" HPOS="748" VPOS="1421" WIDTH="111" HEIGHT="21" WC="0.92" CONTENT="Sanmarks"/>
						</TextLine>
					</TextBlock>
				</ComposedBlock>
				<ComposedBlock ID="cblock_5" HPOS="176" VPOS="1463" WIDTH="372" HEIGHT="23">
					<TextBlock ID="block_6" HPOS="176" VPOS="1463" WIDTH="372" HEIGHT="23">
						<TextLine ID="line_37" HPOS="176" VPOS="1463" WIDTH="372" HEIGHT="23">
							<String ID="string_296" HPOS="176" VPOS="1463" WIDTH="176" HEIGHT="23" WC="0.91" CONTENT="Jernvägsutskottets"/><SP WIDTH="12" VPOS="1463" HPOS="352"/>
							<String ID="string_297" HPOS="364" VPOS="1463" WIDTH="107" HEIGHT="19" WC="0.96" CONTENT="betänkande"/><SP WIDTH="13" VPOS="1463" HPOS="471"/>
							<String ID="string_298" HPOS="484" VPOS="1463" WIDTH="36" HEIGHT="18" WC="0.95" CONTENT="N:o"/><SP WIDTH="12" VPOS="1463" HPOS="520"/>
							<String ID="string_299" HPOS="532" VPOS="1464" WIDTH="16" HEIGHT="17" WC="0.94" CONTENT="1."/>
						</TextLine>
					</TextBlock>
				</ComposedBlock>
			</PrintSpace>
		</Page>
	</Layout>
</alto>
