1067 1673
236 133 84 23 Ständ.
336 134 56 22 Mot.
408 146 28 5 —
451 134 155 23 Motionsbet.
621 135 47 22 N:o
682 135 23 22 6.
810 136 12 21 3

93 209 21 20 af
129 215 51 14 oren
196 208 58 28 sprit,
269 208 24 21 så
308 209 30 20 att
352 214 82 15 samma
448 215 56 20 vara,
519 208 46 21 från
582 210 30 19 att
626 209 64 20 hafva
704 209 55 21 varit
772 209 78 22 under-

92 242 75 21 kastad
189 242 175 27 bränvinslagens
386 244 86 25 stränga
487 242 164 28 bestämningar,
666 249 78 21 genom
759 250 27 14 en
801 243 50 22 obe-

92 276 69 28 tydlig
183 276 149 21 vattentillsats
354 276 42 21 kan
418 276 124 21 förvandlas
559 276 33 21 till
607 283 26 14 en
649 277 73 28 dryck,
737 284 45 14 som
798 279 52 19 utan

92 310 93 21 kontroli
199 310 33 21 får
246 310 97 27 försäljas
357 312 39 19 när
410 311 41 20 och
465 311 54 20 hvar
532 317 46 14 som
592 310 60 21 helst.

162 343 33 22 De
210 344 121 21 restriktiva
343 344 137 27 stadganden,
491 351 46 14 som
547 345 51 28 ingå
607 345 8 20 i
624 345 152 28 förordningen
787 345 64 28 angå-

94 379 54 20 ende
158 378 126 28 försäljning
300 379 21 20 af
335 378 90 21 bränvin
442 379 38 20 och
496 379 66 21 andra
578 379 87 21 dermed
680 379 100 22 likstälda
789 379 61 28 sprit-

94 413 96 27 drycker,
210 413 63 20 hafva
288 413 155 27 otvifvelaktigt
457 413 8 20 i
480 413 98 28 förening
592 413 50 21 med
657 413 27 21 de
698 413 98 28 åtgärder
810 414 40 21 och

94 447 150 28 anordningar,
263 453 45 15 som
326 447 22 20 af
362 447 174 28 utminuterings-
551 447 40 21 och
606 447 245 28 utskänkningsbolagen

94 481 106 28 vidtagits,
220 481 128 21 åtminstone
366 481 12 21 å
392 481 79 28 många
485 483 57 19 orter
555 482 59 20 inom
629 481 73 22 landet
716 482 74 21 verkat
804 482 48 21 der-

94 515 49 28 hän,
158 517 30 20 att
203 515 36 21 det
254 515 108 28 omåttliga
377 515 206 28 bränvinssupandet
598 515 78 28 aftagit.
701 515 51 22 Men
766 516 85 21 vinsten

94 549 61 21 häraf
170 551 22 19 är
206 549 154 28 jemförelsevis
374 549 68 28 ringa,
457 549 23 21 så
490 549 62 28 länge
568 549 32 21 till
614 549 53 28 följd
678 549 22 22 af
712 550 63 21 ofvan
786 550 64 21 fram-

94 583 73 21 hållna
182 583 180 28 omständigheter
376 583 36 22 det
426 583 38 21 hos
480 590 34 15 oss
529 583 85 27 vanliga
628 583 128 28 fabriksölet,
771 584 81 21 hvilket

96 619 22 19 är
136 617 49 21 vida
200 617 94 22 starkare
309 619 27 20 än
351 618 8 20 i
370 617 25 22 de
405 617 61 22 flesta
479 618 66 21 andra
556 618 80 27 länder,
648 619 109 20 äfvensom
769 618 84 27 hvarje-

95 651 71 21 handa
184 651 194 29 spritblandningar
398 652 8 20 i
420 652 159 22 vidsträcktaste
594 659 51 14 mon
660 652 107 28 begagnas
782 652 70 22 såsom

95 686 134 27 rusdrycker.

165 720 145 22 Omförmälda
324 720 120 28 beklagliga
458 720 198 22 missförhållanden
672 727 50 15 anse
735 720 118 22 Ständerna

96 754 71 22 derför
187 755 125 27 oafvisligen
331 754 84 28 påkalla
436 755 122 28 ytterligare
578 755 179 27 inskränkningar
775 754 78 22 beträf-

95 789 64 21 fande
187 789 174 27 ölförsäljningen
388 790 56 20 samt
466 791 30 19 ett
517 789 109 21 ordnande
648 789 21 21 af
690 789 93 23 handeln
802 788 50 22 med

96 829 88 22 svagare
198 823 130 27 rusdrycker
342 829 77 22 genom
434 823 180 28 ändamälsenliga
628 823 135 22 föreskrifter.

164 857 34 22 De
213 857 149 28 öfverklagade
377 857 135 21 missbruken
527 857 63 21 hafva
605 857 32 22 till
652 857 151 28 hufvudsaklig
818 856 35 21 del

97 893 35 26 egt
154 898 48 14 rum
220 892 8 20 i
244 891 46 22 stad
313 891 39 21 och
374 891 116 21 föranledts
510 891 22 21 af
551 891 41 21 den
611 891 46 28 fria,
676 891 65 28 ingen
760 890 93 22 kontroll

96 925 157 22 underkastade
271 925 94 22 handeln
378 925 50 23 med
444 925 21 21 öl
480 925 40 21 och
535 925 66 21 andra
616 932 88 21 svagare
718 925 134 27 rusdrycker.

96 960 31 21 På
148 960 70 27 grund
235 960 61 21 häraf
310 960 39 21 har
363 959 35 21 vid
413 959 158 28 behandlingen
586 959 22 22 af
622 959 138 22 förevarande
775 958 78 22 ärende

97 994 42 21 den
161 994 110 27 synpunkt
292 994 54 21 varit
366 993 160 22 bestämmande
548 993 33 22 för
601 993 123 28 Ständerna,
746 995 30 19 att
794 992 60 21 bote-

96 1028 80 21 medlet
194 1029 34 20 för
247 1029 36 28 det
302 1028 56 21 onda
376 1028 76 21 främst
466 1028 43 21 stär
524 1029 30 20 att
568 1028 52 21 söka
634 1027 32 21 uti
680 1027 174 21 minuthandelns

97 1062 111 21 ordnande
222 1062 28 28 pä
265 1064 30 19 ett
310 1062 75 21 sädant
399 1064 47 25 sätt,
461 1064 31 20 att
502 1063 41 20 den
553 1061 113 22 framdeles
678 1061 56 28 finge
746 1061 108 21 bedrifvas

97 1096 76 21 endast
193 1097 22 20 af
236 1103 106 21 personer,
360 1103 46 14 som
424 1096 82 28 ätnjuta
523 1095 158 22 vederbörande
698 1095 157 27 stadsmyndig-

96 1130 71 21 heters
181 1130 127 21 förtroende.
338 1130 11 21 1
363 1130 60 28 fräga
438 1137 35 14 om
488 1130 172 27 utskänkningen
674 1129 64 21 hafva
750 1129 48 21 icke
810 1128 45 21 lika

96 1164 122 27 betydande
235 1164 108 21 missbruk
362 1166 36 26 egt
416 1171 54 21 rum,
490 1164 86 21 hvarför
590 1163 118 22 Ständerna
722 1163 46 21 icke
783 1162 73 21 funnit

97 1198 75 28 nödigt
186 1200 30 20 att
231 1199 73 21 derom
319 1205 31 15 nu
364 1198 78 22 föreslä
456 1205 44 21 nya
514 1198 137 28 stadganden.

166 1232 76 22 Ehuru
264 1233 35 21 det
320 1233 72 21 kunde
415 1239 65 21 synas
502 1232 120 28 önskvärdt,
644 1234 30 19 att
695 1231 92 21 handeln
804 1230 51 21 med

97 1266 144 28 maltdrycker
256 1267 40 21 och
310 1267 42 21 den
366 1267 50 21 med
432 1267 66 21 andra
513 1272 87 22 svagare
612 1266 127 27 rusdrycker
751 1264 105 22 ordnades

98 1308 78 20 genom
193 1301 232 21 öfverensstämmande
440 1300 138 28 stadganden,
594 1300 48 21 dela
662 1299 118 21 Ständerna
788 1298 67 21 likväl

98 1336 42 20 den
158 1335 22 21 af
200 1334 119 22 Ständerna
336 1335 36 21 vid
392 1335 56 21 1882
468 1335 34 21 års
519 1334 102 28 landtdag
637 1333 95 22 uttalade
751 1333 59 27 äsigt,
825 1333 31 19 att

98 1369 27 21 de
137 1369 49 21 icke
196 1369 117 27 lämpligen
324 1369 74 21 kunna
407 1369 141 21 underkastas
557 1369 8 20 i
575 1368 41 21 allo
628 1374 80 15 samma
719 1366 136 22 föreskrifter.

99 1402 119 22 Ständerna
244 1403 64 21 hafva
334 1402 72 22 derför
434 1404 70 20 ansett
528 1402 186 27 bestämningarna
738 1407 35 15 om
793 1399 62 21 malt-

98 1437 92 27 drycker
204 1436 13 22 å
231 1443 41 15 ena
287 1437 61 21 sidan
363 1439 55 19 samt
433 1436 111 28 angående
558 1436 62 21 viner
634 1436 39 20 och
688 1435 66 21 andra
768 1439 88 22 svagare
