1067 1673
290 120 260 23 Motionsbetänkande
566 120 45 23 N:o
627 120 39 23 10.
816 122 12 20 9

172 182 119 22 Motionen
306 182 97 22 föreslår
418 190 29 14 en
463 182 100 29 ändring
577 183 8 21 i
607 182 45 22 den
667 182 109 29 religiösa
791 182 67 22 delen

101 215 26 22 af
140 216 181 27 edsformuläret,
337 216 37 22 för
389 219 35 19 att
439 216 108 29 borttaga
563 217 50 21 dess
630 216 59 22 form
715 216 26 22 af
760 216 98 22 försvär-

98 250 58 28 jelse
172 251 44 21 och
230 250 98 22 sålunda
342 250 72 22 häfva
429 250 45 22 den
489 251 245 29 samvetskränkning,
750 258 49 15 som
814 251 43 21 fin-

100 292 42 14 nes
157 285 57 21 häri.
245 284 70 22 Detta
330 285 108 21 ändamål
453 286 74 20 måste
549 292 66 15 anses
639 286 80 20 kunna
733 285 55 21 fullt
802 292 57 22 upp-

101 318 56 22 bära
173 326 27 14 en
216 319 94 25 motion,
327 319 43 21 och
385 319 37 21 för
437 319 40 22 det
491 319 146 22 närvarande
653 323 24 17 är
693 319 129 29 ändringen
836 318 25 22 af

102 352 46 22 den
162 353 109 28 religiösa
287 353 67 22 delen
369 353 8 21 i
391 353 176 22 edsformuläret
578 354 39 20 det
627 354 128 28 vigtigaste
765 354 8 21 i
784 354 76 21 denna

102 386 72 29 fråga.
204 387 70 21 Hvad
295 387 38 21 det
356 388 9 20 i
379 387 216 29 begynnelseorden
611 387 26 21 af
651 387 39 22 det
704 395 32 14 nu
752 387 107 29 gällande

102 420 177 22 edsformuläret
301 422 116 28 ingående
439 422 128 28 uttrycket:
592 439 9 8 ,
605 421 41 26 vid
661 422 54 21 Gud
731 422 42 21 och
794 422 65 21 Hans

102 455 78 29 heliga
196 456 160 28 evangelium"
373 456 116 25 beträffar,
505 456 97 22 föreslår
615 456 42 28 jag
672 458 34 19 ett
721 456 139 28 återgående

102 490 37 21 till
150 490 40 21 det
204 490 165 28 ursprungliga
383 490 130 28 uttrycket:
531 490 52 28 ,vid
593 490 110 21 lefvande
715 490 75 26 Gud",
801 497 59 14 eme-

103 524 46 22 dan
162 524 49 29 just
226 524 65 22 detta
305 524 80 22 tillhör
401 524 69 22 edens
485 524 102 22 väsende
603 524 43 22 och
661 524 138 22 menniskan
809 524 51 21 icke

102 558 37 22 får
161 561 62 19 sätta
245 558 65 22 Guds
332 559 146 29 evangelium
494 560 75 20 såsom
585 559 88 28 borgen
687 558 38 22 för
740 558 118 28 sannings-

104 593 134 29 enligheten
254 592 25 22 af
292 593 36 21 sin
343 595 90 27 utsago.
461 593 53 22 Icke
529 593 74 21 heller
618 593 129 21 slutorden:
760 593 38 25 ,,så
809 595 52 18 sant

103 627 49 29 mig
168 627 49 22 Gud
232 627 77 29 hjelpe
324 627 37 21 till
375 627 32 22 lif
419 627 43 22 och
477 627 61 29 själ*,
554 627 79 21 kunna
649 627 133 21 bibehållas.
797 626 64 28 Upp-

104 661 134 29 fattningen
261 661 26 21 af
307 661 66 22 dessa
395 662 41 21 ord
451 662 42 21 har
509 662 59 21 dock
583 662 62 20 varit
660 661 69 22 olika.
758 662 44 21 Det
816 660 45 22 för-

104 698 36 19 sta
155 696 99 21 svenska
270 696 149 28 kyrkomötet
433 696 27 21 af
473 696 25 21 år
514 697 55 21 1868
584 696 104 21 uttalade
704 698 15 20 t.
735 703 35 14 ex.
786 695 75 21 såsom

104 730 37 21 sin
155 730 159 28 uppfattning,
336 732 35 19 att
388 730 67 21 dessa
475 730 90 22 slutord
581 730 58 25 ,lätt
653 729 96 29 inbjuda
764 729 37 21 till
816 728 45 22 den

104 764 169 28 föreställning,
289 766 34 19 att
338 764 51 26 den,
406 771 49 15 som
471 764 102 28 aflägger
591 764 66 27 eden,
673 763 90 29 afsäger
779 763 35 28 sig
830 763 32 21 all

104 798 80 22 vidare
206 798 63 29 hjelp
292 798 27 22 af
338 798 54 22 Gud
411 799 37 21 till
463 798 30 22 lif
506 798 43 22 och
565 798 50 28 själ,
631 806 37 14 om
683 798 46 22 han
744 798 31 28 på
789 798 73 28 något

105 835 47 19 sätt
166 832 84 22 brister
264 832 8 22 i
288 832 39 22 des
342 832 174 29 uppfyllande."
541 832 250 29 Kyrkolagsutskottet
802 831 26 22 af
836 832 25 21 år

106 867 54 22 1878
184 867 50 21 åter
255 867 119 21 betraktar
397 867 58 22 eden
478 884 4 8 ,
484 867 83 26 såsom
590 874 28 14 en
634 867 121 21 försäkran
771 865 25 22 af
809 865 51 27 den,

104 907 50 15 som
179 901 58 21 eden
261 901 107 28 aflägger,
393 903 35 19 att
450 901 53 25 han,
525 901 26 21 så
565 901 59 21 visst
638 901 47 21 han
700 900 43 21 vill
758 902 35 19 att
808 899 53 22 Gud

104 935 59 21 skall
178 935 78 28 hjelpa
270 935 86 22 honom
371 935 38 22 till
423 935 74 28 kropp
513 935 44 22 och
567 935 49 28 själ,
627 934 82 22 hafver
721 934 40 21 det
771 933 91 29 redliga

104 970 110 27 uppsåtet
236 972 35 19 att
291 969 64 22 hålla
375 970 37 21 sin
428 969 48 22 ed.*
507 969 242 28 Filosofieprofessorn
775 967 87 29 Sigurd

103 1003 111 29 Ribbing,
236 1003 102 22 ledamot
361 1003 26 22 af
411 1003 154 28 kyrkomötet,
593 1003 122 28 genmälde
731 1002 37 22 till
785 1002 76 21 denna

104 1037 118 29 tolkning:
240 1038 43 24 ,dä
298 1039 78 27 någon
391 1037 77 22 lofvar
483 1038 56 20 eller
554 1037 117 21 försäkrar
679 1037 130 28 någonting
817 1035 43 22 och

103 1071 101 21 derefter
218 1072 121 28 tillägger:
357 1072 38 25 ,så
411 1074 52 19 sant
478 1072 49 28 mig
550 1071 53 21 Gud
625 1071 77 29 hjelpe
723 1071 37 21 till
774 1070 30 21 lif
818 1070 42 22 och

103 1105 61 29 själ",
181 1105 97 29 betyder
293 1106 65 21 detta
373 1106 8 21 i
396 1106 49 21 min
461 1106 77 26 tanke,
554 1105 95 21 alldeles
666 1105 133 27 detsamma,
811 1111 49 15 som

104 1146 36 15 om
156 1146 54 15 man
226 1140 66 21 sade:
308 1140 26 21 så
349 1142 52 19 sant
417 1140 54 21 Gud
486 1141 65 20 måtte
568 1140 52 26 vilja
635 1140 73 27 hjelpa
724 1140 43 27 mig
782 1138 38 22 till
833 1138 31 21 lif

103 1174 43 21 och
162 1174 49 28 själ.
242 1174 74 22 Dessa
331 1174 96 27 slutord,
445 1174 56 21 eller
515 1174 60 21 huru
592 1181 53 13 man
675 1174 41 20 vill
732 1173 63 21 kalla
810 1172 51 22 dem

102 1208 36 21 stå
154 1208 107 28 tydligen
276 1208 9 22 i
299 1208 124 28 imperativ
439 1208 56 21 eller
511 1208 90 28 optativ
616 1208 67 26 form,
699 1215 52 13 men
767 1207 28 21 de
805 1206 56 28 lyda

102 1242 60 22 dock
178 1242 46 21 icke
240 1242 105 22 sålunda:
363 1242 25 21 så
403 1244 53 20 sant
468 1242 42 29 jag
525 1242 82 21 önskar
618 1242 39 21 och
668 1242 83 28 hoppas
763 1244 36 18 att
807 1240 54 22 Gud

102 1276 60 22 skall
177 1276 78 29 hjelpa
269 1276 50 29 mig
334 1278 43 20 etc.
407 1276 47 22 Det
469 1279 40 18 vet
520 1276 43 28 jag
577 1276 46 26 väl,
639 1278 34 19 att
684 1276 41 21 vår
735 1276 73 20 Herre
818 1274 43 22 har

102 1310 150 22 öfverseende
275 1310 52 22 med
350 1310 44 22 och
416 1311 108 21 ursäktar
542 1310 28 22 de
586 1310 130 28 dårskaper,
732 1310 24 20 vi
771 1312 89 25 utsäga,

101 1352 54 14 men
168 1344 42 29 jag
226 1352 67 14 anser
308 1344 39 22 det
361 1344 53 22 icke
433 1344 83 22 höfvas
535 1352 29 13 en
579 1344 121 21 menniska
716 1346 34 18 att
765 1344 9 20 i
789 1344 72 27 något

101 1378 43 22 fall
159 1378 57 22 eller
231 1378 108 22 afseende
355 1382 56 25 säga
427 1381 34 19 att
477 1378 45 26 det,
542 1385 49 15 som
606 1378 47 22 hon
665 1378 75 21 lofvat
748 1377 56 21 eller
814 1376 47 22 för-

101 1413 86 25 säkrat,
204 1416 25 18 är
243 1413 49 21 lika
303 1412 78 22 säkert
396 1412 44 22 och
455 1415 59 23 sant,
531 1419 48 15 som
595 1412 46 22 hon
657 1412 85 21 önskar
752 1411 43 22 och
805 1411 55 28 hop-

170 1452 131 22 Lagutskottets
314 1452 111 18 betänkande
435 1452 39 18 N:o
486 1452 32 17 20.
