<?xml version="1.0" encoding="UTF-8"?>
<alto xmlns="http://www.loc.gov/standards/alto/ns-v3#" xmlns:xlink="http://www.w3.org/1999/xlink" xmlns:xsi="http://www.w3.org/2001/XMLSchema-instance" xsi:schemaLocation="http://www.loc.gov/standards/alto/ns-v3# http://www.loc.gov/alto/v3/alto-3-0.xsd">
	<Description>
		<MeasurementUnit>pixel</MeasurementUnit>
		<sourceImageInformation>
			<fileName>/tmp/tess_v2kxmeva_input.PNG</fileName>
		</sourceImageInformation>
		<OCRProcessing ID="OCR_0">
			<ocrProcessingStep>
				<processingSoftware>
					<softwareName>tesseract 5.3.4</softwareName>
				</processingSoftware>
			</ocrProcessingStep>
		</OCRProcessing>
	</Description>
	<Layout>
		<Page WIDTH="1056" HEIGHT="1670" PHYSICAL_IMG_NR="0" ID="page_0">
			<PrintSpace HPOS="0" VPOS="0" WIDTH="1056" HEIGHT="1670">
				<ComposedBlock ID="cblock_0" HPOS="315" VPOS="99" WIDTH="499" HEIGHT="22">
					<TextBlock ID="block_0" HPOS="315" VPOS="99" WIDTH="499" HEIGHT="22">
						<TextLine ID="line_0" HPOS="315" VPOS="99" WIDTH="499" HEIGHT="22">
							<String ID="string_0" HPOS="315" VPOS="99" WIDTH="224" HEIGHT="22" WC="0.91" CONTENT="Petitionsbetänkande"/><SP WIDTH="17" VPOS="99" HPOS="539"/>
							<String ID="string_1" HPOS="556" VPOS="100" WIDTH="35" HEIGHT="21" WC="0.88" CONTENT="N:o"/><SP WIDTH="15" VPOS="100" HPOS="591"/>
							<String ID="string_2" HPOS="606" VPOS="99" WIDTH="14" HEIGHT="22" WC="0.96" CONTENT="1."/><SP WIDTH="167" VPOS="99" HPOS="620"/>
							<String ID="string_3" HPOS="787" VPOS="101" WIDTH="27" HEIGHT="20" WC="0.95" CONTENT="75"/>
						</TextLine>
					</TextBlock>
				</ComposedBlock>
				<ComposedBlock ID="cblock_1" HPOS="91" VPOS="159" WIDTH="755" HEIGHT="63">
					<TextBlock ID="block_1" HPOS="91" VPOS="159" WIDTH="755" HEIGHT="63">
						<TextLine ID="line_1" HPOS="92" VPOS="159" WIDTH="754" HEIGHT="28">
							<String ID="string_4" HPOS="92" VPOS="159" WIDTH="221" HEIGHT="27" WC="0.90" CONTENT="kylä—-Suonenjoki,"/><SP WIDTH="21" VPOS="159" HPOS="313"/>
							<String ID="string_5" HPOS="334" VPOS="159" WIDTH="88" HEIGHT="21" WC="0.96" CONTENT="hvilken"/><SP WIDTH="22" VPOS="159" HPOS="422"/>
							<String ID="string_6" HPOS="444" VPOS="159" WIDTH="95" HEIGHT="27" WC="0.96" CONTENT="petition"/><SP WIDTH="24" VPOS="159" HPOS="539"/>
							<String ID="string_7" HPOS="563" VPOS="160" WIDTH="6" HEIGHT="20" WC="0.93" CONTENT="i"/><SP WIDTH="25" VPOS="160" HPOS="569"/>
							<String ID="string_8" HPOS="594" VPOS="159" WIDTH="160" HEIGHT="28" WC="0.90" CONTENT="öfversättning"/><SP WIDTH="22" VPOS="159" HPOS="754"/>
							<String ID="string_9" HPOS="776" VPOS="162" WIDTH="25" HEIGHT="19" WC="0.96" CONTENT="är"/><SP WIDTH="21" VPOS="162" HPOS="801"/>
							<String ID="string_10" HPOS="822" VPOS="159" WIDTH="24" HEIGHT="21" WC="0.96" CONTENT="af"/>
						</TextLine>
						<TextLine ID="line_2" HPOS="91" VPOS="194" WIDTH="204" HEIGHT="28">
							<String ID="string_11" HPOS="91" VPOS="194" WIDTH="97" HEIGHT="27" WC="0.96" CONTENT="följande"/><SP WIDTH="15" VPOS="194" HPOS="188"/>
							<String ID="string_12" HPOS="203" VPOS="194" WIDTH="92" HEIGHT="28" WC="0.96" CONTENT="lydelse:"/>
						</TextLine>
					</TextBlock>
				</ComposedBlock>
				<ComposedBlock ID="cblock_2" HPOS="225" VPOS="279" WIDTH="481" HEIGHT="20">
					<TextBlock ID="block_2" HPOS="225" VPOS="279" WIDTH="481" HEIGHT="20">
						<TextLine ID="line_3" HPOS="225" VPOS="279" WIDTH="481" HEIGHT="20">
							<String ID="string_13" HPOS="225" VPOS="279" WIDTH="55" HEIGHT="20" WC="0.92" CONTENT="Till"/><SP WIDTH="15" VPOS="279" HPOS="280"/>
							<String ID="string_14" HPOS="295" VPOS="279" WIDTH="180" HEIGHT="20" WC="0.92" CONTENT="Hedervärda"/><SP WIDTH="16" VPOS="279" HPOS="475"/>
							<String ID="string_15" HPOS="491" VPOS="279" WIDTH="215" HEIGHT="20" WC="0.89" CONTENT="Bondeståndet."/>
						</TextLine>
					</TextBlock>
				</ComposedBlock>
				<ComposedBlock ID="cblock_3" HPOS="93" VPOS="338" WIDTH="760" HEIGHT="1097">
					<TextBlock ID="block_3" HPOS="93" VPOS="338" WIDTH="760" HEIGHT="972">
						<TextLine ID="line_4" HPOS="164" VPOS="338" WIDTH="680" HEIGHT="26">
							<String ID="string_16" HPOS="164" VPOS="338" WIDTH="83" HEIGHT="26" WC="0.96" CONTENT="Frågan"/><SP WIDTH="22" VPOS="338" HPOS="247"/>
							<String ID="string_17" HPOS="269" VPOS="346" WIDTH="31" HEIGHT="12" WC="0.96" CONTENT="om"/><SP WIDTH="21" VPOS="346" HPOS="300"/>
							<String ID="string_18" HPOS="321" VPOS="345" WIDTH="25" HEIGHT="13" WC="0.90" CONTENT="en"/><SP WIDTH="21" VPOS="345" HPOS="346"/>
							<String ID="string_19" HPOS="367" VPOS="339" WIDTH="198" HEIGHT="25" WC="0.90" CONTENT="förbindningsbana"/><SP WIDTH="21" VPOS="339" HPOS="565"/>
							<String ID="string_20" HPOS="586" VPOS="345" WIDTH="74" HEIGHT="19" WC="0.96" CONTENT="genom"/><SP WIDTH="15" VPOS="345" HPOS="660"/>
							<String ID="string_21" HPOS="675" VPOS="338" WIDTH="117" HEIGHT="26" WC="0.96" CONTENT="Jyväskylä"/><SP WIDTH="15" VPOS="338" HPOS="792"/>
							<String ID="string_22" HPOS="807" VPOS="338" WIDTH="37" HEIGHT="20" WC="0.96" CONTENT="har"/>
						</TextLine>
						<TextLine ID="line_5" HPOS="94" VPOS="368" WIDTH="750" HEIGHT="26">
							<String ID="string_23" HPOS="94" VPOS="368" WIDTH="53" HEIGHT="20" WC="0.96" CONTENT="ända"/><SP WIDTH="19" VPOS="368" HPOS="147"/>
							<String ID="string_24" HPOS="166" VPOS="368" WIDTH="64" HEIGHT="20" WC="0.95" CONTENT="sedan"/><SP WIDTH="18" VPOS="368" HPOS="230"/>
							<String ID="string_25" HPOS="248" VPOS="369" WIDTH="57" HEIGHT="19" WC="0.96" CONTENT="1872"/><SP WIDTH="16" VPOS="369" HPOS="305"/>
							<String ID="string_26" HPOS="321" VPOS="370" WIDTH="34" HEIGHT="18" WC="0.93" CONTENT="års"/><SP WIDTH="16" VPOS="370" HPOS="355"/>
							<String ID="string_27" HPOS="371" VPOS="368" WIDTH="100" HEIGHT="26" WC="0.92" CONTENT="landtdag"/><SP WIDTH="16" VPOS="368" HPOS="471"/>
							<String ID="string_28" HPOS="487" VPOS="369" WIDTH="54" HEIGHT="19" WC="0.96" CONTENT="varit"/><SP WIDTH="16" VPOS="369" HPOS="541"/>
							<String ID="string_29" HPOS="557" VPOS="368" WIDTH="84" HEIGHT="20" WC="0.96" CONTENT="föremål"/><SP WIDTH="15" VPOS="368" HPOS="641"/>
							<String ID="string_30" HPOS="656" VPOS="368" WIDTH="32" HEIGHT="20" WC="0.96" CONTENT="för"/><SP WIDTH="15" VPOS="368" HPOS="688"/>
							<String ID="string_31" HPOS="703" VPOS="368" WIDTH="141" HEIGHT="26" WC="0.95" CONTENT="Regeringens"/>
						</TextLine>
						<TextLine ID="line_6" HPOS="94" VPOS="398" WIDTH="751" HEIGHT="26">
							<String ID="string_32" HPOS="94" VPOS="398" WIDTH="37" HEIGHT="20" WC="0.93" CONTENT="och"/><SP WIDTH="16" VPOS="398" HPOS="131"/>
							<String ID="string_33" HPOS="147" VPOS="398" WIDTH="128" HEIGHT="20" WC="0.92" CONTENT="Ständernas"/><SP WIDTH="15" VPOS="398" HPOS="275"/>
							<String ID="string_34" HPOS="290" VPOS="398" WIDTH="181" HEIGHT="26" WC="0.96" CONTENT="uppmärksamhet"/><SP WIDTH="22" VPOS="398" HPOS="471"/>
							<String ID="string_35" HPOS="493" VPOS="405" WIDTH="47" HEIGHT="13" WC="0.96" CONTENT="men"/><SP WIDTH="17" VPOS="405" HPOS="540"/>
							<String ID="string_36" HPOS="557" VPOS="398" WIDTH="48" HEIGHT="20" WC="0.96" CONTENT="dess"/><SP WIDTH="15" VPOS="398" HPOS="605"/>
							<String ID="string_37" HPOS="620" VPOS="398" WIDTH="111" HEIGHT="25" WC="0.96" CONTENT="byggande"/><SP WIDTH="15" VPOS="398" HPOS="731"/>
							<String ID="string_38" HPOS="746" VPOS="398" WIDTH="38" HEIGHT="20" WC="0.96" CONTENT="har"/><SP WIDTH="16" VPOS="398" HPOS="784"/>
							<String ID="string_39" HPOS="800" VPOS="398" WIDTH="45" HEIGHT="19" WC="0.96" CONTENT="icke"/>
						</TextLine>
						<TextLine ID="line_7" HPOS="93" VPOS="427" WIDTH="752" HEIGHT="26">
							<String ID="string_40" HPOS="93" VPOS="427" WIDTH="80" HEIGHT="20" WC="0.96" CONTENT="kunnat"/><SP WIDTH="15" VPOS="427" HPOS="173"/>
							<String ID="string_41" HPOS="188" VPOS="428" WIDTH="97" HEIGHT="24" WC="0.96" CONTENT="beslutas,"/><SP WIDTH="17" VPOS="428" HPOS="285"/>
							<String ID="string_42" HPOS="302" VPOS="428" WIDTH="63" HEIGHT="19" WC="0.96" CONTENT="innan"/><SP WIDTH="16" VPOS="428" HPOS="365"/>
							<String ID="string_43" HPOS="381" VPOS="428" WIDTH="25" HEIGHT="19" WC="0.96" CONTENT="de"/><SP WIDTH="15" VPOS="428" HPOS="406"/>
							<String ID="string_44" HPOS="421" VPOS="428" WIDTH="71" HEIGHT="25" WC="0.95" CONTENT="banor,"/><SP WIDTH="17" VPOS="428" HPOS="492"/>
							<String ID="string_45" HPOS="509" VPOS="435" WIDTH="43" HEIGHT="13" WC="0.96" CONTENT="som"/><SP WIDTH="11" VPOS="435" HPOS="552"/>
							<String ID="string_46" HPOS="563" VPOS="428" WIDTH="40" HEIGHT="19" WC="0.96" CONTENT="den"/><SP WIDTH="11" VPOS="428" HPOS="603"/>
							<String ID="string_47" HPOS="614" VPOS="428" WIDTH="79" HEIGHT="19" WC="0.96" CONTENT="komme"/><SP WIDTH="11" VPOS="428" HPOS="693"/>
							<String ID="string_48" HPOS="704" VPOS="430" WIDTH="30" HEIGHT="17" WC="0.96" CONTENT="att"/><SP WIDTH="10" VPOS="430" HPOS="734"/>
							<String ID="string_49" HPOS="744" VPOS="427" WIDTH="101" HEIGHT="25" WC="0.96" CONTENT="förbinda,"/>
						</TextLine>
						<TextLine ID="line_8" HPOS="93" VPOS="457" WIDTH="752" HEIGHT="21">
							<String ID="string_50" HPOS="93" VPOS="457" WIDTH="52" HEIGHT="20" WC="0.96" CONTENT="först"/><SP WIDTH="20" VPOS="457" HPOS="145"/>
							<String ID="string_51" HPOS="165" VPOS="457" WIDTH="68" HEIGHT="21" WC="0.96" CONTENT="blifvit"/><SP WIDTH="20" VPOS="457" HPOS="233"/>
							<String ID="string_52" HPOS="253" VPOS="457" WIDTH="87" HEIGHT="21" WC="0.86" CONTENT="utförda."/><SP WIDTH="32" VPOS="457" HPOS="340"/>
							<String ID="string_53" HPOS="372" VPOS="458" WIDTH="34" HEIGHT="20" WC="0.95" CONTENT="Nu"/><SP WIDTH="21" VPOS="458" HPOS="406"/>
							<String ID="string_54" HPOS="427" VPOS="461" WIDTH="22" HEIGHT="16" WC="0.95" CONTENT="är"/><SP WIDTH="20" VPOS="461" HPOS="449"/>
							<String ID="string_55" HPOS="469" VPOS="458" WIDTH="66" HEIGHT="20" WC="0.95" CONTENT="Wasa"/><SP WIDTH="20" VPOS="458" HPOS="535"/>
							<String ID="string_56" HPOS="555" VPOS="458" WIDTH="68" HEIGHT="19" WC="0.95" CONTENT="banan"/><SP WIDTH="16" VPOS="458" HPOS="623"/>
							<String ID="string_57" HPOS="639" VPOS="458" WIDTH="37" HEIGHT="19" WC="0.97" CONTENT="och"/><SP WIDTH="16" VPOS="458" HPOS="676"/>
							<String ID="string_58" HPOS="692" VPOS="457" WIDTH="48" HEIGHT="20" WC="0.93" CONTENT="dess"/><SP WIDTH="15" VPOS="457" HPOS="740"/>
							<String ID="string_59" HPOS="755" VPOS="457" WIDTH="90" HEIGHT="20" WC="0.92" CONTENT="fortsätt-"/>
						</TextLine>
						<TextLine ID="line_9" HPOS="94" VPOS="487" WIDTH="752" HEIGHT="26">
							<String ID="string_60" HPOS="94" VPOS="487" WIDTH="56" HEIGHT="26" WC="0.96" CONTENT="ning,"/><SP WIDTH="22" VPOS="487" HPOS="150"/>
							<String ID="string_61" HPOS="172" VPOS="487" WIDTH="40" HEIGHT="20" WC="0.93" CONTENT="den"/><SP WIDTH="19" VPOS="487" HPOS="212"/>
							<String ID="string_62" HPOS="231" VPOS="487" WIDTH="142" HEIGHT="26" WC="0.92" CONTENT="Uleäborgska"/><SP WIDTH="22" VPOS="487" HPOS="373"/>
							<String ID="string_63" HPOS="395" VPOS="488" WIDTH="74" HEIGHT="22" WC="0.96" CONTENT="banan,"/><SP WIDTH="21" VPOS="488" HPOS="469"/>
							<String ID="string_64" HPOS="490" VPOS="487" WIDTH="87" HEIGHT="20" WC="0.96" CONTENT="likasom"/><SP WIDTH="23" VPOS="487" HPOS="577"/>
							<String ID="string_65" HPOS="600" VPOS="487" WIDTH="37" HEIGHT="20" WC="0.96" CONTENT="ock"/><SP WIDTH="21" VPOS="487" HPOS="637"/>
							<String ID="string_66" HPOS="658" VPOS="487" WIDTH="100" HEIGHT="20" WC="0.72" CONTENT="Savolaks"/><SP WIDTH="20" VPOS="487" HPOS="758"/>
							<String ID="string_67" HPOS="778" VPOS="488" WIDTH="68" HEIGHT="19" WC="0.96" CONTENT="banan"/>
						</TextLine>
						<TextLine ID="line_10" HPOS="94" VPOS="517" WIDTH="752" HEIGHT="26">
							<String ID="string_68" HPOS="94" VPOS="517" WIDTH="81" HEIGHT="26" WC="0.96" CONTENT="färdiga"/><SP WIDTH="21" VPOS="517" HPOS="175"/>
							<String ID="string_69" HPOS="196" VPOS="517" WIDTH="38" HEIGHT="20" WC="0.96" CONTENT="och"/><SP WIDTH="15" VPOS="517" HPOS="234"/>
							<String ID="string_70" HPOS="249" VPOS="517" WIDTH="103" HEIGHT="20" WC="0.96" CONTENT="Karelska"/><SP WIDTH="15" VPOS="517" HPOS="352"/>
							<String ID="string_71" HPOS="367" VPOS="518" WIDTH="68" HEIGHT="19" WC="0.96" CONTENT="banan"/><SP WIDTH="16" VPOS="518" HPOS="435"/>
							<String ID="string_72" HPOS="451" VPOS="517" WIDTH="66" HEIGHT="20" WC="0.96" CONTENT="under"/><SP WIDTH="16" VPOS="517" HPOS="517"/>
							<String ID="string_73" HPOS="533" VPOS="518" WIDTH="75" HEIGHT="19" WC="0.93" CONTENT="arbete."/><SP WIDTH="31" VPOS="518" HPOS="608"/>
							<String ID="string_74" HPOS="639" VPOS="517" WIDTH="84" HEIGHT="26" WC="0.96" CONTENT="Frågan"/><SP WIDTH="16" VPOS="517" HPOS="723"/>
							<String ID="string_75" HPOS="739" VPOS="524" WIDTH="32" HEIGHT="13" WC="0.96" CONTENT="om"/><SP WIDTH="15" VPOS="524" HPOS="771"/>
							<String ID="string_76" HPOS="786" VPOS="517" WIDTH="60" HEIGHT="19" WC="0.96" CONTENT="dessa"/>
						</TextLine>
						<TextLine ID="line_11" HPOS="95" VPOS="546" WIDTH="751" HEIGHT="21">
							<String ID="string_77" HPOS="95" VPOS="547" WIDTH="75" HEIGHT="20" WC="0.90" CONTENT="banors"/><SP WIDTH="19" VPOS="547" HPOS="170"/>
							<String ID="string_78" HPOS="189" VPOS="546" WIDTH="98" HEIGHT="21" WC="0.96" CONTENT="inbördes"/><SP WIDTH="20" VPOS="546" HPOS="287"/>
							<String ID="string_79" HPOS="307" VPOS="547" WIDTH="103" HEIGHT="20" WC="0.96" CONTENT="företräde"/><SP WIDTH="21" VPOS="547" HPOS="410"/>
							<String ID="string_80" HPOS="431" VPOS="550" WIDTH="52" HEIGHT="17" WC="0.96" CONTENT="samt"/><SP WIDTH="25" VPOS="550" HPOS="483"/>
							<String ID="string_81" HPOS="508" VPOS="555" WIDTH="32" HEIGHT="12" WC="0.96" CONTENT="om"/><SP WIDTH="23" VPOS="555" HPOS="540"/>
							<String ID="string_82" HPOS="563" VPOS="547" WIDTH="162" HEIGHT="20" WC="0.96" CONTENT="bestämmandet"/><SP WIDTH="21" VPOS="547" HPOS="725"/>
							<String ID="string_83" HPOS="746" VPOS="547" WIDTH="22" HEIGHT="20" WC="0.96" CONTENT="af"/><SP WIDTH="18" VPOS="547" HPOS="768"/>
							<String ID="string_84" HPOS="786" VPOS="547" WIDTH="60" HEIGHT="19" WC="0.95" CONTENT="deras"/>
						</TextLine>
						<TextLine ID="line_12" HPOS="95" VPOS="576" WIDTH="751" HEIGHT="27">
							<String ID="string_85" HPOS="95" VPOS="577" WIDTH="83" HEIGHT="25" WC="0.95" CONTENT="slutliga"/><SP WIDTH="10" VPOS="577" HPOS="178"/>
							<String ID="string_86" HPOS="188" VPOS="577" WIDTH="94" HEIGHT="26" WC="0.96" CONTENT="riktning"/><SP WIDTH="10" VPOS="577" HPOS="282"/>
							<String ID="string_87" HPOS="292" VPOS="580" WIDTH="61" HEIGHT="23" WC="0.96" CONTENT="utgör"/><SP WIDTH="10" VPOS="580" HPOS="353"/>
							<String ID="string_88" HPOS="363" VPOS="577" WIDTH="79" HEIGHT="20" WC="0.96" CONTENT="således"/><SP WIDTH="11" VPOS="577" HPOS="442"/>
							<String ID="string_89" HPOS="453" VPOS="577" WIDTH="45" HEIGHT="20" WC="0.96" CONTENT="icke"/><SP WIDTH="11" VPOS="577" HPOS="498"/>
							<String ID="string_90" HPOS="509" VPOS="584" WIDTH="84" HEIGHT="13" WC="0.96" CONTENT="numera"/><SP WIDTH="16" VPOS="584" HPOS="593"/>
							<String ID="string_91" HPOS="609" VPOS="578" WIDTH="63" HEIGHT="24" WC="0.96" CONTENT="något"/><SP WIDTH="15" VPOS="578" HPOS="672"/>
							<String ID="string_92" HPOS="687" VPOS="577" WIDTH="73" HEIGHT="20" WC="0.96" CONTENT="hinder"/><SP WIDTH="11" VPOS="577" HPOS="760"/>
							<String ID="string_93" HPOS="771" VPOS="576" WIDTH="31" HEIGHT="20" WC="0.96" CONTENT="för"/><SP WIDTH="15" VPOS="576" HPOS="802"/>
							<String ID="string_94" HPOS="817" VPOS="578" WIDTH="29" HEIGHT="17" WC="0.97" CONTENT="ett"/>
						</TextLine>
						<TextLine ID="line_13" HPOS="94" VPOS="605" WIDTH="752" HEIGHT="28">
							<String ID="string_95" HPOS="94" VPOS="607" WIDTH="68" HEIGHT="19" WC="0.96" CONTENT="beslut"/><SP WIDTH="22" VPOS="607" HPOS="162"/>
							<String ID="string_96" HPOS="184" VPOS="613" WIDTH="33" HEIGHT="13" WC="0.95" CONTENT="om"/><SP WIDTH="20" VPOS="613" HPOS="217"/>
							<String ID="string_97" HPOS="237" VPOS="607" WIDTH="119" HEIGHT="26" WC="0.95" CONTENT="byggandet"/><SP WIDTH="21" VPOS="607" HPOS="356"/>
							<String ID="string_98" HPOS="377" VPOS="607" WIDTH="24" HEIGHT="20" WC="0.96" CONTENT="af"/><SP WIDTH="17" VPOS="607" HPOS="401"/>
							<String ID="string_99" HPOS="418" VPOS="607" WIDTH="123" HEIGHT="20" WC="0.95" CONTENT="åtminstone"/><SP WIDTH="21" VPOS="607" HPOS="541"/>
							<String ID="string_100" HPOS="562" VPOS="614" WIDTH="26" HEIGHT="13" WC="0.96" CONTENT="en"/><SP WIDTH="21" VPOS="614" HPOS="588"/>
							<String ID="string_101" HPOS="609" VPOS="607" WIDTH="33" HEIGHT="19" WC="0.96" CONTENT="del"/><SP WIDTH="20" VPOS="607" HPOS="642"/>
							<String ID="string_102" HPOS="662" VPOS="607" WIDTH="22" HEIGHT="19" WC="0.93" CONTENT="af"/><SP WIDTH="13" VPOS="607" HPOS="684"/>
							<String ID="string_103" HPOS="697" VPOS="605" WIDTH="149" HEIGHT="22" WC="0.90" CONTENT="ofvannämnda"/>
						</TextLine>
						<TextLine ID="line_14" HPOS="94" VPOS="635" WIDTH="752" HEIGHT="28">
							<String ID="string_104" HPOS="94" VPOS="635" WIDTH="204" HEIGHT="27" WC="0.91" CONTENT="förbindningsbana."/><SP WIDTH="31" VPOS="635" HPOS="298"/>
							<String ID="string_105" HPOS="329" VPOS="637" WIDTH="41" HEIGHT="20" WC="0.96" CONTENT="Vid"/><SP WIDTH="21" VPOS="637" HPOS="370"/>
							<String ID="string_106" HPOS="391" VPOS="638" WIDTH="36" HEIGHT="19" WC="0.93" CONTENT="två"/><SP WIDTH="20" VPOS="638" HPOS="427"/>
							<String ID="string_107" HPOS="447" VPOS="637" WIDTH="171" HEIGHT="26" WC="0.91" CONTENT="nästföregäende"/><SP WIDTH="21" VPOS="637" HPOS="618"/>
							<String ID="string_108" HPOS="639" VPOS="636" WIDTH="123" HEIGHT="26" WC="0.91" CONTENT="landtdagar"/><SP WIDTH="22" VPOS="636" HPOS="762"/>
							<String ID="string_109" HPOS="784" VPOS="635" WIDTH="62" HEIGHT="20" WC="0.96" CONTENT="hafva"/>
						</TextLine>
						<TextLine ID="line_15" HPOS="94" VPOS="665" WIDTH="752" HEIGHT="28">
							<String ID="string_110" HPOS="94" VPOS="666" WIDTH="81" HEIGHT="19" WC="0.93" CONTENT="landets"/><SP WIDTH="20" VPOS="666" HPOS="175"/>
							<String ID="string_111" HPOS="195" VPOS="666" WIDTH="89" HEIGHT="20" WC="0.92" CONTENT="Ständer"/><SP WIDTH="15" VPOS="666" HPOS="284"/>
							<String ID="string_112" HPOS="299" VPOS="667" WIDTH="55" HEIGHT="25" WC="0.93" CONTENT="gjort"/><SP WIDTH="15" VPOS="667" HPOS="354"/>
							<String ID="string_113" HPOS="369" VPOS="667" WIDTH="144" HEIGHT="26" WC="0.91" CONTENT="underdåniga"/><SP WIDTH="14" VPOS="667" HPOS="513"/>
							<String ID="string_114" HPOS="527" VPOS="667" WIDTH="111" HEIGHT="26" WC="0.89" CONTENT="petitioner"/><SP WIDTH="15" VPOS="667" HPOS="638"/>
							<String ID="string_115" HPOS="653" VPOS="673" WIDTH="32" HEIGHT="13" WC="0.96" CONTENT="om"/><SP WIDTH="15" VPOS="673" HPOS="685"/>
							<String ID="string_116" HPOS="700" VPOS="665" WIDTH="146" HEIGHT="21" WC="0.96" CONTENT="förberedande"/>
						</TextLine>
						<TextLine ID="line_16" HPOS="95" VPOS="695" WIDTH="752" HEIGHT="27">
							<String ID="string_117" HPOS="95" VPOS="695" WIDTH="180" HEIGHT="26" WC="0.96" CONTENT="undersökningar"/><SP WIDTH="23" VPOS="695" HPOS="275"/>
							<String ID="string_118" HPOS="298" VPOS="697" WIDTH="22" HEIGHT="19" WC="0.93" CONTENT="af"/><SP WIDTH="20" VPOS="697" HPOS="320"/>
							<String ID="string_119" HPOS="340" VPOS="697" WIDTH="218" HEIGHT="25" WC="0.90" CONTENT="förbindningsbanan."/><SP WIDTH="36" VPOS="697" HPOS="558"/>
							<String ID="string_120" HPOS="594" VPOS="696" WIDTH="47" HEIGHT="19" WC="0.91" CONTENT="Den"/><SP WIDTH="23" VPOS="696" HPOS="641"/>
							<String ID="string_121" HPOS="664" VPOS="696" WIDTH="56" HEIGHT="20" WC="0.96" CONTENT="förra"/><SP WIDTH="24" VPOS="696" HPOS="720"/>
							<String ID="string_122" HPOS="744" VPOS="696" WIDTH="22" HEIGHT="19" WC="0.96" CONTENT="af"/><SP WIDTH="21" VPOS="696" HPOS="766"/>
							<String ID="string_123" HPOS="787" VPOS="695" WIDTH="60" HEIGHT="20" WC="0.96" CONTENT="dessa"/>
						</TextLine>
						<TextLine ID="line_17" HPOS="95" VPOS="725" WIDTH="752" HEIGHT="27">
							<String ID="string_124" HPOS="95" VPOS="725" WIDTH="49" HEIGHT="20" WC="0.96" CONTENT="eller"/><SP WIDTH="24" VPOS="725" HPOS="144"/>
							<String ID="string_125" HPOS="168" VPOS="726" WIDTH="57" HEIGHT="19" WC="0.96" CONTENT="1885"/><SP WIDTH="20" VPOS="726" HPOS="225"/>
							<String ID="string_126" HPOS="245" VPOS="727" WIDTH="34" HEIGHT="19" WC="0.93" CONTENT="års"/><SP WIDTH="20" VPOS="727" HPOS="279"/>
							<String ID="string_127" HPOS="299" VPOS="727" WIDTH="176" HEIGHT="25" WC="0.92" CONTENT="ständerpetition,"/><SP WIDTH="23" VPOS="727" HPOS="475"/>
							<String ID="string_128" HPOS="498" VPOS="729" WIDTH="31" HEIGHT="17" WC="0.96" CONTENT="att"/><SP WIDTH="20" VPOS="729" HPOS="529"/>
							<String ID="string_129" HPOS="549" VPOS="725" WIDTH="134" HEIGHT="21" WC="0.96" CONTENT="ekonomiska"/><SP WIDTH="15" VPOS="725" HPOS="683"/>
							<String ID="string_130" HPOS="698" VPOS="726" WIDTH="38" HEIGHT="19" WC="0.96" CONTENT="och"/><SP WIDTH="15" VPOS="726" HPOS="736"/>
							<String ID="string_131" HPOS="751" VPOS="725" WIDTH="96" HEIGHT="20" WC="0.96" CONTENT="tekniska"/>
						</TextLine>
						<TextLine ID="line_18" HPOS="96" VPOS="754" WIDTH="751" HEIGHT="27">
							<String ID="string_132" HPOS="96" VPOS="755" WIDTH="179" HEIGHT="26" WC="0.96" CONTENT="undersökningar"/><SP WIDTH="15" VPOS="755" HPOS="275"/>
							<String ID="string_133" HPOS="290" VPOS="757" WIDTH="62" HEIGHT="19" WC="0.95" CONTENT="måtte"/><SP WIDTH="17" VPOS="757" HPOS="352"/>
							<String ID="string_134" HPOS="369" VPOS="757" WIDTH="97" HEIGHT="19" WC="0.96" CONTENT="anställas"/><SP WIDTH="16" VPOS="757" HPOS="466"/>
							<String ID="string_135" HPOS="482" VPOS="756" WIDTH="107" HEIGHT="25" WC="0.95" CONTENT="angående"/><SP WIDTH="17" VPOS="756" HPOS="589"/>
							<String ID="string_136" HPOS="606" VPOS="755" WIDTH="39" HEIGHT="20" WC="0.96" CONTENT="den"/><SP WIDTH="14" VPOS="755" HPOS="645"/>
							<String ID="string_137" HPOS="659" VPOS="755" WIDTH="127" HEIGHT="26" WC="0.93" CONTENT="lämpligaste"/><SP WIDTH="11" VPOS="755" HPOS="786"/>
							<String ID="string_138" HPOS="797" VPOS="754" WIDTH="50" HEIGHT="19" WC="0.92" CONTENT="rikt-"/>
						</TextLine>
						<TextLine ID="line_19" HPOS="96" VPOS="785" WIDTH="751" HEIGHT="26">
							<String ID="string_139" HPOS="96" VPOS="785" WIDTH="76" HEIGHT="25" WC="0.94" CONTENT="ningen"/><SP WIDTH="16" VPOS="785" HPOS="172"/>
							<String ID="string_140" HPOS="188" VPOS="785" WIDTH="32" HEIGHT="20" WC="0.96" CONTENT="för"/><SP WIDTH="16" VPOS="785" HPOS="220"/>
							<String ID="string_141" HPOS="236" VPOS="792" WIDTH="26" HEIGHT="13" WC="0.96" CONTENT="en"/><SP WIDTH="15" VPOS="792" HPOS="262"/>
							<String ID="string_142" HPOS="277" VPOS="786" WIDTH="64" HEIGHT="19" WC="0.93" CONTENT="sådan"/><SP WIDTH="15" VPOS="786" HPOS="341"/>
							<String ID="string_143" HPOS="356" VPOS="786" WIDTH="204" HEIGHT="25" WC="0.90" CONTENT="förbindningsbana,"/><SP WIDTH="17" VPOS="786" HPOS="560"/>
							<String ID="string_144" HPOS="577" VPOS="793" WIDTH="43" HEIGHT="12" WC="0.96" CONTENT="som"/><SP WIDTH="15" VPOS="793" HPOS="620"/>
							<String ID="string_145" HPOS="635" VPOS="785" WIDTH="54" HEIGHT="20" WC="0.95" CONTENT="ifrån"/><SP WIDTH="15" VPOS="785" HPOS="689"/>
							<String ID="string_146" HPOS="704" VPOS="785" WIDTH="66" HEIGHT="20" WC="0.95" CONTENT="Wasa"/><SP WIDTH="10" VPOS="785" HPOS="770"/>
							<String ID="string_147" HPOS="780" VPOS="785" WIDTH="67" HEIGHT="19" WC="0.96" CONTENT="banan"/>
						</TextLine>
						<TextLine ID="line_20" HPOS="96" VPOS="813" WIDTH="751" HEIGHT="28">
							<String ID="string_148" HPOS="96" VPOS="820" WIDTH="72" HEIGHT="20" WC="0.95" CONTENT="genom"/><SP WIDTH="16" VPOS="820" HPOS="168"/>
							<String ID="string_149" HPOS="184" VPOS="815" WIDTH="118" HEIGHT="25" WC="0.96" CONTENT="Jyväskylä"/><SP WIDTH="15" VPOS="815" HPOS="302"/>
							<String ID="string_150" HPOS="317" VPOS="816" WIDTH="66" HEIGHT="19" WC="0.93" CONTENT="skulle"/><SP WIDTH="16" VPOS="816" HPOS="383"/>
							<String ID="string_151" HPOS="399" VPOS="815" WIDTH="75" HEIGHT="26" WC="0.92" CONTENT="dragas"/><SP WIDTH="15" VPOS="815" HPOS="474"/>
							<String ID="string_152" HPOS="489" VPOS="816" WIDTH="32" HEIGHT="19" WC="0.96" CONTENT="till"/><SP WIDTH="16" VPOS="816" HPOS="521"/>
							<String ID="string_153" HPOS="537" VPOS="815" WIDTH="100" HEIGHT="20" WC="0.93" CONTENT="Savolaks"/><SP WIDTH="13" VPOS="815" HPOS="637"/>
							<String ID="string_154" HPOS="650" VPOS="815" WIDTH="88" HEIGHT="25" WC="0.91" CONTENT="jernväg"/><SP WIDTH="16" VPOS="815" HPOS="738"/>
							<String ID="string_155" HPOS="754" VPOS="814" WIDTH="38" HEIGHT="20" WC="0.93" CONTENT="och"/><SP WIDTH="11" VPOS="814" HPOS="792"/>
							<String ID="string_156" HPOS="803" VPOS="813" WIDTH="44" HEIGHT="20" WC="0.91" CONTENT="der-"/>
						</TextLine>
						<TextLine ID="line_21" HPOS="96" VPOS="842" WIDTH="752" HEIGHT="29">
							<String ID="string_157" HPOS="96" VPOS="843" WIDTH="53" HEIGHT="20" WC="0.96" CONTENT="ifrån"/><SP WIDTH="17" VPOS="843" HPOS="149"/>
							<String ID="string_158" HPOS="166" VPOS="844" WIDTH="71" HEIGHT="20" WC="0.96" CONTENT="vidare"/><SP WIDTH="17" VPOS="844" HPOS="237"/>
							<String ID="string_159" HPOS="254" VPOS="845" WIDTH="31" HEIGHT="19" WC="0.95" CONTENT="till"/><SP WIDTH="16" VPOS="845" HPOS="285"/>
							<String ID="string_160" HPOS="301" VPOS="848" WIDTH="55" HEIGHT="17" WC="0.96" CONTENT="östra"/><SP WIDTH="16" VPOS="848" HPOS="356"/>
							<String ID="string_161" HPOS="372" VPOS="846" WIDTH="127" HEIGHT="25" WC="0.96" CONTENT="stambanan,"/><SP WIDTH="16" VPOS="846" HPOS="499"/>
							<String ID="string_162" HPOS="515" VPOS="845" WIDTH="44" HEIGHT="19" WC="0.96" CONTENT="blef"/><SP WIDTH="13" VPOS="845" HPOS="559"/>
							<String ID="string_163" HPOS="572" VPOS="846" WIDTH="26" HEIGHT="24" WC="0.96" CONTENT="på"/><SP WIDTH="15" VPOS="846" HPOS="598"/>
							<String ID="string_164" HPOS="613" VPOS="845" WIDTH="74" HEIGHT="25" WC="0.96" CONTENT="högsta"/><SP WIDTH="16" VPOS="845" HPOS="687"/>
							<String ID="string_165" HPOS="703" VPOS="847" WIDTH="32" HEIGHT="17" WC="0.96" CONTENT="ort"/><SP WIDTH="10" VPOS="847" HPOS="735"/>
							<String ID="string_166" HPOS="745" VPOS="842" WIDTH="103" HEIGHT="28" WC="0.96" CONTENT="godkänd,"/>
						</TextLine>
						<TextLine ID="line_22" HPOS="96" VPOS="873" WIDTH="752" HEIGHT="27">
							<String ID="string_167" HPOS="96" VPOS="880" WIDTH="47" HEIGHT="13" WC="0.95" CONTENT="men"/><SP WIDTH="20" VPOS="880" HPOS="143"/>
							<String ID="string_168" HPOS="163" VPOS="874" WIDTH="70" HEIGHT="20" WC="0.96" CONTENT="kunde"/><SP WIDTH="21" VPOS="874" HPOS="233"/>
							<String ID="string_169" HPOS="254" VPOS="874" WIDTH="7" HEIGHT="20" WC="0.93" CONTENT="i"/><SP WIDTH="21" VPOS="874" HPOS="261"/>
							<String ID="string_170" HPOS="282" VPOS="875" WIDTH="104" HEIGHT="19" WC="0.91" CONTENT="ansennde"/><SP WIDTH="21" VPOS="875" HPOS="386"/>
							<String ID="string_171" HPOS="407" VPOS="875" WIDTH="31" HEIGHT="19" WC="0.95" CONTENT="till"/><SP WIDTH="15" VPOS="875" HPOS="438"/>
							<String ID="string_172" HPOS="453" VPOS="875" WIDTH="53" HEIGHT="19" WC="0.96" CONTENT="brist"/><SP WIDTH="15" VPOS="875" HPOS="506"/>
							<String ID="string_173" HPOS="521" VPOS="876" WIDTH="27" HEIGHT="24" WC="0.93" CONTENT="på"/><SP WIDTH="15" VPOS="876" HPOS="548"/>
							<String ID="string_174" HPOS="563" VPOS="874" WIDTH="117" HEIGHT="26" WC="0.91" CONTENT="ingeniörer"/><SP WIDTH="14" VPOS="874" HPOS="680"/>
							<String ID="string_175" HPOS="694" VPOS="874" WIDTH="46" HEIGHT="20" WC="0.93" CONTENT="icke"/><SP WIDTH="15" VPOS="874" HPOS="740"/>
							<String ID="string_176" HPOS="755" VPOS="873" WIDTH="93" HEIGHT="20" WC="0.92" CONTENT="förverk-"/>
						</TextLine>
						<TextLine ID="line_23" HPOS="96" VPOS="902" WIDTH="753" HEIGHT="28">
							<String ID="string_177" HPOS="96" VPOS="910" WIDTH="38" HEIGHT="18" WC="0.96" CONTENT="gas"/><SP WIDTH="21" VPOS="910" HPOS="134"/>
							<String ID="string_178" HPOS="155" VPOS="903" WIDTH="43" HEIGHT="20" WC="0.96" CONTENT="före"/><SP WIDTH="24" VPOS="903" HPOS="198"/>
							<String ID="string_179" HPOS="222" VPOS="904" WIDTH="57" HEIGHT="20" WC="0.96" CONTENT="1888"/><SP WIDTH="20" VPOS="904" HPOS="279"/>
							<String ID="string_180" HPOS="299" VPOS="906" WIDTH="34" HEIGHT="18" WC="0.93" CONTENT="års"/><SP WIDTH="21" VPOS="906" HPOS="333"/>
							<String ID="string_181" HPOS="354" VPOS="905" WIDTH="105" HEIGHT="25" WC="0.91" CONTENT="landtdag."/><SP WIDTH="32" VPOS="905" HPOS="459"/>
							<String ID="string_182" HPOS="491" VPOS="905" WIDTH="48" HEIGHT="19" WC="0.95" CONTENT="Med"/><SP WIDTH="17" VPOS="905" HPOS="539"/>
							<String ID="string_183" HPOS="556" VPOS="904" WIDTH="112" HEIGHT="25" WC="0.95" CONTENT="anledning"/><SP WIDTH="16" VPOS="904" HPOS="668"/>
							<String ID="string_184" HPOS="684" VPOS="904" WIDTH="22" HEIGHT="19" WC="0.96" CONTENT="af"/><SP WIDTH="13" VPOS="904" HPOS="706"/>
							<String ID="string_185" HPOS="719" VPOS="902" WIDTH="107" HEIGHT="26" WC="0.96" CONTENT="särskilda,"/><SP WIDTH="16" VPOS="902" HPOS="826"/>
							<String ID="string_186" HPOS="842" VPOS="902" WIDTH="7" HEIGHT="19" WC="0.96" CONTENT="i"/>
						</TextLine>
						<TextLine ID="line_24" HPOS="97" VPOS="932" WIDTH="752" HEIGHT="28">
							<String ID="string_187" HPOS="97" VPOS="932" WIDTH="55" HEIGHT="20" WC="0.96" CONTENT="olika"/><SP WIDTH="22" VPOS="932" HPOS="152"/>
							<String ID="string_188" HPOS="174" VPOS="934" WIDTH="62" HEIGHT="19" WC="0.96" CONTENT="stånd"/><SP WIDTH="23" VPOS="934" HPOS="236"/>
							<String ID="string_189" HPOS="259" VPOS="934" WIDTH="75" HEIGHT="20" WC="0.93" CONTENT="väckta"/><SP WIDTH="20" VPOS="934" HPOS="334"/>
							<String ID="string_190" HPOS="354" VPOS="934" WIDTH="181" HEIGHT="26" WC="0.87" CONTENT="petitionsförslag,"/><SP WIDTH="24" VPOS="934" HPOS="535"/>
							<String ID="string_191" HPOS="559" VPOS="934" WIDTH="71" HEIGHT="20" WC="0.96" CONTENT="hvilka"/><SP WIDTH="22" VPOS="934" HPOS="630"/>
							<String ID="string_192" HPOS="652" VPOS="934" WIDTH="52" HEIGHT="19" WC="0.96" CONTENT="hvar"/><SP WIDTH="23" VPOS="934" HPOS="704"/>
							<String ID="string_193" HPOS="727" VPOS="934" WIDTH="7" HEIGHT="18" WC="0.96" CONTENT="i"/><SP WIDTH="20" VPOS="934" HPOS="734"/>
							<String ID="string_194" HPOS="754" VPOS="933" WIDTH="33" HEIGHT="20" WC="0.95" CONTENT="sin"/><SP WIDTH="15" VPOS="933" HPOS="787"/>
							<String ID="string_195" HPOS="802" VPOS="933" WIDTH="47" HEIGHT="19" WC="0.95" CONTENT="mån"/>
						</TextLine>
						<TextLine ID="line_25" HPOS="97" VPOS="962" WIDTH="751" HEIGHT="27">
							<String ID="string_196" HPOS="97" VPOS="965" WIDTH="74" HEIGHT="23" WC="0.96" CONTENT="utgöra"/><SP WIDTH="15" VPOS="965" HPOS="171"/>
							<String ID="string_197" HPOS="186" VPOS="966" WIDTH="31" HEIGHT="17" WC="0.96" CONTENT="ett"/><SP WIDTH="15" VPOS="966" HPOS="217"/>
							<String ID="string_198" HPOS="232" VPOS="964" WIDTH="58" HEIGHT="20" WC="0.96" CONTENT="bevis"/><SP WIDTH="15" VPOS="964" HPOS="290"/>
							<String ID="string_199" HPOS="305" VPOS="965" WIDTH="26" HEIGHT="24" WC="0.93" CONTENT="på"/><SP WIDTH="16" VPOS="965" HPOS="331"/>
							<String ID="string_200" HPOS="347" VPOS="964" WIDTH="96" HEIGHT="20" WC="0.91" CONTENT="behofvet"/><SP WIDTH="16" VPOS="964" HPOS="443"/>
							<String ID="string_201" HPOS="459" VPOS="964" WIDTH="22" HEIGHT="20" WC="0.92" CONTENT="af"/><SP WIDTH="13" VPOS="964" HPOS="481"/>
							<String ID="string_202" HPOS="494" VPOS="964" WIDTH="220" HEIGHT="25" WC="0.92" CONTENT="förbindningsbanan,"/><SP WIDTH="12" VPOS="964" HPOS="714"/>
							<String ID="string_203" HPOS="726" VPOS="963" WIDTH="38" HEIGHT="20" WC="0.93" CONTENT="och"/><SP WIDTH="10" VPOS="963" HPOS="764"/>
							<String ID="string_204" HPOS="774" VPOS="962" WIDTH="74" HEIGHT="20" WC="0.92" CONTENT="under-"/>
						</TextLine>
						<TextLine ID="line_26" HPOS="98" VPOS="992" WIDTH="750" HEIGHT="28">
							<String ID="string_205" HPOS="98" VPOS="992" WIDTH="107" HEIGHT="26" WC="0.96" CONTENT="stödjande"/><SP WIDTH="17" VPOS="992" HPOS="205"/>
							<String ID="string_206" HPOS="222" VPOS="993" WIDTH="39" HEIGHT="20" WC="0.96" CONTENT="den"/><SP WIDTH="16" VPOS="993" HPOS="261"/>
							<String ID="string_207" HPOS="277" VPOS="994" WIDTH="54" HEIGHT="19" WC="0.93" CONTENT="förut"/><SP WIDTH="15" VPOS="994" HPOS="331"/>
							<String ID="string_208" HPOS="346" VPOS="994" WIDTH="111" HEIGHT="20" WC="0.91" CONTENT="fasthållna"/><SP WIDTH="15" VPOS="994" HPOS="457"/>
							<String ID="string_209" HPOS="472" VPOS="994" WIDTH="92" HEIGHT="26" WC="0.91" CONTENT="pricipen"/><SP WIDTH="16" VPOS="994" HPOS="564"/>
							<String ID="string_210" HPOS="580" VPOS="993" WIDTH="106" HEIGHT="25" WC="0.93" CONTENT="angående"/><SP WIDTH="11" VPOS="993" HPOS="686"/>
							<String ID="string_211" HPOS="697" VPOS="992" WIDTH="151" HEIGHT="24" WC="0.92" CONTENT="förbindnings-"/>
						</TextLine>
						<TextLine ID="line_27" HPOS="97" VPOS="1021" WIDTH="752" HEIGHT="27">
							<String ID="string_212" HPOS="97" VPOS="1022" WIDTH="75" HEIGHT="26" WC="0.88" CONTENT="banan,"/><SP WIDTH="21" VPOS="1022" HPOS="172"/>
							<String ID="string_213" HPOS="193" VPOS="1023" WIDTH="149" HEIGHT="25" WC="0.88" CONTENT="petitionerade"/><SP WIDTH="23" VPOS="1023" HPOS="342"/>
							<String ID="string_214" HPOS="365" VPOS="1024" WIDTH="57" HEIGHT="19" WC="0.96" CONTENT="1888"/><SP WIDTH="22" VPOS="1024" HPOS="422"/>
							<String ID="string_215" HPOS="444" VPOS="1025" WIDTH="33" HEIGHT="19" WC="0.93" CONTENT="års"/><SP WIDTH="18" VPOS="1025" HPOS="477"/>
							<String ID="string_216" HPOS="495" VPOS="1024" WIDTH="89" HEIGHT="20" WC="0.92" CONTENT="Ständer"/><SP WIDTH="23" VPOS="1024" HPOS="584"/>
							<String ID="string_217" HPOS="607" VPOS="1025" WIDTH="43" HEIGHT="23" WC="0.89" CONTENT=",att"/><SP WIDTH="16" VPOS="1025" HPOS="650"/>
							<String ID="string_218" HPOS="666" VPOS="1022" WIDTH="130" HEIGHT="20" WC="0.96" CONTENT="ekonomiska"/><SP WIDTH="16" VPOS="1022" HPOS="796"/>
							<String ID="string_219" HPOS="812" VPOS="1021" WIDTH="37" HEIGHT="19" WC="0.96" CONTENT="och"/>
						</TextLine>
						<TextLine ID="line_28" HPOS="98" VPOS="1051" WIDTH="751" HEIGHT="28">
							<String ID="string_220" HPOS="98" VPOS="1052" WIDTH="95" HEIGHT="20" WC="0.96" CONTENT="tekniska"/><SP WIDTH="15" VPOS="1052" HPOS="193"/>
							<String ID="string_221" HPOS="208" VPOS="1053" WIDTH="179" HEIGHT="26" WC="0.96" CONTENT="undersökningar"/><SP WIDTH="15" VPOS="1053" HPOS="387"/>
							<String ID="string_222" HPOS="402" VPOS="1054" WIDTH="63" HEIGHT="19" WC="0.96" CONTENT="måtte"/><SP WIDTH="16" VPOS="1054" HPOS="465"/>
							<String ID="string_223" HPOS="481" VPOS="1053" WIDTH="124" HEIGHT="20" WC="0.95" CONTENT="verkställas"/><SP WIDTH="16" VPOS="1053" HPOS="605"/>
							<String ID="string_224" HPOS="621" VPOS="1052" WIDTH="31" HEIGHT="20" WC="0.96" CONTENT="för"/><SP WIDTH="16" VPOS="1052" HPOS="652"/>
							<String ID="string_225" HPOS="668" VPOS="1059" WIDTH="25" HEIGHT="13" WC="0.93" CONTENT="en"/><SP WIDTH="13" VPOS="1059" HPOS="693"/>
							<String ID="string_226" HPOS="706" VPOS="1052" WIDTH="88" HEIGHT="25" WC="0.91" CONTENT="jernväg"/><SP WIDTH="10" VPOS="1052" HPOS="794"/>
							<String ID="string_227" HPOS="804" VPOS="1051" WIDTH="45" HEIGHT="19" WC="0.96" CONTENT="från"/>
						</TextLine>
						<TextLine ID="line_29" HPOS="98" VPOS="1080" WIDTH="755" HEIGHT="29">
							<String ID="string_228" HPOS="98" VPOS="1081" WIDTH="118" HEIGHT="26" WC="0.96" CONTENT="Jyväskylä"/><SP WIDTH="19" VPOS="1081" HPOS="216"/>
							<String ID="string_229" HPOS="235" VPOS="1083" WIDTH="32" HEIGHT="19" WC="0.95" CONTENT="till"/><SP WIDTH="16" VPOS="1083" HPOS="267"/>
							<String ID="string_230" HPOS="283" VPOS="1084" WIDTH="68" HEIGHT="24" WC="0.96" CONTENT="någon"/><SP WIDTH="15" VPOS="1084" HPOS="351"/>
							<String ID="string_231" HPOS="366" VPOS="1084" WIDTH="67" HEIGHT="25" WC="0.93" CONTENT="punkt"/><SP WIDTH="16" VPOS="1084" HPOS="433"/>
							<String ID="string_232" HPOS="449" VPOS="1084" WIDTH="11" HEIGHT="18" WC="0.89" CONTENT="å"/><SP WIDTH="16" VPOS="1084" HPOS="460"/>
							<String ID="string_233" HPOS="476" VPOS="1083" WIDTH="97" HEIGHT="20" WC="0.93" CONTENT="sträckan"/><SP WIDTH="20" VPOS="1083" HPOS="573"/>
							<String ID="string_234" HPOS="593" VPOS="1076" WIDTH="93" HEIGHT="37" WC="0.87" CONTENT="Keuru—"/><SP WIDTH="9" VPOS="1076" HPOS="686"/>
							<String ID="string_235" HPOS="695" VPOS="1076" WIDTH="118" HEIGHT="37" WC="0.96" CONTENT="Myllymäki"/><SP WIDTH="17" VPOS="1076" HPOS="813"/>
							<String ID="string_236" HPOS="830" VPOS="1080" WIDTH="23" HEIGHT="20" WC="0.96" CONTENT="af"/>
						</TextLine>
						<TextLine ID="line_30" HPOS="98" VPOS="1111" WIDTH="751" HEIGHT="27">
							<String ID="string_237" HPOS="98" VPOS="1111" WIDTH="66" HEIGHT="20" WC="0.93" CONTENT="Wasa"/><SP WIDTH="12" VPOS="1111" HPOS="164"/>
							<String ID="string_238" HPOS="176" VPOS="1112" WIDTH="94" HEIGHT="26" WC="0.90" CONTENT="jernväg."/><SP WIDTH="17" VPOS="1112" HPOS="270"/>
							<String ID="string_239" HPOS="287" VPOS="1116" WIDTH="52" HEIGHT="16" WC="0.96" CONTENT="samt"/><SP WIDTH="15" VPOS="1116" HPOS="339"/>
							<String ID="string_240" HPOS="354" VPOS="1116" WIDTH="31" HEIGHT="16" WC="0.96" CONTENT="att"/><SP WIDTH="15" VPOS="1116" HPOS="385"/>
							<String ID="string_241" HPOS="400" VPOS="1113" WIDTH="63" HEIGHT="25" WC="0.95" CONTENT="nådig"/><SP WIDTH="15" VPOS="1113" HPOS="463"/>
							<String ID="string_242" HPOS="478" VPOS="1113" WIDTH="127" HEIGHT="25" WC="0.93" CONTENT="proposition"/><SP WIDTH="15" VPOS="1113" HPOS="605"/>
							<String ID="string_243" HPOS="620" VPOS="1112" WIDTH="114" HEIGHT="25" WC="0.92" CONTENT="förelägges"/><SP WIDTH="16" VPOS="1112" HPOS="734"/>
							<String ID="string_244" HPOS="750" VPOS="1113" WIDTH="99" HEIGHT="17" WC="0.91" CONTENT="nästsam-"/>
						</TextLine>
						<TextLine ID="line_31" HPOS="98" VPOS="1141" WIDTH="753" HEIGHT="26">
							<String ID="string_245" HPOS="98" VPOS="1141" WIDTH="149" HEIGHT="21" WC="0.91" CONTENT="manträdande"/><SP WIDTH="15" VPOS="1141" HPOS="247"/>
							<String ID="string_246" HPOS="262" VPOS="1142" WIDTH="88" HEIGHT="20" WC="0.92" CONTENT="Ständer"/><SP WIDTH="15" VPOS="1142" HPOS="350"/>
							<String ID="string_247" HPOS="365" VPOS="1150" WIDTH="32" HEIGHT="12" WC="0.96" CONTENT="om"/><SP WIDTH="16" VPOS="1150" HPOS="397"/>
							<String ID="string_248" HPOS="413" VPOS="1143" WIDTH="68" HEIGHT="19" WC="0.90" CONTENT="denna"/><SP WIDTH="7" VPOS="1143" HPOS="481"/>
							<String ID="string_249" HPOS="488" VPOS="1143" WIDTH="100" HEIGHT="24" WC="0.90" CONTENT="jernvägs"/><SP WIDTH="10" VPOS="1143" HPOS="588"/>
							<String ID="string_250" HPOS="598" VPOS="1142" WIDTH="109" HEIGHT="20" WC="0.92" CONTENT="utförande"/><SP WIDTH="13" VPOS="1142" HPOS="707"/>
							<String ID="string_251" HPOS="720" VPOS="1141" WIDTH="89" HEIGHT="20" WC="0.92" CONTENT="äfvesom"/><SP WIDTH="11" VPOS="1141" HPOS="809"/>
							<String ID="string_252" HPOS="820" VPOS="1142" WIDTH="31" HEIGHT="18" WC="0.95" CONTENT="att"/>
						</TextLine>
						<TextLine ID="line_32" HPOS="98" VPOS="1170" WIDTH="753" HEIGHT="27">
							<String ID="string_253" HPOS="98" VPOS="1170" WIDTH="84" HEIGHT="20" WC="0.96" CONTENT="teknisk"/><SP WIDTH="8" VPOS="1170" HPOS="182"/>
							<String ID="string_254" HPOS="190" VPOS="1171" WIDTH="156" HEIGHT="26" WC="0.93" CONTENT="undersökning"/><SP WIDTH="15" VPOS="1171" HPOS="346"/>
							<String ID="string_255" HPOS="361" VPOS="1172" WIDTH="122" HEIGHT="20" WC="0.91" CONTENT="verkställes"/><SP WIDTH="11" VPOS="1172" HPOS="483"/>
							<String ID="string_256" HPOS="494" VPOS="1172" WIDTH="32" HEIGHT="19" WC="0.92" CONTENT="för"/><SP WIDTH="9" VPOS="1172" HPOS="526"/>
							<String ID="string_257" HPOS="535" VPOS="1172" WIDTH="99" HEIGHT="25" WC="0.91" CONTENT="jernvägs"/><SP WIDTH="10" VPOS="1172" HPOS="634"/>
							<String ID="string_258" HPOS="644" VPOS="1171" WIDTH="87" HEIGHT="20" WC="0.96" CONTENT="ledande"/><SP WIDTH="8" VPOS="1171" HPOS="731"/>
							<String ID="string_259" HPOS="739" VPOS="1171" WIDTH="57" HEIGHT="19" WC="0.93" CONTENT="öfver"/><SP WIDTH="11" VPOS="1171" HPOS="796"/>
							<String ID="string_260" HPOS="807" VPOS="1172" WIDTH="44" HEIGHT="17" WC="0.93" CONTENT="vat-"/>
						</TextLine>
						<TextLine ID="line_33" HPOS="98" VPOS="1199" WIDTH="752" HEIGHT="28">
							<String ID="string_261" HPOS="98" VPOS="1200" WIDTH="115" HEIGHT="25" WC="0.92" CONTENT="tendragen"/><SP WIDTH="19" VPOS="1200" HPOS="213"/>
							<String ID="string_262" HPOS="232" VPOS="1201" WIDTH="36" HEIGHT="20" WC="0.96" CONTENT="vid"/><SP WIDTH="20" VPOS="1201" HPOS="268"/>
							<String ID="string_263" HPOS="288" VPOS="1202" WIDTH="83" HEIGHT="25" WC="0.96" CONTENT="Nyslott"/><SP WIDTH="16" VPOS="1202" HPOS="371"/>
							<String ID="string_264" HPOS="387" VPOS="1202" WIDTH="38" HEIGHT="19" WC="0.93" CONTENT="och"/><SP WIDTH="15" VPOS="1202" HPOS="425"/>
							<String ID="string_265" HPOS="440" VPOS="1201" WIDTH="153" HEIGHT="26" WC="0.90" CONTENT="Punkaharju.*"/><SP WIDTH="33" VPOS="1201" HPOS="593"/>
							<String ID="string_266" HPOS="626" VPOS="1201" WIDTH="74" HEIGHT="20" WC="0.93" CONTENT="Denna"/><SP WIDTH="15" VPOS="1201" HPOS="700"/>
							<String ID="string_267" HPOS="715" VPOS="1199" WIDTH="135" HEIGHT="26" WC="0.92" CONTENT="ständerpeti-"/>
						</TextLine>
						<TextLine ID="line_34" HPOS="99" VPOS="1229" WIDTH="751" HEIGHT="27">
							<String ID="string_268" HPOS="99" VPOS="1229" WIDTH="43" HEIGHT="20" WC="0.96" CONTENT="tion"/><SP WIDTH="16" VPOS="1229" HPOS="142"/>
							<String ID="string_269" HPOS="158" VPOS="1230" WIDTH="44" HEIGHT="19" WC="0.96" CONTENT="blef"/><SP WIDTH="13" VPOS="1230" HPOS="202"/>
							<String ID="string_270" HPOS="215" VPOS="1232" WIDTH="27" HEIGHT="24" WC="0.96" CONTENT="på"/><SP WIDTH="15" VPOS="1232" HPOS="242"/>
							<String ID="string_271" HPOS="257" VPOS="1231" WIDTH="73" HEIGHT="25" WC="0.40" CONTENT="högsta"/><SP WIDTH="16" VPOS="1231" HPOS="330"/>
							<String ID="string_272" HPOS="346" VPOS="1234" WIDTH="33" HEIGHT="17" WC="0.96" CONTENT="ort"/><SP WIDTH="14" VPOS="1234" HPOS="379"/>
							<String ID="string_273" HPOS="393" VPOS="1232" WIDTH="98" HEIGHT="24" WC="0.96" CONTENT="godkänd"/><SP WIDTH="16" VPOS="1232" HPOS="491"/>
							<String ID="string_274" HPOS="507" VPOS="1231" WIDTH="38" HEIGHT="20" WC="0.96" CONTENT="och"/><SP WIDTH="15" VPOS="1231" HPOS="545"/>
							<String ID="string_275" HPOS="560" VPOS="1238" WIDTH="73" HEIGHT="18" WC="0.96" CONTENT="genom"/><SP WIDTH="15" VPOS="1238" HPOS="633"/>
							<String ID="string_276" HPOS="648" VPOS="1231" WIDTH="142" HEIGHT="25" WC="0.93" CONTENT="Regeringens"/><SP WIDTH="21" VPOS="1231" HPOS="790"/>
							<String ID="string_277" HPOS="811" VPOS="1229" WIDTH="39" HEIGHT="19" WC="0.91" CONTENT="för-"/>
						</TextLine>
						<TextLine ID="line_35" HPOS="100" VPOS="1260" WIDTH="750" HEIGHT="26">
							<String ID="string_278" HPOS="100" VPOS="1266" WIDTH="48" HEIGHT="19" WC="0.96" CONTENT="sorg"/><SP WIDTH="14" VPOS="1266" HPOS="148"/>
							<String ID="string_279" HPOS="162" VPOS="1260" WIDTH="63" HEIGHT="20" WC="0.96" CONTENT="hafva"/><SP WIDTH="16" VPOS="1260" HPOS="225"/>
							<String ID="string_280" HPOS="241" VPOS="1260" WIDTH="61" HEIGHT="20" WC="0.96" CONTENT="dessa"/><SP WIDTH="15" VPOS="1260" HPOS="302"/>
							<String ID="string_281" HPOS="317" VPOS="1261" WIDTH="179" HEIGHT="25" WC="0.96" CONTENT="undersökningar"/><SP WIDTH="15" VPOS="1261" HPOS="496"/>
							<String ID="string_282" HPOS="511" VPOS="1261" WIDTH="66" HEIGHT="19" WC="0.96" CONTENT="under"/><SP WIDTH="15" VPOS="1261" HPOS="577"/>
							<String ID="string_283" HPOS="592" VPOS="1261" WIDTH="70" HEIGHT="25" WC="0.96" CONTENT="loppet"/><SP WIDTH="16" VPOS="1261" HPOS="662"/>
							<String ID="string_284" HPOS="678" VPOS="1260" WIDTH="22" HEIGHT="20" WC="0.96" CONTENT="af"/><SP WIDTH="8" VPOS="1260" HPOS="700"/>
							<String ID="string_285" HPOS="708" VPOS="1262" WIDTH="80" HEIGHT="18" WC="0.93" CONTENT="senaste"/><SP WIDTH="12" VPOS="1262" HPOS="788"/>
							<String ID="string_286" HPOS="800" VPOS="1265" WIDTH="50" HEIGHT="13" WC="0.88" CONTENT="som-"/>
						</TextLine>
						<TextLine ID="line_36" HPOS="99" VPOS="1289" WIDTH="179" HEIGHT="21">
							<String ID="string_287" HPOS="99" VPOS="1296" WIDTH="43" HEIGHT="12" WC="0.90" CONTENT="mar"/><SP WIDTH="17" VPOS="1296" HPOS="142"/>
							<String ID="string_288" HPOS="159" VPOS="1289" WIDTH="119" HEIGHT="21" WC="0.90" CONTENT="verkstälts."/>
						</TextLine>
					</TextBlock>
					<TextBlock ID="block_4" HPOS="99" VPOS="1317" WIDTH="754" HEIGHT="118">
						<TextLine ID="line_37" HPOS="172" VPOS="1317" WIDTH="680" HEIGHT="23">
							<String ID="string_289" HPOS="172" VPOS="1319" WIDTH="72" HEIGHT="20" WC="0.93" CONTENT="Ehuru"/><SP WIDTH="16" VPOS="1319" HPOS="244"/>
							<String ID="string_290" HPOS="260" VPOS="1320" WIDTH="125" HEIGHT="20" WC="0.91" CONTENT="Ständernas"/><SP WIDTH="16" VPOS="1320" HPOS="385"/>
							<String ID="string_291" HPOS="401" VPOS="1321" WIDTH="79" HEIGHT="19" WC="0.96" CONTENT="önskan"/><SP WIDTH="17" VPOS="1321" HPOS="480"/>
							<String ID="string_292" HPOS="497" VPOS="1320" WIDTH="46" HEIGHT="20" WC="0.96" CONTENT="med"/><SP WIDTH="16" VPOS="1320" HPOS="543"/>
							<String ID="string_293" HPOS="559" VPOS="1320" WIDTH="96" HEIGHT="20" WC="0.93" CONTENT="afseende"/><SP WIDTH="16" VPOS="1320" HPOS="655"/>
							<String ID="string_294" HPOS="671" VPOS="1320" WIDTH="12" HEIGHT="19" WC="0.93" CONTENT="&amp;"/><SP WIDTH="15" VPOS="1320" HPOS="683"/>
							<String ID="string_295" HPOS="698" VPOS="1317" WIDTH="154" HEIGHT="22" WC="0.96" CONTENT="verkställande"/>
						</TextLine>
						<TextLine ID="line_38" HPOS="99" VPOS="1347" WIDTH="753" HEIGHT="29">
							<String ID="string_296" HPOS="99" VPOS="1348" WIDTH="23" HEIGHT="20" WC="0.96" CONTENT="af"/><SP WIDTH="14" VPOS="1348" HPOS="122"/>
							<String ID="string_297" HPOS="136" VPOS="1348" WIDTH="179" HEIGHT="28" WC="0.96" CONTENT="undersökningar"/><SP WIDTH="16" VPOS="1348" HPOS="315"/>
							<String ID="string_298" HPOS="331" VPOS="1350" WIDTH="64" HEIGHT="20" WC="0.96" CONTENT="redan"/><SP WIDTH="15" VPOS="1350" HPOS="395"/>
							<String ID="string_299" HPOS="410" VPOS="1350" WIDTH="153" HEIGHT="25" WC="0.96" CONTENT="förverkligats,"/><SP WIDTH="11" VPOS="1350" HPOS="563"/>
							<String ID="string_300" HPOS="574" VPOS="1350" WIDTH="38" HEIGHT="19" WC="0.96" CONTENT="har"/><SP WIDTH="10" VPOS="1350" HPOS="612"/>
							<String ID="string_301" HPOS="622" VPOS="1349" WIDTH="70" HEIGHT="25" WC="0.96" CONTENT="likväl,"/><SP WIDTH="12" VPOS="1349" HPOS="692"/>
							<String ID="string_302" HPOS="704" VPOS="1350" WIDTH="66" HEIGHT="18" WC="0.84" CONTENT="såsom"/><SP WIDTH="10" VPOS="1350" HPOS="770"/>
							<String ID="string_303" HPOS="780" VPOS="1347" WIDTH="72" HEIGHT="26" WC="0.96" CONTENT="kändt,"/>
						</TextLine>
						<TextLine ID="line_39" HPOS="100" VPOS="1376" WIDTH="752" HEIGHT="30">
							<String ID="string_304" HPOS="100" VPOS="1378" WIDTH="67" HEIGHT="25" WC="0.96" CONTENT="någon"/><SP WIDTH="21" VPOS="1378" HPOS="167"/>
							<String ID="string_305" HPOS="188" VPOS="1379" WIDTH="64" HEIGHT="25" WC="0.95" CONTENT="nådig"/><SP WIDTH="19" VPOS="1379" HPOS="252"/>
							<String ID="string_306" HPOS="271" VPOS="1380" WIDTH="127" HEIGHT="26" WC="0.96" CONTENT="proposition"/><SP WIDTH="21" VPOS="1380" HPOS="398"/>
							<String ID="string_307" HPOS="419" VPOS="1380" WIDTH="46" HEIGHT="20" WC="0.92" CONTENT="icke"/><SP WIDTH="20" VPOS="1380" HPOS="465"/>
							<String ID="string_308" HPOS="485" VPOS="1380" WIDTH="99" HEIGHT="25" WC="0.92" CONTENT="förelagts"/><SP WIDTH="21" VPOS="1380" HPOS="584"/>
							<String ID="string_309" HPOS="605" VPOS="1386" WIDTH="29" HEIGHT="12" WC="0.96" CONTENT="nu"/><SP WIDTH="20" VPOS="1386" HPOS="634"/>
							<String ID="string_310" HPOS="654" VPOS="1378" WIDTH="89" HEIGHT="20" WC="0.93" CONTENT="samlade"/><SP WIDTH="21" VPOS="1378" HPOS="743"/>
							<String ID="string_311" HPOS="764" VPOS="1376" WIDTH="88" HEIGHT="22" WC="0.92" CONTENT="Ständer"/>
						</TextLine>
						<TextLine ID="line_40" HPOS="99" VPOS="1408" WIDTH="754" HEIGHT="27">
							<String ID="string_312" HPOS="99" VPOS="1408" WIDTH="109" HEIGHT="26" WC="0.96" CONTENT="angående"/><SP WIDTH="15" VPOS="1408" HPOS="208"/>
							<String ID="string_313" HPOS="223" VPOS="1408" WIDTH="68" HEIGHT="21" WC="0.93" CONTENT="denna"/><SP WIDTH="14" VPOS="1408" HPOS="291"/>
							<String ID="string_314" HPOS="305" VPOS="1410" WIDTH="64" HEIGHT="19" WC="0.92" CONTENT="banas"/><SP WIDTH="16" VPOS="1410" HPOS="369"/>
							<String ID="string_315" HPOS="385" VPOS="1410" WIDTH="116" HEIGHT="25" WC="0.95" CONTENT="byggande."/><SP WIDTH="32" VPOS="1410" HPOS="501"/>
							<String ID="string_316" HPOS="533" VPOS="1409" WIDTH="41" HEIGHT="20" WC="0.95" CONTENT="Det"/><SP WIDTH="16" VPOS="1409" HPOS="574"/>
							<String ID="string_317" HPOS="590" VPOS="1412" WIDTH="23" HEIGHT="16" WC="0.96" CONTENT="är"/><SP WIDTH="16" VPOS="1412" HPOS="613"/>
							<String ID="string_318" HPOS="629" VPOS="1410" WIDTH="23" HEIGHT="18" WC="0.96" CONTENT="så"/><SP WIDTH="14" VPOS="1410" HPOS="652"/>
							<String ID="string_319" HPOS="666" VPOS="1408" WIDTH="82" HEIGHT="26" WC="0.96" CONTENT="mycket"/><SP WIDTH="16" VPOS="1408" HPOS="748"/>
							<String ID="string_320" HPOS="764" VPOS="1414" WIDTH="42" HEIGHT="13" WC="0.96" CONTENT="mer"/><SP WIDTH="16" VPOS="1414" HPOS="806"/>
							<String ID="string_321" HPOS="822" VPOS="1408" WIDTH="31" HEIGHT="18" WC="0.96" CONTENT="att"/>
						</TextLine>
					</TextBlock>
				</ComposedBlock>
				<ComposedBlock ID="cblock_4" HPOS="171" VPOS="1448" WIDTH="374" HEIGHT="24">
					<TextBlock ID="block_5" HPOS="171" VPOS="1448" WIDTH="374" HEIGHT="24">
						<TextLine ID="line_41" HPOS="171" VPOS="1448" WIDTH="374" HEIGHT="24">
							<String ID="string_322" HPOS="171" VPOS="1449" WIDTH="178" HEIGHT="23" WC="0.78" CONTENT="Jernvägsutskottets"/><SP WIDTH="13" VPOS="1449" HPOS="349"/>
							<String ID="string_323" HPOS="362" VPOS="1450" WIDTH="107" HEIGHT="18" WC="0.95" CONTENT="betänkande"/><SP WIDTH="13" VPOS="1450" HPOS="469"/>
							<String ID="string_324" HPOS="482" VPOS="1448" WIDTH="36" HEIGHT="19" WC="0.96" CONTENT="N:o"/><SP WIDTH="13" VPOS="1448" HPOS="518"/>
							<String ID="string_325" HPOS="531" VPOS="1450" WIDTH="14" HEIGHT="16" WC="0.96" CONTENT="1."/>
						</TextLine>
					</TextBlock>
				</ComposedBlock>
			</PrintSpace>
		</Page>
	</Layout>
</alto>
