1050 1675
265 156 278 23 Petitionsbetänkande
559 156 45 22 N:o
620 156 38 22 39.
787 158 25 18 15

85 221 69 21 vande
177 221 39 20 och
238 222 22 19 är
283 220 86 27 förtjent
384 222 30 18 att
429 220 21 20 af
464 222 69 18 staten
549 220 83 27 hugnas
647 220 48 20 med
712 219 132 27 erforderligt

86 254 222 28 penningeunderstöd
323 254 39 21 har
376 254 102 21 utskottet
492 254 47 20 icke
554 254 46 20 skäl
612 256 30 18 att
657 254 91 22 betvifla,
765 260 34 14 om
814 253 30 21 äf-

86 296 39 14 ven
150 289 74 21 skolan
238 289 47 20 icke
302 289 54 20 varit
369 288 44 20 lika
428 288 33 20 väl
477 288 148 26 freqventerad
641 294 46 14 som
703 288 26 21 de
744 288 54 20 båda
813 288 31 20 fö-

85 323 118 22 renämnda
217 323 130 21 läroverken.

154 357 135 21 Beträffande
305 357 98 27 slutligen
418 356 200 28 petitionsförslaget
633 358 31 19 att
675 356 27 27 på
717 358 79 19 statens
809 356 35 21 be-

86 392 90 22 kostnad
183 392 77 21 inrätta
268 398 24 14 en
299 391 141 27 finskspråkig
446 390 221 22 fruntimmersskola
660 386 12 36 i
675 390 137 27 Nikolaistad,
821 392 23 18 är

87 427 102 21 utskottet
210 432 50 15 ense
283 426 79 25 därom,
385 427 30 19 att
430 426 70 20 därest
514 425 100 21 behofvet
630 425 21 21 af
666 431 26 15 en
709 425 65 21 sådan
789 424 54 21 bild-

86 460 141 29 ningsanstalt
247 462 37 26 gör
299 460 32 27 sig
345 459 99 28 gällande
460 460 12 20 å
488 462 65 24 orten,
569 460 57 20 detta
642 460 52 20 först
709 460 35 20 må
758 460 86 20 konsta-

87 498 55 19 teras
163 501 77 22 genom
262 496 30 19 att
312 494 72 21 skolan
409 494 85 27 bringas
509 494 32 20 till
556 494 61 20 stånd
634 500 77 20 genom
726 494 69 27 privat
806 493 40 20 ini-

87 530 65 27 tiativ,
167 530 65 20 innan
248 535 26 14 en
290 528 77 27 vädjan
382 528 32 21 till
429 530 69 19 staten
514 535 34 14 om
564 528 48 20 dess
620 528 150 21 mellankomst
778 530 66 25 göres.

156 564 11 21 I
189 563 217 21 öfverensstämmelse
429 563 48 21 med
493 563 56 20 hvad
564 563 92 20 sålunda
671 563 80 20 anförts
767 562 32 21 får
814 564 32 19 ut-

88 599 77 20 skottet
180 600 50 19 äran
246 597 77 21 föreslå

363 650 33 19 att
412 649 83 20 landets
505 648 117 27 höglofliga
637 647 94 22 Ständer
739 648 51 21 ville
798 647 47 28 för-

295 689 40 14 ena
358 683 33 26 sig
408 689 35 14 om
458 690 27 13 en
500 682 139 27 underdånig
651 682 96 27 petition
762 682 86 23 därom;

363 719 33 19 att
410 717 42 21 den
463 717 92 27 privata
563 717 72 27 finska
644 716 203 28 fruntimmerssko-

295 752 38 21 lan
347 751 10 21 i
372 745 46 27 Åbo
434 751 66 21 måtte
516 751 28 28 af
555 753 71 19 staten
643 751 135 27 öfvertagas;
789 751 59 20 samt

364 787 33 20 att
420 785 110 28 Styrelsen
552 785 52 21 ville
624 785 81 27 bevilja
719 785 24 20 de
757 785 91 27 privata

295 820 72 27 finska
389 820 258 27 fruntimmersskolorna
665 819 10 21 i
692 819 98 21 Joensuu
806 819 40 20 och

295 854 36 21 S:t
350 854 81 21 Michel
452 854 45 27 full
517 854 147 25 subvention;

366 896 51 13 men
437 889 97 20 däremot
550 888 74 21 lemna
636 887 212 28 petitionsförslaget

295 923 92 21 rörande
398 923 91 27 privata
504 922 73 28 finska
591 921 232 28 fruntimmersskolan
837 920 11 21 i

297 957 140 21 Nikolaistad
459 958 56 20 utan
535 956 107 28 afseende.

158 1020 140 28 Helsingfors,
313 1020 116 21 Allmänna
441 1020 192 20 besvärsutskottet
643 1019 41 21 den
696 1019 26 20 19
733 1018 41 28 Maj
787 1018 61 21 1891.

160 1153 11 21 I
191 1153 97 21 ärendets
309 1153 85 27 slutliga
414 1151 130 28 behandling
559 1151 63 21 hafva
639 1151 87 28 deltagit
741 1151 109 21 ordföran-

91 1187 41 22 den
148 1187 98 28 Ramsay,
260 1187 154 21 ledamöterne:
438 1186 88 21 friherre
542 1193 42 14 von
598 1185 115 28 Knorring,
730 1184 120 33 Nordlund,

91 1221 64 28 Bäck,
170 1221 115 27 Melander,
300 1221 110 27 Bergroth,
426 1220 108 27 Sundvall,
550 1220 76 27 Lindh,
649 1220 93 27 Nyberg,
763 1219 84 21 Daniel-

92 1263 44 21 son,
159 1256 88 27 Ojanen,
269 1255 89 21 Bremer
380 1255 39 20 och
438 1255 73 26 Pöysti
526 1256 55 19 samt
596 1254 163 28 suppleanterne
774 1253 75 21 Wasa-

92 1291 84 27 stjerna,
191 1290 70 27 Lagus
277 1290 39 21 och
331 1289 127 28 Appelberg.

163 1496 101 17 Allmänna
276 1495 168 17 Besvärsutskottets
457 1495 111 18 betänkande
580 1494 36 17 N:o
630 1493 30 17 29.
