1073 1670
262 152 282 23 Petitionsbetänkande
560 151 45 23 N:o
622 152 36 21 21.
800 154 10 18 7

149 216 35 20 Då
206 215 114 21 Utskottet
343 215 133 27 följaktligen
491 217 6 18 i
513 215 41 20 allo
578 215 94 20 ansluter
691 217 33 25 sig
739 215 31 20 till
786 216 54 25 peti-

80 250 122 21 tionärerne
217 251 6 19 i
238 249 60 27 fråga
320 256 36 13 om
372 249 176 21 önskvärdheten
563 249 22 20 af
600 249 27 20 de
643 249 97 26 antydda
755 249 85 20 brister-

80 291 39 14 nas
134 285 6 19 i
156 283 245 27 rättegångsordningen
423 290 63 13 snara
509 282 141 28 afhjälpande
674 283 41 20 och
736 290 62 14 anser
814 290 27 13 en

81 318 181 27 ständerpetition
277 319 6 19 i
298 317 61 21 detta
374 317 58 27 syfte
447 317 117 27 högeligen
579 317 107 27 påkallad,
701 317 37 20 har
750 317 91 21 Utskot-

81 356 32 17 tet
135 352 65 21 likväl
221 351 47 22 icke
290 352 80 20 lämnat
386 359 23 13 ur
425 353 57 25 sigte
497 351 38 21 det
550 351 92 27 tidigare
657 351 93 21 berörda
765 351 76 20 behof-

81 390 37 17 vet
134 387 25 20 af
170 393 27 14 en
212 393 58 14 mera
292 386 133 21 omfattande
443 387 95 19 revision
553 385 23 20 af
589 385 101 27 gällande
704 385 137 28 stadganden

82 420 112 27 angående
209 420 238 26 rättegångsväsendet.
471 419 105 21 Tvärtom
592 426 64 19 synes
673 419 37 21 det
726 419 114 21 Utskottet

82 454 136 28 synnerligen
241 454 103 27 lämpligt,
376 457 32 17 att
430 453 122 21 Ständerna
574 455 6 19 i
603 454 61 20 detta
686 454 155 26 sammanhang

82 492 100 24 upptoge
196 488 75 27 frågan
286 495 36 13 om
337 488 171 20 reformarbeten
523 489 6 19 i
544 488 70 20 större
629 488 153 27 utsträckning,
800 488 41 20 och

82 523 36 21 vill
140 523 115 21 Utskottet
276 522 32 21 till
330 522 50 21 stöd
398 522 32 20 för
445 523 33 19 sin
493 522 141 27 uppfattning
649 524 6 18 i
670 522 88 21 korthet
773 524 68 19 erinra

83 564 36 14 om
134 558 66 26 några
215 556 139 28 synpunkter,
377 563 47 14 som
444 556 37 21 vid
497 556 147 21 bedömandet
660 556 24 20 af
696 556 70 21 denna
781 556 60 27 fråga

82 592 78 27 tyckas
176 592 74 20 främst
265 591 52 20 böra
332 591 87 20 komma
435 592 6 19 i
457 590 149 21 betraktande.

152 627 48 20 Den
216 626 160 27 öfvervägande
391 625 101 21 karaktär
508 625 24 20 af
544 625 135 27 skriftlighet,
700 632 48 13 som
763 625 78 21 utmär-

82 660 39 21 ker
144 660 131 21 förfarandet
296 660 37 20 vid
355 661 51 19 våra
421 659 126 25 domstolar,
568 666 49 13 men
632 666 54 18 som,
703 659 66 28 enligt
784 659 58 20 hvad

84 695 65 20 ofvan
164 695 76 24 nämts,
256 695 7 19 i
278 694 27 20 de
321 694 61 20 flesta
405 693 157 21 kulturländers
579 693 134 28 lagstiftning
728 694 67 20 redan
810 701 32 13 er-

84 729 63 20 känts
170 728 47 21 icke
235 731 108 18 motsvara
359 727 99 21 nutidens
475 727 99 27 förhöjda
589 728 94 27 anspråk
698 729 29 26 på
742 727 100 21 säkerhet

84 763 42 20 och
141 762 107 21 snabbhet
262 763 36 20 vid
314 762 114 21 rättvisans
444 762 113 27 skipande,
574 762 63 27 utgör
652 762 81 21 kanske
749 762 42 21 den
806 762 36 20 vä-

84 797 126 27 sentligaste
226 797 24 20 af
263 797 26 20 de
304 796 83 25 brister,
400 803 48 14 som
458 796 88 21 vidlåda
556 797 47 20 vårt
613 796 228 27 rättegångsväsende,

85 831 42 21 och
149 831 67 21 tillika
239 831 47 24 den,
310 837 47 13 som
377 830 97 21 sträcker
489 832 46 18 sina
550 830 128 27 verkningar
693 831 31 20 till
739 831 27 19 de
781 831 62 20 flesta

85 865 59 21 delar
164 865 66 20 däraf.
261 865 90 26 Frågan,
368 866 6 19 i
389 864 87 21 hvilken
499 865 49 20 mån
565 864 147 27 muntlighets-
728 865 42 20 och
786 871 58 14 ome-

86 899 266 27 delbarhetsprinciperna,
376 898 101 21 särskildt
493 900 6 19 i
515 898 162 26 öfverrätterna,
694 899 38 20 där
747 898 96 21 hitintills

86 933 26 21 af
130 934 64 20 dessa
217 934 107 26 principer
338 932 69 28 knapt
422 933 68 26 något
505 933 51 27 spår
571 932 81 22 kunnat
667 932 93 27 skönjas,
776 932 68 21 borde

85 968 37 20 vid
143 967 239 21 domstolsförfarandet
405 967 114 27 tillämpas,
544 968 68 20 måste
635 967 55 21 altså
704 968 7 20 i
726 967 44 27 hög
791 966 54 28 grad

85 1002 100 26 tilldraga
200 1003 34 25 sig
249 1002 145 26 lagstiftarens
409 1001 200 27 uppmärksamhet.

154 1036 33 20 En
209 1043 69 13 annan
294 1036 107 26 väsentlig
422 1035 117 27 olägenhet
554 1037 7 19 i
576 1035 268 27 rättegångsproceduren,

86 1077 48 14 som
150 1070 46 20 icke
212 1070 77 21 saknar
304 1070 206 26 beröringspunkter
526 1070 50 20 med
592 1070 37 21 det
644 1071 39 20 sist
698 1070 90 20 anförda
803 1069 41 20 för-

85 1104 115 25 hållandet,
224 1104 72 21 består
319 1106 5 18 i
348 1104 41 20 den
411 1104 72 26 legala
505 1104 141 20 bevisteorins
662 1104 64 21 altför
741 1107 59 17 stora
815 1105 30 19 in-

86 1139 95 26 flytande
204 1139 28 27 på
254 1138 98 27 reglerna
374 1138 33 20 för
429 1139 142 26 bevisningen
592 1138 55 20 inför
664 1138 63 21 rätta.
756 1137 89 21 Hvilket

86 1172 119 28 tryckande
227 1173 57 20 band
306 1172 127 27 härigenom
455 1172 58 27 lagts
529 1173 29 26 på
572 1172 84 21 landets
672 1172 94 26 domare,
783 1172 62 20 fram-

86 1208 38 26 går
146 1206 82 22 kanske
250 1207 104 26 tydligast
370 1206 24 21 af
406 1207 37 20 det
458 1206 73 21 kända
547 1206 87 26 faktum,
651 1210 32 18 att
699 1206 146 21 domstolarna

86 1244 43 18 sett
152 1242 32 25 sig
207 1244 100 23 tvungna,
330 1240 101 21 särskildt
447 1242 6 19 i
469 1241 187 27 straffprocessen,
678 1244 32 17 att
732 1248 45 13 mer
796 1240 50 20 eller

86 1275 82 20 mindre
184 1275 110 21 medvetet
309 1275 71 20 afvika
396 1275 45 20 från
456 1275 75 26 lagens
542 1275 80 26 tydligt
632 1275 96 20 uttalade
738 1274 108 21 föreskrif-

87 1313 39 21 ter,
142 1309 140 27 hvarigenom
297 1309 46 21 åter
359 1316 27 14 en
401 1309 84 27 ganska
500 1309 111 27 betänklig
626 1309 52 21 brist
694 1310 28 26 på
737 1309 109 21 öfverens-

86 1344 124 20 stämmelse
226 1343 76 21 mellan
318 1343 36 27 lag
369 1344 41 20 och
426 1345 75 25 praxis
517 1344 100 26 uppstått
633 1343 42 21 och
690 1343 65 21 håller
770 1344 29 26 på
814 1346 32 17 att

86 1378 74 20 vidare
176 1377 82 21 utbilda
273 1379 39 25 sig.
342 1378 125 20 Införandet
483 1377 25 21 af
520 1384 26 14 en
562 1378 68 20 större
646 1377 62 21 frihet
724 1377 32 21 för
772 1377 74 20 doma-

87 1419 37 13 ren
146 1412 36 20 vid
205 1412 99 26 pröfning
326 1412 24 20 af
361 1412 61 20 bevis
438 1412 39 20 har
493 1411 72 21 därför
580 1412 64 20 äfven
660 1412 45 20 ofta
721 1410 124 22 framhållits

156 1484 130 22 Lagutskottets
298 1484 110 18 betänkande
420 1484 37 18 N:o
472 1485 17 17 8.
