1056 1673
321 102 226 24 Petitionsbetänkande
564 103 34 22 N:o
613 102 15 23 1.
776 102 43 23 105

166 163 76 22 Denna
262 163 122 27 betydande
405 163 87 21 skilnad
514 163 8 21 i
543 163 239 27 anläggningskostnad
801 164 49 20 ute-

95 199 75 28 sluter,
186 205 74 16 ensam
276 198 34 22 för
326 199 39 28 sig,
382 200 80 19 nästan
478 199 75 26 hvarje
569 199 79 21 tvekan
660 199 82 27 derom,
753 198 94 22 hvilket-

96 235 51 22 dera
167 234 137 22 alternativet
320 234 37 21 vid
372 236 33 20 ett
421 234 88 27 slutligt
524 234 116 21 utförande
656 234 39 21 bör
711 234 66 21 vinna
792 234 55 22 före-

95 271 80 21 trädet.
206 270 34 21 Då
254 270 74 21 härtill
343 270 100 21 kommer
458 272 34 19 att
502 269 228 28 hamnanläggningen
741 270 36 21 vid
787 269 61 22 Män-

95 307 91 26 tyluoto,
207 307 28 26 pä
254 307 46 20 sätt
319 307 25 20 ut
364 305 245 28 petitionsmemorialet
630 307 12 20 å
663 305 40 22 sid.
720 306 28 21 19
764 305 41 22 och
821 305 29 21 20

95 343 101 20 närmare
216 341 107 27 utlägges,
344 343 71 20 måste
436 347 64 16 anses
520 343 110 20 motsvara
651 341 44 22 alla
713 341 77 27 billiga
805 340 44 22 for-

96 377 89 27 dringar
208 377 39 22 och
268 377 7 21 i
296 377 58 21 vissa
374 377 118 22 afseenden
508 377 36 21 till
560 377 40 22 och
617 377 49 21 med
682 376 125 22 öfverträffa
822 382 27 15 en

98 414 68 21 sådan
181 413 37 22 vid
232 413 67 21 Räfsö
315 413 79 27 holme,
412 413 24 21 så
452 419 62 21 synes
532 413 37 22 det
584 413 110 21 utskottet
710 415 34 19 att
760 413 6 20 i
778 413 71 20 denna

97 449 36 22 del
156 449 74 27 frågan
253 455 34 15 om
310 449 41 21 den
366 449 177 27 Björneborgska
558 449 150 21 hamnbanans
725 447 125 28 sträckning

96 487 24 18 är
141 484 134 28 fullkomligt
295 485 55 21 klar.
381 485 49 21 Den
452 491 66 15 norra
540 485 75 26 linien,
639 491 47 15 som
704 484 37 21 vid
762 485 87 21 senaste

95 520 105 28 landtdag
220 521 72 20 kunde
312 521 64 21 hafva
398 522 32 19 ett
452 520 55 21 visst
528 520 48 21 skäl
597 520 34 21 för
652 520 40 27 sig,
708 520 87 27 sålänge
812 519 37 22 det

96 563 38 14 var
150 556 108 28 oafgjordt
273 556 107 21 huruvida
396 557 42 20 den
449 556 175 27 Björneborgska
633 556 119 27 jernvägen
762 556 88 21 komme

96 593 34 20 att
144 592 61 22 ledas
220 598 51 15 norr
287 592 53 21 eller
355 592 65 21 söder
436 598 36 15 om
488 592 72 21 Kumo
577 591 37 28 elf,
629 592 41 21 har
684 598 91 15 numera
785 591 63 22 äfven

96 628 130 21 derutinnan
242 627 91 22 förlorat
348 628 40 21 allt
403 627 160 28 berättigande,
580 628 68 21 sedan
656 628 120 27 jernvägen
787 627 61 21 kom-

96 669 48 16 mer
160 665 33 20 att
208 663 60 22 ledas
284 663 62 28 längs
362 663 83 22 elfvens
462 664 65 21 södra
543 663 54 22 sida.

170 699 82 22 Genom
274 699 157 22 ofvananförda
446 699 119 27 utredning
580 700 40 21 har
636 699 92 22 sålunda
743 699 106 26 framgått

97 736 33 20 att
146 735 164 27 ifrågavarande
321 736 123 21 hamnbana
452 736 70 26 jemte
534 742 27 15 en
572 736 8 20 i
591 736 42 21 allo
645 735 203 22 tillfredsställande

96 771 198 28 hamnanläggning
313 772 43 21 kan
372 773 64 20 ernås
452 772 50 21 med
518 772 51 21 vida
584 772 85 21 mindre
685 772 163 26 penningeupp-

97 806 102 28 offringar
214 809 27 19 än
252 808 56 20 hvad
320 808 57 21 1888
388 809 35 19 års
434 807 196 27 Jernvägsutskott
640 807 112 21 förutsatt.
776 807 72 21 Emel-

97 843 66 21 lertid
178 845 24 19 är
218 843 63 22 äfven
297 844 43 21 den
351 843 132 22 slutsumma
494 843 24 22 af
527 843 100 26 omkring
638 843 42 28 12/,
692 843 75 27 miljon
778 843 71 26 mark,

96 878 35 21 till
152 879 88 22 hvilken
261 885 49 16 man
331 886 29 14 nu
380 879 100 28 kommit,
500 879 48 22 icke
564 880 24 21 så
604 879 136 27 obetydande
756 879 39 21 och
811 879 37 20 det

96 915 40 20 har
157 914 72 21 derför
250 915 63 21 äfven
334 915 57 21 inom
413 915 111 22 utskottet
544 915 92 22 uttalats
653 915 47 21 dels
716 914 131 22 tvifvelsmål

97 956 34 15 om
155 950 106 22 huruvida
284 952 76 25 nyttan
383 951 24 21 af
430 951 72 22 denna
522 951 132 27 hamnbana,
675 957 46 15 som
742 951 57 20 hade
815 951 34 20 att

96 987 135 22 konkurrera
251 988 49 21 med
321 988 41 21 den
380 987 106 27 jemsides
508 987 96 28 flytande
625 987 71 22 Kumo
722 986 34 28 elf,
777 986 71 22 skulle

96 1024 110 20 motsvara
222 1023 273 28 anläggningskostnaden,
512 1023 46 22 dels
575 1025 33 20 att
619 1024 27 21 då
658 1024 24 20 så
692 1024 78 25 många
780 1022 69 21 andra

96 1058 82 27 vigtiga
196 1059 187 28 jernvägsföretag
403 1061 59 20 ännu
484 1061 66 20 vänta
570 1061 28 25 på
614 1059 40 22 sitt
669 1058 180 27 förverkligande,

97 1095 71 20 denna
188 1101 84 15 summa
294 1096 48 21 med
361 1097 70 20 större
448 1095 49 22 skäl
514 1095 39 22 och
570 1097 69 20 större
655 1096 63 26 nytta
732 1094 74 21 kunde
821 1095 28 26 på

96 1132 66 19 annat
185 1131 45 21 håll
253 1131 115 27 användas,
388 1131 60 21 helst
468 1131 147 27 Björneborgs
637 1130 67 22 behof
718 1129 24 22 af
756 1129 92 22 förbätt-

96 1165 52 22 rade
163 1165 214 23 kommunikationer
392 1173 78 20 genom
488 1167 42 21 den
546 1167 69 21 under
630 1166 115 21 utförande
754 1165 96 22 varande

95 1201 121 27 jernvägen
233 1203 67 21 redan
316 1202 72 21 blifvit
403 1202 149 27 tillgodosedt.

167 1237 63 22 Hvad
256 1239 76 26 nyttan
358 1237 39 22 och
420 1237 129 28 betydelsen
572 1237 24 22 af
620 1238 42 21 den
686 1236 164 28 ifrågavarande

96 1273 138 22 hamnbanan
252 1274 140 27 vidkommer,
409 1274 40 21 har
466 1275 121 20 utskottets
603 1274 113 27 pluralitet
732 1273 55 22 dock
802 1272 48 21 fun-

95 1309 34 21 nit
156 1309 50 21 dem
232 1316 53 15 vara
308 1311 25 20 så
350 1309 119 28 påtagliga,
496 1312 34 19 att
556 1310 110 23 utskottet
692 1309 47 22 icke
764 1309 85 20 kunnat

95 1345 65 21 tveka
183 1351 35 16 om
242 1345 188 27 nödvändigheten
456 1345 24 22 af
504 1346 84 22 banans
615 1345 123 23 utförande.
768 1344 81 22 Hänvi-

95 1381 67 21 sande
183 1381 34 21 till
236 1382 42 22 den
294 1381 103 27 utförliga
412 1382 158 27 utläggningen
586 1382 8 21 i
610 1380 240 29 petitionmemoriaiet,

95 1416 38 21 vill
156 1418 110 21 utskottet
292 1418 78 21 endast
391 1417 6 21 i
419 1418 91 21 korthet
533 1418 88 27 antyda,
646 1419 34 20 att
702 1416 148 28 Björneborgs

166 1457 175 24 Jernvägsutskottets
353 1458 110 19 betänkande
475 1458 38 19 N:o
525 1460 15 16 1.
