1067 1661
194 148 86 23 Ständ.
296 147 54 23 Pet.
368 161 24 2 —
409 147 172 22 Petitionsbet.
597 147 46 22 N:o
658 147 38 22 10.
785 148 11 19 3

67 211 88 28 vidtaga
170 212 33 20 sin
218 210 137 22 verksamhet
368 209 29 29 på
412 209 132 22 sistnämnda
558 209 41 21 fält
614 209 49 22 med
678 211 67 20 större
760 209 66 28 peda-

67 245 77 28 gogisk
159 245 121 21 erfarenhet
295 246 26 19 än
337 244 26 21 de
379 245 72 26 lärare,
467 251 45 14 som
525 243 132 22 omedelbart
669 243 55 22 efter
743 243 83 28 aflagda

68 280 97 20 examina
180 278 80 22 erhålla
279 279 125 27 statstjenst,
419 285 62 21 synes
498 278 37 20 det
549 278 88 27 obilligt,
653 280 32 18 att
699 280 70 18 staten
784 277 42 21 till-

69 313 104 22 erkänner
188 313 42 21 den
244 320 50 14 man
309 313 51 20 eller
375 313 85 27 qvinna,
473 320 45 13 som
528 312 72 28 någon
609 311 33 21 tid
652 311 85 22 utöfvat
749 312 77 20 lärare-

68 348 137 21 verksamhet
218 347 38 22 vid
271 347 132 29 privatskola
413 348 42 20 rätt
464 346 33 21 till
508 346 232 28 tjensteårsberäkning
751 345 76 22 endast

68 382 35 20 för
124 382 82 21 hälften
227 381 23 21 af
269 381 70 21 denna
357 380 32 22 tid
410 381 41 21 och
466 380 59 22 detta
546 380 49 21 med
611 387 26 14 en
651 380 124 28 ytterligare
789 380 38 20 be-

68 416 117 28 gränsning
199 416 33 21 till
246 416 65 28 högst
325 416 30 21 tio
370 415 29 27 år,
415 414 76 23 medan
505 414 56 22 dock
570 414 75 27 tillika,
655 414 49 21 med
714 414 51 21 fullt
775 414 52 26 skäl,

68 450 148 27 föreskrifves,
232 453 30 18 att
278 450 69 21 denna
362 451 43 19 rätt
419 450 32 20 till
465 449 233 29 tjensteårsberäkning
712 449 67 27 gäller
791 456 36 13 en-

70 485 48 21 dast
132 484 49 21 från
197 484 41 21 den
253 484 32 21 tid
300 484 153 29 privatläraren
468 483 86 29 uppfylt
564 483 41 21 alla
615 483 26 21 de
653 483 120 28 fordringar
785 485 43 19 sta-

69 522 37 18 ten
120 519 72 21 ställer
207 518 28 29 på
250 518 27 21 de
292 519 73 25 lärare,
377 525 46 14 som
437 517 114 22 förklarats
561 517 138 28 kompetenta
709 519 31 19 att
750 517 78 21 under-

69 553 47 21 visa
131 554 7 19 i
154 553 115 21 statsskola
284 553 71 20 såsom
370 551 106 22 ordinarie
491 552 73 20 lärare.
591 551 35 21 Då
636 551 37 21 det
683 551 73 21 vidare
766 551 61 21 torde

69 587 52 21 böra
146 586 111 27 erkännas,
280 589 31 18 att
332 586 233 21 lärareverksamheten
587 585 37 22 vid
645 586 84 27 privata
756 585 72 21 skolor

70 620 73 22 blifvit
157 620 92 22 utöfvad
264 620 29 28 på
307 622 30 19 ett
352 622 48 24 sätt,
415 627 46 14 som
476 620 61 20 ländt
552 619 42 21 den
604 618 159 22 fosterländska
772 618 56 22 bild-

70 656 78 26 ningen
169 655 34 21 till
224 654 95 28 verkligt
339 662 63 20 gagn,
426 656 55 19 samt
503 656 31 18 att
554 653 80 21 sådana
649 653 71 21 skolor
735 654 36 20 äro
787 652 42 22 och

70 688 134 22 fortfarande
214 688 61 22 skola
286 696 51 14 vara
347 688 112 28 behöfliga,
471 690 51 19 enär
532 688 155 21 statsskolorna
697 687 47 22 icke
755 688 74 20 kunna

72 726 107 25 emottaga
198 723 28 20 all
241 722 43 21 den
298 722 99 28 ungdom,
413 730 46 13 som
473 722 38 21 har
526 722 67 21 behof
608 721 23 21 af
645 722 66 28 högre
725 721 104 27 bildning,

71 757 89 21 innebär
183 757 65 21 äfven
271 757 71 21 denna
361 756 158 28 omständighet
539 759 31 18 ett
587 756 71 28 giltigt
673 756 46 21 skäl
734 758 31 19 att
780 755 50 21 med

72 792 85 27 hänsigt
171 791 33 21 till
219 790 178 30 tjenstgöringsår
411 790 98 22 betrakta
524 791 95 20 lärarene
634 790 37 21 vid
686 791 84 27 privata
780 790 50 21 sko-

72 826 32 20 lor
118 825 71 21 såsom
204 825 97 21 arbetare
315 826 8 19 i
338 825 37 20 det
389 825 122 26 allmännas,
522 832 84 13 snarare
617 826 27 19 än
653 825 32 20 uti
695 824 27 21 de
733 823 97 22 enskilda

72 860 130 21 intressenas
217 859 71 28 tjenst.

141 893 53 22 Men
209 893 28 22 då
251 893 147 29 föreliggande
413 893 62 29 fråga
489 893 134 28 väsentligen
635 895 23 18 är
670 893 23 20 af
705 892 126 21 ekonomisk

73 931 67 24 natur,
155 928 67 22 hafva
237 928 120 21 Ständerna
371 928 102 21 särskildt
488 930 63 26 egnat
567 935 26 13 en
608 929 95 19 närmare
716 927 115 28 uppmärk-

74 962 82 22 samhet
170 962 23 21 åt
208 962 70 21 denna
293 962 47 21 sida
355 962 22 21 af
392 962 66 22 saken
473 962 41 22 och
528 962 66 21 hafva
609 961 76 23 dervid
699 962 90 20 kommit
798 961 33 21 till

74 996 37 22 det
130 997 95 26 resultat,
248 999 37 24 att,
305 996 64 22 äfven
385 1004 34 13 om
434 996 164 28 ifrågavarande
620 996 73 26 lärare,
708 995 49 21 med
772 995 60 21 bibe-

74 1030 100 22 hållande
190 1030 34 21 för
239 1030 67 28 öfrigt
320 1030 23 21 af
358 1030 27 21 de
401 1030 103 28 stadgade
520 1030 102 26 vilkoren,
637 1029 137 22 tillerkändes
789 1031 43 19 rätt

75 1067 31 19 att
124 1064 159 28 tillgodoräkna
305 1065 32 27 sig
356 1064 49 21 hela
424 1064 41 22 den
486 1064 32 21 tid
533 1064 27 21 de
575 1064 83 21 arbetat
672 1064 7 20 i
694 1062 138 30 privatskola,

74 1099 71 21 denna
166 1098 90 28 ändring
271 1098 48 21 icke
334 1098 85 21 komme
434 1101 32 18 att
480 1098 97 21 medföra
593 1098 66 21 sådan
673 1098 86 21 tillväxt
773 1098 7 19 i
795 1104 37 13 an-

74 1133 53 21 talet
142 1133 181 28 pensionstagare,
339 1135 31 18 att
385 1132 124 28 derigenom
523 1132 72 28 någon
608 1131 117 22 nämnvärd
737 1131 96 28 stegring

76 1167 23 21 af
116 1167 164 27 statsbudgeten
296 1166 67 21 skulle
382 1166 129 21 förorsakas.
541 1166 42 21 Om
598 1166 33 21 till
646 1165 40 22 och
701 1165 49 21 med
764 1165 68 20 förut-

76 1203 72 24 sattes,
171 1203 31 18 att
224 1200 134 28 småningom
381 1201 41 20 alla
445 1200 106 22 vakanser
565 1201 7 20 i
588 1200 129 21 statsskolan
738 1199 94 21 besattes

76 1235 50 21 med
148 1235 206 28 privatskolelärare,
376 1234 74 22 hvilka
468 1235 41 20 alla
529 1233 56 22 hade
600 1235 67 27 jemnt
680 1234 31 21 tio
725 1233 109 28 tjensteär,

77 1269 41 21 och
140 1271 32 18 att
194 1269 62 20 dessa
278 1268 38 21 vid
338 1269 37 20 sitt
397 1268 84 21 inträde
499 1269 7 20 i
526 1269 119 27 statstjenst
666 1267 55 21 hade
742 1266 92 29 uppnätt

78 1310 80 14 samma
173 1302 100 27 äldersär,
289 1309 45 14 som
350 1302 26 21 de
392 1302 71 21 direkt
477 1303 8 20 i
500 1302 129 21 statsskolan
644 1301 125 22 inträdande
780 1301 54 20 lära-

78 1344 50 13 rene
150 1337 116 21 innehafva
288 1336 55 21 efter
357 1337 31 20 tio
403 1336 109 28 tjensteär,
527 1336 24 21 sä
566 1336 68 21 skulle
649 1335 139 21 förenämnde
804 1335 30 20 lä-

78 1378 52 19 rare,
145 1378 77 20 genom
238 1373 32 18 att
285 1370 62 21 deras
362 1370 111 28 tjenstetid
484 1371 8 19 i
502 1370 128 20 statsskolan
641 1369 134 21 förkortades
785 1368 50 22 med

78 1404 38 22 tvä
131 1404 142 29 sjundedelar,
291 1404 148 21 ästadkomma
453 1411 26 14 en
495 1405 95 27 stegring
605 1404 6 20 i
626 1404 49 21 hela
690 1403 79 21 antalet
783 1410 53 21 pen-

80 1439 138 27 sionstagare,
232 1446 47 13 som
294 1438 62 21 stode
371 1439 7 20 i
393 1439 125 27 proportion
533 1438 23 21 af
572 1439 10 20 7
598 1438 33 20 till
644 1438 18 21 5.
686 1437 52 21 Men
749 1444 34 14 om
794 1436 41 21 ock
