1064 1678
240 159 13 20 8
408 158 262 23 Motionsbetänkande
686 158 45 23 N:o
747 159 23 22 3.

211 223 40 19 net
267 224 29 18 än
311 220 37 22 för
363 221 144 22 motionären
526 221 55 22 eller
596 229 40 14 ens
653 221 37 22 för
705 223 34 20 ett
753 221 216 29 landtdagsutskott

211 262 55 15 vore
289 255 87 29 möjlig.
406 255 94 22 Förbud
521 256 43 22 och
580 256 269 29 ansvarsbestämningar
864 259 38 18 äro
918 255 51 22 icke

211 289 36 22 till
263 289 69 28 fylles
346 289 38 22 för
395 290 126 22 ernåendet
533 290 26 22 af
567 290 39 22 det
618 290 95 22 afsedda
724 290 138 22 ändamålet.
877 290 94 22 Främst

212 323 114 22 erfordras
349 324 59 22 vissa
429 324 291 29 normativbestämningar
739 324 121 29 angående
879 324 90 29 fartygs

212 358 168 29 sjömässighet,
404 358 43 22 och
470 358 37 22 för
530 361 34 19 att
580 359 27 21 de
623 359 91 21 införda
730 358 160 30 stadgandena
906 358 65 22 skola

213 392 125 29 behörigen
354 392 139 29 efterlefvas,
504 394 73 21 måste
587 393 120 22 föreskrift
717 394 70 21 också
796 393 76 22 finnas
884 393 85 26 därom,

213 426 95 22 hvilken
323 427 138 29 myndighet
476 427 40 22 det
531 427 89 30 åligger
636 429 34 20 att
681 427 109 22 häröfver
802 427 64 22 hålla
875 427 96 29 uppsigt

213 461 43 21 och
272 461 122 22 huruledes
410 461 76 22 denna
500 462 96 29 uppsigt
610 462 60 21 skall
690 461 152 22 handhafvas.
874 461 42 22 Om
932 461 39 22 det

213 495 94 29 stadgas
323 498 35 19 att
372 496 85 29 fartyg,
473 496 8 21 i
496 496 110 21 händelse
617 496 39 22 det
668 496 20 30 ej
700 496 43 22 är
735 491 13 39 i
754 496 133 29 sjömässigt
898 495 71 28 skick,

214 529 64 26 »icke
300 531 38 20 mä
360 530 97 22 anträda
476 538 74 19 resan,
572 531 78 21 förrän
672 531 88 21 bristen
780 530 134 29 afhjälpts*,
930 530 41 21 bör

213 564 39 21 väl
275 564 77 22 tillika
372 565 159 28 uttryckligen
554 565 144 26 bestämmas,
720 565 96 22 hvilken
832 565 139 28 myndighet

215 605 53 22 eger
289 599 120 22 förhindra
424 599 104 28 fartyget
543 602 34 19 att
591 599 80 29 utlöpa
686 599 43 22 och
744 599 59 22 huru
818 599 81 22 redare
915 599 56 21 eller

214 633 158 22 befälhafvare
394 635 36 20 må
453 634 57 21 söka
528 633 115 22 häfvande
659 633 26 22 af
698 634 56 21 slikt
768 633 91 28 förbud,
875 633 41 22 där
932 633 39 21 det

213 667 74 22 finnes
309 675 57 14 vara
388 668 135 22 förhastadt.
554 669 49 21 Och
626 668 44 22 den
693 669 24 21 åt
734 668 89 28 sjöman
839 667 132 29 föreslagna

214 702 143 28 rättigheten
382 704 34 20 att
438 702 77 22 lämna
537 702 110 29 fartyget,
670 702 30 22 då
725 702 64 22 detta
812 705 39 23 ,är
866 703 7 21 i
888 702 83 21 sådant

215 736 72 28 skick,
311 739 34 19 att
368 736 40 22 det
429 737 41 21 bör
493 744 65 14 anses
577 737 121 28 lifsfarligt
712 739 36 19 att
762 736 94 22 därmed
872 736 97 27 färdas",

216 770 75 22 skulle
312 771 38 21 väl
372 771 8 21 i
403 771 178 29 tillämpningen
603 772 92 21 komma
718 773 35 19 att
772 771 73 21 sakna
860 770 32 22 all
907 770 63 29 bety-

215 804 70 26 delse,
301 805 29 21 då
346 805 132 22 densamma
493 806 93 28 gjordes
602 805 112 22 beroende
730 805 27 21 af
768 805 127 29 utredning
910 804 61 22 inför

215 839 100 22 domstol
330 840 56 21 eller
400 840 42 22 hos
456 840 91 26 konsul,
564 844 54 18 enär
633 840 177 22 föreställandet
825 840 25 21 af
860 847 29 14 en
900 839 70 22 sådan

215 874 126 28 utredning
362 874 129 29 säkerligen
514 875 74 21 skulle
612 874 94 30 erbjuda
728 874 50 22 helt
797 874 72 22 andra
884 874 88 28 svårig-

216 908 65 22 heter
296 908 43 22 och
355 909 132 29 omgångar,
503 912 30 18 än
547 909 124 29 bevisning
686 916 37 15 om
739 909 106 29 ågången
860 908 112 22 misshan-

216 942 38 22 del
283 942 56 22 eller
368 943 102 21 erhållen
496 943 98 29 otjänlig
616 944 60 26 kost,
698 943 112 22 hvarmed
830 942 143 22 förstnämda

216 977 175 29 omständighet
406 978 8 20 i
429 978 118 21 motionen
562 978 120 22 likställes.

285 1011 121 22 Förutsatt
421 1012 69 21 äfven
506 1014 34 19 att
555 1012 119 29 omfånget
689 1012 27 22 af
728 1011 28 22 de
771 1011 203 29 lagförändringar

216 1045 145 22 motionären
383 1046 88 29 åsyftar
491 1046 51 21 icke
558 1046 74 22 skulle
647 1046 82 22 kräfva
744 1046 56 21 vida
815 1053 62 14 mera
892 1045 81 22 omfat-

217 1079 69 22 tande
302 1080 165 22 förberedelser
482 1083 30 19 än
527 1080 121 22 Utskottet
664 1081 43 21 och
718 1080 132 22 Ständerna
860 1084 39 17 äro
901 1075 13 38 i
930 1080 45 21 till-

217 1113 56 22 fälle
289 1116 35 19 att
338 1121 60 22 egna
413 1115 76 21 denna
498 1115 73 28 fråga,
581 1117 70 26 utgör
662 1115 59 21 dock
730 1115 72 21 redan
813 1114 162 28 författnings-

217 1148 124 29 förslagets
363 1148 59 22 form
446 1151 34 19 ett
502 1149 82 22 hinder
599 1149 36 22 för
650 1149 51 22 dess
717 1149 177 28 godkännande.
924 1148 50 21 Den

217 1182 183 29 hufvudsakliga
414 1183 26 22 af
453 1183 28 22 de
496 1183 179 29 bestämningar,
690 1183 81 22 hvilka
784 1183 115 28 inpassats
912 1183 8 21 i
931 1183 44 20 den

218 1224 31 14 nu
266 1217 108 28 gällande
389 1217 80 29 lagens
486 1220 54 25 text,
557 1218 55 21 eller
627 1217 139 30 stadgandet
782 1225 37 14 om
838 1224 84 15 ansvar
940 1216 36 21 för

218 1251 88 28 redare,
328 1259 48 14 som
397 1252 110 21 utsänder
522 1252 56 22 eller
592 1252 104 22 försöker
710 1254 36 20 att
760 1251 100 22 utsända
875 1251 79 28 fartyg
969 1250 7 21 i

219 1285 40 22 det
279 1286 66 21 skick
367 1288 35 20 att
423 1287 90 22 lifsfara
535 1287 36 21 för
593 1287 164 28 besättningen
782 1290 25 17 är
827 1285 36 22 för
878 1285 98 24 handen,

221 1320 76 22 skulle
319 1320 119 29 nämligen
460 1321 70 22 hafva
553 1321 35 22 sin
611 1323 61 20 rätta
690 1321 68 29 plats,
774 1320 50 21 icke
840 1320 7 21 i
863 1319 114 29 sjölagens

222 1356 25 20 17
264 1355 21 26 8,
305 1354 94 22 hvarest
416 1354 58 22 talas
490 1362 37 14 om
542 1355 91 21 redares
649 1354 151 22 ekonomiska
815 1353 162 29 förpligtelser,

220 1390 57 19 utan
301 1388 9 21 i
334 1389 78 29 någon
435 1390 12 27 &
470 1390 26 21 af
516 1389 84 22 nämda
622 1389 50 29 lags
694 1389 74 21 första
787 1388 126 28 afdelning,
929 1394 47 14 som

221 1422 100 22 handlar
344 1430 36 14 om
399 1423 91 29 fartyg;
512 1424 121 22 hvarutom
649 1423 52 22 med
716 1424 130 20 motionens
861 1422 118 28 lagenliga

221 1456 145 30 behandling
380 1458 51 21 icke
447 1465 54 14 vore
516 1458 117 28 förenligt,
654 1460 34 19 att
702 1458 8 20 i
726 1457 114 22 särskilda
856 1456 72 22 andra
942 1456 37 21 de-

296 1497 130 23 Lagutskottets
438 1498 109 18 betänkande
558 1498 38 18 N:o
609 1498 16 17 9.
