1070 1667
290 126 244 23 Petitionsbetänkande
549 127 38 22 N:o
603 126 36 23 20.
795 128 26 21 21

94 198 22 16 de
134 197 42 22 dyra
194 196 188 18 lefnadskostnaderna
397 197 5 16 i
419 196 111 22 Helsingfors
543 196 59 18 säkert
615 196 27 18 för
654 196 75 18 flertalet
741 197 20 17 af
771 197 80 17 eleverna

94 226 57 17 skulle
169 228 42 20 göra
224 231 21 11 en
257 225 70 17 vistelse
339 225 28 17 vid
379 225 94 22 reallyceet
485 226 5 16 i
503 225 112 22 Helsingfors
627 226 84 22 antingen
724 226 73 22 omöjlig
809 225 42 18 eller

95 254 107 18 åtminstone
214 256 62 20 ytterst
287 254 44 17 svår.

164 282 68 18 Genom
250 285 26 14 att
294 282 27 17 vid
339 282 60 22 Borgå
418 282 67 22 lyceum
502 282 90 18 utsträcka
604 282 34 18 den
651 283 48 17 reala
710 283 56 22 linjen
778 283 26 17 till
817 283 34 17 och

95 311 39 18 med
152 311 108 18 läroverkets
278 310 72 18 åttonde
363 311 52 21 klass,
430 310 56 18 skulle
499 317 24 11 nu
535 311 91 18 därstädes
639 318 21 11 en
673 312 91 22 möjlighet
776 311 74 18 beredas

95 341 28 16 för
135 340 81 17 eleverna
228 340 22 22 på
262 340 34 17 den
308 340 47 17 reala
367 340 55 21 linjen
434 339 40 17 icke
485 340 47 17 blott
544 340 28 17 vid
586 340 68 22 lyceum
666 340 6 17 i
680 340 60 23 Borgå
749 343 41 15 utan
799 340 52 18 äfven

95 369 28 17 vid
141 368 103 18 läroverken
259 368 5 18 i
277 368 79 22 Wiborg,
371 368 64 18 Lovisa
447 368 34 18 och
493 368 71 18 Ekenäs
577 371 26 15 att
615 371 96 19 yttermera
724 369 77 22 fullfölja
813 369 38 17 sina

95 398 72 17 studier.

163 425 39 18 Den
215 426 55 21 årliga
282 425 97 18 kostnaden
392 425 61 17 härför
465 425 59 18 blefve
534 425 129 22 jämförelsevis
671 426 68 22 ganska
747 427 55 21 ringa.
822 425 29 18 Då

95 459 68 18 lyceum
175 455 6 16 i
193 455 59 22 Borgå
265 453 88 19 allaredan
365 454 32 17 har
409 460 22 11 en
444 454 46 17 lokal
500 455 39 16 med
549 455 102 22 tillräckligt
659 457 86 20 utrymme
754 455 27 17 för
787 454 63 23 ifräga-

96 484 65 17 komna
173 483 80 18 ändamål
266 483 33 17 och
311 483 89 18 dessutom
414 483 27 17 för
454 483 148 22 undervisningen
615 483 64 23 nödiga
691 484 100 23 samlingar,
801 483 49 18 kom-

96 519 27 11 me
141 513 55 22 några
214 512 62 17 vidare
293 512 95 17 kostnader
406 512 60 17 härför
484 512 40 17 icke
541 513 5 16 i
565 512 54 22 fråga.
643 512 39 17 Den
696 512 45 18 enda
752 511 99 19 kostnaden

95 541 57 18 skulle
170 541 50 18 bestå
238 541 6 16 i
261 541 76 17 arvoden
351 541 17 16 åt
380 541 67 20 lyceets
458 541 56 17 lirare
526 541 28 17 för
567 541 21 17 de
601 543 50 15 extra
663 541 74 21 timmar,
751 541 60 17 hvilka
822 541 28 17 sä-

95 570 54 17 lunda
161 570 105 17 tillkomme.
284 569 26 22 Ty
322 569 55 22 några
388 569 57 18 lärare
458 569 69 18 utöfver
539 570 21 17 de
573 576 23 11 nu
609 570 28 17 vid
649 570 58 21 lyceet
715 569 85 18 anställda
808 575 43 11 vore

96 599 39 17 icke
151 599 19 17 af
186 599 62 17 nöden.
274 598 60 23 Enligt
347 598 115 17 meddelande
475 599 40 16 från
528 598 40 17 fullt
580 599 103 22 kompetent
695 598 36 17 håll
743 598 56 18 skulle
811 597 40 18 hela

95 628 105 20 kostnaden,
219 627 53 18 sedan
290 627 143 22 utsträckningen
451 627 21 17 af
485 627 34 18 den
532 627 47 18 reala
591 627 54 22 linjen
658 627 110 22 fullständigt
779 632 71 17 genom-

96 656 49 21 förts,
157 657 59 22 uppgå
228 656 26 17 till
267 656 61 17 endast
340 655 187 18 femtusensexhundra
539 656 49 17 mark
602 655 26 18 för
641 656 43 17 året.

164 685 26 17 På
208 685 56 22 grund
282 685 20 17 af
317 685 30 17 det
364 684 74 17 anförda
456 685 34 17 och
508 685 22 17 då
546 686 5 16 i
564 684 109 18 närvarande
684 684 25 17 tid
722 684 60 21 hvarje
794 683 56 22 lofligt

96 713 63 22 medel,
177 719 38 12 som
233 713 35 17 kan
286 713 83 17 förskaffa
387 713 38 17 vårt
442 713 37 18 folk
492 713 46 17 ökad
551 713 87 22 kunskap,
652 713 33 17 bör
697 713 95 22 begagnas,
803 712 19 17 få
834 712 17 17 vi

96 742 89 18 vördsamt
202 741 76 23 anhålla,
298 745 25 14 att
340 742 148 21 Borgareståndet
506 742 40 17 ville
565 742 68 17 skänka
648 742 30 17 sitt
693 741 94 18 understöd
799 741 18 17 åt
829 746 22 12 en

97 771 74 22 petition
184 773 5 14 i
202 771 30 17 det
244 771 53 22 syfte,

371 816 29 17 att
415 817 33 16 den
463 815 50 18 reala
530 815 56 23 linjen
598 815 31 18 vid
640 815 63 24 Borgå
716 815 67 24 lyceum
794 814 57 18 måtte

302 844 103 18 utsträckas
419 844 70 23 jämväl
504 849 62 18 genom
578 844 20 18 de
610 843 112 20 återstående
733 844 45 23 fyra
789 843 62 24 högsta

303 873 90 18 klasserna
407 873 24 22 af
440 873 49 17 detta
502 873 87 18 läroverk.

166 920 111 22 Helsingfors
289 920 34 17 den
336 920 9 17 7
358 919 77 18 februari
448 919 50 18 1891.

165 965 67 22 Arvid
247 965 91 28 Nyberg.
615 965 76 22 Theod.
707 964 75 23 Lindb.

165 1131 66 22 XVI.

166 1164 151 34 (Öfversättning.)
846 1187 5 6 a

283 1217 44 21 Till
341 1217 133 22 hedervärda
490 1217 169 21 Bondeständet.

164 1268 61 18 Ehuru
244 1269 83 22 styrelsen
345 1269 5 17 i
368 1268 117 18 betraktande
498 1269 17 17 af
529 1268 126 22 folkmängden
667 1268 6 17 i
685 1268 40 18 värt
737 1268 41 17 land
790 1268 24 22 pä
826 1270 26 14 ett

95 1298 112 16 herömvärdt
224 1300 34 15 sätt
275 1298 58 22 dragit
348 1297 71 23 försorg
433 1303 29 11 om
479 1297 106 18 inrättandet
597 1297 18 17 af
627 1297 128 21 läroanstalter,
769 1296 84 18 särskildt

95 1326 20 17 af
125 1326 72 22 sådana,
211 1332 38 12 som
261 1326 37 18 afse
310 1326 29 18 det
351 1326 55 22 högre
418 1326 180 22 bildningsbehofvet,
612 1326 95 18 förefinnas
719 1325 46 18 dock
773 1324 80 18 härutin-

95 1360 34 12 nan
142 1355 54 21 några
212 1355 162 17 missförhållanden
387 1355 34 17 och
433 1355 69 17 brister.
524 1355 56 17 Bland
593 1355 50 17 dessa
655 1354 165 18 missförhållanden
832 1355 20 15 är

95 1383 34 22 det,
143 1383 30 17 det
185 1386 44 15 mest
241 1384 6 16 i
259 1386 69 20 ögonen
341 1383 81 20 fallande,
435 1386 24 14 att
468 1384 38 17 s.
495 1378 17 33 k.
518 1384 86 17 klassiska
615 1384 58 21 lyceer
684 1383 6 17 i
701 1383 39 17 vårt
748 1382 40 18 land
796 1382 57 17 finnas

97 1412 26 21 16,
138 1412 22 16 då
177 1412 80 18 däremot
268 1412 127 21 reallyceernas
407 1412 47 17 antal
466 1412 62 18 endast
541 1412 67 22 uppgår
619 1412 26 17 till
658 1413 16 18 4,
686 1415 45 14 samt
743 1414 25 14 att
780 1410 22 18 de
814 1410 38 18 sist-

94 1440 82 22 nämnda,
195 1441 79 22 förlagda
291 1446 37 12 som
344 1440 21 18 de
383 1443 31 15 äro
433 1441 27 17 till
476 1440 83 18 städerna
571 1434 47 28 Åbo,
632 1440 125 22 Tammerfors,
770 1439 82 22 Helsing-

163 1474 99 18 Allmänna
273 1474 174 18 Besvärsutskottets
458 1473 110 19 betänkande
580 1474 34 18 N:o
626 1473 29 18 21.
