1064 1661
245 119 28 21 24
436 119 246 22 Petitionsbetänkande
697 119 38 22 N:o
744 117 25 23 7.

217 187 63 22 skola
300 188 48 20 med
367 187 7 21 i
390 188 72 27 någon
478 188 50 21 mån
544 187 156 22 ambulatorisk
716 187 111 29 karaktär,
845 187 86 23 hvartåt
947 187 29 22 äf-

216 229 42 14 ven
275 221 107 28 exemplet
397 222 48 21 från
462 229 66 14 norra
544 222 87 27 Sverige
646 222 74 28 syftar.

285 325 73 22 Under
380 328 88 19 senaste
484 326 71 21 läseår
570 326 56 21 hade
642 326 81 27 landet,
739 328 60 19 utom
815 326 14 21 4
845 326 130 26 seminarier,

216 358 254 29 folkskoleinrättningar
492 360 6 21 i
517 360 101 28 samtliga
634 361 72 21 städer
721 361 50 20 med
786 367 26 14 en
829 360 110 21 lärarekår
954 360 26 22 af

217 394 43 21 533
279 400 104 21 personer
401 395 40 20 och
457 397 31 19 ett
504 394 108 22 elevantal
627 395 129 27 uppgående
773 394 31 21 till
823 395 76 26 18,050
915 394 61 21 barn.

216 427 40 22 Vid
272 435 82 14 samma
369 429 32 21 tid
416 435 52 15 voro
483 429 29 27 på
526 429 150 28 landsbygden
691 429 8 21 i
713 428 138 22 verksamhet
867 429 42 22 825
924 429 52 26 hög-

215 468 24 15 re
261 461 120 23 folkskolor
403 463 50 22 med
476 464 42 21 852
533 463 71 22 lärare
627 463 40 22 och
689 463 123 22 lärarinnor
827 466 56 18 samt
898 464 76 26 32,057

216 496 76 23 elever.
322 497 78 22 Denna
422 497 123 28 utveckling
566 498 39 21 har
628 499 48 20 vårt
699 497 202 22 folkskoleväsende
923 505 52 14 vun-

216 531 32 21 nit
266 532 69 21 under
354 539 27 14 en
396 532 96 28 tidrymd
508 532 24 21 af
544 533 29 21 25
588 533 24 20 år
628 535 53 18 utan
696 534 33 20 att
745 533 68 26 några
827 533 148 26 tvångsåtgär»

216 566 38 20 der
276 565 74 22 behöft
366 566 84 22 anlitas.
466 579 28 3 —
508 566 61 22 Skall
584 566 114 22 resultatet
713 573 63 15 anses
791 573 53 15 vara
859 566 116 22 otillfreds-

218 600 127 22 ställande?

285 634 31 22 Så
338 635 77 21 tänkte
435 636 131 21 åtminstone
582 636 48 21 icke
646 635 107 28 skaparen
769 635 24 21 af
806 636 39 21 vår
859 634 114 26 folkskola,

215 668 49 22 Uno
280 668 120 28 Cygnaeus.
431 670 33 21 Då
479 670 43 21 han
538 670 29 28 på
582 670 32 21 sin
631 670 72 21 ålders
719 669 89 21 senhöst
818 669 109 22 afslutade
939 670 37 21 det

215 704 78 27 sjunde
311 704 111 22 allmänna
437 704 177 22 folkskolemötet
628 705 7 21 i
650 704 87 22 Ekenäs
753 704 74 28 (1887)
843 704 39 21 och
893 704 6 20 i
911 704 62 21 käns-

215 738 37 21 lan
275 738 25 22 af
319 741 33 19 att
372 739 43 21 han
432 739 33 21 för
488 740 52 20 sista
560 740 85 26 gången
660 740 38 26 såg
713 739 48 21 sina
776 738 149 22 medarbetare
941 738 32 21 för

215 772 134 22 folkskolans
370 774 40 20 sak
433 773 95 22 samlade
544 774 63 26 kring
622 774 38 26 sig,
676 773 91 22 kastade
783 780 26 14 en
825 772 105 22 återblick
945 773 30 27 på

216 808 36 20 det
266 807 128 28 förgångna,
410 809 86 26 yttrade
511 808 43 21 han
571 808 28 21 bl.
616 815 26 14 a.:

286 841 50 26 »Då
348 842 40 28 jag
403 842 7 21 i
425 842 83 21 minnet
523 842 118 21 återkallar
656 843 63 20 dessa
735 841 56 22 tider
806 841 34 22 för
855 843 32 20 ett
897 841 78 28 fjärde-

215 875 47 22 dels
278 876 59 21 sekel
352 877 67 21 sedan
435 877 110 21 äfvensom
562 877 41 21 den
619 876 198 27 omständigheten,
833 878 32 19 att
881 877 26 20 de
918 875 59 28 prin-

215 910 62 27 ciper
292 911 41 21 och
348 911 86 28 tankar,
450 912 28 27 på
493 911 75 22 hvilka
583 912 47 21 vårt
646 911 202 21 folkskoleväsende
863 912 25 19 är
903 910 72 28 bygdt,

215 945 60 20 ännu
298 946 28 21 då
346 945 82 28 ganska
444 946 90 21 allmänt
549 945 117 22 bedömdes
682 946 71 21 såsom
768 945 87 27 utopier
870 945 41 21 och
925 945 51 21 luft-

215 979 58 27 slott,
296 979 74 22 hvilka
393 980 71 27 aldrig
485 980 85 21 komme
590 982 34 19 att
639 980 154 27 förverkligas;
810 980 28 20 då
850 979 39 28 jag
904 979 72 21 därtill

215 1015 63 25 tager
294 1015 49 20 med
359 1014 8 21 i
382 1015 127 26 räkningen,
526 1017 32 18 att
574 1015 39 20 hos
628 1021 35 15 oss
678 1014 47 21 icke
737 1014 103 21 existerat
851 1013 126 28 någotslags

215 1047 122 28 skoltvång,
361 1049 57 21 erfar
436 1049 39 27 jag
490 1049 70 21 såsom
576 1049 45 21 ofta
636 1049 58 21 förut
709 1055 27 15 en
753 1048 77 21 känsla
845 1049 70 20 sådan
931 1055 45 14 som

215 1083 49 25 den,
289 1083 28 21 då
340 1090 50 14 man
414 1084 46 20 står
481 1083 57 21 inför
560 1085 32 20 ett
612 1083 97 21 Herrans
725 1083 76 25 under,
818 1083 39 21 och
873 1083 69 21 finner
957 1083 19 26 ej

215 1116 129 28 lämpligare
366 1118 86 26 uttryck
475 1118 33 20 för
532 1118 72 20 denna
627 1117 82 26 känsla,
727 1118 28 20 än
771 1118 64 20 dessa
849 1116 128 28 lärjungens

215 1152 39 20 ord
269 1152 36 20 vid
321 1152 36 20 det
373 1154 59 19 stora
446 1152 140 27 fiskafänget:
603 1152 61 21 Gack
679 1152 56 21 ifrån
752 1152 49 26 mig,
819 1152 73 24 Herre,
903 1151 39 27 jag
953 1152 24 20 är

215 1192 28 14 en
260 1186 76 27 syndig
351 1186 134 22 menniska.''

287 1220 147 26 »Folkskolan
450 1221 7 21 i
472 1221 94 21 Finland
581 1221 40 21 har
636 1220 48 22 sina
699 1220 134 27 sekelgamla
849 1221 68 19 rötter
931 1220 8 20 i
949 1220 27 20 de

214 1254 72 22 finska
308 1255 99 22 hemmen
426 1255 40 22 och
481 1256 6 20 i
503 1256 60 20 detta
578 1255 102 21 afseende
695 1255 47 21 står
756 1254 71 22 finska
842 1254 68 22 folket
926 1254 8 20 i
949 1260 26 14 en

215 1289 99 27 omätligt
337 1292 46 18 stor
397 1289 212 22 tacksamhetsskuld
625 1289 32 21 till
673 1290 36 20 sitt
726 1288 146 28 presterskap,
889 1288 87 21 hvilken

215 1322 64 22 skuld
294 1324 71 27 aldrig
380 1324 33 21 får
428 1324 110 27 glömmas.
554 1336 28 3 —
597 1324 49 20 Men
663 1324 71 21 såsom
746 1330 26 14 en
784 1323 57 21 skild
852 1322 124 22 institution

214 1357 44 21 kan
282 1365 50 14 man
357 1358 41 22 ock
421 1358 59 22 kalla
498 1358 122 22 folkskolan
636 1358 8 21 i
659 1358 95 21 Finland
769 1360 32 19 ett
815 1358 54 20 barn
884 1357 31 27 af
926 1357 50 27 går-

214 1391 78 28 dagen;
311 1395 23 25 ty
352 1393 28 22 25
395 1393 25 21 år
434 1393 25 21 af
471 1395 31 20 ett
516 1393 56 22 folks
588 1392 26 21 lif
627 1393 37 20 äro
680 1393 52 26 föga
748 1399 45 15 mer
808 1393 28 20 än
852 1399 26 14 en
895 1392 42 27 dag
953 1390 26 21 af

213 1426 124 22 individens
352 1427 64 22 korta
430 1428 108 21 tillvaro.'*

283 1467 100 18 Allmänna
395 1467 173 19 Besvärsutskottets
580 1468 108 19 betänkande
699 1468 36 19 N:o
748 1468 31 17 20.
