1064 1675
305 140 263 23 Motionsbetänkande
586 140 45 23 N:o
647 141 23 22 2.
825 142 13 20 3

316 203 42 17 Med
375 203 130 23 upphäfvande
523 203 24 22 af
561 203 24 17 10
603 203 13 23 $
630 204 13 16 5
654 203 48 23 Kap.
719 203 20 17 U.
752 203 22 17 B.
787 203 32 17 och
832 203 13 17 3
856 204 13 22 $

248 232 24 17 16
283 231 47 23 Kap.
343 232 22 17 H.
381 232 19 17 B.
413 234 49 15 samt
479 232 80 22 ändring
578 232 23 22 af
616 232 101 23 Kejserliga
734 232 135 22 förordningen

245 260 24 22 af
283 260 35 17 den
338 260 26 17 23
382 260 41 17 Juli
440 261 57 21 1868,
516 260 93 23 angående
619 261 99 22 gäldenärs
730 260 100 23 skyldighet
842 262 26 15 att

248 289 32 17 vid
292 289 92 17 bristande
396 288 78 23 tillgång
486 289 70 22 aftjena
574 289 31 17 sin
623 289 53 17 skuld
692 289 41 17 med
750 289 59 17 arbete
826 289 43 17 eller

248 317 70 22 derföre
330 317 81 22 undergå
424 317 110 23 bysättning,
553 317 31 18 och
597 317 26 18 90
634 318 13 22 $
659 318 8 17 i
678 317 158 23 konkursstadgan
848 317 24 22 af

248 346 34 17 den
299 347 11 16 9
328 346 99 17 November
445 347 56 21 1868,
521 347 78 22 stadgas,
611 348 26 16 att
649 346 57 23 ingen
718 346 107 22 hädanefter
836 346 33 17 må

248 375 64 17 dömas
325 377 26 15 att
362 375 42 17 med
415 375 59 17 arbete
486 375 28 18 till
526 375 148 22 fordringsegarc
686 375 70 23 aftjena
768 375 48 22 gäld,
838 375 30 17 till

249 403 55 18 hvars
316 403 93 18 betalande
422 409 66 12 annan
499 404 78 23 tillgång
588 404 80 17 saknats.

181 449 116 23 Helsingfors,
310 450 35 17 den
358 449 22 18 29
392 449 73 18 Januari
478 450 49 18 1891.

544 502 21 17 A.
581 507 42 12 von
638 501 162 22 Weissonberg.

183 685 51 21 Den
256 684 89 22 fordom
370 685 97 21 allmänt
493 686 100 21 erkända
615 685 142 28 rättigheten
773 684 36 22 för
824 684 46 22 for-

115 718 150 29 dringsegare
282 722 39 24 att,
343 719 2 21 i
362 719 111 21 händelse
488 720 141 28 gäldenären
645 719 101 22 saknade
770 719 100 28 tillgång

115 756 35 18 att
164 753 101 29 fullgöra
280 754 119 28 ingången
415 754 148 27 förbindelse,
579 754 62 22 hålla
657 754 36 28 sig
708 754 36 21 till
753 754 57 21 hans
819 761 51 21 per-

115 795 41 14 son
179 788 41 21 har
243 788 8 21 i
274 788 28 21 de
324 788 66 22 flesta
412 788 93 22 länders
528 789 59 21 älsta
611 788 150 29 lagstiftning
786 788 84 21 försatt

115 822 141 29 gäldenären
278 822 8 21 i
309 824 33 19 ett
363 825 73 18 större
459 823 56 21 eller
538 823 88 21 mindre
649 822 96 22 ofrihets
764 822 106 21 tillstånd

115 859 119 26 gentemot
249 856 210 29 fordringsegaren,
490 857 104 21 Härutur
609 857 71 21 hafva
695 857 65 21 såväl
782 856 88 28 bysätt-

115 890 186 29 ningsfängelset
324 898 48 14 som
396 891 175 28 arbetstvånget
593 891 122 28 framgått;
740 891 43 21 och
799 890 73 27 ehuru

115 925 67 22 dessa
197 925 35 21 uti
246 925 42 21 vår
303 933 32 13 nu
350 925 109 28 gällande
475 925 149 29 lagstiftning
639 926 8 20 i
662 927 78 19 ämnet
749 925 55 21 eller
816 924 56 29 Kej-

115 960 86 28 serliga
222 959 166 29 förordningen
405 959 44 22 den
473 961 26 20 23
519 959 44 29 juli
581 961 59 26 1868,
657 959 120 28 angående
793 959 78 28 gälde-

115 998 54 17 närs
185 994 136 28 skyldighet
336 996 36 19 att
386 994 41 21 vid
444 994 117 21 bristande
582 993 234 29 betalningstillgång
840 993 32 22 af-

116 1029 64 28 tjäna
197 1029 35 20 sin
249 1028 69 21 skuld
334 1028 52 21 med
403 1029 79 21 arbete
498 1029 55 20 eller
569 1028 78 21 därför
661 1028 105 28 undergå
784 1028 88 28 bysätt-

115 1063 64 28 ning,
196 1063 142 22 förekomma
354 1063 7 21 i
378 1071 29 13 en
422 1063 95 28 mycket
532 1063 134 21 förmildrad
680 1062 65 27 form,
757 1062 62 21 hälst
827 1061 45 22 den

114 1097 88 29 redlige
211 1097 141 29 gäldenären
360 1097 92 29 undgår
465 1097 116 22 desamma
591 1105 84 21 genom
683 1099 34 19 att
723 1097 36 21 till
768 1097 104 21 konkurs

115 1132 96 28 upplåta
220 1132 40 21 sitt
269 1132 35 28 bo,
314 1132 66 21 torde
388 1132 40 21 det
436 1132 59 22 dock
505 1132 115 28 knappast
628 1139 56 14 vara
698 1131 84 22 tvifvel
790 1131 83 21 under-

115 1166 99 27 kastadt,
232 1168 34 19 att
281 1166 85 22 nämda
382 1166 219 27 exekutionsmedel,
617 1166 80 21 hvilka
723 1165 151 21 annorstädes

116 1200 71 22 redan
203 1201 67 27 långt
284 1200 153 22 härförinnan
455 1203 87 19 ansetts
558 1200 125 29 olämpliga
698 1200 75 21 såsom
787 1199 87 21 sådana

117 1235 43 21 och
175 1234 62 29 förty
253 1235 129 27 afskaffats,
398 1235 19 28 ej
435 1235 74 21 heller
531 1234 42 22 hos
597 1242 36 14 oss
649 1241 94 15 numera
758 1234 116 28 uppbäras

117 1269 27 21 af
157 1269 39 21 det
212 1269 117 21 allmänna
344 1269 226 21 rättsmedvetandet
585 1271 60 19 samt
660 1271 34 18 att
710 1268 66 21 deras
784 1270 91 19 utmön-

117 1303 93 21 strande
238 1303 68 21 äfven
331 1311 28 13 ur
384 1304 42 21 vår
451 1303 151 29 lagstiftning
625 1302 77 22 därför
724 1302 18 29 ej
765 1302 46 21 kan
827 1302 49 20 låta

117 1338 69 28 länge
201 1341 72 18 vänta
288 1338 30 28 på
333 1338 42 28 sig.

187 1373 11 20 I
214 1372 90 28 princip
321 1379 54 13 ense
391 1372 53 21 med
461 1372 143 21 motionären
629 1378 35 14 om
688 1370 187 22 önskvärdheten

119 1406 26 21 af
162 1409 34 18 att
210 1413 32 14 nu
272 1406 179 28 ifrågavarande
475 1405 145 29 stadganden
650 1404 119 29 angående
792 1404 84 21 arbets-

120 1441 97 28 tvånget
242 1441 55 20 eller
313 1440 124 28 gäldenärs
453 1440 135 28 skyldighet
603 1439 57 22 att
656 1433 13 40 i
682 1438 88 22 saknad
793 1437 25 22 af
838 1445 38 13 an-

190 1480 131 23 Lagutskottets
334 1479 111 18 betänkande
458 1479 38 18 N:o
509 1480 17 17 6.
