1067 1675
309 113 223 23 Petitionsbetänkande
547 114 34 21 N:o
597 115 14 20 1.
776 116 26 19 13

89 174 58 25 ning:
164 176 42 24 ,att
218 174 137 26 jernvägarne
370 174 50 20 böra
435 174 49 25 följa
499 174 40 20 den
555 177 55 17 stora
623 174 98 20 trafikens
733 175 100 19 allmänna

89 204 129 26 sträkvägar,
234 205 22 19 sä
271 206 30 17 att
317 204 39 20 den
372 204 18 25 ej
405 204 56 20 ledes
477 204 8 19 i
499 211 42 19 nya
555 205 64 19 banor
627 204 49 20 eller
687 204 66 26 gamla
763 204 69 20 trafik-

90 236 70 18 centra
179 234 95 20 beröfvas
295 233 59 21 deras
374 234 56 19 förra
448 233 155 21 trafikomräde"
627 234 38 20 och
685 234 62 20 bland
763 235 70 20 skälen

90 263 31 20 för
142 264 40 19 den
200 263 120 26 sträckning
335 263 114 21 Ständerna
471 263 108 21 förordade
599 264 32 20 för
650 264 183 26 Uleäborgsbanan

90 293 110 26 framhölls,
212 296 30 17 att
257 293 115 20 densamma
388 293 56 26 ,icke
459 294 75 20 uteslöt
549 294 130 25 möjligheten
691 296 29 17 att
731 294 46 20 leda
784 294 49 25 jom-

90 323 106 20 förelsevis
206 323 59 20 korta
280 323 85 20 bibanor
380 323 63 20 bland
458 326 63 17 annat
538 331 25 12 en
579 323 60 21 äfven
654 324 31 19 till
695 323 138 26 Nykarleby."

162 353 56 19 1882
230 354 34 19 års
278 353 182 26 Jernvägsutskott
470 353 115 27 förutsatte,
598 355 65 18 såsom
675 353 22 20 af
705 354 34 20 det
750 353 84 20 anförda

91 383 94 25 framgår,
209 385 30 17 att
259 383 25 20 de
304 383 91 26 bibanor,
413 383 72 20 hvilka
505 385 88 24 ansågos
613 383 46 20 med
681 383 154 26 nödvändighet

91 413 50 19 böra
155 412 144 25 ifrågakomma
315 414 66 19 säsom
397 419 24 14 en
431 413 158 26 komplettering
602 413 23 20 af
633 413 125 26 stambanan,
769 413 65 20 skulle

92 441 78 21 utföras
185 444 26 24 pä
227 443 117 25 ,städernas
359 443 108 20 initiativ".
493 443 100 20 Sträckan
608 443 74 20 mellan
697 443 90 26 Kovjoki
797 443 37 19 och

92 472 119 26 Nykarleby
226 474 59 24 utgör
301 473 71 19 endast
388 473 13 19 8
417 473 111 20 kilometer.
544 473 31 20 De
586 473 101 20 allmänna
697 473 138 20 kostnaderna

93 502 35 19 vid
151 509 25 13 en
199 502 63 20 sådan
282 503 87 25 jernväg
392 503 31 19 för
446 502 89 21 affärens
556 503 85 26 ledning
657 503 37 20 och
709 503 126 24 förvaltning

92 531 63 20 skildt
174 532 32 19 för
226 532 32 25 sig
277 532 66 20 skulle
363 533 60 19 ställa
437 533 33 25 sig
486 533 191 26 oproportionerligt
692 533 66 26 dryga
773 533 7 19 i
795 533 39 19 tör-

93 562 95 20 hållande
208 562 31 20 till
258 562 78 20 banans
355 562 68 26 längd.
454 563 11 19 I
485 564 66 19 likhet
566 563 47 19 med
628 566 73 17 nästan
717 563 40 20 alla
771 564 64 18 banor

93 592 37 20 hos
150 599 34 13 oss
207 594 60 23 utgör
287 592 34 20 det
341 594 29 18 ett
390 592 67 20 vilkor
476 593 31 19 för
523 593 60 20 äfven
599 593 67 19 denna
678 593 158 25 jernvägsplans

92 622 142 25 realiserande,
250 624 29 17 att
290 622 66 20 denna
371 622 74 20 bibana
460 623 80 25 bygges
556 623 38 19 ock
609 622 107 20 trafikeras
732 623 23 19 af
762 624 74 23 staten,

94 652 49 19 eller
163 652 47 19 med
230 652 63 19 andra
314 652 37 19 ord
371 652 59 25 ingår
450 652 7 19 i
473 653 204 25 Statsjernvägarnas
692 655 82 23 system.
804 652 32 19 En

93 681 125 20 förbindelse
227 681 45 20 med
280 682 181 25 Uleåborgsbanan
471 682 39 20 har
520 682 46 20 med
576 682 81 26 hänsyn
667 682 32 20 till
710 682 25 20 de
746 682 90 20 ändrade

93 710 72 20 affärs-
189 711 37 20 och
248 711 202 20 trafiktörhållanden
471 712 68 20 denna
561 712 87 20 medfört
670 712 7 19 i
701 708 135 28 Österbotten,

92 740 68 20 blifvit
180 743 30 18 ett
228 741 100 20 lifsvilkor
343 741 31 20 för
389 742 125 26 Nykarleby.
545 742 120 26 Nykarleby
681 742 58 20 stads
754 742 82 19 innevå-

93 777 49 13 nare
156 771 62 20 hafva
233 778 28 12 nu
275 771 52 25 tagit
342 771 57 20 detta
413 772 90 20 initiativ
519 772 7 19 i
541 772 90 25 ärendet,
645 772 79 20 hvilket
739 772 31 19 till
786 771 50 26 följd

95 800 23 20 af
138 801 179 25 förhandlingarna
339 801 36 20 vid
399 802 56 19 1882
477 803 34 18 års
531 802 137 19 ständermöte
688 802 68 19 kunde
777 807 59 14 anses

95 837 49 13 vara
164 830 46 19 från
231 830 58 20 deras
310 831 44 20 sida
372 831 128 26 nödvändigt
516 832 37 19 och
573 831 46 20 låtit
634 838 72 19 genom
721 831 116 25 sakkunnig

95 867 74 19 person
189 860 111 20 verkställa
320 861 154 26 undersökning
493 861 37 20 och
545 864 92 23 uppgöra
651 861 133 26 fullständiga
798 861 40 19 för-

95 890 45 25 slag
155 889 57 20 öfver
226 890 114 20 kostnaden
355 891 31 19 för
401 891 100 20 bibanans
516 891 115 26 byggande,
642 891 78 20 hvilket
730 891 108 20 kostnads-

94 919 76 26 förslag
186 919 65 20 under
265 919 150 28 förutsättning,
427 923 30 18 att
469 921 115 25 jernvägen
599 921 66 20 skulle
674 921 108 20 trafikeras
793 921 45 19 med

95 949 192 26 Uleåborgsbanans
307 950 110 20 lokomotiv
437 951 38 19 och
491 951 66 25 öfriga
571 951 76 25 rörliga
662 951 96 26 materiel,
774 951 64 19 slutar

95 979 46 19 med
162 979 93 26 317,000
275 980 63 25 mark,
356 980 103 20 äfvensom
481 987 25 13 en
525 981 149 25 uppskattning
689 981 56 20 öfver
761 981 77 19 banans

96 1009 130 25 rentabilitet,
242 1009 82 20 hvilken
339 1010 79 20 utvisar
433 1017 25 12 en
474 1010 105 20 beräknad
595 1011 52 25 årlig
658 1010 61 26 utgift
730 1010 22 20 af
761 1010 78 25 20,000

96 1038 64 26 mark,
170 1039 80 20 hvilket
258 1039 7 19 i
271 1039 70 26 hvarje
349 1039 36 20 fall
393 1040 131 26 understiger
533 1040 39 20 den
580 1040 132 26 kalkylerade
719 1041 121 19 inkomsten.

96 1068 77 19 Vidare
180 1068 62 20 hafva
250 1069 82 20 stadens
340 1069 149 26 myndigheter,
495 1070 18 19 d.
522 1077 19 13 v.
549 1077 16 13 s.
572 1070 111 20 förstärkte
690 1069 149 21 stadsfullmäk-

96 1098 43 25 tige
147 1098 38 20 och
192 1099 138 26 magistraten,
336 1099 83 20 beslutit
424 1102 36 24 att,
465 1100 32 20 för
505 1100 39 20 den
549 1100 98 20 händelse
655 1102 30 18 att
689 1100 67 20 banan
762 1100 78 20 komme

96 1130 31 17 att
145 1128 78 20 utföras
244 1128 21 20 af
285 1131 67 17 staten
372 1130 38 19 och
431 1130 108 20 trafikeras
554 1130 6 19 i
577 1130 64 20 likhet
656 1130 45 20 med
716 1130 124 25 Uleåborgs-

96 1158 74 25 banan,
191 1158 45 20 icke
256 1158 84 20 allenast
354 1159 147 20 kostnadsfritt
515 1160 84 25 upplåta
615 1160 27 20 all
656 1160 69 20 härför
741 1159 99 21 erforder-

96 1187 30 25 lig
145 1188 59 19 mark
224 1188 22 19 af
264 1188 82 20 stadens
361 1189 82 20 område
459 1192 53 17 samt
527 1190 69 19 ikläda
611 1190 72 19 staden
699 1190 40 19 alla
754 1189 65 25 öfriga
834 1189 7 19 i

97 1217 197 26 kostnadsförslaget
321 1221 106 23 upptagna
452 1219 280 26 expropriationskostnader,
757 1218 85 20 hvilken

98 1249 47 24 post
165 1248 80 25 uppgår
265 1248 31 19 till
315 1251 29 17 ett
360 1249 150 26 sammanlagdt
530 1249 73 26 belopp
619 1249 22 20 af
654 1248 93 26 omkring
763 1248 79 26 30,000

97 1277 63 26 mark,
177 1280 50 17 utan
247 1278 59 20 äfven
321 1278 79 25 utgifva
415 1281 30 17 ett
459 1279 88 20 kontant
561 1279 74 26 bidrag
650 1279 31 20 till
696 1279 79 19 banans
791 1279 50 26 byg-

100 1306 66 26 gande
181 1307 46 20 med
244 1307 76 26 50,000
336 1308 62 19 mark.

169 1337 33 19 Då
217 1337 119 26 Nykarleby
351 1338 45 19 stad
413 1338 93 26 sålunda,
522 1338 7 19 i
544 1338 142 20 medvetandet
701 1337 22 20 af
737 1337 39 20 den
787 1340 55 17 stora

100 1365 106 26 betydelse
226 1367 34 20 det
275 1374 60 13 snara
350 1367 119 20 utförandet
484 1368 23 19 af
520 1368 66 19 denna
601 1368 23 20 af
638 1368 55 19 1882
711 1368 33 19 års
755 1367 87 20 Ständer

100 1396 27 25 på
146 1398 42 17 sätt
208 1397 38 19 och
265 1397 31 19 vis
316 1397 64 20 redan
401 1397 111 20 förutsatta
531 1397 75 20 bibana
620 1398 77 19 komme
713 1400 30 17 att
759 1403 38 19 ega
812 1396 31 20 för

100 1425 83 20 stadens
198 1426 87 27 framtid,
301 1429 23 16 är
339 1427 77 20 beredd
432 1429 30 18 att
477 1427 88 25 bidraga
580 1427 31 20 till
621 1426 222 27 byggnadskostnaden

169 1465 172 23 Jernvägsutskottets
353 1466 108 19 betänkande
473 1466 36 19 N:o
522 1467 15 17 1.
