1073 1670
296 142 244 23 Petitionsbetänkande
557 144 36 21 N:o
609 142 33 22 27.
795 144 26 20 13

90 207 208 23 folkskoleväsende.
322 206 49 22 Men
386 214 35 14 om
437 207 27 20 än
481 206 77 27 hvarje
574 206 173 21 fosterlandsvän
757 206 93 21 sålunda

92 243 43 21 kan
151 242 49 21 med
215 241 72 27 glädje
302 240 71 22 blicka
389 240 92 22 tillbaka
496 242 28 26 på
540 242 36 20 det
592 240 167 22 civilisatoriska
768 240 81 25 arbete,

91 284 45 15 som
151 276 7 21 i
174 276 47 21 vårt
236 275 52 21 land
303 276 69 20 under
387 282 27 14 en
430 275 75 27 knapp
521 275 124 21 mansålder
660 275 79 21 hunnit
758 275 91 25 utföras,

89 312 68 21 måste
174 311 13 20 å
202 310 69 21 andra
287 309 61 21 sidan
365 309 119 27 medgifvas
499 312 33 18 att
547 309 77 22 härvid
632 311 59 20 ännu
701 309 85 28 mycket
794 310 54 20 åter-

91 346 45 22 står
158 347 33 19 att
207 345 58 26 göra,
281 351 35 14 om
331 344 20 20 vi
366 351 80 14 annars
462 344 53 27 vilja
529 343 110 22 bibehålla
655 344 39 21 vår
709 344 58 27 plats
782 344 67 21 bland

90 380 100 27 Europas
213 378 86 22 bildade
323 378 104 22 nationer.
465 378 33 22 De
521 379 80 27 många
623 378 34 21 till
673 378 126 22 Ständerna
813 378 36 22 vid

89 416 72 20 denna
176 414 105 26 landtdag
296 413 81 20 aflåtna
393 413 147 27 petitionerna
550 413 7 20 i
566 414 61 20 detta
635 412 54 27 syfte
698 412 59 26 bära,
766 412 82 28 jämväl

90 450 32 25 de,
138 447 135 22 vittnesbörd
296 448 80 27 därom,
398 449 33 19 att
454 447 202 28 kunskapsbegäret
679 447 39 21 hos
739 447 50 22 vårt
804 446 44 22 folk

88 483 48 22 icke
151 484 25 20 är
190 482 118 27 behörigen
324 481 140 28 tillgodosedt
479 489 79 20 genom
574 483 67 20 redan
657 482 104 27 vidtagna
776 482 72 27 åtgär-

88 519 44 25 der,
156 520 54 18 utan
237 517 64 21 söker
319 516 33 21 för
367 518 37 19 sitt
420 516 203 21 tillfredsställande
640 523 49 21 nya,
706 516 55 21 efter
776 516 71 21 tidens

88 552 50 22 kraf
151 552 115 27 afpassade
281 550 195 27 bildningsformer.

156 586 33 21 Då
212 585 100 27 samtliga
334 585 137 21 förestående
494 585 217 27 petitionsmemorial
734 584 113 22 framhålla

89 621 101 22 behofvet
207 620 24 22 af
245 620 102 27 åtgärder
362 620 89 26 därhän,
468 623 33 17 att
516 620 86 21 landets
618 620 101 27 ungdom,
733 620 28 28 på
769 620 78 27 grund-

91 657 61 21 valen
176 655 24 21 af
221 655 47 21 sina
291 655 7 20 i
313 654 122 22 folkskolan
457 654 136 21 förvärfvade
611 654 97 27 insigter,
725 656 67 20 måtte
815 661 32 15 er-

90 691 58 21 hålla
170 690 88 21 fortsatt
281 689 154 27 undervisning
458 702 28 2 —
509 695 51 15 vare
583 689 32 27 sig
636 691 32 19 att
690 690 71 20 denna
781 689 66 21 borde

89 724 134 22 omedelbart
245 725 87 20 ansluta
355 724 32 26 sig
409 723 33 21 till
463 723 188 21 folkskolekursen
670 724 52 20 eller
736 724 29 27 gå
779 726 24 18 ut
819 724 28 27 på

90 762 32 19 att
136 760 40 20 hos
192 760 41 20 den
249 758 32 22 till
298 759 65 27 något
378 758 66 26 högre
461 758 60 21 ålder
536 758 82 21 komna
633 758 122 26 ungdomen
767 758 79 21 bibrin-

88 802 28 20 ga
138 796 32 19 ett
192 793 67 21 ökadt
282 794 55 20 mått
359 792 24 22 af
404 792 182 28 allmänvetande,
611 792 45 22 dels
671 793 7 20 i
694 792 152 22 företrädesvis

88 828 105 28 praktisk,
210 828 45 21 dels
271 828 7 19 i
294 834 58 14 mera
368 826 56 22 ideel
440 826 96 27 riktning
552 839 27 3 —
594 827 40 21 har
649 827 107 21 utskottet
773 829 72 19 ansett

87 863 99 26 lämpligt
209 864 38 24 att,
265 862 48 20 med
329 861 74 27 nödigt
419 861 123 21 beaktande
562 861 24 21 af
599 861 225 28 differenspunkterna
838 861 7 20 i

88 898 26 20 de
130 897 58 21 olika
203 896 116 27 förslagen,
334 895 111 22 behandla
461 896 48 20 dem
525 895 45 22 alla
585 896 7 20 i
608 898 31 18 ett
655 895 162 28 sammanhang.

155 1040 63 21 Hvad
242 1040 133 21 vidkommer
397 1040 54 21 först
466 1040 77 26 frågan
559 1046 35 14 om
609 1039 237 28 fortbildningsunder-

86 1075 88 27 visning
196 1075 25 21 af
242 1076 42 19 den
305 1077 40 24 art,
361 1082 46 14 som
423 1075 37 20 det
476 1074 70 21 första
561 1074 238 27 petitionsmemorialet
815 1073 31 21 af-

88 1116 38 21 ser,
143 1109 41 21 har
199 1109 108 21 utskottet
322 1112 52 18 utan
390 1108 250 28 meningsskiljaktighet
655 1108 82 21 biträdt
745 1108 101 27 förslags-

88 1144 114 20 ställarens
218 1144 57 27 åsigt
291 1150 34 14 om
341 1143 100 22 behofvet
457 1143 24 21 af
494 1144 68 20 sådan
578 1143 159 27 undervisning.
766 1142 47 22 Den
823 1144 31 19 är.

87 1178 67 27 enligt
169 1178 118 21 utskottets
303 1177 65 22 tanke
384 1178 125 27 nödvändig
525 1178 48 21 icke
589 1177 57 21 blott
662 1177 78 25 därför,
757 1180 32 18 att
798 1177 49 21 bar-

86 1219 42 13 nen
143 1212 82 22 besöka
241 1212 123 22 folkskolan
380 1212 35 21 vid
431 1219 26 14 en
475 1212 67 26 ålder,
560 1213 28 20 då
603 1213 26 21 de
645 1214 60 19 ännu
720 1212 47 21 icke
778 1212 69 21 förmå

86 1246 48 21 fullt
150 1246 145 27 tillgodogöra
309 1247 32 26 sig
358 1246 40 21 allt
412 1247 37 20 det
465 1246 212 27 kunskapsmaterial
693 1248 26 19 de
735 1247 112 20 därstädes

86 1281 102 26 mottagit
204 1281 41 20 och
261 1281 7 20 i
283 1281 55 27 följd
354 1281 64 21 däraf
431 1283 61 19 snart
507 1281 95 27 glömma
611 1281 48 21 bort
667 1281 57 21 hvad
733 1281 26 21 de
768 1280 79 22 inhem-

86 1317 39 19 tat.
155 1315 33 21 En
204 1315 90 21 fortsatt
310 1315 154 27 undervisning
480 1317 24 19 är
519 1315 104 27 betingad
633 1315 182 28 hufvudsakligen
826 1315 24 21 af

87 1349 36 21 det
138 1349 54 26 skäl,
209 1352 32 18 att
258 1349 129 26 folkskolan,
403 1350 39 21 där
458 1350 7 20 i
481 1350 59 27 regel
555 1349 47 28 fyra
617 1350 138 27 afdelningar
774 1351 73 20 samti-

86 1383 46 27 digt
152 1383 122 22 handledas
289 1384 25 20 af
327 1391 26 14 en
369 1383 76 28 lärare,
465 1385 29 26 på
509 1385 42 20 den
566 1384 72 21 henne
654 1384 89 21 tillbuds
759 1385 89 20 stående

86 1417 89 27 knappa
196 1418 60 21 tiden
279 1417 24 22 af
325 1418 46 27 fyra
385 1419 25 20 år
425 1418 48 21 icke
496 1419 78 21 hinner
589 1418 138 27 fullständigt
743 1419 40 20 och
799 1419 49 20 med

86 1452 65 27 nödig
166 1452 140 27 grundlighet
321 1452 106 27 genomgå
443 1452 38 22 sitt
490 1452 158 28 läroprogram;
665 1452 88 22 hvarför
761 1452 40 21 ock
810 1459 38 14 un-

154 1490 99 18 Allmänna
268 1491 173 18 Besvärsutskottets
453 1491 111 19 betänkande
576 1492 34 18 N:o
623 1493 28 17 18.
