1073 1673
260 142 14 21 4
439 142 246 22 Petitionsbetänkande
701 142 36 22 N:o
753 141 33 23 27.

301 205 39 18 Det
358 205 54 18 torde
431 206 94 18 innebära
544 207 28 16 ett
590 206 161 18 ötverskattande
769 205 22 18 af
801 205 123 19 folkskolans
936 206 54 18 verk-

232 233 116 24 ningskraft,
368 239 31 13 om
416 240 47 12 man
481 236 82 22 antager
579 236 29 16 att
620 234 23 18 de
656 235 53 22 barn,
722 240 43 12 som
777 234 67 18 lemna
856 234 115 23 folkskolan,
984 234 7 17 i

232 262 108 18 allmänhet
352 262 107 18 innehafva
470 263 108 23 tillräcklig
590 262 89 24 förmåga
690 264 29 16 att
731 263 26 23 på
769 268 49 18 egen
831 263 57 23 hand,
902 265 48 16 utan
957 263 33 17 nå-

231 296 39 18 gon
282 291 86 23 ledning,
380 291 92 18 fortsätta
484 292 45 17 med
541 292 124 23 allvarligare
671 292 80 23 läsning
759 292 25 23 på
793 294 28 15 ett
829 291 161 24 fruktbringande

231 321 45 16 sätt.
300 319 132 19 Skriftskolan
444 321 47 17 ökar
503 320 117 24 visserligen
633 320 101 19 elevernas
747 320 62 24 insigt
820 320 5 18 i
836 320 153 24 religionsläran,

230 354 47 12 men
294 348 8 18 i
319 348 63 24 öfriga
394 351 72 16 ämnen
477 349 56 18 torde
545 349 74 18 studiet
631 349 62 18 oftast
704 349 93 18 afstanna
809 349 37 17 och
858 350 33 17 det
902 349 8 18 i
922 349 68 18 skolan

230 377 104 18 inhöstade
352 378 92 18 vetandet
462 379 55 17 snart
534 384 40 17 nog
591 378 102 23 glömmas,
707 378 22 18 så
741 378 42 17 vidt
796 378 17 23 ej
826 384 83 17 gynsam
922 378 68 24 omgif-

231 406 48 23 ning
292 406 47 17 eller
351 406 100 23 tillfälliga
464 406 123 23 inflytanden
599 407 53 17 hålla
663 407 167 23 kunskapshågen
842 407 7 17 i
861 407 128 17 verksamhet.

300 435 54 18 Utan
372 436 28 16 att
418 441 72 17 genom
508 435 33 18 det
558 435 60 23 sagda
636 435 25 18 ha
678 435 53 18 velat
743 435 8 18 i
763 435 87 23 ringaste
862 435 46 18 mån
920 435 69 18 under-

232 464 65 17 skatta
314 463 33 18 det
359 463 49 18 mått
420 464 20 17 af
452 463 117 24 själsodling
581 464 35 17 och
630 464 23 17 de
667 463 151 24 bildningsfrön,
830 469 43 12 som
886 464 6 17 i
904 464 39 17 alla
955 463 34 18 fall

230 493 70 22 utgöra
318 494 29 16 ett
364 492 159 23 välsignelserikt
541 493 82 17 resultat
642 492 22 18 af
678 493 170 23 undervisningen
860 493 7 17 i
879 493 110 17 folkskolan

231 531 22 2 —
272 523 28 16 ett
316 521 82 18 resultat
411 527 42 12 som
466 521 58 18 bland
537 522 98 23 allmogen
649 524 91 21 nogsamt
752 521 52 24 röjer
816 521 30 24 sig
858 521 30 18 uti
900 521 89 24 stigande

230 549 100 24 hyfsning,
348 550 84 18 intresse
447 550 30 18 för
489 550 101 23 tidningar
602 551 36 17 och
650 556 66 12 annan
728 550 100 18 litteratur
840 552 52 16 samt
904 552 84 21 öppnare

231 579 52 17 blick
299 578 31 19 för
342 579 102 18 kulturens
457 579 35 18 och
505 579 162 18 samhällslifvets
680 579 66 24 frågor
759 589 22 2 —
794 579 36 18 har
839 579 35 23 jag
886 579 60 23 tänkt,
960 581 28 16 att

231 607 33 18 det
282 608 49 17 dock
349 613 81 12 numera
448 608 43 18 icke
509 613 46 13 vore
568 608 31 17 för
611 608 59 23 tidigt
683 610 28 15 att
723 608 67 17 skrida
802 608 32 17 till
846 608 111 17 inrättande
969 607 22 18 af

228 636 74 17 sädana
323 637 142 23 läroanstalter,
488 642 43 13 som
549 637 45 18 med
612 637 117 23 anslutning
746 637 32 17 till
797 636 121 18 folkskolans
936 637 51 22 kurs,

228 665 64 18 skulle
311 665 89 23 bibringa
418 665 44 18 sina
476 665 32 18 till
520 665 53 18 älder
586 665 36 18 och
634 665 89 18 förständ
735 665 61 18 redan
809 671 93 17 mognare
914 665 74 17 vordna

228 693 65 18 elever
306 695 28 16 ett
346 694 60 23 nägot
417 694 60 23 högre
489 695 50 16 mätt
551 694 22 17 af
583 695 84 17 vetande
679 695 7 16 i
699 700 24 12 en
732 694 32 18 del
773 694 100 17 allmänna
881 693 106 24 bildnings-

228 724 72 16 ämnen
318 723 102 17 äfvensom
438 723 93 18 särskildt
543 723 107 23 vinnlägga
662 723 31 23 sig
705 725 28 16 att
745 722 55 24 gifva
812 723 44 17 dem
868 722 50 23 goda
930 728 57 17 grun-

228 751 34 18 der
282 751 7 18 i
309 751 73 18 sädana
401 752 112 23 kunskaper
533 752 36 17 och
589 751 124 24 färdigheter,
733 757 42 12 som
791 753 33 16 äro
838 751 22 18 af
870 751 118 18 omedelbart

228 785 52 18 gagn
298 779 31 18 för
346 780 142 18 landtmannen
500 780 7 18 i
519 780 118 24 utöfningen
650 780 22 18 af
682 781 49 17 hans
743 781 49 22 yrke
805 780 36 17 och
854 780 7 17 i
872 780 49 17 hans
934 780 52 17 ställ-

228 809 48 23 ning
289 809 65 18 säsom
366 809 125 24 medborgare
504 809 35 18 och
552 809 165 18 kommunalman.

296 838 124 18 Karaktären
433 838 21 18 af
465 838 56 18 dessa
534 838 70 23 skolor,
617 838 67 18 hvilka
697 838 98 18 måhända
806 838 66 18 kunde
881 838 105 18 benämnas

227 866 199 23 landtmannaskolor,
440 867 54 18 torde
507 867 95 23 tydligast
614 872 71 18 genom
698 866 107 18 anförande
818 866 22 18 af
852 866 33 18 det
897 872 88 18 program

226 895 34 23 jag
272 896 58 16 tänkt
342 895 41 23 mig
395 895 31 18 för
438 896 105 17 desamma.

331 929 132 18 Läroämnen:

228 958 132 25 elementerna
381 957 22 18 af
418 958 121 23 agronomin,
558 959 153 23 husdjursläran,
730 959 130 17 landtmanna
878 958 108 23 byggnads-

297 987 85 17 konsten
394 987 36 17 och
442 987 136 23 fältmätning;

228 1015 58 17 enkel
297 1015 105 23 bokföring
414 1016 35 17 och
463 1016 166 23 korrespondens;

226 1043 150 24 hufvuddragen
388 1043 22 18 af
420 1044 246 23 sambhällsförfattningen,
681 1045 45 17 med
738 1044 94 18 särskildt
845 1044 107 18 beaktande
965 1044 22 18 af

295 1073 270 23 kommunalförvaltningen,
579 1073 36 17 och
625 1073 207 23 jordbeskattningen;

228 1100 81 18 historia
321 1101 36 18 och
369 1101 85 23 geografi
466 1103 52 16 samt
530 1101 168 18 fäderneslandets
710 1101 109 23 litteratur;

228 1129 60 23 slöjd:
302 1129 129 24 tillverkning
443 1130 23 17 af
476 1130 82 23 redskap
571 1130 36 17 och
619 1130 102 23 husgeråd.

331 1164 90 17 Kursens
434 1165 68 22 längd:

226 1193 74 16 tvänne
313 1192 133 18 vinterhalfår.

329 1227 154 18 Inträdesålder:

225 1255 23 17 16
261 1255 33 17 till
309 1256 19 17 19
340 1255 26 18 år.

329 1290 210 23 Inträdesfordringar:

226 1318 155 24 Genomgången
398 1319 145 18 folkskolekurs
561 1320 48 17 eller
621 1319 139 18 motsvarande
772 1319 156 23 kunskapsmått,
941 1319 43 18 åda-

294 1347 80 24 galagdt
385 1354 71 17 genom
469 1348 159 18 inträdestörhör.

295 1381 37 18 Om
350 1382 74 18 sädana
441 1383 65 17 skolor
524 1385 33 15 äro
569 1382 97 24 behöfliga
678 1382 31 18 för
720 1382 156 18 landtmännens
888 1383 62 22 söner,
964 1382 21 17 sä

224 1411 22 16 är
258 1410 34 18 det
306 1410 22 18 af
338 1411 42 17 icke
392 1411 77 18 mindre
481 1411 47 23 vigt,
541 1413 29 15 att
583 1411 101 17 döttrarna
695 1411 53 23 finge
761 1417 25 11 en
798 1411 143 22 motsvarande,
954 1410 31 18 för

224 1438 57 18 deras
296 1438 100 18 blifvande
408 1440 40 17 kall
461 1440 64 17 säsom
538 1440 115 17 husmödrar
665 1439 93 23 afpassad
770 1439 148 23 undervisning,
931 1440 23 22 ty
965 1438 22 18 af

224 1467 92 18 modrens
334 1468 148 23 bildningsgrad
500 1468 36 17 och
555 1468 73 18 hennes
647 1474 35 12 ans
701 1468 56 18 beror
777 1468 32 17 det
826 1467 23 23 ju
862 1468 122 22 väsentligen

294 1502 98 18 Allmänna
405 1502 175 18 Besvärsutskottets
591 1502 112 18 betänkande
717 1501 35 19 N:o
764 1502 29 18 18.
