1064 1661
227 131 29 22 20
412 130 244 23 Petitionsbetänkande
672 130 36 22 N:o
724 129 18 26 7.

198 199 60 18 redan
276 199 42 18 haft
335 198 80 19 tillfälle
433 201 30 16 att
481 200 64 22 verka,
565 199 35 18 och
613 199 34 18 der
660 199 63 18 folket
734 199 59 18 alltså
805 198 61 19 redan
878 198 38 17 lärt
929 197 30 24 sig

198 228 66 18 känna
275 228 44 17 doss
332 227 83 19 frukter.

266 256 47 17 Men
330 257 72 23 mänga
420 256 121 23 svärigheter
556 256 35 17 och
604 256 70 18 hinder
686 256 59 18 ställa
757 256 30 23 sig
800 258 54 15 ännu
866 256 93 23 mängen-

198 284 66 18 städes
276 284 7 18 i
295 286 63 22 vägen
370 284 32 18 för
414 284 118 18 folkskolors
540 284 120 23 grundande.
680 284 40 18 Och
729 284 33 18 det
770 286 73 16 största
851 284 78 18 hindret
938 286 22 15 är

198 313 56 18 alltid
266 313 74 18 bristen
352 313 26 23 pä
389 313 112 23 tillgängar.
519 313 39 18 Det
569 312 65 24 gifves
647 313 101 23 nämligen
760 313 5 17 i
775 313 43 18 värt
826 313 47 17 land
882 312 77 19 ställvis

198 342 22 17 sä
231 341 71 24 fattiga
314 342 117 18 kommuner
444 342 36 17 och
493 342 142 23 skolomräden,
648 343 30 16 att
690 342 33 18 det
735 342 31 17 för
778 342 44 17 dem
835 344 21 15 är
866 348 24 12 en
899 341 60 23 omöj-

198 370 62 23 lighet
278 372 30 16 att
325 370 20 18 fä
363 376 25 12 en
406 370 56 18 skola
480 370 31 18 till
529 370 62 20 ständ,
609 370 135 24 synnerligast
756 376 42 12 som
810 370 44 18 icke
866 370 94 24 lämpliga

198 399 113 23 byggnader
322 399 61 18 redan
396 399 113 21 förefinnas,
522 399 35 17 där
568 405 47 11 man
627 399 66 18 kunde
705 399 88 23 inlogera
801 399 75 23 skolan,
886 399 34 17 och
930 399 29 17 sä-

198 428 51 18 dana
267 428 58 18 alltsä
343 428 59 18 borde
419 428 100 24 uppföras.
543 428 77 18 Sädana
638 428 114 18 vanlottade
768 430 52 16 orter
838 428 59 18 borde
915 428 44 17 med

198 456 101 18 allmänna
310 456 65 18 medel
386 457 144 23 understödjas,
543 457 25 23 pä
580 457 33 17 det
625 458 30 16 att
667 457 24 18 de
703 457 7 17 i
723 456 90 24 bildning
822 457 62 18 mätte
892 458 67 17 kunna

197 484 88 18 förkofra
298 485 30 23 sig
340 486 7 16 i
359 486 60 17 bredd
432 486 45 18 med
488 486 108 23 lyckligare
608 486 75 18 lottade
696 486 79 18 trakter.

266 514 122 23 Visserligen
406 514 36 18 har
460 514 60 18 redan
538 514 72 18 hittills
629 514 20 18 ät
667 514 72 23 fattiga
756 515 116 17 kommuner
888 520 24 12 ur
924 514 35 18 all-

197 544 74 15 männa
288 542 64 18 medel
370 543 91 23 beviljats
478 542 167 24 penningebidrag
662 543 32 17 till
706 542 122 24 uppförando
840 543 22 17 af
872 543 86 22 skolhus,

197 576 46 12 men
261 571 51 18 blott
329 571 32 17 till
378 573 91 22 namnet;
487 571 36 18 och
539 571 59 24 nägot
611 571 96 24 egentligt
719 571 169 24 penningeanslag
904 571 54 18 torde

197 599 67 18 härtill
277 599 17 24 ej
307 605 47 12 vara
366 600 97 18 anvisadt.
487 599 72 18 Därför
570 600 51 23 väga
633 600 21 18 vi
669 601 58 17 alltsä
734 600 75 23 hoppas
817 600 25 23 pä
851 600 32 18 det
892 600 66 17 heder-

196 628 62 17 värda
270 628 92 19 Ständets
374 629 109 18 understöd
495 629 72 23 därom,

475 681 28 17 att
514 681 26 17 ett
551 681 45 17 visst
608 681 60 22 belopp
680 681 24 22 af
711 681 101 18 statsmedel
820 680 56 19 mätte
884 681 74 18 anvisas

405 710 30 16 att
449 709 70 23 ärligen
535 709 22 17 ät
571 709 70 23 fattiga
659 709 109 18 kommuner
784 709 32 18 och
835 709 123 18 skolomräden

402 737 31 22 för
451 737 114 23 uppförande
577 738 24 21 af
609 738 186 23 folkskolebyggnader
810 738 87 22 antingen
912 739 45 16 utan

404 765 240 24 äterbetalmingsskyldighet
653 767 41 17 eller
706 771 38 13 som
756 766 62 23 billiga
830 766 127 23 amorterings-

405 794 36 18 län.

266 845 124 23 Helsingfors
403 846 38 17 den
453 846 11 16 3
476 845 91 18 Februari
580 846 50 18 1891.

266 908 56 22 Juho
338 908 115 22 Pitkänen.
742 909 26 21 M.
784 909 102 22 Heikura.

264 1057 37 22 VL

265 1114 171 28 (Öfversättning.)

388 1188 45 22 Till
449 1188 132 22 hedervärda
597 1188 171 22 Bondeständet.

264 1245 68 18 Såsom
345 1245 33 17 det
389 1245 120 18 hedervärda
521 1245 82 18 Ståndet
615 1246 79 22 mycket
706 1245 34 18 väl
752 1247 34 16 vet
798 1246 34 17 och
845 1246 79 22 känner,
934 1248 21 15 är

194 1274 122 23 upplysning
334 1274 36 18 och
388 1279 25 12 en
431 1274 8 17 i
457 1274 38 17 alla
512 1274 148 22 samhällslager
678 1274 73 18 rotfäst
767 1274 89 23 bildning
872 1276 28 16 ett
912 1274 43 18 litet

194 1302 52 18 folks
258 1304 79 21 största,
347 1302 22 24 ja
380 1304 49 16 nära
441 1308 39 18 nog
493 1302 49 18 enda
554 1303 73 22 styrka,
641 1302 85 18 vilkoret
738 1302 31 18 för
781 1302 44 18 dess
834 1302 122 19 fortbestånd

194 1336 44 12 som
258 1337 24 12 en
301 1337 49 17 egen
362 1331 75 18 nation.
467 1332 36 16 Att
521 1331 32 17 det
565 1330 64 19 finska
641 1330 67 24 folket,
722 1332 50 17 trots
784 1331 27 18 all
825 1332 31 17 sin
872 1332 83 23 tröghet,

194 1358 122 25 fullkomligt
327 1359 101 23 uppfattat
441 1360 58 22 detta,
511 1365 60 17 synes
581 1360 75 23 tydligt
664 1359 22 18 af
693 1360 38 18 den
739 1359 56 23 ifver,
804 1360 94 18 hvarmed
906 1360 49 18 folk-

194 1387 66 18 skolor
272 1387 8 18 i
292 1388 108 17 allmänhet
412 1388 93 18 inrättats
518 1388 36 17 och
565 1388 92 18 inrättas.

263 1416 47 18 Men
322 1416 62 18 ehuru
396 1416 131 18 förbållandet
539 1417 33 18 vid
585 1422 25 12 en
621 1417 76 17 allmän
710 1417 110 18 öfverblick
832 1417 84 18 sålunda
928 1419 27 21 te,

194 1444 31 23 sig
243 1445 105 22 glädjande
366 1450 45 18 nog,
430 1445 64 24 gifves
509 1445 33 18 det
557 1445 49 18 dock
619 1447 28 16 ett
660 1445 99 24 betydligt
772 1441 60 22 antal
844 1446 111 17 kommuner

264 1479 101 18 Allmänna
376 1479 176 18 Besvärsutskottets
563 1479 110 18 betänkande
685 1479 35 18 N:o
732 1480 31 17 20.
