1067 1675
308 117 252 23 Motionsbetänkande
575 117 42 21 N:o
632 116 22 22 6.
802 118 26 19 29

310 182 119 28 angående
445 182 146 28 försäljning
603 182 44 22 och
659 182 164 27 utskänkning
834 182 28 21 af

309 216 170 28 maltdrycker,
495 217 82 27 gifven
593 217 45 21 den
653 216 13 22 ?
682 216 69 28 April
767 216 63 22 1883.

310 278 114 22 Härigenom
446 277 84 23 stadgas,
547 280 28 14 att
597 275 26 20 24
641 276 13 23 $
668 277 7 17 i
686 277 138 23 förordningen
838 277 24 23 af

242 307 36 17 den
294 305 12 19 2
321 306 55 24 April
390 304 53 19 1883
458 306 99 22 angäende
567 306 116 23 försäljning
694 305 32 18 och
738 306 122 22 utskänkning

242 336 22 23 af
277 335 122 23 maltdrycker
413 334 47 18 skall
474 334 71 18 erhälla
555 334 88 24 följande
654 334 120 23 förändrade
784 334 76 23 lydelse:

453 403 9 21 8
480 402 33 19 24.

174 456 10 17 I
199 456 45 21 stad,
260 456 72 17 hvarest
348 456 94 22 magistrat
457 456 16 22 ej
489 456 64 21 finnes,
570 455 95 17 ankomme
681 455 11 17 ä
706 455 32 17 der
748 456 66 16 tillsatt
824 457 36 15 sär-

106 485 47 17 skild
169 485 82 23 styrelse,
266 484 48 18 hvad
329 490 29 12 om
373 484 96 22 magistrat
483 485 5 16 i
504 484 60 17 denna
579 484 106 22 förordning
701 485 19 16 är
736 485 58 21 sagdt.
818 484 43 17 Der-

107 516 49 15 emot
178 514 50 17 skola
248 514 160 16 bestämmelserna
428 513 4 17 i
449 513 60 17 denna
524 513 106 22 förordning
646 512 94 22 angäende
755 512 106 23 försäljning

107 543 33 18 och
161 542 124 23 utskänkning
300 542 10 17 &
325 542 63 17 landet
402 542 92 23 tillämpas
510 542 6 17 i
531 542 97 23 köpingar,
653 542 76 17 sälunda
744 544 28 15 att
786 542 76 22 köpings

108 572 76 23 styrelse
206 571 112 22 handlägger
336 571 22 17 de
374 571 87 22 ärenden,
478 577 37 11 som
532 571 10 16 å
557 571 63 17 landet
635 571 101 16 tillkomma
751 571 111 17 kommunal-

108 601 74 20 nämnd,
206 602 46 15 samt
272 600 76 23 köpings
363 600 109 22 röstegande
488 600 117 17 medlemmar
621 605 32 16 ega
669 599 94 18 enahanda
778 599 84 22 befogen-

108 630 38 21 het,
162 635 38 12 som
216 631 20 15 är
251 629 98 17 tillerkänd
364 629 187 16 kommunalstämma.

178 657 119 22 Helsingfors,
312 657 34 17 den
362 656 11 18 7
390 657 87 18 Februari
495 655 59 19 1891.

620 707 72 24 August
706 708 90 18 Fellman.

180 871 106 28 Samtliga
302 871 155 22 ofvanstående
474 870 180 28 motionsförslag,
671 870 25 22 af
708 870 75 22 hvilka
798 870 26 21 de
834 871 34 20 tre

112 906 147 28 förstintagna
274 906 58 27 angå
346 906 129 27 försäljning
490 906 38 21 och
544 905 148 27 utskänkning
707 904 91 22 afsåväl
808 904 60 21 malt-

114 947 44 15 som
174 941 68 21 andra
264 947 92 21 svagare
378 940 136 27 rusdrycker,
538 940 26 22 de
587 940 71 27 öfriga
673 940 48 21 åter
736 939 76 22 endast
826 938 42 22 för-

113 976 95 27 säljning
224 975 24 21 af
261 975 148 21 förstnämnda
425 975 97 27 drycker,
531 975 67 22 hafva
613 974 73 23 blifvit
701 974 7 22 i
724 976 31 20 ett
765 980 104 15 samman-

115 1010 58 27 hang
188 1010 24 21 af
225 1010 106 22 utskottet
346 1010 142 22 behandlade.
606 1033 2 2 .

183 1044 70 22 Dessa
267 1044 173 28 motionsförslag
458 1046 79 26 utgöra
552 1044 8 21 i
574 1044 34 22 sin
627 1050 48 15 mon
690 1045 32 20 ett
736 1043 87 27 uttryck
837 1042 34 22 för

115 1079 41 21 den
172 1078 90 22 allmänt
282 1078 87 28 hyllade
392 1078 64 28 åsigt,
473 1081 35 19 att
522 1078 102 28 gällande
639 1078 138 28 lagstiftning
794 1077 77 22 beträf-

115 1113 66 22 fande
203 1113 134 28 rusdrycker,
363 1119 43 16 som
432 1113 36 22 stå
492 1114 58 21 utom
575 1112 297 27 bränvinsförfattningarnes

115 1147 143 28 stadganden,
274 1147 47 22 icke
346 1147 100 28 erbjuder
470 1149 33 20 ett
524 1147 130 28 tillräckligt
676 1147 109 22 verksamt
804 1147 68 21 medel

116 1181 34 22 för
165 1182 162 21 motarbetande
341 1181 25 22 af
379 1182 37 21 det
431 1181 101 23 öfverallt
546 1181 8 22 i
569 1182 75 21 landet
658 1188 45 15 mer
718 1181 38 22 och
771 1187 45 16 mer
831 1181 42 21 till-

116 1216 97 28 tagande
227 1216 131 22 missbruket
373 1216 25 21 af
410 1217 70 27 sagda
496 1217 99 26 drycker.

185 1250 33 22 Af
230 1257 92 21 svagare
344 1251 131 27 rusdrycker
497 1250 66 23 hafva
586 1250 174 27 maltdryckerna
781 1249 93 28 tidigast

117 1285 73 22 blifvit
205 1285 90 22 föremål
310 1285 34 22 för
358 1286 190 27 uppmärksamhet
562 1285 50 22 från
627 1284 177 28 lagstiftningens
819 1283 54 22 sida.

117 1319 79 22 Redan
211 1319 7 21 i
233 1319 60 22 äldre
315 1319 57 22 tider
391 1319 125 22 förefunnos
531 1319 193 28 reglementariska
738 1317 137 23 föreskrifter

118 1353 134 22 beträffande
268 1353 37 22 det
320 1353 67 22 sedan
402 1354 108 21 urminnes
528 1354 33 21 tid
578 1353 89 22 allmänt
681 1352 129 28 begagnade
825 1352 49 21 ölet.

119 1387 126 22 Sedermera
260 1387 176 28 undanträngdes
459 1388 71 22 denna
552 1388 68 27 dryck
638 1387 34 22 för
687 1394 26 15 en
728 1387 32 21 tid
776 1386 24 22 af
814 1386 62 21 brän-

188 1433 187 18 Ekonomiutskottets
388 1433 120 18 betänkande
519 1433 36 18 N:o
567 1433 17 18 5.
