1056 1673
318 108 222 22 Petitionsbetänkande
556 109 34 21 N:o
606 108 14 22 1.
799 110 12 18 5

238 168 28 28 af
277 175 26 14 en
314 167 160 28 jernvägslinie
489 167 79 22 mellan
584 167 104 29 Uleåborg
699 168 37 22 och
748 168 91 28 Torneå,

237 198 174 22 nästkommande
429 197 103 28 landtdag
552 198 66 21 måtte
636 197 123 28 föreläggas
774 197 67 29 nådig

235 228 132 27 proposition
383 234 33 14 om
430 228 97 20 nämnda
543 227 67 22 banas
625 227 117 28 byggande.

168 288 134 25 Helsingfors,
318 288 39 20 den
374 288 12 19 5
402 288 102 20 Februari
522 288 62 20 1891.

169 346 44 22 Otto
228 346 98 22 Stenroth.
570 347 101 27 Hemming
688 339 84 29 Äström.

169 383 19 21 A.
204 382 21 22 0.
241 382 105 22 Snellman.
574 382 56 22 Frith.
646 382 91 22 Neovius.

169 418 44 22 Carl
230 418 111 22 Nummelin.
574 418 20 22 K.
610 418 20 21 H.
648 418 92 22 Renlund.

170 454 20 22 K.
207 454 57 22 Göös.
572 455 32 21 Th.
620 454 100 27 Tallgvist.

171 491 61 21 Frans
248 490 102 21 Sumelius.
573 491 18 20 F.
608 490 148 27 Neppenström.

460 646 24 17 3.

172 698 56 21 Frän
249 698 161 21 Bondeständet
431 700 32 19 ett
480 698 23 21 af
521 698 81 22 Herrar
622 698 24 21 E.
668 698 104 27 Niemelä,
792 698 51 21 Isak

102 733 87 21 Hoikka
205 734 38 21 och
254 733 92 21 Fredrik
357 734 141 21 Paksuniemi
509 734 91 26 ingifvet
615 734 185 26 petitionsförslag
811 740 34 15 om

102 769 162 27 undersökning
283 769 23 21 af
320 776 26 14 en
360 769 157 27 jernvägslinie
532 769 49 21 frän
596 770 108 26 Uleäborg
718 770 34 21 till
764 770 83 21 Torneä

103 804 39 21 och
161 811 35 15 om
211 804 120 27 beviljande
348 804 23 22 af
385 805 70 21 medel
472 805 33 21 för
521 806 71 20 denna
605 806 101 26 jernvägs
722 806 123 26 utförande;

103 839 6 21 i
126 839 157 28 öfversättning
298 841 24 20 sä
337 840 103 27 lydande:

232 942 53 19 Till
305 943 181 20 Hedervärda
505 943 213 20 Bondeständet.

173 1001 41 19 Vid
235 1004 79 17 senaste
334 1002 99 25 landtdag
448 1003 84 25 ingäfvo
548 1003 114 20 Ständerna
676 1003 32 20 till
722 1003 58 19 Hans
796 1002 49 26 Kej-

103 1031 75 25 serliga
200 1031 95 25 Majestät
316 1031 88 25 följande
427 1032 142 26 underdäniga
592 1033 85 25 petition
699 1040 30 12 om
750 1032 95 20 framtida

100 1060 255 26 jernvägsanläggningar:

176 1105 8 10 »
188 1090 66 25 Bland
277 1090 25 20 de
322 1091 249 26 jernvägssträckningar,
596 1099 42 13 som
661 1095 52 17 ännu
736 1094 63 17 vänta
821 1092 26 26 pä

102 1119 113 26 utförande,
230 1120 78 20 komme
323 1120 39 20 den
377 1121 86 19 emellan
480 1122 96 19 städerna
590 1122 104 25 Ule&borg
714 1122 38 20 och
767 1122 80 19 Torneå

102 1152 50 17 utan
175 1150 72 20 tvifvel
270 1152 30 18 att
320 1151 70 25 intaga
408 1153 30 17 ett
460 1152 81 24 ganska
560 1152 136 20 framstående
716 1158 50 19 rum,
787 1151 7 19 i
813 1151 34 20 det

102 1178 117 21 densamma
234 1180 51 25 egde
300 1180 100 26 väsentlig
415 1181 107 25 betydelse
537 1181 46 20 icke
593 1182 86 19 allenast
689 1181 31 20 för
730 1182 40 19 den
779 1181 68 19 lands-

103 1208 38 26 del,
162 1216 44 13 som
226 1209 39 20 den
285 1210 65 20 skulle
369 1211 128 25 genomlöpa,
518 1213 48 17 utan
588 1211 37 19 ock
645 1211 32 19 för
691 1211 70 20 landet
775 1211 7 19 i
798 1210 47 20 dess

102 1238 74 20 helhet.
206 1239 126 26 Uppgående
353 1240 7 19 i
382 1240 64 25 längd
466 1240 34 20 till
520 1241 93 25 omkring
635 1242 26 18 12
682 1241 40 25 mil,
738 1240 66 20 skulle
819 1246 26 14 en

100 1268 88 26 jernväg
207 1269 73 19 mellan
300 1270 102 24 Uleåborg
417 1270 39 20 och
472 1270 82 20 Torneå
568 1271 81 25 betjena
664 1277 25 13 en
706 1271 35 19 väl
755 1269 94 21 befolkad

102 1298 38 19 och
155 1298 61 20 odlad
231 1299 56 19 trakt
302 1302 52 16 samt
369 1299 61 20 skära
446 1300 41 20 alla
503 1300 25 20 de
543 1300 165 26 väsendtligaste,
719 1300 31 20 för
761 1302 30 18 att
801 1300 45 19 icke

102 1330 50 23 säga
172 1328 58 24 enda,
250 1328 248 28 kommunikationsleder,
513 1330 70 20 hvilka
598 1330 58 25 längs
672 1330 90 20 elfvarne
776 1330 71 19 förena

102 1357 26 19 de
147 1360 52 17 mest
219 1358 91 25 aflägsna
329 1358 79 26 bygder
428 1359 7 19 i
456 1359 37 20 det
514 1360 43 19 inre
578 1360 22 19 af
617 1360 69 20 landet
704 1360 46 19 med
765 1360 82 19 kusten.

102 1387 44 19 Allt
167 1387 56 20 hvad
245 1388 124 25 nordligaste
391 1388 90 20 Finland
506 1390 37 19 har
567 1392 30 17 att
620 1389 84 26 erbjuda
724 1389 31 20 för
775 1391 71 23 export

102 1416 66 20 skulle
189 1417 23 19 af
229 1417 66 20 denna
312 1418 87 25 jernväg
418 1419 120 25 uppsamlas
558 1420 38 19 och
615 1419 57 20 ledas
691 1419 97 25 antingen
805 1420 41 18 mot

174 1457 171 23 Jernvägsutskottets
356 1458 109 18 betänkande
478 1459 37 18 N:o
527 1460 16 16 1.
