1061 1673
269 147 245 22 Petitionsbetänkande
529 147 35 23 N:o
581 147 33 22 27.
775 149 26 20 21

71 217 24 20 af
109 217 74 21 andra.
210 217 46 20 Den
272 224 57 20 man,
345 223 46 14 som
407 217 77 20 främst
499 217 57 27 gjort
572 217 31 26 sig
616 217 89 27 förtjent
715 217 24 21 af
748 217 82 26 Norges

71 251 160 27 folkhögskola,
254 252 24 19 är
293 251 324 27 folkhögskoleföreständaren,
634 251 49 21 teol.
700 251 66 22 kand.
783 251 48 21 Kri-

72 286 75 21 stoffer
162 285 82 26 Bruun,
260 293 26 14 en
302 285 101 28 lärjunge
421 285 24 21 af
458 285 120 27 Grundtvig
591 286 40 21 och
642 286 115 27 hängifven
769 286 62 21 arbe-

71 323 48 18 tare
134 320 7 20 i
157 321 41 20 den
216 320 80 21 norska
311 320 184 27 folkbildningens
511 320 73 27 tjenst.
615 321 48 20 Han
679 321 40 20 har
733 321 97 26 uttryckt

71 354 202 27 folkhögskolornas
288 355 86 27 uppgift
390 355 27 20 bl.
435 361 18 16 a.
469 361 76 20 genom
562 355 95 27 följande
673 356 49 20 ord:
750 355 81 26 ,Deras

72 389 91 27 gerning
178 389 70 21 hvilar
263 389 29 27 på
307 396 25 14 en
355 389 60 21 stark
440 389 141 27 öfvertygelse
598 390 82 26 därom,
696 391 31 19 att
743 391 36 19 det
794 390 37 21 fin-

69 425 42 19 nes
134 426 58 18 stora
215 424 87 27 andliga
324 423 77 27 gåfvor
424 425 78 26 gömda
522 424 38 21 hos
579 425 48 20 vårt
642 423 123 28 bondefolk,
782 431 48 14 men

72 457 73 22 hvilka
168 459 36 20 äro
228 458 76 21 hittills
328 459 24 20 så
375 458 52 27 föga
445 458 80 21 komna
540 459 7 20 i
563 459 77 26 dagen,
657 459 88 20 emedan
762 458 68 21 folket

71 492 48 21 icke
135 492 71 21 funnit
228 494 71 25 någon
322 492 33 21 för
379 493 32 26 sig
435 494 107 25 passande
566 493 123 27 utveckling
713 493 40 21 och
776 500 52 20 upp-

72 527 91 27 lysning.
192 527 42 22 Det
259 529 23 19 är
298 528 62 20 dessa
376 527 51 21 ädla
442 527 88 26 krafter,
552 534 44 14 som
612 527 166 28 folkhögskolan
793 527 37 22 vill

71 561 88 22 försöka
181 561 115 22 framkalla
320 562 39 21 och
381 562 100 21 utveckla
499 563 40 20 och
555 562 125 27 därigenom
696 562 21 21 få
733 563 48 20 dem
797 564 33 19 att

72 598 52 24 taga
139 603 26 13 en
181 603 59 14 mera
254 596 98 21 verksam
369 597 34 20 del
419 597 7 20 i
442 597 49 20 hela
507 597 85 20 landets
608 596 87 27 andliga
710 597 25 20 lif
744 597 40 20 och
794 603 33 14 ar-

73 629 71 22 betet.
159 643 25 3 —
202 631 73 21 Under
290 632 24 20 år
324 631 55 22 1886
398 638 51 14 voro
459 633 26 19 12
494 631 336 27 folkhögskolor
661 625 10 37 i
684 631 125 27 verksamhet
818 625 15 37 i

73 665 77 26 Norge.
180 665 32 22 De
228 672 50 20 egas
294 665 24 22 af
334 666 47 21 sina
402 673 55 20 resp.
474 667 70 20 lärare
559 666 40 21 och
616 666 85 26 åtnjuta
716 666 75 27 anslag
807 665 24 22 af

73 702 77 23 staten,
174 700 106 21 växlande
296 700 78 21 mellan
400 701 63 25 1,200
482 701 40 20 och
542 701 63 27 3,350
621 701 39 25 kr.,
677 701 68 20 under
760 700 69 21 vilkor

73 737 33 18 att
121 737 66 19 amtet
210 735 100 27 bidrager
331 736 48 20 med
403 738 31 18 ett
452 736 85 27 belopp,
561 743 45 14 som
626 738 119 19 motsvarar
765 736 26 26 1/;
807 735 23 21 af

73 770 160 25 statsanslaget.
248 783 29 1 —
292 770 117 21 Dessutom
431 770 133 22 förekomma
586 770 40 22 här
647 771 26 20 de
689 771 65 21 redan
770 770 7 20 i
793 770 36 20 det

74 803 130 27 föregående
219 805 131 20 omnämnda
365 804 154 28 amtskolorna,
539 804 84 22 hvilkas
638 804 61 22 antal
714 805 66 20 redan
796 804 32 21 lä-

73 839 70 20 seåret
159 839 110 22 1880—81
286 847 38 14 var
338 840 29 21 40
382 840 46 21 dels
443 839 57 22 fasta
516 840 45 21 dels
577 840 103 27 flyttande
696 839 79 26 skolor;
787 846 40 14 un-

74 873 194 28 dervisningstiden
292 874 32 21 för
345 875 49 20 dem
410 876 24 19 är
449 875 99 20 bestämd
564 875 33 20 till
612 874 68 21 omkr.
696 875 12 21 6
724 875 104 20 månader

74 907 33 22 för
121 908 114 27 ynglingar
253 909 41 21 och
316 910 13 21 3
349 910 104 20 månader
469 910 33 20 för
518 909 80 22 flickor.
630 909 151 21 Amtskolorna
797 909 30 20 åt-

74 943 63 26 njuta
152 944 173 21 statsunderstöd
341 944 68 27 enligt
425 951 82 14 samma
522 945 94 26 grunder
631 950 45 14 som
693 943 135 27 folkhögsko-

73 977 62 20 lorna
149 977 39 21 och
204 978 90 27 erbjuda
310 979 47 20 sina
373 979 70 20 elever
453 978 131 21 kostnadsfri
595 978 160 27 undervisning,
767 977 63 22 hvar-

74 1012 32 20 för
122 1012 26 20 de
164 1011 40 22 ock
218 1013 38 20 äro
271 1012 76 21 talrikt
363 1012 96 23 besökta.

144 1046 94 27 Ungefär
262 1047 110 27 samtidigt
395 1049 48 19 med
463 1047 74 27 Norge
560 1047 67 21 erhöll
647 1047 80 27 jemväl
743 1045 86 27 Sverige

73 1081 48 20 sina
143 1081 67 21 första
233 1081 167 28 folkhögskolor,
425 1082 84 21 hvilkas
532 1082 59 21 antal
614 1082 66 21 sedan
696 1081 133 26 småningom

74 1115 69 24 ökats,
166 1116 23 20 så
212 1118 32 19 att
267 1117 36 20 det
326 1117 24 20 år
367 1117 54 21 1886
437 1116 96 27 uppgick
549 1108 32 29 till
596 1117 29 20 24
640 1116 95 26 manliga
750 1115 78 24 skolor,

73 1149 147 22 hvarförutom
243 1150 70 21 skilda
336 1151 170 21 sommarkurser
529 1151 32 20 för
583 1150 95 27 qvinliga
701 1150 70 21 elever
794 1149 35 21 vid

74 1185 50 20 flere
140 1185 24 20 af
184 1185 48 21 dem
248 1192 51 14 voro
316 1186 133 21 anordnade.
479 1185 31 21 De
526 1185 96 27 manliga
637 1184 101 21 skolorna
753 1183 75 22 besök-

73 1223 33 16 tes
121 1219 164 21 vinterhalfäret
301 1220 228 28 (November—April)
544 1220 110 21 1884—85
666 1219 24 21 af
699 1219 80 20 inemot
788 1219 42 20 700

73 1253 113 28 ynglingar
202 1254 39 21 och
257 1255 202 21 sommarkurserna
474 1254 24 21 af
511 1254 68 21 omkr.
596 1255 42 20 200
653 1253 83 25 flickor;
752 1253 78 26 högsta

73 1287 84 22 antalet
171 1289 95 26 manliga
282 1290 36 20 och
336 1289 97 27 gvinliga
449 1289 70 21 elever
537 1289 3 20 i
557 1295 81 15 samma
654 1288 60 21 skola
729 1287 101 27 utgjorde

75 1329 55 20 resp.
154 1323 26 21 75
204 1323 38 20 och
266 1324 36 23 65;
327 1325 36 19 det
379 1324 70 26 lägsta
465 1330 55 20 resp.
538 1323 26 21 14
580 1323 39 20 och
636 1323 37 24 12;
694 1323 25 20 de
734 1321 96 26 manliga

75 1357 109 21 elevernas
206 1358 130 21 medelålder
359 1359 101 27 utgjorde
475 1359 27 21 21
520 1357 12 21 &
547 1359 27 21 22
590 1358 30 21 är.
650 1357 32 21 Af
695 1356 135 22 förestända-

75 1398 50 14 rene
139 1391 80 22 inneha
242 1393 26 20 de
289 1392 59 21 fleste
365 1392 126 21 akademisk
507 1392 105 27 bildning,
629 1391 33 21 till
677 1392 68 20 andra
760 1390 70 20 lärare

74 1428 58 18 utses
155 1426 45 20 ofta
222 1426 117 26 officerare,
363 1434 136 20 agronomer,
522 1426 162 21 folkskollärare
705 1432 18 14 o.
739 1432 19 14 a.
788 1423 42 21 Det

75 1460 139 22 ekonomiska
230 1460 114 22 beståndet
359 1461 137 27 möjliggöres
512 1468 76 20 genom
604 1460 169 27 elevafgifterna,
785 1465 46 14 som

143 1500 99 18 Allmänna
254 1500 165 18 besvärsutskottets
431 1500 109 18 betänkande
552 1500 34 18 N.o
598 1500 28 18 18.
