1056 1675
237 140 73 22 Ständ.
326 140 44 22 Pet.
385 154 28 2 —
429 140 148 22 Petitionsbet.
592 140 37 22 N:o
644 138 31 24 41.
792 141 11 20 7

76 212 50 27 vilja
143 210 76 26 införa,
241 210 44 20 kan
302 210 89 20 komma
410 210 30 20 till
459 209 70 26 stånd,
548 211 53 19 utan
620 211 32 19 att
672 209 101 21 Finlands
788 210 45 20 inre

77 245 114 23 autonomi
205 244 144 21 underkastas
365 243 113 27 rubbning.
508 244 70 26 Enligt
593 244 101 20 Finlands
710 244 60 26 lagar
785 249 50 21 eger

77 280 119 22 Monarken
209 278 124 27 obestridlig
347 280 44 19 rätt
406 280 31 19 att
452 284 79 20 genom
543 278 47 21 sina
600 278 69 20 finska
680 278 153 27 styrelseorga-

78 321 39 15 ner
132 314 42 22 och
189 314 50 20 med
257 312 122 22 beaktande
395 312 24 22 af
431 312 36 22 det
482 313 6 20 i
503 312 73 22 landet
589 312 99 27 gällande
698 314 135 26 myntväsen,

78 348 29 28 pä
122 350 43 20 sätt
181 348 87 21 Honom
283 348 77 26 nyttigt
375 354 71 20 synes,
462 347 106 21 fastställa
583 348 147 26 reglementen
746 347 41 21 och
800 349 33 19 ta-

78 390 40 14 xor
132 383 33 21 för
176 382 131 27 postverket,
319 381 88 22 hvarför
417 381 67 27 något
494 382 92 26 rättsligt
596 382 77 20 hinder
682 384 46 19 mot
738 381 96 22 införan-

80 418 36 21 det
130 416 115 22 härstädes
261 416 24 21 af
297 416 119 26 postaliska
431 416 157 27 förordningar,
604 423 48 14 som
666 416 168 21 öfverensstäm-

78 458 37 15 ma
132 451 51 21 med
199 451 26 21 de
240 450 71 28 ryska,
326 451 47 21 icke
389 451 118 27 föreligger.
538 451 60 21 Dock
616 453 34 19 tro
666 451 32 26 sig
713 450 121 22 Ständerna

79 486 76 21 härvid
172 486 55 21 böra
242 485 68 21 uttala
325 486 42 20 den
382 485 112 27 tillförsigt,
510 487 32 19 att
558 485 65 21 Eders
639 485 116 27 Kejserliga
770 484 64 28 Maje-

78 522 45 20 stät
133 520 54 22 skall
202 520 59 21 finna
276 520 36 21 det
327 520 99 27 förenligt
441 520 50 21 med
506 520 65 21 rikets
582 520 110 20 allmänna
703 520 90 20 intresse
803 522 31 18 att

80 556 63 21 äfven
158 556 6 20 i
179 555 62 27 fråga
257 562 37 14 om
309 556 165 27 postväsendets
490 555 142 22 anordnande
647 554 57 23 fästa
720 555 73 26 nådigt
803 554 31 21 af-

79 591 80 22 seende
175 591 36 20 vid
226 591 6 20 i
244 591 90 21 Finland
343 590 104 27 rådande,
459 590 47 21 från
516 591 175 26 Kejsaredömets
702 590 133 26 väsentligen

79 625 115 22 afvikande
213 625 154 22 förhållanden.
397 625 83 22 Endast
500 631 79 20 genom
598 627 31 19 ett
647 627 106 25 noggrant
768 624 67 21 beak-

80 661 65 20 tande
163 659 24 22 af
203 660 64 21 dessa
283 659 155 28 förhållanden,
455 659 83 22 sådana
553 660 26 21 de
594 660 101 26 gestaltat
711 660 31 27 sig
757 660 6 20 i
779 659 56 21 olika

80 695 60 21 delar
155 694 23 21 af
191 694 80 27 landet,
287 695 42 20 och
344 701 80 20 genom
439 695 85 26 ständig
540 695 129 20 samverkan
685 695 78 20 mellan
775 696 60 25 post-

80 729 75 21 verket
175 729 43 21 och
234 729 69 26 öfriga
317 729 114 21 inhemska
445 729 145 20 institutioner
605 729 40 21 har
657 729 42 20 den
714 729 121 27 betydande

80 763 123 27 utveckling
227 763 22 21 af
269 763 156 27 postväsendet
445 763 56 21 varit
522 763 78 27 möjlig,
623 769 47 15 som
691 763 42 22 den
750 765 86 19 senaste

80 798 59 20 tiden
154 797 46 22 haft
208 799 31 20 att
255 798 90 26 uppvisa
356 798 42 21 och
411 804 48 15 som
469 797 129 22 framträder
608 797 65 22 bland
684 800 66 19 annat
761 797 74 25 deruti,

83 834 33 18 att
129 832 81 21 antalet
233 832 154 26 postanstalter
407 832 6 20 i
431 832 73 21 landet
523 832 69 21 under
607 834 86 19 senaste
709 832 127 21 decennium

85 866 5 20 i
106 866 36 21 det
157 867 110 20 närmaste
280 866 139 28 fyrdubblats.
441 866 72 22 Också
524 868 24 20 är
559 867 35 21 det
605 867 76 21 endast
691 867 69 21 under
770 866 67 22 förut-

83 901 96 26 sättning
194 901 23 21 af
230 907 85 15 samma
329 901 122 21 förfarande
467 901 33 21 för
515 901 120 27 framtiden,
651 908 48 14 som
715 908 27 14 en
752 901 85 21 fortsatt

82 942 92 20 gynsam
193 936 123 26 utveckling
333 936 24 20 af
370 936 36 21 det
421 936 69 21 finska
504 936 125 26 postverket
644 936 42 21 och
702 936 41 21 den
758 936 7 20 i
780 941 57 15 sam-

83 970 110 26 manhang
209 970 88 21 dermed
312 971 107 21 inrättade
434 970 188 28 postsparbanken
637 970 43 21 kan
695 969 114 28 påräknas.

152 1132 61 21 Hvad
227 1133 8 20 i
250 1133 71 21 denna
337 1132 148 27 underdåniga
500 1132 157 27 framställning
672 1132 66 21 blifvit
754 1131 85 22 anfördt

82 1167 30 20 till
134 1167 118 28 belysande
272 1167 24 21 af
311 1167 42 21 den
372 1167 46 22 deri
436 1167 136 21 behandlade
586 1166 138 27 rättsfrågan,
741 1166 51 21 utbe
807 1166 32 26 sig

82 1201 124 22 Ständerna
221 1204 32 19 att
269 1202 98 27 slutligen
382 1202 22 21 få
419 1203 6 20 i
441 1202 87 21 korthet
538 1201 161 27 sammanfatta,
712 1208 48 15 som
770 1201 68 27 följer:

151 1236 69 27 Enligt
242 1237 102 20 Finlands
366 1237 130 26 grundlagar
518 1237 40 20 har
576 1236 118 21 Monarken
716 1235 123 26 obestridlig

82 1271 44 20 rätt
142 1273 31 18 att
187 1271 7 20 i
209 1271 128 27 lagstadgad
352 1271 92 26 ordning
459 1271 42 21 och
516 1271 50 20 med
581 1270 122 21 beaktande
719 1270 23 21 afi
767 1270 72 21 landet

81 1305 100 26 gällande
197 1307 130 26 myntväsen
336 1305 107 22 fastställa
453 1305 147 27 reglementen
611 1305 42 21 och
663 1307 63 19 taxor
736 1304 34 22 för
779 1307 60 24 post-

82 1339 75 22 verket
180 1340 42 21 och
245 1339 91 22 sålunda
355 1339 71 22 införa
441 1339 118 28 postaliska
574 1339 138 27 föreskrifter,
729 1339 110 22 öfverens-

82 1375 138 20 stämmande
235 1374 51 21 med
301 1374 26 21 de
343 1375 7 20 i
365 1374 164 27 Kejsaredömet
544 1374 107 27 gällande;
666 1380 50 15 men

151 1409 65 26 enligt
231 1415 85 14 samma
331 1409 131 26 grundlagar
477 1408 43 21 kan
535 1409 47 20 icke
598 1407 72 28 någon
685 1415 52 20 gren
753 1407 23 21 af
792 1407 46 21 lan-

81 1442 47 21 dets
147 1442 130 27 förvaltning
293 1443 6 20 i
315 1445 30 19 ett
361 1443 51 20 eller
428 1445 67 18 annat
511 1442 101 21 afseende
627 1442 149 21 underordnas
793 1448 45 14 em-
