1056 1670
332 96 223 23 Petitionsbetänkande
571 97 35 22 N:o
621 96 15 22 1.
785 98 41 19 175

183 158 76 22 Såsom
279 163 27 16 en
325 157 106 28 jernvägs
452 157 111 27 egentliga
578 156 156 23 trafikområde
748 162 65 17 anses
829 162 27 16 en

111 194 39 22 två
169 194 50 22 mils
240 200 41 15 zon
299 193 28 27 på
347 193 110 22 hvardera
472 192 62 22 sidan
550 199 34 15 om
597 192 129 28 jernvägen.
756 193 12 21 I
783 194 73 20 nämn-

112 230 94 22 värdare
226 229 54 28 grad
299 228 105 23 inverkar
419 235 28 16 en
462 235 30 21 ny
505 228 95 28 jernväg
616 227 88 23 derföre
719 228 29 28 på
764 228 26 22 de
806 228 50 22 eko-

112 266 99 21 nomiska
227 264 167 23 förhållandena
409 265 78 22 endast
501 264 9 22 i
525 264 27 23 de
568 264 87 22 trakter
670 270 46 16 som
726 264 87 22 befinna
824 264 34 28 sig

112 302 77 27 längre
213 303 28 19 än
263 300 40 23 två
325 300 38 22 mil
384 300 50 22 från
455 300 68 22 redan
538 300 114 28 befintliga
665 300 127 28 jernvägar,
808 306 49 16 men

112 337 25 21 af
156 337 42 22 den
219 343 43 21 nya
279 336 123 28 jernvägen
422 336 103 28 indrages
545 336 8 22 i
570 336 50 22 dess
636 336 99 22 två-mils
750 341 46 17 zon.
826 335 32 22 På

112 373 148 21 bansträckan
287 364 232 36 Åbo-—Salo—Karis,
549 372 83 28 dragen
655 372 72 22 såsom
749 372 109 22 utskottet

112 408 112 28 förutsatt,
249 408 71 22 skulle
341 408 70 27 enligt
433 402 192 33 Öfverstyrelsens
644 407 36 22 för
694 408 164 21 landtmäteriet

113 445 70 27 karta,
201 444 96 27 följande
313 443 129 28 kommuner,
455 450 45 15 som
509 443 36 28 för
556 443 140 22 närvarande
706 443 66 26 hafva
782 443 76 28 längre

113 483 30 20 än
162 481 38 21 två
219 480 38 21 mil
276 479 33 22 till
323 479 95 29 jernväg
433 480 80 28 dragas
528 479 59 22 inom
602 480 36 21 två
652 479 49 22 mils
716 485 77 16 zonen:
809 478 49 23 Salo

113 517 90 27 köping,
224 516 101 26 Halikko,
346 516 145 27 Angelniemi,
513 516 90 27 Uskela,
620 515 86 22 Muurla
722 515 31 22 S:t
768 515 89 28 Bertils,

113 553 81 28 Bjerno
213 548 68 32 jemte
302 546 105 34 Öfverby,
423 552 76 28 Kisko,
517 551 155 29 Suomusjärvi,
689 551 64 29 Sagu,
769 551 90 22 Karuna

114 590 56 21 samt
190 588 86 22 hälften
292 588 24 21 af
329 588 156 23 kommunerna
499 588 85 28 Pemar,
600 588 90 21 Kiikala
705 588 40 21 och
760 587 98 22 Marttila

114 625 50 22 med
182 624 141 22 Karinainen.
354 624 86 22 Härvid
460 625 41 21 bör
519 624 89 22 märkas
626 625 34 20 att
675 623 70 23 Koski
760 623 98 22 bönehus

114 661 19 27 ej
157 661 29 26 pä
209 661 79 21 kartan
311 661 40 20 bör
373 659 112 23 förvexlas
506 660 50 22 med
575 660 72 22 Koski
662 659 134 28 församling,
814 666 45 15 som

114 696 40 21 hör
169 696 36 22 till
221 689 47 28 Äbo
284 696 82 21 banans
382 695 170 22 trafik-omräde.
581 695 32 22 Af
625 696 127 21 kommuner
766 695 93 22 emellan

114 732 212 27 Hangö-—Hyvinge
347 732 39 21 och
406 731 275 28 Helsingfors--Hyvinge
699 731 101 28 jernväg,
819 731 40 22 har

114 768 79 22 endast
216 774 28 16 en
267 768 35 21 del
322 767 24 22 af
363 767 120 28 Kyrkslätt
502 768 103 21 kommun
625 768 77 27 längre
718 769 45 27 väg
778 769 28 20 än
821 767 39 22 tvä

114 804 39 22 mil
170 804 37 22 till
219 804 100 28 jernväg,
336 810 49 16 men
400 804 51 22 hela
466 804 72 22 denna
553 804 102 21 kommun
670 806 62 26 tages
748 804 55 21 dock
819 804 40 21 här

114 840 49 22 med
179 840 7 21 i
202 840 129 27 beräkning.
361 840 167 27 Folkmängden
543 840 8 21 i
567 839 155 29 ofvanangifna
738 840 120 22 landomrä-

116 876 42 22 den
173 876 102 28 utgjorde
290 876 37 22 vid
343 876 58 21 1888
416 876 37 22 ärs
469 876 84 28 utgäng
568 876 69 28 enligt
652 876 111 22 statistisk
778 876 81 22 ärsbok

115 912 102 28 omkring
232 912 79 27 39,000
327 918 111 20 personer.

186 948 46 22 För
247 949 34 21 ett
297 948 79 28 riktigt
391 948 134 22 bedömande
541 948 24 22 af
578 948 69 22 saken
661 950 25 20 är
697 954 27 16 en
733 948 126 28 jemförelse

115 984 49 22 med
190 984 72 28 någon
285 990 71 16 annan
379 984 130 28 sträckning
528 984 67 28 nödig
616 984 40 22 och
676 986 98 20 närmast
788 984 72 28 ligger

115 1020 41 22 här
172 1026 28 16 en
213 1019 126 29 jemförelse
355 1020 50 21 med
420 1020 68 28 linjen
503 1019 357 29 Keuru--Jyväskylä—Suonen-

113 1055 48 28 joki
181 1056 36 21 till
237 1056 76 21 hands.
344 1055 63 22 Inom
428 1056 36 21 två
482 1056 49 21 mils
550 1062 68 16 zonen
636 1056 69 22 skulle
723 1056 41 21 här
779 1054 27 28 af
819 1055 41 22 den

115 1090 128 30 befolkning,
262 1098 44 15 som
320 1090 36 28 för
371 1092 140 22 närvarande
526 1094 27 20 är
567 1092 76 28 längre
659 1094 30 20 än
704 1092 37 22 två
756 1091 37 22 mil
808 1090 52 28 från

116 1126 96 23 Savolax
227 1128 37 21 och
284 1127 153 22 Vasabanorna
453 1128 80 28 dragas
546 1128 51 22 hela
607 1128 157 28 befolkningen
774 1128 8 22 i
792 1128 68 28 Jyvä-

116 1163 66 27 skylä
203 1163 61 22 stads
285 1163 39 22 och
339 1163 200 29 landsförsamling,
555 1164 131 28 Petäjävesi,
701 1164 105 22 Laukkas
822 1164 38 21 och

116 1198 94 23 Sumiais
218 1199 133 28 kommuner,
360 1199 86 22 hälften
454 1200 24 21 af
483 1200 120 27 Korpilaks
611 1201 40 21 och
656 1200 137 27 Rautalampi
799 1199 61 23 sock-

116 1241 52 15 nars
181 1235 136 28 befolkning,
331 1235 136 27 tredjedelen
481 1236 23 21 af
512 1236 82 28 Keuru,
606 1236 143 22 Hankasalmi
760 1235 40 22 och
810 1235 50 22 We-

116 1272 63 20 santo
195 1271 138 23 kommuners
347 1270 135 30 befolkning,
499 1271 158 28 sammanlagdt
670 1271 101 28 omkring
780 1272 80 27 43,000

116 1312 112 22 personer.

188 1343 62 22 Bäda
265 1343 93 22 linierna
373 1344 38 20 äro
427 1343 92 28 ungefär
535 1344 46 21 lika
594 1344 71 28 länga,
677 1350 49 16 men
736 1343 126 28 Jyväskylä

117 1378 68 28 linjen
198 1379 67 22 berör
275 1379 87 22 Keitele
372 1379 61 21 stora
443 1380 38 27 sjö,
493 1380 69 22 hvarä
572 1380 69 22 redan
650 1380 98 28 regulier
758 1380 102 27 ängbäts-

117 1414 187 22 kommunikation
324 1414 69 22 finnes
412 1415 40 21 och
470 1415 92 23 hvilken
578 1416 47 22 stär
640 1416 8 21 i
664 1415 134 23 förbindelse
814 1415 48 22 med

188 1456 173 24 Jernvägsutskottets
373 1455 107 21 betänkande
492 1456 36 19 N:o
541 1458 16 18 1.
