1064 1661
288 120 244 23 Petitionsbetänkande
547 120 36 22 N:o
600 118 30 24 14.
804 120 11 20 7

89 191 167 27 bildningsnivå,
279 190 69 21 hvarå
362 197 26 14 en
412 190 42 27 god
478 190 34 21 del
528 189 24 21 af
565 190 36 20 det
617 188 113 28 praktiska
746 187 100 22 affärslif-

89 228 46 20 vets
148 226 122 27 uppbärare
286 224 33 22 för
335 225 136 21 närvarande
486 224 98 21 befinner
599 223 39 27 sig,
654 225 70 19 staten
741 222 39 21 bör
795 228 52 15 vara

90 261 80 20 beredd
194 261 28 26 på
244 260 125 27 ytterligare
392 259 151 27 uppoffringar
567 258 32 21 för
622 258 97 26 antydda
740 256 106 22 ändamål.

91 295 59 21 Fullt
172 295 128 21 senterande
324 295 41 20 den
389 293 25 22 af
435 293 104 27 styrelsen
555 292 77 21 hittills
648 292 70 27 följda
732 291 114 27 principen

91 330 49 21 med
162 329 102 22 afseende
286 329 14 21 &
319 329 67 20 sättet
403 330 32 19 att
450 327 103 21 befordra
568 327 146 27 uppkomsten
731 325 25 22 af
769 326 78 26 ifråga-

92 365 94 20 varande
204 363 46 28 slag
269 363 24 22 af
306 363 107 26 läroverk,
429 369 64 15 anser
508 362 63 21 äfven
588 361 106 21 utskottet
710 363 33 19 att
759 361 26 20 de
800 360 48 21 icke

92 399 54 21 böra
161 398 25 21 af
202 400 70 19 staten
289 397 45 22 helt
350 397 40 21 och
406 397 67 22 hållet
489 397 130 26 öfvertagas,
635 398 54 19 utan
706 396 78 20 endast
800 395 48 20 med

93 433 124 21 statsmedel
232 432 126 27 tillräckligt
373 431 186 26 subventioneras,
574 431 90 20 emedan
681 431 26 20 de
723 431 77 20 endast
815 430 33 20 så-

93 467 67 21 lunda
182 467 74 21 kunna
279 467 80 21 bevara
382 466 65 27 nödig
471 465 64 22 frihet
557 465 40 21 och
613 465 124 27 rörlighet
729 460 13 37 i
754 465 32 20 sin
803 464 46 21 inre

94 502 149 27 organisation
260 504 56 19 samt
332 501 116 27 behörigen
465 501 84 27 lämpas
557 500 54 21 efter
620 501 26 20 de
655 499 73 22 lokala
736 499 112 21 behofven.

169 537 61 20 Hvad
252 535 104 22 särskildt
371 537 26 19 de
413 536 7 20 i
435 535 136 21 förestående
587 535 213 27 petitionsmemorial
816 534 35 21 be-

95 571 64 21 rörda
181 570 153 22 läroanstalter
357 570 133 21 vidkommer
512 570 39 21 har
567 569 135 21 inrättandet
718 569 24 21 af
755 576 27 14 en
797 569 51 21 tids-

96 604 57 28 enlig
176 604 154 22 handelsskola
349 604 7 21 i
371 604 145 22 Tammerfors
532 604 65 21 redan
613 604 63 26 länge
692 603 112 28 sysselsatt
819 603 30 21 af-

96 639 120 21 färsidkare
239 640 39 20 och
301 640 82 21 vänner
407 640 12 20 å
438 640 72 20 denna
525 641 35 19 ort
575 640 56 20 samt
647 638 33 21 till
695 638 39 21 och
751 639 49 20 med
816 640 34 18 ut-

96 674 58 26 gjort
176 674 88 22 föremål
283 673 34 22 för
335 674 129 21 ständernas
480 673 188 27 öfverläggningar
684 673 44 28 (vid
746 673 55 21 1885
816 673 35 20 års

97 708 119 27 landtdag).
253 708 109 27 Naturligt
384 715 63 20 synes
470 708 40 21 ock
528 715 52 14 vara
603 710 32 19 att
658 707 100 21 behofvet
780 707 24 21 af
824 714 27 14 en

97 744 68 20 sådan
188 743 61 22 skola
272 744 24 20 är
320 743 61 27 lifligt
404 743 69 21 kändt
496 743 13 21 å
533 749 26 15 en
576 745 34 18 ort
626 742 49 21 med
691 743 41 20 den
749 741 100 22 industri-

98 778 42 21 ella
162 778 41 21 och
226 777 130 22 merkantila
375 777 118 28 betydelse,
513 784 44 14 som
574 777 112 21 utmärker
702 776 149 25 Tammerfors,

99 813 87 21 hvilken
194 813 49 21 stad
254 813 108 21 dessutom
370 813 24 20 är
403 815 98 18 centrum
510 812 33 21 för
559 819 27 13 en
602 811 79 21 folkrik
697 811 40 21 och
752 811 101 21 välodlad

99 845 126 29 landsbygd.
263 847 110 21 Utskottet
396 848 70 20 finner
489 847 36 21 det
548 846 73 21 därför
635 846 137 27 synnerligen
789 845 63 21 önsk-

99 883 63 21 värdt
184 884 33 19 att
240 883 40 20 den
303 882 28 27 på
354 882 71 27 privat
447 882 86 21 initativ
549 881 92 21 omsider
665 880 114 22 tillkomna
801 880 51 21 han-

100 916 122 22 delsskolan
246 917 112 21 därstädes
380 916 144 22 tillförsäkras
547 916 75 26 nödigt
644 916 119 20 understöd
778 915 24 21 af
816 914 37 22 all-

100 952 81 20 männa
203 952 75 21 medel.
316 951 74 27 Enligt
411 951 57 21 hvad
483 951 59 21 inom
558 950 105 22 utskottet
680 950 98 28 upplysts
793 950 61 20 kom-

101 993 45 14 mer
162 986 82 28 skolan,
260 993 45 15 som
322 993 30 14 nu
367 986 70 21 under
453 986 37 21 sitt
497 986 68 21 första
573 985 173 22 verksamhetsår
755 985 98 27 freguen-

101 1023 58 19 teras
174 1021 25 21 af
213 1022 25 20 16
254 1020 95 28 manliga
364 1020 40 22 och
422 1021 25 21 15
463 1020 98 28 gvinliga
577 1020 71 21 elever
664 1021 28 26 pä
708 1026 26 15 en
746 1020 64 24 klass,
822 1021 32 19 utt

101 1055 101 27 utvidgas
225 1055 32 21 till
279 1055 117 27 tväklassig
419 1055 41 21 och
483 1055 105 27 därjemte
612 1054 92 22 omfatta
718 1061 26 15 en
762 1054 93 21 förbere-

103 1091 70 20 dande
189 1090 110 27 afdelning
315 1090 25 27 (s.
355 1090 20 21 k.
392 1090 69 21 afton-
477 1090 40 20 och
532 1089 164 28 söndagsskola)
707 1089 33 21 för
751 1090 47 19 dem
810 1096 45 13 som

103 1125 55 20 ärna
172 1124 54 21 söka
240 1125 85 20 inträde
341 1124 7 21 i
364 1124 121 21 läroverket
501 1123 40 22 och
553 1123 32 22 för
595 1123 197 22 handelsbiträden.
810 1123 45 20 Vis-

103 1159 91 26 serligen
218 1160 24 20 är
264 1159 76 21 skolan
356 1159 93 20 sälunda
464 1159 25 20 af
502 1158 73 22 alltför
591 1159 70 20 färskt
678 1159 81 26 datum,
776 1159 32 20 för
824 1161 32 18 att

102 1193 77 21 kunna
194 1193 92 28 uppvisa
302 1194 67 26 nägra
384 1193 84 21 frukter
484 1193 24 22 af
521 1193 33 21 sin
570 1193 144 26 verksamhet,
730 1193 48 21 icke
790 1193 66 21 heller

102 1228 114 27 föreligger
238 1228 65 27 nödig
322 1229 116 26 utredning
459 1235 34 14 om
509 1229 49 20 dess
577 1228 123 21 lärokurser
716 1228 40 21 och
772 1228 84 27 organi-

105 1263 71 21 sation
192 1263 7 20 i
215 1263 74 27 öfrigt;
306 1269 48 15 men
371 1263 64 20 dessa
451 1263 183 26 omständigheter
649 1263 29 20 ha
692 1263 47 21 icke
755 1265 60 25 synts
826 1264 32 19 ut-

103 1297 81 21 skottet
204 1304 52 15 vara
277 1297 122 27 hinderliga
422 1297 33 21 för
471 1299 30 19 ett
524 1297 131 22 förordande
679 1297 24 22 af
721 1297 136 26 erforderligt

103 1332 131 26 statsanslag
256 1333 22 19 ät
301 1331 83 27 skolan,
400 1331 137 27 öfvertygadt
552 1339 45 13 som
613 1332 107 20 utskottet
735 1333 25 19 är
775 1333 81 25 därom,

104 1368 32 19 att
152 1367 26 20 de
194 1366 82 25 brister,
292 1373 45 14 som
354 1366 144 27 tilläfventyrs
513 1366 87 21 vidläda
616 1367 115 26 anstalten,
748 1366 66 21 blifva
825 1366 32 21 be-

104 1400 89 27 hörigen
217 1400 108 27 afhjälpta
347 1400 66 21 innan
430 1401 37 20 det
483 1400 149 27 ifrägakomna
648 1401 141 20 understödet
804 1401 54 20 slut-

104 1435 57 26 ligen
178 1435 94 26 beviljas.

174 1475 98 17 Allmänna
284 1475 174 18 Besvärsutskottets
469 1475 109 18 betänkande
590 1475 34 18 N:o
637 1476 26 17 10.
