1067 1675
300 140 259 22 Motionsbetänkande
577 140 46 22 N:o
639 140 22 22 5.
818 140 13 21 5

101 202 98 29 förtjent
221 205 35 19 att
278 205 55 26 taga
357 203 8 21 i
386 202 179 29 öfvervägande,
587 202 116 27 huruvida
725 202 51 22 icke
793 202 68 22 den
846 198 19 37 i

102 236 132 30 Kejserliga
256 236 167 29 förordningen
445 236 44 22 den
512 238 13 20 5
541 236 92 29 augusti
649 237 55 21 1886
720 236 141 22 föreskrifna

102 270 153 29 tjenstetiden
269 270 36 22 för
321 271 134 21 erhällande
470 271 26 21 af
507 271 98 28 pension
620 270 79 22 kunde
714 270 37 22 för
765 271 97 21 lärarin-

102 312 74 15 norna
196 305 9 21 i
220 305 76 28 nägon
310 305 55 21 män
380 305 121 26 förkortas,
518 305 43 22 och
576 305 42 21 har
632 305 121 22 Utskottet
768 305 37 21 uti
820 305 42 21 sitt

102 339 38 22 till
163 339 131 22 Ständerna
315 339 89 29 atgifna
420 339 147 22 betänkande
581 339 44 22 N:o
641 341 13 20 4
669 339 9 22 i
693 339 129 29 anledning
837 338 27 22 af

103 373 87 30 nädiga
212 374 173 29 propositionen
403 373 120 29 angäende
539 374 82 28 anslag
636 373 37 22 till
689 373 172 22 folkskolornas

103 408 8 21 i
126 408 81 21 landet
221 408 122 22 underhäll
358 408 74 21 under
447 408 154 22 instundande
617 408 169 29 budgetperiod
804 415 58 22 upp-

104 443 60 28 tagit
180 442 76 22 denna
269 442 67 29 fräga
351 443 37 21 till
403 442 150 29 behandling.

174 477 116 28 Slutligen
309 484 67 14 anser
391 477 36 28 sig
442 477 122 22 Utskottet
578 477 57 21 böra
649 477 108 28 upplysa,
773 478 35 20 att
822 476 40 21 det

105 511 101 22 tillskott
228 511 8 21 i
259 511 110 29 anslagen
385 511 36 22 för
436 511 165 26 folkskolorna,
618 518 48 14 som
682 518 84 21 genom
780 511 82 21 motio-

105 553 57 14 nens
178 545 131 29 antagande
324 545 77 22 blefve
411 545 153 29 erforderligt,
576 545 74 22 skulle
659 545 75 21 under
745 545 115 29 ingäende

105 580 168 29 budgetperiod
293 580 80 29 uppgå
394 580 8 21 i
423 580 109 22 medeltal
555 580 35 22 till
612 580 87 21 inemot
716 580 90 27 100,000
822 579 40 22 mk

106 621 37 15 om
159 614 55 22 äret.

174 648 34 22 På
230 648 27 21 de
278 648 101 29 grunder
399 648 120 22 Utskottet
541 648 72 22 ofvan
634 648 51 22 haft
704 652 55 18 äran
782 648 80 22 anföra

107 690 36 14 ser
159 682 36 29 sig
209 682 122 22 Utskottet
346 682 126 22 föranlåtet
487 683 119 21 vördsamt
621 682 95 28 föreslå;

382 749 31 18 att
437 746 174 28 ifrågavarande
633 747 81 20 motion
738 746 45 21 icke
798 746 65 20 måtte

314 780 33 21 till
373 781 72 27 någon
469 781 80 27 åtgärd
570 781 59 27 från
655 780 135 21 Ständernas
813 780 50 21 sida

308 815 129 26 Jöranleda.

177 996 42 22 Uti
241 996 171 29 behandlingen
436 997 26 21 af
483 997 63 21 detta
569 996 83 22 ärende
667 996 71 22 hafva
753 996 109 29 deltagit:

109 1029 155 23 ordföranden
290 1031 129 26 Hackman,
442 1031 157 22 ledamöterne
622 1031 27 21 N.
674 1030 138 25 Grotenfelt,
834 1030 28 21 A.

110 1064 137 27 Schauman,
263 1065 119 27 Norrmén,
398 1065 120 26 Kihlman,
533 1065 100 27 Donner,
649 1065 22 21 J.
687 1065 26 22 R.
730 1065 134 24 Danielson,

108 1098 144 26 Nordström,
272 1099 125 27 Snellman,
413 1099 92 28 Heikel,
521 1099 108 27 Neovius,
644 1099 73 28 Värri,
733 1099 71 22 Häkli
820 1098 44 22 och

108 1133 97 29 Kiipula
228 1137 59 18 samt
309 1134 178 28 suppleanterne
512 1134 113 21 Vasenius
641 1134 43 22 och
699 1134 22 21 J.
737 1134 126 28 Lindberg.

177 1196 147 29 Helsingfors
340 1196 45 22 den
401 1198 28 21 30
444 1197 58 29 april
520 1198 62 21 1891.

179 1475 140 18 Statsutskottets
332 1475 109 18 betänkande
453 1475 38 18 N:o
504 1476 17 17 5.
