1064 1661
291 111 283 23 Petitionsbetänkande
590 112 46 22 N:o
652 112 36 22 13.
820 114 12 20 9

103 176 35 19 att
160 174 95 28 betjäna
273 174 35 28 sig
324 174 26 21 af
363 174 154 21 förbindelser
532 174 8 21 i
555 174 129 21 växelform
700 174 47 21 kan
762 174 52 21 bäst
829 174 34 21 öf-

103 208 109 28 verskyla
234 208 36 21 sin
286 208 106 28 oskäliga
408 208 68 21 vinst.
506 208 85 22 Härtill
606 208 110 27 kommer,
733 210 34 19 att
782 208 81 21 växlar

103 242 52 21 icke
178 242 60 21 blott
260 242 98 21 allmänt
380 242 107 21 utställas
509 244 58 19 utan
584 242 92 28 verklig
691 242 56 21 eller
762 244 101 20 motsva-

103 276 72 21 rande
198 276 86 25 valuta,
305 279 57 18 utan
387 276 68 21 äfven
472 276 48 21 lika
536 276 48 21 ofta
599 277 93 20 komma
707 276 37 21 till
760 277 102 21 använd-

103 311 58 28 ving
185 310 41 21 där
248 310 96 21 valutan
365 313 94 25 utgöres
482 310 26 21 af
528 310 123 22 allehanda
666 311 197 21 konsumtionsar-

103 345 78 26 tiklar,
206 344 92 21 hvilkas
331 344 171 29 ursprungliga,
525 345 30 28 på
576 345 54 21 kort
652 345 35 21 tid
717 345 146 21 krediterade

104 379 47 28 pris
182 386 82 21 genom
295 378 210 29 betalningstidens
536 379 151 28 förlängning
712 379 44 21 och
779 386 85 21 uppre-

104 413 59 28 pade
195 413 169 28 omsättningar
394 413 110 28 slutligen
533 413 91 28 uppgår
649 413 36 21 till
712 415 34 19 ett
772 416 91 18 enormt

104 447 91 29 belopp.
226 447 12 22 I
253 447 119 28 åtskilliga
395 447 65 21 delar
482 447 26 22 af
520 447 81 22 landet
616 447 66 22 idkas
698 447 45 22 slik
759 447 104 22 växelrö-

105 482 58 21 relse
179 482 8 21 i
203 482 50 21 icke
270 481 120 28 obetydlig
406 481 65 22 skala
487 481 19 29 ej
524 482 98 21 allenast
638 481 26 22 af
676 482 100 28 mången
786 481 78 22 landt-

105 516 139 27 handlande,
260 518 56 19 utan
332 515 69 22 äfven
417 516 26 21 af
456 516 72 21 andra
544 523 114 21 personer.
690 515 119 23 Utskottet
821 516 42 21 har

106 551 78 21 därför
206 553 81 21 ansett,
304 553 34 18 att
358 551 73 27 något
446 550 216 21 tillfredsställande
677 550 98 21 resultat
789 550 74 28 möjli-

105 592 46 21 gen
174 584 78 22 kunde
275 585 66 21 ernås
364 592 84 21 genom
464 584 87 22 sådana
566 584 163 28 förändringar
745 584 8 21 i
767 591 32 14 nu
815 584 49 28 gäl-

106 618 69 22 lande
205 618 159 29 växelstadga,
395 619 152 28 hvarigenom
577 619 84 21 bruket
691 618 26 22 af
743 618 86 27 växlar,
855 618 9 21 i

107 653 127 29 synnerhet
254 654 30 28 på
306 653 168 28 landsbygden,
498 653 76 21 blefve
597 652 123 22 inskränkt
743 652 56 22 eller
814 652 51 22 des-

107 694 35 14 sas
174 688 152 28 användning
352 688 8 20 i
386 688 171 20 transaktioner
582 687 98 21 emellan
703 687 52 21 icke
785 686 80 22 affärs-

107 725 53 18 män
191 721 129 22 afskaffadt.
359 722 63 21 Utan
453 724 35 18 att
515 721 129 21 emellertid
671 722 55 27 ingå
751 721 8 20 i
783 721 82 28 detalj-

106 755 202 29 undersökningar
338 756 36 21 till
406 755 130 22 utrönande
566 755 26 22 af
620 755 27 21 de
675 755 114 28 åtgärder,
815 762 50 14 som

106 790 83 21 härvid
212 789 77 22 kunde
308 797 56 14 vara
380 790 116 28 lämpliga,
513 790 42 21 har
569 789 122 22 Utskottet
706 789 81 21 endast
802 789 64 21 velat

107 823 94 29 antyda,
218 826 34 19 att
267 824 181 28 lagstiftuingen
463 831 84 21 genom
563 823 170 29 inskränkning
749 823 26 21 af
787 823 79 21 växel-

107 858 102 21 rörelsen
232 858 43 21 och
298 858 138 20 hämmande
458 858 26 20 af
497 858 51 21 dess
563 857 176 22 missbrukande
754 857 111 28 möjligen

107 892 78 21 kunde
201 892 36 21 för
252 892 36 21 sin
305 892 37 21 del
358 892 129 21 motarbeta
503 892 39 21 det
556 892 8 20 i
577 892 76 28 några
668 892 63 21 delar
747 891 26 21 af
785 891 81 21 landet

109 926 139 28 tilltagande
258 926 156 28 procenteriet
425 926 43 21 och
479 926 39 21 det
528 926 8 21 i
547 926 111 21 samband
667 926 94 21 därmed
769 925 96 22 stående

108 960 200 22 affärslättsinnet.

177 994 54 22 Med
253 994 51 22 stöd
328 994 25 21 af
374 994 70 22 ofvan
465 994 135 22 framstälda
615 994 140 28 motivering
771 994 38 21 får
823 994 44 22 Ut-

108 1029 89 21 skottet
210 1028 119 22 vördsamt
344 1028 91 26 föreslå,

384 1139 31 18 att
438 1137 125 20 Siänderna
587 1137 7 20 i
616 1137 118 28 anledning
757 1137 30 26 af
804 1137 63 28 före-

316 1171 96 20 varande
425 1171 193 28 petitionsförslag
635 1171 48 21 ville
695 1172 51 27 ingå
757 1172 34 20 till
803 1171 64 21 Hans

315 1205 124 27 Kejserliga
456 1205 103 27 Majestät
575 1205 47 21 med
638 1213 24 13 en
678 1205 139 28 underdånig
830 1213 37 20 pe-

316 1239 61 20 tition
395 1239 84 25 därom,

384 1275 31 19 att
438 1273 64 21 Hans
525 1273 124 28 Kejserliga
668 1273 104 28 Majestät
787 1274 80 21 täcktes

318 1308 6 19 i
341 1307 68 21 nåder
432 1310 51 25 taga
504 1308 70 20 under
595 1308 148 27 ompröfning,
759 1308 109 21 huruvida

317 1342 25 20 de
365 1341 215 27 missförhållanden,
596 1348 45 14 som
656 1343 8 19 i
680 1342 111 21 särskilda
807 1343 62 20 delar

318 1376 30 26 af
361 1376 74 19 landet
446 1376 100 26 uppstått
554 1383 76 20 genom
639 1376 108 20 missbruk
755 1376 28 27 af
790 1377 78 20 växeln

316 1409 72 20 såsom
398 1409 157 28 kreditpapper
566 1409 38 21 och
613 1416 76 21 genom
699 1412 28 18 ett
737 1410 131 27 tilltagande

179 1448 130 23 Lagutskottets
321 1448 111 18 betänkande
444 1448 38 18 N:o
498 1449 15 17 7.
