1064 1675
259 150 278 23 Petitionsbetänkande
552 150 45 23 N:o
613 151 37 22 41.

355 488 229 28 Lagutskottets
597 489 183 22 betänkande
792 488 46 23 N:o

282 522 29 22 18
331 522 9 22 i
356 522 137 28 anledning
508 522 27 23 af
549 522 201 24 Statsutskottets
764 523 74 22 fram-

286 557 121 28 ställning
432 557 126 28 angående
584 557 90 28 nådiga
696 557 142 23 manifestet

287 591 28 22 af
334 591 48 22 den
408 591 27 22 12
453 592 59 28 juni
527 592 60 22 1890
603 591 155 23 beträffande
773 592 65 28 post-

288 625 114 22 rörelsen
425 625 127 23 äfvensom
576 627 91 21 tvänne
688 626 42 22 till
750 626 90 28 Lagut-

289 659 92 23 skottet
410 660 162 22 remitterade
593 659 215 29 petitionsförslag
829 660 11 21 i

288 700 92 15 samma
395 695 80 26 ämne,
491 694 42 23 det
549 701 45 15 ena
609 694 143 23 framstäldt
762 694 10 22 i
782 694 57 22 Rid-

288 728 131 28 derskapet
442 729 48 22 och
505 729 86 27 Adeln,
607 729 42 22 det
664 729 77 22 andra
757 729 9 22 i
781 728 59 23 Bor-

288 761 165 28 gareståndet.

151 852 83 29 Enligt
254 852 88 29 förslag
365 852 26 22 af
409 853 180 22 Statsutskottet
604 854 8 21 i
628 853 51 22 dess
695 854 52 21 med
762 853 78 22 anled-

82 886 60 28 ning
157 886 26 22 af
190 887 312 29 Postsparbanksstyrelsens
514 888 99 21 relation
623 888 37 21 till
671 888 91 22 landets
772 888 68 22 Stän-

83 920 42 22 der
140 928 37 14 om
192 921 210 29 postsparbankens
417 922 108 22 tillstånd
537 925 44 19 och
593 922 145 29 förvaltning
750 922 90 29 afgifna

83 955 147 22 betänkande
252 955 71 22 hafva
342 956 109 29 samtliga
467 956 68 22 stånd
551 956 96 22 beslutit
661 956 105 22 inhämta
781 956 61 29 Lag-

82 989 127 22 utskottets
231 990 119 22 utlåtande
372 990 66 22 öfver
459 990 103 29 följande
585 991 7 21 i
608 990 72 29 sagda
696 990 145 22 betänkande

83 1023 137 23 meddelade
234 1024 181 30 framställning:

154 1128 40 20 Vid
215 1129 148 25 granskningen
381 1129 19 19 af
415 1128 111 21 relationen
541 1129 103 26 angående
659 1130 183 25 postsparbankens

85 1156 92 21 tillstånd
199 1157 37 20 och
257 1157 121 26 förvaltning
393 1158 38 19 och
446 1158 46 19 med
506 1158 80 25 hänsyn
601 1158 43 19 icke
659 1158 51 20 blott
725 1159 30 19 till
770 1159 38 19 den
823 1159 20 18 af

83 1185 113 20 Ständerna
218 1186 34 19 vid
276 1187 53 19 1885
352 1186 32 19 års
405 1186 96 25 landtdag
516 1187 29 19 för
559 1187 173 25 postsparbanken
747 1187 96 25 beviljade

85 1214 131 25 statsgaranti
230 1216 49 18 utan
294 1215 37 19 ock
346 1215 30 19 till
390 1215 35 19 det
439 1217 49 17 nära
503 1215 116 20 sambandet
634 1215 84 20 emellan
732 1216 66 19 denna
812 1216 30 19 in-

84 1242 96 20 stitution
196 1243 36 19 och
246 1243 122 25 postverket,
383 1243 61 20 hvars
460 1243 121 25 tjenstemän
595 1244 7 19 i
617 1243 108 20 allmänhet
734 1244 63 19 tillika
809 1246 33 17 äro

86 1271 89 20 bankens
197 1271 141 25 funktionärer,
360 1272 36 19 har
418 1272 103 19 Utskottet
543 1272 43 19 icke
603 1272 78 19 kunnat
695 1272 105 20 underläta
814 1274 30 17 att

85 1301 56 28 taga
155 1299 8 20 i
186 1300 150 25 öfvervägande,
360 1301 82 19 hvilken
466 1301 97 19 inverkan
587 1301 72 24 nädiga
674 1301 114 20 manifestet
805 1301 39 19 den

84 1327 20 36 =
110 1330 34 36 jun
158 1335 54 19 1890
228 1334 101 25 angäende
344 1335 146 25 postväsendet
505 1335 6 19 i
527 1335 191 20 Storfurstendömet
730 1335 83 20 Finland
823 1337 21 17 är

86 1368 74 25 egnadt
182 1370 30 18 att
231 1369 67 19 utöfva
313 1368 26 26 pä
354 1369 135 25 postverkets,
504 1369 37 19 och
551 1369 108 20 medelbart
674 1369 58 20 äfven
747 1369 26 26 pä
788 1371 56 24 post-

87 1397 136 24 sparbankens
239 1397 95 25 ställning
349 1397 37 20 och
401 1397 133 20 verksamhet.

156 1425 34 20 Uti
205 1426 60 25 sagda
280 1425 72 26 nädiga
367 1426 94 19 manifest
477 1426 87 25 stadgas,
579 1427 30 18 att
624 1437 27 3 —
666 1426 30 19 för
710 1426 102 20 införande
826 1426 20 19 af

87 1453 135 26 likformighet
235 1454 31 19 uti
280 1454 145 25 postväsendet
439 1454 56 19 inom
510 1455 44 19 hela
569 1455 69 24 Ryska
653 1455 51 19 riket
719 1466 27 3 —
756 1455 88 24 ,lednin-

157 1492 128 23 Lagutskottets
298 1492 111 18 betänkande
422 1493 35 17 N:o
470 1493 30 17 18.
