1070 1667
278 136 244 22 Petitionsbetänkande
538 136 36 22 N:o
590 136 34 22 20.
779 138 26 20 29

150 206 7 21 I
181 206 233 22 elementarskolornas
437 212 101 21 program
561 206 67 27 ligger
642 206 67 28 jämte
725 206 111 27 uppgiften

82 243 31 19 att
135 240 57 28 gifva
214 247 85 15 samma
321 240 154 28 undervisning
498 248 48 14 som
565 241 6 21 i
587 241 112 27 lyceernas
715 240 37 22 två
767 240 70 27 lägsta

81 275 88 27 klasser,
190 275 82 27 jämväl
295 275 41 21 den
357 277 32 19 att
404 274 114 22 förbereda
533 275 30 21 till
581 275 118 21 »särskilda
713 275 124 21 fackskolor

81 310 34 21 för
137 310 26 21 de
178 309 111 28 praktiska
309 309 203 22 lefnadsbanorna».
542 310 40 21 Det
596 310 45 21 kan
656 310 56 21 dock
728 309 108 22 öfverhuf-

83 344 100 28 vudtaget
206 346 69 19 sättas
290 344 6 20 i
312 344 66 27 fråga,
394 344 106 21 huruvida
516 344 59 22 detta
590 350 77 16 senare
683 344 43 21 mål
741 350 39 16 ens
795 344 41 20 till-

82 379 139 21 närmelsevis
233 384 79 22 genom
324 385 27 15 en
362 378 117 28 tvåklassig
488 379 67 26 skola,
567 379 154 21 motsvarande
729 379 26 21 de
766 379 70 27 lägsta

81 413 166 27 lyceiklasserna
264 413 41 21 och
320 413 50 21 med
386 419 27 15 en
428 413 156 22 inträdesålder
599 413 23 21 af
638 414 25 20 10
679 415 13 19 å
709 414 24 20 11
748 414 30 26 år,
792 413 43 21 kan

81 448 76 21 vinnas
172 448 7 21 i
194 447 73 28 någon
282 454 46 16 mer
343 448 122 28 betydande
480 448 54 27 grad
550 449 28 20 än
594 448 6 20 i
611 448 42 21 den
664 448 66 27 högre
741 447 94 22 folksko-

81 482 40 22 lan.
150 483 114 21 Fastmera
279 488 65 22 synes
359 482 36 22 det
405 483 73 21 såsom
495 482 67 22 skulle
578 482 71 22 denna
665 488 76 16 senare
762 482 27 28 på
805 484 29 20 ett

81 517 49 21 vida
145 524 46 14 mer
206 516 195 22 tillfredsställande
416 518 43 20 sätt
474 517 74 21 kunna
564 516 49 28 fylla
635 517 72 21 denna
725 517 110 21 allmänna

81 551 87 28 uppgift.
190 551 40 21 Det
246 551 80 21 dubbla
341 551 49 27 mål,
407 558 48 14 som
470 551 102 27 förelagts
588 551 41 21 den
645 550 131 28 tvåklassiga
792 552 43 20 ele-

81 586 168 26 mentarskolan,
271 585 109 27 förbjuder
395 586 109 26 nämligen
525 585 122 22 införandet
663 585 23 21 af
700 592 26 15 en
742 586 93 21 afslutad

81 620 50 21 kurs
153 620 7 21 i
182 621 67 26 något
272 620 55 21 enda
350 620 24 21 af
387 620 27 21 de
430 620 107 27 egentliga
552 620 149 26 läroämnena,
717 620 42 22 och
773 620 64 21 häraf

81 654 61 28 följer
156 655 49 21 med
221 654 161 28 nödvändighet
397 657 31 19 att
444 660 27 16 en
487 655 53 26 elev,
555 661 48 15 som
618 654 120 22 dimitteras
749 654 47 22 från
807 661 27 15 en

80 688 117 28 tvåklassig
216 689 186 27 elementarskola,
418 688 63 22 äfven
497 696 36 14 om
549 689 43 21 han
608 689 76 21 härvid
699 689 91 21 erhåller
805 691 30 19 ett

80 723 52 27 godt
143 723 70 28 betyg,
230 723 70 21 måste
315 724 69 21 under
399 723 159 27 förutsättning,
574 725 32 19 att
620 724 44 20 han
679 724 93 21 därefter
787 724 48 21 icke

81 757 106 22 förkofrar
207 758 32 27 sig
255 758 7 20 i
277 758 106 21 särskilda
398 758 96 27 stycken,
511 764 65 15 anses
591 764 52 15 vara
659 758 112 22 kamraten
787 757 47 22 från

81 792 119 21 folkskolan
215 792 93 27 afgjordt
324 792 144 27 underlägsen
483 792 7 20 i
506 792 109 21 allmänna
630 792 129 27 kunskaper.

149 838 37 20 Att
201 838 47 21 åter
263 844 79 21 genom
353 838 27 21 de
388 838 132 27 tvåklassiga
529 838 101 22 skolorna
638 838 81 22 bereda
728 838 26 22 de
762 838 71 21 bättre

81 872 125 22 bemedlade
229 872 227 22 samhällsklassernas
477 872 55 22 barn
550 872 82 22 tillfälle
647 873 31 21 till
693 875 87 25 separat
795 879 38 14 un-

81 906 128 28 dervisning,
226 906 75 22 afsedd
317 909 31 19 att
363 906 111 22 förhindra
490 909 31 19 ett
531 913 45 16 mer
585 907 134 21 omfattande
726 909 108 25 umgänge

81 941 50 21 med
146 941 54 21 barn
215 941 47 21 från
277 940 77 22 folkets
371 941 82 22 mindre
469 942 127 21 bemedlade
607 942 41 21 och
657 942 83 22 mindre
748 941 85 21 bildade

81 976 64 26 lager,
168 976 62 21 torde
253 976 49 21 med
325 976 85 27 hänsyn
428 976 29 21 till
474 976 42 22 den
531 976 93 21 faktiska
639 976 158 27 gestaltningen
813 975 23 22 af

82 1010 26 21 de
129 1010 58 26 lägre
207 1010 113 21 skolornas
343 1010 267 27 klass-sammansättning
631 1010 51 28 föga
697 1010 22 21 af
732 1010 102 22 behofvet

81 1044 114 28 påkalladt,
215 1045 90 21 likasom
320 1046 36 20 väl
371 1045 64 22 äfven
450 1046 102 27 möjligen
567 1045 161 22 framträdande
742 1045 92 22 tenden-

80 1085 35 15 ser
137 1079 6 21 i
165 1079 69 21 sådan
256 1079 94 27 riktning
365 1079 47 22 från
429 1080 111 27 principiel
556 1080 108 28 synpunkt
679 1080 47 22 icke
742 1080 54 21 böra
812 1079 23 22 af

81 1115 70 20 staten
167 1113 118 22 befordras.

148 1154 61 21 Hvad
232 1154 40 21 här
295 1154 64 21 ofvan
382 1154 120 27 förebragts
522 1154 30 22 till
567 1154 166 28 komplettering
748 1154 24 22 af
785 1154 26 21 de
828 1154 6 21 i

80 1188 242 26 petitionsmemorialen
345 1188 107 28 ingående
475 1189 127 21 uttalanden
621 1189 112 27 angående
749 1188 84 22 landets

80 1221 131 28 tvåklassiga
226 1223 199 27 elementarskolor,
440 1223 98 27 innebär,
550 1223 65 27 enligt
628 1223 114 21 utskottets
753 1223 80 21 förme-

79 1256 77 27 nande,
179 1264 27 14 en
229 1257 137 27 bevisföring,
390 1264 48 15 som
454 1257 119 27 berättigar
587 1258 30 20 till
633 1257 93 28 följande
741 1257 92 22 konklu-

80 1291 81 21 sioner:

148 1332 31 20 1:o
195 1332 27 20 de
237 1332 131 26 tväklassiga
384 1332 222 22 elementarskolorna
620 1332 65 21 halva
699 1332 47 22 icke
757 1331 75 21 vunnit

78 1366 114 20 nämvärdt
207 1365 124 23 förtroende
346 1366 74 22 såsom
435 1366 172 27 parallelklasser
621 1366 31 21 till
663 1366 26 22 de
697 1366 136 26 fullständiga

79 1399 110 27 lyceernas
204 1400 70 27 lägsta
289 1400 93 26 klasser;

145 1440 34 21 2:0
195 1440 26 21 de
230 1439 132 28 tväklassiga
371 1440 222 22 elementarskolorna
601 1440 73 21 kunna
683 1440 46 21 icke
738 1439 49 28 fylla
798 1440 34 20 sin

145 1484 98 19 Allmänna
256 1485 173 19 Besvärsutskottets
440 1485 109 19 betänkande
562 1484 36 18 N:o
609 1485 29 17 21.
