1053 1678
270 158 25 18 14
426 157 276 22 Petitionsbetänkande
718 158 44 21 N:o
778 157 38 22 39.

240 219 111 22 deståndet
373 220 34 21 vid
430 223 82 18 senaste
535 221 101 27 landtdag
659 221 88 27 ingifvet
762 221 183 27 petitionsförslag,
961 220 35 21 be-

238 253 99 22 handlats
353 255 20 20 af
389 254 122 27 Ständerna,
522 255 67 20 ehuru
600 257 50 18 utan
661 255 112 27 framgång
783 255 32 20 för
828 255 167 27 petitionärerne.

238 287 161 28 Behöfligheten
422 289 21 20 af
466 295 26 15 en
507 289 55 20 finsk
578 289 109 21 flickskola
704 289 12 21 å
731 289 70 20 denna
816 291 33 18 ort
863 289 39 21 har
916 289 80 20 utskot-

238 323 31 19 tet
289 322 62 28 lifligt
373 323 82 26 erkänt;
482 323 72 21 skolan
576 325 24 19 är
617 323 63 21 också
696 323 152 27 jämförelsevis
863 323 34 21 väl
912 323 83 26 besökt;

239 356 48 20 dess
303 356 110 28 elevantal,
428 364 45 14 som
488 357 90 21 läseåret
594 358 111 20 1887—88
721 357 109 27 utgjordes
845 358 21 20 af
876 358 27 20 54
915 358 80 26 flickor,

238 390 38 20 har
299 391 65 20 sedan
389 391 47 21 dess
452 392 53 20 varit
519 392 7 19 i
542 392 52 26 jämt
609 392 95 27 stigande
720 392 39 20 och
775 392 81 27 uppgår
871 398 29 14 nu
915 392 32 20 till
963 392 32 20 73.

238 423 109 23 Utskottet
369 431 61 15 anser
444 425 96 27 sakläget
555 425 54 21 dock
625 427 57 19 ännu
698 426 46 21 icke
760 425 83 28 påkalla
859 432 26 14 en
901 425 72 28 åtgärd
988 426 8 20 i

239 458 40 21 den
291 459 22 20 af
327 459 200 28 förslagsställarene
543 460 93 26 antydda
651 460 101 27 riktning.
783 459 10 21 I
808 459 67 22 likhet
889 460 48 21 med
950 460 45 21 All-

237 495 79 18 männä
332 493 187 22 besvärsutskottet
534 494 35 21 vid
586 495 53 20 1888
656 495 33 20 års
704 494 102 27 landtdag
816 494 68 21 finner
895 494 101 21 utskottet

238 527 35 20 det
296 534 77 20 genom
395 528 76 28 nädiga
495 529 140 27 kungörelsen
663 529 22 20 af
708 529 40 20 den
765 529 25 20 11
806 527 118 22 December
941 529 55 20 1884

237 561 33 20 för
293 562 80 27 privata
395 563 96 20 läroverk
513 563 7 20 i
536 563 64 26 utsigt
615 563 75 20 ställda
707 563 138 20 understödet
858 563 23 20 sä
896 563 99 28 effektivt,

237 597 31 19 att
291 603 33 14 om
341 596 35 21 det
391 597 135 21 tillerkännes
542 597 74 20 skolan
631 597 32 20 till
680 597 35 21 sitt
730 597 54 20 fulla
800 597 80 27 belopp,
897 597 34 21 det
946 598 49 20 med

237 630 78 21 fästadt
329 631 99 21 afseende
444 631 12 21 &
467 631 201 21 ortsförhällandena
680 631 123 28 antagligen
814 631 95 21 kommer
919 633 30 19 att
960 631 35 22 be-

236 665 51 20 reda
303 665 41 21 den
360 672 26 14 en
401 666 82 20 hällbar
498 666 123 20 ekonomisk
636 666 106 26 ställning.
773 665 73 21 Säsom
861 666 7 20 i
883 666 112 20 memoria-

236 698 30 21 let
284 700 85 20 utredes
384 700 38 20 har
437 700 79 27 skolan,
532 707 46 14 som
593 700 23 20 är
632 701 55 19 1885
705 700 125 27 utvidgades
845 700 31 20 till
891 700 104 26 fyraklas-

236 733 38 27 sig,
297 734 46 20 frän
366 734 91 21 nämnda
472 734 29 21 tid
517 734 55 21 ända
588 734 30 21 till
633 735 76 21 hösten
727 734 55 20 1890
799 734 84 27 ätnjutit
898 734 21 21 af
935 736 60 19 stats-

236 768 74 20 verket
326 769 60 27 3,200
402 769 68 26 mark;
486 769 32 21 för
528 769 131 21 närvarande
670 769 62 27 utgär
743 768 194 27 statsunderstödet,
948 769 47 20 räk-

236 802 52 20 nadt
312 802 45 21 frän
374 803 119 21 innevande
513 803 79 21 läseärs
607 803 79 27 början,
703 802 49 22 med
769 803 61 27 5,000
845 803 65 21 mark.
941 803 53 21 Sub-

236 836 161 28 ventionslagen
413 838 85 26 medger
514 838 54 20 dock
584 844 27 14 en
626 838 124 27 ytterligare
765 837 121 27 förhöjning
896 837 21 21 af
927 838 68 20 ansla-

235 872 36 25 get
293 871 48 21 med
365 872 61 26 3,000
448 872 65 26 mark,
530 872 22 20 sä
567 874 30 18 att
612 872 74 20 skolan
701 872 35 20 för
750 871 44 21 fem
808 871 80 21 klasser
902 872 42 20 kan
959 872 36 26 pä-

235 904 66 21 räkna
314 907 30 19 ett
359 906 113 20 understöd
488 906 21 20 af
523 906 75 20 inalles
614 906 60 27 8,000
690 906 62 20 mark
764 912 34 14 om
809 905 48 21 äret.
887 905 51 21 Men
948 906 47 20 här-

235 939 36 20 vid
287 941 23 19 är
325 941 58 19 ännu
398 946 25 14 en
439 940 65 27 vigtig
520 940 155 28 omständighet
691 942 31 19 att
737 940 93 20 beaktas.
860 940 82 20 Genom
957 940 37 20 nä-

235 973 49 27 diga
305 974 143 22 resolutionen
464 975 21 20 af
500 974 41 21 den
557 975 26 20 22
600 974 93 21 Oktober
711 974 55 20 1890
783 974 118 21 bestämdes
915 974 80 21 elever-

235 1013 38 15 nas
290 1008 34 20 vid
340 1008 89 21 berörda
444 1009 58 20 skola
517 1009 173 27 terminsafgifter
706 1008 33 21 till
749 1008 65 21 minst
824 1014 80 15 samma
912 1008 81 27 belopp,

235 1047 45 15 som
304 1042 95 28 erlägges
417 1043 35 20 vid
467 1044 79 19 statens
560 1042 221 21 fruntimmersskolor
797 1043 33 26 (40
845 1042 74 27 mark),
933 1043 61 20 hvar-

233 1076 66 27 jämte
323 1076 128 21 beträffande
465 1077 106 26 friplatser
592 1077 76 27 nådiga
692 1076 144 27 kungörelsen
859 1077 21 20 af
903 1077 41 20 den
966 1077 27 20 22

233 1110 94 27 Augusti
343 1111 55 20 1889
411 1111 68 21 skulle
494 1111 64 21 lända
572 1111 32 21 till
615 1111 147 21 efterrättelse.
792 1110 34 21 Dä
835 1111 60 20 dessa
905 1111 89 20 bestäm-

233 1144 78 27 ningar
333 1145 138 27 genomföras,
495 1145 86 21 komma
603 1145 109 21 desamma
736 1147 29 19 att
786 1145 95 21 medföra
904 1147 29 19 ett
947 1145 47 21 icke

234 1178 118 29 obetydligt
367 1179 88 21 tillskott
468 1180 7 20 i
491 1179 85 21 skolans
590 1180 124 21 inkomster.

302 1213 62 21 Hvad
376 1220 29 14 nu
413 1216 55 25 sagts
477 1220 34 15 om
519 1214 97 21 Joensuu
624 1213 208 22 fruntimmersskola
840 1219 49 22 eger
899 1213 32 21 sin
941 1213 53 21 fulla

233 1247 134 28 tillämpning
379 1248 77 27 jämväl
467 1248 26 27 pä
508 1248 76 21 skolan
598 1248 8 20 i
622 1248 30 21 S:t
667 1248 87 27 Michel,
769 1248 63 21 hvars
847 1250 82 19 senaste
945 1248 49 21 sub-

233 1281 146 22 ventionsbref
408 1284 22 19 är
458 1283 20 20 af
508 1289 80 14 samma
611 1282 73 21 datum
711 1282 40 21 och
774 1281 117 22 innehåller
913 1289 80 14 samma

233 1315 82 28 villkor,
331 1323 45 14 som
391 1317 87 20 faställts
494 1317 32 20 för
536 1317 144 26 nyssnämnda
690 1316 67 21 skola.
772 1315 77 22 Härtill
857 1316 97 21 kommer
961 1318 30 19 att

231 1349 221 22 fruntimmersskolan
466 1350 7 20 i
489 1350 31 21 S:t
528 1350 82 27 Michel,
618 1357 45 14 som
675 1352 24 19 är
708 1349 125 28 sexklassig,
840 1350 41 20 kan
889 1350 27 27 pä
923 1350 69 27 grund

233 1384 22 20 af
269 1384 200 28 subventionslagen
484 1384 21 21 fä
520 1385 36 20 sitt
570 1384 47 21 frän
632 1386 88 19 senaste
735 1384 48 20 höst
797 1384 48 20 med
862 1384 61 27 7,000
933 1385 60 20 mark

231 1418 107 27 utgäende
354 1418 124 28 statsbidrag
493 1418 93 28 förhöjdt
601 1418 54 21 ända
673 1418 34 21 till
719 1418 75 27 10,000
805 1418 65 21 mark.
895 1418 39 21 Att
945 1419 48 21 ock-

232 1452 23 20 sä
279 1452 71 21 denna
365 1452 121 22 läroanstalt
501 1452 99 28 framgätt
615 1459 26 14 ur
656 1455 30 19 ett
703 1452 107 27 allvarligt
824 1452 169 28 bildningssträf-

302 1492 104 18 Allmänna
417 1492 168 18 Besvärsutskottets
597 1492 115 18 betänkande
724 1492 38 17 N:o
775 1492 30 16 29.
