<?xml version="1.0" encoding="UTF-8"?>
<alto xmlns="http://www.loc.gov/standards/alto/ns-v3#" xmlns:xlink="http://www.w3.org/1999/xlink" xmlns:xsi="http://www.w3.org/2001/XMLSchema-instance" xsi:schemaLocation="http://www.loc.gov/standards/alto/ns-v3# http://www.loc.gov/alto/v3/alto-3-0.xsd">
	<Description>
		<MeasurementUnit>pixel</MeasurementUnit>
		<sourceImageInformation>
			<fileName>/tmp/tess_588tkqnb_input.PNG</fileName>
		</sourceImageInformation>
		<OCRProcessing ID="OCR_0">
			<ocrProcessingStep>
				<processingSoftware>
					<softwareName>tesseract 5.3.4</softwareName>
				</processingSoftware>
			</ocrProcessingStep>
		</OCRProcessing>
	</Description>
	<Layout>
		<Page WIDTH="1056" HEIGHT="1673" PHYSICAL_IMG_NR="0" ID="page_0">
			<PrintSpace HPOS="0" VPOS="0" WIDTH="1056" HEIGHT="1673">
				<ComposedBlock ID="cblock_0" HPOS="264" VPOS="117" WIDTH="489" HEIGHT="24">
					<TextBlock ID="block_0" HPOS="264" VPOS="117" WIDTH="489" HEIGHT="24">
						<TextLine ID="line_0" HPOS="264" VPOS="117" WIDTH="489" HEIGHT="24">
							<String ID="string_0" HPOS="264" VPOS="119" WIDTH="41" HEIGHT="19" WC="0.95" CONTENT="184"/><SP WIDTH="146" VPOS="119" HPOS="305"/>
							<String ID="string_1" HPOS="451" VPOS="117" WIDTH="222" HEIGHT="24" WC="0.90" CONTENT="Petitionsbetänkande"/><SP WIDTH="17" VPOS="117" HPOS="673"/>
							<String ID="string_2" HPOS="690" VPOS="119" WIDTH="33" HEIGHT="21" WC="0.88" CONTENT="N:o"/><SP WIDTH="16" VPOS="119" HPOS="723"/>
							<String ID="string_3" HPOS="739" VPOS="118" WIDTH="14" HEIGHT="23" WC="0.95" CONTENT="1."/>
						</TextLine>
					</TextBlock>
				</ComposedBlock>
				<ComposedBlock ID="cblock_1" HPOS="219" VPOS="177" WIDTH="757" HEIGHT="1287">
					<TextBlock ID="block_1" HPOS="224" VPOS="177" WIDTH="752" HEIGHT="635">
						<TextLine ID="line_1" HPOS="231" VPOS="177" WIDTH="745" HEIGHT="29">
							<String ID="string_4" HPOS="231" VPOS="177" WIDTH="119" HEIGHT="23" WC="0.95" CONTENT="tillförseln"/><SP WIDTH="20" VPOS="177" HPOS="350"/>
							<String ID="string_5" HPOS="370" VPOS="178" WIDTH="36" HEIGHT="22" WC="0.93" CONTENT="till"/><SP WIDTH="15" VPOS="178" HPOS="406"/>
							<String ID="string_6" HPOS="421" VPOS="178" WIDTH="139" HEIGHT="22" WC="0.91" CONTENT="Nikolaistad"/><SP WIDTH="15" VPOS="178" HPOS="560"/>
							<String ID="string_7" HPOS="575" VPOS="179" WIDTH="62" HEIGHT="22" WC="0.96" CONTENT="torde"/><SP WIDTH="16" VPOS="179" HPOS="637"/>
							<String ID="string_8" HPOS="653" VPOS="179" WIDTH="64" HEIGHT="22" WC="0.96" CONTENT="bestå"/><SP WIDTH="15" VPOS="179" HPOS="717"/>
							<String ID="string_9" HPOS="732" VPOS="178" WIDTH="25" HEIGHT="22" WC="0.93" CONTENT="af"/><SP WIDTH="13" VPOS="178" HPOS="757"/>
							<String ID="string_10" HPOS="770" VPOS="178" WIDTH="99" HEIGHT="28" WC="0.91" CONTENT="spanmål"/><SP WIDTH="15" VPOS="178" HPOS="869"/>
							<String ID="string_11" HPOS="884" VPOS="179" WIDTH="39" HEIGHT="21" WC="0.93" CONTENT="och"/><SP WIDTH="16" VPOS="179" HPOS="923"/>
							<String ID="string_12" HPOS="939" VPOS="179" WIDTH="37" HEIGHT="21" WC="0.91" CONTENT="nå-"/>
						</TextLine>
						<TextLine ID="line_2" HPOS="230" VPOS="215" WIDTH="745" HEIGHT="28">
							<String ID="string_13" HPOS="230" VPOS="215" WIDTH="40" HEIGHT="26" WC="0.95" CONTENT="got"/><SP WIDTH="17" VPOS="215" HPOS="270"/>
							<String ID="string_14" HPOS="287" VPOS="216" WIDTH="101" HEIGHT="21" WC="0.96" CONTENT="trävaror"/><SP WIDTH="18" VPOS="216" HPOS="388"/>
							<String ID="string_15" HPOS="406" VPOS="215" WIDTH="49" HEIGHT="21" WC="0.96" CONTENT="från"/><SP WIDTH="18" VPOS="215" HPOS="455"/>
							<String ID="string_16" HPOS="473" VPOS="215" WIDTH="88" HEIGHT="21" WC="0.96" CONTENT="trakter"/><SP WIDTH="18" VPOS="215" HPOS="561"/>
							<String ID="string_17" HPOS="579" VPOS="215" WIDTH="110" HEIGHT="27" WC="0.96" CONTENT="betydligt"/><SP WIDTH="21" VPOS="215" HPOS="689"/>
							<String ID="string_18" HPOS="710" VPOS="215" WIDTH="125" HEIGHT="27" WC="0.96" CONTENT="nordligare"/><SP WIDTH="16" VPOS="215" HPOS="835"/>
							<String ID="string_19" HPOS="851" VPOS="217" WIDTH="28" HEIGHT="19" WC="0.93" CONTENT="än"/><SP WIDTH="15" VPOS="217" HPOS="879"/>
							<String ID="string_20" HPOS="894" VPOS="215" WIDTH="81" HEIGHT="28" WC="0.92" CONTENT="Keuru,"/>
						</TextLine>
						<TextLine ID="line_3" HPOS="230" VPOS="249" WIDTH="745" HEIGHT="30">
							<String ID="string_21" HPOS="230" VPOS="249" WIDTH="113" HEIGHT="23" WC="0.96" CONTENT="äfvensom"/><SP WIDTH="23" VPOS="249" HPOS="343"/>
							<String ID="string_22" HPOS="366" VPOS="251" WIDTH="25" HEIGHT="21" WC="0.96" CONTENT="af"/><SP WIDTH="18" VPOS="251" HPOS="391"/>
							<String ID="string_23" HPOS="409" VPOS="251" WIDTH="66" HEIGHT="27" WC="0.96" CONTENT="något"/><SP WIDTH="19" VPOS="251" HPOS="475"/>
							<String ID="string_24" HPOS="494" VPOS="253" WIDTH="64" HEIGHT="26" WC="0.96" CONTENT="smör,"/><SP WIDTH="17" VPOS="253" HPOS="558"/>
							<String ID="string_25" HPOS="575" VPOS="251" WIDTH="91" HEIGHT="22" WC="0.96" CONTENT="hvilken"/><SP WIDTH="19" VPOS="251" HPOS="666"/>
							<String ID="string_26" HPOS="685" VPOS="257" WIDTH="53" HEIGHT="16" WC="0.96" CONTENT="vara"/><SP WIDTH="20" VPOS="257" HPOS="738"/>
							<String ID="string_27" HPOS="758" VPOS="251" WIDTH="38" HEIGHT="22" WC="0.96" CONTENT="vid"/><SP WIDTH="19" VPOS="251" HPOS="796"/>
							<String ID="string_28" HPOS="815" VPOS="252" WIDTH="112" HEIGHT="26" WC="0.93" CONTENT="transport"/><SP WIDTH="16" VPOS="252" HPOS="927"/>
							<String ID="string_29" HPOS="943" VPOS="254" WIDTH="32" HEIGHT="19" WC="0.92" CONTENT="sö-"/>
						</TextLine>
						<TextLine ID="line_4" HPOS="230" VPOS="286" WIDTH="746" HEIGHT="28">
							<String ID="string_30" HPOS="230" VPOS="286" WIDTH="66" HEIGHT="22" WC="0.92" CONTENT="derut"/><SP WIDTH="24" VPOS="286" HPOS="296"/>
							<String ID="string_31" HPOS="320" VPOS="287" WIDTH="40" HEIGHT="22" WC="0.92" CONTENT="har"/><SP WIDTH="26" VPOS="287" HPOS="360"/>
							<String ID="string_32" HPOS="386" VPOS="287" WIDTH="147" HEIGHT="22" WC="0.95" CONTENT="Tammerfors"/><SP WIDTH="26" VPOS="287" HPOS="533"/>
							<String ID="string_33" HPOS="559" VPOS="287" WIDTH="78" HEIGHT="22" WC="0.96" CONTENT="endast"/><SP WIDTH="23" VPOS="287" HPOS="637"/>
							<String ID="string_34" HPOS="660" VPOS="287" WIDTH="35" HEIGHT="22" WC="0.93" CONTENT="till"/><SP WIDTH="24" VPOS="287" HPOS="695"/>
							<String ID="string_35" HPOS="719" VPOS="288" WIDTH="148" HEIGHT="26" WC="0.91" CONTENT="genomgångs"/><SP WIDTH="23" VPOS="288" HPOS="867"/>
							<String ID="string_36" HPOS="890" VPOS="287" WIDTH="86" HEIGHT="23" WC="0.96" CONTENT="station."/>
						</TextLine>
						<TextLine ID="line_5" HPOS="230" VPOS="322" WIDTH="745" HEIGHT="30">
							<String ID="string_37" HPOS="230" VPOS="322" WIDTH="104" HEIGHT="23" WC="0.90" CONTENT="Deremot"/><SP WIDTH="15" VPOS="322" HPOS="334"/>
							<String ID="string_38" HPOS="349" VPOS="323" WIDTH="128" HEIGHT="23" WC="0.96" CONTENT="underlåter"/><SP WIDTH="14" VPOS="323" HPOS="477"/>
							<String ID="string_39" HPOS="491" VPOS="323" WIDTH="109" HEIGHT="22" WC="0.96" CONTENT="utskottet"/><SP WIDTH="16" VPOS="323" HPOS="600"/>
							<String ID="string_40" HPOS="616" VPOS="325" WIDTH="33" HEIGHT="20" WC="0.96" CONTENT="att"/><SP WIDTH="13" VPOS="325" HPOS="649"/>
							<String ID="string_41" HPOS="662" VPOS="325" WIDTH="119" HEIGHT="26" WC="0.96" CONTENT="omnämna,"/><SP WIDTH="13" VPOS="325" HPOS="781"/>
							<String ID="string_42" HPOS="794" VPOS="325" WIDTH="33" HEIGHT="20" WC="0.96" CONTENT="att"/><SP WIDTH="10" VPOS="325" HPOS="827"/>
							<String ID="string_43" HPOS="837" VPOS="324" WIDTH="69" HEIGHT="28" WC="0.92" CONTENT="enligt"/><SP WIDTH="10" VPOS="324" HPOS="906"/>
							<String ID="string_44" HPOS="916" VPOS="324" WIDTH="59" HEIGHT="21" WC="0.92" CONTENT="kom-"/>
						</TextLine>
						<TextLine ID="line_6" HPOS="230" VPOS="358" WIDTH="745" HEIGHT="29">
							<String ID="string_45" HPOS="230" VPOS="358" WIDTH="129" HEIGHT="24" WC="0.95" CONTENT="missionens"/><SP WIDTH="19" VPOS="358" HPOS="359"/>
							<String ID="string_46" HPOS="378" VPOS="360" WIDTH="139" HEIGHT="22" WC="0.96" CONTENT="betänkande"/><SP WIDTH="16" VPOS="360" HPOS="517"/>
							<String ID="string_47" HPOS="533" VPOS="359" WIDTH="50" HEIGHT="22" WC="0.96" CONTENT="från"/><SP WIDTH="16" VPOS="359" HPOS="583"/>
							<String ID="string_48" HPOS="599" VPOS="360" WIDTH="136" HEIGHT="22" WC="0.95" CONTENT="stationerna"/><SP WIDTH="15" VPOS="360" HPOS="735"/>
							<String ID="string_49" HPOS="750" VPOS="360" WIDTH="137" HEIGHT="27" WC="0.93" CONTENT="Myllymäki,"/><SP WIDTH="16" VPOS="360" HPOS="887"/>
							<String ID="string_50" HPOS="903" VPOS="360" WIDTH="72" HEIGHT="21" WC="0.91" CONTENT="Pihla-"/>
						</TextLine>
						<TextLine ID="line_7" HPOS="229" VPOS="395" WIDTH="745" HEIGHT="29">
							<String ID="string_51" HPOS="229" VPOS="395" WIDTH="55" HEIGHT="27" WC="0.92" CONTENT="vesi,"/><SP WIDTH="11" VPOS="395" HPOS="284"/>
							<String ID="string_52" HPOS="295" VPOS="395" WIDTH="81" HEIGHT="28" WC="0.90" CONTENT="Keuru,"/><SP WIDTH="12" VPOS="395" HPOS="376"/>
							<String ID="string_53" HPOS="388" VPOS="396" WIDTH="70" HEIGHT="21" WC="0.92" CONTENT="Kolho"/><SP WIDTH="17" VPOS="396" HPOS="458"/>
							<String ID="string_54" HPOS="475" VPOS="396" WIDTH="40" HEIGHT="21" WC="0.91" CONTENT="och"/><SP WIDTH="15" VPOS="396" HPOS="515"/>
							<String ID="string_55" HPOS="530" VPOS="395" WIDTH="104" HEIGHT="27" WC="0.91" CONTENT="Filppula"/><SP WIDTH="15" VPOS="395" HPOS="634"/>
							<String ID="string_56" HPOS="649" VPOS="395" WIDTH="124" HEIGHT="22" WC="0.93" CONTENT="befordrats"/><SP WIDTH="16" VPOS="395" HPOS="773"/>
							<String ID="string_57" HPOS="789" VPOS="396" WIDTH="117" HEIGHT="28" WC="0.91" CONTENT="5,839,661"/><SP WIDTH="15" VPOS="396" HPOS="906"/>
							<String ID="string_58" HPOS="921" VPOS="396" WIDTH="53" HEIGHT="21" WC="0.91" CONTENT="kilo-"/>
						</TextLine>
						<TextLine ID="line_8" HPOS="229" VPOS="431" WIDTH="746" HEIGHT="28">
							<String ID="string_59" HPOS="229" VPOS="437" WIDTH="62" HEIGHT="21" WC="0.96" CONTENT="gram"/><SP WIDTH="25" VPOS="437" HPOS="291"/>
							<String ID="string_60" HPOS="316" VPOS="432" WIDTH="54" HEIGHT="27" WC="0.92" CONTENT="gods"/><SP WIDTH="23" VPOS="432" HPOS="370"/>
							<String ID="string_61" HPOS="393" VPOS="432" WIDTH="90" HEIGHT="22" WC="0.96" CONTENT="söderut"/><SP WIDTH="24" VPOS="432" HPOS="483"/>
							<String ID="string_62" HPOS="507" VPOS="432" WIDTH="39" HEIGHT="21" WC="0.88" CONTENT="och"/><SP WIDTH="25" VPOS="432" HPOS="546"/>
							<String ID="string_63" HPOS="571" VPOS="432" WIDTH="115" HEIGHT="27" WC="0.88" CONTENT="1,718,793"/><SP WIDTH="25" VPOS="432" HPOS="686"/>
							<String ID="string_64" HPOS="711" VPOS="431" WIDTH="108" HEIGHT="28" WC="0.96" CONTENT="kilogram"/><SP WIDTH="23" VPOS="431" HPOS="819"/>
							<String ID="string_65" HPOS="842" VPOS="433" WIDTH="81" HEIGHT="20" WC="0.83" CONTENT="norrut."/><SP WIDTH="23" VPOS="433" HPOS="923"/>
							<String ID="string_66" HPOS="946" VPOS="444" WIDTH="29" HEIGHT="3" WC="0.92" CONTENT="—"/>
						</TextLine>
						<TextLine ID="line_9" HPOS="228" VPOS="466" WIDTH="747" HEIGHT="24">
							<String ID="string_67" HPOS="228" VPOS="466" WIDTH="116" HEIGHT="23" WC="0.96" CONTENT="Utskottet"/><SP WIDTH="20" VPOS="466" HPOS="344"/>
							<String ID="string_68" HPOS="364" VPOS="467" WIDTH="131" HEIGHT="23" WC="0.96" CONTENT="förutsätter"/><SP WIDTH="20" VPOS="467" HPOS="495"/>
							<String ID="string_69" HPOS="515" VPOS="468" WIDTH="76" HEIGHT="21" WC="0.96" CONTENT="vidare"/><SP WIDTH="19" VPOS="468" HPOS="591"/>
							<String ID="string_70" HPOS="610" VPOS="468" WIDTH="33" HEIGHT="21" WC="0.96" CONTENT="att"/><SP WIDTH="18" VPOS="468" HPOS="643"/>
							<String ID="string_71" HPOS="661" VPOS="469" WIDTH="102" HEIGHT="21" WC="0.96" CONTENT="trävaror"/><SP WIDTH="15" VPOS="469" HPOS="763"/>
							<String ID="string_72" HPOS="778" VPOS="467" WIDTH="49" HEIGHT="22" WC="0.96" CONTENT="icke"/><SP WIDTH="16" VPOS="467" HPOS="827"/>
							<String ID="string_73" HPOS="843" VPOS="468" WIDTH="83" HEIGHT="22" WC="0.96" CONTENT="komme"/><SP WIDTH="16" VPOS="468" HPOS="926"/>
							<String ID="string_74" HPOS="942" VPOS="469" WIDTH="33" HEIGHT="20" WC="0.96" CONTENT="att"/>
						</TextLine>
						<TextLine ID="line_10" HPOS="228" VPOS="503" WIDTH="745" HEIGHT="28">
							<String ID="string_75" HPOS="228" VPOS="504" WIDTH="163" HEIGHT="26" WC="0.93" CONTENT="transporteras"/><SP WIDTH="18" VPOS="504" HPOS="391"/>
							<String ID="string_76" HPOS="409" VPOS="504" WIDTH="14" HEIGHT="21" WC="0.90" CONTENT="å"/><SP WIDTH="15" VPOS="504" HPOS="423"/>
							<String ID="string_77" HPOS="438" VPOS="504" WIDTH="68" HEIGHT="27" WC="0.93" CONTENT="linjen"/><SP WIDTH="21" VPOS="504" HPOS="506"/>
							<String ID="string_78" HPOS="527" VPOS="504" WIDTH="265" HEIGHT="27" WC="0.84" CONTENT="Filppula—Jyväskylä,"/><SP WIDTH="17" VPOS="504" HPOS="792"/>
							<String ID="string_79" HPOS="809" VPOS="504" WIDTH="90" HEIGHT="22" WC="0.92" CONTENT="emedan"/><SP WIDTH="15" VPOS="504" HPOS="899"/>
							<String ID="string_80" HPOS="914" VPOS="503" WIDTH="59" HEIGHT="22" WC="0.92" CONTENT="frak-"/>
						</TextLine>
						<TextLine ID="line_11" HPOS="228" VPOS="539" WIDTH="745" HEIGHT="28">
							<String ID="string_81" HPOS="228" VPOS="541" WIDTH="38" HEIGHT="19" WC="0.92" CONTENT="ten"/><SP WIDTH="22" VPOS="541" HPOS="266"/>
							<String ID="string_82" HPOS="288" VPOS="540" WIDTH="93" HEIGHT="27" WC="0.91" CONTENT="sjöledes"/><SP WIDTH="23" VPOS="540" HPOS="381"/>
							<String ID="string_83" HPOS="404" VPOS="540" WIDTH="64" HEIGHT="27" WC="0.93" CONTENT="längs"/><SP WIDTH="23" VPOS="540" HPOS="468"/>
							<String ID="string_84" HPOS="491" VPOS="540" WIDTH="90" HEIGHT="27" WC="0.88" CONTENT="Päijäne"/><SP WIDTH="20" VPOS="540" HPOS="581"/>
							<String ID="string_85" HPOS="601" VPOS="540" WIDTH="43" HEIGHT="21" WC="0.96" CONTENT="blir"/><SP WIDTH="20" VPOS="540" HPOS="644"/>
							<String ID="string_86" HPOS="664" VPOS="539" WIDTH="111" HEIGHT="28" WC="0.96" CONTENT="betydligt"/><SP WIDTH="20" VPOS="539" HPOS="775"/>
							<String ID="string_87" HPOS="795" VPOS="540" WIDTH="108" HEIGHT="27" WC="0.96" CONTENT="billigare,"/><SP WIDTH="21" VPOS="540" HPOS="903"/>
							<String ID="string_88" HPOS="924" VPOS="545" WIDTH="49" HEIGHT="17" WC="0.96" CONTENT="men"/>
						</TextLine>
						<TextLine ID="line_12" HPOS="228" VPOS="575" WIDTH="745" HEIGHT="29">
							<String ID="string_89" HPOS="228" VPOS="575" WIDTH="40" HEIGHT="23" WC="0.96" CONTENT="vill"/><SP WIDTH="16" VPOS="575" HPOS="268"/>
							<String ID="string_90" HPOS="284" VPOS="578" WIDTH="53" HEIGHT="26" WC="0.96" CONTENT="göra"/><SP WIDTH="15" VPOS="578" HPOS="337"/>
							<String ID="string_91" HPOS="352" VPOS="576" WIDTH="108" HEIGHT="27" WC="0.95" CONTENT="antagligt"/><SP WIDTH="16" VPOS="576" HPOS="460"/>
							<String ID="string_92" HPOS="476" VPOS="578" WIDTH="33" HEIGHT="20" WC="0.96" CONTENT="att"/><SP WIDTH="16" VPOS="578" HPOS="509"/>
							<String ID="string_93" HPOS="525" VPOS="582" WIDTH="26" HEIGHT="16" WC="0.96" CONTENT="en"/><SP WIDTH="16" VPOS="582" HPOS="551"/>
							<String ID="string_94" HPOS="567" VPOS="578" WIDTH="113" HEIGHT="25" WC="0.96" CONTENT="transport"/><SP WIDTH="17" VPOS="578" HPOS="680"/>
							<String ID="string_95" HPOS="697" VPOS="576" WIDTH="28" HEIGHT="26" WC="0.92" CONTENT="på"/><SP WIDTH="13" VPOS="576" HPOS="725"/>
							<String ID="string_96" HPOS="738" VPOS="575" WIDTH="76" HEIGHT="22" WC="0.92" CONTENT="Keuru"/><SP WIDTH="10" VPOS="575" HPOS="814"/>
							<String ID="string_97" HPOS="824" VPOS="576" WIDTH="71" HEIGHT="22" WC="0.96" CONTENT="banan"/><SP WIDTH="10" VPOS="576" HPOS="895"/>
							<String ID="string_98" HPOS="905" VPOS="576" WIDTH="68" HEIGHT="22" WC="0.94" CONTENT="borde"/>
						</TextLine>
						<TextLine ID="line_13" HPOS="227" VPOS="610" WIDTH="746" HEIGHT="29">
							<String ID="string_99" HPOS="227" VPOS="610" WIDTH="87" HEIGHT="23" WC="0.96" CONTENT="komma"/><SP WIDTH="19" VPOS="610" HPOS="314"/>
							<String ID="string_100" HPOS="333" VPOS="611" WIDTH="76" HEIGHT="28" WC="0.95" CONTENT="ifråga."/><SP WIDTH="31" VPOS="611" HPOS="409"/>
							<String ID="string_101" HPOS="440" VPOS="611" WIDTH="49" HEIGHT="22" WC="0.96" CONTENT="Den"/><SP WIDTH="18" VPOS="611" HPOS="489"/>
							<String ID="string_102" HPOS="507" VPOS="612" WIDTH="162" HEIGHT="26" WC="0.96" CONTENT="omständighet"/><SP WIDTH="20" VPOS="612" HPOS="669"/>
							<String ID="string_103" HPOS="689" VPOS="613" WIDTH="32" HEIGHT="20" WC="0.96" CONTENT="att"/><SP WIDTH="19" VPOS="613" HPOS="721"/>
							<String ID="string_104" HPOS="740" VPOS="613" WIDTH="140" HEIGHT="25" WC="0.93" CONTENT="transporten"/><SP WIDTH="16" VPOS="613" HPOS="880"/>
							<String ID="string_105" HPOS="896" VPOS="612" WIDTH="13" HEIGHT="21" WC="0.91" CONTENT="å"/><SP WIDTH="15" VPOS="612" HPOS="909"/>
							<String ID="string_106" HPOS="924" VPOS="611" WIDTH="49" HEIGHT="21" WC="0.90" CONTENT="Päi-"/>
						</TextLine>
						<TextLine ID="line_14" HPOS="224" VPOS="647" WIDTH="749" HEIGHT="28">
							<String ID="string_107" HPOS="224" VPOS="647" WIDTH="54" HEIGHT="27" WC="0.93" CONTENT="jäne"/><SP WIDTH="20" VPOS="647" HPOS="278"/>
							<String ID="string_108" HPOS="298" VPOS="648" WIDTH="43" HEIGHT="21" WC="0.96" CONTENT="blir"/><SP WIDTH="20" VPOS="648" HPOS="341"/>
							<String ID="string_109" HPOS="361" VPOS="648" WIDTH="25" HEIGHT="21" WC="0.96" CONTENT="så"/><SP WIDTH="20" VPOS="648" HPOS="386"/>
							<String ID="string_110" HPOS="406" VPOS="648" WIDTH="110" HEIGHT="27" WC="0.95" CONTENT="betydligt"/><SP WIDTH="20" VPOS="648" HPOS="516"/>
							<String ID="string_111" HPOS="536" VPOS="648" WIDTH="108" HEIGHT="27" WC="0.96" CONTENT="billigare,"/><SP WIDTH="17" VPOS="648" HPOS="644"/>
							<String ID="string_112" HPOS="661" VPOS="648" WIDTH="63" HEIGHT="21" WC="0.96" CONTENT="torde"/><SP WIDTH="21" VPOS="648" HPOS="724"/>
							<String ID="string_113" HPOS="745" VPOS="648" WIDTH="56" HEIGHT="21" WC="0.96" CONTENT="dock"/><SP WIDTH="19" VPOS="648" HPOS="801"/>
							<String ID="string_114" HPOS="820" VPOS="650" WIDTH="53" HEIGHT="25" WC="0.96" CONTENT="göra"/><SP WIDTH="15" VPOS="650" HPOS="873"/>
							<String ID="string_115" HPOS="888" VPOS="648" WIDTH="32" HEIGHT="21" WC="0.96" CONTENT="att"/><SP WIDTH="16" VPOS="648" HPOS="920"/>
							<String ID="string_116" HPOS="936" VPOS="648" WIDTH="37" HEIGHT="21" WC="0.96" CONTENT="det"/>
						</TextLine>
						<TextLine ID="line_15" HPOS="227" VPOS="683" WIDTH="746" HEIGHT="28">
							<String ID="string_117" HPOS="227" VPOS="683" WIDTH="63" HEIGHT="22" WC="0.96" CONTENT="lönar"/><SP WIDTH="15" VPOS="683" HPOS="290"/>
							<String ID="string_118" HPOS="305" VPOS="684" WIDTH="34" HEIGHT="27" WC="0.96" CONTENT="sig"/><SP WIDTH="15" VPOS="684" HPOS="339"/>
							<String ID="string_119" HPOS="354" VPOS="684" WIDTH="74" HEIGHT="21" WC="0.96" CONTENT="bättre"/><SP WIDTH="15" VPOS="684" HPOS="428"/>
							<String ID="string_120" HPOS="443" VPOS="685" WIDTH="33" HEIGHT="20" WC="0.92" CONTENT="att"/><SP WIDTH="15" VPOS="685" HPOS="476"/>
							<String ID="string_121" HPOS="491" VPOS="683" WIDTH="52" HEIGHT="22" WC="0.92" CONTENT="flöta"/><SP WIDTH="15" VPOS="683" HPOS="543"/>
							<String ID="string_122" HPOS="558" VPOS="683" WIDTH="74" HEIGHT="23" WC="0.96" CONTENT="virket"/><SP WIDTH="16" VPOS="683" HPOS="632"/>
							<String ID="string_123" HPOS="648" VPOS="683" WIDTH="50" HEIGHT="22" WC="0.96" CONTENT="från"/><SP WIDTH="11" VPOS="683" HPOS="698"/>
							<String ID="string_124" HPOS="709" VPOS="683" WIDTH="27" HEIGHT="22" WC="0.96" CONTENT="de"/><SP WIDTH="11" VPOS="683" HPOS="736"/>
							<String ID="string_125" HPOS="747" VPOS="683" WIDTH="100" HEIGHT="27" WC="0.96" CONTENT="nordliga"/><SP WIDTH="10" VPOS="683" HPOS="847"/>
							<String ID="string_126" HPOS="857" VPOS="684" WIDTH="116" HEIGHT="21" WC="0.96" CONTENT="trakterna"/>
						</TextLine>
						<TextLine ID="line_16" HPOS="226" VPOS="718" WIDTH="747" HEIGHT="29">
							<String ID="string_127" HPOS="226" VPOS="718" WIDTH="36" HEIGHT="22" WC="0.93" CONTENT="till"/><SP WIDTH="15" VPOS="718" HPOS="262"/>
							<String ID="string_128" HPOS="277" VPOS="719" WIDTH="101" HEIGHT="28" WC="0.93" CONTENT="Päijänes"/><SP WIDTH="17" VPOS="719" HPOS="378"/>
							<String ID="string_129" HPOS="395" VPOS="719" WIDTH="76" HEIGHT="22" WC="0.96" CONTENT="strand"/><SP WIDTH="16" VPOS="719" HPOS="471"/>
							<String ID="string_130" HPOS="487" VPOS="720" WIDTH="39" HEIGHT="21" WC="0.96" CONTENT="och"/><SP WIDTH="17" VPOS="720" HPOS="526"/>
							<String ID="string_131" HPOS="543" VPOS="719" WIDTH="38" HEIGHT="22" WC="0.93" CONTENT="der"/><SP WIDTH="16" VPOS="719" HPOS="581"/>
							<String ID="string_132" HPOS="597" VPOS="719" WIDTH="88" HEIGHT="28" WC="0.92" CONTENT="försåga"/><SP WIDTH="16" VPOS="719" HPOS="685"/>
							<String ID="string_133" HPOS="701" VPOS="719" WIDTH="49" HEIGHT="22" WC="0.96" CONTENT="dem"/><SP WIDTH="14" VPOS="719" HPOS="750"/>
							<String ID="string_134" HPOS="764" VPOS="721" WIDTH="28" HEIGHT="19" WC="0.96" CONTENT="än"/><SP WIDTH="11" VPOS="721" HPOS="792"/>
							<String ID="string_135" HPOS="803" VPOS="720" WIDTH="33" HEIGHT="20" WC="0.96" CONTENT="att"/><SP WIDTH="11" VPOS="720" HPOS="836"/>
							<String ID="string_136" HPOS="847" VPOS="719" WIDTH="49" HEIGHT="22" WC="0.96" CONTENT="från"/><SP WIDTH="11" VPOS="719" HPOS="896"/>
							<String ID="string_137" HPOS="907" VPOS="720" WIDTH="66" HEIGHT="26" WC="0.96" CONTENT="sågar"/>
						</TextLine>
						<TextLine ID="line_17" HPOS="225" VPOS="754" WIDTH="746" HEIGHT="28">
							<String ID="string_138" HPOS="225" VPOS="754" WIDTH="8" HEIGHT="21" WC="0.95" CONTENT="i"/><SP WIDTH="16" VPOS="754" HPOS="233"/>
							<String ID="string_139" HPOS="249" VPOS="754" WIDTH="39" HEIGHT="22" WC="0.96" CONTENT="det"/><SP WIDTH="14" VPOS="754" HPOS="288"/>
							<String ID="string_140" HPOS="302" VPOS="755" WIDTH="47" HEIGHT="21" WC="0.96" CONTENT="inre"/><SP WIDTH="16" VPOS="755" HPOS="349"/>
							<String ID="string_141" HPOS="365" VPOS="754" WIDTH="25" HEIGHT="22" WC="0.96" CONTENT="af"/><SP WIDTH="12" VPOS="754" HPOS="390"/>
							<String ID="string_142" HPOS="402" VPOS="755" WIDTH="75" HEIGHT="22" WC="0.96" CONTENT="landet"/><SP WIDTH="15" VPOS="755" HPOS="477"/>
							<String ID="string_143" HPOS="492" VPOS="761" WIDTH="40" HEIGHT="21" WC="0.93" CONTENT="per"/><SP WIDTH="13" VPOS="761" HPOS="532"/>
							<String ID="string_144" HPOS="545" VPOS="755" WIDTH="94" HEIGHT="27" WC="0.91" CONTENT="jernväg"/><SP WIDTH="16" VPOS="755" HPOS="639"/>
							<String ID="string_145" HPOS="655" VPOS="756" WIDTH="152" HEIGHT="26" WC="0.95" CONTENT="transportera"/><SP WIDTH="11" VPOS="756" HPOS="807"/>
							<String ID="string_146" HPOS="818" VPOS="755" WIDTH="47" HEIGHT="21" WC="0.96" CONTENT="dem"/><SP WIDTH="11" VPOS="755" HPOS="865"/>
							<String ID="string_147" HPOS="876" VPOS="755" WIDTH="35" HEIGHT="21" WC="0.93" CONTENT="till"/><SP WIDTH="10" VPOS="755" HPOS="911"/>
							<String ID="string_148" HPOS="921" VPOS="757" WIDTH="50" HEIGHT="19" WC="0.92" CONTENT="när-"/>
						</TextLine>
						<TextLine ID="line_18" HPOS="225" VPOS="791" WIDTH="155" HEIGHT="21">
							<String ID="string_149" HPOS="225" VPOS="792" WIDTH="71" HEIGHT="20" WC="0.96" CONTENT="maste"/><SP WIDTH="15" VPOS="792" HPOS="296"/>
							<String ID="string_150" HPOS="311" VPOS="791" WIDTH="69" HEIGHT="21" WC="0.94" CONTENT="hamn."/>
						</TextLine>
					</TextBlock>
					<TextBlock ID="block_2" HPOS="220" VPOS="826" WIDTH="752" HEIGHT="493">
						<TextLine ID="line_19" HPOS="297" VPOS="826" WIDTH="675" HEIGHT="28">
							<String ID="string_151" HPOS="297" VPOS="826" WIDTH="71" HEIGHT="28" WC="0.91" CONTENT="Tager"/><SP WIDTH="24" VPOS="826" HPOS="368"/>
							<String ID="string_152" HPOS="392" VPOS="833" WIDTH="48" HEIGHT="16" WC="0.96" CONTENT="man"/><SP WIDTH="24" VPOS="833" HPOS="440"/>
							<String ID="string_153" HPOS="464" VPOS="826" WIDTH="7" HEIGHT="22" WC="0.96" CONTENT="i"/><SP WIDTH="18" VPOS="826" HPOS="471"/>
							<String ID="string_154" HPOS="489" VPOS="826" WIDTH="146" HEIGHT="23" WC="0.96" CONTENT="betraktande"/><SP WIDTH="24" VPOS="826" HPOS="635"/>
							<String ID="string_155" HPOS="659" VPOS="826" WIDTH="182" HEIGHT="28" WC="0.96" CONTENT="persontrafiken,"/><SP WIDTH="19" VPOS="826" HPOS="841"/>
							<String ID="string_156" HPOS="860" VPOS="826" WIDTH="25" HEIGHT="22" WC="0.96" CONTENT="så"/><SP WIDTH="24" VPOS="826" HPOS="885"/>
							<String ID="string_157" HPOS="909" VPOS="826" WIDTH="63" HEIGHT="22" WC="0.96" CONTENT="anför"/>
						</TextLine>
						<TextLine ID="line_20" HPOS="224" VPOS="862" WIDTH="746" HEIGHT="23">
							<String ID="string_158" HPOS="224" VPOS="862" WIDTH="98" HEIGHT="22" WC="0.91" CONTENT="komitén"/><SP WIDTH="15" VPOS="862" HPOS="322"/>
							<String ID="string_159" HPOS="337" VPOS="864" WIDTH="33" HEIGHT="20" WC="0.96" CONTENT="att"/><SP WIDTH="15" VPOS="864" HPOS="370"/>
							<String ID="string_160" HPOS="385" VPOS="863" WIDTH="83" HEIGHT="22" WC="0.96" CONTENT="antalet"/><SP WIDTH="15" VPOS="863" HPOS="468"/>
							<String ID="string_161" HPOS="483" VPOS="863" WIDTH="94" HEIGHT="22" WC="0.96" CONTENT="resande"/><SP WIDTH="18" VPOS="863" HPOS="577"/>
							<String ID="string_162" HPOS="595" VPOS="865" WIDTH="54" HEIGHT="20" WC="0.95" CONTENT="1887"/><SP WIDTH="17" VPOS="865" HPOS="649"/>
							<String ID="string_163" HPOS="666" VPOS="863" WIDTH="36" HEIGHT="22" WC="0.95" CONTENT="till"/><SP WIDTH="11" VPOS="863" HPOS="702"/>
							<String ID="string_164" HPOS="713" VPOS="863" WIDTH="39" HEIGHT="22" WC="0.96" CONTENT="och"/><SP WIDTH="11" VPOS="863" HPOS="752"/>
							<String ID="string_165" HPOS="763" VPOS="862" WIDTH="50" HEIGHT="23" WC="0.96" CONTENT="från"/><SP WIDTH="12" VPOS="862" HPOS="813"/>
							<String ID="string_166" HPOS="825" VPOS="863" WIDTH="145" HEIGHT="22" WC="0.96" CONTENT="Tammerfors"/>
						</TextLine>
						<TextLine ID="line_21" HPOS="224" VPOS="898" WIDTH="746" HEIGHT="28">
							<String ID="string_167" HPOS="224" VPOS="904" WIDTH="41" HEIGHT="16" WC="0.96" CONTENT="var"/><SP WIDTH="20" VPOS="904" HPOS="265"/>
							<String ID="string_168" HPOS="285" VPOS="900" WIDTH="63" HEIGHT="26" WC="0.96" CONTENT="6119,"/><SP WIDTH="18" VPOS="900" HPOS="348"/>
							<String ID="string_169" HPOS="366" VPOS="901" WIDTH="55" HEIGHT="20" WC="0.96" CONTENT="samt"/><SP WIDTH="18" VPOS="901" HPOS="421"/>
							<String ID="string_170" HPOS="439" VPOS="899" WIDTH="36" HEIGHT="21" WC="0.96" CONTENT="till"/><SP WIDTH="19" VPOS="899" HPOS="475"/>
							<String ID="string_171" HPOS="494" VPOS="899" WIDTH="39" HEIGHT="22" WC="0.96" CONTENT="och"/><SP WIDTH="20" VPOS="899" HPOS="533"/>
							<String ID="string_172" HPOS="553" VPOS="899" WIDTH="49" HEIGHT="22" WC="0.93" CONTENT="från"/><SP WIDTH="15" VPOS="899" HPOS="602"/>
							<String ID="string_173" HPOS="617" VPOS="899" WIDTH="139" HEIGHT="22" WC="0.91" CONTENT="Nikolaistad"/><SP WIDTH="19" VPOS="899" HPOS="756"/>
							<String ID="string_174" HPOS="775" VPOS="900" WIDTH="61" HEIGHT="20" WC="0.96" CONTENT="1203."/><SP WIDTH="31" VPOS="900" HPOS="836"/>
							<String ID="string_175" HPOS="867" VPOS="898" WIDTH="40" HEIGHT="22" WC="0.93" CONTENT="Att"/><SP WIDTH="14" VPOS="898" HPOS="907"/>
							<String ID="string_176" HPOS="921" VPOS="905" WIDTH="49" HEIGHT="20" WC="0.92" CONTENT="pro-"/>
						</TextLine>
						<TextLine ID="line_22" HPOS="223" VPOS="933" WIDTH="746" HEIGHT="27">
							<String ID="string_177" HPOS="223" VPOS="934" WIDTH="115" HEIGHT="26" WC="0.92" CONTENT="portionen"/><SP WIDTH="16" VPOS="934" HPOS="338"/>
							<String ID="string_178" HPOS="354" VPOS="935" WIDTH="35" HEIGHT="21" WC="0.96" CONTENT="till"/><SP WIDTH="16" VPOS="935" HPOS="389"/>
							<String ID="string_179" HPOS="405" VPOS="934" WIDTH="84" HEIGHT="22" WC="0.96" CONTENT="förmån"/><SP WIDTH="17" VPOS="934" HPOS="489"/>
							<String ID="string_180" HPOS="506" VPOS="935" WIDTH="35" HEIGHT="21" WC="0.96" CONTENT="för"/><SP WIDTH="14" VPOS="935" HPOS="541"/>
							<String ID="string_181" HPOS="555" VPOS="935" WIDTH="42" HEIGHT="21" WC="0.96" CONTENT="den"/><SP WIDTH="16" VPOS="935" HPOS="597"/>
							<String ID="string_182" HPOS="613" VPOS="935" WIDTH="60" HEIGHT="21" WC="0.96" CONTENT="förra"/><SP WIDTH="16" VPOS="935" HPOS="673"/>
							<String ID="string_183" HPOS="689" VPOS="937" WIDTH="63" HEIGHT="20" WC="0.96" CONTENT="orten"/><SP WIDTH="11" VPOS="937" HPOS="752"/>
							<String ID="string_184" HPOS="763" VPOS="935" WIDTH="58" HEIGHT="21" WC="0.96" CONTENT="skall"/><SP WIDTH="11" VPOS="935" HPOS="821"/>
							<String ID="string_185" HPOS="832" VPOS="933" WIDTH="69" HEIGHT="23" WC="0.96" CONTENT="blifva"/><SP WIDTH="10" VPOS="933" HPOS="901"/>
							<String ID="string_186" HPOS="911" VPOS="936" WIDTH="58" HEIGHT="20" WC="0.96" CONTENT="ännu"/>
						</TextLine>
						<TextLine ID="line_23" HPOS="224" VPOS="970" WIDTH="746" HEIGHT="28">
							<String ID="string_187" HPOS="224" VPOS="971" WIDTH="78" HEIGHT="27" WC="0.96" CONTENT="större,"/><SP WIDTH="22" VPOS="971" HPOS="302"/>
							<String ID="string_188" HPOS="324" VPOS="971" WIDTH="56" HEIGHT="21" WC="0.96" CONTENT="talar"/><SP WIDTH="23" VPOS="971" HPOS="380"/>
							<String ID="string_189" HPOS="403" VPOS="971" WIDTH="42" HEIGHT="21" WC="0.96" CONTENT="den"/><SP WIDTH="22" VPOS="971" HPOS="445"/>
							<String ID="string_190" HPOS="467" VPOS="970" WIDTH="161" HEIGHT="28" WC="0.96" CONTENT="omständighet"/><SP WIDTH="21" VPOS="970" HPOS="628"/>
							<String ID="string_191" HPOS="649" VPOS="973" WIDTH="32" HEIGHT="20" WC="0.96" CONTENT="att"/><SP WIDTH="22" VPOS="973" HPOS="681"/>
							<String ID="string_192" HPOS="703" VPOS="970" WIDTH="152" HEIGHT="28" WC="0.95" CONTENT="Tammerfors,"/><SP WIDTH="23" VPOS="970" HPOS="855"/>
							<String ID="string_193" HPOS="878" VPOS="977" WIDTH="45" HEIGHT="15" WC="0.96" CONTENT="som"/><SP WIDTH="22" VPOS="977" HPOS="923"/>
							<String ID="string_194" HPOS="945" VPOS="973" WIDTH="25" HEIGHT="19" WC="0.96" CONTENT="är"/>
						</TextLine>
						<TextLine ID="line_24" HPOS="223" VPOS="1006" WIDTH="746" HEIGHT="28">
							<String ID="string_195" HPOS="223" VPOS="1006" WIDTH="94" HEIGHT="27" WC="0.95" CONTENT="belägen"/><SP WIDTH="20" VPOS="1006" HPOS="317"/>
							<String ID="string_196" HPOS="337" VPOS="1006" WIDTH="110" HEIGHT="28" WC="0.94" CONTENT="betydligt"/><SP WIDTH="19" VPOS="1006" HPOS="447"/>
							<String ID="string_197" HPOS="466" VPOS="1009" WIDTH="101" HEIGHT="19" WC="0.96" CONTENT="närmare"/><SP WIDTH="17" VPOS="1009" HPOS="567"/>
							<String ID="string_198" HPOS="584" VPOS="1007" WIDTH="135" HEIGHT="27" WC="0.96" CONTENT="Jyväskylä,"/><SP WIDTH="16" VPOS="1007" HPOS="719"/>
							<String ID="string_199" HPOS="735" VPOS="1006" WIDTH="8" HEIGHT="21" WC="0.96" CONTENT="i"/><SP WIDTH="16" VPOS="1006" HPOS="743"/>
							<String ID="string_200" HPOS="759" VPOS="1007" WIDTH="39" HEIGHT="21" WC="0.96" CONTENT="och"/><SP WIDTH="22" VPOS="1007" HPOS="798"/>
							<String ID="string_201" HPOS="820" VPOS="1006" WIDTH="34" HEIGHT="21" WC="0.95" CONTENT="för"/><SP WIDTH="21" VPOS="1006" HPOS="854"/>
							<String ID="string_202" HPOS="875" VPOS="1006" WIDTH="34" HEIGHT="27" WC="0.95" CONTENT="sig"/><SP WIDTH="21" VPOS="1006" HPOS="909"/>
							<String ID="string_203" HPOS="930" VPOS="1006" WIDTH="39" HEIGHT="21" WC="0.96" CONTENT="och"/>
						</TextLine>
						<TextLine ID="line_25" HPOS="222" VPOS="1041" WIDTH="747" HEIGHT="27">
							<String ID="string_204" HPOS="222" VPOS="1042" WIDTH="108" HEIGHT="22" WC="0.96" CONTENT="särskildt"/><SP WIDTH="16" VPOS="1042" HPOS="330"/>
							<String ID="string_205" HPOS="346" VPOS="1042" WIDTH="71" HEIGHT="22" WC="0.93" CONTENT="såsom"/><SP WIDTH="15" VPOS="1042" HPOS="417"/>
							<String ID="string_206" HPOS="432" VPOS="1042" WIDTH="150" HEIGHT="22" WC="0.91" CONTENT="konsumtions"/><SP WIDTH="16" VPOS="1042" HPOS="582"/>
							<String ID="string_207" HPOS="598" VPOS="1044" WIDTH="34" HEIGHT="20" WC="0.96" CONTENT="ort"/><SP WIDTH="15" VPOS="1044" HPOS="632"/>
							<String ID="string_208" HPOS="647" VPOS="1042" WIDTH="35" HEIGHT="22" WC="0.93" CONTENT="för"/><SP WIDTH="16" VPOS="1042" HPOS="682"/>
							<String ID="string_209" HPOS="698" VPOS="1042" WIDTH="141" HEIGHT="22" WC="0.90" CONTENT="landtmanna"/><SP WIDTH="10" VPOS="1042" HPOS="839"/>
							<String ID="string_210" HPOS="849" VPOS="1041" WIDTH="120" HEIGHT="27" WC="0.96" CONTENT="produkter"/>
						</TextLine>
						<TextLine ID="line_26" HPOS="222" VPOS="1078" WIDTH="747" HEIGHT="27">
							<String ID="string_211" HPOS="222" VPOS="1078" WIDTH="26" HEIGHT="20" WC="0.96" CONTENT="är"/><SP WIDTH="16" VPOS="1078" HPOS="248"/>
							<String ID="string_212" HPOS="264" VPOS="1083" WIDTH="27" HEIGHT="15" WC="0.96" CONTENT="en"/><SP WIDTH="15" VPOS="1083" HPOS="291"/>
							<String ID="string_213" HPOS="306" VPOS="1078" WIDTH="51" HEIGHT="21" WC="0.96" CONTENT="vida"/><SP WIDTH="15" VPOS="1078" HPOS="357"/>
							<String ID="string_214" HPOS="372" VPOS="1080" WIDTH="72" HEIGHT="20" WC="0.96" CONTENT="större"/><SP WIDTH="17" VPOS="1080" HPOS="444"/>
							<String ID="string_215" HPOS="461" VPOS="1078" WIDTH="48" HEIGHT="22" WC="0.96" CONTENT="stad"/><SP WIDTH="16" VPOS="1078" HPOS="509"/>
							<String ID="string_216" HPOS="525" VPOS="1080" WIDTH="27" HEIGHT="20" WC="0.93" CONTENT="än"/><SP WIDTH="17" VPOS="1080" HPOS="552"/>
							<String ID="string_217" HPOS="569" VPOS="1078" WIDTH="142" HEIGHT="22" WC="0.91" CONTENT="Nikolaistad."/><SP WIDTH="20" VPOS="1078" HPOS="711"/>
							<String ID="string_218" HPOS="731" VPOS="1078" WIDTH="88" HEIGHT="27" WC="0.91" CONTENT="Lägges"/><SP WIDTH="17" VPOS="1078" HPOS="819"/>
							<String ID="string_219" HPOS="836" VPOS="1078" WIDTH="75" HEIGHT="21" WC="0.96" CONTENT="härtill"/><SP WIDTH="16" VPOS="1078" HPOS="911"/>
							<String ID="string_220" HPOS="927" VPOS="1078" WIDTH="42" HEIGHT="21" WC="0.96" CONTENT="den"/>
						</TextLine>
						<TextLine ID="line_27" HPOS="222" VPOS="1112" WIDTH="745" HEIGHT="29">
							<String ID="string_221" HPOS="222" VPOS="1112" WIDTH="153" HEIGHT="29" WC="0.95" CONTENT="persontrafik,"/><SP WIDTH="22" VPOS="1112" HPOS="375"/>
							<String ID="string_222" HPOS="397" VPOS="1120" WIDTH="46" HEIGHT="15" WC="0.93" CONTENT="som"/><SP WIDTH="23" VPOS="1120" HPOS="443"/>
							<String ID="string_223" HPOS="466" VPOS="1113" WIDTH="124" HEIGHT="23" WC="0.92" CONTENT="föranledes"/><SP WIDTH="23" VPOS="1113" HPOS="590"/>
							<String ID="string_224" HPOS="613" VPOS="1114" WIDTH="24" HEIGHT="22" WC="0.96" CONTENT="af"/><SP WIDTH="19" VPOS="1114" HPOS="637"/>
							<String ID="string_225" HPOS="656" VPOS="1120" WIDTH="64" HEIGHT="16" WC="0.96" CONTENT="resor"/><SP WIDTH="23" VPOS="1120" HPOS="720"/>
							<String ID="string_226" HPOS="743" VPOS="1114" WIDTH="36" HEIGHT="21" WC="0.92" CONTENT="till"/><SP WIDTH="20" VPOS="1114" HPOS="779"/>
							<String ID="string_227" HPOS="799" VPOS="1113" WIDTH="168" HEIGHT="28" WC="0.91" CONTENT="hufvudstaden,"/>
						</TextLine>
						<TextLine ID="line_28" HPOS="222" VPOS="1148" WIDTH="746" HEIGHT="29">
							<String ID="string_228" HPOS="222" VPOS="1148" WIDTH="32" HEIGHT="22" WC="0.95" CONTENT="S:t"/><SP WIDTH="15" VPOS="1148" HPOS="254"/>
							<String ID="string_229" HPOS="269" VPOS="1149" WIDTH="135" HEIGHT="27" WC="0.96" CONTENT="Petersburg"/><SP WIDTH="15" VPOS="1149" HPOS="404"/>
							<String ID="string_230" HPOS="419" VPOS="1149" WIDTH="40" HEIGHT="22" WC="0.96" CONTENT="och"/><SP WIDTH="16" VPOS="1149" HPOS="459"/>
							<String ID="string_231" HPOS="475" VPOS="1150" WIDTH="99" HEIGHT="21" WC="0.96" CONTENT="utlandet"/><SP WIDTH="15" VPOS="1150" HPOS="574"/>
							<String ID="string_232" HPOS="589" VPOS="1150" WIDTH="8" HEIGHT="21" WC="0.96" CONTENT="i"/><SP WIDTH="15" VPOS="1150" HPOS="597"/>
							<String ID="string_233" HPOS="612" VPOS="1150" WIDTH="126" HEIGHT="27" WC="0.96" CONTENT="allmänhet,"/><SP WIDTH="12" VPOS="1150" HPOS="738"/>
							<String ID="string_234" HPOS="750" VPOS="1150" WIDTH="71" HEIGHT="21" WC="0.96" CONTENT="måste"/><SP WIDTH="15" VPOS="1150" HPOS="821"/>
							<String ID="string_235" HPOS="836" VPOS="1155" WIDTH="49" HEIGHT="15" WC="0.93" CONTENT="man"/><SP WIDTH="14" VPOS="1155" HPOS="885"/>
							<String ID="string_236" HPOS="899" VPOS="1149" WIDTH="69" HEIGHT="22" WC="0.92" CONTENT="förut-"/>
						</TextLine>
						<TextLine ID="line_29" HPOS="222" VPOS="1185" WIDTH="745" HEIGHT="23">
							<String ID="string_237" HPOS="222" VPOS="1186" WIDTH="60" HEIGHT="20" WC="0.96" CONTENT="sätta"/><SP WIDTH="18" VPOS="1186" HPOS="282"/>
							<String ID="string_238" HPOS="300" VPOS="1187" WIDTH="32" HEIGHT="19" WC="0.96" CONTENT="att"/><SP WIDTH="18" VPOS="1187" HPOS="332"/>
							<String ID="string_239" HPOS="350" VPOS="1185" WIDTH="67" HEIGHT="22" WC="0.96" CONTENT="äfven"/><SP WIDTH="18" VPOS="1185" HPOS="417"/>
							<String ID="string_240" HPOS="435" VPOS="1186" WIDTH="72" HEIGHT="21" WC="0.95" CONTENT="denna"/><SP WIDTH="15" VPOS="1186" HPOS="507"/>
							<String ID="string_241" HPOS="522" VPOS="1186" WIDTH="36" HEIGHT="22" WC="0.96" CONTENT="del"/><SP WIDTH="15" VPOS="1186" HPOS="558"/>
							<String ID="string_242" HPOS="573" VPOS="1186" WIDTH="25" HEIGHT="21" WC="0.95" CONTENT="af"/><SP WIDTH="13" VPOS="1186" HPOS="598"/>
							<String ID="string_243" HPOS="611" VPOS="1186" WIDTH="94" HEIGHT="22" WC="0.96" CONTENT="trafiken"/><SP WIDTH="16" VPOS="1186" HPOS="705"/>
							<String ID="string_244" HPOS="721" VPOS="1186" WIDTH="50" HEIGHT="21" WC="0.96" CONTENT="från"/><SP WIDTH="16" VPOS="1186" HPOS="771"/>
							<String ID="string_245" HPOS="787" VPOS="1185" WIDTH="113" HEIGHT="22" WC="0.92" CONTENT="mellersta"/><SP WIDTH="15" VPOS="1185" HPOS="900"/>
							<String ID="string_246" HPOS="915" VPOS="1185" WIDTH="52" HEIGHT="21" WC="0.92" CONTENT="Fin-"/>
						</TextLine>
						<TextLine ID="line_30" HPOS="220" VPOS="1220" WIDTH="748" HEIGHT="30">
							<String ID="string_247" HPOS="220" VPOS="1220" WIDTH="53" HEIGHT="22" WC="0.90" CONTENT="land"/><SP WIDTH="21" VPOS="1220" HPOS="273"/>
							<String ID="string_248" HPOS="294" VPOS="1220" WIDTH="145" HEIGHT="28" WC="0.88" CONTENT="ovilkorligen"/><SP WIDTH="19" VPOS="1220" HPOS="439"/>
							<String ID="string_249" HPOS="458" VPOS="1222" WIDTH="7" HEIGHT="21" WC="0.96" CONTENT="i"/><SP WIDTH="16" VPOS="1222" HPOS="465"/>
							<String ID="string_250" HPOS="481" VPOS="1222" WIDTH="50" HEIGHT="22" WC="0.96" CONTENT="vida"/><SP WIDTH="21" VPOS="1222" HPOS="531"/>
							<String ID="string_251" HPOS="552" VPOS="1224" WIDTH="71" HEIGHT="20" WC="0.96" CONTENT="större"/><SP WIDTH="22" VPOS="1224" HPOS="623"/>
							<String ID="string_252" HPOS="645" VPOS="1222" WIDTH="54" HEIGHT="28" WC="0.93" CONTENT="grad"/><SP WIDTH="22" VPOS="1222" HPOS="699"/>
							<String ID="string_253" HPOS="721" VPOS="1222" WIDTH="82" HEIGHT="26" WC="0.92" CONTENT="drager"/><SP WIDTH="20" VPOS="1222" HPOS="803"/>
							<String ID="string_254" HPOS="823" VPOS="1221" WIDTH="36" HEIGHT="28" WC="0.96" CONTENT="sig"/><SP WIDTH="20" VPOS="1221" HPOS="859"/>
							<String ID="string_255" HPOS="879" VPOS="1221" WIDTH="89" HEIGHT="22" WC="0.96" CONTENT="söderut"/>
						</TextLine>
						<TextLine ID="line_31" HPOS="220" VPOS="1256" WIDTH="747" HEIGHT="28">
							<String ID="string_256" HPOS="220" VPOS="1256" WIDTH="41" HEIGHT="22" WC="0.96" CONTENT="och"/><SP WIDTH="21" VPOS="1256" HPOS="261"/>
							<String ID="string_257" HPOS="282" VPOS="1257" WIDTH="40" HEIGHT="21" WC="0.96" CONTENT="har"/><SP WIDTH="21" VPOS="1257" HPOS="322"/>
							<String ID="string_258" HPOS="343" VPOS="1257" WIDTH="92" HEIGHT="22" WC="0.96" CONTENT="sålunda"/><SP WIDTH="20" VPOS="1257" HPOS="435"/>
							<String ID="string_259" HPOS="455" VPOS="1257" WIDTH="66" HEIGHT="23" WC="0.96" CONTENT="äfven"/><SP WIDTH="21" VPOS="1257" HPOS="521"/>
							<String ID="string_260" HPOS="542" VPOS="1258" WIDTH="8" HEIGHT="20" WC="0.96" CONTENT="i"/><SP WIDTH="19" VPOS="1258" HPOS="550"/>
							<String ID="string_261" HPOS="569" VPOS="1258" WIDTH="60" HEIGHT="22" WC="0.96" CONTENT="detta"/><SP WIDTH="21" VPOS="1258" HPOS="629"/>
							<String ID="string_262" HPOS="650" VPOS="1258" WIDTH="105" HEIGHT="22" WC="0.93" CONTENT="afseende"/><SP WIDTH="20" VPOS="1258" HPOS="755"/>
							<String ID="string_263" HPOS="775" VPOS="1257" WIDTH="104" HEIGHT="27" WC="0.91" CONTENT="Filppula"/><SP WIDTH="20" VPOS="1257" HPOS="879"/>
							<String ID="string_264" HPOS="899" VPOS="1256" WIDTH="68" HEIGHT="28" WC="0.96" CONTENT="linjen"/>
						</TextLine>
						<TextLine ID="line_32" HPOS="221" VPOS="1291" WIDTH="263" HEIGHT="28">
							<String ID="string_265" HPOS="221" VPOS="1291" WIDTH="101" HEIGHT="23" WC="0.96" CONTENT="fördelen"/><SP WIDTH="15" VPOS="1291" HPOS="322"/>
							<String ID="string_266" HPOS="337" VPOS="1293" WIDTH="29" HEIGHT="26" WC="0.96" CONTENT="på"/><SP WIDTH="16" VPOS="1293" HPOS="366"/>
							<String ID="string_267" HPOS="382" VPOS="1293" WIDTH="34" HEIGHT="21" WC="0.96" CONTENT="sin"/><SP WIDTH="16" VPOS="1293" HPOS="416"/>
							<String ID="string_268" HPOS="432" VPOS="1293" WIDTH="52" HEIGHT="21" WC="0.96" CONTENT="sida."/>
						</TextLine>
					</TextBlock>
					<TextBlock ID="block_3" HPOS="219" VPOS="1328" WIDTH="749" HEIGHT="136">
						<TextLine ID="line_33" HPOS="292" VPOS="1328" WIDTH="676" HEIGHT="23">
							<String ID="string_269" HPOS="292" VPOS="1328" WIDTH="141" HEIGHT="22" WC="0.96" CONTENT="Beträffande"/><SP WIDTH="21" VPOS="1328" HPOS="433"/>
							<String ID="string_270" HPOS="454" VPOS="1329" WIDTH="42" HEIGHT="21" WC="0.96" CONTENT="den"/><SP WIDTH="21" VPOS="1329" HPOS="496"/>
							<String ID="string_271" HPOS="517" VPOS="1329" WIDTH="122" HEIGHT="22" WC="0.96" CONTENT="finansiella"/><SP WIDTH="21" VPOS="1329" HPOS="639"/>
							<String ID="string_272" HPOS="660" VPOS="1330" WIDTH="63" HEIGHT="21" WC="0.96" CONTENT="sidan"/><SP WIDTH="20" VPOS="1330" HPOS="723"/>
							<String ID="string_273" HPOS="743" VPOS="1329" WIDTH="57" HEIGHT="21" WC="0.95" CONTENT="eller"/><SP WIDTH="20" VPOS="1329" HPOS="800"/>
							<String ID="string_274" HPOS="820" VPOS="1328" WIDTH="148" HEIGHT="22" WC="0.96" CONTENT="kostnaderna"/>
						</TextLine>
						<TextLine ID="line_34" HPOS="220" VPOS="1363" WIDTH="746" HEIGHT="29">
							<String ID="string_275" HPOS="220" VPOS="1363" WIDTH="36" HEIGHT="22" WC="0.96" CONTENT="för"/><SP WIDTH="18" VPOS="1363" HPOS="256"/>
							<String ID="string_276" HPOS="274" VPOS="1364" WIDTH="82" HEIGHT="22" WC="0.96" CONTENT="banans"/><SP WIDTH="20" VPOS="1364" HPOS="356"/>
							<String ID="string_277" HPOS="376" VPOS="1364" WIDTH="115" HEIGHT="28" WC="0.96" CONTENT="byggande"/><SP WIDTH="19" VPOS="1364" HPOS="491"/>
							<String ID="string_278" HPOS="510" VPOS="1365" WIDTH="25" HEIGHT="21" WC="0.93" CONTENT="så"/><SP WIDTH="18" VPOS="1365" HPOS="535"/>
							<String ID="string_279" HPOS="553" VPOS="1364" WIDTH="72" HEIGHT="28" WC="0.91" CONTENT="gifver"/><SP WIDTH="18" VPOS="1364" HPOS="625"/>
							<String ID="string_280" HPOS="643" VPOS="1366" WIDTH="43" HEIGHT="21" WC="0.96" CONTENT="den"/><SP WIDTH="19" VPOS="1366" HPOS="686"/>
							<String ID="string_281" HPOS="705" VPOS="1364" WIDTH="168" HEIGHT="22" WC="0.93" CONTENT="instrumentala"/><SP WIDTH="15" VPOS="1364" HPOS="873"/>
							<String ID="string_282" HPOS="888" VPOS="1364" WIDTH="78" HEIGHT="21" WC="0.92" CONTENT="under-"/>
						</TextLine>
						<TextLine ID="line_35" HPOS="220" VPOS="1399" WIDTH="747" HEIGHT="29">
							<String ID="string_283" HPOS="220" VPOS="1399" WIDTH="124" HEIGHT="28" WC="0.96" CONTENT="sökningen"/><SP WIDTH="16" VPOS="1399" HPOS="344"/>
							<String ID="string_284" HPOS="360" VPOS="1400" WIDTH="37" HEIGHT="22" WC="0.96" CONTENT="vid"/><SP WIDTH="20" VPOS="1400" HPOS="397"/>
							<String ID="string_285" HPOS="417" VPOS="1400" WIDTH="86" HEIGHT="22" WC="0.96" CONTENT="handen"/><SP WIDTH="16" VPOS="1400" HPOS="503"/>
							<String ID="string_286" HPOS="519" VPOS="1402" WIDTH="32" HEIGHT="20" WC="0.93" CONTENT="att"/><SP WIDTH="15" VPOS="1402" HPOS="551"/>
							<String ID="string_287" HPOS="566" VPOS="1400" WIDTH="75" HEIGHT="22" WC="0.93" CONTENT="Keuru"/><SP WIDTH="16" VPOS="1400" HPOS="641"/>
							<String ID="string_288" HPOS="657" VPOS="1401" WIDTH="69" HEIGHT="27" WC="0.96" CONTENT="linjen"/><SP WIDTH="15" VPOS="1401" HPOS="726"/>
							<String ID="string_289" HPOS="741" VPOS="1401" WIDTH="98" HEIGHT="21" WC="0.96" CONTENT="kommer"/><SP WIDTH="16" VPOS="1401" HPOS="839"/>
							<String ID="string_290" HPOS="855" VPOS="1401" WIDTH="32" HEIGHT="20" WC="0.96" CONTENT="att"/><SP WIDTH="15" VPOS="1401" HPOS="887"/>
							<String ID="string_291" HPOS="902" VPOS="1400" WIDTH="65" HEIGHT="21" WC="0.96" CONTENT="kosta"/>
						</TextLine>
						<TextLine ID="line_36" HPOS="219" VPOS="1434" WIDTH="746" HEIGHT="30">
							<String ID="string_292" HPOS="219" VPOS="1434" WIDTH="49" HEIGHT="23" WC="0.89" CONTENT="Fm."/><SP WIDTH="17" VPOS="1434" HPOS="268"/>
							<String ID="string_293" HPOS="285" VPOS="1437" WIDTH="79" HEIGHT="26" WC="0.91" CONTENT="92,000"/><SP WIDTH="16" VPOS="1437" HPOS="364"/>
							<String ID="string_294" HPOS="380" VPOS="1442" WIDTH="27" HEIGHT="21" WC="0.96" CONTENT="pr"/><SP WIDTH="15" VPOS="1442" HPOS="407"/>
							<String ID="string_295" HPOS="422" VPOS="1436" WIDTH="116" HEIGHT="22" WC="0.96" CONTENT="kilometer"/><SP WIDTH="16" VPOS="1436" HPOS="538"/>
							<String ID="string_296" HPOS="554" VPOS="1436" WIDTH="39" HEIGHT="22" WC="0.96" CONTENT="och"/><SP WIDTH="15" VPOS="1436" HPOS="593"/>
							<String ID="string_297" HPOS="608" VPOS="1437" WIDTH="63" HEIGHT="21" WC="0.96" CONTENT="torde"/><SP WIDTH="14" VPOS="1437" HPOS="671"/>
							<String ID="string_298" HPOS="685" VPOS="1436" WIDTH="96" HEIGHT="28" WC="0.96" CONTENT="längden"/><SP WIDTH="11" VPOS="1436" HPOS="781"/>
							<String ID="string_299" HPOS="792" VPOS="1436" WIDTH="69" HEIGHT="21" WC="0.96" CONTENT="blifva"/><SP WIDTH="11" VPOS="1436" HPOS="861"/>
							<String ID="string_300" HPOS="872" VPOS="1437" WIDTH="27" HEIGHT="19" WC="0.93" CONTENT="81"/><SP WIDTH="12" VPOS="1437" HPOS="899"/>
							<String ID="string_301" HPOS="911" VPOS="1435" WIDTH="54" HEIGHT="21" WC="0.92" CONTENT="kilo-"/>
						</TextLine>
					</TextBlock>
				</ComposedBlock>
				<ComposedBlock ID="cblock_2" HPOS="292" VPOS="1482" WIDTH="364" HEIGHT="24">
					<TextBlock ID="block_4" HPOS="292" VPOS="1482" WIDTH="364" HEIGHT="24">
						<TextLine ID="line_37" HPOS="292" VPOS="1482" WIDTH="364" HEIGHT="24">
							<String ID="string_302" HPOS="292" VPOS="1482" WIDTH="173" HEIGHT="24" WC="0.88" CONTENT="Jernvägsutskottets"/><SP WIDTH="12" VPOS="1482" HPOS="465"/>
							<String ID="string_303" HPOS="477" VPOS="1482" WIDTH="106" HEIGHT="20" WC="0.96" CONTENT="betänkande"/><SP WIDTH="12" VPOS="1482" HPOS="583"/>
							<String ID="string_304" HPOS="595" VPOS="1483" WIDTH="34" HEIGHT="19" WC="0.95" CONTENT="N:o"/><SP WIDTH="12" VPOS="1483" HPOS="629"/>
							<String ID="string_305" HPOS="641" VPOS="1485" WIDTH="15" HEIGHT="17" WC="0.95" CONTENT="1."/>
						</TextLine>
					</TextBlock>
				</ComposedBlock>
			</PrintSpace>
		</Page>
	</Layout>
</alto>
