1073 1673
260 157 27 20 36
437 156 245 23 Petitionsbetänkande
697 156 35 23 N:o
748 155 35 23 20.

231 225 150 28 målsenlighet
396 226 43 21 lika
454 226 87 28 mycket
557 226 33 21 för
606 226 35 21 det
656 232 43 15 ena
714 233 49 14 som
779 226 36 21 det
830 226 69 21 andra
910 225 23 22 af
942 226 49 21 dess

230 260 46 21 vidt
291 260 69 21 skilda
376 260 69 28 syften
461 263 102 25 nogsamt
578 261 112 27 påpekats.

300 294 74 27 Steget
389 295 55 22 hade
460 295 48 22 icke
523 295 66 27 tagits
604 295 46 21 fullt
665 297 29 19 ut.
717 295 31 21 En
764 295 142 22 mellanskola
921 296 70 21 måste

230 328 33 21 för
278 331 32 19 att
324 328 74 22 såsom
413 329 65 22 sådan
491 329 91 29 fungera
593 329 83 22 skänka
687 330 49 21 sina
746 330 100 21 alumner
857 336 27 15 en
896 329 94 22 afslutad

229 363 167 27 bildningskurs,
413 366 22 19 så
451 366 32 19 att
498 364 27 21 de
535 364 116 27 lärjungar,
663 364 73 21 hvilka
746 363 49 22 från
803 364 128 21 densamma
939 364 51 27 utgå

230 397 42 22 och
287 398 48 21 icke
351 398 69 21 önska
436 405 56 20 egna
507 399 33 26 sig
556 399 22 20 åt
593 398 102 22 fortsatta
711 399 87 25 studier,
810 398 80 22 besitta
898 401 29 19 ett
936 399 54 20 kun-

230 432 128 27 skapsmått,
381 433 81 22 hvilket
477 433 50 21 med
547 433 114 28 framgång
676 433 44 22 kan
735 433 77 27 läggas
827 433 31 21 till
873 433 69 27 grund
957 433 33 21 för

230 473 27 15 en
272 467 123 28 utveckling
409 467 7 21 i
431 468 98 27 praktisk
544 467 100 28 riktning.
672 467 46 22 Och
733 468 78 21 härvid
821 468 62 21 torde
894 468 36 21 det
940 468 50 21 med

229 501 47 22 skäl
298 501 74 22 kunna
390 502 144 27 ifrågasättas,
555 503 106 21 huruvida
679 503 42 21 den
737 502 110 22 blifvande
862 503 127 27 yrkesman-

228 542 42 15 nen
286 536 44 21 kan
345 537 64 21 hafva
424 537 119 22 bestående
559 543 57 21 gagn
631 537 23 21 af
668 543 27 16 en
711 537 119 27 detaljerad
845 537 51 21 kurs
912 537 7 20 i
934 539 14 18 t.
958 543 31 15 ex.

228 571 73 26 gamla
323 571 71 21 tidens
417 571 90 22 historia
530 574 54 19 utan
606 574 31 19 att
655 571 74 22 känna
745 578 39 15 ens
799 571 153 28 grunddragen
968 571 23 21 af

228 606 207 21 människosläktets
458 607 56 21 öden
537 607 42 20 och
602 607 196 26 kulturutveckling
820 606 69 21 under
912 612 76 15 senåre

228 640 61 26 tider,
306 641 43 20 och
364 641 36 21 det
415 643 24 19 är
455 641 34 21 väl
504 641 74 21 tvifvel
593 641 164 26 underkastadt,
776 647 36 15 om
827 641 68 27 några
909 641 80 26 kapitel

228 681 25 15 ur
268 675 64 28 tyska
355 676 158 26 grammatiken
536 675 44 21 kan
596 677 81 20 ersätta
692 675 84 22 bristen
791 675 29 27 på
834 675 75 27 hvarje
925 675 63 21 äfven

228 710 42 21 den
286 712 56 19 mest
364 709 131 22 kortfattade
519 710 158 27 framställning
693 709 24 22 af
729 709 153 22 fosterlandets
898 709 90 22 historia

228 745 42 21 och
293 744 234 28 samhällsförfattning.
558 745 110 27 Därjämte
693 751 66 21 synes
786 751 28 15 en
840 744 146 26 mellanskola,

227 786 49 15 som
291 780 55 20 skall
361 780 84 21 skänka
460 780 67 26 något
543 780 93 21 vetande
651 779 86 22 utöfver
752 779 42 26 det,
812 786 47 14 som
874 780 6 20 i
892 779 95 21 folksko-

227 814 36 21 lan
278 814 119 27 meddelas,
413 814 48 22 icke
476 814 74 21 kunna
569 820 53 15 vara
640 814 48 21 två-
705 814 51 21 eller
771 814 81 27 treårig
867 814 49 21 med
931 814 55 20 min-

226 849 38 21 dre
280 850 28 20 än
324 851 32 19 att
372 849 41 21 den
428 849 97 27 vidtager
541 855 77 15 senare
634 850 29 19 än
671 849 37 20 vid
718 849 37 21 det
766 848 160 27 ålderstadium,
938 855 48 14 som

225 883 111 22 erfordras
351 883 33 22 för
398 883 85 22 inträde
499 884 7 20 i
521 883 91 28 lyceum.

294 918 42 21 Vid
352 918 42 21 den
409 918 135 21 omfattande
560 917 123 22 diskussion
698 918 7 20 i
720 917 78 27 frågan
809 923 37 15 om
856 917 130 21 mellansko-

225 953 38 26 lor,
281 953 105 21 hvarmed
400 955 88 19 senaste
504 952 110 21 allmänna
625 952 180 21 skolläraremöte
816 951 74 28 (1890)
901 951 85 22 inledde

225 987 48 21 sina
288 986 171 27 förhandlingar,
475 987 107 21 uttalades
590 987 89 26 jämväl,
689 988 32 19 att
730 986 42 21 den
780 992 80 21 genom
868 986 117 21 realskole-

224 1021 153 22 institutionen
392 1027 74 15 vunna
481 1021 151 22 ertarenheten
647 1020 64 27 gåfve
726 1021 36 20 vid
778 1020 94 26 handen,
889 1022 32 19 att
933 1020 53 21 mel-

224 1055 116 22 lanskolan
355 1055 47 22 icke
417 1056 116 27 lämpligen
551 1055 41 21 bör
612 1055 138 27 organiseras
766 1054 134 27 fullständigt
914 1054 72 21 fristå-

224 1090 56 21 ende
303 1092 54 19 utan
376 1090 91 21 relation
486 1090 31 21 till
536 1089 69 27 öfriga
620 1090 68 26 högre
703 1089 160 22 läroanstalter.
892 1088 94 21 Snarare

224 1131 52 15 vore
297 1125 35 21 väl
354 1125 49 21 med
419 1125 64 21 dessa
498 1125 85 20 skolors
598 1123 55 28 syfte
669 1124 43 21 och
727 1123 51 22 med
793 1123 65 22 ofvan
873 1123 113 27 påpekade

223 1159 155 22 fluktuationer
393 1159 7 20 i
415 1159 179 22 elevnumerären
615 1159 13 20 å
644 1159 26 20 de
686 1159 69 26 högre
770 1157 130 22 lärovärken
916 1157 70 22 öfver-

224 1194 184 26 ensstämmande,
432 1195 32 20 att
487 1193 26 22 de
528 1192 26 22 så
572 1195 54 19 nära
645 1199 48 15 som
710 1192 84 27 möjligt
809 1192 84 21 anslöte
909 1192 32 27 sig
956 1192 30 21 till

224 1230 31 19 ett
271 1229 60 20 antal
347 1228 21 21 af
382 1228 113 27 lyceernas
511 1228 60 26 lägre
586 1227 90 26 klasser,
692 1227 74 20 hvilka
781 1226 77 21 härvid
874 1226 111 27 själffallet,

223 1262 65 23 äfven
304 1263 33 26 de,
353 1263 88 20 komme
457 1264 32 19 att
511 1262 59 21 bilda
590 1268 26 15 en
632 1264 34 19 art
682 1261 24 21 af
719 1260 154 22 mellanskolor
889 1261 49 21 med
954 1260 32 21 af-

223 1297 85 21 slutade
332 1297 81 21 kurser.
443 1297 82 21 Härvid
544 1296 63 21 torde
626 1295 65 22 femte
707 1295 95 26 klassen,
818 1295 87 21 hvilken
920 1295 66 26 enligt

223 1331 42 22 den
282 1333 14 20 å
312 1331 63 22 sidan
390 1332 28 21 34
433 1331 128 22 meddelade
576 1330 94 21 tabellen
680 1330 94 21 innehar
784 1329 202 21 medelnumerären

222 1367 72 21 elever
310 1367 7 20 i
332 1366 135 22 förhållande
482 1366 30 21 till
528 1365 68 27 öfriga
606 1365 90 26 klasser,
707 1365 51 21 bäst
769 1370 57 21 egna
836 1364 33 26 sig
879 1364 31 20 till
920 1365 66 26 gräns

222 1402 34 21 för
270 1402 8 20 i
293 1400 63 28 fråga
370 1401 97 21 varande
483 1400 162 26 mellankurser,
662 1400 25 20 så
703 1399 87 27 mycket
806 1404 46 16 mer
863 1405 48 15 som
920 1398 64 27 prak-

221 1436 53 21 tiskt
297 1435 148 27 pedagogiska
468 1435 53 26 skäl,
544 1434 135 22 hänförande
700 1434 34 26 sig
756 1433 31 21 till
806 1433 26 22 de
848 1440 43 20 nya
906 1433 78 27 lyceer,

222 1470 84 22 hvilkas
322 1469 124 21 inrättande
462 1470 65 26 enligt
542 1468 40 22 här
597 1468 128 21 framstälda
740 1468 52 26 plan
808 1467 68 21 redan
887 1467 97 22 beslutits

293 1508 100 19 Allmänna
404 1508 176 19 Besvärsutskottets
590 1507 109 18 betänkande
712 1507 37 18 N:o
762 1507 29 17 21.
