1056 1673
328 115 223 23 Petitionsbetänkande
568 116 35 21 N:o
618 115 14 22 1.
793 117 26 19 59

452 183 39 18 25.

160 237 57 20 Från
226 235 164 22 Bondeståndet
399 242 26 15 en
434 235 93 28 petition
536 236 25 21 af
569 236 82 21 Herrar
658 235 68 22 Ernst
734 235 47 22 Ivar
792 235 58 22 Roini

102 272 39 21 och
163 272 25 21 F.
213 271 23 21 V.
256 271 129 27 Lagerstedt
404 277 35 16 om
459 271 123 28 beviljande
598 271 25 22 af
635 271 82 27 nödiga
733 271 69 22 medel
817 271 34 21 för

101 306 226 28 byggnadsarbetenas
351 307 172 27 påbegynnande
543 309 28 26 på
592 307 147 22 bansträckan
759 307 92 22 emellan

102 342 117 28 Jyväskylä
238 343 48 21 stad
302 343 40 21 och
358 343 75 21 Keuru
449 343 53 21 eller
517 343 133 27 Pihlajavesi
666 343 112 28 stationer,
795 344 56 20 samt

102 384 34 15 om
160 378 66 27 nädig
246 378 136 27 proposition
402 378 35 21 till
464 380 64 20 nästa
548 379 107 26 landtdag
671 379 111 27 angäende
798 378 53 22 slut-

102 413 100 23 förandet
224 414 24 21 af
269 415 67 26 sagda
356 414 57 21 bana
434 415 40 21 och
496 415 49 21 dess
561 415 148 21 fortsättande
725 416 46 20 mot
787 416 64 25 öster,

102 450 88 22 hvilken
206 449 92 28 petition
314 450 7 21 i
338 450 159 27 öfversättning
512 453 25 19 är
552 451 24 21 af
590 451 96 27 följande
701 450 93 27 lydelse:

229 558 56 20 Till
306 558 183 21 Hedervärda
507 559 216 20 Bondeständet.

174 624 40 20 Vid
232 625 56 18 1885
305 625 37 18 och
360 625 55 19 1888
432 625 34 19 ärs
482 625 125 25 landtdagar
622 625 101 24 föreslogo
739 624 114 20 Ständerna

103 654 120 25 byggandet
246 654 22 19 af
288 661 25 12 en
334 654 88 25 jernväg
441 654 47 20 frän
504 655 68 25 nägon
588 655 77 19 station
680 655 85 19 emellan
781 654 72 20 Keuru

104 684 36 19 och
163 684 120 25 Myllymäki
305 684 35 19 vid
363 685 134 19 Wasabanan
520 685 32 19 till
574 685 117 25 Jyväskylä
706 685 37 19 och
764 684 89 20 deriträn

104 716 78 17 österut
205 713 31 20 till
259 714 99 20 Savolaks
380 714 38 19 och
441 714 104 20 Karelska
565 714 144 26 jernvägarne.
743 715 56 18 1888
819 715 34 18 års

104 744 84 19 ständer
211 744 85 26 anhöllo,
318 746 31 18 att
364 744 132 25 Regeringen
512 746 62 18 mätte
590 744 106 26 förelägga
711 751 27 13 nu
755 750 98 14 samman-

104 774 99 19 trädande
211 774 87 20 Ständer
308 774 125 26 proposition
444 774 107 25 angående
562 774 119 26 byggandet
689 774 22 20 af
716 774 137 20 bansträckan

104 804 85 19 emellan
205 804 131 20 Wasabanan
352 804 38 20 och
403 804 124 26 Jyväskylä.
553 804 33 20 Då
601 805 63 24 något
679 804 72 25 anslag
758 804 31 20 för
797 804 56 19 detta

104 833 94 20 ändamål
213 833 111 20 emellertid
339 834 45 19 icke
399 834 59 19 torde
474 841 50 13 vara
540 837 31 17 att
586 838 83 22 emotse,
685 834 81 20 anhålla
780 833 73 20 under-

105 863 105 27 tecknade,
233 865 26 24 pä
280 863 35 20 det
335 866 31 17 att
380 864 92 25 uppskof
485 864 46 19 med
547 864 120 26 byggandet
683 864 22 20 af
718 864 68 19 denna
800 864 53 19 bana

104 893 46 20 icke
172 895 62 18 måtte
250 893 176 26 fortsättningsvis
447 897 75 22 utgöra
537 894 74 19 hinder
627 894 31 19 för
673 894 146 25 utvecklingen
834 893 22 20 af

105 923 35 19 det
162 923 45 20 inre
229 923 80 20 landets
331 923 79 26 handel,
432 923 31 20 till
480 924 65 19 skada
560 924 45 19 icke
621 924 87 19 allenast
723 923 31 20 för
769 930 25 13 en
810 923 43 20 vid-

106 953 78 19 sträckt
203 953 93 20 landsdel
316 956 49 17 utan
380 953 60 20 äfven
456 953 32 20 för
503 954 46 19 hela
565 953 76 26 landet,
657 956 30 17 att
703 953 20 20 få
738 953 67 20 vända
821 960 33 13 oss

104 982 32 19 till
156 989 27 13 nu
204 983 120 20 församlade
342 983 87 20 Ständer
445 983 47 20 med
508 990 24 13 en
549 983 96 20 anhållan
660 983 75 26 derom,
751 985 30 18 att
796 983 57 20 Stän-

105 1012 65 20 derna
190 1014 62 18 måtte
266 1013 73 25 bringa
354 1013 100 26 förslaget
470 1021 32 12 om
518 1013 67 20 denna
597 1013 90 26 jernväg
701 1013 32 20 till
748 1013 106 19 förverkli-

105 1042 75 26 gande;
205 1042 66 20 denna
294 1044 55 24 gång
372 1043 45 20 med
438 1044 24 19 så
483 1043 83 26 mycket
585 1050 56 13 mera
657 1043 50 26 skäl,
723 1049 43 14 som
781 1043 74 24 många

105 1072 72 19 länder
200 1072 30 20 för
253 1073 128 19 närvarande
399 1073 91 25 omgifva
509 1073 32 25 sig
558 1073 47 20 med
625 1073 147 26 skyddstullar.
803 1073 52 19 Vårt

105 1102 60 19 lands
178 1102 140 26 jernvägsnät,
333 1103 46 19 med
395 1103 47 20 dess
459 1102 52 21 både
526 1103 81 26 färdiga
623 1103 37 20 och
675 1103 66 20 under
756 1102 99 26 byggnad

106 1131 90 20 varande
212 1132 107 25 jernvägar
334 1132 58 20 torde
407 1133 104 26 knappast
526 1133 71 20 kunna
613 1133 106 19 framkalla
729 1135 30 17 ett
769 1132 86 25 lifligare

106 1162 124 25 varuutbyte
250 1163 85 19 emellan
356 1159 138 30 Österbotten,
512 1163 103 20 mellersta
631 1163 37 19 och
684 1162 109 26 sydvestra
807 1161 48 20 Fin-

106 1191 48 19 land
170 1194 52 17 samt
238 1192 97 20 Savolaks
352 1192 37 19 och
403 1192 93 20 Karelen
512 1193 84 25 sålänge
612 1192 60 20 dessa
689 1192 117 20 landsdelar
820 1194 35 17 äro

106 1223 49 17 utan
172 1224 92 17 närmare
280 1222 123 19 förbindelse
418 1223 47 19 med
481 1222 117 21 hvarandra
609 1222 37 20 och
656 1222 103 20 mellersta
767 1221 88 20 Finland

107 1251 22 19 så
145 1251 50 25 godt
211 1258 42 13 som
268 1252 42 19 helt
326 1252 38 19 och
378 1251 63 20 hållet
457 1252 86 20 afskildt
558 1252 46 19 från
617 1252 162 25 jernvägsnätet.

177 1281 27 20 Vi
219 1281 49 26 vilja
283 1282 7 19 i
305 1281 81 20 korthet
401 1282 82 25 påpeka
493 1282 41 20 den
544 1281 132 20 ekonomiska
686 1281 119 26 betydelsen
818 1281 37 19 hos

106 1310 40 20 den
169 1310 99 27 landsdel,
289 1318 42 13 som
350 1311 81 20 beröres
448 1312 23 19 af
484 1312 139 19 bansträckan
637 1311 219 26 Jyväskylä—Keuru

107 1340 49 19 eller
172 1340 128 26 Pihlajavesi.

178 1371 205 20 Innevånareantalet
397 1371 61 26 längs
475 1371 68 20 denna
555 1371 149 27 jernvägslinie
720 1374 23 16 är
753 1373 66 17 större
829 1373 27 17 än

106 1400 60 25 längs
188 1400 64 20 andra
274 1401 116 25 föreslagna
413 1401 146 25 sträckningar
583 1401 84 20 emellan
687 1400 116 26 Jyväskylä
818 1400 38 20 och

106 1429 138 27 Wasabanan,
268 1431 38 19 och
323 1430 37 20 har
376 1430 65 20 under
457 1433 83 17 senaste
555 1430 109 21 decennier
680 1430 58 20 ökats
754 1430 101 20 snabbare

178 1470 173 24 Jernvägsutskottets
363 1470 108 20 betänkande
484 1471 37 20 N:o
533 1472 15 17 1.
