<?xml version="1.0" encoding="UTF-8"?>
<alto xmlns="http://www.loc.gov/standards/alto/ns-v3#" xmlns:xlink="http://www.w3.org/1999/xlink" xmlns:xsi="http://www.w3.org/2001/XMLSchema-instance" xsi:schemaLocation="http://www.loc.gov/standards/alto/ns-v3# http://www.loc.gov/alto/v3/alto-3-0.xsd">
	<Description>
		<MeasurementUnit>pixel</MeasurementUnit>
		<sourceImageInformation>
			<fileName>/tmp/tess_i8gnacnj_input.PNG</fileName>
		</sourceImageInformation>
		<OCRProcessing ID="OCR_0">
			<ocrProcessingStep>
				<processingSoftware>
					<softwareName>tesseract 5.3.4</softwareName>
				</processingSoftware>
			</ocrProcessingStep>
		</OCRProcessing>
	</Description>
	<Layout>
		<Page WIDTH="1067" HEIGHT="1661" PHYSICAL_IMG_NR="0" ID="page_0">
			<PrintSpace HPOS="0" VPOS="0" WIDTH="1067" HEIGHT="1661">
				<ComposedBlock ID="cblock_0" HPOS="251" VPOS="140" WIDTH="549" HEIGHT="22">
					<TextBlock ID="block_0" HPOS="251" VPOS="140" WIDTH="549" HEIGHT="22">
						<TextLine ID="line_0" HPOS="251" VPOS="140" WIDTH="549" HEIGHT="22">
							<String ID="string_0" HPOS="251" VPOS="140" WIDTH="283" HEIGHT="22" WC="0.90" CONTENT="Petitionsbetänkande"/><SP WIDTH="16" VPOS="140" HPOS="534"/>
							<String ID="string_1" HPOS="550" VPOS="140" WIDTH="46" HEIGHT="22" WC="0.96" CONTENT="N:o"/><SP WIDTH="16" VPOS="140" HPOS="596"/>
							<String ID="string_2" HPOS="612" VPOS="140" WIDTH="36" HEIGHT="22" WC="0.95" CONTENT="13."/><SP WIDTH="140" VPOS="140" HPOS="648"/>
							<String ID="string_3" HPOS="788" VPOS="141" WIDTH="12" HEIGHT="20" WC="0.96" CONTENT="3"/>
						</TextLine>
					</TextBlock>
				</ComposedBlock>
				<ComposedBlock ID="cblock_1" HPOS="67" VPOS="202" WIDTH="766" HEIGHT="1295">
					<TextBlock ID="block_1" HPOS="67" VPOS="202" WIDTH="765" HEIGHT="645">
						<TextLine ID="line_1" HPOS="67" VPOS="202" WIDTH="763" HEIGHT="30">
							<String ID="string_4" HPOS="67" VPOS="202" WIDTH="209" HEIGHT="30" WC="0.91" CONTENT="stiftningsfrågor,"/><SP WIDTH="15" VPOS="202" HPOS="276"/>
							<String ID="string_5" HPOS="291" VPOS="202" WIDTH="81" HEIGHT="22" WC="0.96" CONTENT="hvilka"/><SP WIDTH="16" VPOS="202" HPOS="372"/>
							<String ID="string_6" HPOS="388" VPOS="202" WIDTH="71" HEIGHT="22" WC="0.96" CONTENT="sedan"/><SP WIDTH="16" VPOS="202" HPOS="459"/>
							<String ID="string_7" HPOS="475" VPOS="202" WIDTH="53" HEIGHT="22" WC="0.96" CONTENT="vårt"/><SP WIDTH="14" VPOS="202" HPOS="528"/>
							<String ID="string_8" HPOS="542" VPOS="202" WIDTH="204" HEIGHT="22" WC="0.93" CONTENT="konstitutionella"/><SP WIDTH="15" VPOS="202" HPOS="746"/>
							<String ID="string_9" HPOS="761" VPOS="204" WIDTH="69" HEIGHT="20" WC="0.91" CONTENT="stats-"/>
						</TextLine>
						<TextLine ID="line_2" HPOS="68" VPOS="236" WIDTH="764" HEIGHT="30">
							<String ID="string_10" HPOS="68" VPOS="238" WIDTH="77" HEIGHT="22" WC="0.92" CONTENT="skicks"/><SP WIDTH="17" VPOS="238" HPOS="145"/>
							<String ID="string_11" HPOS="162" VPOS="236" WIDTH="203" HEIGHT="30" WC="0.92" CONTENT="återupplifvande"/><SP WIDTH="16" VPOS="236" HPOS="365"/>
							<String ID="string_12" HPOS="381" VPOS="236" WIDTH="58" HEIGHT="22" WC="0.96" CONTENT="stått"/><SP WIDTH="12" VPOS="236" HPOS="439"/>
							<String ID="string_13" HPOS="451" VPOS="237" WIDTH="31" HEIGHT="28" WC="0.96" CONTENT="på"/><SP WIDTH="12" VPOS="237" HPOS="482"/>
							<String ID="string_14" HPOS="494" VPOS="236" WIDTH="184" HEIGHT="29" WC="0.92" CONTENT="dagordningen."/><SP WIDTH="23" VPOS="236" HPOS="678"/>
							<String ID="string_15" HPOS="701" VPOS="236" WIDTH="83" HEIGHT="22" WC="0.96" CONTENT="Redan"/><SP WIDTH="11" VPOS="236" HPOS="784"/>
							<String ID="string_16" HPOS="795" VPOS="236" WIDTH="37" HEIGHT="22" WC="0.96" CONTENT="för"/>
						</TextLine>
						<TextLine ID="line_3" HPOS="67" VPOS="270" WIDTH="765" HEIGHT="30">
							<String ID="string_17" HPOS="67" VPOS="272" WIDTH="73" HEIGHT="28" WC="0.96" CONTENT="några"/><SP WIDTH="22" VPOS="272" HPOS="140"/>
							<String ID="string_18" HPOS="162" VPOS="271" WIDTH="124" HEIGHT="22" WC="0.96" CONTENT="decennier"/><SP WIDTH="20" VPOS="271" HPOS="286"/>
							<String ID="string_19" HPOS="306" VPOS="270" WIDTH="98" HEIGHT="22" WC="0.96" CONTENT="tillbaka"/><SP WIDTH="24" VPOS="270" HPOS="404"/>
							<String ID="string_20" HPOS="428" VPOS="271" WIDTH="83" HEIGHT="28" WC="0.89" CONTENT="ansågs"/><SP WIDTH="21" VPOS="271" HPOS="511"/>
							<String ID="string_21" HPOS="532" VPOS="270" WIDTH="45" HEIGHT="21" WC="0.96" CONTENT="den"/><SP WIDTH="19" VPOS="270" HPOS="577"/>
							<String ID="string_22" HPOS="596" VPOS="278" WIDTH="56" HEIGHT="13" WC="0.96" CONTENT="vara"/><SP WIDTH="15" VPOS="278" HPOS="652"/>
							<String ID="string_23" HPOS="667" VPOS="270" WIDTH="26" HEIGHT="21" WC="0.96" CONTENT="af"/><SP WIDTH="13" VPOS="270" HPOS="693"/>
							<String ID="string_24" HPOS="706" VPOS="271" WIDTH="72" HEIGHT="21" WC="0.93" CONTENT="sådan"/><SP WIDTH="15" VPOS="271" HPOS="778"/>
							<String ID="string_25" HPOS="793" VPOS="271" WIDTH="39" HEIGHT="22" WC="0.92" CONTENT="be-"/>
						</TextLine>
						<TextLine ID="line_4" HPOS="68" VPOS="304" WIDTH="763" HEIGHT="31">
							<String ID="string_26" HPOS="68" VPOS="306" WIDTH="97" HEIGHT="29" WC="0.90" CONTENT="tydelse,"/><SP WIDTH="16" VPOS="306" HPOS="165"/>
							<String ID="string_27" HPOS="181" VPOS="308" WIDTH="35" HEIGHT="19" WC="0.96" CONTENT="att"/><SP WIDTH="20" VPOS="308" HPOS="216"/>
							<String ID="string_28" HPOS="236" VPOS="305" WIDTH="45" HEIGHT="22" WC="0.96" CONTENT="den"/><SP WIDTH="19" VPOS="305" HPOS="281"/>
							<String ID="string_29" HPOS="300" VPOS="307" WIDTH="101" HEIGHT="26" WC="0.96" CONTENT="upptogs"/><SP WIDTH="23" VPOS="307" HPOS="401"/>
							<String ID="string_30" HPOS="424" VPOS="304" WIDTH="72" HEIGHT="22" WC="0.96" CONTENT="bland"/><SP WIDTH="21" VPOS="304" HPOS="496"/>
							<String ID="string_31" HPOS="517" VPOS="305" WIDTH="29" HEIGHT="21" WC="0.96" CONTENT="de"/><SP WIDTH="15" VPOS="305" HPOS="546"/>
							<String ID="string_32" HPOS="561" VPOS="305" WIDTH="108" HEIGHT="26" WC="0.96" CONTENT="ärenden,"/><SP WIDTH="19" VPOS="305" HPOS="669"/>
							<String ID="string_33" HPOS="688" VPOS="305" WIDTH="36" HEIGHT="21" WC="0.96" CONTENT="för"/><SP WIDTH="15" VPOS="305" HPOS="724"/>
							<String ID="string_34" HPOS="739" VPOS="305" WIDTH="92" HEIGHT="22" WC="0.96" CONTENT="hvilkas"/>
						</TextLine>
						<TextLine ID="line_5" HPOS="73" VPOS="339" WIDTH="759" HEIGHT="29">
							<String ID="string_35" HPOS="73" VPOS="340" WIDTH="129" HEIGHT="28" WC="0.96" CONTENT="beredning"/><SP WIDTH="20" VPOS="340" HPOS="202"/>
							<String ID="string_36" HPOS="222" VPOS="339" WIDTH="66" HEIGHT="22" WC="0.96" CONTENT="Hans"/><SP WIDTH="19" VPOS="339" HPOS="288"/>
							<String ID="string_37" HPOS="307" VPOS="339" WIDTH="132" HEIGHT="28" WC="0.96" CONTENT="Kejserliga"/><SP WIDTH="17" VPOS="339" HPOS="439"/>
							<String ID="string_38" HPOS="456" VPOS="339" WIDTH="110" HEIGHT="28" WC="0.96" CONTENT="Majestät"/><SP WIDTH="14" VPOS="339" HPOS="566"/>
							<String ID="string_39" HPOS="580" VPOS="339" WIDTH="57" HEIGHT="21" WC="0.95" CONTENT="fann"/><SP WIDTH="15" VPOS="339" HPOS="637"/>
							<String ID="string_40" HPOS="652" VPOS="339" WIDTH="51" HEIGHT="21" WC="0.93" CONTENT="skäl"/><SP WIDTH="15" VPOS="339" HPOS="703"/>
							<String ID="string_41" HPOS="718" VPOS="346" WIDTH="114" HEIGHT="15" WC="0.90" CONTENT="samman-"/>
						</TextLine>
						<TextLine ID="line_6" HPOS="69" VPOS="373" WIDTH="763" HEIGHT="30">
							<String ID="string_42" HPOS="69" VPOS="374" WIDTH="65" HEIGHT="22" WC="0.96" CONTENT="kalla"/><SP WIDTH="20" VPOS="374" HPOS="134"/>
							<String ID="string_43" HPOS="154" VPOS="374" WIDTH="40" HEIGHT="21" WC="0.96" CONTENT="det"/><SP WIDTH="20" VPOS="374" HPOS="194"/>
							<String ID="string_44" HPOS="214" VPOS="381" WIDTH="16" HEIGHT="14" WC="0.97" CONTENT="s."/><SP WIDTH="16" VPOS="381" HPOS="230"/>
							<String ID="string_45" HPOS="246" VPOS="374" WIDTH="22" HEIGHT="21" WC="0.93" CONTENT="k."/><SP WIDTH="14" VPOS="374" HPOS="268"/>
							<String ID="string_46" HPOS="282" VPOS="373" WIDTH="216" HEIGHT="29" WC="0.90" CONTENT="januariutskottet."/><SP WIDTH="30" VPOS="373" HPOS="498"/>
							<String ID="string_47" HPOS="528" VPOS="373" WIDTH="93" HEIGHT="28" WC="0.93" CONTENT="Frågan"/><SP WIDTH="20" VPOS="373" HPOS="621"/>
							<String ID="string_48" HPOS="641" VPOS="373" WIDTH="68" HEIGHT="29" WC="0.93" CONTENT="gälde"/><SP WIDTH="17" VPOS="373" HPOS="709"/>
							<String ID="string_49" HPOS="726" VPOS="373" WIDTH="30" HEIGHT="22" WC="0.93" CONTENT="då"/><SP WIDTH="17" VPOS="373" HPOS="756"/>
							<String ID="string_50" HPOS="773" VPOS="381" WIDTH="59" HEIGHT="22" WC="0.92" CONTENT="upp-"/>
						</TextLine>
						<TextLine ID="line_7" HPOS="72" VPOS="407" WIDTH="760" HEIGHT="30">
							<String ID="string_51" HPOS="72" VPOS="409" WIDTH="118" HEIGHT="21" WC="0.92" CONTENT="häfvande"/><SP WIDTH="16" VPOS="409" HPOS="190"/>
							<String ID="string_52" HPOS="206" VPOS="408" WIDTH="26" HEIGHT="21" WC="0.96" CONTENT="af"/><SP WIDTH="12" VPOS="408" HPOS="232"/>
							<String ID="string_53" HPOS="244" VPOS="408" WIDTH="40" HEIGHT="21" WC="0.94" CONTENT="det"/><SP WIDTH="14" VPOS="408" HPOS="284"/>
							<String ID="string_54" HPOS="298" VPOS="408" WIDTH="8" HEIGHT="21" WC="0.94" CONTENT="i"/><SP WIDTH="16" VPOS="408" HPOS="306"/>
							<String ID="string_55" HPOS="322" VPOS="409" WIDTH="12" HEIGHT="20" WC="0.93" CONTENT="6"/><SP WIDTH="16" VPOS="409" HPOS="334"/>
							<String ID="string_56" HPOS="350" VPOS="408" WIDTH="11" HEIGHT="27" WC="0.93" CONTENT="$"/><SP WIDTH="16" VPOS="408" HPOS="361"/>
							<String ID="string_57" HPOS="377" VPOS="409" WIDTH="12" HEIGHT="20" WC="0.97" CONTENT="9"/><SP WIDTH="15" VPOS="409" HPOS="389"/>
							<String ID="string_58" HPOS="404" VPOS="407" WIDTH="53" HEIGHT="30" WC="0.96" CONTENT="kap."/><SP WIDTH="17" VPOS="407" HPOS="457"/>
							<String ID="string_59" HPOS="474" VPOS="407" WIDTH="30" HEIGHT="23" WC="0.93" CONTENT="H."/><SP WIDTH="14" VPOS="407" HPOS="504"/>
							<String ID="string_60" HPOS="518" VPOS="407" WIDTH="26" HEIGHT="22" WC="0.90" CONTENT="B."/><SP WIDTH="12" VPOS="407" HPOS="544"/>
							<String ID="string_61" HPOS="556" VPOS="407" WIDTH="112" HEIGHT="29" WC="0.96" CONTENT="stadgade"/><SP WIDTH="10" VPOS="407" HPOS="668"/>
							<String ID="string_62" HPOS="678" VPOS="407" WIDTH="108" HEIGHT="22" WC="0.96" CONTENT="förbudet"/><SP WIDTH="10" VPOS="407" HPOS="786"/>
							<String ID="string_63" HPOS="796" VPOS="410" WIDTH="36" HEIGHT="19" WC="0.96" CONTENT="att"/>
						</TextLine>
						<TextLine ID="line_8" HPOS="70" VPOS="441" WIDTH="762" HEIGHT="30">
							<String ID="string_64" HPOS="70" VPOS="445" WIDTH="55" HEIGHT="26" WC="0.92" CONTENT="taga"/><SP WIDTH="23" VPOS="445" HPOS="125"/>
							<String ID="string_65" HPOS="148" VPOS="443" WIDTH="56" HEIGHT="21" WC="0.93" CONTENT="eller"/><SP WIDTH="22" VPOS="443" HPOS="204"/>
							<String ID="string_66" HPOS="226" VPOS="443" WIDTH="47" HEIGHT="20" WC="0.91" CONTENT="läta"/><SP WIDTH="25" VPOS="443" HPOS="273"/>
							<String ID="string_67" HPOS="298" VPOS="441" WIDTH="127" HEIGHT="22" WC="0.91" CONTENT="förskrifva"/><SP WIDTH="21" VPOS="441" HPOS="425"/>
							<String ID="string_68" HPOS="446" VPOS="442" WIDTH="36" HEIGHT="29" WC="0.96" CONTENT="sig"/><SP WIDTH="20" VPOS="442" HPOS="482"/>
							<String ID="string_69" HPOS="502" VPOS="445" WIDTH="72" HEIGHT="18" WC="0.93" CONTENT="större"/><SP WIDTH="20" VPOS="445" HPOS="574"/>
							<String ID="string_70" HPOS="594" VPOS="444" WIDTH="68" HEIGHT="19" WC="0.93" CONTENT="ränta"/><SP WIDTH="20" VPOS="444" HPOS="662"/>
							<String ID="string_71" HPOS="682" VPOS="445" WIDTH="29" HEIGHT="18" WC="0.96" CONTENT="än"/><SP WIDTH="23" VPOS="445" HPOS="711"/>
							<String ID="string_72" HPOS="734" VPOS="449" WIDTH="40" HEIGHT="14" WC="0.97" CONTENT="sex"/><SP WIDTH="21" VPOS="449" HPOS="774"/>
							<String ID="string_73" HPOS="795" VPOS="442" WIDTH="37" HEIGHT="22" WC="0.96" CONTENT="för"/>
						</TextLine>
						<TextLine ID="line_9" HPOS="69" VPOS="476" WIDTH="762" HEIGHT="27">
							<String ID="string_74" HPOS="69" VPOS="477" WIDTH="120" HEIGHT="22" WC="0.96" CONTENT="hundrade"/><SP WIDTH="22" VPOS="477" HPOS="189"/>
							<String ID="string_75" HPOS="211" VPOS="484" WIDTH="36" HEIGHT="14" WC="0.93" CONTENT="om"/><SP WIDTH="22" VPOS="484" HPOS="247"/>
							<String ID="string_76" HPOS="269" VPOS="477" WIDTH="55" HEIGHT="24" WC="0.93" CONTENT="året,"/><SP WIDTH="24" VPOS="477" HPOS="324"/>
							<String ID="string_77" HPOS="348" VPOS="476" WIDTH="150" HEIGHT="21" WC="0.92" CONTENT="alldenstund"/><SP WIDTH="17" VPOS="476" HPOS="498"/>
							<String ID="string_78" HPOS="515" VPOS="478" WIDTH="48" HEIGHT="25" WC="0.82" CONTENT=",ett"/><SP WIDTH="16" VPOS="478" HPOS="563"/>
							<String ID="string_79" HPOS="579" VPOS="476" WIDTH="83" HEIGHT="21" WC="0.96" CONTENT="sådant"/><SP WIDTH="15" VPOS="476" HPOS="662"/>
							<String ID="string_80" HPOS="677" VPOS="476" WIDTH="84" HEIGHT="22" WC="0.96" CONTENT="förbud"/><SP WIDTH="15" VPOS="476" HPOS="761"/>
							<String ID="string_81" HPOS="776" VPOS="484" WIDTH="55" HEIGHT="14" WC="0.96" CONTENT="vore"/>
						</TextLine>
						<TextLine ID="line_10" HPOS="70" VPOS="510" WIDTH="762" HEIGHT="30">
							<String ID="string_82" HPOS="70" VPOS="511" WIDTH="126" HEIGHT="29" WC="0.96" CONTENT="oförenligt"/><SP WIDTH="15" VPOS="511" HPOS="196"/>
							<String ID="string_83" HPOS="211" VPOS="511" WIDTH="53" HEIGHT="22" WC="0.96" CONTENT="med"/><SP WIDTH="16" VPOS="511" HPOS="264"/>
							<String ID="string_84" HPOS="280" VPOS="511" WIDTH="44" HEIGHT="21" WC="0.95" CONTENT="den"/><SP WIDTH="19" VPOS="511" HPOS="324"/>
							<String ID="string_85" HPOS="343" VPOS="510" WIDTH="77" HEIGHT="27" WC="0.95" CONTENT="frihet,"/><SP WIDTH="20" VPOS="510" HPOS="420"/>
							<String ID="string_86" HPOS="440" VPOS="518" WIDTH="50" HEIGHT="14" WC="0.96" CONTENT="som"/><SP WIDTH="14" VPOS="518" HPOS="490"/>
							<String ID="string_87" HPOS="504" VPOS="513" WIDTH="70" HEIGHT="26" WC="0.93" CONTENT="utgör"/><SP WIDTH="15" VPOS="513" HPOS="574"/>
							<String ID="string_88" HPOS="589" VPOS="510" WIDTH="191" HEIGHT="23" WC="0.91" CONTENT="hufvudvilkoret"/><SP WIDTH="14" VPOS="510" HPOS="780"/>
							<String ID="string_89" HPOS="794" VPOS="511" WIDTH="38" HEIGHT="22" WC="0.96" CONTENT="för"/>
						</TextLine>
						<TextLine ID="line_11" HPOS="70" VPOS="545" WIDTH="761" HEIGHT="29">
							<String ID="string_90" HPOS="70" VPOS="549" WIDTH="34" HEIGHT="18" WC="0.92" CONTENT="ett"/><SP WIDTH="22" VPOS="549" HPOS="104"/>
							<String ID="string_91" HPOS="126" VPOS="545" WIDTH="156" HEIGHT="29" WC="0.91" CONTENT="välgrundadt"/><SP WIDTH="27" VPOS="545" HPOS="282"/>
							<String ID="string_92" HPOS="309" VPOS="545" WIDTH="181" HEIGHT="22" WC="0.91" CONTENT="kreditväsende"/><SP WIDTH="25" VPOS="545" HPOS="490"/>
							<String ID="string_93" HPOS="515" VPOS="545" WIDTH="43" HEIGHT="21" WC="0.96" CONTENT="och"/><SP WIDTH="26" VPOS="545" HPOS="558"/>
							<String ID="string_94" HPOS="584" VPOS="545" WIDTH="36" HEIGHT="21" WC="0.92" CONTENT="för"/><SP WIDTH="22" VPOS="545" HPOS="620"/>
							<String ID="string_95" HPOS="642" VPOS="545" WIDTH="189" HEIGHT="29" WC="0.90" CONTENT="penningerörel-"/>
						</TextLine>
						<TextLine ID="line_12" HPOS="70" VPOS="579" WIDTH="760" HEIGHT="29">
							<String ID="string_96" HPOS="70" VPOS="587" WIDTH="41" HEIGHT="14" WC="0.96" CONTENT="sen"/><SP WIDTH="15" VPOS="587" HPOS="111"/>
							<String ID="string_97" HPOS="126" VPOS="580" WIDTH="8" HEIGHT="21" WC="0.96" CONTENT="i"/><SP WIDTH="16" VPOS="580" HPOS="134"/>
							<String ID="string_98" HPOS="150" VPOS="588" WIDTH="29" HEIGHT="13" WC="0.96" CONTENT="en"/><SP WIDTH="21" VPOS="588" HPOS="179"/>
							<String ID="string_99" HPOS="200" VPOS="582" WIDTH="74" HEIGHT="19" WC="0.96" CONTENT="större"/><SP WIDTH="20" VPOS="582" HPOS="274"/>
							<String ID="string_100" HPOS="294" VPOS="579" WIDTH="140" HEIGHT="29" WC="0.96" CONTENT="omfattning"/><SP WIDTH="17" VPOS="579" HPOS="434"/>
							<String ID="string_101" HPOS="451" VPOS="579" WIDTH="122" HEIGHT="27" WC="0.96" CONTENT="erfordras,"/><SP WIDTH="19" VPOS="579" HPOS="573"/>
							<String ID="string_102" HPOS="592" VPOS="582" WIDTH="60" HEIGHT="18" WC="0.96" CONTENT="samt"/><SP WIDTH="13" VPOS="582" HPOS="652"/>
							<String ID="string_103" HPOS="665" VPOS="579" WIDTH="77" HEIGHT="21" WC="0.96" CONTENT="kunde"/><SP WIDTH="20" VPOS="579" HPOS="742"/>
							<String ID="string_104" HPOS="762" VPOS="580" WIDTH="68" HEIGHT="21" WC="0.96" CONTENT="äfven"/>
						</TextLine>
						<TextLine ID="line_13" HPOS="70" VPOS="614" WIDTH="761" HEIGHT="28">
							<String ID="string_105" HPOS="70" VPOS="614" WIDTH="122" HEIGHT="28" WC="0.91" CONTENT="lätteligen"/><SP WIDTH="20" VPOS="614" HPOS="192"/>
							<String ID="string_106" HPOS="212" VPOS="614" WIDTH="118" HEIGHT="28" WC="0.92" CONTENT="kringgås,"/><SP WIDTH="23" VPOS="614" HPOS="330"/>
							<String ID="string_107" HPOS="353" VPOS="614" WIDTH="41" HEIGHT="21" WC="0.96" CONTENT="där"/><SP WIDTH="19" VPOS="614" HPOS="394"/>
							<String ID="string_108" HPOS="413" VPOS="614" WIDTH="73" HEIGHT="28" WC="0.96" CONTENT="högre"/><SP WIDTH="21" VPOS="614" HPOS="486"/>
							<String ID="string_109" HPOS="507" VPOS="616" WIDTH="69" HEIGHT="19" WC="0.95" CONTENT="ränta"/><SP WIDTH="17" VPOS="616" HPOS="576"/>
							<String ID="string_110" HPOS="593" VPOS="614" WIDTH="27" HEIGHT="21" WC="0.91" CONTENT="af"/><SP WIDTH="11" VPOS="614" HPOS="620"/>
							<String ID="string_111" HPOS="631" VPOS="614" WIDTH="147" HEIGHT="28" WC="0.91" CONTENT="långifvaren"/><SP WIDTH="16" VPOS="614" HPOS="778"/>
							<String ID="string_112" HPOS="794" VPOS="614" WIDTH="37" HEIGHT="21" WC="0.91" CONTENT="be-"/>
						</TextLine>
						<TextLine ID="line_14" HPOS="69" VPOS="648" WIDTH="761" HEIGHT="29">
							<String ID="string_113" HPOS="69" VPOS="648" WIDTH="90" HEIGHT="29" WC="0.93" CONTENT="tingas;"/><SP WIDTH="28" VPOS="648" HPOS="159"/>
							<String ID="string_114" HPOS="187" VPOS="648" WIDTH="124" HEIGHT="22" WC="0.91" CONTENT="hvarutom"/><SP WIDTH="23" VPOS="648" HPOS="311"/>
							<String ID="string_115" HPOS="334" VPOS="648" WIDTH="152" HEIGHT="28" WC="0.92" CONTENT="stadgandets"/><SP WIDTH="28" VPOS="648" HPOS="486"/>
							<String ID="string_116" HPOS="514" VPOS="648" WIDTH="152" HEIGHT="28" WC="0.92" CONTENT="olämplighet"/><SP WIDTH="26" VPOS="648" HPOS="666"/>
							<String ID="string_117" HPOS="692" VPOS="648" WIDTH="138" HEIGHT="29" WC="0.91" CONTENT="ådagalades"/>
						</TextLine>
						<TextLine ID="line_15" HPOS="70" VPOS="682" WIDTH="761" HEIGHT="29">
							<String ID="string_118" HPOS="70" VPOS="682" WIDTH="73" HEIGHT="28" WC="0.95" CONTENT="däraf,"/><SP WIDTH="26" VPOS="682" HPOS="143"/>
							<String ID="string_119" HPOS="169" VPOS="684" WIDTH="35" HEIGHT="20" WC="0.95" CONTENT="att"/><SP WIDTH="23" VPOS="684" HPOS="204"/>
							<String ID="string_120" HPOS="227" VPOS="682" WIDTH="113" HEIGHT="29" WC="0.96" CONTENT="styrelsen"/><SP WIDTH="28" VPOS="682" HPOS="340"/>
							<String ID="string_121" HPOS="368" VPOS="682" WIDTH="56" HEIGHT="28" WC="0.96" CONTENT="själf"/><SP WIDTH="18" VPOS="682" HPOS="424"/>
							<String ID="string_122" HPOS="442" VPOS="682" WIDTH="36" HEIGHT="21" WC="0.96" CONTENT="uti"/><SP WIDTH="24" VPOS="682" HPOS="478"/>
							<String ID="string_123" HPOS="502" VPOS="682" WIDTH="119" HEIGHT="28" WC="0.96" CONTENT="åtskilliga"/><SP WIDTH="19" VPOS="682" HPOS="621"/>
							<String ID="string_124" HPOS="640" VPOS="682" WIDTH="42" HEIGHT="22" WC="0.91" CONTENT="fall"/><SP WIDTH="25" VPOS="682" HPOS="682"/>
							<String ID="string_125" HPOS="707" VPOS="682" WIDTH="124" HEIGHT="29" WC="0.91" CONTENT="medgifvit"/>
						</TextLine>
						<TextLine ID="line_16" HPOS="70" VPOS="716" WIDTH="760" HEIGHT="29">
							<String ID="string_126" HPOS="70" VPOS="716" WIDTH="126" HEIGHT="22" WC="0.92" CONTENT="afvikelser"/><SP WIDTH="24" VPOS="716" HPOS="196"/>
							<String ID="string_127" HPOS="220" VPOS="716" WIDTH="52" HEIGHT="21" WC="0.96" CONTENT="från"/><SP WIDTH="23" VPOS="716" HPOS="272"/>
							<String ID="string_128" HPOS="295" VPOS="716" WIDTH="148" HEIGHT="21" WC="0.66" CONTENT="detsamma&quot;."/><SP WIDTH="25" VPOS="716" HPOS="443"/>
							<String ID="string_129" HPOS="468" VPOS="729" WIDTH="26" HEIGHT="3" WC="0.90" CONTENT="—"/><SP WIDTH="23" VPOS="729" HPOS="494"/>
							<String ID="string_130" HPOS="517" VPOS="717" WIDTH="84" HEIGHT="28" WC="0.93" CONTENT="Någon"/><SP WIDTH="23" VPOS="717" HPOS="601"/>
							<String ID="string_131" HPOS="624" VPOS="716" WIDTH="206" HEIGHT="29" WC="0.92" CONTENT="landtdagspropo-"/>
						</TextLine>
						<TextLine ID="line_17" HPOS="70" VPOS="750" WIDTH="761" HEIGHT="29">
							<String ID="string_132" HPOS="70" VPOS="751" WIDTH="71" HEIGHT="21" WC="0.92" CONTENT="sition"/><SP WIDTH="19" VPOS="751" HPOS="141"/>
							<String ID="string_133" HPOS="160" VPOS="751" WIDTH="9" HEIGHT="21" WC="0.96" CONTENT="i"/><SP WIDTH="19" VPOS="751" HPOS="169"/>
							<String ID="string_134" HPOS="188" VPOS="758" WIDTH="86" HEIGHT="14" WC="0.96" CONTENT="samma"/><SP WIDTH="16" VPOS="758" HPOS="274"/>
							<String ID="string_135" HPOS="290" VPOS="751" WIDTH="60" HEIGHT="28" WC="0.96" CONTENT="syfte"/><SP WIDTH="17" VPOS="751" HPOS="350"/>
							<String ID="string_136" HPOS="367" VPOS="750" WIDTH="71" HEIGHT="29" WC="0.96" CONTENT="följde"/><SP WIDTH="17" VPOS="750" HPOS="438"/>
							<String ID="string_137" HPOS="455" VPOS="750" WIDTH="129" HEIGHT="21" WC="0.96" CONTENT="emellertid"/><SP WIDTH="14" VPOS="750" HPOS="584"/>
							<String ID="string_138" HPOS="598" VPOS="750" WIDTH="58" HEIGHT="21" WC="0.93" CONTENT="icke."/><SP WIDTH="17" VPOS="750" HPOS="656"/>
							<String ID="string_139" HPOS="673" VPOS="751" WIDTH="71" HEIGHT="21" WC="0.96" CONTENT="ehuru"/><SP WIDTH="16" VPOS="751" HPOS="744"/>
							<String ID="string_140" HPOS="760" VPOS="751" WIDTH="71" HEIGHT="28" WC="0.96" CONTENT="ingen"/>
						</TextLine>
						<TextLine ID="line_18" HPOS="72" VPOS="785" WIDTH="759" HEIGHT="28">
							<String ID="string_141" HPOS="72" VPOS="785" WIDTH="26" HEIGHT="21" WC="0.96" CONTENT="af"/><SP WIDTH="13" VPOS="785" HPOS="98"/>
							<String ID="string_142" HPOS="111" VPOS="785" WIDTH="85" HEIGHT="22" WC="0.96" CONTENT="nämda"/><SP WIDTH="14" VPOS="785" HPOS="196"/>
							<String ID="string_143" HPOS="210" VPOS="785" WIDTH="102" HEIGHT="21" WC="0.96" CONTENT="utskotts"/><SP WIDTH="16" VPOS="785" HPOS="312"/>
							<String ID="string_144" HPOS="328" VPOS="785" WIDTH="151" HEIGHT="21" WC="0.95" CONTENT="medlemmar"/><SP WIDTH="15" VPOS="785" HPOS="479"/>
							<String ID="string_145" HPOS="494" VPOS="785" WIDTH="86" HEIGHT="21" WC="0.95" CONTENT="uttalat"/><SP WIDTH="15" VPOS="785" HPOS="580"/>
							<String ID="string_146" HPOS="595" VPOS="785" WIDTH="36" HEIGHT="28" WC="0.96" CONTENT="sig"/><SP WIDTH="15" VPOS="785" HPOS="631"/>
							<String ID="string_147" HPOS="646" VPOS="785" WIDTH="36" HEIGHT="21" WC="0.96" CONTENT="för"/><SP WIDTH="15" VPOS="785" HPOS="682"/>
							<String ID="string_148" HPOS="697" VPOS="785" WIDTH="39" HEIGHT="21" WC="0.93" CONTENT="det"/><SP WIDTH="10" VPOS="785" HPOS="736"/>
							<String ID="string_149" HPOS="746" VPOS="785" WIDTH="85" HEIGHT="28" WC="0.91" CONTENT="ifråga-"/>
						</TextLine>
						<TextLine ID="line_19" HPOS="71" VPOS="819" WIDTH="667" HEIGHT="28">
							<String ID="string_150" HPOS="71" VPOS="819" WIDTH="103" HEIGHT="21" WC="0.92" CONTENT="varande"/><SP WIDTH="24" VPOS="819" HPOS="174"/>
							<String ID="string_151" HPOS="198" VPOS="819" WIDTH="190" HEIGHT="28" WC="0.91" CONTENT="lagstadgandets"/><SP WIDTH="15" VPOS="819" HPOS="388"/>
							<String ID="string_152" HPOS="403" VPOS="819" WIDTH="164" HEIGHT="22" WC="0.93" CONTENT="bibehållande"/><SP WIDTH="16" VPOS="819" HPOS="567"/>
							<String ID="string_153" HPOS="583" VPOS="819" WIDTH="155" HEIGHT="21" WC="0.89" CONTENT="oförändradt."/>
						</TextLine>
					</TextBlock>
					<TextBlock ID="block_2" HPOS="70" VPOS="853" WIDTH="763" HEIGHT="612">
						<TextLine ID="line_20" HPOS="140" VPOS="853" WIDTH="692" HEIGHT="29">
							<String ID="string_154" HPOS="140" VPOS="853" WIDTH="48" HEIGHT="21" WC="0.96" CONTENT="Vid"/><SP WIDTH="17" VPOS="853" HPOS="188"/>
							<String ID="string_155" HPOS="205" VPOS="855" WIDTH="53" HEIGHT="20" WC="0.96" CONTENT="1872"/><SP WIDTH="18" VPOS="855" HPOS="258"/>
							<String ID="string_156" HPOS="276" VPOS="854" WIDTH="35" HEIGHT="20" WC="0.93" CONTENT="års"/><SP WIDTH="16" VPOS="854" HPOS="311"/>
							<String ID="string_157" HPOS="327" VPOS="853" WIDTH="114" HEIGHT="29" WC="0.92" CONTENT="landtdag"/><SP WIDTH="17" VPOS="853" HPOS="441"/>
							<String ID="string_158" HPOS="458" VPOS="853" WIDTH="93" HEIGHT="21" WC="0.91" CONTENT="anhöllo"/><SP WIDTH="15" VPOS="853" HPOS="551"/>
							<String ID="string_159" HPOS="566" VPOS="853" WIDTH="130" HEIGHT="21" WC="0.92" CONTENT="Ständerna"/><SP WIDTH="17" VPOS="853" HPOS="696"/>
							<String ID="string_160" HPOS="713" VPOS="861" WIDTH="37" HEIGHT="14" WC="0.96" CONTENT="om"/><SP WIDTH="10" VPOS="861" HPOS="750"/>
							<String ID="string_161" HPOS="760" VPOS="853" WIDTH="72" HEIGHT="29" WC="0.95" CONTENT="nådig"/>
						</TextLine>
						<TextLine ID="line_21" HPOS="70" VPOS="887" WIDTH="762" HEIGHT="29">
							<String ID="string_162" HPOS="70" VPOS="888" WIDTH="145" HEIGHT="28" WC="0.96" CONTENT="proposition"/><SP WIDTH="17" VPOS="888" HPOS="215"/>
							<String ID="string_163" HPOS="232" VPOS="888" WIDTH="118" HEIGHT="28" WC="0.93" CONTENT="angående"/><SP WIDTH="17" VPOS="888" HPOS="350"/>
							<String ID="string_164" HPOS="367" VPOS="888" WIDTH="181" HEIGHT="28" WC="0.83" CONTENT=",,upphäfvande"/><SP WIDTH="16" VPOS="888" HPOS="548"/>
							<String ID="string_165" HPOS="564" VPOS="888" WIDTH="56" HEIGHT="21" WC="0.96" CONTENT="eller"/><SP WIDTH="16" VPOS="888" HPOS="620"/>
							<String ID="string_166" HPOS="636" VPOS="887" WIDTH="112" HEIGHT="29" WC="0.82" CONTENT="ändring&quot;"/><SP WIDTH="16" VPOS="887" HPOS="748"/>
							<String ID="string_167" HPOS="764" VPOS="887" WIDTH="26" HEIGHT="22" WC="0.96" CONTENT="af"/><SP WIDTH="14" VPOS="887" HPOS="790"/>
							<String ID="string_168" HPOS="804" VPOS="887" WIDTH="28" HEIGHT="22" WC="0.96" CONTENT="de"/>
						</TextLine>
						<TextLine ID="line_22" HPOS="71" VPOS="922" WIDTH="761" HEIGHT="28">
							<String ID="string_169" HPOS="71" VPOS="922" WIDTH="152" HEIGHT="28" WC="0.95" CONTENT="stadganden,"/><SP WIDTH="26" VPOS="922" HPOS="223"/>
							<String ID="string_170" HPOS="249" VPOS="929" WIDTH="47" HEIGHT="14" WC="0.96" CONTENT="som"/><SP WIDTH="25" VPOS="929" HPOS="296"/>
							<String ID="string_171" HPOS="321" VPOS="922" WIDTH="143" HEIGHT="28" WC="0.93" CONTENT="begränsade"/><SP WIDTH="27" VPOS="922" HPOS="464"/>
							<String ID="string_172" HPOS="491" VPOS="922" WIDTH="161" HEIGHT="21" WC="0.92" CONTENT="ränteaftalets"/><SP WIDTH="23" VPOS="922" HPOS="652"/>
							<String ID="string_173" HPOS="675" VPOS="922" WIDTH="77" HEIGHT="22" WC="0.96" CONTENT="frihet."/><SP WIDTH="38" VPOS="922" HPOS="752"/>
							<String ID="string_174" HPOS="790" VPOS="922" WIDTH="42" HEIGHT="22" WC="0.95" CONTENT="Uti"/>
						</TextLine>
						<TextLine ID="line_23" HPOS="71" VPOS="956" WIDTH="760" HEIGHT="29">
							<String ID="string_175" HPOS="71" VPOS="956" WIDTH="130" HEIGHT="21" WC="0.92" CONTENT="motiverna"/><SP WIDTH="15" VPOS="956" HPOS="201"/>
							<String ID="string_176" HPOS="216" VPOS="956" WIDTH="36" HEIGHT="21" WC="0.96" CONTENT="till"/><SP WIDTH="16" VPOS="956" HPOS="252"/>
							<String ID="string_177" HPOS="268" VPOS="956" WIDTH="75" HEIGHT="21" WC="0.93" CONTENT="denna"/><SP WIDTH="19" VPOS="956" HPOS="343"/>
							<String ID="string_178" HPOS="362" VPOS="956" WIDTH="195" HEIGHT="29" WC="0.92" CONTENT="ständerpetition"/><SP WIDTH="16" VPOS="956" HPOS="557"/>
							<String ID="string_179" HPOS="573" VPOS="956" WIDTH="79" HEIGHT="29" WC="0.96" CONTENT="ingick"/><SP WIDTH="16" VPOS="956" HPOS="652"/>
							<String ID="string_180" HPOS="668" VPOS="956" WIDTH="70" HEIGHT="22" WC="0.96" CONTENT="bland"/><SP WIDTH="16" VPOS="956" HPOS="738"/>
							<String ID="string_181" HPOS="754" VPOS="959" WIDTH="77" HEIGHT="25" WC="0.96" CONTENT="annat,"/>
						</TextLine>
						<TextLine ID="line_24" HPOS="71" VPOS="990" WIDTH="761" HEIGHT="29">
							<String ID="string_182" HPOS="71" VPOS="990" WIDTH="109" HEIGHT="22" WC="0.92" CONTENT="hurusom"/><SP WIDTH="14" VPOS="990" HPOS="180"/>
							<String ID="string_183" HPOS="194" VPOS="990" WIDTH="161" HEIGHT="22" WC="0.93" CONTENT="erfarenheten"/><SP WIDTH="13" VPOS="990" HPOS="355"/>
							<String ID="string_184" HPOS="368" VPOS="990" WIDTH="100" HEIGHT="22" WC="0.92" CONTENT="öfveralt"/><SP WIDTH="12" VPOS="990" HPOS="468"/>
							<String ID="string_185" HPOS="480" VPOS="990" WIDTH="130" HEIGHT="29" WC="0.96" CONTENT="ådagalagt,"/><SP WIDTH="12" VPOS="990" HPOS="610"/>
							<String ID="string_186" HPOS="622" VPOS="993" WIDTH="35" HEIGHT="19" WC="0.93" CONTENT="att"/><SP WIDTH="12" VPOS="993" HPOS="657"/>
							<String ID="string_187" HPOS="669" VPOS="991" WIDTH="163" HEIGHT="28" WC="0.90" CONTENT="räntelagarna"/>
						</TextLine>
						<TextLine ID="line_25" HPOS="71" VPOS="1024" WIDTH="761" HEIGHT="30">
							<String ID="string_188" HPOS="71" VPOS="1024" WIDTH="51" HEIGHT="22" WC="0.95" CONTENT="icke"/><SP WIDTH="23" VPOS="1024" HPOS="122"/>
							<String ID="string_189" HPOS="145" VPOS="1024" WIDTH="61" HEIGHT="22" WC="0.95" CONTENT="blott"/><SP WIDTH="22" VPOS="1024" HPOS="206"/>
							<String ID="string_190" HPOS="228" VPOS="1025" WIDTH="60" HEIGHT="21" WC="0.96" CONTENT="visat"/><SP WIDTH="21" VPOS="1025" HPOS="288"/>
							<String ID="string_191" HPOS="309" VPOS="1025" WIDTH="36" HEIGHT="28" WC="0.96" CONTENT="sig"/><SP WIDTH="21" VPOS="1025" HPOS="345"/>
							<String ID="string_192" HPOS="366" VPOS="1025" WIDTH="146" HEIGHT="29" WC="0.93" CONTENT="fullkomligt"/><SP WIDTH="21" VPOS="1025" HPOS="512"/>
							<String ID="string_193" HPOS="533" VPOS="1025" WIDTH="112" HEIGHT="21" WC="0.91" CONTENT="kraftlösa"/><SP WIDTH="20" VPOS="1025" HPOS="645"/>
							<String ID="string_194" HPOS="665" VPOS="1025" WIDTH="8" HEIGHT="21" WC="0.96" CONTENT="i"/><SP WIDTH="23" VPOS="1025" HPOS="673"/>
							<String ID="string_195" HPOS="696" VPOS="1027" WIDTH="34" HEIGHT="19" WC="0.96" CONTENT="att"/><SP WIDTH="18" VPOS="1027" HPOS="730"/>
							<String ID="string_196" HPOS="748" VPOS="1025" WIDTH="84" HEIGHT="21" WC="0.96" CONTENT="hindra"/>
						</TextLine>
						<TextLine ID="line_26" HPOS="72" VPOS="1059" WIDTH="760" HEIGHT="29">
							<String ID="string_197" HPOS="72" VPOS="1059" WIDTH="161" HEIGHT="29" WC="0.91" CONTENT="procenteriet,"/><SP WIDTH="16" VPOS="1059" HPOS="233"/>
							<String ID="string_198" HPOS="249" VPOS="1062" WIDTH="56" HEIGHT="18" WC="0.96" CONTENT="utan"/><SP WIDTH="17" VPOS="1062" HPOS="305"/>
							<String ID="string_199" HPOS="322" VPOS="1067" WIDTH="92" HEIGHT="14" WC="0.96" CONTENT="snarare"/><SP WIDTH="17" VPOS="1067" HPOS="414"/>
							<String ID="string_200" HPOS="431" VPOS="1067" WIDTH="85" HEIGHT="21" WC="0.93" CONTENT="genom"/><SP WIDTH="15" VPOS="1067" HPOS="516"/>
							<String ID="string_201" HPOS="531" VPOS="1060" WIDTH="151" HEIGHT="20" WC="0.91" CONTENT="hämmandet"/><SP WIDTH="14" VPOS="1060" HPOS="682"/>
							<String ID="string_202" HPOS="696" VPOS="1060" WIDTH="26" HEIGHT="20" WC="0.96" CONTENT="af"/><SP WIDTH="10" VPOS="1060" HPOS="722"/>
							<String ID="string_203" HPOS="732" VPOS="1060" WIDTH="43" HEIGHT="20" WC="0.96" CONTENT="den"/><SP WIDTH="12" VPOS="1060" HPOS="775"/>
							<String ID="string_204" HPOS="787" VPOS="1059" WIDTH="45" HEIGHT="21" WC="0.96" CONTENT="fria"/>
						</TextLine>
						<TextLine ID="line_27" HPOS="71" VPOS="1093" WIDTH="761" HEIGHT="27">
							<String ID="string_205" HPOS="71" VPOS="1093" WIDTH="175" HEIGHT="22" WC="0.92" CONTENT="konkurrensen"/><SP WIDTH="22" VPOS="1093" HPOS="246"/>
							<String ID="string_206" HPOS="268" VPOS="1093" WIDTH="114" HEIGHT="22" WC="0.92" CONTENT="förvärrat"/><SP WIDTH="23" VPOS="1093" HPOS="382"/>
							<String ID="string_207" HPOS="405" VPOS="1094" WIDTH="39" HEIGHT="21" WC="0.96" CONTENT="det"/><SP WIDTH="24" VPOS="1094" HPOS="444"/>
							<String ID="string_208" HPOS="468" VPOS="1094" WIDTH="67" HEIGHT="26" WC="0.96" CONTENT="onda,"/><SP WIDTH="23" VPOS="1094" HPOS="535"/>
							<String ID="string_209" HPOS="558" VPOS="1101" WIDTH="48" HEIGHT="14" WC="0.95" CONTENT="som"/><SP WIDTH="20" VPOS="1101" HPOS="606"/>
							<String ID="string_210" HPOS="626" VPOS="1094" WIDTH="74" HEIGHT="21" WC="0.93" CONTENT="skulle"/><SP WIDTH="18" VPOS="1094" HPOS="700"/>
							<String ID="string_211" HPOS="718" VPOS="1094" WIDTH="114" HEIGHT="21" WC="0.92" CONTENT="förekom-"/>
						</TextLine>
						<TextLine ID="line_28" HPOS="71" VPOS="1127" WIDTH="761" HEIGHT="29">
							<String ID="string_212" HPOS="71" VPOS="1135" WIDTH="57" HEIGHT="13" WC="0.93" CONTENT="mas."/><SP WIDTH="21" VPOS="1135" HPOS="128"/>
							<String ID="string_213" HPOS="149" VPOS="1127" WIDTH="37" HEIGHT="21" WC="0.96" CONTENT="En"/><SP WIDTH="16" VPOS="1127" HPOS="186"/>
							<String ID="string_214" HPOS="202" VPOS="1128" WIDTH="178" HEIGHT="28" WC="0.96" CONTENT="omständighet,"/><SP WIDTH="16" VPOS="1128" HPOS="380"/>
							<String ID="string_215" HPOS="396" VPOS="1135" WIDTH="48" HEIGHT="14" WC="0.96" CONTENT="som"/><SP WIDTH="19" VPOS="1135" HPOS="444"/>
							<String ID="string_216" HPOS="463" VPOS="1128" WIDTH="73" HEIGHT="28" WC="0.92" CONTENT="enligt"/><SP WIDTH="16" VPOS="1128" HPOS="536"/>
							<String ID="string_217" HPOS="552" VPOS="1127" WIDTH="141" HEIGHT="22" WC="0.92" CONTENT="Ständernas"/><SP WIDTH="17" VPOS="1127" HPOS="693"/>
							<String ID="string_218" HPOS="710" VPOS="1128" WIDTH="69" HEIGHT="21" WC="0.96" CONTENT="tanke"/><SP WIDTH="13" VPOS="1128" HPOS="779"/>
							<String ID="string_219" HPOS="792" VPOS="1127" WIDTH="40" HEIGHT="22" WC="0.95" CONTENT="vid"/>
						</TextLine>
						<TextLine ID="line_29" HPOS="72" VPOS="1161" WIDTH="760" HEIGHT="30">
							<String ID="string_220" HPOS="72" VPOS="1161" WIDTH="154" HEIGHT="22" WC="0.92" CONTENT="bedömandet"/><SP WIDTH="19" VPOS="1161" HPOS="226"/>
							<String ID="string_221" HPOS="245" VPOS="1162" WIDTH="26" HEIGHT="21" WC="0.97" CONTENT="af"/><SP WIDTH="17" VPOS="1162" HPOS="271"/>
							<String ID="string_222" HPOS="288" VPOS="1162" WIDTH="64" HEIGHT="21" WC="0.96" CONTENT="detta"/><SP WIDTH="22" VPOS="1162" HPOS="352"/>
							<String ID="string_223" HPOS="374" VPOS="1166" WIDTH="67" HEIGHT="17" WC="0.84" CONTENT="ämne"/><SP WIDTH="15" VPOS="1166" HPOS="441"/>
							<String ID="string_224" HPOS="456" VPOS="1162" WIDTH="61" HEIGHT="21" WC="0.96" CONTENT="hade"/><SP WIDTH="19" VPOS="1162" HPOS="517"/>
							<String ID="string_225" HPOS="536" VPOS="1170" WIDTH="27" HEIGHT="13" WC="0.93" CONTENT="en"/><SP WIDTH="17" VPOS="1170" HPOS="563"/>
							<String ID="string_226" HPOS="580" VPOS="1162" WIDTH="170" HEIGHT="29" WC="0.91" CONTENT="öfvervägande"/><SP WIDTH="16" VPOS="1162" HPOS="750"/>
							<String ID="string_227" HPOS="766" VPOS="1162" WIDTH="66" HEIGHT="28" WC="0.92" CONTENT="bety-"/>
						</TextLine>
						<TextLine ID="line_30" HPOS="72" VPOS="1195" WIDTH="760" HEIGHT="30">
							<String ID="string_228" HPOS="72" VPOS="1195" WIDTH="70" HEIGHT="27" WC="0.96" CONTENT="delse,"/><SP WIDTH="9" VPOS="1195" HPOS="142"/>
							<String ID="string_229" HPOS="151" VPOS="1203" WIDTH="41" HEIGHT="14" WC="0.96" CONTENT="var"/><SP WIDTH="12" VPOS="1203" HPOS="192"/>
							<String ID="string_230" HPOS="204" VPOS="1199" WIDTH="34" HEIGHT="18" WC="0.92" CONTENT="att"/><SP WIDTH="10" VPOS="1199" HPOS="238"/>
							<String ID="string_231" HPOS="248" VPOS="1196" WIDTH="169" HEIGHT="29" WC="0.92" CONTENT="ifrågakomna,"/><SP WIDTH="12" VPOS="1196" HPOS="417"/>
							<String ID="string_232" HPOS="429" VPOS="1197" WIDTH="53" HEIGHT="21" WC="0.96" CONTENT="från"/><SP WIDTH="11" VPOS="1197" HPOS="482"/>
							<String ID="string_233" HPOS="493" VPOS="1195" WIDTH="140" HEIGHT="23" WC="0.96" CONTENT="medeltiden"/><SP WIDTH="12" VPOS="1195" HPOS="633"/>
							<String ID="string_234" HPOS="645" VPOS="1197" WIDTH="187" HEIGHT="21" WC="0.95" CONTENT="härstammande"/>
						</TextLine>
						<TextLine ID="line_31" HPOS="72" VPOS="1230" WIDTH="760" HEIGHT="29">
							<String ID="string_235" HPOS="72" VPOS="1230" WIDTH="198" HEIGHT="29" WC="0.95" CONTENT="inskränkningar"/><SP WIDTH="15" VPOS="1230" HPOS="270"/>
							<String ID="string_236" HPOS="285" VPOS="1231" WIDTH="8" HEIGHT="21" WC="0.93" CONTENT="i"/><SP WIDTH="16" VPOS="1231" HPOS="293"/>
							<String ID="string_237" HPOS="309" VPOS="1233" WIDTH="94" HEIGHT="19" WC="0.92" CONTENT="räntans"/><SP WIDTH="21" VPOS="1233" HPOS="403"/>
							<String ID="string_238" HPOS="424" VPOS="1231" WIDTH="78" HEIGHT="28" WC="0.95" CONTENT="frihet,"/><SP WIDTH="16" VPOS="1231" HPOS="502"/>
							<String ID="string_239" HPOS="518" VPOS="1231" WIDTH="71" HEIGHT="22" WC="0.96" CONTENT="redan"/><SP WIDTH="23" VPOS="1231" HPOS="589"/>
							<String ID="string_240" HPOS="612" VPOS="1231" WIDTH="78" HEIGHT="22" WC="0.93" CONTENT="blifvit"/><SP WIDTH="16" VPOS="1231" HPOS="690"/>
							<String ID="string_241" HPOS="706" VPOS="1231" WIDTH="126" HEIGHT="22" WC="0.91" CONTENT="afskaffade"/>
						</TextLine>
						<TextLine ID="line_32" HPOS="73" VPOS="1264" WIDTH="759" HEIGHT="26">
							<String ID="string_242" HPOS="73" VPOS="1265" WIDTH="28" HEIGHT="21" WC="0.96" CONTENT="de"/><SP WIDTH="15" VPOS="1265" HPOS="101"/>
							<String ID="string_243" HPOS="116" VPOS="1264" WIDTH="67" HEIGHT="22" WC="0.93" CONTENT="flesta"/><SP WIDTH="15" VPOS="1264" HPOS="183"/>
							<String ID="string_244" HPOS="198" VPOS="1265" WIDTH="166" HEIGHT="25" WC="0.91" CONTENT="kulturländer,"/><SP WIDTH="16" VPOS="1265" HPOS="364"/>
							<String ID="string_245" HPOS="380" VPOS="1265" WIDTH="98" HEIGHT="22" WC="0.96" CONTENT="hvarför"/><SP WIDTH="10" VPOS="1265" HPOS="478"/>
							<String ID="string_246" HPOS="488" VPOS="1266" WIDTH="42" HEIGHT="21" WC="0.96" CONTENT="ock"/><SP WIDTH="12" VPOS="1266" HPOS="530"/>
							<String ID="string_247" HPOS="542" VPOS="1266" WIDTH="66" HEIGHT="21" WC="0.96" CONTENT="deras"/><SP WIDTH="10" VPOS="1266" HPOS="608"/>
							<String ID="string_248" HPOS="618" VPOS="1266" WIDTH="162" HEIGHT="21" WC="0.95" CONTENT="bibehållande"/><SP WIDTH="10" VPOS="1266" HPOS="780"/>
							<String ID="string_249" HPOS="790" VPOS="1265" WIDTH="42" HEIGHT="22" WC="0.96" CONTENT="hos"/>
						</TextLine>
						<TextLine ID="line_33" HPOS="73" VPOS="1299" WIDTH="760" HEIGHT="30">
							<String ID="string_250" HPOS="73" VPOS="1306" WIDTH="37" HEIGHT="14" WC="0.96" CONTENT="oss"/><SP WIDTH="16" VPOS="1306" HPOS="110"/>
							<String ID="string_251" HPOS="126" VPOS="1299" WIDTH="73" HEIGHT="21" WC="0.96" CONTENT="måste"/><SP WIDTH="20" VPOS="1299" HPOS="199"/>
							<String ID="string_252" HPOS="219" VPOS="1307" WIDTH="66" HEIGHT="14" WC="0.95" CONTENT="anses"/><SP WIDTH="21" VPOS="1307" HPOS="285"/>
							<String ID="string_253" HPOS="306" VPOS="1299" WIDTH="138" HEIGHT="29" WC="0.96" CONTENT="betänkligt,"/><SP WIDTH="17" VPOS="1299" HPOS="444"/>
							<String ID="string_254" HPOS="461" VPOS="1300" WIDTH="29" HEIGHT="21" WC="0.96" CONTENT="då"/><SP WIDTH="16" VPOS="1300" HPOS="490"/>
							<String ID="string_255" HPOS="506" VPOS="1300" WIDTH="79" HEIGHT="29" WC="0.96" CONTENT="hvarje"/><SP WIDTH="16" VPOS="1300" HPOS="585"/>
							<String ID="string_256" HPOS="601" VPOS="1301" WIDTH="66" HEIGHT="20" WC="0.96" CONTENT="lands"/><SP WIDTH="16" VPOS="1301" HPOS="667"/>
							<String ID="string_257" HPOS="683" VPOS="1299" WIDTH="150" HEIGHT="23" WC="0.96" CONTENT="ekonomiska"/>
						</TextLine>
						<TextLine ID="line_34" HPOS="72" VPOS="1333" WIDTH="761" HEIGHT="29">
							<String ID="string_258" HPOS="72" VPOS="1333" WIDTH="150" HEIGHT="29" WC="0.96" CONTENT="lagstiftning"/><SP WIDTH="21" VPOS="1333" HPOS="222"/>
							<String ID="string_259" HPOS="243" VPOS="1334" WIDTH="51" HEIGHT="20" WC="0.96" CONTENT="icke"/><SP WIDTH="19" VPOS="1334" HPOS="294"/>
							<String ID="string_260" HPOS="313" VPOS="1341" WIDTH="63" HEIGHT="14" WC="0.96" CONTENT="mera"/><SP WIDTH="14" VPOS="1341" HPOS="376"/>
							<String ID="string_261" HPOS="390" VPOS="1336" WIDTH="58" HEIGHT="19" WC="0.95" CONTENT="utan"/><SP WIDTH="18" VPOS="1336" HPOS="448"/>
							<String ID="string_262" HPOS="466" VPOS="1334" WIDTH="50" HEIGHT="22" WC="0.96" CONTENT="fara"/><SP WIDTH="16" VPOS="1334" HPOS="516"/>
							<String ID="string_263" HPOS="532" VPOS="1334" WIDTH="35" HEIGHT="22" WC="0.96" CONTENT="för"/><SP WIDTH="15" VPOS="1334" HPOS="567"/>
							<String ID="string_264" HPOS="582" VPOS="1335" WIDTH="90" HEIGHT="21" WC="0.96" CONTENT="landets"/><SP WIDTH="16" VPOS="1335" HPOS="672"/>
							<String ID="string_265" HPOS="688" VPOS="1333" WIDTH="145" HEIGHT="23" WC="0.96" CONTENT="industriella"/>
						</TextLine>
						<TextLine ID="line_35" HPOS="72" VPOS="1368" WIDTH="761" HEIGHT="29">
							<String ID="string_266" HPOS="72" VPOS="1368" WIDTH="138" HEIGHT="27" WC="0.95" CONTENT="utveckling"/><SP WIDTH="17" VPOS="1368" HPOS="210"/>
							<String ID="string_267" HPOS="227" VPOS="1368" WIDTH="77" HEIGHT="20" WC="0.96" CONTENT="kunde"/><SP WIDTH="20" VPOS="1368" HPOS="304"/>
							<String ID="string_268" HPOS="324" VPOS="1368" WIDTH="118" HEIGHT="21" WC="0.96" CONTENT="bibehålla"/><SP WIDTH="20" VPOS="1368" HPOS="442"/>
							<String ID="string_269" HPOS="462" VPOS="1369" WIDTH="203" HEIGHT="28" WC="0.96" CONTENT="inskränkningar,"/><SP WIDTH="20" VPOS="1369" HPOS="665"/>
							<String ID="string_270" HPOS="685" VPOS="1368" WIDTH="51" HEIGHT="21" WC="0.96" CONTENT="från"/><SP WIDTH="17" VPOS="1368" HPOS="736"/>
							<String ID="string_271" HPOS="753" VPOS="1368" WIDTH="80" HEIGHT="21" WC="0.96" CONTENT="hvilka"/>
						</TextLine>
						<TextLine ID="line_36" HPOS="72" VPOS="1401" WIDTH="761" HEIGHT="30">
							<String ID="string_272" HPOS="72" VPOS="1401" WIDTH="172" HEIGHT="29" WC="0.92" CONTENT="granländerna"/><SP WIDTH="14" VPOS="1401" HPOS="244"/>
							<String ID="string_273" HPOS="258" VPOS="1401" WIDTH="94" HEIGHT="29" WC="0.96" CONTENT="frigjort"/><SP WIDTH="15" VPOS="1401" HPOS="352"/>
							<String ID="string_274" HPOS="367" VPOS="1402" WIDTH="42" HEIGHT="21" WC="0.93" CONTENT="sitt"/><SP WIDTH="17" VPOS="1402" HPOS="409"/>
							<String ID="string_275" HPOS="426" VPOS="1402" WIDTH="132" HEIGHT="29" WC="0.85" CONTENT="näringslif."/><SP WIDTH="30" VPOS="1402" HPOS="558"/>
							<String ID="string_276" HPOS="588" VPOS="1403" WIDTH="32" HEIGHT="21" WC="0.96" CONTENT="Ju"/><SP WIDTH="14" VPOS="1403" HPOS="620"/>
							<String ID="string_277" HPOS="634" VPOS="1411" WIDTH="63" HEIGHT="13" WC="0.96" CONTENT="mera"/><SP WIDTH="20" VPOS="1411" HPOS="697"/>
							<String ID="string_278" HPOS="717" VPOS="1405" WIDTH="33" HEIGHT="19" WC="0.96" CONTENT="ett"/><SP WIDTH="16" VPOS="1405" HPOS="750"/>
							<String ID="string_279" HPOS="766" VPOS="1402" WIDTH="67" HEIGHT="22" WC="0.95" CONTENT="lands"/>
						</TextLine>
						<TextLine ID="line_37" HPOS="74" VPOS="1435" WIDTH="759" HEIGHT="30">
							<String ID="string_280" HPOS="74" VPOS="1435" WIDTH="74" HEIGHT="21" WC="0.95" CONTENT="ökade"/><SP WIDTH="7" VPOS="1435" HPOS="148"/>
							<String ID="string_281" HPOS="155" VPOS="1435" WIDTH="85" HEIGHT="21" WC="0.96" CONTENT="handel"/><SP WIDTH="9" VPOS="1435" HPOS="240"/>
							<String ID="string_282" HPOS="249" VPOS="1435" WIDTH="43" HEIGHT="22" WC="0.96" CONTENT="och"/><SP WIDTH="7" VPOS="1435" HPOS="292"/>
							<String ID="string_283" HPOS="299" VPOS="1435" WIDTH="100" HEIGHT="22" WC="0.96" CONTENT="industri"/><SP WIDTH="10" VPOS="1435" HPOS="399"/>
							<String ID="string_284" HPOS="409" VPOS="1436" WIDTH="63" HEIGHT="29" WC="0.96" CONTENT="gjort"/><SP WIDTH="6" VPOS="1436" HPOS="472"/>
							<String ID="string_285" HPOS="478" VPOS="1437" WIDTH="127" HEIGHT="21" WC="0.93" CONTENT="detsamma"/><SP WIDTH="7" VPOS="1437" HPOS="605"/>
							<String ID="string_286" HPOS="612" VPOS="1436" WIDTH="221" HEIGHT="29" WC="0.85" CONTENT="delaktigtivärlds-"/>
						</TextLine>
					</TextBlock>
					<TextBlock ID="block_3" HPOS="144" VPOS="1474" WIDTH="336" HEIGHT="23">
						<TextLine ID="line_38" HPOS="144" VPOS="1474" WIDTH="336" HEIGHT="23">
							<String ID="string_287" HPOS="144" VPOS="1474" WIDTH="129" HEIGHT="23" WC="0.90" CONTENT="Lagutskottets"/><SP WIDTH="14" VPOS="1474" HPOS="273"/>
							<String ID="string_288" HPOS="287" VPOS="1475" WIDTH="111" HEIGHT="18" WC="0.96" CONTENT="betänkande"/><SP WIDTH="13" VPOS="1475" HPOS="398"/>
							<String ID="string_289" HPOS="411" VPOS="1475" WIDTH="38" HEIGHT="18" WC="0.95" CONTENT="N:o"/><SP WIDTH="17" VPOS="1475" HPOS="449"/>
							<String ID="string_290" HPOS="466" VPOS="1477" WIDTH="14" HEIGHT="16" WC="0.93" CONTENT="7."/>
						</TextLine>
					</TextBlock>
				</ComposedBlock>
			</PrintSpace>
		</Page>
	</Layout>
</alto>
