1053 1673
233 106 42 20 166
422 104 224 23 Petitionsbetänkande
662 106 34 20 N:o
712 104 13 22 1.

200 165 96 27 jernväg
316 171 39 21 per
378 167 77 26 10,000
476 165 142 27 innevånare,
635 165 58 21 inom
709 164 136 22 Tavastehus
861 164 37 21 län
913 170 35 16 re-

204 200 101 27 spektive
323 202 48 27 1,68;
387 201 42 22 km.
445 201 40 21 och
503 202 64 26 14,525
583 202 49 25 km.,
648 200 67 22 Wasa
731 201 37 21 län
786 202 49 26 1,013
850 200 43 22 km.
909 200 40 21 och

206 238 64 26 10,412
285 237 48 27 km.,
344 237 103 27 Wiborgs
463 238 37 21 län
517 239 51 25 0,850
583 238 44 20 km.
640 237 40 21 och
692 238 50 26 8,870
753 237 49 27 km.,
815 236 31 22 S:t
856 236 92 22 Michels

203 273 38 21 län
257 274 49 26 0,657
322 273 43 22 km.
381 274 39 20 och
435 275 52 26 8,492
502 273 50 28 km.,
564 273 84 27 Kuopio
665 273 37 21 län
718 274 50 26 0,187
785 273 43 21 km.
844 273 40 21 och
897 274 50 26 2,837

203 309 43 21 km.
263 310 56 20 samt
333 309 122 27 Uleåborgs
472 310 37 20 län
525 311 50 26 0,091
592 309 43 21 km.
651 309 40 21 och
708 310 50 26 6,313
774 309 43 21 km.

276 344 71 22 Dessa
369 344 153 22 förhållanden
544 344 71 22 blifva
637 345 133 27 visserligen
790 345 67 27 något
877 344 72 22 förän-

204 380 68 21 drade
292 386 77 22 genom
387 380 148 28 Björneborgs
550 381 84 21 banans
649 381 115 27 tillkomst,
781 386 49 16 men
846 380 38 22 det
898 380 51 21 oak-

203 415 49 22 tadt
275 415 122 29 förblifver,
418 418 61 21 tvärt
503 418 57 20 emot
581 418 56 20 emot
657 416 59 23 hvad
735 416 111 23 utskottet
868 415 79 28 anfört,

204 451 122 22 Satakunta
351 453 40 20 och
416 453 111 27 egentliga
550 452 96 22 Finland
670 455 58 19 ännu
751 453 117 26 missbytta
890 452 58 22 hvad

204 488 106 21 beträffar
325 488 120 27 jernvägar
460 489 40 21 och
516 489 38 21 det
569 489 63 21 torde
647 489 70 21 under
733 489 82 21 sådana
830 488 118 22 förhällan-

204 523 43 22 den
270 524 49 21 icke
342 531 53 15 vara
417 524 34 22 för
475 525 88 26 mycket
585 525 100 27 begärdt,
702 531 33 15 om
754 524 97 27 Nystads
870 525 77 26 banan,

204 559 98 28 hvilken,
311 560 38 27 jag
364 567 110 20 upprepar
490 561 37 21 det
543 563 64 24 ännu,
619 561 49 21 icke
683 563 25 18 är
719 561 72 26 nägon
801 560 147 21 konkurrens-

204 596 63 27 bana,
283 596 58 21 inom
361 596 43 22 den
422 598 111 20 närmaste
548 596 119 22 framtiden
682 597 85 20 komme
783 596 35 21 till
833 595 116 22 utförande

204 637 34 16 om
254 632 41 21 ock
310 632 71 21 medel
396 633 35 20 till
446 633 51 21 dess
513 632 139 22 omedelbara
666 632 138 27 beläggande
815 631 49 22 med
874 631 75 22 arbete

205 667 49 21 icke
270 667 123 22 förefinnes.

277 704 76 21 Ehuru
369 703 24 22 af
407 705 135 21 sistnämnda
555 704 119 27 anledning
685 705 49 21 skäl
745 704 50 21 icke
805 703 145 22 förekommer

205 741 33 20 att
253 740 69 21 redan
336 741 36 20 till
388 742 63 20 nästa
466 741 106 27 landtdag
587 741 83 26 begära
684 740 136 27 proposition
835 746 34 15 om
880 739 70 22 denna

204 776 69 21 banas
293 776 122 28 byggande,
431 776 35 21 får
483 777 40 26 jag
544 777 28 26 på
592 776 70 28 grund
684 776 24 21 af
725 776 38 21 det
778 775 65 23 ofvan
860 775 90 22 anförda

205 811 113 22 vördsamt
333 811 88 28 föreslå,
436 814 33 20 att
485 812 130 28 Ständerna,
629 813 68 27 jemte
716 812 37 21 det
769 812 28 21 de
812 811 90 22 omfatta
917 813 33 20 ut-

206 848 96 22 skottets
323 848 110 28 slutkläm,
453 849 60 27 ville,
533 849 28 26 på
582 850 45 20 sätt
647 848 110 22 utskottet
777 848 115 26 föreslagit
913 848 36 20 be-

205 883 109 23 träffande
334 884 161 22 Kristinestads
514 885 77 27 banan,
608 884 70 22 uttala
694 886 33 20 ett
742 883 52 22 fullt
809 883 141 22 erkännande

205 919 25 21 af
242 919 165 27 berättigandet
422 920 49 21 utaf
485 926 27 15 en
525 920 96 27 jernväg
636 919 50 22 från
699 919 105 27 Päipohja
814 919 35 21 till
859 918 91 28 Nystad.

451 1074 150 22 Petitionerna
614 1075 94 21 21—22.

277 1134 64 26 Uppä
364 1134 25 21 af
409 1134 44 27 mig
476 1134 66 22 ofvan
564 1134 136 22 beträffande
722 1134 137 27 Mäntyluoto
879 1134 71 21 banan

206 1169 92 22 anförda
313 1170 50 21 skäl
378 1170 44 21 kan
435 1170 39 27 jag
489 1170 49 22 icke
554 1170 71 22 heller
638 1170 91 22 omfatta
739 1170 120 22 utskottets
870 1170 80 26 beslut,

206 1207 32 19 att
259 1206 69 26 draga
347 1206 58 26 uppå
426 1206 148 22 statsverkets
595 1206 120 28 tillgångar
735 1205 36 22 för
792 1205 116 22 utförande
929 1205 24 21 af

205 1241 219 22 Imatra--Harakka
443 1242 78 21 banan.
551 1242 68 21 Detta
638 1242 63 22 torde
721 1241 68 22 äfven
807 1247 53 16 vara
878 1241 72 22 öfver-

204 1276 85 28 flödigt,
301 1277 27 21 dä
343 1277 166 28 otvifvelaktigt
523 1277 35 22 för
574 1278 124 22 ändamålet
714 1277 80 27 nödiga
807 1277 144 27 besparingar

205 1312 64 21 skola
292 1313 79 26 uppstå
394 1314 58 26 uppå
475 1313 100 27 anslaget
595 1313 35 22 för
649 1314 111 21 Karelska
778 1313 78 27 banan,
873 1313 78 21 endast

205 1348 66 21 dessa
291 1348 144 28 besparingar
455 1349 49 22 icke
525 1349 111 22 användas
657 1350 36 21 till
708 1349 38 22 vid
762 1348 120 28 förslagets
897 1354 54 20 upp-

204 1384 98 26 görande
317 1384 50 22 icke
383 1384 90 22 afsedda
488 1385 107 27 ändamål,
611 1385 82 28 hvilka,
706 1391 33 15 om
754 1384 141 27 Regeringen
910 1384 40 21 vill

204 1419 136 28 tillmötesgå
360 1420 135 22 Ständernas
521 1420 135 28 önskningar
679 1420 137 22 beträffande
840 1420 111 21 Imatra—

277 1460 174 24 Jernvägsutskottets
463 1462 107 17 betänkande
582 1460 34 19 N:o
628 1463 14 16 1.
