1056 1673
233 95 42 19 178
423 93 223 23 Petitionsbetänkande
662 94 35 22 N:o
712 92 14 23 1.

202 153 63 23 öfver
279 154 99 22 Kouvola
393 156 46 26 gör.
449 154 384 29 Helsingfors-Hyvinge—Hangö
844 155 42 20 207
898 154 49 28 km.,

202 185 148 38 Helsingfors
359 185 189 38 -Karis—Hangö
571 192 42 21 124
628 190 50 28 km.,
696 190 86 22 således
797 192 109 33 omvägen
919 172 28 40 83

201 226 43 22 km.
275 226 83 23 Härtill
384 227 97 23 kommer
503 228 78 22 vidare
604 228 32 20 att
659 204 95 55 trafiken
778 222 93 37 emellan
893 214 54 44 Åbo,

202 262 78 28 Hangö
296 263 39 21 och
351 263 140 28 Helsingfors
507 263 70 23 under
593 264 72 21 större
681 262 64 22 delen
762 262 22 22 af
796 263 49 21 året
855 262 92 22 förmed-

201 298 33 22 las
251 298 65 23 äfven
331 299 24 21 af
368 305 27 16 en
406 299 108 28 ypperlig,
526 301 78 20 nästan
614 299 77 27 hvarje
702 298 43 28 dag
754 298 92 22 tillbuds
857 298 91 22 stående

201 334 287 28 ångbåtskommunikation,
507 335 78 22 medan
600 335 8 21 i
624 335 51 22 dess
691 335 66 22 ställe
772 334 95 22 trafiken
883 334 64 22 emel-

201 370 37 22 lan
259 370 75 22 Keuru
355 371 39 21 och
415 371 132 28 Suonenjoki
567 371 35 22 får
622 371 74 28 åtnöja
712 371 34 27 sig
761 370 49 23 med
826 372 33 20 att
873 370 74 22 färdas

201 406 58 22 efter
274 407 50 21 häst
339 407 74 22 utmed
428 408 113 28 landsväg.

273 442 31 22 På
315 443 58 27 gund
382 443 23 22 af
412 444 40 21 allt
460 444 57 22 hvad
530 444 39 28 jag
578 443 92 23 sålunda
678 443 60 21 haft
733 444 54 20 äran
795 442 76 22 anföra
881 448 67 29 synes

201 478 45 28 mig
269 480 32 20 att
317 480 32 21 ett
364 479 115 23 utförande
495 480 29 26 på
539 480 85 21 statens
639 478 123 22 bekostnad
778 478 23 22 af
813 478 71 22 banan
900 470 47 30 Åbo

200 510 117 39 —Karis—
327 510 140 39 Helsingfors
488 516 18 27 ej
528 515 9 22 i
556 516 41 21 den
617 516 111 21 närmaste
738 514 124 28 framtiden
877 514 67 22 borde

201 550 161 28 ifrägakomma.
394 551 76 22 Skulle
485 552 71 22 likväl
572 551 87 28 privata
674 557 107 21 personer
796 551 72 21 såsom
883 551 64 21 fram-

201 586 76 22 hällits
293 587 58 21 finna
366 587 49 22 med
431 588 33 21 sin
478 587 71 23 fördel
564 587 246 28 öfverensstämmande,
827 588 33 20 att
875 587 73 21 utföra

201 622 72 23 denna
291 623 209 29 jernvägsbyggnad
522 624 69 22 redan
611 624 8 21 i
639 624 43 22 den
697 625 111 20 närmaste
823 623 123 28 framtiden,

201 665 67 21 synes
287 659 44 28 mig
347 661 78 26 staten,
441 660 30 27 pä
486 660 50 22 skäl
553 666 45 16 som
613 660 69 22 redan
698 659 90 28 anförts,
805 659 79 27 kunna,
899 659 48 22 ifall

201 695 99 22 ansökan
314 695 73 22 derom
398 698 71 26 göres,
479 696 46 22 läta
537 696 95 22 anställa
642 695 197 28 undersökningar,
853 696 56 21 blott
920 701 27 16 en

200 732 102 21 bestämd
321 732 130 28 sträckning
471 733 39 21 och
526 734 33 20 ett
574 732 111 22 bestämdt
700 731 199 29 byggnadssystem
915 732 32 21 uti

201 767 100 22 ansökan
316 767 105 28 angifves.
445 768 45 22 För
505 768 141 22 undvikande
662 768 24 21 af
700 768 78 27 mänga
794 767 59 22 olika
869 767 78 22 ansök-

200 803 86 27 ningar,
301 804 67 22 borde
384 804 55 22 dock
455 804 37 22 det
507 804 73 22 vilkor
596 806 72 26 göras,
681 805 33 21 att
723 804 85 22 banans
819 803 128 27 sträckning

200 840 40 21 och
256 840 199 27 byggnadssystem
467 840 68 22 borde
546 846 53 16 vara
610 841 23 21 af
642 840 104 23 städerna
756 839 139 28 Helsingfors
906 839 38 22 och

200 868 48 29 Åbo
264 876 121 27 godkända.

272 912 35 21 Då
329 912 78 22 endast
427 919 28 16 en
475 913 129 27 sträckning
624 912 40 22 och
685 913 33 21 ett
737 912 208 27 byggnads-system

200 948 7 21 i
229 948 77 22 stället
326 948 34 21 för
381 948 23 22 af
417 949 109 21 utskottet
541 948 125 28 föreslagna
681 948 39 22 två
735 947 154 28 sträckningar
905 947 40 22 och

200 985 35 20 tre
255 983 209 28 byggnads-system
485 984 72 22 skulle
578 984 86 22 komma
684 984 7 21 i
706 983 69 28 fråga,
791 983 74 22 kunde
880 983 65 23 äfven

200 1019 102 28 anslaget
317 1020 34 21 för
365 1020 194 27 undersökningen
570 1020 113 22 nedsättas
694 1019 50 23 från
755 1021 80 26 50,000
845 1019 36 22 till
891 1020 53 21 tret-

199 1054 142 24 tiofemtusen
356 1056 68 22 mark.

271 1091 52 22 Med
337 1091 50 22 stöd
403 1092 23 21 af
439 1092 57 22 hvad
509 1091 39 28 jag
564 1091 91 23 sålunda
669 1091 73 22 anfört
752 1092 39 21 ber
800 1091 39 27 jag
849 1091 22 22 få
881 1091 63 23 vörd-

200 1128 57 20 samt
272 1127 91 22 föreslå:

414 1164 31 20 att
465 1163 125 22 Ständerna
608 1163 37 22 hos
667 1162 138 29 Regeringen
825 1163 63 21 måtte
905 1169 39 16 an-

342 1198 65 28 hålla,
427 1200 33 20 att
480 1198 49 28 ifall
544 1198 96 23 ansökan
656 1206 33 15 om
704 1206 53 14 vare
772 1198 33 28 sig
821 1198 74 22 endast
909 1198 35 22 in-

343 1234 128 23 strumental
486 1235 51 22 eller
552 1235 60 22 såväl
628 1235 121 23 ekonomisk
759 1242 44 14 som
813 1234 131 23 instrumen-

343 1271 30 22 tal
393 1271 163 29 undersökning
569 1270 41 28 för
630 1279 27 15 en
674 1271 74 29 privat
762 1270 57 22 bana
827 1270 59 28 från
901 1264 44 28 Åbo

343 1307 34 21 till
392 1306 138 29 Helsingfors
543 1309 62 26 göres
620 1308 36 22 och
672 1307 98 23 ansökan
786 1306 83 28 ätföljes
883 1306 27 28 af
918 1308 28 20 ett

343 1342 28 28 af
387 1343 102 22 städerna
509 1342 137 29 Helsingfors
666 1343 36 23 och
718 1337 45 27 Åbo
776 1342 110 28 godkänät
895 1342 49 28 för-

342 1378 47 29 slag
400 1378 33 22 till
443 1379 169 28 vansträckning
622 1380 38 22 och
670 1378 195 30 byggnadssystem,
873 1378 73 22 denna

342 1415 164 28 undersökning
521 1416 64 21 måtte
596 1416 31 26 pä
637 1416 81 22 statens
728 1414 113 23 bekostnad
851 1414 94 28 utföras;

272 1450 174 24 Jernvägsutskottets
458 1451 106 19 betänkande
575 1450 35 20 N:o
622 1452 15 17 1.
