1064 1656
267 142 282 24 Petitionsbetänkande
564 139 47 27 N:o
626 144 24 21 4.

359 447 212 26 Statsutskottets
591 448 150 25 betänkande
760 449 30 24 N:o
808 448 12 24 2
835 448 7 24 i

289 481 101 30 anledning
405 482 20 23 af
439 482 97 25 särskilda
551 483 31 24 till
593 482 137 31 Ridderskapet
743 483 33 24 och
788 482 54 24 Adeln

291 516 49 24 samt
362 515 91 30 Borgare-
477 517 33 23 och
526 516 140 25 Bondestånden
682 517 104 24 inlämnade
797 517 45 30 peti-

293 550 154 29 tionsmemorial,
463 551 95 28 angående
574 551 178 24 tullförhållandena
765 551 31 24 till
807 551 36 30 kej-

291 584 111 25 saredömet.

155 647 90 21 Genom
272 647 215 28 =protokollsutdrag
513 647 72 22 hafva
606 647 172 29 Ridderskapet
801 647 43 22 och

85 681 76 21 Adeln
177 683 60 19 samt
251 681 112 28 Borgare-
380 681 42 22 och
445 681 180 22 Bondeständen
641 682 36 21 till
696 681 148 22 statsutskot-

85 718 46 19 tets
149 715 141 29 behandling
304 715 130 22 remitterat
449 715 103 30 följande
567 716 135 29 petitioner:

320 797 144 19 Vördsamt
479 797 139 20 memorial.

155 859 32 18 En
201 859 60 19 bland
277 859 24 19 de
313 860 55 18 stora
382 858 71 25 frågor,
469 865 44 13 som
528 859 62 20 sedan
605 861 29 17 ett
650 859 21 19 är
681 859 75 25 utgjort
764 859 81 20 föremål

86 887 31 20 för
135 887 99 25 allvarligt
251 887 143 25 begrundande
408 887 6 20 i
430 887 55 20 detta
500 887 52 25 land,
568 890 21 17 är
604 888 34 19 det
652 887 99 20 allaredan
766 887 80 20 officielt

86 916 31 19 till
133 916 108 24 beredning
257 917 103 23 upptagna
374 913 82 22 ärendet
470 916 103 25 angäende
589 916 114 24 förändring
718 916 18 18 af
751 916 94 19 Finlands

87 944 93 19 tulltariff
205 944 30 19 till
255 944 208 19 öfverensstämmelse
485 944 45 20 med
552 945 39 19 den
606 944 62 24 ryska
685 944 77 20 tariffen
782 944 64 24 och,
833 940 18 33 i

89 972 144 25 sammanhang
248 972 85 24 dermed,
348 978 26 14 en
390 973 156 25 omgestaltning
561 973 19 19 af
595 973 89 19 vilkoren
699 973 29 19 för
736 972 45 20 vårt
788 972 57 20 lands

88 1001 190 19 handelsrelationer
292 1001 45 19 med
353 1001 142 25 Kejsardömet.

158 1028 37 20 Om
211 1030 36 18 ock
261 1030 7 18 i
283 1030 89 24 Finland,
387 1030 72 19 liksom
475 1030 6 18 i
496 1030 62 18 andra
572 1030 74 24 länder,
662 1028 51 20 olika
728 1029 76 25 äsigter
818 1030 28 18 fö-

88 1058 102 19 rekomma
210 1058 6 18 i
239 1057 55 25 fräga
316 1064 32 13 om
371 1058 33 19 det
418 1058 136 19 rationellaste
569 1058 142 24 tullsystemet,
726 1058 56 19 torde
797 1058 51 19 dock

88 1086 68 25 nägon
178 1086 229 25 meningsskiljaktighet
426 1086 44 20 icke
485 1086 48 20 räda
548 1087 73 24 derom,
636 1088 30 18 att
681 1086 33 20 det
728 1088 22 17 är
764 1086 20 19 af
799 1086 48 19 vital

89 1114 104 25 betydelse
214 1115 29 19 för
261 1114 45 20 vårt
328 1114 58 20 lands
406 1115 98 25 ekonomi,
520 1114 56 20 såväl
591 1115 38 19 den
644 1115 90 19 enskilda
750 1120 44 14 som
809 1114 39 20 den

89 1143 106 25 allmänna,
217 1144 30 18 att
270 1143 100 19 tulltaxan
386 1145 100 23 uppgöres
502 1144 45 18 med
562 1144 82 24 hänsigt
659 1143 29 19 till
703 1143 79 19 landets
797 1149 51 19 egna

89 1171 137 19 förhållanden
247 1172 36 18 och
297 1173 31 17 att
343 1172 137 24 förändringar
495 1172 40 19 deri
552 1172 32 19 mä
599 1172 68 19 kunna
682 1172 90 24 vidtagas
788 1172 6 18 i
810 1171 38 19 den

92 1200 46 19 män
154 1200 75 19 sädana
244 1200 43 19 visa
302 1200 31 25 sig
344 1206 47 13 vara
405 1200 19 19 af
439 1200 93 20 behofvet
547 1200 108 25 päkallade.

159 1228 148 25 Kejsardömets
328 1228 116 20 nuvarande
464 1229 58 24 tariff,
544 1229 60 19 hvars
622 1228 124 20 förestående
761 1228 88 20 revision

89 1257 44 19 icke
155 1257 56 19 torde
233 1257 42 19 afse
297 1256 67 26 någon
386 1257 150 25 genomgående
558 1257 100 25 sänkning
677 1257 19 19 af
714 1257 135 23 tullsatserna,

90 1287 27 18 är,
141 1285 68 19 såsom
231 1285 67 24 kändt,
313 1286 101 24 ansenligt
428 1286 61 24 högre
504 1288 26 17 än
546 1286 38 19 den
598 1286 70 19 finska.
698 1286 36 19 För
749 1284 101 25 åtskilliga

91 1314 81 18 artiklar
187 1314 68 19 ställer
269 1314 39 19 den
324 1314 31 24 sig
370 1314 34 19 tvä
420 1314 37 19 och
472 1314 80 19 trefaldt
561 1314 91 25 drygare.
672 1314 57 19 Huru
736 1312 113 21 ändamäls-

91 1342 64 24 enligt
169 1344 30 17 ett
213 1342 66 24 dylikt
292 1342 7 19 i
314 1342 34 19 det
362 1344 100 17 närmaste
478 1342 117 26 prohibitivt
615 1344 78 23 system
708 1344 26 17 än
742 1342 32 19 mä
782 1342 69 18 kunna

92 1376 47 13 vara
161 1370 30 20 för
210 1372 30 18 ett
258 1370 47 20 land
324 1370 72 20 sädant
414 1376 44 14 som
474 1370 108 26 Ryssland,
597 1371 76 19 hvilket
687 1371 7 19 i
710 1371 30 19 sin
756 1370 95 24 ofantliga

91 1399 142 24 utsträckning
248 1399 97 19 omsluter
360 1400 56 18 snart
432 1399 60 24 sagdt
506 1400 38 18 alla
559 1400 43 24 slag
617 1400 19 18 af
646 1399 98 24 naturliga
756 1398 96 19 räämnen

91 1427 39 18 och
150 1427 111 24 växtlighet
278 1427 37 19 och
330 1427 66 19 derför
410 1429 22 17 är
446 1427 49 20 eller
509 1427 40 20 kan
563 1427 101 20 förväntas
680 1427 60 19 blifva
754 1426 97 25 jemförel-

92 1455 56 19 sevis
171 1455 110 20 oberoende
303 1455 20 19 af
336 1455 100 26 importen
454 1455 46 20 frän
515 1456 62 19 andra
592 1455 73 25 länder,
680 1455 23 20 sä
717 1457 22 18 är
754 1455 34 19 det
802 1455 51 18 dock

163 1493 140 17 Statsutskottets
316 1493 110 18 betänkande
439 1493 37 18 N:o
490 1494 17 17 2.
