1056 1670
303 120 226 23 Petitionsbetänkande
546 121 34 21 N:o
596 120 14 21 1.
765 121 42 21 133

87 181 74 21 Jämsä
176 183 38 19 äro
229 180 92 27 belägna
338 180 59 21 invid
413 180 90 27 Päijäne
518 180 33 27 sjö
568 180 40 21 och
619 180 125 27 derigenom
754 180 83 21 mindre

88 217 7 20 i
110 216 66 23 behof
196 216 23 22 af
233 217 118 26 yttermeta
366 216 135 21 förbättrade
516 215 222 22 kommunikationer.
768 216 11 21 TI
795 215 42 22 alla

87 252 38 21 fall
148 255 24 18 är
195 251 122 22 skillnaden
341 251 94 22 emellan
459 252 27 21 de
504 251 58 22 bäda
577 251 93 21 linierna
686 251 7 21 i
710 252 61 21 detta
785 252 52 21 hän-

88 288 79 21 seende
187 287 20 27 ej
224 288 25 20 sä
265 288 52 26 stor,
334 288 33 20 att
383 287 42 22 den
441 293 39 16 ens
495 286 142 22 närmelsevis
653 287 71 21 skulle
739 289 99 24 uppväga

88 323 26 21 de
126 323 94 21 fördelar
230 323 74 21 Keuru
316 322 68 22 linien
397 323 101 26 erbjuder
508 323 34 21 för
551 323 41 21 den
602 323 162 26 genomgäende
771 322 66 21 rörel-

88 365 45 15 sen.
148 358 109 22 Särskildt
267 358 123 21 beaktande
399 359 43 20 kan
451 359 7 20 i
469 359 61 20 detta
540 358 102 21 afseende
654 358 42 21 den
706 357 132 28 omständig-

87 394 65 21 heten
168 393 100 27 förtjena,
284 395 33 19 att
333 393 63 27 längs
411 393 77 22 Keuru
503 393 68 22 linien
582 393 111 22 afständet
703 393 35 22 till
748 393 91 22 Vasklot

87 429 70 21 blefve
179 429 30 21 45
229 428 115 22 kilometer
365 429 88 22 kortare
472 431 28 19 än
521 429 63 27 längs
605 429 101 27 Filppula
722 428 67 22 linien
804 428 34 22 till

88 471 83 15 samma
194 465 65 21 hamn
283 464 53 22 eller
359 464 35 22 till
415 464 140 28 Björneborg.
587 460 70 26 Äfven
678 471 34 15 om
729 471 50 15 man
795 464 19 26 ej
831 464 7 20 i

88 500 43 22 allo
154 500 50 21 ville
220 502 115 24 acceptera
356 500 37 21 det
409 500 23 21 af
444 500 98 22 komiten
558 500 77 27 gjorda
650 500 139 27 antagandet,
805 501 34 19 att

88 538 98 19 trävaror
209 535 48 22 från
279 537 91 24 sägarne
385 536 37 21 vid
438 536 116 27 Jyväskylä
570 536 86 21 komme
673 538 33 19 att
721 535 117 22 framdeles

88 571 57 27 välja
165 571 117 27 jernvägen
306 570 91 22 framför
421 572 174 26 sjötransporten
620 571 60 21 öfver
700 571 94 27 Päijäne,
815 572 24 20 är

89 607 55 21 dock
167 606 122 27 uppenbart
312 608 33 20 att
364 613 27 15 en
412 607 82 27 ganska
513 606 54 28 liflig
583 607 171 21 trävarurörelse
770 607 68 20 mäste

89 642 131 26 uppkomma
235 642 48 21 frän
299 642 175 27 mellanpunkter
490 643 24 21 af
528 643 41 21 den
586 648 78 21 genom
680 642 103 27 skogrika
795 642 44 26 nej-

89 677 38 22 der
142 678 91 26 löpande
249 678 71 21 banan
336 678 35 20 till
387 678 123 26 Jyväskylä.
541 678 44 21 För
601 678 71 21 denna
687 677 152 22 trävarutrafik

89 715 24 19 är
129 714 36 20 det
181 714 56 20 dock
251 715 80 25 ytterst
346 714 110 20 kännbart
472 720 34 15 om
523 714 150 26 vägalängden
689 714 108 26 förlänges
816 714 23 20 sä

89 748 108 27 ansenligt
212 755 47 15 som
276 749 49 21 med
341 749 30 21 40
387 748 12 22 ä
415 749 29 21 50
459 749 123 21 kilometer.

159 784 42 21 Vid
226 790 27 15 en
275 784 124 27 jemförelse
420 785 93 21 emellan
530 777 26 29 de
572 785 57 21 bäda
644 785 108 21 banornas
768 784 71 21 lokala

90 820 110 26 betydelse
215 820 106 26 förtjenar
337 826 83 15 samma
435 821 171 21 trävarurörelse
623 820 66 21 ocksä
699 827 26 14 ur
734 827 26 14 en
769 826 70 15 annan

90 855 109 26 synpunkt
218 856 241 26 uppmärksammande,
481 856 6 21 i
510 857 37 20 det
562 857 34 20 att
612 863 26 14 en
654 856 66 21 sädan
737 855 64 22 trafik
816 857 25 19 är

90 893 32 18 att
138 892 13 19 &
166 891 42 20 den
224 897 65 15 norra
305 891 68 21 linien
389 893 96 20 emotses
502 891 7 21 i
526 893 70 20 större
612 892 80 27 mängd
708 893 27 19 än
751 892 13 20 ä
782 891 58 26 Filp-

90 926 52 27 pula
157 926 73 26 linien,
246 925 47 22 frän
309 927 64 21 hvars
390 928 88 21 omräde
495 929 127 20 trävarorna
638 927 86 26 tillfölje
740 927 24 21 af
769 927 71 26 Päijä-

90 967 38 16 nes
144 962 77 21 närhet
237 962 112 21 sannolikt
364 963 35 20 till
415 963 84 26 ganska
514 967 46 17 stor
577 963 35 21 del
629 963 61 21 skola
706 963 86 20 komma
808 963 33 20 att

90 997 77 21 forslas
191 998 74 26 sjöväg
289 998 34 21 till
345 998 114 27 Vesijärvi.
491 999 117 21 Dessutom
630 999 89 26 erbjuda
739 999 26 20 de
782 998 59 21 invid

90 1033 74 21 Keuru
185 1033 67 22 linien
272 1033 112 28 befintliga
403 1034 99 22 forsarna
518 1035 114 26 möjlighet
647 1034 34 21 till
696 1034 144 27 uppkomsten

90 1069 40 20 här
152 1069 23 21 af
195 1070 72 25 nägon
287 1076 28 20 ny
331 1069 101 22 industri.
465 1070 48 21 Den
530 1070 86 21 skilnad
633 1070 6 21 i
655 1069 124 22 lokaltrafik
794 1075 46 15 som

90 1105 13 20 &
118 1105 42 20 den
176 1111 40 14 ena
233 1105 54 21 eller
303 1105 68 21 andra
387 1106 155 27 sträckningen
558 1112 51 15 vore
625 1107 33 20 att
668 1106 97 26 päräkna
773 1105 69 27 gifver

90 1140 72 25 alltså,
184 1141 71 20 såsom
273 1141 22 21 af
310 1141 37 21 det
363 1141 68 26 sagda
447 1141 101 27 framgår,
562 1141 91 22 alldeles
669 1141 48 22 icke
732 1141 109 21 bestämdt

91 1175 109 22 företräde
216 1177 23 20 åt
255 1176 102 27 Filppula
372 1177 75 21 linien.

161 1206 65 26 Ännu
242 1212 177 27 tvifvelaktigare
435 1215 25 18 är
476 1213 71 21 denna
563 1213 135 21 sistnämnda
714 1212 63 21 linies
786 1211 55 22 före-

91 1247 62 20 träde
169 1247 49 21 med
235 1247 102 21 afseende
349 1249 12 19 å
370 1248 274 26 anläggningskostnaden.
668 1248 74 21 Såsom
751 1247 92 21 nämndt

90 1282 40 22 har
144 1282 41 20 här
199 1288 27 15 en
243 1282 154 22 instrumental
413 1284 162 25 undersökning
591 1283 48 22 icke
650 1285 36 25 egt
694 1290 53 20 rum,
755 1282 88 22 hvarför

91 1319 67 25 några
174 1318 50 21 fullt
239 1319 64 21 säkra
319 1318 72 22 siffror
407 1319 19 26 ej
443 1319 73 21 kunna
532 1318 95 22 anföras.
658 1319 44 21 Det
718 1319 38 21 har
770 1317 73 22 derför

91 1354 66 21 också
172 1353 59 22 inom
248 1355 109 21 utskottet
371 1355 111 26 påyrkats,
499 1356 33 20 att
549 1355 49 21 med
614 1356 33 19 ett
663 1354 107 21 definitivt
778 1354 35 21 val
821 1353 24 21 af

91 1390 164 26 utgångspunkt
275 1392 69 20 måtte
359 1390 60 27 bero,
436 1390 34 21 till
487 1391 51 20 dess
554 1396 77 21 genom
648 1396 26 14 en
690 1388 153 22 instrumental

91 1425 163 27 undersökning
269 1426 102 21 säkerhet
387 1432 82 15 vunnes
480 1426 83 25 derom,
574 1426 57 21 huru
640 1425 203 27 anläggningskost-

162 1466 177 23 Jernvägsutskottets
351 1466 110 18 betänkande
473 1466 36 19 N:o
522 1467 16 16 1.
