1061 1675
237 128 74 22 Ständ.
326 128 45 22 Pet.
387 142 27 2 —
429 128 148 23 Petitionsbet.
593 128 37 23 N:o
645 127 31 23 41.
792 130 13 20 5

147 197 78 21 Vidare
241 198 24 20 är
280 197 36 21 det
331 197 130 27 förfarande,
477 204 48 14 som
540 198 36 21 vid
591 198 139 21 besättandet
745 198 23 21 af
778 198 56 26 tjen-

79 234 51 24 ster,
150 231 60 21 såväl
225 232 67 26 högre
308 238 48 15 som
371 232 66 26 lägre,
453 232 40 21 bör
508 232 68 27 följas,
592 232 31 21 till
638 232 48 21 sina
700 232 135 26 hufvuddrag

80 266 94 21 ordnadt
188 272 79 20 genom
283 266 134 26 stadganden
433 266 24 21 af
469 266 185 27 grundlagshelgd,
671 267 107 26 nemligen
793 266 42 21 Re-

79 300 182 27 geringsformens
285 301 27 21 10
332 301 19 27 8,
372 301 81 21 hvilket
470 302 84 26 lagrum
572 302 35 20 väl
622 302 24 20 är
662 301 66 21 delvis
744 301 91 21 ändradt

79 341 81 21 genom
178 341 76 15 senare
274 334 169 28 bestämningar,
464 342 57 20 men,
538 335 70 21 såvidt
623 336 60 20 detta
698 336 17 26 ej
732 337 24 20 är
771 335 63 26 fallet,

80 369 133 21 fortfarande
228 370 71 26 gäller,
316 369 112 22 äfvensom
444 370 130 26 Förenings-
590 370 42 21 och
642 370 194 21 Säkerhetsaktens

80 403 14 21 4
110 404 19 26 8,
152 404 37 20 der
207 403 74 22 såsom
299 404 56 21 enda
370 404 42 21 och
427 406 58 20 rätta
500 404 204 27 befordringsgrund
718 404 118 28 uppställas

85 438 132 27 skicklighet,
237 438 105 27 förtjenst,
358 438 123 22 erfarenhet
497 439 41 21 och
553 438 118 28 bepröfvad
686 438 150 28 medborgerlig

82 472 61 28 dygd.

149 507 30 21 Af
187 507 90 22 anförda
288 508 135 26 stadganden
434 508 95 26 framgår
538 508 62 26 klart,
609 510 31 19 att
648 508 101 21 Finlands
757 508 79 26 grund-

82 542 59 26 lagar
164 542 128 21 tillerkänna
310 542 73 22 landet
401 544 44 19 rätt
459 543 31 21 till
505 542 128 27 förvaltning
648 542 136 22 uteslutande
800 548 36 20 ge-

83 582 52 15 nom
154 577 118 26 inhemska,
289 577 55 21 finsk
358 577 35 27 lag
408 577 161 28 underlydande
584 577 154 27 myndigheter.
767 575 70 28 Något

82 611 73 21 tvifvel
170 611 112 27 angående
298 612 42 21 den
355 611 132 22 fortfarande
503 612 123 27 giltigheten
642 611 22 22 af
676 611 72 22 denna
757 611 79 26 grund-

82 648 45 18 sats
143 646 43 21 kan
201 646 47 22 icke
264 645 84 28 uppstå,
364 646 28 21 då
407 653 52 14 man
475 647 82 21 erinrar
572 647 38 26 sig,
622 648 31 19 att
664 646 26 21 de
700 646 136 26 grundlagar,

82 680 62 21 hvari
167 681 42 21 den
231 680 68 21 finnes
320 681 89 26 uttalad,
432 681 23 21 af
468 681 75 27 Kejsar
558 681 121 20 Alexander
694 681 7 20 I
716 681 36 20 vid
766 679 71 27 Borgå

83 715 103 26 landtdag
205 715 29 26 på
249 715 36 21 det
299 716 150 26 högtidligaste
465 715 115 22 stadfästes
596 715 42 22 och
654 715 136 21 bekräftades
806 716 31 19 att

83 749 56 26 gälla
157 749 33 21 för
205 750 96 27 Finland,
317 750 85 21 hvilken
417 751 129 21 bekräftelse
562 751 47 20 Han
624 750 30 21 till
669 752 117 25 yttermera
802 751 35 19 sä-

84 783 76 22 kerhet
175 784 6 21 i
197 784 41 21 den
248 785 92 26 Högstes
350 785 114 27 helgedom
475 785 160 21 öfverlemnade
646 784 22 21 åt
679 785 83 20 landets
774 784 64 21 Stän-

86 818 43 21 der.
159 818 36 21 Att
210 818 75 28 Kejsar
299 819 122 22 Alexander
437 819 7 21 I
463 820 50 21 med
529 820 69 21 denna
614 819 33 20 sin
662 819 117 27 högtidliga
794 818 43 21 för-

84 852 80 22 säkran
186 854 109 26 verkligen
314 854 61 27 afsåg
392 854 103 21 Finlands
511 854 122 21 oberoende
649 854 23 21 af
685 854 153 27 styrelsemyn-

82 887 127 27 digheterna
231 888 6 20 i
259 888 163 27 Kejsaredömet
442 889 7 21 i
464 888 61 27 fråga
540 895 36 15 om
591 888 83 21 landets
691 888 44 21 inre
751 887 87 27 angelä-

83 922 110 26 genheter,
209 922 94 27 framgår
318 924 118 26 otvetydigt
451 923 24 21 af
483 924 92 20 samtida
586 923 187 26 statshandlingar.
796 922 42 21 Re-

84 956 42 21 dan
149 956 68 27 några
240 956 104 22 månader
362 958 73 21 förrän
454 958 122 21 Ständerna
591 958 176 20 sammanträdde
783 956 55 21 hade

85 990 111 28 Kejsaren,
213 990 73 23 såsom
301 992 87 27 bekant,
403 992 51 22 med
464 992 139 22 förkastande
614 992 23 20 af
646 994 30 19 ett
685 992 86 20 Honom
782 990 56 22 före-

83 1025 59 27 lagdt
160 1025 85 28 förslag,
265 1028 32 19 att
315 1026 230 27 Generalguvernören
561 1026 59 21 öfver
635 1026 90 21 Finland
740 1026 52 26 egde
808 1027 32 19 att

84 1060 51 21 med
154 1060 48 21 sina
223 1060 147 28 underdåniga
388 1061 183 27 framställningar
586 1061 71 21 vända
673 1061 31 26 sig
720 1061 28 20 till
763 1060 76 20 veder-

85 1094 98 22 börande
198 1096 64 27 ryska
275 1096 110 20 ministrar
400 1096 42 21 och
457 1102 78 21 genom
552 1096 49 20 dem
616 1097 99 25 mottaga
724 1095 60 21 Hans
794 1093 46 21 Ma-

81 1129 79 27 jestäts
183 1129 146 28 befallningar,
352 1131 77 20 uttalat
452 1130 73 21 såsom
545 1131 33 20 sin
594 1129 78 28 nådiga
687 1130 49 27 vilja
752 1131 32 19 att
798 1129 42 20 alla

84 1163 70 22 finska
172 1165 95 21 ärenden
286 1165 67 21 borde
373 1165 93 26 Honom,
487 1165 109 27 Kejsaren,
614 1165 80 20 direkte
709 1164 131 25 föredragas-

85 1198 7 21 I
109 1198 226 22 öfverensstämmelse
349 1200 92 21 härmed
455 1199 99 21 framhöll
570 1199 103 26 Kejsaren
688 1199 7 20 i
711 1199 36 20 sitt
762 1198 29 21 tal
806 1197 35 21 vid

86 1233 142 26 landtdagens
249 1233 120 22 afslutande
390 1234 32 21 sin
438 1234 85 21 önskan
538 1235 29 19 att
584 1239 23 15 se
623 1233 101 20 Finlands
739 1232 44 21 folk
798 1231 43 21 fritt

86 1267 60 20 inom
165 1267 38 27 sig,
223 1268 69 21 under
310 1268 47 21 sina
375 1269 71 26 lagars
462 1268 68 27 skydd
546 1267 74 28 (,libre
636 1267 54 21 dans
705 1267 136 24 Yintérieur',

88 1308 66 20 »Sous
174 1302 94 27 empire
289 1303 25 20 de
335 1309 34 14 ses
388 1302 58 28 loix).
476 1303 8 20 I
505 1303 141 26 reglementet
664 1301 33 21 för
713 1301 129 26 Regerings-

85 1337 114 26 konseljen
219 1336 23 21 af
258 1337 41 21 den
314 1340 29 25 +
357 1337 91 26 Augusti
466 1337 53 21 1809
539 1338 69 25 säges,
625 1336 65 21 bland
704 1338 73 23 annat,
793 1335 6 20 i
816 1335 26 20 15

85 1371 106 26 punkten:
211 1371 56 27 ,Allt
285 1372 57 20 hvad
362 1372 118 20 rättvisans
500 1371 41 22 och
560 1371 42 21 den
623 1371 109 20 allmänna
747 1369 95 22 hushäll-

88 1406 90 25 ningens
196 1406 166 21 handhafvande
380 1406 143 26 vidkommer,
542 1405 144 22 öfverlemnas
701 1405 30 20 till
746 1403 97 22 Conseil-

88 1440 46 21 lens
150 1439 83 28 åtgärd,
250 1439 43 22 mål
309 1441 42 20 och
366 1441 93 20 ärender
469 1440 146 27 undantagna,
626 1439 82 21 hvilkas
719 1438 123 27 afgörande,
