1064 1659
277 124 233 22 Petitionbetänkande
526 124 37 22 N.o
578 125 20 22 7.
760 126 27 20 29

57 190 34 24 för
113 192 152 21 skolväsendet
288 192 135 27 granskning
442 192 40 21 och
505 192 138 21 stadfästelse
665 192 94 21 insända
781 192 36 21 vid

58 226 219 22 kommunalstämma
295 228 90 25 antaget
406 226 81 27 förslag
505 226 114 28 angående
640 226 85 27 platsen
744 227 32 20 för
791 227 26 20 de

59 268 42 20 nya
117 260 102 22 skolorna.
255 260 141 28 Möjligheten
412 262 33 19 att
461 261 92 21 sålunda
569 261 28 27 på
608 260 159 21 administrativ
777 262 41 26 väg

59 295 154 21 åstadkomma
234 302 27 13 en
276 294 202 22 tillfredsställande
497 294 211 28 distriktsindelning
723 296 24 20 är
763 294 56 22 dock

59 329 149 21 underkastad
232 330 25 20 de
279 330 80 20 största
379 329 168 27 vanskligheter,
566 330 28 20 då
610 329 26 27 ju
651 329 104 27 styrelsen
771 328 48 22 icke

59 364 44 21 kan
124 363 129 21 förutsättas
273 370 40 20 ega
334 364 41 20 den
395 364 192 26 detaljkännedom
603 370 34 14 om
652 363 168 21 förhållandena

59 398 58 21 inom
138 398 75 27 hvarje
235 397 84 22 enskild
343 398 108 26 kommun,
474 405 45 13 som
536 398 175 26 oundgängligen
727 399 25 19 är
767 398 52 20 nöd-

60 433 79 26 vändig
154 432 33 21 för
202 434 33 19 att
250 433 41 20 den
307 432 124 26 föreslagna
445 432 140 27 indelningen
601 432 56 21 skall
674 432 74 21 kunna
758 432 60 27 lyck-

60 467 57 27 ligen
137 466 144 28 genomföras.
311 467 33 21 De
364 466 190 28 undersökningar
573 466 24 22 af
610 466 166 22 förhållandena
791 467 30 27 på

61 502 26 20 de
103 501 71 21 skilda
190 504 94 22 orterna,
300 508 46 14 som
361 500 128 28 betingades
505 501 24 21 af
542 508 26 14 en
584 501 68 21 sådan
664 501 29 27 på
703 501 117 27 styrelsens

62 536 94 21 initiativ
174 535 112 27 företagen
303 536 218 27 distriktsindelning,
537 535 71 22 blefve
624 535 64 21 äfven
704 536 24 20 så
743 534 77 22 omfat-

61 571 67 20 tande
143 570 40 21 och
199 570 118 26 långvarig,
333 571 33 20 att
381 570 134 21 inrättandet
531 570 25 21 af
569 577 42 20 nya
622 570 80 25 skolor,
713 570 108 20 beroende

64 604 24 21 af
101 605 72 20 denna
183 604 119 26 indelning,
314 604 85 21 komme
410 606 33 18 att
454 604 33 21 för
497 611 26 14 en
535 604 50 27 lång
597 604 31 21 tid
639 604 108 21 afstanna.
771 604 50 20 Men

63 645 34 14 om
113 646 49 13 man
179 639 40 21 ock
235 639 80 26 ansåge
331 638 32 27 sig
376 638 54 21 böra
445 639 120 26 vedervåga
577 638 103 28 försöket,
695 638 75 21 såvida
785 638 37 21 det

64 673 100 27 utgjorde
179 680 27 14 en
223 672 123 28 nödvändig
362 672 67 22 första
445 673 77 27 åtgärd
537 672 34 22 för
581 673 169 27 genomförande
761 672 24 22 af
795 679 27 14 en

64 707 120 27 tvångslag,
204 706 91 22 förlorar
314 714 26 14 en
364 707 69 21 sådan
449 707 135 21 omfattande
601 707 122 27 fördelning
739 707 24 21 af
777 706 45 22 lan-

65 742 36 20 det
115 742 7 20 i
138 741 108 21 särskilda
261 741 135 21 skoldistrikt
415 742 32 20 sin
468 742 120 21 förnämsta
603 742 116 27 betydelse,
736 742 29 20 då
780 742 41 20 den

65 776 47 21 icke
128 776 87 27 åtföljes
231 776 24 20 af
269 776 120 27 skyldighet
406 778 32 18 att
453 776 58 21 inom
528 777 26 20 de
570 776 92 21 sålunda
676 776 87 20 bildade
778 782 45 14 om-

63 810 82 21 rådena
167 810 82 21 inrätta
272 810 114 21 folkskola.
425 810 111 22 Utskottet
561 812 46 20 tror
627 810 72 21 därför
718 812 33 19 att
766 816 55 20 resp.

64 844 137 21 kommuners
223 844 40 21 och
285 844 147 21 skoldistrikts
452 845 107 21 intressen
575 846 68 20 varda
659 844 48 21 bäst
723 844 99 27 tillgodo-

63 880 73 24 sedda,
156 886 34 13 om
210 880 26 20 de
252 878 77 28 sjelfva
345 879 82 21 tillåtas
443 882 33 18 att
492 880 69 20 ordna
576 880 71 20 denna
663 878 158 28 angelägenhet

63 913 7 20 i
91 914 42 20 den
152 914 50 20 mån
218 920 43 20 nya
276 913 73 21 skolor
363 914 81 26 uppstå
460 914 40 20 och
516 913 54 21 efter
587 914 26 20 de
629 913 58 21 olika
705 913 55 27 kraf,
777 920 46 14 som

65 947 59 21 olika
139 947 52 21 tids-
207 948 41 20 och
264 948 197 20 ortsförhällanden
477 948 76 21 kunna
567 948 94 27 betinga.
683 947 61 21 Dock
755 947 67 21 förut-

65 983 68 19 sätter
148 982 107 21 utskottet
272 984 39 25 att,
327 982 7 20 i
350 982 104 21 händelse
471 983 48 20 dess
534 982 82 27 förslag
627 984 90 25 antages
728 981 24 22 af
761 982 62 20 Stän-

65 1017 72 27 derna,
155 1016 105 27 styrelsen
275 1016 130 22 förbehäller
421 1016 31 27 sig
469 1018 44 20 rätt
528 1019 38 25 att,
583 1018 28 20 dä
625 1016 47 22 skäl
684 1016 72 21 därtill
766 1016 57 21 före-

65 1050 104 27 kommer,
186 1050 7 21 i
209 1050 74 28 hvarje
299 1050 94 22 enskildt
403 1050 38 22 fall
453 1052 52 26 göra
515 1051 132 27 beviljandet
659 1050 24 22 af
691 1050 133 22 statsunder-

65 1085 49 21 stöd
132 1084 107 22 beroende
261 1085 24 21 af
303 1086 66 26 nödig
385 1086 118 26 utredning
519 1092 34 14 om
568 1086 118 20 verkställd
701 1084 122 22 ändamäls-

66 1119 57 27 enlig
146 1119 211 27 distriktsindelning
381 1120 40 20 och
437 1120 113 21 skolornas
566 1120 104 28 lämpliga
686 1118 137 22 dislokation.

135 1257 34 21 Dä
183 1257 108 21 utskottet
307 1258 64 21 alltsä
386 1257 109 28 afstyrker
511 1260 25 19 de
552 1258 89 27 förslag,
657 1265 45 13 som
718 1258 29 27 gä
762 1260 24 18 ut
797 1257 28 27 pä

67 1293 33 19 att
122 1298 77 20 genom
223 1292 107 25 särskilda
353 1293 181 27 tvängsätgärder
554 1292 113 28 päskynda
682 1292 143 21 folkskolevä-

67 1326 86 20 sendets
176 1326 125 27 utveckling
326 1327 7 20 i
355 1327 48 21 värt
423 1326 60 28 land,
501 1328 38 26 gör
558 1327 107 21 utskottet
685 1327 62 20 detta
761 1326 8 20 i
784 1326 41 20 den

67 1360 152 27 förhoppning,
237 1362 32 20 att
290 1361 123 21 Ständerna
431 1361 62 21 skola
513 1361 83 21 skänka
611 1362 24 20 sä
650 1360 85 28 mycket
750 1360 75 21 krafti-

68 1400 52 21 gare
144 1395 120 21 understöd
287 1395 23 21 ät
333 1396 26 20 de
383 1396 124 26 petitioner,
524 1402 46 14 som
585 1395 148 21 framlemnats
749 1395 7 20 i
771 1394 56 28 syfte

68 1431 33 18 att
124 1428 78 28 främja
226 1430 36 21 det
286 1429 102 28 frivilliga
410 1430 212 27 bildningsintresset
644 1430 7 20 i
671 1430 156 21 kommunerna

136 1468 100 18 Allmänna
254 1469 171 18 Besvärsutskottets
436 1469 110 18 betänkande
557 1469 34 18 N:o
604 1470 31 17 20.
