1073 1678
255 146 12 20 2
348 145 84 23 Ständ.
448 146 54 22 Pet.
519 159 29 3 —
563 146 173 23 Petitionsbet.
751 146 46 23 N:o
813 146 39 23 38.

227 209 23 20 är
264 208 106 29 tillgjordt
384 209 6 20 i
406 209 57 28 syfte
479 212 31 18 att
525 209 134 22 förekomma
674 209 41 22 och
730 209 84 21 hämma
832 210 154 20 smittosamma

228 242 227 29 kreaturssjukdomar.

296 282 49 21 Den
361 286 58 19 stora
433 283 112 29 betydelse
560 284 192 29 boskapsskötseln
767 284 41 21 och
823 283 164 29 mejerihandte-

227 317 75 27 ringen
317 318 7 19 i
340 317 93 21 Finland
454 318 28 28 på
501 326 75 13 senare
592 318 56 21 tider
664 318 84 21 erhållit
762 318 39 21 har
816 318 38 21 allt
868 325 58 14 mera
941 318 45 20 län-

227 350 37 21 kat
288 350 167 29 jordbrukarens
483 352 189 29 uppmärksamhet
694 352 28 29 på
743 352 189 28 nödvändigheten
956 354 32 18 att

227 384 60 28 gifva
309 384 115 30 husdjuren
448 394 27 14 en
492 387 92 21 rationel
598 386 54 22 vård
668 387 40 21 och
724 386 83 29 skydda
822 386 49 22 dem
886 389 44 18 mot
945 385 42 21 den

228 419 52 27 fara,
302 419 36 21 för
356 419 88 23 hvilken
460 420 27 22 de
501 428 78 21 genom
595 422 153 21 smittosamma
764 421 123 29 sjukdomar
901 422 36 19 äro
952 423 35 18 ut-

228 456 60 18 satta.
318 453 85 23 Härvid
425 455 40 21 har
487 455 37 21 det
546 455 56 22 dock
620 456 108 21 framstått
742 455 79 29 tydligt
836 455 34 21 för
885 455 102 21 idkarena

228 487 24 21 af
266 487 27 21 de
308 488 93 22 nämnda
423 490 199 28 näringsgrenarna,
640 493 32 19 att
686 490 162 28 lagstiftningen
864 490 47 21 icke
926 488 61 22 hållit

227 522 71 28 jemna
312 525 48 25 steg
374 523 49 21 med
439 524 42 21 den
495 524 155 28 försiggångna
667 524 158 28 utvecklingen.
855 524 110 21 Bristerna
980 524 7 20 i

228 556 99 28 gällande
346 557 133 28 stadganden
494 558 112 28 angående
621 558 186 22 förekommandet
822 558 42 22 och
878 558 109 21 hämman-

229 590 37 21 det
286 591 24 21 af
327 591 222 30 kreaturssjukdomar
564 595 36 19 äro
616 593 24 22 så
654 594 8 20 i
678 595 84 27 ögonen
776 593 95 21 fallande
887 592 40 22 och
942 592 46 22 lan-

228 624 48 22 dets
291 626 202 22 veterinärväsende
509 626 24 22 så
548 627 52 28 föga
614 627 150 22 motsvarande
778 627 72 22 tidens
860 627 128 28 fordringar,

229 662 32 17 att
276 667 27 14 en
318 668 49 13 snar
382 660 125 29 förändring
522 662 33 21 till
571 662 37 21 det
622 662 70 21 bättre
704 662 128 21 härutinnan
844 662 68 21 måste
925 669 62 13 anses

230 694 136 28 synnerligen
382 695 113 22 önskvärd.

298 740 68 21 Detta
381 741 44 26 har,
441 741 67 28 enligt
523 741 59 22 hvad
597 741 119 22 Ständerna
732 741 78 27 erfarit,
826 744 98 25 nogsamt
939 741 50 21 blif-

229 775 33 21 vit
276 775 104 21 beaktadt
394 775 66 22 äfven
475 776 23 21 af
512 776 84 21 landets
612 776 100 29 Styrelse.
741 776 77 21 Redan
832 776 35 21 för
882 776 106 28 åtskilliga

230 809 24 21 år
274 809 90 22 tillbaka
386 810 61 21 torde
469 811 157 21 förberedande
641 811 100 28 åtgärder
755 811 67 22 hafva
837 810 102 29 vidtagits
954 810 36 21 för

230 843 191 22 åstadkommande
443 845 24 21 af
488 853 26 13 en
529 853 29 20 ny
573 845 135 28 författning,
730 845 76 21 afsedd
822 848 32 18 att
869 847 79 19 ersätta
963 844 27 21 de

230 878 82 21 mindre
335 878 198 23 tillfredsställande
555 879 147 28 stadgandena
719 881 7 20 i
742 879 143 28 kungörelsen
903 879 24 21 af
948 879 41 21 den

231 914 12 19 6
254 912 52 22 Juni
319 914 56 21 1864
386 913 110 29 angående
507 914 59 22 hvad
583 914 33 21 till
628 913 174 22 förekommande
814 913 40 22 och
864 913 126 22 hämmande

231 947 23 20 af
268 947 155 22 smittosamma
438 948 222 29 kreaturssjukdomar
675 948 105 28 iakttagas
795 948 45 21 bör.

299 993 36 21 Då
358 993 63 21 dessa
443 993 102 29 åtgärder
564 995 57 20 ännu
641 994 49 21 icke
709 993 46 21 ledt
769 994 33 21 till
816 993 94 27 resultat,
925 993 66 21 hafva

232 1026 121 22 Ständerna
373 1030 52 18 trott
445 1028 33 28 sig
495 1028 49 21 icke
560 1028 52 21 böra
626 1028 112 21 underlåta
753 1030 31 19 att
799 1028 7 20 i
821 1027 170 29 underdånighet

232 1061 76 28 bringa
323 1061 71 22 denna
409 1063 155 28 angelägenhet
579 1063 68 21 under
661 1063 70 21 Eders
747 1063 121 28 Kejserliga
879 1063 112 28 Majestäts

232 1095 79 28 nådiga
326 1096 107 29 pröfning.

301 1135 77 22 Såsom
401 1136 26 21 de
448 1137 154 28 väsentligaste
623 1137 77 22 brister
715 1138 7 20 i
739 1138 55 21 1864
815 1137 35 21 års
865 1137 127 28 kungörelse

232 1169 63 22 torde
316 1170 53 21 böra
390 1178 72 15 anses:
479 1174 30 19 att
525 1171 38 22 der
578 1172 48 21 icke
640 1173 64 26 göres
719 1171 85 22 skilnad
818 1171 79 22 mellan
912 1171 81 21 elakar-

232 1204 50 21 tade
298 1205 41 22 och
355 1205 116 29 lindrigare
486 1206 98 27 farsoter,
599 1206 83 21 hvilket
698 1206 56 21 dock
768 1213 52 14 vore
836 1205 23 22 af
874 1206 51 27 vigt,
936 1213 57 14 eme-

233 1239 43 21 dan
298 1239 27 22 de
348 1240 58 21 förra
421 1241 7 20 i
443 1241 66 28 högre
531 1240 54 29 grad
600 1242 27 19 än
642 1240 26 21 de
684 1247 75 14 senare
782 1239 97 22 erfordra
900 1239 94 28 kraftiga

232 1273 54 21 mått
308 1274 41 21 och
372 1277 56 25 steg;
449 1289 29 1 —
498 1277 31 19 att
548 1275 136 28 djurläkaren
705 1275 18 28 ej
747 1282 51 21 eger
817 1276 43 19 rätt
883 1277 31 18 att
936 1281 58 14 ome-

233 1307 84 22 delbart
339 1308 89 29 vidtaga
450 1309 67 28 nödig
539 1309 75 28 åtgärd
637 1309 34 21 för
693 1309 79 21 farsots
792 1308 133 27 hämmande,
943 1311 51 18 utan

234 1341 82 28 nödgas
340 1342 89 26 afvakta
447 1343 66 28 högre
533 1343 137 29 myndighets
690 1342 146 27 föreskrifter;
851 1356 28 2 —
895 1345 54 18 samt
964 1345 32 18 att

234 1375 119 29 stadgande
376 1376 79 22 saknas
478 1385 34 13 om
532 1378 119 27 ersättning
668 1376 24 22 af
710 1377 106 21 allmänna
830 1376 71 21 medel
916 1376 23 21 åt
954 1376 41 21 den

235 1410 98 21 enskilda
348 1410 35 22 för
398 1410 53 22 hans
467 1410 53 30 djur,
535 1411 75 22 hvilka
625 1411 71 21 såsom
712 1411 61 29 sjuka
789 1411 51 21 eller
850 1411 36 21 för
897 1410 98 29 sjukdom

234 1444 128 22 misstänkta
382 1445 74 22 blifvit
472 1446 66 28 enligt
552 1445 136 29 myndighets
704 1445 130 29 förfogande
849 1444 147 28 nedslagtade.
