1064 1675
235 143 25 20 14
396 142 262 23 Motionsbetänkande
674 142 45 23 N:o
734 142 38 22 10.

204 212 54 14 man
274 204 40 21 det
327 212 47 20 nya
390 204 176 22 edsformuläret
581 204 75 22 blifva
670 204 38 22 för
722 207 69 26 svagt
806 204 52 22 med
871 204 91 28 hänsyn

204 238 36 22 till
256 238 51 22 dess
322 239 93 22 slutord.
445 239 56 21 Dels
516 240 57 20 ville
588 240 101 28 mången
703 239 58 25 icke,
778 242 34 18 att
828 239 70 21 orden
915 239 48 26 ,in-

204 272 36 22 för
256 272 68 22 Gud'*
339 273 74 21 skulle
428 273 93 29 intagas
542 274 9 20 i
566 274 79 21 stället
665 273 37 22 för
717 273 54 27 ,,vid
788 273 66 21 Gud"
872 280 18 15 o.
907 280 17 14 s.
940 280 21 14 v.

205 307 135 28 Riksdagen
356 307 25 21 af
394 308 25 20 år
437 309 53 21 1886
506 308 82 28 gjorde
604 308 49 21 åter
669 308 45 21 den
730 310 12 18 8
758 308 62 21 Mars
836 315 29 13 en
880 307 82 21 under-

206 341 71 28 dånig
299 341 172 29 framställning
494 349 37 14 om
554 342 157 21 afskaffandet
734 342 26 21 af
779 342 63 21 vissa
862 342 58 21 eder.
951 342 12 21 I

205 375 58 29 följd
286 375 68 21 häraf
373 375 150 22 förordnades
547 376 44 21 den
609 377 26 21 13
650 376 51 21 Juli
718 377 61 25 1887,
796 378 34 19 att
846 376 117 21 föreskrif-

206 413 66 18 terna
294 410 119 28 angående
436 410 59 25 eder,
519 418 48 14 som
590 410 57 22 böra
669 410 103 29 afläggas
791 410 26 21 af
830 410 78 21 läkare
922 410 41 21 vid

206 444 58 21 hans
279 444 162 28 legitimation,
458 444 26 22 af
496 445 145 21 rättskemist
665 445 55 21 eller
746 445 43 21 den
806 444 58 22 hans
879 444 85 22 befatt-

206 478 58 28 ning
279 478 103 27 förestår,
399 479 26 21 af
437 478 134 27 farmaceut,
588 479 59 21 efter
662 479 166 28 undergången
844 478 119 22 farmacie-

206 512 211 28 studiosi-examen,
439 516 60 18 samt
521 512 26 22 af
567 513 157 27 barnmorska,
747 513 72 21 innan
841 513 46 21 hon
910 520 54 21 eger

206 546 82 22 utöfva
296 547 40 21 sitt
345 547 64 28 yrke,
421 547 64 22 skola
497 548 104 28 upphöra
614 550 35 19 att
664 554 56 15 vara
730 547 119 29 gällande;
862 547 101 22 börande

205 581 9 20 i
230 581 70 21 edens
316 582 66 21 ställe
397 582 67 21 träda
479 589 28 14 en
523 582 92 21 erinran
632 589 36 14 om
686 582 52 21 med
753 581 162 28 befattningen
931 581 30 21 el-

206 615 34 21 ler
263 615 69 28 yrket
354 616 109 21 förenade
485 616 138 28 åligganden
647 617 43 20 och
714 617 39 20 det
768 623 84 14 ansvar
867 616 96 21 försum-

206 649 71 21 melse
306 649 67 22 deraf
398 650 94 22 medför.
523 650 86 21 Tillika
624 650 123 29 stadgades
763 650 44 21 den
838 650 98 28 ändring
955 649 9 22 i

206 683 186 22 rättskemistens
415 684 113 27 protokoll
552 684 42 21 och
615 685 129 26 utlåtande,
760 687 35 18 att
810 685 64 20 detta
889 684 75 21 skulle

208 717 97 22 afslutas
328 718 52 21 med
402 719 102 28 följande
527 719 51 21 ord:
595 719 115 27 ,Sålunda
725 719 127 21 undersökt
868 718 42 21 och
927 719 36 20 be-

207 751 90 28 funnet,
313 753 82 21 varder
410 754 30 28 på
455 753 70 22 heder
541 753 43 22 och
600 756 102 19 samvete
718 753 130 28 intygadt.*
879 753 85 21 Vidare

208 786 130 29 stadgades,
362 790 34 19 att
418 788 9 20 i
449 787 28 22 de
492 788 48 27 fall,
557 787 29 22 då
602 790 96 19 attester
714 788 26 21 af
751 788 63 21 vissa
829 787 83 26 läkare,
928 787 37 21 för

208 822 35 19 att
264 821 104 21 medföra
389 821 107 22 befrielse
519 821 52 22 från
594 821 134 29 skyldighet
751 823 35 20 att
807 821 40 22 vid
865 821 99 21 domstol

208 854 99 29 beediga
332 858 107 25 attesten,
465 856 55 21 böra
544 856 119 22 innehålla
686 856 104 28 följande
813 856 150 28 slutmening:

209 889 104 25 »hvilket
332 890 41 28 jag
396 890 20 29 ej
440 891 97 21 allenast
556 891 30 28 på
601 891 48 21 min
665 890 92 28 aflagda
772 890 116 21 embetsed
903 890 62 28 inty-

208 931 48 20 gar,
279 926 57 19 utan
359 924 43 22 ock
425 925 52 21 med
499 924 76 22 denna
595 925 48 21 min
659 924 91 29 edeliga
766 924 156 29 förpligtelse:
940 924 25 21 så

208 960 54 18 sant
277 958 48 28 mig
340 958 53 22 Gud
409 958 75 30 hjelpe
499 960 37 20 till
551 959 31 21 lif
595 959 42 21 och
653 959 50 28 själ,
718 958 139 26 bekräftar",
866 958 99 22 framde-

208 991 34 21 les
262 992 66 21 dessa
350 993 89 21 slutord
463 994 73 21 skulle
551 994 131 28 begagnas:
698 1010 12 10 ,,
712 993 90 21 hvilket
814 993 42 28 jag
871 992 94 22 härmed

208 1026 30 28 på
259 1026 71 22 heder
352 1027 43 21 och
418 1031 101 17 samvete
541 1028 114 28 intygar',
675 1027 43 21 och
734 1027 74 21 skulle
824 1029 70 19 attest
913 1026 53 22 med

209 1059 77 22 denna
312 1060 139 22 bekräftelse
475 1062 103 21 medföra
600 1069 88 13 samma
710 1061 116 28 giltighet,
850 1068 48 14 som
914 1060 51 27 den,

209 1094 97 22 hvilken
328 1095 104 22 innehöll
457 1096 44 21 den
517 1096 62 21 äldre
596 1096 179 28 slutmeningen.
805 1095 86 21 Likaså
906 1094 60 22 stad-

210 1129 78 28 gades,
304 1132 35 19 att
354 1131 101 21 mäklare
471 1131 42 21 och
529 1130 209 29 skeppsklarerare,
751 1129 119 22 äfvensom
880 1133 86 24 vägare

210 1163 43 21 och
279 1166 87 19 mätare
392 1165 51 22 icke
469 1165 79 21 vidare
574 1164 99 21 behöfde
698 1164 31 28 gå
754 1163 35 25 ed,
814 1166 58 19 utan
892 1163 75 21 skulle

210 1197 66 22 dessa
300 1198 26 21 af
348 1198 153 22 öfverordnad
520 1198 138 29 myndighet
674 1197 87 22 erhålla
778 1197 92 22 erinran
886 1205 36 14 om
938 1197 29 22 de

210 1231 146 29 åligganden,
376 1239 47 14 som
443 1240 54 14 voro
516 1233 109 21 förenade
641 1232 53 21 med
709 1231 103 22 erhållen
828 1231 138 28 befattning,

210 1265 43 21 och
276 1266 39 21 det
337 1274 90 19 ansvar,
450 1267 158 21 försummelse
624 1266 26 21 af
663 1266 77 21 denna
754 1265 96 22 medför.
881 1265 86 22 Vidare

210 1299 124 29 stadgades
350 1308 83 21 genom
448 1301 155 28 kungörelsen
611 1300 26 21 af
650 1300 46 21 den
712 1301 26 20 28
748 1299 102 22 Oktober
868 1301 52 20 1887
932 1301 35 19 att

210 1335 104 20 notarius
343 1334 106 29 publicus
472 1335 80 25 skulle,
576 1334 41 21 vid
639 1334 163 21 tillträdandet
826 1333 25 22 af
870 1333 36 22 sin
930 1333 37 21 be-

209 1367 109 29 fattning,
329 1368 87 21 erhålla
425 1368 25 21 af
463 1369 150 28 magistraten
629 1368 92 21 erinran
733 1375 37 14 om
782 1367 28 21 de
821 1367 146 28 åligganden,

210 1409 49 14 som
283 1402 126 29 medföljde
431 1402 167 28 befattningen,
621 1402 42 21 och
688 1402 39 21 det
750 1409 90 18 ansvar,
859 1408 48 14 som
923 1401 44 21 för-

210 1436 139 21 summelsen
370 1437 26 20 af
409 1437 76 20 denna
505 1435 124 22 medförde.
660 1435 158 29 Kyrkomötet
834 1435 25 21 af
872 1435 24 22 år
913 1436 54 21 1888

280 1475 129 23 Lagutskottets
423 1477 108 17 betänkande
542 1476 37 17 N:o
591 1476 32 17 20.
