1064 1673
222 133 26 20 12
380 131 261 23 Motionsbetänkande
657 131 46 23 N:o
718 131 39 23 10.

192 194 76 21 vande
284 194 26 21 af
322 194 44 21 den
381 195 9 20 i
405 194 79 29 kungl.
501 194 195 22 cirkulärbrefvet
711 194 44 21 den
772 195 27 21 23
814 194 66 28 April
898 195 53 20 1773

192 228 66 28 gifna
281 228 148 22 föreskriften
452 228 36 22 för
503 229 149 21 ecklesiastik
668 229 139 28 tjensteman
823 231 40 25 att,
879 228 72 21 innan

192 262 90 21 embete
304 263 43 21 och
369 263 40 21 lön
432 263 137 26 tillträddes,
593 263 8 21 i
617 263 167 21 konsistorium
800 262 90 29 aflägga
906 264 45 19 tro-

193 296 42 21 och
251 297 117 21 huldhets-
385 300 60 18 samt
460 297 121 28 tjensteed,
598 297 43 21 och
657 297 77 21 denna
750 297 101 28 begäran
866 296 86 22 tillmö-

192 331 102 28 tesgicks
316 338 84 21 genom
423 331 125 21 cirkuläret
570 331 26 21 af
617 331 44 21 den
685 332 26 21 25
736 331 134 28 September
890 332 61 20 1874.

192 364 46 21 Vid
256 365 54 21 1875
326 366 36 20 års
377 365 94 29 riksdag
486 365 95 22 väcktes
597 365 50 21 åter
665 365 89 28 förslag
769 372 37 14 om
822 372 28 13 en
866 365 86 21 allmän

192 399 102 21 revision
310 399 26 21 af
348 399 108 28 gällande
471 399 146 22 föreskrifter
631 399 9 21 i
661 399 109 21 afseende
786 399 14 21 å
815 399 59 26 eder,
890 399 61 28 åsyf-

193 433 70 21 tande
294 441 28 13 en
348 434 171 28 inskränkning
543 434 8 21 i
577 433 65 22 deras
668 433 160 25 användande,
854 433 98 22 hvarvid

193 467 77 21 tillika
284 467 73 22 tillses
373 468 77 27 borde,
466 468 115 21 huruvida
597 467 19 29 ej
633 467 28 22 de
673 468 57 21 sista
739 467 213 22 bekräftelseorden

192 501 8 21 i
216 501 109 28 gällande
336 502 152 21 edsformulär
497 502 62 21 helst
569 502 77 21 kunde
661 502 95 21 alldeles
767 502 111 21 uteslutas
890 502 61 27 eller,

194 535 76 22 derest
286 536 86 21 sådana
390 537 98 28 ansågos
510 536 123 29 behöfliga,
651 537 26 21 de
693 536 78 21 kunde
786 536 120 21 förändras
921 537 31 27 på

193 572 47 19 sätt
264 571 54 22 1868
341 571 36 21 års
398 571 137 28 kyrkomöte
557 571 128 28 föreslagit.
716 570 135 29 Riksdagen
874 571 26 21 af
924 571 27 20 år

196 605 53 21 1876
266 605 54 21 aflät
335 606 49 21 åter
399 605 44 22 den
463 607 21 19 11
502 605 46 28 Maj
565 613 28 13 en
613 605 147 28 underdånig
778 605 120 21 skrifvelse
914 605 37 21 till

193 639 125 29 konungen
340 639 52 22 med
415 639 109 22 anhållan
547 647 37 14 om
601 647 28 14 en
645 639 86 22 allmän
747 639 101 22 revision
864 639 26 21 af
902 639 47 29 gäl-

193 673 69 22 lande
278 674 145 21 föreskrifter
437 675 8 21 i
460 674 109 22 afseende
584 675 13 20 å
613 674 61 27 eder,
690 674 123 28 åsyftande
829 674 121 21 inskränk-

193 708 58 28 ning
272 708 7 21 i
301 708 65 21 deras
385 708 160 27 användande,
561 708 43 22 och
619 708 83 22 trodde
717 708 135 28 Riksdagen
868 708 38 21 det
921 715 30 14 en

194 742 71 21 sådan
282 743 99 21 revision
398 743 74 21 skulle
488 742 151 29 ådagalägga,
656 745 46 25 ,att
721 742 4 21 i
741 743 85 28 många
836 742 114 22 förekom-

193 776 83 21 mande
297 776 42 22 fall
362 777 165 21 användandet
545 777 26 21 af
587 777 93 28 edgång
696 784 54 14 vore
766 776 126 28 obehöfligt
906 776 44 22 och

192 810 98 22 sålunda
305 810 111 22 innebure
432 814 33 18 ett
480 811 114 21 missbruk
610 810 26 22 af
649 811 65 25 eden,
730 810 90 22 hvilket
836 810 60 22 blott
905 810 46 22 för-

192 845 101 28 svagade
304 845 50 21 dess
365 845 71 28 helgd
447 845 42 22 och
501 845 159 22 motarbetade
674 845 52 22 dess
738 845 128 21 ändamål."
881 845 70 21 Riks-

193 878 76 29 dagen
285 879 138 29 ,,godkände
438 880 36 21 för
489 880 36 21 sin
533 880 38 21 del
579 880 45 21 den
639 879 191 30 uppfattningen,
846 881 35 20 att
891 887 58 13 sam-

191 913 74 21 hället
287 913 70 22 borde
380 914 49 21 läta
444 914 36 29 sig
498 914 127 29 angeläget
639 921 57 14 vara
712 916 35 19 att
762 913 51 22 icke
828 914 77 28 nägon
920 913 30 22 ed

191 947 134 28 bibehölles,
347 948 96 21 hvilken
464 951 56 18 utan
541 949 51 20 fara
614 948 78 21 kunde
713 948 136 21 undvaras.*
879 947 71 22 Revi-

192 981 146 29 sionsfrägan
368 982 93 21 förevar
486 983 60 28 änyo
571 983 40 20 vid
637 983 56 22 1878
719 983 36 20 ärs
780 982 95 28 riksdag
890 984 60 19 samt

192 1017 55 20 1878
278 1017 36 20 års
350 1016 143 28 kyrkomöte.
533 1017 12 20 I
573 1016 59 29 följd
662 1016 70 21 häraf
758 1015 135 22 utfärdades
920 1023 29 14 en

190 1049 99 30 kunglig
314 1051 139 28 kungörelse
479 1051 26 21 af
527 1051 44 20 den
597 1052 27 20 25
651 1051 103 21 Oktober
780 1051 54 20 1878
851 1057 37 14 om
902 1049 47 22 för-

190 1084 103 21 ändrade
328 1084 151 22 —edsformulär
512 1084 37 22 för
580 1085 162 21 ecklesiastike
776 1084 98 21 embets-
906 1084 44 21 och

189 1117 148 29 tjenstemän,
354 1118 43 22 och
413 1126 29 14 en
454 1119 170 28 inskränkning
639 1119 26 21 af
678 1119 162 28 förpligtelsen
855 1118 36 21 till
909 1118 41 21 eds

190 1152 138 29 afläggande
343 1153 94 28 gjordes
453 1153 36 21 för
504 1153 68 21 civile
588 1153 97 21 embets-
701 1153 43 22 och
757 1153 139 27 tjenstemän
911 1160 39 21 ge-

188 1193 54 14 nom
259 1187 156 28 kungörelsen
431 1187 26 21 af
470 1187 44 21 den
532 1189 25 20 13
572 1187 128 22 December
718 1188 60 21 1878.
802 1188 50 20 Den
868 1188 12 20 2
891 1187 58 21 Juni

190 1222 54 21 1883
261 1221 133 22 förklarade
410 1222 125 28 riksdagen
551 1222 36 28 sig
602 1222 59 28 hysa
677 1222 45 22 den
738 1222 67 28 äsigt,
822 1224 34 19 att
869 1229 28 13 en
912 1224 37 26 yt-

188 1255 110 29 terligare
312 1256 171 28 inskränkning
499 1256 27 21 af
539 1256 70 21 edens
631 1256 154 22 användande
802 1256 68 21 äfven
885 1256 63 20 inom

188 1289 73 21 andra
280 1290 109 21 omräden
409 1292 57 19 utan
485 1290 50 22 fara
550 1290 78 21 kunde
644 1298 43 21 ega
702 1298 58 19 rum,
776 1292 60 19 samt
851 1292 35 19 att
899 1289 50 21 eds-

186 1322 83 29 frägan
294 1324 43 21 oeh
360 1324 45 21 den
428 1324 27 21 af
475 1326 54 20 1876
553 1324 36 21 ärs
604 1324 96 28 riksdag
715 1324 102 28 begärda
832 1324 117 21 allmänna

186 1357 134 22 revisionen
335 1358 39 21 väl
389 1365 55 15 vore
459 1358 98 28 förtjent
572 1358 25 22 af
610 1360 35 20 att
660 1362 64 18 ännu
740 1366 29 13 en
784 1358 63 28 gäng
855 1358 94 21 komma

186 1391 75 21 under
276 1392 118 28 pröfning.
420 1392 49 22 Och
478 1392 126 28 riksdagen
617 1392 73 29 ansäg
701 1392 37 28 sig
751 1392 57 22 böra
818 1392 129 26 framhälla,

185 1424 119 26 hurusom,
320 1426 8 20 i
343 1425 59 29 följd
418 1426 26 21 af
457 1426 44 21 den
517 1426 36 21 för
575 1426 101 29 mängen
692 1425 166 29 motbjudande
873 1426 76 28 lydel-

256 1466 130 22 Lagutskottets
396 1466 110 17 betänkande
514 1466 36 18 N:o
559 1466 32 17 20.
