1064 1675
278 145 263 24 Motionsbetänkande
555 145 47 23 N:e
617 145 23 23 3.
798 145 12 19 7

85 208 36 22 till
144 208 51 28 tals,
217 211 25 18 är
264 208 80 28 sådan,
366 210 36 19 att
424 207 44 22 den
483 208 8 21 i
506 207 116 29 praktiskt
643 206 131 23 hänseende
794 206 46 22 kan

85 242 104 22 medföra
211 242 43 22 och
277 242 69 22 äfven
369 242 109 22 stundom
500 242 100 21 medfört
621 241 106 29 verkliga
749 241 91 29 olägen-

86 276 71 22 heter.
187 277 10 21 I
219 276 58 28 följd
300 276 26 21 af
346 276 114 21 särskilda
477 276 71 21 andra
564 275 198 29 omständigheter
776 275 65 22 torde

87 311 59 22 dock
162 310 75 22 denna
252 310 58 22 brist
325 310 51 22 icke
392 317 44 22 ega
450 310 45 22 den
510 312 62 20 stora
587 309 126 29 betydelse,
728 317 49 14 som
788 309 54 22 den-

88 352 87 15 samma
187 344 26 22 af
221 345 144 21 motionären
376 345 117 21 tillmätes.
516 345 51 21 Den
580 344 109 26 kontroll,
702 351 49 14 som
761 343 81 22 klassi-

88 379 97 22 ficerade
201 379 78 29 fartyg
294 383 39 18 äro
345 379 171 22 underkastade
528 381 60 19 samt
602 379 56 21 våra
667 378 121 22 inhemskä
800 378 42 29 sjö-

89 413 247 29 assuransföreningar,
357 413 100 22 likasom
472 413 108 29 samtliga
595 413 75 29 öfriga
685 413 43 21 här
742 413 8 21 i
765 412 79 22 landet

89 448 144 22 verksamma
254 448 221 29 försäkringsbolag,
497 447 82 22 utöfva
601 447 65 22 öfver
688 447 28 22 de
736 447 41 22 hos
792 447 52 21 dem

89 483 134 21 försäkrade
245 482 85 29 fartyg,
352 482 66 22 torde
432 482 9 21 i
456 482 108 29 förening
584 482 52 21 med
658 481 45 22 den
720 481 125 29 utredning

91 525 37 14 om
151 520 34 19 ett
204 517 89 29 fartygs
309 517 138 29 sjömässiga
462 517 72 27 skick,
549 517 96 21 hvilken
659 516 40 22 vid
714 516 132 29 försäkring

92 552 25 22 af
137 552 51 22 dess
210 551 45 22 last
269 551 8 22 i
292 551 80 29 regeln
396 551 120 29 erfordras,
539 554 83 26 utgöra
645 558 28 15 en
691 551 88 29 ganska
794 551 52 21 full-

92 586 93 29 ständig
207 586 90 29 garanti
319 586 37 21 för
378 586 120 28 fartygens
521 585 163 30 sjöduglighet,
708 586 138 21 åtminstone

92 620 62 23 hvad
169 620 28 22 de
213 622 78 26 större,
306 621 32 38 på
352 620 80 39 längre
448 628 62 14 resor
525 620 95 29 gående,
636 620 149 22 vidkommer.
806 614 41 27 Äf-

93 662 44 15 ven
160 654 73 30 gäller
254 654 64 22 detta
333 655 8 21 i
355 654 47 22 viss
417 655 54 21 mån
486 654 28 22 de
530 654 95 28 mindre,
642 654 81 22 endast
737 654 36 22 för
788 661 59 15 som-

94 697 112 14 marresor
227 689 96 22 afsedda
345 689 115 29 fartygen,
479 689 143 22 beträffande
636 689 80 21 hvilka
731 689 115 21 dessutom

95 728 25 18 är
141 726 34 20 att
197 724 86 27 märka,
305 726 35 19 att
355 724 169 28 jämförelsevis
539 724 116 28 betydligt
669 724 65 28 lägre
749 724 99 28 anspråk

95 758 78 22 kunna
195 758 79 22 ställas
297 759 31 28 på
350 758 66 22 dessa
431 758 139 22 sistnämdas
586 758 139 28 utrustning.
754 758 47 22 För
816 758 32 21 öf-

96 793 47 29 rigt
165 800 66 14 anser
251 792 128 28 Utskottet,
401 793 4 21 i
421 795 95 19 motsats
532 795 48 19 mot
595 793 149 26 motionären,
761 794 35 20 att
810 792 40 22 det

96 828 9 21 i
120 828 27 21 50
163 828 12 28 &
191 827 26 22 af
229 827 104 29 sjölagen
353 827 85 22 nämda
453 827 135 28 åliggandet
603 827 36 22 för
654 826 196 30 skeppsbefälhaf-

97 869 55 15 vare
174 863 35 20 att
228 861 71 22 hafva
322 868 92 22 omsorg
436 869 37 14 om
491 861 90 29 fartygs
596 861 134 29 utrustning
744 861 106 29 tydligen

98 896 83 21 hänför
203 896 36 29 sig
259 895 52 22 icke
333 895 90 23 mindre
446 895 36 22 till
498 895 112 30 fartygets
625 895 143 23 försättande
783 896 9 21 i
806 895 45 29 sjö-

99 931 96 28 mässigt
217 930 71 27 skick,
312 933 30 18 än
364 930 37 21 till
423 929 52 23 dess
497 930 121 22 förseende
635 930 52 22 med
702 930 150 28 erforderliga

99 964 185 23 förnödenheter.

167 999 55 22 Men
243 1006 37 15 om
301 999 70 22 också
386 999 40 21 det
440 999 201 22 missförhållande
656 999 144 22 motionären
814 1002 38 19 ön-

101 1033 54 22 skar
176 1033 107 29 afhjälpa
305 1033 51 21 icke
372 1036 25 18 är
412 1033 25 21 så
453 1033 109 22 skriande
578 1033 55 22 eller
648 1033 50 22 dess
714 1033 141 29 verkningar

102 1068 25 21 så
142 1067 168 27 allvarsamma,
326 1074 48 15 som
390 1075 54 14 man
459 1068 27 21 af
498 1067 201 30 framställningen
714 1068 8 21 i
737 1068 118 21 motionen

103 1101 76 23 kunde
201 1101 132 23 föranledas
355 1103 35 20 att
408 1104 42 24 tro,
466 1101 46 23 kan
528 1102 39 22 det
582 1102 135 26 emellertid,
733 1103 74 21 såsom
822 1109 34 15 re-

104 1136 45 22 dan
171 1136 102 29 antydts,
296 1136 20 29 ej
340 1136 120 28 bestridas,
481 1138 35 20 att
529 1136 9 22 i
552 1136 84 30 själfva
650 1137 81 22 verket
746 1144 29 14 en
789 1137 69 21 lucka

103 1170 123 22 förefinnes
241 1170 9 22 i
265 1170 179 29 lagstiftningen
468 1178 83 21 genom
574 1171 117 22 saknaden
712 1171 26 22 af
751 1171 107 29 stadgan-

105 1205 51 25 den,
172 1204 88 29 egnade
275 1207 35 19 att
324 1204 118 22 verksamt
454 1204 128 30 förebygga
594 1205 110 29 odugliga
717 1206 89 28 fartygs
820 1213 38 14 an-

105 1239 122 22 vändande
242 1239 39 21 vid
297 1239 89 29 sjöfart.

173 1273 84 22 Likväl
280 1280 67 15 anser
368 1273 122 22 Utskottet
511 1276 35 19 att
560 1274 156 21 motionärens
731 1274 79 22 försök
826 1276 34 20 att

106 1308 58 28 fylla
179 1308 76 21 denna
269 1308 69 21 lucka
352 1308 52 21 icke
418 1307 90 22 utfallit
522 1308 100 28 lyckligt
658 1308 43 22 Om
716 1316 29 14 en
760 1308 100 29 lagstift-

107 1342 152 29 ningsåtgärd
280 1342 9 22 i
310 1342 152 22 förevarande
484 1342 62 28 syfte
564 1342 220 30 öfverhufvudtaget
798 1350 62 20 vore,

108 1376 51 22 med
174 1376 91 28 hänsyn
280 1376 36 21 till
332 1376 94 29 frågans
441 1376 160 21 beskaffenhet
616 1376 42 21 och
674 1376 101 29 omfång,
786 1377 76 28 egnad

109 1413 34 19 att
165 1417 82 22 genom
270 1417 28 14 en
321 1410 88 22 motion
428 1410 174 29 åvägabringas,
618 1411 74 21 skulle
708 1411 154 24 densamma
849 1406 17 37 i

109 1445 46 21 alla
169 1444 42 22 fall
225 1444 124 22 förutsätta
365 1452 29 13 en
409 1444 171 29 mängsidigare
594 1445 174 28 undersökning
782 1445 26 22 af
816 1449 46 17 äm-

179 1483 129 23 Lagutskottets
321 1484 110 18 betänkande
443 1484 37 17 N:o
494 1485 16 16 9.
