1073 1670
249 140 29 22 42
426 140 245 22 Petitionsbetänkande
686 140 36 22 N:o
739 139 36 23 20.

222 210 55 21 blott
291 210 7 20 i
314 210 42 21 den
372 209 51 22 mån
438 210 160 22 kommunerna
612 210 77 21 därom
705 210 94 26 anhålla,
815 210 18 27 ej
850 210 93 22 innebär
956 216 26 16 en

223 250 46 16 mer
292 244 129 28 vidtgående
443 244 80 22 reform
547 244 23 22 af
583 244 65 21 dessa
663 244 74 22 skolor
753 246 29 19 än
798 246 31 19 att
844 244 102 22 behofvet
962 244 23 21 af

223 278 234 28 fortsättningsklasser
472 278 33 22 för
521 279 108 21 eventuelt
643 278 164 22 tillkommande
818 279 164 21 mellanskolors

223 313 72 22 elever
316 313 33 21 för
370 313 65 27 långa
457 313 56 21 tider
536 313 79 21 framåt
637 313 72 21 kunde
729 313 64 27 fyllas
808 313 24 21 af
845 314 26 21 de
886 314 38 21 två
940 320 42 22 nya

222 348 118 27 reallyceer
361 348 50 21 med
428 348 33 21 för
477 348 59 21 detta
551 347 67 23 behof
631 348 87 27 lämpad
735 348 156 27 organisation,
910 348 72 22 hvilka

222 383 75 21 såsom
319 382 65 22 ofvan
407 384 72 20 nämts
501 382 63 22 träda
587 383 6 20 i
613 382 142 22 värksamhet
775 382 41 22 den
832 383 11 21 1
860 383 122 27 september

223 417 60 20 detta
305 417 29 24 år,
357 417 42 21 och
422 417 40 21 har
483 417 106 21 utskottet
607 416 57 28 förty
679 417 18 27 ej
714 417 59 21 velat
789 417 34 20 vid
839 417 48 21 sina
902 417 80 27 förslag

223 457 39 16 ens
277 451 7 20 i
300 451 41 22 den
356 451 96 28 ringaste
468 452 52 21 mån
535 451 114 28 förknippa
665 457 27 16 en
709 451 119 27 omdaning
841 451 33 22 för
884 451 36 22 det
931 453 51 20 när-

222 486 96 21 varande
333 485 24 22 af
370 486 84 22 landets
469 487 77 26 lyceer.

292 520 30 21 På
345 521 69 26 grund
437 521 23 21 af
478 521 36 21 det
533 520 66 22 ofvan
614 521 91 21 anförda
721 520 34 21 får
771 520 103 22 utskottet
890 520 91 21 sålunda

222 554 113 22 vördsamt
355 554 84 26 föreslå,
457 557 31 19 att
502 555 85 21 landets
603 555 116 28 höglofliga
735 554 94 22 Ständer
844 555 6 20 i
866 554 115 28 anledning

223 588 24 22 af
259 589 212 27 petitionsförslagen
486 596 36 15 om
537 590 175 27 reorganisation
728 590 43 21 och
786 589 126 27 utvidgning
923 588 23 22 af
955 589 26 21 de

222 624 48 20 två-
293 624 42 21 och
357 624 128 28 treklassiga
504 624 221 22 elementarskolorna
741 624 50 22 ville
806 624 75 22 förena
897 624 32 27 sig
945 630 36 16 om

223 664 27 15 en
265 658 136 28 underdånig
416 659 91 27 petition
523 659 83 26 därom,

498 718 30 19 att
543 715 106 29 Styrelsen
663 717 63 20 måtte
743 717 51 26 taga
807 716 69 21 wnder
886 716 95 27 ompröf-

429 750 59 28 ning,
509 750 107 21 huruvida
631 751 37 21 och
679 751 32 27 på
726 750 74 21 hvilka
814 750 69 22 vilkor
897 751 25 21 de
938 752 42 20 två-

429 785 38 21 och
488 785 125 28 treklassiga
637 785 245 25 elementarlärovärken,
894 785 42 27 för
950 788 31 18 att

429 820 9 21 i
453 820 63 27 högre
529 820 57 27 grad
601 822 29 18 än
645 820 77 21 hittills
737 820 74 20 kunna
820 820 61 27 fylla
892 820 34 20 det
935 820 46 20 med

430 854 44 21 dem
489 854 94 27 afsedda
597 854 66 28 syftet
678 857 31 18 att
719 853 119 28 förbereda
848 853 85 28 jämväl
948 854 34 21 till

429 889 85 20 inträde
537 889 30 27 pä
589 889 114 27 praktiska
728 888 160 27 lefnadsbanor,
912 889 70 20 kunde

429 923 101 20 ombildas
552 923 37 21 och
611 923 99 28 utvidgas
732 923 35 21 till
781 923 131 27 förslagsvis
923 923 57 27 fem-

429 957 95 27 klassiga
535 957 147 22 mellanskolor
700 957 46 21 med
761 957 117 27 afslutade,
895 958 85 20 elemen-

429 991 117 26 tarkurser,
562 992 8 20 i
585 992 71 20 hvilka
672 999 31 13 om
717 992 153 20 vederbörande
883 992 98 20 kommun

429 1026 74 21 därom
518 1026 97 21 anhäller
631 1026 65 28 äfven
706 1026 83 27 flickor
799 1026 61 28 finge
874 1026 96 28 intagas;

291 1082 113 23 äfvensom
427 1086 32 19 att
481 1084 122 22 Ständerna
622 1085 6 21 i
647 1085 118 27 anledning
785 1084 23 22 af
820 1084 108 28 förslagen
944 1091 36 15 om

221 1117 124 22 inrättande
367 1118 24 21 af
412 1125 43 21 nya
477 1119 74 21 skolor
572 1119 7 21 i
603 1118 172 28 Gamlakarleby,
792 1119 98 26 Nurmes,
907 1119 73 21 Lahtis

221 1151 42 21 och
278 1152 169 22 Fredrikshamn
462 1153 48 22 ville
529 1154 3 20 i
548 1154 173 27 underdänighet
737 1154 94 26 anhälla,

496 1206 32 20 att
543 1204 106 28 Styrelsen
664 1206 9 19 i
687 1204 157 28 sammanhang
855 1205 46 20 med
911 1206 68 26 sagda

425 1239 107 28 pröfning
551 1240 86 26 jämväl
659 1242 44 25 toge
718 1240 8 19 i
741 1239 159 27 öfvervägande
914 1240 66 20 huru-

427 1273 49 21 vida
492 1273 147 21 mellanskolor
661 1274 30 27 af
710 1273 83 28 antydd
813 1275 35 18 art
859 1274 31 26 pä
904 1273 74 27 vilkor,

429 1314 44 14 som
494 1307 107 28 Styrelsen
623 1307 42 21 kan
679 1308 66 26 finna
765 1307 80 28 skäligt
856 1308 122 27 fastställa,

427 1341 70 21 kunde
510 1342 137 27 organiseras
662 1343 66 26 äfven
744 1343 13 20 å
769 1345 61 23 orter,
842 1342 42 21 där
894 1343 85 20 elemen-

426 1376 94 21 tarskola
535 1377 45 20 icke
595 1379 26 18 är
631 1377 102 28 förlagd.

287 1483 100 18 Allmänna
399 1484 173 18 Besvärsutskottets
583 1484 109 18 betänkande
705 1485 33 18 N:o
752 1486 29 16 21.
