1067 1675
312 121 253 23 Motionsbetänkande
580 122 43 22 N:o
645 122 20 21 6.
807 124 25 18 25

464 190 9 21 8
490 188 18 20 2.

176 248 95 22 Rättighet
286 250 28 15 att
328 248 6 17 i
349 248 40 17 stad
405 250 50 16 utom
471 249 82 22 bryggeri
565 249 28 17 till
602 248 115 23 afhämtning
727 249 74 23 försälja
812 249 51 17 malt-

108 277 76 22 drycker
205 277 33 22 får,
261 276 46 18 efter
327 277 60 17 därtill
407 277 5 17 i
428 277 126 17 nedannämda
569 278 78 22 ordning
662 278 99 17 utvärkadt
776 277 87 20 tillstånd,

108 306 70 16 utöfvas
201 306 19 16 af
240 311 22 11 en
282 306 50 20 hvar,
351 311 38 12 som
405 306 24 22 pä
443 306 58 22 grund
517 306 20 17 af
549 305 20 22 $$
587 304 11 19 2
615 306 32 18 och
665 305 10 19 3
693 306 4 17 i
714 306 65 22 nädiga
794 306 68 17 förord-

108 335 67 21 ningen
196 340 28 12 om
240 334 108 22 näringarne
363 334 20 17 af
396 334 34 18 den
447 334 23 18 31
490 341 47 11 mars
556 334 59 22 1879,
631 336 136 22 sistäberopade
783 334 10 22 $
808 335 56 17 sädan

108 364 104 16 densamma
234 363 51 23 lyder
307 364 5 16 i
336 363 65 22 nädiga
421 363 128 23 förordningen
565 364 20 16 af
598 364 34 17 den
653 362 22 19 17
692 364 95 17 december
805 362 58 22 1888,

109 394 20 15 är
144 392 75 22 behörig
234 394 27 15 att
277 392 71 17 anmäla
363 392 27 22 sig
406 392 27 17 till
449 392 78 18 idkande
543 392 19 17 af
575 392 73 18 handel.

178 420 82 23 Skriftlig
275 421 80 17 ansökan
371 426 28 12 om
415 420 209 24 försäljningsrättighet,
641 427 38 12 som
695 422 5 16 i
715 421 60 17 denna
791 420 8 22 $
815 422 49 16 näm-

109 455 37 15 nes,
166 450 57 22 jämte
246 449 71 23 uppgift
333 450 10 16 &
363 450 66 20 stället,
445 450 33 17 där
493 450 130 22 försäljningen
640 450 71 18 komme
725 453 28 14 att
767 452 34 20 äga
816 456 46 14 rum,

109 478 33 18 och
162 479 51 22 intyg
228 484 28 12 om
272 478 36 22 god
323 478 46 23 fräjd
385 478 88 18 inlämnas
489 479 27 17 till
532 479 125 22 magistraten,
673 484 37 12 som
727 480 42 21 äger
784 478 80 18 inhämta

109 507 172 22 stadsfullmäktiges
297 507 44 17 eller
357 507 152 17 rädhusstämmas
524 508 85 22 yttrande
625 508 51 16 öfver
692 508 123 22 ansökningen
831 507 33 17 och

110 537 109 21 densamma,
236 536 45 17 efter
297 536 89 23 pröfning,
403 536 62 17 bifalla
479 537 44 17 eller
539 536 50 18 afslä.

178 565 58 18 Göres
251 565 122 22 ansökningen
390 565 19 17 af
422 566 59 22 bolag,
498 567 33 16 bör
545 566 59 17 tillika
615 565 34 17 den
661 571 72 16 person,
745 571 38 12 som
793 565 71 17 komme

110 597 27 14 att
152 595 80 16 rörelsen
247 593 72 22 förestä,
336 595 75 16 nämnas
425 594 33 17 och
475 595 68 17 dennes
559 595 46 22 goda
621 594 46 22 fräjd
677 594 98 23 behörigen
787 594 76 22 styrkas.

178 623 60 17 Sådan
260 623 205 22 försäljningsrättighet
480 623 92 18 meddelas
587 623 27 17 för
630 623 53 22 högst
698 623 31 16 två
744 623 20 17 är
779 623 6 16 i
800 623 65 16 sender

110 651 33 18 och
159 651 27 17 fär
201 651 71 17 utöfvas
288 651 65 17 endast
367 652 6 16 i
389 653 59 21 öppen
464 652 36 17 bod
516 652 30 17 vid
562 655 47 19 gata,
626 654 41 19 torg
682 652 44 17 eller
741 652 67 17 allmän
824 653 40 20 väg,

110 680 41 17 med
173 680 68 22 utgång
263 680 67 22 därtill,
350 680 57 17 under
427 681 70 16 hvilket
512 681 87 17 förbehåll
615 681 108 20 handlande,
739 686 38 11 som
793 680 72 17 erhållit

110 709 88 22 rättighet
220 711 28 14 att
266 709 28 16 till
314 709 114 22 afhämtning
444 709 72 23 försälja
532 709 127 23 maltdrycker,
675 709 15 22 ej
707 715 42 11 vare
765 709 101 17 förmenadt

111 740 27 15 att
160 738 99 17 värkställa
277 737 34 18 slik
331 737 108 23 försäljning
453 739 6 16 i
475 744 68 12 samma
558 739 54 19 lokal,
629 738 33 17 där
677 738 66 17 handel
757 738 52 17 idkas
825 737 40 17 med

111 768 56 15 annat
182 767 23 16 än
220 767 128 22 spritdrycker.

179 795 49 17 Utan
244 795 127 22 magistratens
387 795 83 18 tillstånd
486 796 29 17 må
530 796 39 17 icke
585 796 169 22 försäljningsställe
770 795 61 23 flyttas
842 795 24 16 el-

110 825 27 16 ler
152 830 59 11 annan
227 823 123 18 föreståndare
366 826 81 20 antagas.

459 893 9 21 $
486 892 32 19 14.

179 950 10 18 I
211 952 99 17 allmänhet
332 952 29 16 må
380 952 107 22 försäljning
507 952 19 16 af
539 952 17 16 öl
572 952 45 16 eller
632 955 62 19 porter
709 951 27 17 till
752 950 114 22 afhämtning

112 981 46 16 samt
180 980 125 22 utskänkning
323 980 20 17 af
355 980 52 17 dessa
423 980 76 23 drycker
514 980 79 22 försiggå
608 980 65 25 endast
688 980 39 17 från
742 977 78 19 klockan
836 984 30 11 sex

112 1015 28 11 om
164 1014 98 17 morgonen
286 1009 28 17 till
335 1010 76 16 klockan
427 1010 30 16 nio
473 1015 28 11 om
517 1009 81 21 aftonen,
615 1014 39 12 men
670 1009 39 17 icke
724 1008 39 17 från
777 1008 89 21 sistsagde

111 1038 94 22 klockslag
220 1038 58 22 dagen
293 1038 38 17 före
347 1039 40 16 sön-
403 1038 44 17 eller
463 1038 88 22 helgedag
565 1038 28 16 till
609 1038 77 16 klockan
702 1043 30 11 sex
742 1036 124 22 förmiddagen

111 1066 57 18 första
190 1066 56 23 därpå
268 1066 79 23 följande
369 1067 109 21 söcknedag.
509 1066 34 18 Om
566 1066 27 18 tid
612 1066 23 17 då
650 1066 123 22 utskänkning
789 1065 29 17 må
834 1066 33 20 äga

112 1102 39 10 rum
173 1095 11 17 &
206 1095 83 21 hoteller,
312 1096 111 16 konditorier
444 1095 33 17 och
493 1096 56 16 andra
564 1095 141 22 näringsställen
721 1095 5 17 i
741 1094 41 18 stad
795 1094 33 17 och
844 1094 23 21 på

112 1125 68 20 landet,
196 1124 32 17 där
244 1125 155 17 värdshusrörelse
415 1125 58 21 idkas,
490 1125 47 22 gälle
554 1124 47 17 hvad
617 1124 62 17 därom
695 1125 19 16 är
729 1124 44 17 eller
790 1123 76 17 framde-

112 1154 26 17 les
160 1153 36 17 kan
215 1153 56 18 varda
285 1153 112 18 förordnadt.
427 1147 17 23 Ä
460 1153 125 22 gästgifverier
600 1153 29 17 mä
645 1153 123 22 utskänkning
783 1152 20 17 af
816 1151 52 17 malt-

112 1182 76 23 drycker
204 1181 18 18 ät
237 1183 77 16 resande
329 1184 34 20 äga
377 1188 38 11 rum
432 1182 36 17 alla
483 1182 48 17 tider
545 1182 24 22 pä
584 1182 74 22 dygnet.

460 1250 9 21 8
488 1249 32 19 18.

181 1309 46 20 Den,
243 1314 39 12 som
297 1309 82 22 försäljer
395 1309 44 16 eller
454 1308 99 17 utskänker
567 1307 107 23 maltdryck,
690 1309 42 15 utan
748 1308 33 19 att,
798 1306 24 23 pä
832 1307 36 16 sätt

112 1337 54 18 ofvan
189 1337 86 22 stadgats,
299 1343 43 11 vara
361 1337 61 17 därtill
443 1337 110 22 berättigad,
568 1337 45 17 eller
629 1337 29 16 vid
673 1336 66 17 handel
754 1335 55 22 säljer
824 1335 44 16 eller

112 1366 91 17 utlämnar
225 1366 70 17 mindre
317 1367 23 16 än
363 1366 28 17 till
412 1365 109 23 försäljning
539 1365 99 22 medgifvet
653 1365 66 17 minsta
735 1365 72 22 belopp,
824 1363 44 17 eller

112 1397 38 15 mot
170 1395 110 22 stadgandet
295 1395 5 16 i
316 1394 9 21 $
341 1393 12 19 9
369 1394 46 17 läter
431 1395 32 16 det
477 1395 57 22 köpta
549 1394 10 17 &
574 1394 61 17 stället
650 1393 84 22 förtäras,
750 1393 45 17 eller
810 1392 58 17 öfver-

181 1437 187 18 Ekonomiutskottets
381 1437 119 18 betänkande
511 1437 36 18 N:o
559 1437 16 18 5.
