1067 1678
240 166 12 20 6
356 167 84 22 Ständ.
458 167 56 24 Mot.
534 181 25 2 —
575 169 154 23 Motionsbet.
745 169 45 23 N:o
804 170 24 22 4.

484 230 19 28 o)
527 231 123 28 föreskrift
673 232 137 28 beträffande
832 232 58 28 jagt,
910 231 58 28 fiske

415 265 52 21 eller
481 265 154 29 kräftfångst;

485 299 22 28 d)
525 300 301 29 näringsförfattningarna;
840 300 40 22 och

484 334 18 27 e)
521 334 153 28 legostadgan;

485 368 55 21 dock
555 371 38 23 att,
610 369 38 21 der
659 369 43 28 för
717 376 30 14 nu
763 368 97 22 nämnda
874 368 94 29 förbry-

417 403 64 21 telser
489 403 75 27 finnes
579 406 68 18 utsatt
661 406 115 26 strängare
786 403 70 28 straff
863 405 29 19 än
903 403 64 25 böter,

416 437 45 21 mål
476 444 34 14 om
525 438 83 21 sådant
623 438 55 21 brott
693 438 22 28 ej
729 438 36 21 må
779 438 31 28 af
826 438 142 27 afdelningen

411 471 44 28 för
470 472 85 21 mindre
570 473 45 21 mål
630 475 119 26 upptagas;
764 475 56 19 samt

485 506 22 28 3)
526 507 49 21 tvist
597 508 80 20 mellan
699 506 109 22 husbonde
829 506 39 22 och
883 506 84 28 tjenste-

417 540 52 28 hjon
484 542 9 20 i
508 542 120 28 anledning
644 542 31 28 af
686 541 206 29 legoförhållandet.

668 606 13 20 3
696 589 23 49 $.

486 667 82 22 Finnes
583 668 96 21 särskild
694 668 117 27 afdelning
822 667 8 21 i
840 667 128 28 rädstufvu-

417 703 45 19 rätt
476 701 100 22 inrättad
587 702 45 27 för
642 702 85 21 mindre
737 702 50 27 mål,
797 709 35 21 ege
843 701 125 22 densamma

417 735 40 22 ock
477 738 97 26 upptaga
593 736 38 21 och
649 737 80 27 afgöra
744 737 45 20 mål
803 736 111 28 angående
932 736 36 21 så-

418 770 61 21 dana
498 771 171 27 öfverträdelser
690 771 39 21 och
747 771 125 27 förseelser,
895 770 73 21 hvilka

417 804 78 21 hittills
511 804 117 29 handlagts
643 805 31 28 af
683 804 175 29 poliskammare.

281 890 102 22 Finlands
399 890 89 23 Ständer
502 891 120 21 framhärda
637 892 38 20 etc.

282 947 141 29 Helsingfors,
439 948 40 21 den
496 948 27 21 28
538 947 42 28 Maj
598 948 60 21 1891.

385 1478 100 18 Helsingfors,
495 1478 94 18 Helsingfors
598 1478 149 18 Central-Tryckeri,
757 1479 38 14 1891.
