<?xml version="1.0" encoding="UTF-8"?>
<alto xmlns="http://www.loc.gov/standards/alto/ns-v3#" xmlns:xlink="http://www.w3.org/1999/xlink" xmlns:xsi="http://www.w3.org/2001/XMLSchema-instance" xsi:schemaLocation="http://www.loc.gov/standards/alto/ns-v3# http://www.loc.gov/alto/v3/alto-3-0.xsd">
	<Description>
		<MeasurementUnit>pixel</MeasurementUnit>
		<sourceImageInformation>
			<fileName>/tmp/tess_3toptqg8_input.PNG</fileName>
		</sourceImageInformation>
		<OCRProcessing ID="OCR_0">
			<ocrProcessingStep>
				<processingSoftware>
					<softwareName>tesseract 5.3.4</softwareName>
				</processingSoftware>
			</ocrProcessingStep>
		</OCRProcessing>
	</Description>
	<Layout>
		<Page WIDTH="1070" HEIGHT="1664" PHYSICAL_IMG_NR="0" ID="page_0">
			<PrintSpace HPOS="0" VPOS="0" WIDTH="1070" HEIGHT="1664">
				<ComposedBlock ID="cblock_0" HPOS="266" VPOS="133" WIDTH="376" HEIGHT="23">
					<TextBlock ID="block_0" HPOS="266" VPOS="133" WIDTH="376" HEIGHT="23">
						<TextLine ID="line_0" HPOS="266" VPOS="133" WIDTH="376" HEIGHT="23">
							<String ID="string_0" HPOS="266" VPOS="134" WIDTH="271" HEIGHT="22" WC="0.92" CONTENT="Petitionsbetänkande"/><SP WIDTH="16" VPOS="134" HPOS="537"/>
							<String ID="string_1" HPOS="553" VPOS="133" WIDTH="41" HEIGHT="22" WC="0.94" CONTENT="N:o"/><SP WIDTH="15" VPOS="133" HPOS="594"/>
							<String ID="string_2" HPOS="609" VPOS="133" WIDTH="33" HEIGHT="22" WC="0.96" CONTENT="19."/>
						</TextLine>
					</TextBlock>
				</ComposedBlock>
				<ComposedBlock ID="cblock_1" HPOS="287" VPOS="480" WIDTH="552" HEIGHT="191">
					<TextBlock ID="block_1" HPOS="287" VPOS="480" WIDTH="552" HEIGHT="191">
						<TextLine ID="line_1" HPOS="360" VPOS="480" WIDTH="477" HEIGHT="23">
							<String ID="string_3" HPOS="360" VPOS="480" WIDTH="136" HEIGHT="23" WC="0.93" CONTENT="Allmänna"/><SP WIDTH="23" VPOS="480" HPOS="496"/>
							<String ID="string_4" HPOS="519" VPOS="480" WIDTH="259" HEIGHT="23" WC="0.89" CONTENT="Besvärsutskottets"/><SP WIDTH="22" VPOS="480" HPOS="778"/>
							<String ID="string_5" HPOS="800" VPOS="480" WIDTH="37" HEIGHT="23" WC="0.89" CONTENT="be-"/>
						</TextLine>
						<TextLine ID="line_2" HPOS="287" VPOS="520" WIDTH="551" HEIGHT="31">
							<String ID="string_6" HPOS="287" VPOS="521" WIDTH="133" HEIGHT="22" WC="0.95" CONTENT="tänkande"/><SP WIDTH="17" VPOS="521" HPOS="420"/>
							<String ID="string_7" HPOS="437" VPOS="521" WIDTH="36" HEIGHT="23" WC="0.95" CONTENT="N:o"/><SP WIDTH="16" VPOS="521" HPOS="473"/>
							<String ID="string_8" HPOS="489" VPOS="520" WIDTH="22" HEIGHT="23" WC="0.96" CONTENT="15"/><SP WIDTH="16" VPOS="520" HPOS="511"/>
							<String ID="string_9" HPOS="527" VPOS="522" WIDTH="8" HEIGHT="21" WC="0.96" CONTENT="i"/><SP WIDTH="15" VPOS="522" HPOS="535"/>
							<String ID="string_10" HPOS="550" VPOS="521" WIDTH="118" HEIGHT="30" WC="0.96" CONTENT="anledning"/><SP WIDTH="14" VPOS="521" HPOS="668"/>
							<String ID="string_11" HPOS="682" VPOS="521" WIDTH="23" HEIGHT="22" WC="0.96" CONTENT="af"/><SP WIDTH="14" VPOS="521" HPOS="705"/>
							<String ID="string_12" HPOS="719" VPOS="522" WIDTH="32" HEIGHT="21" WC="0.96" CONTENT="ett"/><SP WIDTH="14" VPOS="522" HPOS="751"/>
							<String ID="string_13" HPOS="765" VPOS="522" WIDTH="8" HEIGHT="21" WC="0.93" CONTENT="i"/><SP WIDTH="15" VPOS="522" HPOS="773"/>
							<String ID="string_14" HPOS="788" VPOS="521" WIDTH="50" HEIGHT="22" WC="0.91" CONTENT="Rid-"/>
						</TextLine>
						<TextLine ID="line_3" HPOS="289" VPOS="562" WIDTH="549" HEIGHT="29">
							<String ID="string_15" HPOS="289" VPOS="562" WIDTH="117" HEIGHT="29" WC="0.90" CONTENT="derskapet"/><SP WIDTH="15" VPOS="562" HPOS="406"/>
							<String ID="string_16" HPOS="421" VPOS="562" WIDTH="39" HEIGHT="22" WC="0.93" CONTENT="och"/><SP WIDTH="15" VPOS="562" HPOS="460"/>
							<String ID="string_17" HPOS="475" VPOS="562" WIDTH="70" HEIGHT="22" WC="0.92" CONTENT="Adeln"/><SP WIDTH="15" VPOS="562" HPOS="545"/>
							<String ID="string_18" HPOS="560" VPOS="562" WIDTH="119" HEIGHT="22" WC="0.92" CONTENT="inlemnadt"/><SP WIDTH="14" VPOS="562" HPOS="679"/>
							<String ID="string_19" HPOS="693" VPOS="562" WIDTH="145" HEIGHT="29" WC="0.89" CONTENT="petitionsme-"/>
						</TextLine>
						<TextLine ID="line_4" HPOS="288" VPOS="603" WIDTH="551" HEIGHT="28">
							<String ID="string_20" HPOS="288" VPOS="603" WIDTH="77" HEIGHT="22" WC="0.91" CONTENT="morial"/><SP WIDTH="23" VPOS="603" HPOS="365"/>
							<String ID="string_21" HPOS="388" VPOS="609" WIDTH="33" HEIGHT="15" WC="0.96" CONTENT="om"/><SP WIDTH="22" VPOS="609" HPOS="421"/>
							<String ID="string_22" HPOS="443" VPOS="603" WIDTH="137" HEIGHT="22" WC="0.95" CONTENT="inrättandet"/><SP WIDTH="22" VPOS="603" HPOS="580"/>
							<String ID="string_23" HPOS="602" VPOS="603" WIDTH="24" HEIGHT="22" WC="0.96" CONTENT="af"/><SP WIDTH="19" VPOS="603" HPOS="626"/>
							<String ID="string_24" HPOS="645" VPOS="609" WIDTH="27" HEIGHT="16" WC="0.96" CONTENT="en"/><SP WIDTH="19" VPOS="609" HPOS="672"/>
							<String ID="string_25" HPOS="691" VPOS="603" WIDTH="148" HEIGHT="28" WC="0.96" CONTENT="Arkeologisk"/>
						</TextLine>
						<TextLine ID="line_5" HPOS="289" VPOS="643" WIDTH="62" HEIGHT="28">
							<String ID="string_26" HPOS="289" VPOS="643" WIDTH="62" HEIGHT="28" WC="0.96" CONTENT="Byrå."/>
						</TextLine>
					</TextBlock>
				</ComposedBlock>
				<ComposedBlock ID="cblock_2" HPOS="85" VPOS="718" WIDTH="755" HEIGHT="110">
					<TextBlock ID="block_2" HPOS="85" VPOS="718" WIDTH="755" HEIGHT="110">
						<TextLine ID="line_6" HPOS="153" VPOS="718" WIDTH="687" HEIGHT="29">
							<String ID="string_27" HPOS="153" VPOS="719" WIDTH="90" HEIGHT="21" WC="0.92" CONTENT="Genom"/><SP WIDTH="22" VPOS="719" HPOS="243"/>
							<String ID="string_28" HPOS="265" VPOS="718" WIDTH="217" HEIGHT="29" WC="0.89" CONTENT="protokollsutdrag"/><SP WIDTH="22" VPOS="718" HPOS="482"/>
							<String ID="string_29" HPOS="504" VPOS="719" WIDTH="27" HEIGHT="21" WC="0.96" CONTENT="af"/><SP WIDTH="18" VPOS="719" HPOS="531"/>
							<String ID="string_30" HPOS="549" VPOS="718" WIDTH="46" HEIGHT="22" WC="0.96" CONTENT="den"/><SP WIDTH="24" VPOS="718" HPOS="595"/>
							<String ID="string_31" HPOS="619" VPOS="719" WIDTH="27" HEIGHT="21" WC="0.96" CONTENT="10"/><SP WIDTH="22" VPOS="719" HPOS="646"/>
							<String ID="string_32" HPOS="668" VPOS="718" WIDTH="113" HEIGHT="22" WC="0.96" CONTENT="Februari"/><SP WIDTH="17" VPOS="718" HPOS="781"/>
							<String ID="string_33" HPOS="798" VPOS="718" WIDTH="42" HEIGHT="21" WC="0.96" CONTENT="har"/>
						</TextLine>
						<TextLine ID="line_7" HPOS="85" VPOS="758" WIDTH="755" HEIGHT="29">
							<String ID="string_34" HPOS="85" VPOS="759" WIDTH="125" HEIGHT="28" WC="0.90" CONTENT="höglofliga"/><SP WIDTH="10" VPOS="759" HPOS="210"/>
							<String ID="string_35" HPOS="220" VPOS="758" WIDTH="173" HEIGHT="29" WC="0.92" CONTENT="Ridderskapet"/><SP WIDTH="10" VPOS="758" HPOS="393"/>
							<String ID="string_36" HPOS="403" VPOS="758" WIDTH="45" HEIGHT="22" WC="0.93" CONTENT="och"/><SP WIDTH="9" VPOS="758" HPOS="448"/>
							<String ID="string_37" HPOS="457" VPOS="759" WIDTH="78" HEIGHT="21" WC="0.91" CONTENT="Adeln"/><SP WIDTH="11" VPOS="759" HPOS="535"/>
							<String ID="string_38" HPOS="546" VPOS="759" WIDTH="38" HEIGHT="21" WC="0.96" CONTENT="till"/><SP WIDTH="10" VPOS="759" HPOS="584"/>
							<String ID="string_39" HPOS="594" VPOS="758" WIDTH="126" HEIGHT="22" WC="0.93" CONTENT="Allmänna"/><SP WIDTH="10" VPOS="758" HPOS="720"/>
							<String ID="string_40" HPOS="730" VPOS="759" WIDTH="110" HEIGHT="21" WC="0.93" CONTENT="Besvärs-"/>
						</TextLine>
						<TextLine ID="line_8" HPOS="85" VPOS="798" WIDTH="755" HEIGHT="30">
							<String ID="string_41" HPOS="85" VPOS="799" WIDTH="127" HEIGHT="22" WC="0.96" CONTENT="utskottets"/><SP WIDTH="13" VPOS="799" HPOS="212"/>
							<String ID="string_42" HPOS="225" VPOS="798" WIDTH="145" HEIGHT="29" WC="0.95" CONTENT="behandling"/><SP WIDTH="7" VPOS="798" HPOS="370"/>
							<String ID="string_43" HPOS="377" VPOS="799" WIDTH="75" HEIGHT="28" WC="0.96" CONTENT="jämte"/><SP WIDTH="10" VPOS="799" HPOS="452"/>
							<String ID="string_44" HPOS="462" VPOS="799" WIDTH="118" HEIGHT="29" WC="0.96" CONTENT="protokoll"/><SP WIDTH="11" VPOS="799" HPOS="580"/>
							<String ID="string_45" HPOS="591" VPOS="799" WIDTH="67" HEIGHT="21" WC="0.96" CONTENT="öfver"/><SP WIDTH="10" VPOS="799" HPOS="658"/>
							<String ID="string_46" HPOS="668" VPOS="799" WIDTH="45" HEIGHT="21" WC="0.96" CONTENT="den"/><SP WIDTH="11" VPOS="799" HPOS="713"/>
							<String ID="string_47" HPOS="724" VPOS="799" WIDTH="40" HEIGHT="22" WC="0.93" CONTENT="vid"/><SP WIDTH="11" VPOS="799" HPOS="764"/>
							<String ID="string_48" HPOS="775" VPOS="802" WIDTH="65" HEIGHT="19" WC="0.92" CONTENT="ären-"/>
						</TextLine>
					</TextBlock>
				</ComposedBlock>
				<ComposedBlock ID="cblock_3" HPOS="86" VPOS="839" WIDTH="756" HEIGHT="70">
					<TextBlock ID="block_3" HPOS="86" VPOS="839" WIDTH="756" HEIGHT="70">
						<TextLine ID="line_9" HPOS="86" VPOS="839" WIDTH="756" HEIGHT="29">
							<String ID="string_49" HPOS="86" VPOS="839" WIDTH="51" HEIGHT="22" WC="0.96" CONTENT="dets"/><SP WIDTH="15" VPOS="839" HPOS="137"/>
							<String ID="string_50" HPOS="152" VPOS="840" WIDTH="81" HEIGHT="21" WC="0.92" CONTENT="remiss"/><SP WIDTH="16" VPOS="840" HPOS="233"/>
							<String ID="string_51" HPOS="249" VPOS="839" WIDTH="169" HEIGHT="29" WC="0.92" CONTENT="försiggångna"/><SP WIDTH="15" VPOS="839" HPOS="418"/>
							<String ID="string_52" HPOS="433" VPOS="839" WIDTH="171" HEIGHT="27" WC="0.93" CONTENT="diskussionen,"/><SP WIDTH="16" VPOS="839" HPOS="604"/>
							<String ID="string_53" HPOS="620" VPOS="839" WIDTH="133" HEIGHT="29" WC="0.91" CONTENT="hänskjutit"/><SP WIDTH="15" VPOS="839" HPOS="753"/>
							<String ID="string_54" HPOS="768" VPOS="841" WIDTH="34" HEIGHT="20" WC="0.96" CONTENT="ett"/><SP WIDTH="14" VPOS="841" HPOS="802"/>
							<String ID="string_55" HPOS="816" VPOS="839" WIDTH="26" HEIGHT="21" WC="0.96" CONTENT="så"/>
						</TextLine>
						<TextLine ID="line_10" HPOS="86" VPOS="879" WIDTH="358" HEIGHT="30">
							<String ID="string_56" HPOS="86" VPOS="879" WIDTH="102" HEIGHT="29" WC="0.91" CONTENT="lydande"/><SP WIDTH="14" VPOS="879" HPOS="188"/>
							<String ID="string_57" HPOS="202" VPOS="879" WIDTH="242" HEIGHT="30" WC="0.91" CONTENT="petitionsmemorial:"/>
						</TextLine>
					</TextBlock>
				</ComposedBlock>
				<ComposedBlock ID="cblock_4" HPOS="218" VPOS="961" WIDTH="499" HEIGHT="93">
					<TextBlock ID="block_4" HPOS="218" VPOS="961" WIDTH="499" HEIGHT="93">
						<TextLine ID="line_11" HPOS="218" VPOS="961" WIDTH="499" HEIGHT="29">
							<String ID="string_58" HPOS="218" VPOS="961" WIDTH="43" HEIGHT="22" WC="0.93" CONTENT="Till"/><SP WIDTH="15" VPOS="961" HPOS="261"/>
							<String ID="string_59" HPOS="276" VPOS="962" WIDTH="122" HEIGHT="28" WC="0.91" CONTENT="Höglofliga"/><SP WIDTH="14" VPOS="962" HPOS="398"/>
							<String ID="string_60" HPOS="412" VPOS="961" WIDTH="161" HEIGHT="28" WC="0.89" CONTENT="Ridderskapet"/><SP WIDTH="15" VPOS="961" HPOS="573"/>
							<String ID="string_61" HPOS="588" VPOS="961" WIDTH="36" HEIGHT="21" WC="0.93" CONTENT="och"/><SP WIDTH="16" VPOS="961" HPOS="624"/>
							<String ID="string_62" HPOS="640" VPOS="961" WIDTH="77" HEIGHT="22" WC="0.91" CONTENT="Adeln."/>
						</TextLine>
						<TextLine ID="line_12" HPOS="324" VPOS="1036" WIDTH="285" HEIGHT="18">
							<String ID="string_63" HPOS="324" VPOS="1036" WIDTH="133" HEIGHT="18" WC="0.91" CONTENT="Vördsamt"/><SP WIDTH="18" VPOS="1036" HPOS="457"/>
							<String ID="string_64" HPOS="475" VPOS="1036" WIDTH="134" HEIGHT="18" WC="0.91" CONTENT="memorial."/>
						</TextLine>
					</TextBlock>
				</ComposedBlock>
				<ComposedBlock ID="cblock_5" HPOS="89" VPOS="1104" WIDTH="760" HEIGHT="416">
					<TextBlock ID="block_5" HPOS="89" VPOS="1104" WIDTH="757" HEIGHT="105">
						<TextLine ID="line_13" HPOS="158" VPOS="1104" WIDTH="687" HEIGHT="24">
							<String ID="string_65" HPOS="158" VPOS="1105" WIDTH="68" HEIGHT="18" WC="0.96" CONTENT="Under"/><SP WIDTH="18" VPOS="1105" HPOS="226"/>
							<String ID="string_66" HPOS="244" VPOS="1106" WIDTH="78" HEIGHT="17" WC="0.93" CONTENT="senaste"/><SP WIDTH="18" VPOS="1106" HPOS="322"/>
							<String ID="string_67" HPOS="340" VPOS="1105" WIDTH="95" HEIGHT="23" WC="0.93" CONTENT="landtdag"/><SP WIDTH="18" VPOS="1105" HPOS="435"/>
							<String ID="string_68" HPOS="453" VPOS="1105" WIDTH="52" HEIGHT="18" WC="0.96" CONTENT="hade"/><SP WIDTH="16" VPOS="1105" HPOS="505"/>
							<String ID="string_69" HPOS="521" VPOS="1105" WIDTH="35" HEIGHT="23" WC="0.96" CONTENT="jag"/><SP WIDTH="17" VPOS="1105" HPOS="556"/>
							<String ID="string_70" HPOS="573" VPOS="1107" WIDTH="48" HEIGHT="15" WC="0.96" CONTENT="äran"/><SP WIDTH="17" VPOS="1107" HPOS="621"/>
							<String ID="string_71" HPOS="638" VPOS="1105" WIDTH="32" HEIGHT="17" WC="0.96" CONTENT="för"/><SP WIDTH="15" VPOS="1105" HPOS="670"/>
							<String ID="string_72" HPOS="685" VPOS="1105" WIDTH="34" HEIGHT="17" WC="0.93" CONTENT="det"/><SP WIDTH="11" VPOS="1105" HPOS="719"/>
							<String ID="string_73" HPOS="730" VPOS="1104" WIDTH="115" HEIGHT="23" WC="0.89" CONTENT="Höglofliga"/>
						</TextLine>
						<TextLine ID="line_14" HPOS="89" VPOS="1133" WIDTH="756" HEIGHT="24">
							<String ID="string_74" HPOS="89" VPOS="1134" WIDTH="83" HEIGHT="17" WC="0.90" CONTENT="Ståndet"/><SP WIDTH="12" VPOS="1134" HPOS="172"/>
							<String ID="string_75" HPOS="184" VPOS="1134" WIDTH="111" HEIGHT="23" WC="0.96" CONTENT="framlägga"/><SP WIDTH="11" VPOS="1134" HPOS="295"/>
							<String ID="string_76" HPOS="306" VPOS="1135" WIDTH="28" HEIGHT="16" WC="0.96" CONTENT="ett"/><SP WIDTH="12" VPOS="1135" HPOS="334"/>
							<String ID="string_77" HPOS="346" VPOS="1134" WIDTH="76" HEIGHT="22" WC="0.96" CONTENT="förslag"/><SP WIDTH="11" VPOS="1134" HPOS="422"/>
							<String ID="string_78" HPOS="433" VPOS="1134" WIDTH="33" HEIGHT="17" WC="0.95" CONTENT="till"/><SP WIDTH="11" VPOS="1134" HPOS="466"/>
							<String ID="string_79" HPOS="477" VPOS="1134" WIDTH="82" HEIGHT="23" WC="0.96" CONTENT="petition"/><SP WIDTH="14" VPOS="1134" HPOS="559"/>
							<String ID="string_80" HPOS="573" VPOS="1139" WIDTH="32" HEIGHT="12" WC="0.96" CONTENT="om"/><SP WIDTH="12" VPOS="1139" HPOS="605"/>
							<String ID="string_81" HPOS="617" VPOS="1133" WIDTH="111" HEIGHT="18" WC="0.95" CONTENT="inrättande"/><SP WIDTH="12" VPOS="1133" HPOS="728"/>
							<String ID="string_82" HPOS="740" VPOS="1133" WIDTH="23" HEIGHT="17" WC="0.96" CONTENT="af"/><SP WIDTH="9" VPOS="1133" HPOS="763"/>
							<String ID="string_83" HPOS="772" VPOS="1138" WIDTH="24" HEIGHT="12" WC="0.92" CONTENT="en"/><SP WIDTH="12" VPOS="1138" HPOS="796"/>
							<String ID="string_84" HPOS="808" VPOS="1133" WIDTH="37" HEIGHT="17" WC="0.88" CONTENT="Ar-"/>
						</TextLine>
						<TextLine ID="line_15" HPOS="91" VPOS="1161" WIDTH="755" HEIGHT="25">
							<String ID="string_85" HPOS="91" VPOS="1162" WIDTH="101" HEIGHT="23" WC="0.92" CONTENT="keologisk"/><SP WIDTH="18" VPOS="1162" HPOS="192"/>
							<String ID="string_86" HPOS="210" VPOS="1162" WIDTH="53" HEIGHT="24" WC="0.95" CONTENT="Byrå"/><SP WIDTH="11" VPOS="1162" HPOS="263"/>
							<String ID="string_87" HPOS="274" VPOS="1162" WIDTH="7" HEIGHT="18" WC="0.96" CONTENT="i"/><SP WIDTH="12" VPOS="1162" HPOS="281"/>
							<String ID="string_88" HPOS="293" VPOS="1162" WIDTH="66" HEIGHT="18" WC="0.96" CONTENT="stället"/><SP WIDTH="11" VPOS="1162" HPOS="359"/>
							<String ID="string_89" HPOS="370" VPOS="1162" WIDTH="32" HEIGHT="18" WC="0.95" CONTENT="för"/><SP WIDTH="12" VPOS="1162" HPOS="402"/>
							<String ID="string_90" HPOS="414" VPOS="1162" WIDTH="39" HEIGHT="18" WC="0.95" CONTENT="den"/><SP WIDTH="13" VPOS="1162" HPOS="453"/>
							<String ID="string_91" HPOS="466" VPOS="1162" WIDTH="114" HEIGHT="18" WC="0.96" CONTENT="nuvarande"/><SP WIDTH="13" VPOS="1162" HPOS="580"/>
							<String ID="string_92" HPOS="593" VPOS="1162" WIDTH="142" HEIGHT="23" WC="0.93" CONTENT="Arkeologiska"/><SP WIDTH="12" VPOS="1162" HPOS="735"/>
							<String ID="string_93" HPOS="747" VPOS="1161" WIDTH="99" HEIGHT="18" WC="0.91" CONTENT="Kommis-"/>
						</TextLine>
						<TextLine ID="line_16" HPOS="91" VPOS="1190" WIDTH="74" HEIGHT="19">
							<String ID="string_94" HPOS="91" VPOS="1190" WIDTH="74" HEIGHT="19" WC="0.77" CONTENT="sionen."/>
						</TextLine>
					</TextBlock>
					<TextBlock ID="block_6" HPOS="90" VPOS="1225" WIDTH="758" HEIGHT="139">
						<TextLine ID="line_17" HPOS="159" VPOS="1225" WIDTH="687" HEIGHT="25">
							<String ID="string_95" HPOS="159" VPOS="1226" WIDTH="59" HEIGHT="18" WC="0.96" CONTENT="Detta"/><SP WIDTH="18" VPOS="1226" HPOS="218"/>
							<String ID="string_96" HPOS="236" VPOS="1226" WIDTH="80" HEIGHT="24" WC="0.96" CONTENT="förslag,"/><SP WIDTH="19" VPOS="1226" HPOS="316"/>
							<String ID="string_97" HPOS="335" VPOS="1231" WIDTH="43" HEIGHT="13" WC="0.96" CONTENT="som"/><SP WIDTH="12" VPOS="1231" HPOS="378"/>
							<String ID="string_98" HPOS="390" VPOS="1226" WIDTH="7" HEIGHT="17" WC="0.96" CONTENT="i"/><SP WIDTH="13" VPOS="1226" HPOS="397"/>
							<String ID="string_99" HPOS="410" VPOS="1226" WIDTH="34" HEIGHT="17" WC="0.95" CONTENT="sak"/><SP WIDTH="13" VPOS="1226" HPOS="444"/>
							<String ID="string_100" HPOS="457" VPOS="1226" WIDTH="51" HEIGHT="18" WC="0.96" CONTENT="dock"/><SP WIDTH="12" VPOS="1226" HPOS="508"/>
							<String ID="string_101" HPOS="520" VPOS="1226" WIDTH="84" HEIGHT="23" WC="0.95" CONTENT="gillades"/><SP WIDTH="12" VPOS="1226" HPOS="604"/>
							<String ID="string_102" HPOS="616" VPOS="1226" WIDTH="22" HEIGHT="17" WC="0.96" CONTENT="af"/><SP WIDTH="10" VPOS="1226" HPOS="638"/>
							<String ID="string_103" HPOS="648" VPOS="1226" WIDTH="25" HEIGHT="17" WC="0.96" CONTENT="de"/><SP WIDTH="11" VPOS="1226" HPOS="673"/>
							<String ID="string_104" HPOS="684" VPOS="1225" WIDTH="57" HEIGHT="18" WC="0.93" CONTENT="fleste"/><SP WIDTH="12" VPOS="1225" HPOS="741"/>
							<String ID="string_105" HPOS="753" VPOS="1225" WIDTH="93" HEIGHT="23" WC="0.92" CONTENT="talarene,"/>
						</TextLine>
						<TextLine ID="line_18" HPOS="90" VPOS="1254" WIDTH="757" HEIGHT="23">
							<String ID="string_106" HPOS="90" VPOS="1259" WIDTH="53" HEIGHT="13" WC="0.96" CONTENT="vann"/><SP WIDTH="18" VPOS="1259" HPOS="143"/>
							<String ID="string_107" HPOS="161" VPOS="1254" WIDTH="43" HEIGHT="18" WC="0.93" CONTENT="icke"/><SP WIDTH="19" VPOS="1254" HPOS="204"/>
							<String ID="string_108" HPOS="223" VPOS="1255" WIDTH="91" HEIGHT="17" WC="0.90" CONTENT="Ståndets"/><SP WIDTH="13" VPOS="1255" HPOS="314"/>
							<String ID="string_109" HPOS="327" VPOS="1254" WIDTH="61" HEIGHT="18" WC="0.94" CONTENT="bifall."/><SP WIDTH="24" VPOS="1254" HPOS="388"/>
							<String ID="string_110" HPOS="412" VPOS="1254" WIDTH="32" HEIGHT="18" WC="0.95" CONTENT="En"/><SP WIDTH="12" VPOS="1254" HPOS="444"/>
							<String ID="string_111" HPOS="456" VPOS="1255" WIDTH="48" HEIGHT="17" WC="0.95" CONTENT="ärad"/><SP WIDTH="13" VPOS="1255" HPOS="504"/>
							<String ID="string_112" HPOS="517" VPOS="1256" WIDTH="59" HEIGHT="16" WC="0.96" CONTENT="talare"/><SP WIDTH="13" VPOS="1256" HPOS="576"/>
							<String ID="string_113" HPOS="589" VPOS="1255" WIDTH="61" HEIGHT="22" WC="0.95" CONTENT="ansåg"/><SP WIDTH="12" VPOS="1255" HPOS="650"/>
							<String ID="string_114" HPOS="662" VPOS="1254" WIDTH="36" HEIGHT="18" WC="0.96" CONTENT="ock"/><SP WIDTH="13" VPOS="1254" HPOS="698"/>
							<String ID="string_115" HPOS="711" VPOS="1254" WIDTH="59" HEIGHT="22" WC="0.96" CONTENT="tiden,"/><SP WIDTH="13" VPOS="1254" HPOS="770"/>
							<String ID="string_116" HPOS="783" VPOS="1254" WIDTH="64" HEIGHT="17" WC="0.96" CONTENT="under"/>
						</TextLine>
						<TextLine ID="line_19" HPOS="91" VPOS="1282" WIDTH="755" HEIGHT="24">
							<String ID="string_117" HPOS="91" VPOS="1282" WIDTH="81" HEIGHT="18" WC="0.96" CONTENT="hvilken"/><SP WIDTH="19" VPOS="1282" HPOS="172"/>
							<String ID="string_118" HPOS="191" VPOS="1284" WIDTH="38" HEIGHT="17" WC="0.96" CONTENT="den"/><SP WIDTH="18" VPOS="1284" HPOS="229"/>
							<String ID="string_119" HPOS="247" VPOS="1284" WIDTH="46" HEIGHT="17" WC="0.95" CONTENT="1884"/><SP WIDTH="11" VPOS="1284" HPOS="293"/>
							<String ID="string_120" HPOS="304" VPOS="1283" WIDTH="98" HEIGHT="18" WC="0.96" CONTENT="inrättade"/><SP WIDTH="13" VPOS="1283" HPOS="402"/>
							<String ID="string_121" HPOS="415" VPOS="1283" WIDTH="147" HEIGHT="23" WC="0.96" CONTENT="Arkeologiska"/><SP WIDTH="12" VPOS="1283" HPOS="562"/>
							<String ID="string_122" HPOS="574" VPOS="1283" WIDTH="161" HEIGHT="18" WC="0.96" CONTENT="Kommissionen"/><SP WIDTH="13" VPOS="1283" HPOS="735"/>
							<String ID="string_123" HPOS="748" VPOS="1283" WIDTH="98" HEIGHT="22" WC="0.96" CONTENT="fungerat,"/>
						</TextLine>
						<TextLine ID="line_20" HPOS="90" VPOS="1312" WIDTH="758" HEIGHT="23">
							<String ID="string_124" HPOS="90" VPOS="1312" WIDTH="32" HEIGHT="17" WC="0.96" CONTENT="för"/><SP WIDTH="17" VPOS="1312" HPOS="122"/>
							<String ID="string_125" HPOS="139" VPOS="1312" WIDTH="51" HEIGHT="23" WC="0.96" CONTENT="kort,"/><SP WIDTH="17" VPOS="1312" HPOS="190"/>
							<String ID="string_126" HPOS="207" VPOS="1314" WIDTH="32" HEIGHT="17" WC="0.96" CONTENT="för"/><SP WIDTH="18" VPOS="1314" HPOS="239"/>
							<String ID="string_127" HPOS="257" VPOS="1314" WIDTH="28" HEIGHT="16" WC="0.96" CONTENT="att"/><SP WIDTH="16" VPOS="1314" HPOS="285"/>
							<String ID="string_128" HPOS="301" VPOS="1318" WIDTH="27" HEIGHT="12" WC="0.96" CONTENT="nu"/><SP WIDTH="18" VPOS="1318" HPOS="328"/>
							<String ID="string_129" HPOS="346" VPOS="1312" WIDTH="62" HEIGHT="18" WC="0.96" CONTENT="redan"/><SP WIDTH="17" VPOS="1312" HPOS="408"/>
							<String ID="string_130" HPOS="425" VPOS="1312" WIDTH="70" HEIGHT="18" WC="0.96" CONTENT="kunna"/><SP WIDTH="15" VPOS="1312" HPOS="495"/>
							<String ID="string_131" HPOS="510" VPOS="1314" WIDTH="39" HEIGHT="16" WC="0.96" CONTENT="rätt"/><SP WIDTH="12" VPOS="1314" HPOS="549"/>
							<String ID="string_132" HPOS="561" VPOS="1312" WIDTH="81" HEIGHT="18" WC="0.93" CONTENT="bedöma"/><SP WIDTH="13" VPOS="1312" HPOS="642"/>
							<String ID="string_133" HPOS="655" VPOS="1312" WIDTH="123" HEIGHT="18" WC="0.92" CONTENT="densammas"/><SP WIDTH="12" VPOS="1312" HPOS="778"/>
							<String ID="string_134" HPOS="790" VPOS="1312" WIDTH="58" HEIGHT="17" WC="0.92" CONTENT="ända-"/>
						</TextLine>
						<TextLine ID="line_21" HPOS="91" VPOS="1340" WIDTH="146" HEIGHT="24">
							<String ID="string_135" HPOS="91" VPOS="1340" WIDTH="146" HEIGHT="24" WC="0.90" CONTENT="målsenlighet."/>
						</TextLine>
					</TextBlock>
					<TextBlock ID="block_7" HPOS="91" VPOS="1375" WIDTH="758" HEIGHT="52">
						<TextLine ID="line_22" HPOS="161" VPOS="1375" WIDTH="688" HEIGHT="24">
							<String ID="string_136" HPOS="161" VPOS="1375" WIDTH="31" HEIGHT="18" WC="0.96" CONTENT="Nu"/><SP WIDTH="18" VPOS="1375" HPOS="192"/>
							<String ID="string_137" HPOS="210" VPOS="1377" WIDTH="33" HEIGHT="17" WC="0.96" CONTENT="äro"/><SP WIDTH="17" VPOS="1377" HPOS="243"/>
							<String ID="string_138" HPOS="260" VPOS="1375" WIDTH="116" HEIGHT="24" WC="0.95" CONTENT="ytterligare"/><SP WIDTH="12" VPOS="1375" HPOS="376"/>
							<String ID="string_139" HPOS="388" VPOS="1378" WIDTH="30" HEIGHT="15" WC="0.96" CONTENT="tre"/><SP WIDTH="12" VPOS="1378" HPOS="418"/>
							<String ID="string_140" HPOS="430" VPOS="1375" WIDTH="22" HEIGHT="18" WC="0.96" CONTENT="år"/><SP WIDTH="13" VPOS="1375" HPOS="452"/>
							<String ID="string_141" HPOS="465" VPOS="1375" WIDTH="95" HEIGHT="18" WC="0.96" CONTENT="förflutna"/><SP WIDTH="13" VPOS="1375" HPOS="560"/>
							<String ID="string_142" HPOS="573" VPOS="1375" WIDTH="36" HEIGHT="18" WC="0.96" CONTENT="och"/><SP WIDTH="12" VPOS="1375" HPOS="609"/>
							<String ID="string_143" HPOS="621" VPOS="1375" WIDTH="55" HEIGHT="18" WC="0.96" CONTENT="torde"/><SP WIDTH="13" VPOS="1375" HPOS="676"/>
							<String ID="string_144" HPOS="689" VPOS="1375" WIDTH="67" HEIGHT="18" WC="0.96" CONTENT="därför"/><SP WIDTH="11" VPOS="1375" HPOS="756"/>
							<String ID="string_145" HPOS="767" VPOS="1375" WIDTH="82" HEIGHT="22" WC="0.96" CONTENT="frågans"/>
						</TextLine>
						<TextLine ID="line_23" HPOS="91" VPOS="1404" WIDTH="496" HEIGHT="23">
							<String ID="string_146" HPOS="91" VPOS="1404" WIDTH="126" HEIGHT="23" WC="0.96" CONTENT="upptagande"/><SP WIDTH="13" VPOS="1404" HPOS="217"/>
							<String ID="string_147" HPOS="230" VPOS="1404" WIDTH="17" HEIGHT="23" WC="0.96" CONTENT="ej"/><SP WIDTH="14" VPOS="1404" HPOS="247"/>
							<String ID="string_148" HPOS="261" VPOS="1404" WIDTH="65" HEIGHT="18" WC="0.95" CONTENT="kunna"/><SP WIDTH="12" VPOS="1404" HPOS="326"/>
							<String ID="string_149" HPOS="338" VPOS="1410" WIDTH="57" HEIGHT="12" WC="0.96" CONTENT="anses"/><SP WIDTH="13" VPOS="1410" HPOS="395"/>
							<String ID="string_150" HPOS="408" VPOS="1410" WIDTH="50" HEIGHT="12" WC="0.92" CONTENT="vara"/><SP WIDTH="11" VPOS="1410" HPOS="458"/>
							<String ID="string_151" HPOS="469" VPOS="1404" WIDTH="118" HEIGHT="18" WC="0.90" CONTENT="förhastadt."/>
						</TextLine>
					</TextBlock>
					<TextBlock ID="block_8" HPOS="92" VPOS="1438" WIDTH="757" HEIGHT="53">
						<TextLine ID="line_24" HPOS="160" VPOS="1438" WIDTH="689" HEIGHT="24">
							<String ID="string_152" HPOS="160" VPOS="1438" WIDTH="40" HEIGHT="18" WC="0.96" CONTENT="För"/><SP WIDTH="13" VPOS="1438" HPOS="200"/>
							<String ID="string_153" HPOS="213" VPOS="1439" WIDTH="40" HEIGHT="17" WC="0.96" CONTENT="min"/><SP WIDTH="13" VPOS="1439" HPOS="253"/>
							<String ID="string_154" HPOS="266" VPOS="1439" WIDTH="31" HEIGHT="18" WC="0.95" CONTENT="del"/><SP WIDTH="13" VPOS="1439" HPOS="297"/>
							<String ID="string_155" HPOS="310" VPOS="1439" WIDTH="36" HEIGHT="18" WC="0.96" CONTENT="har"/><SP WIDTH="11" VPOS="1439" HPOS="346"/>
							<String ID="string_156" HPOS="357" VPOS="1439" WIDTH="35" HEIGHT="23" WC="0.96" CONTENT="jag"/><SP WIDTH="12" VPOS="1439" HPOS="392"/>
							<String ID="string_157" HPOS="404" VPOS="1439" WIDTH="65" HEIGHT="17" WC="0.96" CONTENT="under"/><SP WIDTH="12" VPOS="1439" HPOS="469"/>
							<String ID="string_158" HPOS="481" VPOS="1439" WIDTH="54" HEIGHT="18" WC="0.96" CONTENT="tiden"/><SP WIDTH="13" VPOS="1439" HPOS="535"/>
							<String ID="string_159" HPOS="548" VPOS="1439" WIDTH="43" HEIGHT="17" WC="0.96" CONTENT="icke"/><SP WIDTH="11" VPOS="1439" HPOS="591"/>
							<String ID="string_160" HPOS="602" VPOS="1439" WIDTH="42" HEIGHT="17" WC="0.96" CONTENT="haft"/><SP WIDTH="13" VPOS="1439" HPOS="644"/>
							<String ID="string_161" HPOS="657" VPOS="1438" WIDTH="106" HEIGHT="23" WC="0.96" CONTENT="anledning"/><SP WIDTH="13" VPOS="1438" HPOS="763"/>
							<String ID="string_162" HPOS="776" VPOS="1439" WIDTH="28" HEIGHT="16" WC="0.93" CONTENT="att"/><SP WIDTH="12" VPOS="1439" HPOS="804"/>
							<String ID="string_163" HPOS="816" VPOS="1439" WIDTH="33" HEIGHT="16" WC="0.90" CONTENT="än-"/>
						</TextLine>
						<TextLine ID="line_25" HPOS="92" VPOS="1466" WIDTH="757" HEIGHT="25">
							<String ID="string_164" HPOS="92" VPOS="1467" WIDTH="35" HEIGHT="16" WC="0.95" CONTENT="dra"/><SP WIDTH="17" VPOS="1467" HPOS="127"/>
							<String ID="string_165" HPOS="144" VPOS="1467" WIDTH="41" HEIGHT="17" WC="0.92" CONTENT="min"/><SP WIDTH="13" VPOS="1467" HPOS="185"/>
							<String ID="string_166" HPOS="198" VPOS="1467" WIDTH="55" HEIGHT="23" WC="0.89" CONTENT="åsigt,"/><SP WIDTH="12" VPOS="1467" HPOS="253"/>
							<String ID="string_167" HPOS="265" VPOS="1468" WIDTH="81" HEIGHT="17" WC="0.91" CONTENT="oaktadt"/><SP WIDTH="13" VPOS="1468" HPOS="346"/>
							<String ID="string_168" HPOS="359" VPOS="1468" WIDTH="38" HEIGHT="17" WC="0.96" CONTENT="den"/><SP WIDTH="12" VPOS="1468" HPOS="397"/>
							<String ID="string_169" HPOS="409" VPOS="1468" WIDTH="80" HEIGHT="23" WC="0.96" CONTENT="nyttiga"/><SP WIDTH="12" VPOS="1468" HPOS="489"/>
							<String ID="string_170" HPOS="501" VPOS="1467" WIDTH="125" HEIGHT="18" WC="0.95" CONTENT="verksamhet"/><SP WIDTH="12" VPOS="1467" HPOS="626"/>
							<String ID="string_171" HPOS="638" VPOS="1467" WIDTH="160" HEIGHT="18" WC="0.89" CONTENT="Kommissionen"/><SP WIDTH="13" VPOS="1467" HPOS="798"/>
							<String ID="string_172" HPOS="811" VPOS="1466" WIDTH="38" HEIGHT="17" WC="0.96" CONTENT="kan"/>
						</TextLine>
					</TextBlock>
					<TextBlock ID="block_9" HPOS="161" VPOS="1501" WIDTH="491" HEIGHT="19">
						<TextLine ID="line_26" HPOS="161" VPOS="1501" WIDTH="491" HEIGHT="19">
							<String ID="string_173" HPOS="161" VPOS="1501" WIDTH="98" HEIGHT="19" WC="0.93" CONTENT="Allmänna"/><SP WIDTH="12" VPOS="1501" HPOS="259"/>
							<String ID="string_174" HPOS="271" VPOS="1501" WIDTH="175" HEIGHT="18" WC="0.91" CONTENT="Besvärsutskottets"/><SP WIDTH="11" VPOS="1501" HPOS="446"/>
							<String ID="string_175" HPOS="457" VPOS="1501" WIDTH="110" HEIGHT="18" WC="0.96" CONTENT="betänkande"/><SP WIDTH="12" VPOS="1501" HPOS="567"/>
							<String ID="string_176" HPOS="579" VPOS="1501" WIDTH="33" HEIGHT="18" WC="0.96" CONTENT="N:o"/><SP WIDTH="12" VPOS="1501" HPOS="612"/>
							<String ID="string_177" HPOS="624" VPOS="1502" WIDTH="28" HEIGHT="17" WC="0.96" CONTENT="15."/>
						</TextLine>
					</TextBlock>
				</ComposedBlock>
			</PrintSpace>
		</Page>
	</Layout>
</alto>
