1070 1678
264 169 12 21 8
426 168 279 23 Petitionsbetänkande
720 168 45 23 N:o
781 168 38 23 41.

304 232 42 25 2:0)
370 231 38 22 det
430 231 8 22 i
460 231 197 29 Borgareståndet
679 231 91 29 ingifna
794 231 195 29 petitionsmemo-

234 265 70 22 rialet
325 265 150 29 likalydande
497 265 52 22 med
565 265 39 22 det
618 265 147 22 förestående
780 267 60 20 samt
854 265 135 22 underteck-

235 298 67 24 nadt:

304 356 24 22 F.
348 352 132 36 Jansson.
613 357 110 22 Alfred
739 357 180 21 Carlström.

305 523 34 22 Ur
354 523 113 22 särskilda
487 523 39 22 vid
550 523 106 22 ärendets
678 523 143 29 behandling
836 523 8 21 i
859 523 132 28 Kejserliga

237 556 101 22 Senaten
346 557 122 22 tillkomna
475 557 144 30 handlingar,
627 557 27 22 af
659 557 79 22 hvilka
746 557 121 23 Utskottet
874 558 30 28 pä
912 557 78 26 därom

235 591 69 29 gjord
318 591 109 22 anhållan
450 592 92 21 erhållit
557 592 44 26 del,
617 592 41 22 har
678 592 122 22 Utskottet
819 592 121 27 inhämtat,
956 594 35 19 att

236 625 71 22 sedan
323 626 14 21 å
352 626 82 29 högsta
450 630 35 18 ort
500 627 66 28 fråga
581 627 81 21 väckts
680 634 37 14 om
741 626 204 22 åstadkommande
968 626 27 22 af

237 659 145 29 enhetlighet
397 661 96 22 emellan
509 661 139 28 postverken
663 661 8 21 i
686 661 177 28 Kejsaredömet
875 661 42 21 och
928 661 63 21 Stor-

236 693 170 23 furstendömet
421 698 59 18 samt
495 695 131 28 Kejserliga
642 695 100 21 Senaten
765 694 96 29 afgifvit
882 694 109 29 yttrande

236 728 9 21 i
261 728 78 27 saken,
354 728 78 22 blefvo
449 729 27 21 de
491 728 98 22 ledande
608 729 173 29 bestämningar
803 729 65 21 Hans
884 728 109 30 Majestät

236 762 38 22 för
289 763 111 28 åtgärden
412 763 99 29 behagat
526 763 116 22 fastställa
653 764 101 21 Senaten
765 763 141 25 meddelade,
916 763 73 29 jämte

238 796 39 22 det
298 797 100 22 Senaten
414 797 138 22 anmodades
568 800 34 18 att
617 798 143 21 oförtöfvadt
779 801 104 25 uppgöra
905 798 86 28 förslag

238 832 121 28 angående
374 831 90 22 formen
482 832 43 21 och
548 832 136 29 ordningen,
707 832 66 21 hvari
795 832 151 21 utfärdandet
968 832 27 22 af

238 865 67 22 dessa
320 866 94 29 nådigst
429 866 133 22 meddelade
578 867 174 28 bestämningar
775 866 72 22 borde
869 874 43 21 ega
934 874 56 15 rum.

238 900 46 22 Till
299 900 146 29 fullgörande
461 901 69 21 häraf
541 901 135 21 framstälde
690 901 100 21 Senaten
801 900 49 22 dels
861 904 34 18 ett
905 901 87 28 förslag

238 935 36 21 till
290 935 44 21 den
350 935 250 28 lagstiftningsåtgärd,
621 942 49 14 som
691 935 76 22 kunde
789 935 9 21 i
821 935 171 22 administrativ

237 973 47 25 väg
299 969 114 29 vidtagas,
430 970 47 21 dels
493 969 86 30 förslag
595 970 35 21 till
650 969 274 29 landtdagsproposition,
947 977 45 14 om-

238 1003 106 22 fattande
366 1004 86 21 sådana
475 1004 179 28 bestämningar,
677 1004 81 21 hvilka
781 1004 74 28 enligt
877 1004 116 29 grundlag

239 1038 133 22 erfordrade
388 1038 141 22 Ständernas
544 1038 146 21 medverkan.
719 1038 54 21 Med
789 1038 108 21 afseende
913 1038 12 21 å
948 1038 45 22 den

239 1072 187 22 administrativa
441 1072 273 29 lagstiftningsåtgärden
729 1072 103 28 föreslog
847 1072 101 22 Senaten
958 1074 36 20 att

239 1106 45 22 den
300 1107 73 21 skulle
388 1106 100 22 fördelas
505 1107 13 21 å
533 1114 28 14 en
577 1106 71 29 nådig
663 1106 138 28 förordning
817 1106 119 29 angående
954 1106 40 22 det

238 1141 76 21 finska
328 1142 146 28 postverkets
490 1141 135 29 anslutning
640 1141 37 21 till
689 1141 166 29 postväsendet
869 1141 8 21 i
887 1140 106 29 Kejsare-

239 1175 76 22 dömet
330 1180 60 17 samt
406 1179 33 17 ett
454 1175 81 29 nådigt
553 1176 100 28 reskript
671 1176 37 20 till
727 1175 242 29 Generalguvernören
984 1176 9 21 i

238 1210 102 21 Finland
355 1209 98 22 rörande
468 1209 146 22 besättandet
630 1209 26 21 af
668 1210 28 21 de
712 1209 71 29 högre
804 1209 127 29 tjänsterna
953 1209 40 22 vid

238 1244 139 29 postverket.
407 1244 136 22 Emellertid
559 1244 92 28 vidtogs
666 1244 53 21 hela
735 1244 44 21 den
795 1243 138 29 ifrågasatta
945 1244 48 28 lag-

238 1278 235 29 stiftningsåtgärden
491 1279 8 21 i
515 1278 170 22 administrativ
700 1282 53 25 väg,
769 1278 98 21 sålunda
882 1280 34 19 att
931 1278 9 21 i
955 1278 40 22 det

237 1313 87 29 nådiga
339 1313 134 22 manifestet
487 1313 26 21 af
526 1313 45 21 den
587 1314 25 21 12
623 1313 53 28 juni
691 1314 60 23 1890,
767 1312 120 29 angående
902 1314 92 27 postvä-

238 1346 82 22 sendet
334 1347 8 21 i
358 1347 86 27 landet,
453 1346 88 29 jämväl
552 1346 28 22 de
595 1346 174 28 bestämningar
784 1346 101 28 intogos,
896 1353 49 15 som
956 1354 37 14 en-

237 1380 47 30 ligt
299 1381 113 22 Senatens
429 1381 60 29 åsigt
501 1381 59 21 hade
571 1380 112 23 erfordrat
694 1380 141 22 Ständernas
847 1380 147 22 medverkan.

307 1507 130 22 Lagutskottets
450 1507 109 17 betänkande
571 1508 35 16 N:o
618 1507 29 17 18.
