1070 1675
298 140 261 24 Motionsbetänkande
575 140 45 23 N:o
636 141 24 21 4.
813 141 13 21 3

103 204 57 20 sidan
174 204 82 20 berörda
270 204 112 26 anordning
396 205 67 19 kunde
477 204 124 26 genomföras
616 205 46 19 med
672 205 98 25 betydligt
780 205 76 19 mindre

102 233 87 20 kostnad
203 235 26 17 än
243 233 122 19 inrättandet
379 233 19 19 af
413 239 24 13 en
452 240 29 18 ny
496 233 194 26 kollegialafdelning
704 234 83 19 kräfver.

172 261 29 20 På
215 261 81 20 anförda
311 262 42 19 skäl
367 261 31 20 får
411 262 33 25 jag
458 262 52 25 förty
526 262 101 19 vördsamt
642 262 77 25 föreslå,
734 263 29 18 att
777 262 78 19 landets

102 297 30 14 nu
147 290 117 21 församlade
279 290 85 20 Ständer
378 291 46 19 ville
439 291 29 19 för
483 291 32 20 sin
529 291 31 19 del
575 292 73 23 antaga
662 291 148 20 nedanstående

327 397 97 35 Förslag
443 398 32 27 till
499 398 133 34 förordning
650 397 119 35 angående
783 397 56 29 råd-

333 437 140 29 stufvurätts
491 438 207 35 sammansättning
720 439 6 26 i
746 438 85 28 mindre

559 477 53 29 mål.

379 547 45 20 Med
444 547 84 26 ändring
542 548 26 25 af
579 547 33 21 och
630 548 66 25 tillägg
711 548 29 20 till
753 549 10 18 1
785 548 42 25 kap.
845 549 13 18 4

311 576 21 25 $,
350 577 12 19 6
377 576 43 26 kap.
438 577 14 19 2
465 577 16 25 $
495 577 34 19 och
545 577 29 19 23
589 577 42 25 kap.
649 578 11 18 1
674 576 16 27 $
704 576 154 26 Rättegångsbal-

311 605 35 19 ken
360 605 68 19 varder
441 605 106 19 härmedels
561 605 87 25 stadgadt
661 612 43 12 som
718 606 67 25 följer:

563 675 10 18 1
588 674 21 25 $.

380 725 14 19 I
404 725 49 24 stad,
468 726 33 18 der
515 725 165 25 rädstufvurätten
699 726 34 18 bör
747 725 58 25 hafva
816 725 44 25 flere

313 753 127 26 afdelmingar,
456 754 35 19 mä
507 754 84 19 särskild
600 754 105 25 afdelming,
720 753 97 20 bestående
827 760 33 13 en-

313 783 42 19 dast
364 783 26 24 af
401 789 24 13 en
441 783 84 19 rädman
535 783 34 19 och
579 789 24 13 en
609 782 180 25 protokollförande,
805 782 55 19 hvar-

313 811 45 20 dera
372 811 94 25 lagfarne,
481 811 84 20 inrättas
579 811 33 25 för
626 811 76 20 mindre
716 811 46 19 mäl.

382 839 267 26 Rädstufvurätts-afdelning
670 840 32 25 för
723 839 76 20 mindre
820 839 43 19 mål

314 875 41 18 eger
369 870 85 23 upptaga
469 869 33 18 och
517 869 68 24 afgöra
600 868 41 19 mål
654 868 108 25 angående:

382 897 20 24 a)
425 897 54 24 brott,
495 897 32 25 för
541 897 64 19 hvilka
622 897 58 25 straff
690 897 64 24 finnes
775 896 88 25 stadgadt

314 925 8 19 i
344 925 82 19 41—144
442 925 55 26 kapp.
517 925 116 26 strafflagen,
656 925 44 19 med
720 925 100 25 undantag
841 924 26 25 af

315 954 48 23 dem,
391 960 43 13 som
454 955 85 18 nämnas
564 954 9 19 i
592 954 10 19 1
623 954 35 19 och
679 954 14 19 2
715 953 30 26 $$
767 954 29 19 42
818 953 43 25 kap.

315 984 51 17 samt
382 983 14 18 2
410 989 59 12 mom.
485 983 26 24 af
524 983 13 19 6
551 981 15 28 $
581 983 27 18 44
623 982 56 25 kap.;

384 1011 17 24 0)
418 1011 145 25 öfverträdande
587 1011 25 25 af
629 1011 100 24 föreskrift
751 1009 114 26 beträffande

316 1039 126 25 tillverkning,
467 1039 126 26 försäljning,
617 1039 72 26 upplag
710 1039 42 19 eller
773 1038 92 26 försänd-

315 1068 49 25 ning
378 1068 26 25 af
415 1068 50 24 krut,
481 1068 78 25 flygtiga
574 1068 49 25 oljor
637 1068 43 19 eller
692 1067 62 20 andra
765 1067 102 25 eldfarliga

316 1097 71 18 ämnen
409 1097 43 19 eller
472 1097 26 25 af
507 1097 39 25 gift
560 1097 43 19 eller
616 1096 70 26 giftiga
700 1097 71 18 ämnen
785 1096 34 19 och
833 1101 32 14 va-

315 1132 45 18 Tor;

384 1154 16 24 6)
422 1154 48 19 brott
491 1156 40 18 mot
545 1154 166 25 författningarna
725 1152 98 26 angående
836 1154 31 18 ut-

317 1182 81 25 öfvande
419 1182 25 25 af
461 1182 185 24 läkareverksamhet,
668 1188 32 13 om
722 1182 97 25 apotekare
833 1180 34 20 och

317 1217 32 13 om
363 1210 145 26 drogerihandel
515 1218 8 17 ;

386 1239 19 26 d)
422 1240 47 18 brott
483 1241 40 18 mot
537 1239 166 26 författningarna
718 1238 97 26 angående
830 1237 37 19 till-

317 1268 98 25 verkning,
436 1268 125 26 försäljning,
575 1268 71 25 upplag
655 1267 33 20 och
702 1267 130 26 försändning
846 1265 26 26 af

318 1297 82 19 bränvin
410 1297 44 19 eller
467 1297 63 19 andra
541 1296 125 26 spritdrycker
679 1296 43 19 eller
731 1295 124 25 maltdrycker
859 1301 9 17 ;

387 1326 16 24 €)
420 1325 133 25 öfverträdelse
567 1325 25 25 af
603 1324 204 25 hälsovärdsstadgan
800 1320 9 35 ;

386 1353 17 25 7)
420 1353 145 26 öfverträdande
587 1353 25 25 af
631 1353 101 25 föreskrift
756 1351 113 26 beträffande

315 1381 49 26 jagt,
380 1382 48 24 fiske
442 1382 44 19 eller
501 1381 132 26 kräftfängst;
662 1393 12 2 --

387 1411 20 24 g)
423 1410 96 25 obehörigt
533 1410 104 25 utöfvande
655 1409 26 26 af
691 1409 72 25 näring
777 1409 43 19 eller
834 1414 36 13 an-

318 1445 42 12 nan
370 1439 135 24 öfverträdelse
515 1439 26 25 af
546 1437 260 26 näringsförfattningarna;
819 1437 51 19 samt

184 1477 130 23 Lagutskottets
326 1476 110 18 betänkande
448 1475 38 19 N:o
498 1477 29 17 12.
