1070 1667
250 136 27 22 12

416 136 264 24 Motionsbetänkande
696 137 46 23 N:o
758 137 23 21 4.

426 200 31 28 $$
471 201 30 20 42
522 200 57 27 kap,
599 201 57 20 1—3
670 200 38 28 $$,
732 202 13 19 6
760 201 13 26 $
789 201 13 19 1
823 206 67 20 mom.,
907 201 14 19 7
937 200 38 20 och

426 235 14 20 8
458 234 31 27 $$
508 236 29 19 43
552 234 49 26 kap.
616 236 56 19 samt
688 236 19 25 1,
722 236 22 24 2,
760 234 58 22 5—8
833 234 38 21 och
888 236 86 20 11—26

426 268 30 28 $$
471 270 28 19 44
514 268 49 28 kap.
579 268 143 28 strafflagen;

497 304 26 25 2)
538 303 172 27 öfverträdande
726 302 29 27 af
760 303 51 21 eller
819 302 105 28 brytande
932 305 43 19 mot

497 339 25 24 a)
533 337 119 27 jöreskrijt
675 337 137 27 beträffande
827 336 146 29 tillverkning,

422 372 147 28 försäljning,
598 372 83 27 upplag
704 372 52 20 eller
772 371 152 28 försändning
948 372 30 27 af

426 406 57 27 krut,
501 406 95 28 flygtiga
621 406 57 27 oljor
700 406 52 21 eller
767 406 72 21 andra
855 406 119 28 eldfarliga

426 443 77 18 ämnen
526 441 51 20 eller
598 440 31 28 af
648 440 44 27 gift
716 440 51 21 eller
789 440 84 28 giftiga
896 442 77 19 ämnen

426 474 39 21 och
480 481 75 20 varor;

498 509 19 27 0)
535 509 202 28 författningarna
775 509 112 28 angående
915 509 59 27 utöf

427 544 67 20 vande
517 550 26 21 aj
565 543 215 25 läkareverksämhet,
804 550 33 14 om
859 543 114 28 apotekare

428 578 38 21 och
482 585 33 14 om
531 578 176 28 drogerihandel;

497 614 22 24 c)
537 612 122 27 föreskrist
688 612 135 27 beträffande
841 612 56 27 jagt,
916 611 57 28 fiske

427 647 52 20 eller
493 646 151 28 kräftfängst;

498 681 25 26 d)
539 681 299 28 näringsförfattningarna;
854 679 38 22 och

498 717 21 24 €)
535 715 151 28 legostadgan
677 711 12 36 ;

497 749 54 21 dock
573 751 37 23 att,
634 749 41 20 där
686 749 43 27 för
744 756 30 13 nu
790 749 80 20 nämda
881 748 92 28 fördry-

428 784 63 20 telser
500 783 74 27 finnes
589 786 67 18 utsatt
667 786 115 25 strängare
793 783 69 27 straff
870 785 29 18 än
909 782 63 27 böter,

426 818 43 21 mål
489 825 33 13 om
537 818 80 20 sådant
632 817 56 21 brott
704 818 21 27 ej
740 818 35 20 mä
790 817 31 27 af
832 817 141 28 afdelningen

422 854 41 24 Jör
478 852 85 21 mindre
578 852 44 20 mål
637 854 120 25 upptagas;
772 854 56 18 samt

497 888 26 24 3)
539 887 50 20 tvist
611 886 80 21 mellan
706 885 110 22 husbonde
831 885 38 21 och
885 886 87 27 tjänste-

426 920 52 27 hjon
498 921 7 20 i
521 921 117 27 anledning
655 921 31 27 af
698 920 201 28 legojörhällandet.

674 1030 12 19 3
701 1014 22 47 S.

497 1103 81 20 Finnes
591 1103 97 20 särskild
703 1102 117 28 afdelning
829 1102 8 20 i
844 1102 128 27 rädstufvu-

427 1139 44 18 rätt
498 1137 97 20 inrättad
617 1137 43 27 för
683 1137 85 21 mindre
789 1137 51 26 mäl,
863 1143 36 20 ege
921 1136 51 21 den-

425 1177 82 14 samma
527 1171 38 20 ock
580 1173 98 26 upptaga
694 1171 38 20 och
748 1170 81 27 afyöra
845 1171 43 20 mål
904 1171 68 26 angä-

426 1204 51 21 ende
499 1205 85 20 sådana
608 1205 167 25 öfverträdelser
797 1204 39 21 och
848 1205 123 26 förseelser,

426 1239 74 21 hvilka
523 1239 78 21 hittills
623 1239 119 27 handlagts
758 1239 30 27 af
796 1238 175 27 poliskammare.

291 1471 131 23 Lagutskottets
429 1472 108 17 betänkande
549 1472 37 17 N:o
599 1472 27 17 12.
