1067 1675
232 122 26 20 32
402 120 256 22 Motionsbetänkande
674 120 42 21 N:o
732 119 22 21 6.

272 186 40 21 Att
328 186 26 22 de
369 186 7 21 i
392 185 157 28 motiveringen
564 186 34 21 till
613 185 157 22 ofvanstående
786 184 175 28 motionsförslag

204 220 130 22 framhållna
356 220 125 28 beklagliga
506 220 202 22 missförhållanden
729 219 129 28 oafvisligen
873 219 89 27 påkalla

202 254 130 27 ytterligare
354 254 183 28 inskränkningar
559 255 135 21 beträffande
713 254 178 28 ölförsäljningen
906 255 55 20 samt

204 288 110 23 ordnande
329 289 25 21 af
374 289 92 22 handeln
488 289 48 22 med
551 295 93 22 svagare
659 289 129 27 rusdrycker
803 295 77 21 genom
896 288 66 22 ända-

204 323 128 28 målsenliga
354 323 141 28 föreskrifter,
520 324 72 21 derom
615 324 62 21 torde
700 323 78 22 endast
793 330 27 15 en
836 323 58 28 åsigt
909 329 53 16 vara

204 358 104 21 rådande.
338 358 50 21 Men
403 365 26 15 en
444 359 25 21 så
483 359 63 27 långt
560 359 86 27 gående
660 358 188 28 reglementering,
864 364 43 15 som
918 357 7 22 i
936 357 27 22 de

205 394 34 20 tre
254 392 69 21 första
338 392 200 28 motionsförslagen
558 393 102 27 påyrkas,
677 399 64 21 synes
757 393 97 21 hvarken
870 392 93 21 nödvän-

206 426 38 28 dig
259 427 52 21 eller
326 427 94 28 lämplig,
436 428 39 21 och
490 427 69 22 skulle
575 427 63 22 dessa
652 427 88 28 förslag,
757 434 33 15 om
806 427 26 21 de
848 427 7 21 i
870 427 33 21 sin
919 427 43 20 hel-

205 461 38 22 het
258 462 60 21 lades
333 461 33 22 till
382 462 69 27 grund
466 461 36 22 för
517 462 41 21 den
573 462 111 22 blifvande
695 461 160 28 författningen
866 461 8 21 i
884 463 78 25 ämnet,

207 496 7 21 i
229 496 76 27 hvarje
327 496 102 22 händelse
451 496 78 22 kräfva
552 503 26 15 en
593 497 51 22 vida
659 497 141 27 grundligare
815 495 149 28 omarbetning

206 532 28 19 än
250 531 48 21 dem
313 531 37 21 vid
371 531 146 22 innevarande
539 531 107 28 landtdag
668 532 84 21 kunnat
774 531 84 21 komma
873 530 33 21 till
922 530 40 27 del,

207 567 53 19 enär
274 565 38 22 det
327 566 47 21 icke
396 566 61 22 torde
474 572 54 16 vara
544 566 85 28 möjligt
644 568 34 20 att
692 568 53 20 utan
761 566 123 27 betydande
900 564 63 22 modi-

206 600 116 22 fikationer
336 600 97 28 tillämpa
452 600 94 22 flertalet
561 600 25 22 af
600 600 180 28 bränvinslagens
803 599 162 27 bestämningar

207 634 65 22 äfven
287 634 8 22 i
309 634 65 28 fråga
396 641 32 15 om
451 641 93 21 svagare
566 635 136 27 rusdrycker.
731 635 115 21 Utskottet
864 634 40 21 har
919 634 46 20 der-

208 668 35 22 för
263 671 73 20 ansett
360 670 36 21 det
410 670 136 21 närvarande
568 670 102 22 behofvet
685 670 49 21 bäst
749 669 125 27 tillgodoses
889 674 76 22 genom

208 705 34 19 att
257 704 53 21 söka
325 704 135 28 undanrödja
482 704 26 22 de
529 704 201 22 missförhållanden
746 704 25 21 af
784 704 132 21 allmännare
930 703 34 21 be-

208 738 90 27 tydelse,
313 744 44 16 som
380 740 31 20 uti
434 738 169 28 ifrågavarande
624 738 102 22 afseende
748 738 141 27 förekommit,
905 737 60 22 och
953 733 15 37 i

208 772 80 22 sådant
302 772 58 28 syfte
374 779 26 15 ur
415 773 26 21 de
456 772 135 22 framställda
606 772 110 28 förslagen
731 772 102 28 upptagit
848 772 72 22 dertill
930 778 36 21 eg-

208 807 56 21 nade
280 807 141 27 stadganden.

278 841 33 22 De
334 841 154 28 öfverklagade
512 841 134 22 missbruken
668 841 66 22 hafva
757 841 33 22 till
812 840 154 27 hufvudsaklig

210 875 34 22 del
260 878 38 25 egt
317 882 45 15 rum
378 876 7 21 i
400 876 49 21 stad
472 877 38 20 och
532 876 120 21 föranledts
673 876 25 21 af
714 876 41 21 den
770 875 49 27 fria,
835 875 65 28 ingen
914 875 52 21 kon-

210 910 50 21 troll
275 910 159 21 underkastade
457 911 93 21 handeln
572 911 48 21 med
643 911 20 21 öl
678 911 39 20 och
732 910 70 21 andra
816 917 92 20 svagare
923 916 44 15 rus-

211 944 97 27 drycker.
338 945 31 20 På
392 945 70 27 grund
484 945 66 21 häraf
564 945 39 21 har
618 945 37 21 vid
671 945 159 27 behandlingen
846 944 24 21 af
883 944 84 22 föreva-

210 979 68 21 rande
293 979 81 21 ärende
396 979 41 21 den
459 980 109 26 synpunkt
587 979 58 22 varit
660 979 161 22 bestämmande
836 979 34 21 för
885 979 82 21 utskot-

210 1015 39 24 tet,
266 1015 33 20 att
314 1014 130 21 botemedlet
466 1013 34 22 för
522 1014 36 21 det
581 1014 55 21 onda
659 1013 76 22 främst
758 1014 47 21 står
820 1015 34 20 att
868 1014 53 21 söka
936 1013 32 21 uti

211 1047 174 22 minuthandelns
410 1048 109 21 ordnande
541 1049 28 26 på
593 1050 32 20 ett
640 1049 79 21 sådant
734 1050 50 25 sätt,
801 1050 33 19 att
850 1048 40 21 den
905 1047 63 22 fram-

211 1081 59 22 deles
285 1082 57 27 finge
357 1082 109 22 bedrifvas
482 1083 76 21 endast
573 1083 25 21 af
611 1089 107 20 personer,
733 1089 45 15 som
793 1083 87 26 åtnjuta
896 1082 72 22 veder-

212 1116 96 22 börande
322 1117 222 28 stadsmyndigheters
559 1117 129 22 förtroende.
711 1117 12 22 I
738 1117 66 27 fråga
818 1124 32 14 om
867 1116 101 22 utskänk-

212 1150 80 28 ningen
314 1151 66 22 hafva
403 1152 47 21 icke
472 1152 45 21 lika
539 1152 122 27 betydande
684 1152 106 21 missbruk
813 1154 37 24 egt
868 1158 52 20 rum,
936 1157 32 15 om

212 1192 49 15 man
281 1186 137 27 undantager
440 1186 53 27 dem,
516 1192 44 16 som
585 1186 135 22 framkallats
741 1186 25 21 af
779 1186 41 21 den
835 1185 134 28 gästgifvare

212 1220 29 27 på
263 1220 75 22 landet
364 1220 110 28 medgifna
504 1221 208 27 utskänkningsrätt,
746 1220 87 22 hvilken
864 1220 106 22 utskottet

212 1254 60 28 förty
287 1256 73 20 ansett
374 1255 53 21 böra
443 1255 45 21 helt
503 1255 39 21 och
557 1255 68 21 hållet
640 1256 104 26 upphöra.

282 1289 76 22 Ehuru
373 1289 37 21 det
431 1289 72 21 kunde
525 1296 65 20 synas
612 1290 125 26 önskvärdt,
762 1291 33 19 att
814 1288 93 22 handeln
922 1288 48 22 med

213 1323 147 27 maltdrycker
375 1324 38 21 och
429 1324 41 21 den
485 1324 47 21 med
548 1324 68 21 andra
631 1330 93 21 svagare
734 1323 146 27 rusdrycker
875 1319 14 36 i
891 1323 79 27 många

213 1358 117 22 afseenden
339 1358 106 22 ordnades
453 1364 75 22 genom
539 1357 233 23 öfverensstämmande
782 1357 142 28 stadganden,
936 1357 35 21 de-

213 1392 33 21 lar
262 1393 108 21 utskottet
384 1392 68 22 likväl
468 1393 41 21 den
524 1392 25 21 af
564 1392 122 22 Ständerna
704 1392 38 22 vid
754 1394 54 19 1882
820 1392 36 21 års
866 1392 105 27 landtdag

283 1438 189 18 Ekonomiutskottets
484 1438 118 18 betänkande
614 1438 36 18 N:o
662 1439 15 16 5.
