1073 1673
295 144 247 23 Petitionsbetänkande
558 145 37 22 N:o
611 143 30 24 31.
805 147 13 20 9

92 214 44 21 fors
152 213 18 28 ej
187 213 107 27 beaktats,
310 216 57 19 samt
382 215 33 19 att
430 214 35 21 vid
482 213 176 22 bestämmandet
673 214 25 21 af
705 214 147 27 procenttalet

92 248 99 21 frielever
207 247 101 28 antagits,
324 250 32 19 att
372 247 178 22 elevnumerären
566 254 51 15 vore
633 247 45 22 lika
693 249 13 20 å
728 248 45 22 alla
794 248 57 22 klas-

93 289 40 20 ser,
155 282 85 21 hvadan
264 283 41 20 den
328 281 143 28 kalkylerade
495 282 125 27 stegringen
639 282 7 21 i
661 282 151 23 inkomsterna
827 284 26 21 är

93 323 88 15 snarare
196 316 34 21 för
244 316 36 27 läg
295 317 27 20 än
338 316 34 21 för
387 316 48 27 hög.

161 351 106 21 Termins-
283 351 39 20 och
345 350 265 27 inskrifningsafgifterna
631 351 112 28 uppgingo
760 352 91 21 sälunda

93 386 69 21 under
184 385 80 22 nämda
282 385 71 21 läseär
369 385 92 21 faktiskt
477 385 34 20 till
527 387 32 19 ett
574 385 79 28 belopp
670 386 25 21 af
709 387 91 25 169,363
816 386 36 21 mk

94 420 52 21 eller
161 420 33 26 8,5
211 422 90 25 procent
316 419 24 22 af
353 419 50 22 hela
418 419 159 28 skolbudgeten
594 420 40 21 och
650 420 69 22 skulle
734 416 70 26 under
818 421 34 21 för

94 454 64 28 öfrigt
172 454 145 21 oförändrade
332 454 154 21 förhållanden
502 461 78 21 genom
597 455 56 22 1889
669 455 35 21 års
723 455 129 28 författning

94 491 82 25 stegras
192 489 33 21 till
247 489 66 21 minst
336 489 91 25 223,281
449 489 37 21 mk
502 489 54 21 eller
572 490 47 25 11,2
636 492 91 25 procent
743 489 24 22 af
780 490 72 21 denna

94 523 86 28 budget.

162 557 132 22 Yrkandena
315 557 8 21 i
345 557 138 22 förestående
508 557 187 28 petitionsförslag
717 558 66 21 hafva
804 559 48 20 med

94 592 84 28 hänsyn
201 592 33 21 till
257 592 64 21 ofvan
345 593 94 20 anförda
463 592 99 28 kalkyler
580 593 3 20 i
600 592 195 28 sammanfattning
811 593 42 21 den

96 627 140 21 ekonomiska
250 626 111 26 innebörd,
377 630 32 18 att
425 626 150 22 inkomsterna
590 627 48 21 från
653 627 142 27 gosskolorna
805 627 49 21 åter

95 662 71 21 blefve
189 661 113 22 minskade
325 661 33 21 till
381 662 64 21 deras
467 662 81 27 belopp
571 661 46 22 före
641 662 56 22 1889
717 662 34 21 års
767 662 84 25 reform,

97 697 90 27 100,197
205 696 35 21 mk
257 696 51 21 eller
323 697 111 20 därunder
449 699 58 18 samt
516 697 26 20 de
557 696 7 21 i
572 696 155 22 flickskolorna
734 696 119 28 inflytande

96 730 116 28 afgifterna
234 730 34 22 till
290 730 82 22 hälften
396 731 23 20 af
441 731 153 21 motsvarande
609 738 84 14 summa
708 730 52 22 eller
775 731 77 29 34,583

96 765 43 26 mk,
161 766 86 21 hvadan
268 765 85 21 landets
376 765 92 27 samliga
491 765 73 21 skolor
579 766 86 20 komme
681 767 32 19 att
728 765 125 27 återbringa

96 800 64 28 högst
181 800 91 26 134,780
294 799 37 21 mk
353 800 53 21 eller
422 800 56 21 blott
493 801 34 25 6,8
545 802 90 25 procent
651 800 24 21 af
688 799 165 27 skolbudgeten.

96 834 76 22 Denna
195 834 107 28 sänkning
317 834 48 21 från
383 835 46 25 11,2
446 838 98 24 procent,
561 834 82 22 hvilket
658 834 31 22 tal
705 834 67 27 enligt
788 834 64 22 ofvan

96 869 127 22 meddelade
238 869 70 21 siffror
323 869 62 21 torde
400 869 88 21 komma
503 871 35 19 att
554 869 84 27 framgå
653 870 70 20 såsom
738 869 115 21 resultatet

96 903 24 22 af
134 904 55 21 1889
205 904 34 21 års
255 903 86 27 reform,
357 903 33 22 till
405 905 33 24 6,8
455 907 92 24 procent
563 904 43 21 kan
622 903 35 22 väl
673 903 47 22 icke
731 910 63 15 anses
803 903 50 21 obe-

96 938 73 27 tydlig.
200 938 33 21 Då
248 938 73 21 därtill
337 938 104 25 kommer,
457 941 34 18 att
506 945 29 14 nu
552 939 7 20 i
574 938 61 27 fråga
651 939 94 20 varande
765 937 88 28 afgifter

95 972 84 22 fördela
201 973 33 27 sig
257 973 45 21 dels
324 973 29 27 på
370 973 155 21 skolkassorna
542 973 45 21 dels
603 973 29 27 på
648 972 206 28 skolbyggnadsfon-

96 1007 68 21 derna
186 1007 41 21 och
250 1014 25 15 en
293 1007 67 22 snabb
377 1007 85 22 tillväxt
477 1007 26 22 af
516 1007 103 22 särskildt
635 1008 62 21 dessa
713 1014 76 14 senare
805 1007 49 21 med

95 1041 83 28 hänsyn
195 1042 34 21 till
245 1043 36 20 det
297 1045 59 18 stora
371 1042 87 21 antalet
474 1042 139 27 nyinrättade
629 1041 78 26 skolor,
724 1049 45 14 som
785 1041 70 21 sakna

94 1083 58 20 egen
167 1076 66 25 lokal,
249 1083 51 14 vore
315 1077 139 27 synnerligen
471 1076 115 25 önskvärd,
602 1076 40 21 har
650 1077 80 20 nämda
738 1075 117 22 reduktion

96 1110 24 21 af
140 1111 207 27 terminsafgifterna
371 1113 61 26 synts
456 1111 109 21 utskottet
586 1111 71 26 egnad
680 1113 32 18 att
727 1111 53 26 göra
795 1112 61 19 anta-

95 1145 81 27 gandet
196 1145 25 22 af
233 1146 213 27 petitionsförslagen
463 1145 128 28 betänkligt.

165 1179 72 22 Jämte
248 1181 36 20 det
295 1180 108 21 utskottet
421 1180 94 21 sålunda
529 1180 8 21 i
552 1180 69 21 likhet
632 1180 49 21 med
691 1179 116 22 Allmänna
817 1178 41 21 Be-

95 1214 168 22 svärsutskottet
282 1215 36 21 vid
341 1215 56 21 1888
421 1215 36 21 års
476 1214 106 27 landtdag
598 1217 71 19 ansett
685 1214 48 22 fullt
749 1213 108 27 sakenligt

95 1248 41 21 och
153 1248 77 28 riktigt
245 1256 58 20 vara,
315 1251 32 19 att
361 1249 271 28 skolbyggnadsfonderna
643 1248 66 22 hafva
719 1249 33 21 sin
763 1248 94 21 förnäm-

94 1285 35 19 sta
147 1282 156 22 inkomstkälla
318 1284 7 20 i
341 1284 26 21 de
383 1285 25 20 af
422 1284 103 21 eleverna
540 1283 89 27 erlagda
644 1282 215 28 terminsafgifterna,

94 1317 40 21 har
150 1317 109 22 utskottet
273 1318 120 21 emellertid
409 1318 7 21 i
432 1319 27 20 de
475 1318 138 28 principiella
627 1318 101 27 grunder,
739 1317 74 21 hvilka
823 1323 35 14 ve-

94 1351 92 28 terligen
205 1352 114 21 dikterade
334 1352 117 28 styrelsens
468 1353 78 25 åtgärd
562 1352 24 21 af
598 1353 42 20 den
656 1353 27 21 22
697 1351 87 27 augusti
797 1352 62 21 1889

94 1385 74 22 funnit
183 1387 28 20 än
227 1393 60 15 mera
302 1387 102 27 vägande
420 1386 48 22 skäl
484 1389 45 20 mot
545 1394 30 14 nu
589 1386 146 28 föreliggande
745 1385 113 28 petitions-

94 1419 87 28 förslag.
213 1420 49 22 Med
285 1420 142 22 erkännande
450 1420 24 22 af
494 1422 37 20 det
553 1421 136 27 berättigade
708 1420 52 26 däri,
777 1421 38 25 att,
831 1420 29 20 då

94 1454 72 21 elever
187 1456 49 20 med
259 1454 110 22 utmärkta
394 1455 65 27 anlag
482 1455 86 27 intagas
587 1456 7 20 i
609 1462 27 14 en
652 1457 81 19 statens
749 1454 111 21 undervis-

163 1493 100 19 Allmänna
275 1494 176 18 Besvärsutskottets
463 1494 111 18 betänkande
585 1494 37 18 N:o
634 1494 31 18 24.
