1064 1656
306 118 245 24 Petitionsbetänkande
565 120 38 22 N:o
618 119 18 23 5.
807 122 12 20 3

86 186 31 18 till
139 186 56 18 Hans
213 186 92 24 Majestät
327 187 45 18 med
391 194 24 11 en
431 188 84 23 petition
534 194 32 12 om
579 194 24 12 en
621 189 60 23 nådig
696 189 118 23 kungörelse
826 189 23 18 af

87 215 88 17 innehåll

361 263 29 17 att
407 262 137 24 öfverstyrelsen
561 263 32 22 för
608 263 121 19 skolväsendet
739 270 40 17 eger
793 264 55 18 hvart

294 296 56 24 tredje
361 296 23 18 år
397 297 29 17 till
437 297 79 19 allmänt
523 298 108 18 läraremöte
638 298 133 18 sammankalla
779 298 67 18 lärare-

293 330 56 19 kåren
360 331 31 18 vid
403 332 70 18 landets
484 332 178 18 elementarläroverk
680 332 32 18 och
727 332 81 19 läroverk
816 333 31 22 för

294 366 154 24 kvinnobildning,
461 367 94 22 äfvensom

361 400 29 17 att
405 399 107 24 föregående
530 400 46 18 möte
593 400 54 18 alltid
665 401 40 21 egde
723 402 40 16 rätt
779 402 30 16 att
819 401 27 17 be-

291 435 79 17 stämma
388 435 56 22 orten,
463 435 12 18 å
493 435 70 18 hvilken
580 435 81 22 följande
673 435 46 18 möte
729 435 48 18 skall
787 435 60 18 hållas

293 469 49 18 samt
359 469 54 18 sättet
424 469 32 22 för
468 469 124 24 uppgörandet
603 470 25 22 af
637 469 39 18 dess
685 475 88 18 program
785 470 62 23 äfven-

293 509 38 12 som
342 503 32 23 för
385 503 39 18 dess
435 504 124 18 anordnande.

156 549 125 23 Helsingfors
293 549 38 18 den
345 550 9 16 7
367 549 91 18 Februari
472 550 49 17 1891.

157 630 22 21 0.
195 630 92 22 Donner.
369 629 68 23 Arvid
452 630 86 22 Genetz.
621 631 25 21 H.
662 631 115 22 Melander.

178 675 56 22 Alfr.
250 675 107 22 Kihlman.
387 675 23 22 E.
425 675 120 22 Bonsdorff.
575 676 68 23 Juuso
658 676 105 29 Hedberg,

386 722 25 21 H.
426 722 127 29 Piipponen.

158 921 177 22 Petitionärerna
358 922 65 22 hafva
443 922 74 21 anfört
539 924 33 20 att
588 922 87 22 landets
690 922 158 22 lärdomsskola

87 957 42 21 har
145 956 60 22 öfver
220 956 65 27 tjugu
300 957 24 20 är
339 956 55 22 eller
410 956 123 28 tidrymden
549 956 79 22 mellan
641 957 142 22 1867—1890
792 956 56 22 varit

87 992 8 20 i
117 991 109 21 afsaknad
241 990 24 22 af
284 992 41 20 den
341 990 95 22 lifvande
451 991 112 26 inverkan,
579 998 48 14 som
643 991 116 28 onekligen
775 992 24 20 är
814 993 33 19 att

88 1026 102 21 förvänta
213 1025 24 21 af
257 1025 111 22 allmänna
390 1025 153 22 läraremöten.
573 1026 50 21 Icke
638 1026 70 22 heller
722 1026 69 27 gifver
806 1025 42 22 Nä-

89 1060 52 28 diga
163 1060 150 27 Kungörelsen
329 1060 25 21 af
366 1060 42 21 den
426 1061 26 21 19
463 1060 119 22 December
594 1061 55 21 1889
659 1061 69 27 nägra
738 1060 111 27 garantier

89 1096 35 20 att
139 1094 144 22 läraremöten
302 1094 131 22 hädanefter
449 1094 71 22 skulle
537 1094 70 22 hällas
622 1095 126 27 periodiskt,
765 1094 84 22 hvilket

89 1129 56 22 dock
163 1130 25 20 är
203 1131 32 19 ett
250 1129 25 21 af
287 1129 138 22 lärarekären
441 1129 64 27 länge
521 1130 64 21 närdt
601 1130 40 21 och
657 1130 24 21 af
695 1130 152 21 rektorsmötet

89 1165 24 20 är
131 1164 53 22 1887
201 1164 106 28 enhälligt
321 1164 96 21 uttaladt
433 1164 172 28 önskningsmäl.

160 1198 110 22 Utskottet
292 1198 40 22 har
354 1198 37 22 vid
413 1198 163 28 behandlingen
599 1199 24 21 af
643 1199 73 21 denna
729 1198 62 28 fråga
805 1198 44 21 fäst

90 1232 195 29 uppmärksamhet
299 1232 150 29 förnämligast
459 1234 37 21 vid
507 1236 78 19 tvenne
596 1233 189 27 omständigheter.
806 1232 43 21 För

90 1268 37 21 det
142 1268 69 21 första
229 1267 69 22 skulle
313 1268 26 21 de
355 1268 136 28 ojämnheter
505 1269 8 20 i
528 1268 188 28 förfaringssättet,
731 1274 46 15 som
787 1266 63 22 alltid

91 1303 83 27 uppstä
196 1302 8 21 i
219 1302 107 22 särskilda
341 1302 78 28 skolor,
435 1302 79 22 hvilka
529 1302 48 22 icke
593 1303 34 21 stä
641 1304 49 20 med
705 1303 123 22 hvarandra
842 1303 8 20 i

90 1338 100 20 närmare
205 1336 111 28 samband,
333 1336 80 22 lättare
428 1337 110 27 utjämnas
554 1344 78 21 genom
647 1337 74 28 utbyte
736 1337 25 22 af
769 1336 81 22 tankar

90 1371 41 21 och
146 1371 147 21 erfarenheter
308 1371 100 22 lärarena
423 1372 100 27 emellan,
539 1372 40 22 och
596 1372 41 21 den
653 1372 134 27 enhetlighet
803 1371 46 23 vin-

91 1413 46 19 nas,
158 1413 47 14 som
220 1407 25 20 är
259 1406 71 27 vigtig
344 1406 125 28 isynnerhet
485 1407 29 26 pä
528 1406 89 22 skolans
633 1407 92 21 omräde.
755 1406 47 21 Och
817 1406 34 21 för

91 1441 37 20 det
151 1441 70 21 andra
242 1441 76 27 skulle,
334 1441 71 21 säsom
420 1441 175 28 petitionärerna
609 1441 76 27 riktigt
699 1441 93 28 päpeka,
808 1447 43 21 nya

161 1480 100 19 Allmänna
274 1481 172 19 Besvärsutskottets
457 1482 110 18 betänkande
579 1482 37 18 N:o
628 1483 16 16 3.
