1067 1664
295 134 245 21 Petitionsbetänkande
556 134 37 22 N:o
609 132 31 23 18.
807 136 11 19 5

90 198 75 20 sättas.
191 196 95 22 Snarare
297 196 56 28 finge
369 204 49 14 man
436 196 35 22 väl
482 198 87 26 antaga,
585 199 32 19 att
633 198 173 20 understundom
823 198 26 20 de

90 232 78 20 ämnen
177 238 25 14 ur
209 230 66 28 lifvet,
285 238 46 14 som
339 232 61 20 deras
409 231 65 21 konst
483 231 113 27 erfordrat,
606 232 58 20 trädt
677 232 50 20 dem
737 230 112 28 själfmant

90 265 33 21 till
137 266 70 20 mötes
219 265 47 27 just
281 266 69 20 under
365 266 41 20 den
422 265 139 21 värksamhet
577 266 26 20 de
620 265 35 21 vid
671 265 62 21 sidan
747 265 23 21 af
778 265 71 21 skald-

91 300 77 26 skapet
194 300 90 26 nödgats
307 300 81 26 utöfva,
412 300 40 20 och
474 300 41 20 den
531 300 100 27 poetiska
646 300 139 27 intuitionen,
803 306 45 14 som

88 334 26 27 ju
135 333 48 22 icke
206 334 30 20 täl
258 334 36 21 vid
317 336 34 19 att
373 334 154 28 yrkesmässigt
543 334 85 28 anlitas,
646 334 40 21 har
701 334 110 21 törhända
825 333 25 21 af

92 370 63 20 dessa
165 368 98 22 tillfällen
277 368 32 21 till
332 371 95 24 tvungen
443 368 59 22 hvila
517 368 47 22 haft
581 376 59 14 mera
654 375 56 21 gagn
727 370 28 20 än
771 368 74 22 skada.

93 403 72 21 Under
189 403 43 21 alla
253 402 151 22 förhällanden
428 404 24 20 är
476 404 36 20 det
534 404 25 20 af
579 404 46 20 vikt
641 406 33 18 att
690 403 103 21 skaldens
809 402 42 22 fria

92 438 65 20 konst
179 438 54 25 icke,
257 438 71 21 säsom
351 438 34 20 vid
409 444 26 14 en
460 438 86 20 officiell
563 438 130 27 premiering
711 438 24 20 sä
751 438 39 20 lätt
806 438 43 20 kan

92 472 44 26 ske,
161 472 75 21 bindes
260 472 36 22 vid
313 472 83 29 hänsyn
413 472 32 21 till
462 472 120 28 pekuniära
598 472 91 22 utsikter
705 472 55 21 eller
773 472 78 21 aukto-

92 507 85 22 riteters
198 507 133 27 maktspräk.
370 507 62 21 Huru
455 507 109 28 vanskligt
587 508 36 21 det
645 507 33 21 för
702 507 65 27 öfrigt
782 507 69 21 måste

93 541 64 22 blifva
179 542 61 21 äfven
259 541 33 21 för
314 543 41 20 den
378 544 54 19 mest
456 541 141 28 kompetenta
620 542 64 20 nämd
708 544 32 18 att
764 541 35 21 vid
823 547 28 14 en

92 576 41 21 slik
167 576 129 27 premiering
321 576 63 21 träffa
413 577 37 20 det
476 578 64 25 rätta,
562 576 82 21 bevisas
667 576 7 20 i
699 575 33 21 sin
755 576 50 20 män
829 574 25 21 af

93 610 124 27 Runebergs
233 610 96 22 bekanta
344 611 66 21 täflan
427 618 35 13 om
478 610 97 22 Svenska
591 610 126 21 akademins
732 610 51 27 pris.
815 604 36 26 Öf-

93 645 117 21 verhufvud
233 645 42 22 kan
299 645 107 28 godtycke
430 645 110 27 knappast
557 645 111 27 undvikas,
685 645 28 20 dä
729 645 37 20 det
783 643 69 28 gäller

93 682 33 19 att
148 680 29 27 pä
199 681 60 20 detta
281 681 88 20 omräde
385 679 67 21 bland
468 679 107 21 särskilda
590 686 103 21 personer
709 678 84 21 fördela
809 679 42 20 dis-

93 714 90 27 ponibla
205 715 124 24 understöd,
348 714 40 21 och
404 714 58 21 hvad
478 714 69 20 under
563 714 26 21 de
605 716 86 19 senaste
707 714 59 25 ären,
783 713 68 27 enligt

94 749 36 20 det
145 749 65 20 ofvan
226 748 97 26 anförda,
340 748 39 21 hos
394 755 35 14 oss
440 748 133 21 härutinnan
586 748 111 27 tillgjorts,
710 748 84 21 bevisar
802 747 48 21 icke

94 785 127 24 motsatsen;
244 785 23 25 ty
290 785 32 19 att
345 790 125 14 summorna
492 784 49 23 500,
563 783 57 21 3000
643 783 39 20 och
707 783 58 21 4000
789 781 63 22 mark

94 817 68 22 skulle
186 817 49 21 fullt
257 817 109 27 sakenligt
389 817 89 27 angifva
500 818 36 20 det
558 817 91 21 relativa
665 818 76 20 värdet
756 816 24 21 af
793 815 57 22 skal-

94 853 68 20 derna
184 851 93 26 Erkkos,
301 852 109 21 Brofeldts
433 852 41 21 och
497 852 175 26 Tavaststjernas
695 851 100 27 diktning
811 850 41 21 och

95 886 173 26 framtidslöften,
277 887 62 21 torde
347 886 34 22 väl
393 886 21 22 fä
423 893 65 15 anses
499 887 132 21 ätminstone
642 886 152 27 tvifvelaktigt.
819 885 33 21 En

95 921 119 25 författare,
231 928 44 14 som
292 922 137 20 uteslutande
445 923 25 19 är
487 922 105 20 hänvisad
607 921 32 21 till
654 924 33 18 att
703 922 32 20 för
751 921 32 21 sin
792 920 61 21 värk-

94 956 84 21 samhet
200 955 99 28 uppbära
321 957 41 20 den
385 956 138 27 godtgörelse
543 955 158 22 allmänhetens
717 954 137 28 bevägenhet

94 990 40 21 och
157 990 88 28 köplust
267 990 96 25 innebär,
388 991 61 27 böjer
468 991 37 27 dig
520 991 33 21 för
568 991 59 21 detta
643 990 94 21 domslut
753 990 40 20 och
810 989 43 21 kan

94 1026 65 20 därur
174 1025 74 21 hämta
263 1028 32 18 ett
311 1025 57 21 bevis
384 1026 28 26 pä
427 1025 33 21 sin
477 1032 53 20 egen
546 1025 97 27 förmäga
658 1025 51 21 eller
719 1025 132 20 ätminstone

94 1060 28 26 pä
145 1059 114 27 publikens
282 1060 164 26 smakriktning.
487 1061 32 19 En
544 1060 85 21 officiell
652 1060 70 24 nämd,
747 1060 106 24 däremot,

94 1093 54 21 skall
172 1094 76 20 endast
271 1094 7 20 i
301 1094 167 26 undantagsfall
491 1094 73 28 lyckas
580 1094 50 21 fälla
646 1096 30 18 ett
692 1094 45 20 lika
759 1093 93 27 öfverty-

93 1129 70 26 gande
188 1128 108 24 omdöme,
319 1128 40 21 och
381 1128 58 21 inför
455 1130 49 20 dess
527 1129 18 27 ej
568 1128 70 21 sällan
654 1136 25 13 ur
695 1127 160 26 omröstningar

93 1162 144 28 framgängna
252 1166 72 18 votum
341 1162 55 22 skall
412 1164 42 20 den
472 1164 48 20 med
530 1163 97 27 premien
635 1163 90 21 afsedda
735 1165 119 25 uppmunt-

92 1204 40 14 ran
165 1197 40 21 hos
230 1199 40 19 den
296 1197 105 21 belönade
434 1198 42 20 lätt
500 1198 60 27 gifva
584 1198 50 20 vika
658 1197 33 21 för
717 1204 26 14 en
769 1196 84 22 nedslä-

93 1232 54 20 ende
163 1231 77 22 känsla
255 1232 24 20 af
293 1235 32 17 att
341 1232 66 27 priset
423 1232 109 21 mähända
548 1232 90 21 tillfallit
653 1232 79 20 honom
749 1237 58 15 mera
817 1237 37 21 ge-

93 1273 50 13 nom
159 1266 69 28 slump
245 1266 40 21 och
301 1266 105 28 godtycke
422 1268 28 19 än
468 1267 28 27 pä
510 1268 70 25 grund
589 1266 24 21 af
620 1266 48 21 hans
685 1266 86 21 arbetes
783 1266 72 20 värde.

93 1295 64 27 Öfver
173 1301 96 21 rädande
285 1300 88 22 literära
389 1301 177 27 missriktningar
582 1301 24 21 af
619 1303 31 18 ett
666 1300 51 21 eller
729 1302 68 19 annat
808 1299 47 27 slag

92 1335 43 21 kan
159 1335 34 21 väl
217 1342 26 14 en
267 1335 42 21 slik
332 1335 158 21 smakdomstol
505 1336 7 20 i
527 1335 65 21 bästa
608 1335 37 22 fall
661 1342 51 14 vara
727 1335 59 27 höjd,
803 1341 49 14 men

92 1370 72 26 någon
187 1370 84 26 garanti
297 1370 32 21 för
347 1372 32 19 att
402 1371 50 20 dess
473 1370 142 28 uppfattning
631 1370 24 21 af
668 1370 69 25 vägen
754 1369 32 20 till
802 1368 53 21 kon-

92 1406 59 18 stens
167 1403 42 21 mål
225 1405 24 20 är
265 1405 40 20 den
323 1405 64 24 rätta,
403 1404 117 21 förefinnes
536 1404 28 27 ej,
580 1405 40 20 och
636 1405 68 20 under
721 1403 43 21 alla
775 1402 79 21 förhäl-

92 1433 79 25 landen
195 1437 67 28 ligger
285 1438 62 21 faran
363 1439 53 20 nära
432 1438 34 21 till
483 1439 69 20 hands
568 1441 32 18 att
616 1438 129 21 författaren
761 1437 33 20 för
810 1439 45 25 pri-

161 1476 99 18 Allmänna
273 1477 175 17 Besvärsutskottets
459 1477 111 17 betänkande
581 1477 37 18 N:o
631 1477 27 17 14.
