1070 1667
291 125 244 23 Petitionsbetänkande
550 125 37 22 N:o
603 124 35 23 20.
799 126 11 22 7

83 201 42 11 nom
143 194 65 23 nådiga
225 195 95 22 reskriptet
338 195 20 17 af
372 195 34 17 den
422 196 23 16 28
455 195 70 22 januari
539 196 42 16 1891
596 195 26 17 till
635 195 100 17 inrättande
747 194 95 18 anbefalda

83 224 57 17 finska
152 224 119 22 reallyceerna
283 224 6 16 i
301 224 113 22 Helsingfors
426 223 34 18 och
472 223 80 23 Wiborg.

152 252 26 18 På
194 252 55 22 grund
268 252 20 17 af
297 252 29 18 det
339 252 53 18 ofvan
404 252 75 18 anförda
490 252 29 18 får
529 252 32 22 jag
572 252 89 18 vördsamt
672 252 69 17 anhålla

358 298 29 17 att
398 297 156 23 Borgareståndet
562 297 58 23 jämte
631 297 61 23 öfriga
704 296 55 19 stånd
766 296 40 18 ville
813 296 29 18 uti

289 324 115 25 underdånig
419 326 80 22 petition
516 326 31 18 hos
565 326 53 18 Hans
636 325 101 24 Kejserliga
755 325 88 23 Majestät

294 354 74 18 anhålla
386 360 28 12 om
434 354 106 24 treklassiga
557 354 169 18 elementarskolans
743 354 8 18 i
768 354 75 22 Kajana

291 382 110 24 ombildning
419 382 30 18 till
465 384 26 17 ett
509 383 113 23 femklassigt
639 383 82 18 läroverk
735 382 109 24 gemensamt

291 411 31 22 för
332 416 65 19 gossar
409 411 32 18 och
451 411 68 22 flickor.

154 458 117 23 Helsingfors,
283 458 34 17 den
330 459 8 16 7
352 458 77 17 februari
444 459 48 17 1891.

580 503 72 22 Wald.
668 502 106 30 Eneberg.

156 712 38 23 VL

283 763 43 22 Till
340 763 112 28 vällofliga
468 762 189 29 Borgareständet.

156 815 28 18 De
196 815 105 23 tväklassiga
314 815 183 22 elementarläroverk,
512 821 39 12 som
563 815 55 17 finnas
632 814 88 18 inrättade
732 815 5 16 i
750 813 97 18 landsorts-

88 845 87 20 städerna,
193 844 52 17 hafva
263 844 101 23 upprepade
382 845 67 21 gånger
467 845 45 16 varit
530 843 75 18 föremål
616 843 29 18 för
658 843 136 22 anmärkningar
806 842 40 17 från

89 873 127 18 allmänhetens
233 873 38 17 sida
289 873 91 21 grundade
397 873 24 22 på
433 873 52 17 deras
497 873 52 22 högst
561 872 103 23 opraktiska
677 871 122 22 organisation
812 871 34 18 och

89 902 22 17 de
129 901 169 18 otillfredsställande
316 901 71 18 resultat
406 901 52 18 deras
477 901 112 18 verksamhet
607 901 57 22 gifvit.
688 900 41 17 Man
741 900 32 17 har
784 899 63 22 klagat

89 931 55 22 öfver,
163 933 25 14 att
200 930 30 18 det
241 930 134 23 kunskapsmätt
386 930 63 17 skolan
462 930 95 22 meddelar,
571 930 6 17 i
589 929 21 18 de
622 929 50 18 flesta
684 929 101 18 läroämnen
797 930 19 15 är
828 928 20 18 sä

89 959 98 20 inskränkt,
200 961 25 15 att
238 959 86 22 utgående
337 959 57 18 elever
407 959 53 17 däraf
470 959 53 18 hafva
534 961 63 20 ytterst
609 959 50 22 ringa
671 959 67 21 nytta
731 953 12 33 i
751 957 28 18 det
794 957 54 23 prak-

89 987 46 18 tiska
152 987 51 18 lifvet
221 987 34 18 och
273 993 22 12 en
312 987 70 22 mycket
400 993 43 17 svag
461 987 59 23 grund
539 987 27 18 för
582 986 61 18 vidare
656 986 100 23 utbildning
768 986 22 23 på
803 991 45 17 egen

89 1016 52 17 hand.
171 1016 41 17 Man
230 1017 32 16 har
279 1016 40 17 med
337 1018 45 15 rätta
394 1016 103 22 framhållit,
511 1018 26 15 att
549 1016 50 17 dessa
611 1015 82 18 läroverk
705 1015 61 18 endast
778 1017 31 15 äro
823 1016 25 15 att

89 1045 82 18 betrakta
189 1045 58 18 såsom
265 1045 127 18 förberedande
410 1045 69 18 klusser
496 1045 27 17 till
538 1045 55 22 högre
606 1043 184 22 elementarläroverk,
804 1045 44 15 utan

90 1076 26 15 att
133 1073 46 18 dock
196 1074 59 22 någon
269 1073 96 23 berättigad
378 1073 127 23 förutsättning
517 1073 56 18 finnes
585 1075 25 15 att
622 1073 75 17 flertalet
709 1073 58 17 elever
779 1071 52 18 skola
842 1071 6 17 i

91 1108 22 12 en
125 1108 57 11 annan
195 1102 104 23 fullständig
311 1103 51 17 skola
374 1103 22 22 på
410 1108 21 12 en
444 1108 59 11 annan
516 1105 28 14 ort
553 1101 118 23 komplettera
683 1101 22 18 de
718 1101 87 22 knappast
818 1100 30 23 på-

90 1131 73 22 började
181 1131 90 18 kurserna.
301 1131 37 18 Och
356 1137 29 12 om
401 1137 40 11 man
452 1131 67 22 jämför
531 1131 52 18 dessa
594 1130 107 22 tvåklassiga
712 1129 83 18 läroverk
809 1128 40 18 med

90 1162 12 15 t.
121 1165 28 12 ex.
166 1159 22 18 de
200 1160 54 22 högre
266 1159 128 22 folkskolorna,
408 1160 20 17 sä
440 1159 32 18 kar
485 1165 40 12 man
537 1157 48 20 svårt
596 1161 26 15 att
633 1159 44 22 inse,
691 1157 71 19 hvilken
774 1157 76 18 förnufts

91 1188 56 22 grund
160 1188 99 23 egentligen
271 1188 34 17 kan
318 1189 72 17 anföras
402 1188 26 17 till
442 1188 22 17 de
476 1189 57 17 förras
545 1189 76 17 existens
634 1187 34 18 och
680 1187 124 23 organisation.

160 1217 70 17 Samma
247 1217 89 22 missnöje,
350 1223 38 12 som
400 1217 116 18 annorstädes
528 1217 92 22 försports,
633 1216 51 18 råder
697 1215 51 18 äfven
762 1216 6 17 i
779 1215 70 18 Raumo

91 1245 38 18 stad
142 1245 108 18 beträffande
262 1245 29 18 det
303 1245 5 17 i
321 1245 61 18 staden
394 1245 93 23 befintliga
495 1245 106 22 tvåklassiga
608 1244 195 18 elementarläroverket
810 1243 40 18 med

91 1274 54 18 finskt
162 1274 194 22 undervisningsspräk.
385 1274 35 18 Det
438 1275 52 21 ringa
508 1274 101 18 förtroeude
626 1273 119 18 allmänheten
760 1273 52 22 hyser
824 1272 26 17 till

91 1302 40 18 dess
149 1302 173 23 ändamålsenlighet,
340 1302 69 18 bevisas
427 1302 41 18 bäst
485 1303 21 17 af
519 1302 34 18 den
565 1302 40 22 låga
618 1302 147 22 elevfreqvensen.
789 1300 61 18 Ehuru

91 1331 69 18 Raumo
178 1332 48 17 stads
245 1331 104 23 befolkning
366 1332 55 22 stiger
439 1331 27 17 till
486 1333 77 22 närmast
579 1332 53 20 3,800
640 1336 90 17 personer,
741 1330 34 17 den
788 1329 62 23 omgif-

92 1360 56 17 vande
156 1360 69 18 trakten
233 1362 19 16 är
259 1360 66 18 folkrik
337 1360 34 17 och
383 1359 176 22 bildningsbebofvet
571 1360 39 17 icke
622 1360 69 22 ringare
703 1361 22 15 än
731 1359 24 22 på
761 1358 54 18 andra
823 1364 28 12 or-

92 1391 27 15 ter
131 1388 20 18 af
166 1389 64 20 landet,
248 1389 32 17 har
298 1388 46 18 dock
363 1388 106 18 elevantalet
482 1388 56 18 under
550 1391 68 15 senaste
630 1388 57 18 läseår
699 1388 39 17 icke
751 1386 101 22 öfverstigit

91 1417 86 23 tjugutvå,
197 1423 21 12 en
237 1417 47 18 siffra
302 1423 38 11 som
359 1419 19 15 är
390 1417 100 22 onaturligt
501 1417 29 22 låg
542 1417 28 17 för
581 1416 130 18 statsläroverk.
735 1416 33 17 Att
780 1416 71 17 allmän-

93 1446 51 18 heten
162 1446 90 22 verkligen
270 1445 87 18 undviker
375 1448 25 15 att
418 1445 57 18 anlita
487 1445 202 21 elementarläroverket,
702 1444 76 23 framgår
792 1444 60 18 vidare

163 1478 101 19 Allmänna
276 1478 176 19 Besvärsutskottets
465 1478 110 19 betänkande
586 1478 34 18 N:o
632 1479 29 17 21.
