1070 1675
275 125 253 23 Motionsbetänkande
543 125 42 23 N:o
600 126 21 22 6.
785 129 11 18 7

359 208 102 28 Förslag
482 209 40 21 till
543 208 143 28 förordning
706 209 120 27 angående

291 242 146 28 försäljning
452 243 45 22 och
513 243 163 27 utskänkning
692 244 28 21 af
728 249 98 22 svagare

291 276 152 27 rusdrycker.

157 347 46 19 Art.
218 347 18 19 I.
267 347 36 20 Om
318 347 129 26 försäljning
461 347 25 20 af
501 353 90 20 svagare
606 347 135 26 rusdrycker.

427 407 9 22 $
454 406 18 19 1.

138 452 35 18 Till
188 453 78 23 drycker
280 453 80 18 hörande
375 453 59 18 under
448 453 61 18 denna
523 453 107 23 förordning
644 454 67 17 räknas
726 454 37 17 alla
777 453 49 18 alko-

70 481 103 23 bolhaltiga
186 481 84 24 drycker,
285 481 20 18 af
315 482 49 18 hvad
379 488 55 12 namn
448 483 45 17 eller
508 483 39 22 slag
562 483 23 17 de
600 488 44 12 vara
658 483 35 21 må,
703 482 63 18 hvilka
776 483 50 17 inne-

70 509 49 18 bålla
139 510 71 18 mindre
233 512 23 16 än
275 512 63 17 sexton
359 511 138 23 volumprocent
511 511 74 18 alkohol
600 511 30 18 vid
648 509 24 20 15
689 511 65 23 grader
768 511 59 23 enligt

71 538 58 18 Celoii
143 541 126 20 termometer;
283 539 46 18 dock
344 541 28 16 att
388 540 62 23 dryck,
465 540 55 17 hvars
535 539 113 18 alkoholhalt
662 540 41 18 icke
717 541 71 23 uppgår
799 541 28 17 till

72 565 11 19 2
99 570 83 22 procent,
198 568 95 18 betraktas
306 569 38 17 lika
358 569 41 17 med
414 569 108 18 alkoholfria
537 569 83 23 drycker.

428 632 9 22 S
454 630 19 20 2.

140 678 73 18 Handel
232 678 41 18 med
293 684 74 17 svagare
382 678 113 24 rusdrycker,
511 678 60 18 såsom
587 678 121 24 maltdrycker
723 678 33 18 och
772 678 57 21 viner,

71 706 28 18 får
113 706 62 18 idkas:

143 732 37 27 1:0)
197 735 20 17 af
230 735 48 21 dem,
293 735 61 18 hvilka
369 736 96 17 innehafva
480 736 89 22 rättighet
579 737 28 16 att
617 736 86 17 tillverka
713 736 53 18 dessa
777 736 53 23 dryc-

72 763 39 23 ker,
128 764 46 18 dock
189 764 49 18 blott
253 764 42 18 med
310 764 39 18 sina
364 770 46 17 egna
425 764 150 23 tillverkningar;

143 790 40 26 2:0)
205 792 21 18 af
242 792 99 24 behörigen
362 795 79 21 antagna
456 793 220 18 bränvinsutminuterare
692 795 47 15 samt
751 793 19 17 af
783 793 46 21 dem,

74 826 39 12 som
132 821 6 17 i
153 822 59 17 nedan
228 822 68 17 nämnd
311 822 79 22 ordning
404 822 101 17 förvärfvat
519 822 28 22 sig
561 822 89 22 rättighet
664 824 29 15 att
707 822 43 17 idka
764 822 67 17 handel

74 849 42 18 med
131 855 75 18 svagare
222 850 116 23 rusdrycker;

145 877 37 24 3:0)
198 878 20 18 af
230 879 42 17 dem
287 879 61 18 hvilka
363 879 73 18 erhållit
450 879 89 22 rättighet
554 881 28 16 att
597 879 90 18 utskänka
697 879 79 18 bränvin
786 879 46 17 eller

75 912 76 18 svagare
164 907 116 24 rusdrycker.

432 947 44 23 53.

143 993 122 18 Innehafvare
280 994 20 17 af
312 994 84 23 bryggeri
412 995 45 17 eller
470 993 92 18 vinfabrik
577 994 30 17 mä
621 993 31 18 vid
667 993 82 19 fabriken
759 994 73 23 försälja

75 1022 20 17 af
108 1027 47 18 egna
169 1023 141 22 tillverkningar
324 1023 6 17 i
345 1023 69 23 partier
430 1029 29 12 om
474 1023 56 17 minst
547 1021 26 19 25
589 1023 79 22 buteljer
678 1022 37 23 (hel
725 1019 53 28 korg)
788 1023 44 17 eller

76 1049 27 20 25
119 1051 47 23 liter,
186 1056 42 13 men
244 1051 65 18 endast
323 1052 20 17 åt
357 1057 93 18 personer,
465 1057 39 12 som
519 1051 74 18 erhållit
607 1051 84 23 behörigt
707 1051 82 18 tillstånd
804 1051 28 18 till

75 1080 133 23 utminutering
226 1080 46 18 eller
290 1081 124 22 utskänkning
430 1081 20 17 af
461 1081 54 17 dessa
529 1086 59 13 varor,
618 1076 111 22 Äfvenledes
744 1086 42 12 vare
801 1080 31 18 ho-

76 1114 42 13 nom
139 1109 68 17 tillätet
222 1111 28 15 att
265 1109 28 18 till
308 1115 60 12 annan
383 1111 30 16 ort
427 1109 74 23 försälja
516 1109 45 18 eller
575 1109 76 18 afsända
666 1109 40 18 sina
721 1109 112 18 tillverknin-

75 1143 40 18 gar,
138 1138 41 18 med
202 1138 118 23 iakttagande
338 1138 57 18 likväl
411 1138 20 18 af
443 1138 131 18 ofvananförda
589 1138 59 18 vilkor
663 1138 50 18 säväl
728 1138 5 18 i
749 1138 85 18 afseende

75 1167 12 17 &
101 1166 68 24 köpare
185 1172 39 12 som
237 1167 143 23 minimibelopp.

431 1206 45 22 84.

146 1252 127 18 Minuthandel
289 1253 40 17 med
344 1254 110 22 rusdrycker
468 1254 45 17 eller
528 1253 126 23 utskänkning
668 1253 53 17 deraf
728 1253 29 17 mä
768 1252 66 18 bedrif-

77 1288 34 12 vas
125 1282 16 22 ej
158 1282 70 17 mindre
244 1282 21 17 af
277 1282 99 23 välfrejdad
392 1282 34 18 och
441 1282 72 23 pålitlig
527 1282 48 18 finsk
590 1282 126 23 medborgare,
731 1287 39 13 som
785 1282 49 22 pröf-

77 1316 32 12 vas
131 1310 29 18 till
182 1310 91 18 rörelsens
296 1310 98 18 utöfvande
415 1311 75 23 lämplig
510 1317 45 11 vara
569 1313 47 15 samt
631 1311 39 17 icke
686 1310 72 18 utöfvar
772 1316 62 12 annan

77 1339 121 21 handelsrätt,
220 1340 24 16 än
267 1338 20 18 af
306 1339 28 18 för
352 1340 104 17 ändamålet
470 1340 73 18 bildadt
558 1340 60 22 bolag,
633 1340 33 17 der
680 1340 83 17 aktierna
777 1340 31 17 äro
824 1339 11 17 &

77 1368 106 22 namngifna
205 1373 88 17 personer
315 1368 101 22 utfärdade,
434 1368 56 18 sedan
509 1368 115 23 vederbörlig
639 1368 87 18 tillätelse
741 1368 29 17 till
785 1367 49 18 utöf-

78 1397 69 22 ningen
162 1396 20 17 af
194 1396 57 18 sädan
267 1396 65 23 näring
346 1397 96 17 utverkats
456 1397 24 22 pä
495 1398 38 16 sätt
548 1397 59 17 nedan
622 1397 81 22 stadgas.

147 1439 187 18 Ekonomiutskottets
347 1439 119 18 betänkande
477 1439 36 18 N:o
525 1439 17 18 5.

838 456 95 14 Jmf.bränv.
936 455 41 14 kom.

871 474 31 13 bet.
910 470 9 26 $
930 474 22 13 51.

840 491 61 14 Maltär.
911 490 68 14 förordn.

888 509 8 16 8
906 508 21 13 5.

851 681 25 13 Br.
886 680 41 14 kom.
938 680 32 13 bet.

896 698 31 16 $1.

852 995 26 13 Br.
888 993 41 14 kom.
938 993 32 14 bet.

898 1012 30 16 82

844 1029 62 14 Maltdr.
915 1029 11 12 f.
937 1029 8 16 $
954 1028 28 14 1:6.

855 1250 26 13 Br.
892 1249 41 13 kom.
943 1249 32 13 bet.

917 1268 14 12 4.

854 1284 62 13 Maltdr.
925 1284 11 12 f.
947 1283 8 17 $
964 1283 12 13 2.

854 1301 79 17 Näringsl,
943 1300 8 17 $
961 1300 12 13 2.

856 1341 26 14 Br.
891 1340 82 14 tillverkn.

869 1358 29 17 lag.
908 1358 8 16 $
926 1358 13 13 1:
950 1358 12 13 2.
