1059 1673
226 102 48 36 104
414 106 225 22 Petitionsbetänkande
656 107 34 21 N:o
706 106 15 22 1.

196 166 78 21 endast
294 165 102 27 påminna
412 166 82 27 derom,
510 168 36 20 att
562 168 75 20 senast
652 166 133 22 församlade
801 166 94 22 Ständer
910 166 40 22 hos

195 202 60 21 Hans
271 201 123 28 Kejserliga
409 202 104 28 Majestät
528 203 90 21 anhöllo
634 204 41 25 att,
691 202 87 22 oafsedt
794 202 37 22 det
846 201 101 23 beslutna

194 238 123 26 byggandet
332 237 24 23 af
370 240 32 20 ett
417 238 119 27 hamnspår
551 238 35 22 till
601 238 153 22 Nikolaistads
770 238 47 22 inre
833 238 72 26 hamn,
922 244 27 15 en

194 273 124 22 hamnbana
338 274 34 22 till
390 274 100 22 Wasklot
510 274 81 28 holme,
612 274 50 22 med
678 281 27 15 en
721 274 36 22 till
772 274 98 28 640,000
886 273 61 22 mark

195 309 133 27 uppskattad
351 310 94 22 kostnad
466 310 46 22 deri
536 310 128 28 inbegripen
683 310 63 22 äfven
770 310 122 22 kostnaden
915 309 34 22 för

194 345 197 28 kajbyggnaderna,
407 347 68 21 måtte
490 346 94 27 utföras,
600 346 74 22 derest
684 346 150 22 Nikolaistads
845 346 103 22 kommun

194 380 106 22 förbunde
316 381 34 28 sig
365 384 33 19 att
413 382 74 21 härtill
497 382 75 22 lemna
582 383 33 20 ett
626 388 60 15 mera
697 382 123 27 betydande
830 382 117 27 penninge-

194 416 86 28 bidrag;
301 419 57 20 samt
374 419 34 20 att
423 418 71 21 denna
508 418 128 22 hamnbana
651 425 92 15 numera
759 417 63 22 äfven
838 419 25 20 är
878 418 70 21 under

193 452 109 27 byggnad.

266 506 97 22 Oaktadt
383 507 91 22 sålunda
496 507 191 28 nödvändigheten
709 507 23 22 af
752 509 40 26 att,
809 507 38 22 der
868 507 78 22 sådant

194 541 38 22 ske
253 542 79 28 kunde,
353 543 92 27 utdraga
458 543 120 27 jernvägen
594 543 58 22 ända
668 543 34 22 till
718 549 58 21 resp.
792 543 92 22 hamnar
899 543 47 21 icke

194 578 33 21 för
247 579 72 26 någon
337 579 43 21 kan
397 579 142 22 vara'tvifvel
555 579 158 28 underkastad,
730 578 94 22 fattades
841 579 62 26 dock,
920 579 26 20 då

194 613 35 22 vid
250 616 87 20 senaste
353 615 105 27 landtdag
474 615 41 22 den
531 615 177 27 Björneborgska
725 615 71 21 banan
812 621 56 14 vann
884 613 62 22 Stän-

194 650 79 21 dernas
284 651 120 21 understöd
416 651 56 21 intet
485 650 74 22 beslut
568 657 34 15 om
612 651 50 21 dess
671 651 153 26 utsträckning
832 650 34 21 till
874 650 72 21 hamn.

194 685 98 23 Orsaken
303 686 35 21 till
350 687 70 21 denna
428 687 109 21 skenbara
546 686 161 22 inkonsekvens
716 686 95 27 framgår
820 686 51 21 fullt
877 685 69 28 tydlig

192 729 27 14 ur
226 724 87 20 senaste
323 722 229 28 Jernvägsutskottets
562 723 140 21 betänkande
714 723 39 21 och
764 722 95 21 berodde
870 723 28 26 på
909 722 37 21 det

194 758 107 21 outredda
320 758 68 28 skick,
409 759 61 21 hvari
491 759 51 21 hela
562 758 78 27 frågan
661 765 35 15 om
713 759 41 20 den
771 757 175 28 Björneborgska

193 793 82 22 banans
296 793 144 22 fortsättande
460 794 33 22 till
509 795 95 20 hamnen
620 794 37 21 vid
672 793 67 22 Räfsö
760 794 29 21 då
808 793 80 22 befann
904 793 40 27 sig.

192 829 103 22 Hvarken
315 829 84 28 förelåg
420 830 120 28 tillräcklig
561 829 117 28 utredning
694 836 36 15 om
746 829 78 27 sjelfva
838 829 106 21 hamnens

192 865 155 28 beskaffenhet,
368 866 34 21 för
422 868 34 20 att
476 872 50 16 man
548 866 50 21 med
619 866 41 22 full
676 866 103 21 säkerhet
794 865 71 21 skulle
880 864 65 22 hafva

192 901 85 21 kunnat
292 904 53 24 göra
359 902 60 21 klart
434 902 34 21 för
484 902 40 27 sig,
541 903 29 25 på
585 902 144 21 hvilkendera
740 901 62 21 sidan
814 907 34 15 om
860 902 84 20 vatten-

193 937 82 26 draget,
296 943 51 15 norr
368 937 54 22 eller
437 938 64 21 söder
517 938 83 26 derom,
616 936 228 27 hamnanläggningen
860 935 84 27 lämpli-

192 974 49 25 gast
261 972 67 22 borde
349 979 39 20 ega
408 979 60 22 rum;
490 973 19 27 ej
531 973 70 22 heller
621 973 57 21 hade
696 971 196 28 jernvägslinierna
910 971 35 21 till

192 1008 72 21 denna
284 1008 65 22 hamn
365 1009 56 21 varit
436 1009 90 22 föremål
546 1009 34 21 för
596 1010 24 20 så
636 1015 113 20 noggrann
765 1007 88 22 teknisk
868 1007 77 22 under-

192 1044 100 27 sökning,
315 1046 33 20 att
368 1051 50 15 man
440 1045 49 22 med
510 1045 90 27 ledning
621 1045 64 21 deraf
704 1044 72 22 skulle
796 1043 84 22 kunnat
895 1043 50 22 med

192 1079 120 28 tillräcklig
326 1080 166 28 tillförlitlighet
507 1081 98 22 beräkna
621 1079 272 28 anlägeningskostnaden.

263 1133 11 21 I
294 1139 50 21 nyss
366 1134 92 21 nämndt
477 1135 103 20 afseende
602 1133 116 22 förefinnes
740 1133 56 21 dock
811 1138 90 16 numera
916 1131 29 22 all

192 1168 86 28 önsklig
294 1169 124 27 utredning.
450 1169 83 22 Genom
550 1169 136 22 verkställda
701 1168 189 27 undersökningar
905 1168 40 21 har

192 1205 37 20 det
244 1205 130 26 ådagalagts
391 1207 34 20 att
440 1205 123 22 kostnaden
579 1205 35 21 för
629 1205 105 22 ledandet
752 1204 24 21 af
784 1210 28 15 en
823 1203 121 22 hamnbana

191 1239 35 22 till
241 1239 68 22 Räfsö
325 1240 71 22 holme
412 1247 52 15 norr
480 1247 34 16 om
531 1240 99 22 farleden
646 1241 89 21 komme
746 1241 34 20 att
790 1240 73 26 uppgå
873 1239 35 21 till
918 1245 28 15 en

192 1281 86 16 summa
292 1276 24 21 af
329 1276 120 27 3,350,000
464 1277 70 26 mark,
551 1276 89 21 hvartill
656 1277 100 21 kommer
771 1275 97 27 500,000
883 1274 62 22 mark

190 1311 34 21 för
240 1311 168 28 kajbyggnader,
425 1313 78 21 medan
520 1312 122 27 dragandet
658 1312 24 21 af
696 1318 28 15 en
738 1311 92 27 jernväg
840 1310 34 21 till
884 1310 61 21 Män-

191 1347 85 26 tyluoto
291 1347 73 22 holme
380 1348 65 21 söder
460 1354 34 15 om
510 1348 103 26 hamnen,
630 1348 71 21 skulle
717 1346 77 22 kräfva
809 1353 27 14 en
852 1346 94 21 kostnad

190 1382 25 21 af
229 1383 79 21 endast
324 1383 120 28 1,130,000
459 1384 69 27 mark,
538 1383 54 22 eller
599 1384 49 21 med
657 1383 78 27 tillägg
746 1382 24 22 af
778 1382 97 27 400,000
881 1381 65 22 mark

190 1418 34 21 för
239 1419 82 26 nödiga
335 1419 171 27 kajbyggnader,
523 1419 23 21 in
562 1425 86 15 summa
665 1418 119 28 1,530,000
798 1417 70 22 mark.

262 1459 175 23 Jernvägsutskottets
448 1460 112 18 betänkande
572 1459 37 19 N:o
621 1460 17 17 1.
