1073 1673
203 121 376 26 Petitionsbetänkande
597 122 58 23 N:o
670 122 51 22 32.

366 527 122 24 Allmänna
502 526 245 25 besvärsutskottets
763 526 82 24 hetän-

296 561 76 24 kande
392 561 30 24 N:o
444 561 23 23 25
488 561 7 23 i
515 560 100 29 anledning
637 560 20 24 af
674 561 67 23 tvänne
757 561 6 23 i
778 560 66 24 Bonde-

297 595 77 24 ståndet
388 595 105 24 inlämnade
508 595 164 30 petitionsförslag
687 601 27 18 om
725 594 119 24 inrättandet

296 629 20 24 af
340 629 53 29 lägre
412 629 167 30 jordbruksskolor
600 629 7 23 i
631 629 74 24 Nurmes
728 629 69 30 köping
812 628 33 24 och

295 663 7 24 i
318 663 70 30 Kajana
407 663 65 24 härad.

162 765 78 22 Jämte
262 765 213 28 protokollsutdrag
494 765 26 22 af
533 765 45 22 den
595 767 25 20 10
636 765 101 21 februari
752 765 41 22 har
808 765 38 21 he-

93 799 112 22 dervärda
226 799 176 21 Bondeståndet
420 799 37 21 till
478 799 125 21 Allmänna
622 799 225 22 Besvärsutskottets

94 833 142 29 behandling
250 833 129 29 hänskjutit
394 833 102 29 följande
508 835 85 20 tvänne
605 833 243 29 petitionsmemorial
839 829 13 37 :

163 920 171 31 (Öfversättning.)

246 981 50 20 Till
311 982 165 19 Hedervärda
491 982 208 20 Bondeståndet.

163 1050 9 19 I
188 1050 109 25 Pielisjärvi
312 1050 60 19 härad
387 1050 35 19 har
437 1057 47 12 man
499 1051 64 19 under
578 1057 70 13 senare
663 1051 50 19 tider
727 1051 35 19 allt
773 1051 76 19 klarare

95 1079 76 24 begynt
192 1079 48 18 fatta
255 1078 160 20 önskvärdheten
426 1079 20 19 af
460 1085 26 13 en
500 1079 118 25 förbättring
630 1079 27 26 på
669 1079 126 26 jordbrukets
811 1079 37 20 och

95 1107 46 19 dess
158 1107 122 24 binäringars
296 1107 86 24 område,
398 1107 80 19 hvartill
493 1107 140 26 befolkningen
647 1108 73 25 jemväl
734 1107 114 26 naturligen

96 1141 68 14 manas
179 1135 7 19 i
201 1135 58 20 dessa
274 1135 26 25 på
315 1135 119 25 odlingsbar,
450 1135 87 20 särdeles
552 1136 72 25 kraftig
633 1136 43 25 jord
689 1136 22 20 så
718 1137 43 18 rika
771 1136 79 19 trakter.

96 1164 46 19 Men
160 1164 54 19 detta
228 1164 86 19 intresse
328 1164 30 19 för
372 1164 177 25 modernäringens
564 1165 115 25 utveckling
694 1167 21 17 är
730 1165 50 19 dock
795 1167 55 17 ännu

96 1192 76 19 bundet
186 1192 20 19 af
220 1192 76 25 ganska
311 1192 72 25 trånga
397 1195 83 22 gränser
495 1193 37 19 och
547 1193 39 19 kan
601 1193 71 20 endast
686 1193 43 20 leda
745 1193 30 20 till
790 1193 59 19 miss-

96 1220 83 25 lyckade
196 1220 71 25 försök,
283 1220 23 19 så
321 1221 58 24 länge
394 1221 34 19 det
442 1221 17 25 ej
475 1221 54 19 ledes
544 1221 19 19 af
578 1221 39 20 den
624 1222 116 24 erfarenhet,
751 1222 36 19 och
797 1222 53 19 kun-

97 1249 55 25 skap,
179 1254 43 14 som
243 1249 39 19 kan
304 1249 84 20 erhållas
409 1255 73 19 genom
503 1249 178 26 jordbruksskolor.
710 1249 61 20 Detta
792 1250 60 19 hafva

97 1278 67 19 ortens
183 1277 120 19 innevånare
318 1277 60 20 också
393 1277 30 20 till
438 1277 49 20 fullo
502 1278 62 19 insett
574 1278 36 19 och
619 1285 54 18 unga
680 1281 46 17 män
735 1279 59 19 hafva
801 1278 50 25 jäm-

97 1305 101 20 förelsevis
216 1305 66 20 talrikt
301 1305 87 20 därifrån
410 1306 44 19 sökt
469 1306 31 25 sig
514 1307 31 18 till
559 1306 178 25 jordbruksskolor.
767 1307 45 19 Men
828 1306 25 19 då

98 1333 74 20 sådana
189 1333 43 20 icke
247 1334 64 19 finnas
327 1334 6 19 i
348 1334 44 19 hela
410 1335 78 24 Kuopio
504 1335 33 19 län
552 1341 53 13 mera
619 1337 26 17 än
660 1337 78 23 tvänne,
749 1335 37 20 och
793 1335 60 19 dessa

98 1363 34 18 äro
146 1362 83 25 aflägset
246 1362 88 25 belägna,
349 1364 33 17 äro
398 1363 24 19 de
436 1363 43 24 just
493 1363 17 25 ej
523 1363 30 20 till
567 1364 96 19 nämvärd
677 1365 59 22 nytta
746 1364 30 19 för
790 1365 63 18 orten.

98 1390 78 25 Kuopio
198 1391 44 19 läns
263 1393 99 22 guvernör
381 1391 36 19 har
436 1392 59 19 äfven
510 1392 113 19 observerat
638 1392 65 19 denna
717 1392 63 19 trakts
795 1391 59 20 behof

98 1419 20 19 af
144 1424 25 14 en
196 1419 162 25 jordbruksskola
386 1420 52 18 samt
462 1419 36 19 har
521 1420 37 19 hos
586 1420 100 24 styrelsen
705 1420 94 20 hemstält
820 1425 33 13 om

167 1456 101 18 Allmänna
280 1456 170 18 Besvärsutskottets
462 1456 109 18 betänkande
581 1458 36 16 N:o
626 1458 30 17 25.
