1056 1670
328 111 227 24 Petitionsbetänkande
572 112 34 21 N:o
622 111 14 22 1.
784 112 43 21 129

175 173 62 21 Inom
259 172 42 21 den
323 171 160 22 ofvannämnda
503 171 99 22 komitén
624 171 140 27 ifrågasattes
777 170 80 29 jemväl

103 209 130 26 jernvägens
257 207 109 26 dragande
389 207 50 22 från
461 207 119 27 Jyväskylä
600 206 35 22 till
651 207 102 27 Filppula
768 206 89 23 station.

106 245 77 21 Denna
203 244 54 21 linie
273 243 40 21 har
329 243 78 21 endast
421 243 75 21 blifvit
511 243 89 21 okulärt
615 243 122 21 undersökt
752 243 39 21 och
808 243 49 21 dess

106 280 65 27 längd
193 279 76 22 dervid
290 279 133 26 uppskattad
444 279 36 21 till
500 279 29 22 93
552 278 122 22 kilometer.
705 278 41 21 Vid
763 278 94 21 likartad

107 315 164 26 undersökning
291 314 23 21 af
333 314 75 21 Keuru
429 314 68 21 linien
519 317 77 24 antogs
612 314 84 21 banans
711 314 65 27 längd
791 313 67 22 blifva

107 351 29 21 74
150 351 123 26 kilometer,
289 356 50 15 men
354 350 91 21 befanns
459 350 36 21 vid
507 351 41 20 den
561 350 167 21 instrumentala
739 349 118 22 undersök-

106 386 80 27 ningen
200 386 129 27 emellertid,
341 387 71 20 såsom
424 386 23 21 af
457 386 37 21 det
505 385 157 22 ofvananförda
673 385 101 27 framgår,
786 385 71 27 uppgå

106 422 57 21 ända
178 422 35 21 till
227 422 44 27 80,8
282 421 120 22 kilometer.
434 422 33 20 En
478 421 95 21 likartad
585 421 139 27 förlängning
735 422 42 20 kan
790 420 67 22 förut-

107 460 69 19 sättas
200 457 62 22 äfven
284 457 33 21 för
337 457 102 27 Filppula
455 457 75 28 linien,
546 457 88 21 hvarför
650 463 49 15 man
716 457 62 21 torde
794 456 64 22 träffa

106 494 120 26 sanningen
247 495 98 19 närmast
367 499 34 15 om
423 500 51 14 man
490 495 91 25 antager
596 494 34 20 att
646 492 212 27 längdförhållandet

108 529 93 21 emellan
211 529 94 21 linierna
316 528 71 22 blefve
395 529 123 21 detsamma
528 535 46 15 som
584 528 36 22 vid
629 529 42 21 den
680 528 90 22 okulära
778 528 79 26 besigt-

108 564 80 28 ningen
196 564 123 27 förutsatts,
328 564 53 22 eller
389 566 34 20 att
431 564 102 27 Filppula
540 564 69 22 linien
620 564 86 22 således
715 564 69 21 skulle
792 563 66 22 blifva

107 600 100 27 omkring
229 600 28 22 19
278 600 115 21 kilometer
413 600 75 26 längre
510 602 27 19 än
559 600 76 21 Keuru
656 600 74 21 linien.
761 600 49 21 Med
827 600 31 21 af-

107 636 80 21 seende
207 636 14 21 å
241 638 126 23 terrängens
389 635 150 22 beskaffenhet
559 638 78 24 antogs
658 636 36 20 vid
711 636 41 21 den
768 635 91 22 okulära

107 671 153 27 besigtningen
277 671 265 27 anläggningskostnaden
558 671 34 21 för
603 671 102 27 Filppula
714 672 68 21 linien
792 670 67 22 blifva

107 714 40 20 par
166 710 64 18 tusen
251 708 62 20 mark
333 714 38 20 per
391 707 117 21 kilometer
530 707 100 27 billigare
651 710 27 18 än
694 707 74 21 Keuru
784 707 73 21 linien.

107 742 75 22 Ehuru
205 743 41 21 den
263 742 74 22 härvid
353 744 96 26 antagna
465 743 100 21 absoluta
581 744 122 20 kostnaden
719 743 33 21 för
768 743 41 21 den
825 748 34 16 se-

107 784 52 16 nare
174 778 68 22 linien
258 778 123 22 sedermera
396 780 29 25 på
435 779 70 26 grund
517 778 23 22 af
550 779 42 21 den
603 778 168 22 instrumentala
781 778 77 22 under-

108 814 120 26 sökningen
244 814 127 26 visserligen
387 814 112 22 befunnits
514 821 53 15 vara
582 814 34 22 för
630 814 48 27 lågt
688 814 117 27 beräknad,
815 814 43 21 kan

108 850 23 20 åt
146 849 185 27 uppskattningen
347 849 24 22 af
385 850 26 21 de
427 850 55 21 båda
494 849 192 28 sträckningarnas
697 850 92 21 relativa
799 849 59 22 kost-

108 884 207 22 nadsförhållanden
343 885 55 21 dock
427 885 95 22 skänkas
551 886 42 21 den
622 885 77 27 tilltro,
728 887 34 20 att
790 885 69 21 totala

108 920 265 27 anläggningskostnaden
397 920 34 22 för
452 927 26 15 en
498 921 92 27 jernväg
610 921 35 21 till
665 921 101 27 Filppula
790 921 69 21 måste

108 956 128 21 förutsättas
259 956 67 21 blifva
346 956 19 27 ej
387 956 122 27 obetydligt
530 959 70 19 större
621 959 27 19 än
670 957 34 21 för
724 963 26 16 en
769 957 90 26 jernväg

108 992 35 21 till
158 992 82 21 Keuru.

179 1027 48 22 Den
252 1028 164 26 ifrågavarande
439 1028 98 21 komitén
559 1029 45 26 har,
624 1029 72 20 såsom
713 1028 63 21 ofvan
792 1028 67 21 redan

108 1063 91 27 anförts,
215 1063 82 21 uttalat
312 1063 33 27 sig
361 1064 82 21 derhän
459 1065 34 20 att
509 1071 27 14 en
550 1064 92 27 jernväg
657 1064 48 21 från
720 1064 58 21 Vasa
788 1063 72 22 banan

109 1098 34 21 till
166 1099 117 26 Jyväskylä
303 1099 67 21 borde
389 1101 53 25 utgå
461 1099 49 22 från
527 1099 81 28 Keuru,
626 1099 53 22 eller
695 1106 34 15 om
746 1099 78 22 sådant
839 1099 24 21 af

109 1134 102 22 tekniska
222 1135 48 21 skäl
281 1134 19 27 ej
312 1135 43 21 läte
367 1135 33 26 sig
411 1137 58 24 göra,
482 1135 49 22 från
541 1135 133 27 Pihlajavesi
685 1135 80 22 station
776 1136 13 20 å
797 1134 63 22 först-

108 1171 96 20 nämnda
219 1170 64 22 bana.
308 1170 76 21 Denna
399 1170 33 21 sin
445 1171 57 27 åsigt
513 1171 96 27 grundar
619 1171 99 21 komitén
728 1170 132 22 hufvudsak-

108 1205 57 27 ligen
175 1207 28 25 på
211 1206 96 27 följande
316 1213 158 20 resonnemang
482 1207 40 21 och
531 1206 68 22 fakta.
623 1207 48 21 Den
680 1206 86 27 uppgift
773 1205 88 22 hvilken

108 1241 70 27 enligt
193 1241 109 22 komiténs
319 1242 66 21 tanke
401 1241 41 22 bör
457 1242 76 21 ställas
550 1242 78 21 främst
641 1242 35 21 för
686 1243 70 20 denna
764 1242 96 26 jernväg,

108 1282 47 16 som
171 1277 70 21 måste
252 1277 79 21 tänkas
342 1277 45 21 förr
399 1278 54 21 eller
463 1284 77 15 senare
552 1278 88 21 fortsatt
651 1278 74 21 vidare
736 1279 58 20 emot
803 1278 59 20 öster

108 1312 35 21 till
159 1312 104 22 Savolaks
279 1312 78 28 banan,
374 1315 25 19 är
414 1315 33 19 att
463 1314 50 20 med
529 1313 123 22 hvarandra
667 1313 100 21 förbinda
775 1312 86 22 landets

108 1349 74 20 vestra
203 1348 39 21 och
263 1350 60 20 östra
339 1348 60 21 delar
415 1349 40 21 och
471 1351 33 19 att
520 1349 89 21 dermed
625 1348 101 22 befordra
742 1347 119 22 utvecklin-

108 1389 41 20 gen
165 1383 24 21 af
203 1384 41 21 den
261 1384 47 21 inre
323 1384 102 21 handeln.
448 1384 33 22 De
496 1384 112 22 härintills
624 1384 86 27 byggda
718 1384 144 27 jernvägarne

108 1418 64 22 hafva
193 1419 79 21 endast
293 1419 6 21 i
315 1419 62 27 ringa
393 1420 50 20 mån
459 1419 139 27 tillgodosett
614 1420 71 21 denna
701 1419 92 27 uppgift,
809 1420 53 20 utan

180 1459 175 23 Jernvägsutskottets
367 1460 109 18 betänkande
488 1459 35 19 N:o
536 1462 15 16 1.
