1067 1675
303 142 253 22 Motionsbetänkande
572 142 43 22 N:o
631 143 21 21 6.
800 144 26 19 37

98 208 124 27 egentligen
244 208 124 27 framträdt,
388 208 112 21 hvaremot
520 208 71 27 några
613 208 119 28 ändringar
755 208 7 21 i
781 208 26 21 de
822 208 35 21 be-

98 242 139 28 stämningar,
261 248 44 16 som
328 244 38 20 äro
390 242 103 27 gällande
516 242 34 22 för
572 242 92 22 handelu
689 242 49 22 med
765 248 92 22 svagare

97 276 129 28 rusdrycker
241 277 28 27 på
285 276 75 22 landet
375 277 40 21 och
425 276 7 22 i
443 276 87 28 köping,
542 276 49 22 icke
601 279 61 25 synts
672 283 54 15 vara
734 276 122 28 påkallade.

166 311 48 21 Den
229 311 199 27 hufvudsynpunkt,
444 311 50 22 från
508 311 88 22 hvilken
612 312 109 21 utskottet
736 312 74 27 utgått
820 310 38 22 vid

98 346 154 21 utarbetandet
262 346 24 21 af
293 346 82 28 jemväl
390 346 62 22 detta
467 346 233 28 författningsförslag,
712 347 39 21 har
763 346 94 28 tidigare

98 380 73 21 blifvit
186 380 110 28 angifven.
313 394 25 2 —
356 380 69 22 Göres
436 380 134 28 rättigheten
582 381 33 21 till
626 381 93 21 handeln
735 382 48 21 med
797 380 61 23 viner

98 414 38 21 och
152 414 68 22 andra
242 421 92 21 svagare
356 416 135 26 rusdrycker,
508 416 28 26 på
559 417 45 20 sätt
624 416 45 21 deri
684 416 98 27 föreslås,
798 416 60 21 bero-

98 449 54 21 ende
168 449 25 21 af
213 450 163 22 vederbörande
398 450 214 28 stadsmyndigheter
635 450 38 22 och
696 450 98 22 utfärdas
810 450 46 21 der-

96 483 66 27 jemte
178 484 58 22 vissa
257 484 109 22 allmänna
387 484 137 22 föreskrifter
546 484 34 22 för
595 485 104 21 handelns
714 484 142 22 bedrifvande

98 520 56 20 samt
169 519 251 22 ansvarsbestämmelser
443 519 34 22 för
499 519 155 22 öfverträdelse
671 519 25 21 af
710 520 68 26 dessa,
794 518 62 22 torde

98 561 49 15 man
161 554 74 22 kunna
257 554 81 27 hoppas
361 555 33 20 att
414 554 42 22 den
472 554 79 22 handel
566 554 48 22 med
629 554 149 28 hvarjehanda
792 552 63 29 sprit-

98 589 151 27 blandningar,
273 589 138 27 hvarigenom
435 589 180 28 bränvinslagens
630 589 138 27 stadganden
783 588 72 22 blifvit

97 623 155 28 kringgångna
267 623 39 22 och
320 624 26 21 så
361 624 86 27 mycket
462 624 52 21 ondt
530 623 170 27 åstadkommits,
709 623 79 22 varder
802 623 7 21 i
820 625 36 20 vä-

98 657 80 28 sentlig
193 664 48 15 mon
263 657 88 28 stäfjad,
368 660 53 19 utan
446 660 34 19 att
503 658 93 21 handeln
616 658 49 21 med
680 658 100 27 verkliga
794 658 62 21 viner

98 691 56 22 lider
168 692 96 27 inträng,
280 699 45 15 mer
339 695 28 19 än
382 692 78 27 nödigt
474 695 31 19 är.

166 727 34 22 De
214 727 63 21 flesta
291 727 191 28 bestämningarna
497 727 8 22 i
520 727 71 22 denna
606 727 130 27 författning
752 726 106 22 öfverens-

98 763 92 19 stämma
205 761 48 22 med
277 761 140 22 förenämnda
443 761 128 28 paragrafer
595 762 7 21 i
621 761 154 28 förordningen
790 761 66 27 angä-

98 795 54 22 ende
166 795 152 28 maltdrycker,
334 796 84 21 sädana
434 796 27 21 de
476 797 83 20 komme
574 798 34 19 att
623 796 51 27 lyda
690 796 69 27 enligt
774 795 82 22 utskot-

98 831 43 20 tets
156 829 89 29 förslag,
261 830 39 22 och
315 829 35 23 får
366 831 108 21 utskottet
488 830 59 28 förty
562 830 8 22 i
584 830 122 22 hufvudsak
722 829 90 23 hänvisa
822 829 34 22 till

97 864 158 28 motiveringen
270 864 25 23 af
315 865 27 21 de
357 865 125 27 ändringar,
502 872 44 15 som
562 865 7 21 i
584 865 134 22 sistnämnda
732 864 125 28 förordning

97 898 131 28 föreslagits.

166 933 80 22 Likväl
261 934 66 22 hafva
342 934 59 22 vissa
416 934 108 22 särskilda
538 934 137 28 stadganden
690 936 61 25 synts
766 940 53 16 vara
834 933 25 22 af

98 967 76 26 nöden,
197 968 70 21 såsom
289 968 164 28 bestämningen
474 968 8 22 i
504 970 14 25 &
542 971 10 19 1
569 969 114 27 angående
698 968 160 22 alkoholhalten

97 1002 38 21 hos
151 1002 99 28 drycker,
266 1009 44 15 som
326 1002 25 22 af
365 1003 71 22 denna
450 1002 132 28 författning
598 1004 93 20 beröras.
710 1016 24 2 —
751 1003 12 28 &
779 1005 13 19 2
803 1005 53 19 mot-

97 1042 77 16 svarar
190 1038 9 19 1
218 1037 12 25 8
246 1036 7 22 i
267 1037 156 28 förordningen
439 1038 114 27 angående
564 1038 155 26 maltdrycker;
730 1037 26 29 $$
768 1038 12 20 3
791 1038 39 21 och
842 1038 14 21 4

97 1072 112 20 motsvara
224 1070 26 29 $$
266 1074 11 18 2
294 1072 39 22 och
349 1074 33 20 14.
413 1072 44 22 Det
477 1072 7 22 i
506 1072 168 28 bränvinslagen
693 1072 107 28 ingående
815 1072 42 21 för-

97 1104 68 23 budet
189 1108 45 19 mot
255 1106 157 28 utminutering
434 1107 69 22 under
525 1106 129 23 marknader
676 1107 39 21 och
737 1106 120 28 torgdagar

97 1141 56 20 samt
168 1139 72 28 dagen
256 1141 139 22 derförinnan
411 1142 39 21 har
466 1144 83 19 ansetts
564 1142 74 21 kunna
653 1142 123 21 utsträckas
792 1141 64 22 äfven

97 1174 33 21 till
145 1180 94 22 svagare
254 1176 134 27 rusdrycker,
411 1176 55 21 dock
481 1177 77 21 endast
573 1177 29 26 pä
616 1176 94 21 särskild
728 1176 129 22 hemställan

97 1209 39 21 och
152 1209 40 22 der
206 1209 118 29 anledning
339 1213 35 19 att
395 1211 77 22 befara
487 1211 107 22 missbruk
609 1211 147 22 förekommer.
773 1223 27 2 —
815 1210 13 29 &
844 1213 12 18 5

97 1245 122 20 motsvarar
234 1251 60 15 mom.
318 1246 7 21 4
354 1245 12 28 $
385 1247 9 20 2
415 1246 7 21 i
444 1245 284 28 maltdryckförordningen.
758 1245 44 21 För
824 1246 34 20 att

97 1278 131 27 möjliggöra
249 1279 34 22 för
304 1279 115 28 försäljare
439 1279 25 22 af
484 1280 100 27 verkliga
605 1280 63 21 viner
692 1282 33 19 att
748 1279 58 22 hälla
821 1279 35 22 sä-

98 1312 57 21 dana
170 1313 28 26 pä
214 1313 68 27 lager,
298 1313 40 22 har
360 1313 68 22 likväl
447 1314 276 28 försäljningsrättigheten
738 1314 119 21 utsträckts

97 1346 62 22 öfver
174 1347 61 22 tiden
250 1347 25 22 af
288 1348 40 21 två
342 1348 32 27 är,
390 1348 34 22 för
439 1348 38 22 det
492 1348 39 22 fall
546 1351 34 19 att
594 1348 156 22 innehafvaren
765 1348 49 21 icke
824 1347 32 22 lä-

97 1380 29 21 tit
140 1381 108 22 missbruk
270 1381 86 22 komma
378 1382 34 28 sig
431 1382 33 22 till
483 1383 49 27 last,
547 1383 85 22 hvilket
646 1383 36 21 vid
699 1383 159 26 ansökningens

96 1414 122 28 förnyande
233 1416 64 21 hvart
312 1419 68 19 annat
394 1417 26 21 är
436 1417 84 22 komme
535 1417 66 21 under
618 1417 140 27 ompröfning.
771 1430 25 1 —
806 1417 27 26 $$
844 1419 12 18 6

166 1461 189 19 Ekonomiutskottets
368 1462 120 18 betänkande
500 1463 35 18 N:o
547 1463 17 18 5.
