1056 1670
320 106 224 22 Petitionsbetänkande
561 106 35 21 N:o
612 105 14 21 1.
793 107 27 19 65

456 207 40 18 28.

169 260 59 21 Från
249 260 169 21 Presteståndet
433 266 27 16 en
476 260 24 21 af
514 260 57 22 Herr
586 260 27 21 H.
629 260 25 21 E.
672 259 132 23 Schroderus
819 260 32 21 in-

97 296 87 22 lemnad
205 295 94 27 petition
321 302 34 15 om
378 296 114 27 byggande
508 296 24 21 af
546 302 27 15 en
587 295 91 27 jernväg
694 295 48 22 från
757 295 95 22 Suonen-

96 332 47 26 joki
160 331 82 21 station
263 331 34 21 till
318 331 145 27 Kuhjonlahti
483 331 36 21 vid
536 331 94 27 Keitele,
650 331 88 22 hvilken
760 330 92 28 petition

99 368 6 20 i
122 367 159 27 öfversättning
297 368 40 20 har
353 367 96 27 följande
465 367 92 27 lydelse:

228 468 56 19 Till
304 468 180 25 Högvördiga
504 469 222 19 Presteständet.

173 527 72 20 Under
264 534 56 13 mera
340 530 24 16 än
388 528 59 25 tjugu
468 529 23 18 &r
512 528 37 19 har
570 529 47 19 värt
637 528 60 20 lands
717 528 32 19 för
769 528 35 19 det
819 527 35 20 all-

101 560 75 17 männa
191 558 61 19 bästa
268 557 132 20 nitälskande
417 558 97 25 Styrelse,
526 558 31 19 tid
568 557 52 20 efter
631 564 67 13 annan
709 557 97 26 uppgjort
816 557 39 19 för-

102 588 44 24 slag
167 587 32 19 till
214 587 238 20 kommunikationernas
468 587 142 20 förbättrande
626 587 7 19 i
648 587 98 25 nejderna
762 594 49 13 norr
825 594 30 12 om

102 617 90 25 Päijäne,
214 617 66 19 ehuru
302 617 60 20 dessa
382 617 55 25 goda
452 617 86 25 afsigter
554 617 74 20 hittills
643 617 101 20 förblifvit
760 619 49 17 utan
824 622 31 14 re-

102 647 68 19 sultat.

174 676 179 20 Savolaksbanans
369 683 61 13 norra
446 676 33 20 del
495 677 37 19 har
548 676 41 20 fätt
605 676 32 20 sin
648 676 119 20 nuvarande
778 676 77 20 sträck-

103 706 50 25 ning
168 706 32 19 till
216 708 43 18 stor
275 706 33 20 del
324 706 7 19 i
347 706 35 20 det
397 706 53 26 syfte
467 708 30 18 att
513 706 73 20 lättare
602 706 70 20 kunna
687 706 94 20 förbinda
797 706 60 19 dessa

103 736 89 19 folkrika
208 736 38 19 och
261 736 125 26 produktiva
401 736 80 20 trakter
496 736 47 20 med
558 736 97 20 nutidens
670 736 60 20 bästa
745 735 112 20 kommuni-

104 765 153 20 kationsmedel.

176 795 49 20 Man
242 797 64 24 antog
322 798 30 17 att
368 796 57 19 detta
440 796 118 25 lämpligast
573 796 66 19 skulle
654 796 70 19 kunna
739 795 36 20 ske
786 801 73 19 genom

104 824 143 26 kanalisering
268 825 22 19 af
309 827 30 17 ett
355 826 56 19 antal
430 826 66 19 forsar
513 826 38 19 och
566 828 113 17 strömmar.
710 826 48 18 Men
774 824 84 20 emedan

105 861 26 13 en
145 854 89 26 jernväg
250 855 82 25 mycket
348 855 158 25 fullständigare
522 854 160 21 tillfredsställer
698 861 25 13 en
740 857 42 17 orts
798 853 64 20 behof

106 885 44 18 äret
171 891 33 12 om
224 887 26 16 än
272 884 60 20 dessa
354 885 58 25 dyra,
431 885 96 19 behofvet
542 885 46 19 icke
603 885 47 19 fullt
665 883 144 21 motsvarande
824 883 35 20 ka-

106 913 62 26 naler,
190 914 37 19 och
248 914 85 20 emedan
354 921 26 12 en
399 915 257 25 sammanhbindningsbana
671 914 74 19 mellan
761 913 99 20 Savolaks

107 943 38 20 och
160 943 66 20 Wasa
240 943 139 26 jernvägarne
394 944 119 26 lämpligast
529 944 67 20 skulle
611 945 71 18 kunna
697 944 75 25 dragas
787 949 74 20 genom

107 973 67 19 denna
189 973 101 26 landsdel,
306 974 38 19 har
359 974 106 25 Styrelsen
480 974 47 20 lätit
542 974 68 19 utföra
625 974 53 19 bäde
694 973 119 20 ekonomisk
823 973 38 19 och

107 1002 83 20 teknisk
206 1002 155 26 undersökning
376 1003 32 19 för
424 1010 25 13 en
465 1004 65 19 sådan
546 1003 263 25 sammanhbindningsbana.

189 1032 11 19 I
215 1032 137 20 betraktande
367 1033 61 19 deraf
441 1036 31 17 att
486 1033 82 20 Keitele
583 1033 128 20 vidsträckta
726 1032 135 20 vattenomrä-

108 1061 37 20 des
165 1061 90 21 folkrika
275 1062 71 26 nejder
366 1066 83 16 snarast
467 1063 79 25 möjligt
561 1063 65 19 borda
641 1062 81 20 förenas
736 1062 47 20 med
799 1062 63 20 Savo-

108 1091 115 20 laksbanan
240 1092 37 20 och
293 1092 26 20 dä
336 1092 39 20 den
392 1092 33 20 del
440 1092 24 20 af
472 1093 40 19 den
523 1092 115 20 ästundade
649 1092 211 25 sammanbindnings-

108 1122 74 24 banan,
199 1128 43 13 som
258 1122 67 26 ligger
341 1122 75 20 mellan
432 1123 126 25 Suonenjoki
574 1123 37 19 och
622 1122 136 26 Kuhjonlahti
767 1122 36 20 vid
813 1121 49 20 Kei-

110 1151 39 19 tele
169 1152 162 24 vattenomräde,
353 1152 136 20 tvifvelsutan
510 1159 70 13 ensam
600 1152 31 20 för
652 1152 37 26 sig,
711 1151 114 21 oberoende
843 1150 23 20 af

110 1180 47 20 dess
183 1180 139 21 fortsättande
344 1184 93 17 vesterut
458 1182 33 20 till
514 1181 143 27 Wasabanan,
682 1182 66 20 skulle
771 1181 93 26 uppbära

110 1210 190 21 driftkostnaderna
311 1214 53 17 samt
374 1212 92 20 medföra
477 1214 53 18 stort
540 1212 90 20 tillskott
640 1212 7 19 i
660 1212 89 20 inkomst
760 1211 31 19 för
802 1211 62 19 Savo-

110 1240 120 25 laksbanan,
254 1248 60 13 anser
336 1241 37 25 jag
395 1242 53 19 både
471 1242 130 25 nödvändigt
624 1242 37 19 och
684 1241 84 20 rättvist
788 1242 31 18 att
839 1246 26 13 en

109 1269 75 20 bandel
200 1269 296 27 Suonenjoki—Kuhjonlahti
512 1272 23 19 sä
551 1273 58 18 snart
625 1278 43 13 som
684 1271 78 25 möjligt
772 1270 92 20 kommer

110 1299 32 19 till
157 1298 115 21 utförande.

181 1328 12 19 I
208 1329 113 26 anledning
337 1330 62 20 häraf
411 1331 65 25 vägar
493 1331 116 25 ödmjukast
621 1331 37 25 jag
674 1331 81 20 anhälla
770 1332 31 18 att
816 1330 49 25 hög-

111 1358 85 25 vördiga
216 1359 157 20 Presteständet
400 1360 66 20 skulle
493 1360 31 20 för
549 1361 32 19 sin
603 1360 33 20 del
662 1361 83 20 omfatta
770 1360 39 19 och
835 1365 30 14 om

111 1387 79 26 möjligt
205 1388 68 21 under
288 1389 126 21 medverkan
430 1390 24 19 af
467 1390 26 19 de
509 1390 67 25 öfriga
592 1390 88 20 ständen
695 1390 31 19 till
741 1390 60 19 Hans
817 1389 49 26 Kej-

111 1417 76 25 serliga
202 1418 98 25 Majestät
315 1419 49 25 ingå
379 1419 46 20 med
441 1426 26 13 en
482 1419 131 26 underdänig
628 1420 84 26 petition
728 1419 78 21 derom:

182 1458 178 23 Jernvägsutskottets
372 1458 108 20 betänkande
492 1459 36 19 N:o
540 1461 16 17 1.
833 1459 10 17 5
