1061 1678
278 132 27 20 14

246 195 86 28 fonden,
350 195 81 23 fonden
446 195 36 22 för
497 196 158 27 pensionering
665 195 25 22 af
699 195 116 23 städernas
826 196 170 21 folkskollärare

245 231 41 21 och
302 231 131 28 lärarinnor,
450 231 368 28 lagmanstingsgästningsfonden,
834 231 162 22 donationsfon-

246 266 48 28 den,
319 267 149 22 statsverkets
491 267 174 28 utläningsfond,
694 267 239 28 undsättningsfonden
955 267 41 21 och

245 303 148 21 statsverkets
416 303 138 27 reservfond,
578 303 95 22 relation
696 303 114 27 angäende
838 302 157 26 statsskulden,

244 337 114 22 äfvensom
374 344 28 15 en
419 338 230 27 general-hufvudbok
670 338 64 22 öfver
754 338 149 22 statsverkets
918 338 78 22 fonder

244 372 36 22 för
294 373 54 22 åren
374 375 63 25 1886,
461 375 56 20 1887
534 374 40 21 och
592 375 56 20 1888
665 375 56 20 samt
737 374 106 27 slutligen
858 380 28 15 en
900 374 94 21 relation

244 414 35 15 om
294 408 59 22 hvad
368 415 46 15 som
430 408 76 23 blifvit
521 409 110 27 tillgjordt
646 409 8 21 i
665 409 120 27 anledning
800 408 24 22 af
838 409 27 21 de
876 409 37 22 vid
923 408 72 22 landt-

244 443 72 28 dagen
331 444 26 21 är
374 445 56 20 1888
447 444 78 27 gjorda
540 444 173 27 anmärkningar
729 446 58 20 emot
802 444 28 21 dä
846 443 99 28 afgifven
961 451 34 14 re-

244 479 68 22 lation
328 485 34 16 om
378 480 150 21 statsverkets
543 479 109 26 tillständ,
670 480 26 21 sä
711 480 41 21 har
768 480 57 21 Värt
841 479 152 27 Statsutskott,

244 521 46 15 som
305 515 8 20 i
329 515 50 21 stöd
395 514 24 22 af
433 517 28 20 36
478 515 12 29 $
506 515 7 21 i
529 515 254 28 Landtdagsordningen
794 515 48 22 haft
853 515 96 27 tillgång
959 515 35 21 till

244 550 44 21 alla
312 551 149 22 statsverkets
485 551 154 26 räkenskaper
654 551 40 21 och
705 550 72 28 öfriga
793 551 137 27 handlingar,
947 553 47 19 sär-

244 585 70 22 skildt
334 587 107 26 granskat
464 587 29 26 pä
515 587 59 21 hvad
598 588 45 20 sätt
664 586 28 22 de
707 586 26 21 af
746 586 124 22 Ständerna
884 586 109 27 beviljade

244 622 79 27 anslag
338 621 75 23 blifvit
429 622 101 22 använda
545 624 57 19 samt
612 621 64 23 öfver
686 622 41 21 allt
737 622 61 21 detta
806 622 35 21 till
849 621 42 22 Oss
904 621 90 28 afgifvit

242 657 147 27 betänkande,
405 657 152 22 innefattande
570 658 84 26 jemväl
669 657 70 27 nägra
755 657 124 27 erinringar
893 657 41 21 och
949 657 44 21 för-

243 692 49 28 slag
306 692 137 22 beträffande
454 692 164 28 förvaltningen
629 693 40 21 och
679 692 247 27 räkenskapsväsendet
937 695 56 19 samt

243 728 90 22 dermed
353 728 213 28 sammanhängande
588 728 86 28 frägor;
691 729 40 21 och
746 728 67 22 hafva
828 728 28 21 Vi
870 728 67 27 jemte
953 734 38 16 un-

242 764 108 26 derdänig
373 764 121 22 skrifvelse
515 764 24 21 af
552 764 42 22 den
611 766 12 19 6
640 764 149 22 innevarande
811 764 44 26 Maj
879 764 35 21 till
929 764 63 21 Hans

242 798 127 28 Kejserliga
383 799 106 27 Majestät
504 800 90 21 insändt
609 800 69 27 sagda
693 799 140 22 betänkande
849 799 49 21 med
913 799 78 22 under-

242 834 68 28 dånig
326 835 109 26 anhållan,
453 837 33 19 att
501 835 121 21 detsamma
637 835 74 22 blefve
728 834 160 22 öfverlemnadt
903 835 35 21 till
955 834 37 22 Se-

242 873 74 24 naten,
332 870 8 21 i
353 870 105 22 afseende
468 871 13 21 å
492 870 133 28 vidtagande
636 870 25 22 af
670 870 26 22 de
707 870 111 28 åtgärder,
828 870 36 22 till
872 870 77 22 hvilka
965 870 27 22 de

242 905 26 21 af
281 905 170 23 Statsutskottet
475 906 77 27 gjorda
572 906 126 27 erinringar
713 906 41 22 och
769 906 90 28 förslag,
876 906 73 22 såvidt
965 906 28 21 de

242 940 26 22 af
281 941 42 21 Oss
340 941 116 28 godkänts,
473 942 74 21 kunna
562 942 62 27 gifva
640 942 124 27 anledning.

587 1032 27 19 33
632 1029 18 30 &.

314 1082 71 22 Sedan
401 1083 35 27 Vi,
452 1083 9 22 i
476 1083 99 28 enlighet
590 1083 50 22 med
650 1083 167 26 bestämningen
828 1083 9 20 i
847 1083 79 27 nådiga
937 1083 55 22 kun-

241 1119 103 26 görelsen
360 1119 43 22 den
419 1121 29 20 24
463 1119 44 27 Maj
526 1121 62 26 1886,
605 1119 44 22 fått
660 1121 110 25 emottaga
784 1119 94 21 relation
888 1125 33 15 om
933 1120 59 25 post-

241 1154 153 26 sparbankens
417 1155 102 21 tillstånd
541 1155 41 21 och
605 1154 138 27 förvaltning
764 1153 70 22 under
856 1154 52 21 åren
928 1155 62 26 1887,

242 1191 58 19 1888
316 1189 41 22 och
375 1191 56 20 1889
448 1192 57 19 samt
528 1190 56 22 Vårt
608 1189 154 27 Statsutskott,
786 1189 35 21 till
836 1189 67 22 hvars
919 1189 73 22 förbe-

240 1225 98 22 redande
353 1225 136 28 behandling
508 1225 124 22 relationen
648 1225 25 22 af
686 1225 43 22 Oss
745 1225 164 26 öfverlemnats,
926 1224 65 28 afgif-

240 1261 34 21 vit
289 1261 141 22 betänkande
446 1261 8 22 i
469 1261 76 28 saken,
562 1261 67 22 hafva
644 1261 29 22 Vi
686 1261 69 27 jemte
771 1260 137 27 underdänig
923 1260 68 22 skrif-

240 1296 62 21 velse
318 1295 26 22 af
356 1296 43 22 den
415 1298 28 19 20
460 1297 150 21 innevarande
625 1296 44 27 Maj
685 1296 35 21 till
737 1296 62 21 Hans
810 1295 125 28 Kejserliga
945 1296 46 21 Ma-

237 1331 71 27 jestät
323 1331 90 22 insändt
429 1332 68 26 sagda
512 1332 141 21 betänkande
668 1331 50 22 med
731 1331 139 27 underdänig
880 1331 110 27 anhällan,

240 1368 34 20 att
297 1367 121 21 detsamma
441 1366 75 24 blefve
531 1368 7 20 i
555 1366 105 23 afseende
674 1367 14 21 å
704 1366 124 22 kännedom
842 1366 36 21 till
894 1366 97 22 Senaten

240 1400 166 24 öfverlemnadt.
