<?xml version="1.0" encoding="UTF-8"?>
<alto xmlns="http://www.loc.gov/standards/alto/ns-v3#" xmlns:xlink="http://www.w3.org/1999/xlink" xmlns:xsi="http://www.w3.org/2001/XMLSchema-instance" xsi:schemaLocation="http://www.loc.gov/standards/alto/ns-v3# http://www.loc.gov/alto/v3/alto-3-0.xsd">
	<Description>
		<MeasurementUnit>pixel</MeasurementUnit>
		<sourceImageInformation>
			<fileName>/tmp/tess_m4pjbww2_input.PNG</fileName>
		</sourceImageInformation>
		<OCRProcessing ID="OCR_0">
			<ocrProcessingStep>
				<processingSoftware>
					<softwareName>tesseract 5.3.4</softwareName>
				</processingSoftware>
			</ocrProcessingStep>
		</OCRProcessing>
	</Description>
	<Layout>
		<Page WIDTH="1056" HEIGHT="1673" PHYSICAL_IMG_NR="0" ID="page_0">
			<PrintSpace HPOS="0" VPOS="0" WIDTH="1056" HEIGHT="1673">
				<ComposedBlock ID="cblock_0" HPOS="237" VPOS="110" WIDTH="491" HEIGHT="24">
					<TextBlock ID="block_0" HPOS="237" VPOS="110" WIDTH="491" HEIGHT="24">
						<TextLine ID="line_0" HPOS="237" VPOS="110" WIDTH="491" HEIGHT="24">
							<String ID="string_0" HPOS="237" VPOS="111" WIDTH="42" HEIGHT="19" WC="0.96" CONTENT="174"/><SP WIDTH="146" VPOS="111" HPOS="279"/>
							<String ID="string_1" HPOS="425" VPOS="110" WIDTH="223" HEIGHT="24" WC="0.77" CONTENT="Petltionsbetänkanke"/><SP WIDTH="16" VPOS="110" HPOS="648"/>
							<String ID="string_2" HPOS="664" VPOS="112" WIDTH="34" HEIGHT="22" WC="0.96" CONTENT="N:o"/><SP WIDTH="16" VPOS="112" HPOS="698"/>
							<String ID="string_3" HPOS="714" VPOS="111" WIDTH="14" HEIGHT="22" WC="0.96" CONTENT="1."/>
						</TextLine>
					</TextBlock>
				</ComposedBlock>
				<ComposedBlock ID="cblock_1" HPOS="194" VPOS="170" WIDTH="755" HEIGHT="1326">
					<TextBlock ID="block_1" HPOS="203" VPOS="170" WIDTH="746" HEIGHT="208">
						<TextLine ID="line_1" HPOS="205" VPOS="170" WIDTH="743" HEIGHT="29">
							<String ID="string_4" HPOS="205" VPOS="170" WIDTH="118" HEIGHT="28" WC="0.92" CONTENT="fjerdedels"/><SP WIDTH="22" VPOS="170" HPOS="323"/>
							<String ID="string_5" HPOS="345" VPOS="171" WIDTH="74" HEIGHT="28" WC="0.93" CONTENT="miljon"/><SP WIDTH="18" VPOS="171" HPOS="419"/>
							<String ID="string_6" HPOS="437" VPOS="171" WIDTH="147" HEIGHT="27" WC="0.92" CONTENT="uppskattade"/><SP WIDTH="21" VPOS="171" HPOS="584"/>
							<String ID="string_7" HPOS="605" VPOS="171" WIDTH="205" HEIGHT="23" WC="0.92" CONTENT="inkomstförlusten"/><SP WIDTH="16" VPOS="171" HPOS="810"/>
							<String ID="string_8" HPOS="826" VPOS="171" WIDTH="73" HEIGHT="22" WC="0.93" CONTENT="skulle"/><SP WIDTH="16" VPOS="171" HPOS="899"/>
							<String ID="string_9" HPOS="915" VPOS="172" WIDTH="33" HEIGHT="21" WC="0.93" CONTENT="sä-"/>
						</TextLine>
						<TextLine ID="line_2" HPOS="205" VPOS="206" WIDTH="743" HEIGHT="29">
							<String ID="string_10" HPOS="205" VPOS="206" WIDTH="61" HEIGHT="22" WC="0.92" CONTENT="ledes"/><SP WIDTH="21" VPOS="206" HPOS="266"/>
							<String ID="string_11" HPOS="287" VPOS="206" WIDTH="7" HEIGHT="22" WC="0.96" CONTENT="i"/><SP WIDTH="21" VPOS="206" HPOS="294"/>
							<String ID="string_12" HPOS="315" VPOS="207" WIDTH="84" HEIGHT="27" WC="0.93" CONTENT="ganska"/><SP WIDTH="17" VPOS="207" HPOS="399"/>
							<String ID="string_13" HPOS="416" VPOS="208" WIDTH="64" HEIGHT="27" WC="0.92" CONTENT="ringa"/><SP WIDTH="19" VPOS="208" HPOS="480"/>
							<String ID="string_14" HPOS="499" VPOS="208" WIDTH="51" HEIGHT="21" WC="0.93" CONTENT="män"/><SP WIDTH="15" VPOS="208" HPOS="550"/>
							<String ID="string_15" HPOS="565" VPOS="208" WIDTH="71" HEIGHT="22" WC="0.92" CONTENT="blifva"/><SP WIDTH="15" VPOS="208" HPOS="636"/>
							<String ID="string_16" HPOS="651" VPOS="209" WIDTH="71" HEIGHT="21" WC="0.91" CONTENT="ersatt"/><SP WIDTH="14" VPOS="209" HPOS="722"/>
							<String ID="string_17" HPOS="736" VPOS="214" WIDTH="78" HEIGHT="21" WC="0.93" CONTENT="genom"/><SP WIDTH="15" VPOS="214" HPOS="814"/>
							<String ID="string_18" HPOS="829" VPOS="208" WIDTH="97" HEIGHT="22" WC="0.93" CONTENT="tillskott"/><SP WIDTH="15" VPOS="208" HPOS="926"/>
							<String ID="string_19" HPOS="941" VPOS="208" WIDTH="7" HEIGHT="20" WC="0.96" CONTENT="i"/>
						</TextLine>
						<TextLine ID="line_3" HPOS="205" VPOS="242" WIDTH="744" HEIGHT="30">
							<String ID="string_20" HPOS="205" VPOS="242" WIDTH="149" HEIGHT="23" WC="0.96" CONTENT="inkomsterna"/><SP WIDTH="19" VPOS="242" HPOS="354"/>
							<String ID="string_21" HPOS="373" VPOS="244" WIDTH="29" HEIGHT="26" WC="0.96" CONTENT="pä"/><SP WIDTH="15" VPOS="244" HPOS="402"/>
							<String ID="string_22" HPOS="417" VPOS="245" WIDTH="66" HEIGHT="20" WC="0.93" CONTENT="annat"/><SP WIDTH="15" VPOS="245" HPOS="483"/>
							<String ID="string_23" HPOS="498" VPOS="244" WIDTH="52" HEIGHT="21" WC="0.95" CONTENT="håll."/><SP WIDTH="31" VPOS="244" HPOS="550"/>
							<String ID="string_24" HPOS="581" VPOS="244" WIDTH="41" HEIGHT="22" WC="0.90" CONTENT="Ett"/><SP WIDTH="14" VPOS="244" HPOS="622"/>
							<String ID="string_25" HPOS="636" VPOS="244" WIDTH="101" HEIGHT="28" WC="0.96" CONTENT="resultat,"/><SP WIDTH="17" VPOS="244" HPOS="737"/>
							<String ID="string_26" HPOS="754" VPOS="250" WIDTH="46" HEIGHT="16" WC="0.93" CONTENT="som"/><SP WIDTH="15" VPOS="250" HPOS="800"/>
							<String ID="string_27" HPOS="815" VPOS="242" WIDTH="134" HEIGHT="28" WC="0.95" CONTENT="fullkomligt"/>
						</TextLine>
						<TextLine ID="line_4" HPOS="205" VPOS="278" WIDTH="743" HEIGHT="29">
							<String ID="string_28" HPOS="205" VPOS="278" WIDTH="206" HEIGHT="24" WC="0.59" CONTENT="Ofverensstämmer"/><SP WIDTH="25" VPOS="278" HPOS="411"/>
							<String ID="string_29" HPOS="436" VPOS="280" WIDTH="94" HEIGHT="27" WC="0.96" CONTENT="dermed,"/><SP WIDTH="24" VPOS="280" HPOS="530"/>
							<String ID="string_30" HPOS="554" VPOS="281" WIDTH="33" HEIGHT="21" WC="0.96" CONTENT="att"/><SP WIDTH="23" VPOS="281" HPOS="587"/>
							<String ID="string_31" HPOS="610" VPOS="280" WIDTH="72" HEIGHT="21" WC="0.93" CONTENT="denna"/><SP WIDTH="23" VPOS="280" HPOS="682"/>
							<String ID="string_32" HPOS="705" VPOS="280" WIDTH="61" HEIGHT="27" WC="0.94" CONTENT="bana,"/><SP WIDTH="25" VPOS="280" HPOS="766"/>
							<String ID="string_33" HPOS="791" VPOS="280" WIDTH="71" HEIGHT="21" WC="0.96" CONTENT="såsom"/><SP WIDTH="24" VPOS="280" HPOS="862"/>
							<String ID="string_34" HPOS="886" VPOS="278" WIDTH="62" HEIGHT="23" WC="0.96" CONTENT="alltid"/>
						</TextLine>
						<TextLine ID="line_5" HPOS="204" VPOS="315" WIDTH="744" HEIGHT="28">
							<String ID="string_35" HPOS="204" VPOS="315" WIDTH="139" HEIGHT="28" WC="0.92" CONTENT="temmeligen"/><SP WIDTH="16" VPOS="315" HPOS="343"/>
							<String ID="string_36" HPOS="359" VPOS="316" WIDTH="140" HEIGHT="27" WC="0.91" CONTENT="enstämmigt"/><SP WIDTH="14" VPOS="316" HPOS="499"/>
							<String ID="string_37" HPOS="513" VPOS="315" WIDTH="134" HEIGHT="28" WC="0.92" CONTENT="medgifvits,"/><SP WIDTH="16" VPOS="315" HPOS="647"/>
							<String ID="string_38" HPOS="663" VPOS="316" WIDTH="40" HEIGHT="21" WC="0.96" CONTENT="har"/><SP WIDTH="17" VPOS="316" HPOS="703"/>
							<String ID="string_39" HPOS="720" VPOS="322" WIDTH="27" HEIGHT="16" WC="0.93" CONTENT="en"/><SP WIDTH="15" VPOS="322" HPOS="747"/>
							<String ID="string_40" HPOS="762" VPOS="315" WIDTH="186" HEIGHT="28" WC="0.91" CONTENT="hufvudsakligen"/>
						</TextLine>
						<TextLine ID="line_6" HPOS="203" VPOS="350" WIDTH="194" HEIGHT="28">
							<String ID="string_41" HPOS="203" VPOS="350" WIDTH="60" HEIGHT="22" WC="0.96" CONTENT="lokal"/><SP WIDTH="15" VPOS="350" HPOS="263"/>
							<String ID="string_42" HPOS="278" VPOS="351" WIDTH="119" HEIGHT="27" WC="0.96" CONTENT="betydelse."/>
						</TextLine>
					</TextBlock>
					<TextBlock ID="block_2" HPOS="203" VPOS="386" WIDTH="744" HEIGHT="174">
						<TextLine ID="line_7" HPOS="274" VPOS="386" WIDTH="672" HEIGHT="29">
							<String ID="string_43" HPOS="274" VPOS="386" WIDTH="44" HEIGHT="23" WC="0.96" CONTENT="Det"/><SP WIDTH="17" VPOS="386" HPOS="318"/>
							<String ID="string_44" HPOS="335" VPOS="387" WIDTH="69" HEIGHT="22" WC="0.93" CONTENT="andra"/><SP WIDTH="15" VPOS="387" HPOS="404"/>
							<String ID="string_45" HPOS="419" VPOS="388" WIDTH="73" HEIGHT="22" WC="0.92" CONTENT="skälet"/><SP WIDTH="15" VPOS="388" HPOS="492"/>
							<String ID="string_46" HPOS="507" VPOS="388" WIDTH="35" HEIGHT="22" WC="0.93" CONTENT="för"/><SP WIDTH="15" VPOS="388" HPOS="542"/>
							<String ID="string_47" HPOS="557" VPOS="388" WIDTH="121" HEIGHT="22" WC="0.93" CONTENT="utskottets"/><SP WIDTH="16" VPOS="388" HPOS="678"/>
							<String ID="string_48" HPOS="694" VPOS="387" WIDTH="143" HEIGHT="23" WC="0.92" CONTENT="förenämnda"/><SP WIDTH="15" VPOS="387" HPOS="837"/>
							<String ID="string_49" HPOS="852" VPOS="388" WIDTH="94" HEIGHT="27" WC="0.90" CONTENT="uppfatt-"/>
						</TextLine>
						<TextLine ID="line_8" HPOS="203" VPOS="422" WIDTH="744" HEIGHT="30">
							<String ID="string_50" HPOS="203" VPOS="422" WIDTH="54" HEIGHT="28" WC="0.85" CONTENT="ning"/><SP WIDTH="14" VPOS="422" HPOS="257"/>
							<String ID="string_51" HPOS="271" VPOS="422" WIDTH="78" HEIGHT="29" WC="0.91" CONTENT="derom,"/><SP WIDTH="12" VPOS="422" HPOS="349"/>
							<String ID="string_52" HPOS="361" VPOS="423" WIDTH="90" HEIGHT="23" WC="0.92" CONTENT="hvilken"/><SP WIDTH="11" VPOS="423" HPOS="451"/>
							<String ID="string_53" HPOS="462" VPOS="424" WIDTH="101" HEIGHT="28" WC="0.92" CONTENT="hällning"/><SP WIDTH="9" VPOS="424" HPOS="563"/>
							<String ID="string_54" HPOS="572" VPOS="424" WIDTH="142" HEIGHT="27" WC="0.96" CONTENT="Regeringen"/><SP WIDTH="10" VPOS="424" HPOS="714"/>
							<String ID="string_55" HPOS="724" VPOS="424" WIDTH="35" HEIGHT="22" WC="0.95" CONTENT="till"/><SP WIDTH="10" VPOS="424" HPOS="759"/>
							<String ID="string_56" HPOS="769" VPOS="424" WIDTH="8" HEIGHT="21" WC="0.93" CONTENT="i"/><SP WIDTH="11" VPOS="424" HPOS="777"/>
							<String ID="string_57" HPOS="788" VPOS="423" WIDTH="159" HEIGHT="28" WC="0.92" CONTENT="frägavarande"/>
						</TextLine>
						<TextLine ID="line_9" HPOS="203" VPOS="458" WIDTH="743" HEIGHT="30">
							<String ID="string_58" HPOS="203" VPOS="458" WIDTH="243" HEIGHT="30" WC="0.91" CONTENT="banbyggnadsföretag"/><SP WIDTH="15" VPOS="458" HPOS="446"/>
							<String ID="string_59" HPOS="461" VPOS="461" WIDTH="40" HEIGHT="21" WC="0.93" CONTENT="bör"/><SP WIDTH="15" VPOS="461" HPOS="501"/>
							<String ID="string_60" HPOS="516" VPOS="461" WIDTH="82" HEIGHT="27" WC="0.92" CONTENT="intaga,"/><SP WIDTH="17" VPOS="461" HPOS="598"/>
							<String ID="string_61" HPOS="615" VPOS="460" WIDTH="69" HEIGHT="27" WC="0.92" CONTENT="lyder,"/><SP WIDTH="17" VPOS="460" HPOS="684"/>
							<String ID="string_62" HPOS="701" VPOS="462" WIDTH="33" HEIGHT="20" WC="0.96" CONTENT="att"/><SP WIDTH="16" VPOS="462" HPOS="734"/>
							<String ID="string_63" HPOS="750" VPOS="460" WIDTH="42" HEIGHT="22" WC="0.96" CONTENT="den"/><SP WIDTH="15" VPOS="460" HPOS="792"/>
							<String ID="string_64" HPOS="807" VPOS="466" WIDTH="44" HEIGHT="21" WC="0.93" CONTENT="nya"/><SP WIDTH="7" VPOS="466" HPOS="851"/>
							<String ID="string_65" HPOS="858" VPOS="460" WIDTH="88" HEIGHT="27" WC="0.93" CONTENT="jernvä-"/>
						</TextLine>
						<TextLine ID="line_10" HPOS="203" VPOS="495" WIDTH="742" HEIGHT="29">
							<String ID="string_66" HPOS="203" VPOS="500" WIDTH="43" HEIGHT="22" WC="0.96" CONTENT="gen"/><SP WIDTH="20" VPOS="500" HPOS="246"/>
							<String ID="string_67" HPOS="266" VPOS="495" WIDTH="12" HEIGHT="22" WC="0.94" CONTENT="i"/><SP WIDTH="11" VPOS="495" HPOS="278"/>
							<String ID="string_68" HPOS="289" VPOS="495" WIDTH="43" HEIGHT="28" WC="0.94" CONTENT="hög"/><SP WIDTH="15" VPOS="495" HPOS="332"/>
							<String ID="string_69" HPOS="347" VPOS="496" WIDTH="54" HEIGHT="27" WC="0.96" CONTENT="grad"/><SP WIDTH="16" VPOS="496" HPOS="401"/>
							<String ID="string_70" HPOS="417" VPOS="496" WIDTH="72" HEIGHT="22" WC="0.96" CONTENT="skulle"/><SP WIDTH="16" VPOS="496" HPOS="489"/>
							<String ID="string_71" HPOS="505" VPOS="497" WIDTH="50" HEIGHT="27" WC="0.93" CONTENT="höja"/><SP WIDTH="16" VPOS="497" HPOS="555"/>
							<String ID="string_72" HPOS="571" VPOS="496" WIDTH="259" HEIGHT="27" WC="0.92" CONTENT="produktionsförmägan"/><SP WIDTH="16" VPOS="496" HPOS="830"/>
							<String ID="string_73" HPOS="846" VPOS="496" WIDTH="39" HEIGHT="22" WC="0.93" CONTENT="och"/><SP WIDTH="15" VPOS="496" HPOS="885"/>
							<String ID="string_74" HPOS="900" VPOS="496" WIDTH="45" HEIGHT="22" WC="0.92" CONTENT="väl-"/>
						</TextLine>
						<TextLine ID="line_11" HPOS="203" VPOS="530" WIDTH="742" HEIGHT="30">
							<String ID="string_75" HPOS="203" VPOS="530" WIDTH="88" HEIGHT="23" WC="0.91" CONTENT="ständet"/><SP WIDTH="15" VPOS="530" HPOS="291"/>
							<String ID="string_76" HPOS="306" VPOS="531" WIDTH="7" HEIGHT="22" WC="0.96" CONTENT="i"/><SP WIDTH="16" VPOS="531" HPOS="313"/>
							<String ID="string_77" HPOS="329" VPOS="531" WIDTH="27" HEIGHT="23" WC="0.96" CONTENT="de"/><SP WIDTH="16" VPOS="531" HPOS="356"/>
							<String ID="string_78" HPOS="372" VPOS="532" WIDTH="61" HEIGHT="21" WC="0.96" CONTENT="delar"/><SP WIDTH="15" VPOS="532" HPOS="433"/>
							<String ID="string_79" HPOS="448" VPOS="532" WIDTH="25" HEIGHT="22" WC="0.97" CONTENT="af"/><SP WIDTH="11" VPOS="532" HPOS="473"/>
							<String ID="string_80" HPOS="484" VPOS="532" WIDTH="81" HEIGHT="28" WC="0.96" CONTENT="landet,"/><SP WIDTH="18" VPOS="532" HPOS="565"/>
							<String ID="string_81" HPOS="583" VPOS="539" WIDTH="45" HEIGHT="15" WC="0.93" CONTENT="som"/><SP WIDTH="15" VPOS="539" HPOS="628"/>
							<String ID="string_82" HPOS="643" VPOS="533" WIDTH="73" HEIGHT="21" WC="0.92" CONTENT="banan"/><SP WIDTH="14" VPOS="533" HPOS="716"/>
							<String ID="string_83" HPOS="730" VPOS="533" WIDTH="72" HEIGHT="21" WC="0.93" CONTENT="skulle"/><SP WIDTH="11" VPOS="533" HPOS="802"/>
							<String ID="string_84" HPOS="813" VPOS="533" WIDTH="132" HEIGHT="26" WC="0.92" CONTENT="genomlöpa."/>
						</TextLine>
					</TextBlock>
					<TextBlock ID="block_3" HPOS="201" VPOS="567" WIDTH="745" HEIGHT="65">
						<TextLine ID="line_12" HPOS="274" VPOS="567" WIDTH="672" HEIGHT="29">
							<String ID="string_85" HPOS="274" VPOS="567" WIDTH="76" HEIGHT="22" WC="0.91" CONTENT="Gäller"/><SP WIDTH="20" VPOS="567" HPOS="350"/>
							<String ID="string_86" HPOS="370" VPOS="568" WIDTH="37" HEIGHT="22" WC="0.93" CONTENT="det"/><SP WIDTH="20" VPOS="568" HPOS="407"/>
							<String ID="string_87" HPOS="427" VPOS="569" WIDTH="82" HEIGHT="22" WC="0.90" CONTENT="banans"/><SP WIDTH="21" VPOS="569" HPOS="509"/>
							<String ID="string_88" HPOS="530" VPOS="568" WIDTH="116" HEIGHT="23" WC="0.92" CONTENT="utförande"/><SP WIDTH="20" VPOS="568" HPOS="646"/>
							<String ID="string_89" HPOS="666" VPOS="569" WIDTH="28" HEIGHT="26" WC="0.96" CONTENT="pä"/><SP WIDTH="20" VPOS="569" HPOS="694"/>
							<String ID="string_90" HPOS="714" VPOS="569" WIDTH="74" HEIGHT="26" WC="0.96" CONTENT="privat"/><SP WIDTH="20" VPOS="569" HPOS="788"/>
							<String ID="string_91" HPOS="808" VPOS="570" WIDTH="49" HEIGHT="26" WC="0.96" CONTENT="väg,"/><SP WIDTH="21" VPOS="570" HPOS="857"/>
							<String ID="string_92" HPOS="878" VPOS="569" WIDTH="24" HEIGHT="21" WC="0.96" CONTENT="sä"/><SP WIDTH="18" VPOS="569" HPOS="902"/>
							<String ID="string_93" HPOS="920" VPOS="570" WIDTH="26" HEIGHT="19" WC="0.96" CONTENT="är"/>
						</TextLine>
						<TextLine ID="line_13" HPOS="201" VPOS="603" WIDTH="392" HEIGHT="29">
							<String ID="string_94" HPOS="201" VPOS="603" WIDTH="100" HEIGHT="22" WC="0.91" CONTENT="häremot"/><SP WIDTH="13" VPOS="603" HPOS="301"/>
							<String ID="string_95" HPOS="314" VPOS="604" WIDTH="115" HEIGHT="28" WC="0.92" CONTENT="ingenting"/><SP WIDTH="15" VPOS="604" HPOS="429"/>
							<String ID="string_96" HPOS="444" VPOS="606" WIDTH="33" HEIGHT="20" WC="0.93" CONTENT="att"/><SP WIDTH="15" VPOS="606" HPOS="477"/>
							<String ID="string_97" HPOS="492" VPOS="605" WIDTH="101" HEIGHT="22" WC="0.92" CONTENT="invända."/>
						</TextLine>
					</TextBlock>
					<TextBlock ID="block_4" HPOS="197" VPOS="639" WIDTH="747" HEIGHT="528">
						<TextLine ID="line_14" HPOS="273" VPOS="639" WIDTH="671" HEIGHT="29">
							<String ID="string_98" HPOS="273" VPOS="639" WIDTH="77" HEIGHT="23" WC="0.91" CONTENT="Gäller"/><SP WIDTH="19" VPOS="639" HPOS="350"/>
							<String ID="string_99" HPOS="369" VPOS="640" WIDTH="98" HEIGHT="22" WC="0.92" CONTENT="deremot"/><SP WIDTH="20" VPOS="640" HPOS="467"/>
							<String ID="string_100" HPOS="487" VPOS="640" WIDTH="78" HEIGHT="28" WC="0.92" CONTENT="frägan"/><SP WIDTH="18" VPOS="640" HPOS="565"/>
							<String ID="string_101" HPOS="583" VPOS="641" WIDTH="83" HEIGHT="21" WC="0.92" CONTENT="banans"/><SP WIDTH="19" VPOS="641" HPOS="666"/>
							<String ID="string_102" HPOS="685" VPOS="640" WIDTH="117" HEIGHT="22" WC="0.92" CONTENT="utförande"/><SP WIDTH="15" VPOS="640" HPOS="802"/>
							<String ID="string_103" HPOS="817" VPOS="640" WIDTH="29" HEIGHT="27" WC="0.96" CONTENT="pä"/><SP WIDTH="16" VPOS="640" HPOS="846"/>
							<String ID="string_104" HPOS="862" VPOS="641" WIDTH="82" HEIGHT="21" WC="0.96" CONTENT="statens"/>
						</TextLine>
						<TextLine ID="line_15" HPOS="201" VPOS="675" WIDTH="743" HEIGHT="29">
							<String ID="string_105" HPOS="201" VPOS="675" WIDTH="122" HEIGHT="22" WC="0.88" CONTENT="bekostnad"/><SP WIDTH="20" VPOS="675" HPOS="323"/>
							<String ID="string_106" HPOS="343" VPOS="677" WIDTH="107" HEIGHT="26" WC="0.89" CONTENT="gestaltar"/><SP WIDTH="16" VPOS="677" HPOS="450"/>
							<String ID="string_107" HPOS="466" VPOS="677" WIDTH="34" HEIGHT="27" WC="0.93" CONTENT="sig"/><SP WIDTH="15" VPOS="677" HPOS="500"/>
							<String ID="string_108" HPOS="515" VPOS="676" WIDTH="78" HEIGHT="28" WC="0.93" CONTENT="frägan"/><SP WIDTH="17" VPOS="676" HPOS="593"/>
							<String ID="string_109" HPOS="610" VPOS="677" WIDTH="66" HEIGHT="27" WC="0.92" CONTENT="nägot"/><SP WIDTH="16" VPOS="677" HPOS="676"/>
							<String ID="string_110" HPOS="692" VPOS="676" WIDTH="140" HEIGHT="22" WC="0.91" CONTENT="annorlunda."/><SP WIDTH="31" VPOS="676" HPOS="832"/>
							<String ID="string_111" HPOS="863" VPOS="675" WIDTH="81" HEIGHT="22" WC="0.96" CONTENT="Genom"/>
						</TextLine>
						<TextLine ID="line_16" HPOS="201" VPOS="711" WIDTH="743" HEIGHT="30">
							<String ID="string_112" HPOS="201" VPOS="712" WIDTH="33" HEIGHT="21" WC="0.91" CONTENT="att"/><SP WIDTH="20" VPOS="712" HPOS="234"/>
							<String ID="string_113" HPOS="254" VPOS="711" WIDTH="50" HEIGHT="23" WC="0.93" CONTENT="icke"/><SP WIDTH="20" VPOS="711" HPOS="304"/>
							<String ID="string_114" HPOS="324" VPOS="712" WIDTH="93" HEIGHT="22" WC="0.92" CONTENT="allenast"/><SP WIDTH="20" VPOS="712" HPOS="417"/>
							<String ID="string_115" HPOS="437" VPOS="713" WIDTH="67" HEIGHT="22" WC="0.96" CONTENT="binda"/><SP WIDTH="20" VPOS="713" HPOS="504"/>
							<String ID="string_116" HPOS="524" VPOS="713" WIDTH="114" HEIGHT="28" WC="0.95" CONTENT="ansenliga"/><SP WIDTH="18" VPOS="713" HPOS="638"/>
							<String ID="string_117" HPOS="656" VPOS="713" WIDTH="85" HEIGHT="26" WC="0.96" CONTENT="kapital"/><SP WIDTH="15" VPOS="713" HPOS="741"/>
							<String ID="string_118" HPOS="756" VPOS="712" WIDTH="38" HEIGHT="23" WC="0.96" CONTENT="vid"/><SP WIDTH="16" VPOS="712" HPOS="794"/>
							<String ID="string_119" HPOS="810" VPOS="712" WIDTH="70" HEIGHT="22" WC="0.92" CONTENT="denna"/><SP WIDTH="15" VPOS="712" HPOS="880"/>
							<String ID="string_120" HPOS="895" VPOS="712" WIDTH="49" HEIGHT="21" WC="0.89" CONTENT="ban-"/>
						</TextLine>
						<TextLine ID="line_17" HPOS="200" VPOS="747" WIDTH="743" HEIGHT="29">
							<String ID="string_121" HPOS="200" VPOS="747" WIDTH="109" HEIGHT="28" WC="0.91" CONTENT="byggnad,"/><SP WIDTH="22" VPOS="747" HPOS="309"/>
							<String ID="string_122" HPOS="331" VPOS="750" WIDTH="52" HEIGHT="20" WC="0.96" CONTENT="utan"/><SP WIDTH="16" VPOS="750" HPOS="383"/>
							<String ID="string_123" HPOS="399" VPOS="750" WIDTH="57" HEIGHT="21" WC="0.93" CONTENT="ännu"/><SP WIDTH="17" VPOS="750" HPOS="456"/>
							<String ID="string_124" HPOS="473" VPOS="749" WIDTH="75" HEIGHT="22" WC="0.90" CONTENT="dertill"/><SP WIDTH="15" VPOS="749" HPOS="548"/>
							<String ID="string_125" HPOS="563" VPOS="749" WIDTH="91" HEIGHT="22" WC="0.92" CONTENT="äsamka"/><SP WIDTH="15" VPOS="749" HPOS="654"/>
							<String ID="string_126" HPOS="669" VPOS="749" WIDTH="35" HEIGHT="27" WC="0.96" CONTENT="sig"/><SP WIDTH="16" VPOS="749" HPOS="704"/>
							<String ID="string_127" HPOS="720" VPOS="755" WIDTH="26" HEIGHT="15" WC="0.93" CONTENT="en"/><SP WIDTH="16" VPOS="755" HPOS="746"/>
							<String ID="string_128" HPOS="762" VPOS="747" WIDTH="181" HEIGHT="28" WC="0.92" CONTENT="inkomstförlust,"/>
						</TextLine>
						<TextLine ID="line_18" HPOS="200" VPOS="784" WIDTH="743" HEIGHT="28">
							<String ID="string_129" HPOS="200" VPOS="785" WIDTH="197" HEIGHT="25" WC="0.96" CONTENT="representerande"/><SP WIDTH="16" VPOS="785" HPOS="397"/>
							<String ID="string_130" HPOS="413" VPOS="787" WIDTH="32" HEIGHT="20" WC="0.93" CONTENT="ett"/><SP WIDTH="15" VPOS="787" HPOS="445"/>
							<String ID="string_131" HPOS="460" VPOS="785" WIDTH="85" HEIGHT="27" WC="0.96" CONTENT="kapital"/><SP WIDTH="16" VPOS="785" HPOS="545"/>
							<String ID="string_132" HPOS="561" VPOS="791" WIDTH="33" HEIGHT="16" WC="0.96" CONTENT="om"/><SP WIDTH="17" VPOS="791" HPOS="594"/>
							<String ID="string_133" HPOS="611" VPOS="787" WIDTH="11" HEIGHT="20" WC="0.92" CONTENT="5"/><SP WIDTH="18" VPOS="787" HPOS="622"/>
							<String ID="string_134" HPOS="640" VPOS="786" WIDTH="13" HEIGHT="20" WC="0.81" CONTENT="ä"/><SP WIDTH="17" VPOS="786" HPOS="653"/>
							<String ID="string_135" HPOS="670" VPOS="786" WIDTH="12" HEIGHT="20" WC="0.96" CONTENT="6"/><SP WIDTH="16" VPOS="786" HPOS="682"/>
							<String ID="string_136" HPOS="698" VPOS="785" WIDTH="106" HEIGHT="27" WC="0.93" CONTENT="miljoner,"/><SP WIDTH="12" VPOS="785" HPOS="804"/>
							<String ID="string_137" HPOS="816" VPOS="784" WIDTH="73" HEIGHT="22" WC="0.92" CONTENT="blefve"/><SP WIDTH="11" VPOS="784" HPOS="889"/>
							<String ID="string_138" HPOS="900" VPOS="785" WIDTH="43" HEIGHT="20" WC="0.92" CONTENT="sta-"/>
						</TextLine>
						<TextLine ID="line_19" HPOS="200" VPOS="820" WIDTH="743" HEIGHT="29">
							<String ID="string_139" HPOS="200" VPOS="821" WIDTH="38" HEIGHT="21" WC="0.92" CONTENT="ten"/><SP WIDTH="19" VPOS="821" HPOS="238"/>
							<String ID="string_140" HPOS="257" VPOS="820" WIDTH="106" HEIGHT="22" WC="0.92" CONTENT="mähända"/><SP WIDTH="16" VPOS="820" HPOS="363"/>
							<String ID="string_141" HPOS="379" VPOS="820" WIDTH="34" HEIGHT="23" WC="0.96" CONTENT="för"/><SP WIDTH="16" VPOS="820" HPOS="413"/>
							<String ID="string_142" HPOS="429" VPOS="827" WIDTH="27" HEIGHT="16" WC="0.93" CONTENT="en"/><SP WIDTH="15" VPOS="827" HPOS="456"/>
							<String ID="string_143" HPOS="471" VPOS="821" WIDTH="53" HEIGHT="28" WC="0.89" CONTENT="läng"/><SP WIDTH="15" VPOS="821" HPOS="524"/>
							<String ID="string_144" HPOS="539" VPOS="821" WIDTH="32" HEIGHT="22" WC="0.93" CONTENT="tid"/><SP WIDTH="16" VPOS="821" HPOS="571"/>
							<String ID="string_145" HPOS="587" VPOS="821" WIDTH="79" HEIGHT="22" WC="0.92" CONTENT="framät"/><SP WIDTH="16" VPOS="821" HPOS="666"/>
							<String ID="string_146" HPOS="682" VPOS="820" WIDTH="126" HEIGHT="28" WC="0.93" CONTENT="oförmögen"/><SP WIDTH="16" VPOS="820" HPOS="808"/>
							<String ID="string_147" HPOS="824" VPOS="822" WIDTH="32" HEIGHT="20" WC="0.93" CONTENT="att"/><SP WIDTH="15" VPOS="822" HPOS="856"/>
							<String ID="string_148" HPOS="871" VPOS="820" WIDTH="72" HEIGHT="28" WC="0.92" CONTENT="tillgo-"/>
						</TextLine>
						<TextLine ID="line_20" HPOS="200" VPOS="856" WIDTH="743" HEIGHT="29">
							<String ID="string_149" HPOS="200" VPOS="856" WIDTH="52" HEIGHT="22" WC="0.92" CONTENT="dose"/><SP WIDTH="21" VPOS="856" HPOS="252"/>
							<String ID="string_150" HPOS="273" VPOS="857" WIDTH="69" HEIGHT="27" WC="0.91" CONTENT="nägra"/><SP WIDTH="19" VPOS="857" HPOS="342"/>
							<String ID="string_151" HPOS="361" VPOS="857" WIDTH="68" HEIGHT="22" WC="0.93" CONTENT="andra"/><SP WIDTH="18" VPOS="857" HPOS="429"/>
							<String ID="string_152" HPOS="447" VPOS="857" WIDTH="194" HEIGHT="28" WC="0.93" CONTENT="jernvägsföretag"/><SP WIDTH="19" VPOS="857" HPOS="641"/>
							<String ID="string_153" HPOS="660" VPOS="858" WIDTH="8" HEIGHT="20" WC="0.93" CONTENT="i"/><SP WIDTH="20" VPOS="858" HPOS="668"/>
							<String ID="string_154" HPOS="688" VPOS="857" WIDTH="126" HEIGHT="22" WC="0.91" CONTENT="landsdelar"/><SP WIDTH="16" VPOS="857" HPOS="814"/>
							<String ID="string_155" HPOS="830" VPOS="856" WIDTH="45" HEIGHT="28" WC="0.96" CONTENT="der,"/><SP WIDTH="16" VPOS="856" HPOS="875"/>
							<String ID="string_156" HPOS="891" VPOS="858" WIDTH="52" HEIGHT="20" WC="0.96" CONTENT="utan"/>
						</TextLine>
						<TextLine ID="line_21" HPOS="199" VPOS="892" WIDTH="743" HEIGHT="30">
							<String ID="string_157" HPOS="199" VPOS="892" WIDTH="73" HEIGHT="28" WC="0.88" CONTENT="nägon"/><SP WIDTH="18" VPOS="892" HPOS="272"/>
							<String ID="string_158" HPOS="290" VPOS="892" WIDTH="175" HEIGHT="23" WC="0.92" CONTENT="inkomstförlust"/><SP WIDTH="15" VPOS="892" HPOS="465"/>
							<String ID="string_159" HPOS="480" VPOS="893" WIDTH="35" HEIGHT="23" WC="0.93" CONTENT="för"/><SP WIDTH="16" VPOS="893" HPOS="515"/>
							<String ID="string_160" HPOS="531" VPOS="894" WIDTH="209" HEIGHT="28" WC="0.92" CONTENT="statsjernvägarne,"/><SP WIDTH="16" VPOS="894" HPOS="740"/>
							<String ID="string_161" HPOS="756" VPOS="892" WIDTH="186" HEIGHT="28" WC="0.93" CONTENT="produktionsför-"/>
						</TextLine>
						<TextLine ID="line_22" HPOS="199" VPOS="928" WIDTH="744" HEIGHT="29">
							<String ID="string_162" HPOS="199" VPOS="928" WIDTH="79" HEIGHT="27" WC="0.91" CONTENT="mägan"/><SP WIDTH="25" VPOS="928" HPOS="278"/>
							<String ID="string_163" HPOS="303" VPOS="928" WIDTH="39" HEIGHT="22" WC="0.93" CONTENT="och"/><SP WIDTH="22" VPOS="928" HPOS="342"/>
							<String ID="string_164" HPOS="364" VPOS="929" WIDTH="132" HEIGHT="28" WC="0.92" CONTENT="välständet,"/><SP WIDTH="25" VPOS="929" HPOS="496"/>
							<String ID="string_165" HPOS="521" VPOS="936" WIDTH="77" HEIGHT="21" WC="0.93" CONTENT="genom"/><SP WIDTH="20" VPOS="936" HPOS="598"/>
							<String ID="string_166" HPOS="618" VPOS="928" WIDTH="211" HEIGHT="29" WC="0.91" CONTENT="jernvägsbyggnad"/><SP WIDTH="22" VPOS="928" HPOS="829"/>
							<String ID="string_167" HPOS="851" VPOS="928" WIDTH="8" HEIGHT="21" WC="0.91" CONTENT="i"/><SP WIDTH="22" VPOS="928" HPOS="859"/>
							<String ID="string_168" HPOS="881" VPOS="928" WIDTH="62" HEIGHT="27" WC="0.91" CONTENT="längt"/>
						</TextLine>
						<TextLine ID="line_23" HPOS="199" VPOS="963" WIDTH="743" HEIGHT="30">
							<String ID="string_169" HPOS="199" VPOS="963" WIDTH="68" HEIGHT="28" WC="0.95" CONTENT="högre"/><SP WIDTH="24" VPOS="963" HPOS="267"/>
							<String ID="string_170" HPOS="291" VPOS="964" WIDTH="54" HEIGHT="28" WC="0.96" CONTENT="grad"/><SP WIDTH="22" VPOS="964" HPOS="345"/>
							<String ID="string_171" HPOS="367" VPOS="965" WIDTH="73" HEIGHT="22" WC="0.93" CONTENT="skulle"/><SP WIDTH="23" VPOS="965" HPOS="440"/>
							<String ID="string_172" HPOS="463" VPOS="966" WIDTH="68" HEIGHT="27" WC="0.92" CONTENT="höjas,"/><SP WIDTH="22" VPOS="966" HPOS="531"/>
							<String ID="string_173" HPOS="553" VPOS="966" WIDTH="90" HEIGHT="22" WC="0.92" CONTENT="emedan"/><SP WIDTH="22" VPOS="966" HPOS="643"/>
							<String ID="string_174" HPOS="665" VPOS="966" WIDTH="27" HEIGHT="21" WC="0.92" CONTENT="de"/><SP WIDTH="16" VPOS="966" HPOS="692"/>
							<String ID="string_175" HPOS="708" VPOS="965" WIDTH="49" HEIGHT="21" WC="0.92" CONTENT="icke"/><SP WIDTH="15" VPOS="965" HPOS="757"/>
							<String ID="string_176" HPOS="772" VPOS="965" WIDTH="95" HEIGHT="21" WC="0.92" CONTENT="allenast"/><SP WIDTH="15" VPOS="965" HPOS="867"/>
							<String ID="string_177" HPOS="882" VPOS="964" WIDTH="60" HEIGHT="22" WC="0.93" CONTENT="äro"/><SP WIDTH="-14" VPOS="964" HPOS="942"/>
							<String ID="string_178" HPOS="928" VPOS="959" WIDTH="18" HEIGHT="40" WC="0.94" CONTENT="i"/>
						</TextLine>
						<TextLine ID="line_24" HPOS="198" VPOS="999" WIDTH="744" HEIGHT="30">
							<String ID="string_179" HPOS="198" VPOS="999" WIDTH="108" HEIGHT="23" WC="0.92" CONTENT="afsaknad"/><SP WIDTH="16" VPOS="999" HPOS="306"/>
							<String ID="string_180" HPOS="322" VPOS="1000" WIDTH="24" HEIGHT="22" WC="0.93" CONTENT="af"/><SP WIDTH="10" VPOS="1000" HPOS="346"/>
							<String ID="string_181" HPOS="356" VPOS="1000" WIDTH="119" HEIGHT="28" WC="0.91" CONTENT="jernvägar"/><SP WIDTH="16" VPOS="1000" HPOS="475"/>
							<String ID="string_182" HPOS="491" VPOS="1003" WIDTH="52" HEIGHT="20" WC="0.93" CONTENT="utan"/><SP WIDTH="16" VPOS="1003" HPOS="543"/>
							<String ID="string_183" HPOS="559" VPOS="1001" WIDTH="65" HEIGHT="23" WC="0.92" CONTENT="äfven"/><SP WIDTH="16" VPOS="1001" HPOS="624"/>
							<String ID="string_184" HPOS="640" VPOS="1001" WIDTH="65" HEIGHT="28" WC="0.93" CONTENT="eljest"/><SP WIDTH="15" VPOS="1001" HPOS="705"/>
							<String ID="string_185" HPOS="720" VPOS="1000" WIDTH="87" HEIGHT="22" WC="0.90" CONTENT="befinna"/><SP WIDTH="13" VPOS="1000" HPOS="807"/>
							<String ID="string_186" HPOS="820" VPOS="1000" WIDTH="35" HEIGHT="27" WC="0.93" CONTENT="sig"/><SP WIDTH="13" VPOS="1000" HPOS="855"/>
							<String ID="string_187" HPOS="868" VPOS="1000" WIDTH="32" HEIGHT="22" WC="0.93" CONTENT="uti"/><SP WIDTH="10" VPOS="1000" HPOS="900"/>
							<String ID="string_188" HPOS="910" VPOS="1001" WIDTH="32" HEIGHT="21" WC="0.96" CONTENT="ett"/>
						</TextLine>
						<TextLine ID="line_25" HPOS="197" VPOS="1036" WIDTH="743" HEIGHT="29">
							<String ID="string_189" HPOS="197" VPOS="1037" WIDTH="84" HEIGHT="26" WC="0.91" CONTENT="ytterst"/><SP WIDTH="15" VPOS="1037" HPOS="281"/>
							<String ID="string_190" HPOS="296" VPOS="1038" WIDTH="114" HEIGHT="26" WC="0.91" CONTENT="ogynsamt"/><SP WIDTH="15" VPOS="1038" HPOS="410"/>
							<String ID="string_191" HPOS="425" VPOS="1038" WIDTH="50" HEIGHT="27" WC="0.93" CONTENT="läge"/><SP WIDTH="14" VPOS="1038" HPOS="475"/>
							<String ID="string_192" HPOS="489" VPOS="1037" WIDTH="109" HEIGHT="28" WC="0.92" CONTENT="jemförda"/><SP WIDTH="15" VPOS="1037" HPOS="598"/>
							<String ID="string_193" HPOS="613" VPOS="1038" WIDTH="48" HEIGHT="21" WC="0.96" CONTENT="med"/><SP WIDTH="15" VPOS="1038" HPOS="661"/>
							<String ID="string_194" HPOS="676" VPOS="1037" WIDTH="71" HEIGHT="21" WC="0.93" CONTENT="denna"/><SP WIDTH="10" VPOS="1037" HPOS="747"/>
							<String ID="string_195" HPOS="757" VPOS="1036" WIDTH="51" HEIGHT="22" WC="0.93" CONTENT="värt"/><SP WIDTH="10" VPOS="1036" HPOS="808"/>
							<String ID="string_196" HPOS="818" VPOS="1036" WIDTH="63" HEIGHT="22" WC="0.92" CONTENT="lands"/><SP WIDTH="11" VPOS="1036" HPOS="881"/>
							<String ID="string_197" HPOS="892" VPOS="1036" WIDTH="48" HEIGHT="27" WC="0.93" CONTENT="syd-"/>
						</TextLine>
						<TextLine ID="line_26" HPOS="198" VPOS="1071" WIDTH="744" HEIGHT="30">
							<String ID="string_198" HPOS="198" VPOS="1071" WIDTH="81" HEIGHT="27" WC="0.91" CONTENT="ligaste"/><SP WIDTH="21" VPOS="1071" HPOS="279"/>
							<String ID="string_199" HPOS="300" VPOS="1072" WIDTH="147" HEIGHT="29" WC="0.96" CONTENT="kuststräcka,"/><SP WIDTH="24" VPOS="1072" HPOS="447"/>
							<String ID="string_200" HPOS="471" VPOS="1073" WIDTH="92" HEIGHT="23" WC="0.96" CONTENT="hvilken"/><SP WIDTH="21" VPOS="1073" HPOS="563"/>
							<String ID="string_201" HPOS="584" VPOS="1073" WIDTH="70" HEIGHT="22" WC="0.96" CONTENT="under"/><SP WIDTH="21" VPOS="1073" HPOS="654"/>
							<String ID="string_202" HPOS="675" VPOS="1074" WIDTH="82" HEIGHT="21" WC="0.96" CONTENT="största"/><SP WIDTH="21" VPOS="1074" HPOS="757"/>
							<String ID="string_203" HPOS="778" VPOS="1072" WIDTH="64" HEIGHT="22" WC="0.96" CONTENT="delen"/><SP WIDTH="16" VPOS="1072" HPOS="842"/>
							<String ID="string_204" HPOS="858" VPOS="1072" WIDTH="22" HEIGHT="21" WC="0.93" CONTENT="af"/><SP WIDTH="14" VPOS="1072" HPOS="880"/>
							<String ID="string_205" HPOS="894" VPOS="1072" WIDTH="48" HEIGHT="22" WC="0.96" CONTENT="året"/>
						</TextLine>
						<TextLine ID="line_27" HPOS="198" VPOS="1107" WIDTH="744" HEIGHT="29">
							<String ID="string_206" HPOS="198" VPOS="1113" WIDTH="78" HEIGHT="21" WC="0.93" CONTENT="genom"/><SP WIDTH="19" VPOS="1113" HPOS="276"/>
							<String ID="string_207" HPOS="295" VPOS="1108" WIDTH="246" HEIGHT="28" WC="0.91" CONTENT="sjökommunikationen"/><SP WIDTH="21" VPOS="1108" HPOS="541"/>
							<String ID="string_208" HPOS="562" VPOS="1109" WIDTH="40" HEIGHT="21" WC="0.96" CONTENT="har"/><SP WIDTH="19" VPOS="1109" HPOS="602"/>
							<String ID="string_209" HPOS="621" VPOS="1109" WIDTH="75" HEIGHT="21" WC="0.93" CONTENT="direkt"/><SP WIDTH="17" VPOS="1109" HPOS="696"/>
							<String ID="string_210" HPOS="713" VPOS="1108" WIDTH="101" HEIGHT="22" WC="0.96" CONTENT="tillträde"/><SP WIDTH="16" VPOS="1108" HPOS="814"/>
							<String ID="string_211" HPOS="830" VPOS="1107" WIDTH="62" HEIGHT="23" WC="0.95" CONTENT="såväl"/><SP WIDTH="14" VPOS="1107" HPOS="892"/>
							<String ID="string_212" HPOS="906" VPOS="1107" WIDTH="36" HEIGHT="22" WC="0.96" CONTENT="till"/>
						</TextLine>
						<TextLine ID="line_28" HPOS="197" VPOS="1143" WIDTH="623" HEIGHT="24">
							<String ID="string_213" HPOS="197" VPOS="1143" WIDTH="210" HEIGHT="23" WC="0.92" CONTENT="verläsmarknaden"/><SP WIDTH="16" VPOS="1143" HPOS="407"/>
							<String ID="string_214" HPOS="423" VPOS="1151" WIDTH="45" HEIGHT="15" WC="0.96" CONTENT="som"/><SP WIDTH="15" VPOS="1151" HPOS="468"/>
							<String ID="string_215" HPOS="483" VPOS="1145" WIDTH="36" HEIGHT="22" WC="0.96" CONTENT="till"/><SP WIDTH="16" VPOS="1145" HPOS="519"/>
							<String ID="string_216" HPOS="535" VPOS="1145" WIDTH="42" HEIGHT="21" WC="0.97" CONTENT="den"/><SP WIDTH="15" VPOS="1145" HPOS="577"/>
							<String ID="string_217" HPOS="592" VPOS="1144" WIDTH="72" HEIGHT="23" WC="0.96" CONTENT="finska"/><SP WIDTH="15" VPOS="1144" HPOS="664"/>
							<String ID="string_218" HPOS="679" VPOS="1144" WIDTH="141" HEIGHT="22" WC="0.96" CONTENT="marknaden."/>
						</TextLine>
					</TextBlock>
					<TextBlock ID="block_5" HPOS="194" VPOS="1179" WIDTH="748" HEIGHT="280">
						<TextLine ID="line_29" HPOS="268" VPOS="1179" WIDTH="674" HEIGHT="29">
							<String ID="string_219" HPOS="268" VPOS="1180" WIDTH="67" HEIGHT="22" WC="0.96" CONTENT="Detta"/><SP WIDTH="15" VPOS="1180" HPOS="335"/>
							<String ID="string_220" HPOS="350" VPOS="1180" WIDTH="61" HEIGHT="22" WC="0.96" CONTENT="leder"/><SP WIDTH="15" VPOS="1180" HPOS="411"/>
							<String ID="string_221" HPOS="426" VPOS="1181" WIDTH="36" HEIGHT="21" WC="0.93" CONTENT="till"/><SP WIDTH="13" VPOS="1181" HPOS="462"/>
							<String ID="string_222" HPOS="475" VPOS="1180" WIDTH="132" HEIGHT="28" WC="0.92" CONTENT="pröfningen"/><SP WIDTH="11" VPOS="1180" HPOS="607"/>
							<String ID="string_223" HPOS="618" VPOS="1181" WIDTH="24" HEIGHT="22" WC="0.96" CONTENT="af"/><SP WIDTH="8" VPOS="1181" HPOS="642"/>
							<String ID="string_224" HPOS="650" VPOS="1181" WIDTH="43" HEIGHT="21" WC="0.96" CONTENT="den"/><SP WIDTH="11" VPOS="1181" HPOS="693"/>
							<String ID="string_225" HPOS="704" VPOS="1180" WIDTH="68" HEIGHT="22" WC="0.93" CONTENT="andra"/><SP WIDTH="11" VPOS="1180" HPOS="772"/>
							<String ID="string_226" HPOS="783" VPOS="1179" WIDTH="140" HEIGHT="28" WC="0.92" CONTENT="synpunkten"/><SP WIDTH="11" VPOS="1179" HPOS="923"/>
							<String ID="string_227" HPOS="934" VPOS="1179" WIDTH="8" HEIGHT="22" WC="0.96" CONTENT="i"/>
						</TextLine>
						<TextLine ID="line_30" HPOS="197" VPOS="1215" WIDTH="743" HEIGHT="30">
							<String ID="string_228" HPOS="197" VPOS="1215" WIDTH="104" HEIGHT="23" WC="0.92" CONTENT="afseende"/><SP WIDTH="22" VPOS="1215" HPOS="301"/>
							<String ID="string_229" HPOS="323" VPOS="1216" WIDTH="69" HEIGHT="22" WC="0.92" CONTENT="hvarä"/><SP WIDTH="21" VPOS="1216" HPOS="392"/>
							<String ID="string_230" HPOS="413" VPOS="1217" WIDTH="44" HEIGHT="21" WC="0.96" CONTENT="min"/><SP WIDTH="25" VPOS="1217" HPOS="457"/>
							<String ID="string_231" HPOS="482" VPOS="1217" WIDTH="88" HEIGHT="27" WC="0.93" CONTENT="mening"/><SP WIDTH="19" VPOS="1217" HPOS="570"/>
							<String ID="string_232" HPOS="589" VPOS="1217" WIDTH="10" HEIGHT="21" WC="0.92" CONTENT="%"/><SP WIDTH="19" VPOS="1217" HPOS="599"/>
							<String ID="string_233" HPOS="618" VPOS="1218" WIDTH="73" HEIGHT="27" WC="0.88" CONTENT="nägon"/><SP WIDTH="20" VPOS="1218" HPOS="691"/>
							<String ID="string_234" HPOS="711" VPOS="1216" WIDTH="51" HEIGHT="22" WC="0.93" CONTENT="män"/><SP WIDTH="21" VPOS="1216" HPOS="762"/>
							<String ID="string_235" HPOS="783" VPOS="1215" WIDTH="87" HEIGHT="23" WC="0.91" CONTENT="afviker"/><SP WIDTH="21" VPOS="1215" HPOS="870"/>
							<String ID="string_236" HPOS="891" VPOS="1215" WIDTH="49" HEIGHT="22" WC="0.93" CONTENT="frän"/>
						</TextLine>
						<TextLine ID="line_31" HPOS="196" VPOS="1250" WIDTH="744" HEIGHT="30">
							<String ID="string_237" HPOS="196" VPOS="1251" WIDTH="127" HEIGHT="29" WC="0.92" CONTENT="utskottets,"/><SP WIDTH="20" VPOS="1251" HPOS="323"/>
							<String ID="string_238" HPOS="343" VPOS="1252" WIDTH="110" HEIGHT="28" WC="0.91" CONTENT="nemligen"/><SP WIDTH="18" VPOS="1252" HPOS="453"/>
							<String ID="string_239" HPOS="471" VPOS="1253" WIDTH="83" HEIGHT="21" WC="0.96" CONTENT="banans"/><SP WIDTH="15" VPOS="1253" HPOS="554"/>
							<String ID="string_240" HPOS="569" VPOS="1252" WIDTH="74" HEIGHT="22" WC="0.96" CONTENT="lokala"/><SP WIDTH="14" VPOS="1252" HPOS="643"/>
							<String ID="string_241" HPOS="657" VPOS="1252" WIDTH="116" HEIGHT="28" WC="0.93" CONTENT="betydelse"/><SP WIDTH="13" VPOS="1252" HPOS="773"/>
							<String ID="string_242" HPOS="786" VPOS="1251" WIDTH="10" HEIGHT="21" WC="0.93" CONTENT="i"/><SP WIDTH="8" VPOS="1251" HPOS="796"/>
							<String ID="string_243" HPOS="804" VPOS="1250" WIDTH="136" HEIGHT="28" WC="0.94" CONTENT="förhållande"/>
						</TextLine>
						<TextLine ID="line_32" HPOS="196" VPOS="1286" WIDTH="744" HEIGHT="30">
							<String ID="string_244" HPOS="196" VPOS="1286" WIDTH="34" HEIGHT="22" WC="0.96" CONTENT="till"/><SP WIDTH="19" VPOS="1286" HPOS="230"/>
							<String ID="string_245" HPOS="249" VPOS="1288" WIDTH="72" HEIGHT="21" WC="0.96" CONTENT="andra"/><SP WIDTH="20" VPOS="1288" HPOS="321"/>
							<String ID="string_246" HPOS="341" VPOS="1288" WIDTH="72" HEIGHT="27" WC="0.96" CONTENT="banor,"/><SP WIDTH="15" VPOS="1288" HPOS="413"/>
							<String ID="string_247" HPOS="428" VPOS="1288" WIDTH="94" HEIGHT="23" WC="0.96" CONTENT="hvarvid"/><SP WIDTH="13" VPOS="1288" HPOS="522"/>
							<String ID="string_248" HPOS="535" VPOS="1289" WIDTH="38" HEIGHT="27" WC="0.96" CONTENT="jag"/><SP WIDTH="15" VPOS="1289" HPOS="573"/>
							<String ID="string_249" HPOS="588" VPOS="1288" WIDTH="142" HEIGHT="28" WC="0.96" CONTENT="naturligtvis"/><SP WIDTH="17" VPOS="1288" HPOS="730"/>
							<String ID="string_250" HPOS="747" VPOS="1287" WIDTH="19" HEIGHT="28" WC="0.96" CONTENT="ej"/><SP WIDTH="17" VPOS="1287" HPOS="766"/>
							<String ID="string_251" HPOS="783" VPOS="1287" WIDTH="71" HEIGHT="21" WC="0.96" CONTENT="heller"/><SP WIDTH="16" VPOS="1287" HPOS="854"/>
							<String ID="string_252" HPOS="870" VPOS="1287" WIDTH="70" HEIGHT="21" WC="0.96" CONTENT="såsom"/>
						</TextLine>
						<TextLine ID="line_33" HPOS="195" VPOS="1322" WIDTH="744" HEIGHT="30">
							<String ID="string_253" HPOS="195" VPOS="1323" WIDTH="110" HEIGHT="22" WC="0.96" CONTENT="utskottet"/><SP WIDTH="16" VPOS="1323" HPOS="305"/>
							<String ID="string_254" HPOS="321" VPOS="1324" WIDTH="36" HEIGHT="21" WC="0.96" CONTENT="det"/><SP WIDTH="16" VPOS="1324" HPOS="357"/>
							<String ID="string_255" HPOS="373" VPOS="1324" WIDTH="64" HEIGHT="28" WC="0.96" CONTENT="gjort,"/><SP WIDTH="16" VPOS="1324" HPOS="437"/>
							<String ID="string_256" HPOS="453" VPOS="1324" WIDTH="44" HEIGHT="22" WC="0.96" CONTENT="kan"/><SP WIDTH="16" VPOS="1324" HPOS="497"/>
							<String ID="string_257" HPOS="513" VPOS="1324" WIDTH="72" HEIGHT="22" WC="0.93" CONTENT="lemna"/><SP WIDTH="15" VPOS="1324" HPOS="585"/>
							<String ID="string_258" HPOS="600" VPOS="1324" WIDTH="108" HEIGHT="22" WC="0.91" CONTENT="obeaktad"/><SP WIDTH="16" VPOS="1324" HPOS="708"/>
							<String ID="string_259" HPOS="724" VPOS="1322" WIDTH="160" HEIGHT="23" WC="0.91" CONTENT="ofvannämnda"/><SP WIDTH="13" VPOS="1322" HPOS="884"/>
							<String ID="string_260" HPOS="897" VPOS="1329" WIDTH="42" HEIGHT="15" WC="0.92" CONTENT="om-"/>
						</TextLine>
						<TextLine ID="line_34" HPOS="196" VPOS="1358" WIDTH="744" HEIGHT="30">
							<String ID="string_261" HPOS="196" VPOS="1359" WIDTH="133" HEIGHT="28" WC="0.92" CONTENT="ständighet,"/><SP WIDTH="24" VPOS="1359" HPOS="329"/>
							<String ID="string_262" HPOS="353" VPOS="1361" WIDTH="33" HEIGHT="20" WC="0.96" CONTENT="att"/><SP WIDTH="19" VPOS="1361" HPOS="386"/>
							<String ID="string_263" HPOS="405" VPOS="1360" WIDTH="168" HEIGHT="28" WC="0.93" CONTENT="ifrågavarande"/><SP WIDTH="20" VPOS="1360" HPOS="573"/>
							<String ID="string_264" HPOS="593" VPOS="1360" WIDTH="115" HEIGHT="22" WC="0.91" CONTENT="kusttrakt"/><SP WIDTH="20" VPOS="1360" HPOS="708"/>
							<String ID="string_265" HPOS="728" VPOS="1360" WIDTH="36" HEIGHT="21" WC="0.96" CONTENT="till"/><SP WIDTH="21" VPOS="1360" HPOS="764"/>
							<String ID="string_266" HPOS="785" VPOS="1359" WIDTH="53" HEIGHT="27" WC="0.96" CONTENT="följe"/><SP WIDTH="20" VPOS="1359" HPOS="838"/>
							<String ID="string_267" HPOS="858" VPOS="1358" WIDTH="25" HEIGHT="22" WC="0.96" CONTENT="af"/><SP WIDTH="18" VPOS="1358" HPOS="883"/>
							<String ID="string_268" HPOS="901" VPOS="1358" WIDTH="39" HEIGHT="22" WC="0.95" CONTENT="sitt"/>
						</TextLine>
						<TextLine ID="line_35" HPOS="195" VPOS="1394" WIDTH="745" HEIGHT="28">
							<String ID="string_269" HPOS="195" VPOS="1394" WIDTH="88" HEIGHT="28" WC="0.96" CONTENT="sydliga"/><SP WIDTH="14" VPOS="1394" HPOS="283"/>
							<String ID="string_270" HPOS="297" VPOS="1396" WIDTH="50" HEIGHT="26" WC="0.96" CONTENT="läge"/><SP WIDTH="15" VPOS="1396" HPOS="347"/>
							<String ID="string_271" HPOS="362" VPOS="1395" WIDTH="69" HEIGHT="22" WC="0.96" CONTENT="under"/><SP WIDTH="16" VPOS="1395" HPOS="431"/>
							<String ID="string_272" HPOS="447" VPOS="1402" WIDTH="27" HEIGHT="15" WC="0.96" CONTENT="en"/><SP WIDTH="16" VPOS="1402" HPOS="474"/>
							<String ID="string_273" HPOS="490" VPOS="1396" WIDTH="25" HEIGHT="21" WC="0.96" CONTENT="så"/><SP WIDTH="16" VPOS="1396" HPOS="515"/>
							<String ID="string_274" HPOS="531" VPOS="1398" WIDTH="45" HEIGHT="20" WC="0.96" CONTENT="stor"/><SP WIDTH="16" VPOS="1398" HPOS="576"/>
							<String ID="string_275" HPOS="592" VPOS="1396" WIDTH="36" HEIGHT="22" WC="0.95" CONTENT="del"/><SP WIDTH="14" VPOS="1396" HPOS="628"/>
							<String ID="string_276" HPOS="642" VPOS="1396" WIDTH="24" HEIGHT="22" WC="0.96" CONTENT="af"/><SP WIDTH="8" VPOS="1396" HPOS="666"/>
							<String ID="string_277" HPOS="674" VPOS="1396" WIDTH="50" HEIGHT="22" WC="0.96" CONTENT="året"/><SP WIDTH="10" VPOS="1396" HPOS="724"/>
							<String ID="string_278" HPOS="734" VPOS="1395" WIDTH="98" HEIGHT="27" WC="0.95" CONTENT="åtnjuter"/><SP WIDTH="10" VPOS="1395" HPOS="832"/>
							<String ID="string_279" HPOS="842" VPOS="1394" WIDTH="28" HEIGHT="22" WC="0.96" CONTENT="de"/><SP WIDTH="10" VPOS="1394" HPOS="870"/>
							<String ID="string_280" HPOS="880" VPOS="1395" WIDTH="60" HEIGHT="21" WC="0.96" CONTENT="stora"/>
						</TextLine>
						<TextLine ID="line_36" HPOS="194" VPOS="1429" WIDTH="510" HEIGHT="30">
							<String ID="string_281" HPOS="194" VPOS="1429" WIDTH="104" HEIGHT="29" WC="0.96" CONTENT="fördelar,"/><SP WIDTH="17" VPOS="1429" HPOS="298"/>
							<String ID="string_282" HPOS="315" VPOS="1437" WIDTH="45" HEIGHT="15" WC="0.96" CONTENT="som"/><SP WIDTH="15" VPOS="1437" HPOS="360"/>
							<String ID="string_283" HPOS="375" VPOS="1432" WIDTH="61" HEIGHT="27" WC="0.96" CONTENT="läget"/><SP WIDTH="15" VPOS="1432" HPOS="436"/>
							<String ID="string_284" HPOS="451" VPOS="1432" WIDTH="38" HEIGHT="22" WC="0.96" CONTENT="vid"/><SP WIDTH="14" VPOS="1432" HPOS="489"/>
							<String ID="string_285" HPOS="503" VPOS="1431" WIDTH="77" HEIGHT="23" WC="0.96" CONTENT="hafvet"/><SP WIDTH="16" VPOS="1431" HPOS="580"/>
							<String ID="string_286" HPOS="596" VPOS="1432" WIDTH="108" HEIGHT="27" WC="0.96" CONTENT="erbjuder."/>
						</TextLine>
					</TextBlock>
					<TextBlock ID="block_6" HPOS="265" VPOS="1472" WIDTH="365" HEIGHT="24">
						<TextLine ID="line_37" HPOS="265" VPOS="1472" WIDTH="365" HEIGHT="24">
							<String ID="string_287" HPOS="265" VPOS="1472" WIDTH="173" HEIGHT="24" WC="0.34" CONTENT="Jernvägsutskottets"/><SP WIDTH="12" VPOS="1472" HPOS="438"/>
							<String ID="string_288" HPOS="450" VPOS="1473" WIDTH="107" HEIGHT="18" WC="0.96" CONTENT="betänkande"/><SP WIDTH="13" VPOS="1473" HPOS="557"/>
							<String ID="string_289" HPOS="570" VPOS="1472" WIDTH="33" HEIGHT="19" WC="0.95" CONTENT="N:o"/><SP WIDTH="12" VPOS="1472" HPOS="603"/>
							<String ID="string_290" HPOS="615" VPOS="1475" WIDTH="15" HEIGHT="15" WC="0.96" CONTENT="1."/>
						</TextLine>
					</TextBlock>
				</ComposedBlock>
			</PrintSpace>
		</Page>
	</Layout>
</alto>
