1045 1670
285 96 223 22 Petitionsbetänkande
524 96 34 22 N:o
575 96 34 22 24.
760 98 26 21 11

66 157 57 27 plats
146 156 33 22 för
203 155 199 29 stockflottningen,
423 163 45 15 som
486 158 86 21 senaste
588 157 24 21 år
627 157 95 22 varierat
738 157 79 22 mellan

67 193 81 25 70,000
163 192 39 22 och
220 192 95 27 150,000
331 193 110 27 stammar,
458 192 154 27 genomgräfva
623 199 26 16 en
658 193 94 22 särskild
759 192 59 22 flott-

66 228 131 27 ningskanal
218 229 28 26 på
261 234 65 15 norra
342 228 53 21 eller
410 229 74 20 vestra
500 228 63 21 sidan
580 234 34 15 om
631 229 41 21 den
689 228 36 22 vid
741 230 76 20 ström-

67 270 49 15 men
132 263 93 28 belägna
239 263 94 22 holmen.
360 263 81 22 Norrut
456 263 47 22 från
520 263 119 22 Säviävirta
655 264 101 27 erbjuder
770 263 48 22 Pie-

67 300 67 21 lavesi
158 300 33 27 sjö
215 305 27 16 en
265 300 37 21 två
323 299 49 22 mils
388 299 52 28 lång
455 301 117 26 vattenväg
587 301 46 20 mot
648 300 115 27 Pyhäjärvi
779 299 39 22 och

67 335 130 27 Pihtipudas
223 335 99 27 socknar,
342 335 34 21 för
392 335 73 22 hvilka
483 335 192 28 landtransporten
691 335 128 22 sommartid

68 371 92 22 sålunda
184 371 77 21 endast
282 370 71 22 blefve
369 370 101 27 omkring
486 371 13 22 5
516 371 38 21 mil
570 371 34 21 till
619 371 137 28 vattendrag,
772 376 46 16 som

69 407 45 20 står
130 406 32 21 uti
179 406 133 22 förbindelse
328 406 50 21 med
392 407 96 26 jernväg.

139 441 56 22 Hela
211 441 93 27 längden
321 441 23 22 af
359 442 41 21 den
416 441 124 28 föreslagna
555 443 144 26 vattenvägen
715 442 48 22 från
771 442 48 22 Pie-

68 476 68 22 lavesi
159 477 45 27 sjös
228 483 65 15 norra
309 477 35 21 del
359 476 35 22 till
410 477 77 22 Iisvesi
503 477 81 22 station
601 479 64 26 utgör
681 478 18 26 ej
717 477 50 22 fullt
783 477 36 22 nio

69 512 38 22 mil
123 513 40 21 och
179 512 123 22 föranleder
317 512 69 28 enligt
402 512 156 23 ofvanstående
574 513 33 22 till
623 513 97 27 följande
731 513 88 22 arbeten

69 548 39 22 och
125 549 88 21 dermed
230 549 103 21 förenade
348 549 129 21 kostnader:

69 615 149 27 upprensning
233 614 24 22 af
270 615 111 21 Riitsalmi
407 631 1 5 .
441 631 4 5 .
477 632 4 4 .
514 632 4 4 .
588 631 41 6 +.
660 616 48 28 Fang
752 615 67 28 9,000

69 651 106 27 svängbro
187 650 34 22 för
231 651 131 27 landsvägen
373 650 36 22 vid
420 632 136 40 Tervasalmi
559 651 68 27 jemte

141 686 167 28 brovaktsstuga
324 687 112 21 derstädes
479 703 5 5 i.
516 703 4 5 .
553 703 5 5 .
590 703 5 5 .
627 703 3 4 .
677 703 10 12 »
733 686 86 28 18,650.

70 722 148 28 upprensning
233 722 22 22 at
271 722 134 22 Kirnusalmi
441 739 5 5 .
478 739 4 5 .
514 739 5 5 .
678 739 10 11 »
734 722 86 28 12,000-

70 758 131 27 anläggning
225 758 23 22 af
266 758 66 22 kanal
350 758 68 27 jemte
440 758 12 22 2
472 734 159 56 kammarsluss

141 794 37 22 vid
193 794 141 27 Kolutaipale
368 810 4 5 .
405 810 5 6 .
679 810 10 12 n
718 793 102 28 530,080.

71 829 148 28 upprensning
240 830 24 21 af
278 830 41 21 far-
336 831 58 20 samt
409 806 114 55 flottleden
539 810 36 41 vid
590 810 41 41 Sä-

142 865 92 22 viävittä
258 881 2 6 <
292 881 5 5 <
329 881 5 6 s
366 880 154 7 k
733 864 87 28 81,500.

544 906 88 23 Summa
655 907 48 28 Say
718 906 102 28 651,150.

71 943 39 21 och
127 943 148 27 upprensning
291 942 23 22 af
328 942 142 23 Lietensalmi
486 943 34 21 för
531 943 96 22 farleden

141 979 34 22 till
191 979 104 22 Karttula
326 995 5 5 .
364 995 5 5 .
402 995 4 5 .
624 995 5 5 <
653 979 48 28 Fm:
727 974 11 38 =
747 978 74 28 8,500.

70 1015 83 27 Lägges
169 1015 75 22 härtill
257 1015 148 26 upprensning
415 991 29 55 af.
445 995 62 41 Jänis
514 994 42 43 m
564 995 63 41 Waa-

139 1050 90 27 jasalmi
251 1051 55 21 sund
328 1050 120 29 (eventuelt
464 1050 126 27 utgräfning
605 1050 24 22 af

141 1086 152 27 Tervataipale
303 1085 75 30 kanal)
389 1087 33 21 för
431 1085 96 23 farleden
536 1086 34 21 till
578 1086 49 22 We-

141 1124 81 20 SantO.
254 1139 5 4 .
291 1138 4 5 n
327 1121 494 28 e
735 1117 90 37 B3,400.

70 1165 25 20 sä
110 1164 93 21 erhälles
540 1163 89 22 Summa
655 1164 48 28 ay
718 1163 103 28 693,050.

70 1229 53 22 eller
146 1229 49 22 hela
217 1230 37 21 det
274 1229 87 27 belopp,
384 1235 45 16 som
449 1235 51 16 vore
516 1229 138 27 erforderligt
669 1229 34 22 för
718 1231 33 20 att
767 1235 54 21 upp-

69 1264 74 27 hjelpa
159 1264 98 22 farleden
277 1264 7 22 i
300 1265 27 21 de
342 1265 138 27 vattendrag,
496 1264 74 22 hvilka
585 1264 89 22 tillhöra
689 1264 76 22 Iisvesi
777 1266 44 20 sta-

69 1300 58 22 tions
143 1300 174 22 trafikomräde."

140 1336 34 22 De
197 1336 156 22 ofvananförda
376 1336 283 27 kostnadsberäkningarna
681 1338 38 20 äro
744 1336 77 27 gjorda

69 1372 69 22 under
154 1372 41 22 den
212 1372 164 28 förutsättning,
394 1374 33 20 att
442 1372 153 27 vattendjupet
610 1371 70 23 blefve
691 1372 13 21 6
716 1372 39 27 fot,
769 1371 53 21 eller

70 1414 26 15 en
118 1407 32 22 fot
167 1408 85 22 mindre
269 1410 26 19 än
312 1407 7 22 i
334 1408 94 26 tidigare
445 1407 83 27 förslag
543 1407 102 27 antagits,
660 1407 111 22 äfvensom
788 1408 34 20 att

140 1448 176 24 Ternvägsutskottets
328 1448 107 18 betänkande
447 1448 36 19 N:o
496 1450 17 16 3.
