1073 1675
186 147 381 25 Petitionsbetänkande
581 146 58 25 N:o
654 148 53 24 40.

347 552 199 23 Statsutskottets
568 552 144 22 betänkande
726 552 38 23 N:o
782 552 25 22 10
824 552 6 22 i

280 587 99 28 anledning
401 587 21 21 af
436 589 27 20 ett
477 587 48 22 inom
541 586 154 29 Borgareståndet
710 587 56 22 väckt
781 587 50 28 peti-

280 621 122 28 tionsförslag
424 628 28 15 om
474 621 106 22 tilldelande
595 621 22 22 af
629 621 114 27 statsanslag
757 621 20 22 ät
792 621 39 22 Ex-

280 655 150 29 portföreningen
446 656 6 21 i
468 655 83 22 Finland.

148 753 82 21 Genom
253 752 191 28 protokollsutdrag
460 753 22 20 af
497 753 41 20 den
555 753 11 20 7
582 752 93 21 februari
689 752 38 21 har
742 752 90 21 Statsut-

76 788 78 21 skottet
176 787 40 21 fätt
230 787 47 20 frän
292 786 177 28 Borgareständet
484 787 32 20 till
530 786 131 27 behandling
675 787 106 27 emottaga
796 792 37 15 ne-

77 821 129 21 danstäende
229 820 183 28 petitionsförslag,
432 820 80 21 hvilket
527 820 78 27 ätföljts
621 820 21 21 af
656 820 104 27 protokoll
776 820 60 21 öfver

78 856 41 20 den
135 855 35 21 vid
186 854 98 22 ärendets
299 854 75 21 remiss
388 854 150 28 försiggängna
553 854 157 21 diskussionen:

235 956 53 21 Till
303 957 144 25 vällofliga
462 957 220 26 borgareständet.

151 1020 83 20 Finland
249 1026 46 19 eger
308 1026 84 13 numera
406 1026 26 13 en
447 1020 168 25 exportförening,
631 1020 62 20 sedan
708 1020 128 20 stadfästelse

80 1048 12 20 å
114 1048 46 20 dess
184 1048 80 25 stadgar
284 1048 69 25 gifvits
376 1048 19 19 af
410 1048 110 25 Kejserliga
535 1048 87 20 Senaten
637 1048 39 20 den
692 1049 25 19 11
733 1048 103 20 december

81 1078 61 18 1890.
172 1077 81 19 Antalet
273 1077 19 19 af
314 1076 46 20 dess
383 1076 129 20 medlemmar
531 1076 79 26 uppgär
624 1077 29 19 för
667 1077 123 19 närvarande
805 1076 32 20 till

82 1106 40 19 284
140 1105 37 20 och
192 1105 212 25 medlemsafgifternas
419 1104 73 26 belopp
508 1105 62 25 stiger
584 1105 31 19 till
631 1105 74 24 16,350
721 1105 60 20 mark.
811 1104 26 20 Vi

81 1136 31 17 tro
135 1139 34 14 oss
191 1134 44 19 icke
256 1133 59 20 hafva
337 1133 59 20 behof
417 1135 30 18 att
461 1133 51 20 inför
528 1133 167 26 Borgareständet
710 1134 127 25 vidlyftigare

81 1162 93 20 utveckla
196 1162 39 19 den
256 1161 104 26 betydelse
375 1167 26 14 en
416 1161 64 20 sådan
494 1162 95 25 förening,
605 1162 44 19 med
664 1162 61 19 insikt
740 1162 47 19 ledd
801 1162 38 19 och

82 1191 94 19 utrustad
198 1190 46 20 med
266 1190 117 25 tillräckliga
404 1190 70 24 medel,
496 1190 65 19 måste
583 1191 78 18 komma
676 1192 29 18 att
720 1190 74 20 erhålla
809 1190 29 19 för

82 1219 142 24 utvecklingen
245 1218 20 20 af
286 1218 45 20 värt
351 1218 58 20 lands
424 1218 74 20 handel
513 1219 37 19 och
565 1219 109 24 näringslif.
703 1219 30 19 En
748 1219 91 24 förening

82 1247 45 20 med
150 1247 23 20 sä
188 1247 122 20 omfattande
324 1247 86 25 uppgift,
425 1252 44 14 som
478 1247 78 24 denna,
570 1248 30 18 att
614 1253 72 19 genom
700 1247 29 19 för
744 1246 94 20 ändamä-

82 1275 28 20 let
125 1275 91 20 anstälda
230 1277 82 23 agenter
326 1275 6 19 i
347 1275 149 25 Kejsaredömet
512 1275 37 20 och
560 1275 91 20 utlandet
661 1275 90 20 förskaffa
763 1275 76 20 alstren

83 1304 20 19 af
124 1304 79 19 landets
225 1304 87 19 industri
335 1305 52 18 samt
406 1303 46 20 dess
468 1304 171 25 naturprodukter
653 1310 41 18 nya
708 1303 131 26 afsättnings-

84 1334 58 22 orter,
164 1334 30 17 att
211 1333 45 24 taga
271 1331 112 20 kännedom
398 1337 32 14 om
445 1331 55 20 hvad
515 1337 43 14 som
573 1332 37 19 hos
625 1337 34 14 oss
674 1332 75 25 lämpar
764 1333 31 24 sig
811 1331 29 20 för

84 1362 77 23 export,
176 1362 30 17 att
221 1361 73 19 inrätta
308 1360 218 25 exportmönsterlager
541 1360 37 19 och
593 1360 112 19 underlätta
717 1360 28 19 för
755 1360 40 19 den
805 1366 34 13 en-

84 1389 91 19 enskilda
189 1388 127 25 deltagandet
330 1388 7 19 i
352 1388 108 19 utländska
474 1389 138 24 expositioner
623 1395 25 12 m.
659 1395 31 18 m.,
700 1388 63 20 mäste
774 1389 69 18 kunna

85 1417 54 24 gifva
161 1416 231 25 företagsamhetsandan
416 1417 6 18 i
445 1416 69 20 landet
535 1423 41 18 nya
591 1417 101 19 väckelser
707 1417 36 19 och
759 1416 85 20 sälunda

86 1445 83 25 kraftigt
184 1445 82 24 bidraga
281 1445 30 18 till
326 1444 143 25 utvecklingen
485 1445 20 18 af
520 1445 46 20 dess
582 1444 98 21 välständ.

156 1482 140 18 Statsutskottets
310 1482 111 18 betänkande
433 1483 38 17 N:o
486 1483 30 17 10.
