1067 1675
227 131 13 21 2
407 131 259 23 Motionsbetänkande
682 132 44 22 N:o
743 132 22 21 8.

198 196 72 19 dernas
286 196 131 24 magistrater,
433 196 51 19 dock
500 196 83 20 sålunda
599 198 29 18 att
643 196 215 23 värkställighetstiden
870 194 31 20 för
911 195 44 19 dem

199 226 22 17 är
243 224 107 20 inskränkt
371 225 30 19 till
424 224 74 24 fjorton
518 225 68 24 dagar.
616 219 107 29 Åtskilliga
739 225 61 19 andra
816 223 140 23 författningar

198 253 101 19 innehålla
322 253 146 24 bestämningar
489 254 101 23 angående
606 253 146 23 kronofogdars
768 253 37 19 och
820 253 135 23 magistraters

199 281 112 24 skyldighet
335 284 28 17 att
385 282 86 19 indrifva
489 282 72 19 krono-
577 282 36 19 och
630 282 125 19 kommunala
770 282 84 23 utlagor,
871 281 83 19 sakören

200 316 24 13 m.
246 316 33 18 m.,
303 310 30 19 för
349 310 66 20 hvilka
429 310 40 20 alla
484 310 63 19 medel
563 311 71 19 nämda
649 311 120 19 exekutorer
782 310 73 24 jämväl
871 312 33 17 äro
920 315 35 13 un-

200 338 120 20 derkastade
343 339 66 19 direkt
427 339 131 25 ansvarighet,
574 341 47 17 utan
637 339 80 19 hänsikt
733 339 66 19 därtill
816 340 30 18 att
860 339 24 19 de
900 338 6 19 i
921 338 35 19 be-

200 368 106 18 traktande
330 367 21 19 af
372 368 241 23 exekutionsgöromålens
631 368 70 24 mängd
718 368 37 19 och
770 367 136 19 beskaffenhet
920 368 36 18 äro

200 396 117 19 nödsakade
341 398 29 17 att
392 396 89 20 anförtro
504 396 177 24 värkställigheten
705 396 22 20 af
747 396 99 19 desamma
861 395 43 19 helt
919 395 36 19 och

201 424 61 20 hållet
286 424 49 20 eller
358 425 117 19 åtminstone
495 425 30 19 till
541 427 74 17 största
631 426 56 18 delen
703 425 20 19 åt
739 426 43 18 sina
796 424 160 24 underordnade,

200 453 155 19 kronolänsmän
371 454 36 19 och
423 454 132 24 stadsfogdar.
585 454 44 19 Den
645 454 102 24 orättvisa,
763 459 41 14 som
821 459 23 13 cn
858 453 37 19 slik
907 452 49 20 ovil-

200 482 65 23 korlig
281 482 126 24 ansvarighet
422 482 31 20 för
469 483 71 19 andras
556 482 136 24 försumlighet
708 482 48 19 eller
772 482 110 24 oredlighet
897 482 5 18 i
919 480 37 20 och

200 510 32 19 för
254 510 30 24 sig
307 511 81 19 innebär
404 511 37 19 och
456 511 79 19 hvilken
551 511 51 19 hvad
617 510 159 24 kronofogdarne
789 510 93 20 beträffar
897 512 23 17 är
935 510 22 18 så

200 539 79 24 mycket
301 545 41 14 mer
364 540 6 19 i
387 541 74 22 ögonen
478 540 85 19 fallande
586 545 41 14 som
643 540 56 19 desse
716 540 18 23 ej
749 539 59 20 hafva
824 539 64 24 någon
903 538 53 20 talan

200 568 33 19 vid
248 569 138 18 länsmännens
402 569 129 22 tillsättande,
551 569 86 24 förhöjes
653 569 114 23 ytterligare
784 568 21 19 af
820 569 37 18 den
874 569 82 18 omstän-

202 597 92 23 digheten
317 600 29 16 att
364 597 23 19 de
404 598 101 23 ansvarige
521 597 152 24 exekutorerne,
690 597 25 19 då
731 597 57 19 deras
804 596 152 20 underordnade

202 625 91 20 äsamkat
315 627 29 22 sig
367 626 76 23 balans,
461 626 43 19 icke
521 631 33 14 ens
571 631 36 19 ega
622 626 129 19 förmånsrätt
765 625 31 20 för
812 626 33 18 det
860 631 41 13 som
917 625 39 18 till-

201 654 70 24 gripits
295 655 48 18 eller
361 654 136 25 förskingrats,
513 657 46 16 utan
575 655 76 23 nödgas
667 655 45 19 dela
727 655 55 18 mark
797 660 30 13 om
843 653 55 20 mark
913 653 43 19 med

202 683 62 19 andra
287 683 144 24 oprioriterade
453 683 164 24 fordringsegare.
648 683 29 19 Dc
693 683 50 26 skäl,
759 688 41 14 som
815 683 81 23 betinga
910 682 46 19 kro-

202 717 56 18 nans,
281 711 124 20 kommuners
429 712 35 19 och
487 712 98 19 allmänna
603 712 140 23 inrättningars
759 711 152 20 företrädesrätt
927 710 29 19 till

202 740 102 24 betalning
320 740 31 19 för
367 741 42 18 sina
425 741 110 23 fordringar
551 747 23 12 ur
589 740 155 25 uppbörds-och
757 741 61 18 andra
829 740 127 23 tjänstemäns

201 769 113 25 tillgångar,
331 774 58 19 synas
405 769 109 19 emellertid
529 769 7 19 i
551 769 41 19 lika
607 769 38 24 hög
661 769 47 24 grad
725 769 40 19 tala
782 768 31 20 för
823 768 133 24 inrymmande

202 797 21 19 af
243 797 104 20 enahanda
361 797 76 20 förmän
453 798 20 19 ät
488 798 148 20 vederbörande
653 798 118 19 exekutorer
786 797 32 19 för
832 797 51 19 hvad
898 797 58 18 deras

201 825 108 25 behörigen
333 827 90 19 anstälda
446 827 147 24 underlydande
615 826 22 20 af
657 827 6 18 i
687 827 86 23 tjänsten
791 825 87 20 indrifna
894 825 62 18 medel

201 854 120 26 förskingra,
345 855 52 19 hälst
412 854 136 20 erfarenheten
564 855 106 23 ädagalagt
685 857 30 17 att
730 854 56 20 äfven
803 855 37 19 den
860 859 96 18 omsorgs-

201 882 79 20 fullaste
303 884 88 18 kontroll
414 884 17 24 ej
451 884 61 19 under
527 884 39 19 alla
582 884 136 19 förhållanden
735 884 92 24 erbjuder
843 882 113 23 fullständig

200 912 80 22 garanti
302 914 41 17 mot
357 912 103 20 underslef
473 912 44 20 från
533 912 254 24 exekutionsbetjäningens
803 912 49 20 sida.
883 911 39 19 Det
936 910 22 20 af

200 940 168 24 lagberedningen
391 941 116 19 utarbetade
530 940 93 24 förslaget
645 941 30 19 till
699 947 25 18 ny
739 940 150 24 utsökningslag
904 939 53 20 afser

201 968 116 24 visserligen
341 974 23 14 en
388 970 150 23 omgestaltning
561 969 21 19 af
602 969 45 19 hela
671 969 193 23 exekutionsvärket,
886 969 6 18 i
908 968 48 24 följd

200 997 71 19 hvaraf
292 998 65 19 dettas
377 1004 84 18 organer
476 998 76 19 komme
569 1000 29 17 att
614 998 29 23 sig
659 998 82 19 emellan
756 998 68 23 intaga
840 1003 23 13 en
879 999 77 17 väsent-

201 1026 51 23 ligen
276 1032 64 13 annan
365 1027 92 23 ställning
474 1029 24 17 än
514 1027 30 19 för
560 1027 132 23 närvarande;
708 1032 44 14 men
768 1028 48 18 enär
831 1026 71 19 nämda
916 1025 41 23 lag-

200 1054 76 24 förslag
295 1054 72 20 hänför
383 1056 28 22 sig
427 1055 30 19 till
473 1056 37 18 den
526 1056 78 23 privata
619 1055 131 19 exekutionen
767 1056 49 18 samt
831 1054 45 20 icke
891 1054 66 19 direkt

201 1082 60 20 berör
277 1086 61 16 sättet
353 1083 31 19 för
399 1084 132 24 indrifningen
547 1084 21 19 af
582 1084 98 19 allmänna
695 1084 70 22 medel,
782 1083 30 19 för
828 1082 78 20 hvilken
922 1088 34 14 an-

200 1111 77 20 litande
301 1112 21 19 af
342 1112 208 20 exekutionsbiträden
574 1113 62 19 under
651 1112 40 20 al'a
706 1112 137 19 förhållanden
859 1111 97 24 svårligen

201 1140 39 19 kan
263 1141 106 23 undvaras,
392 1141 57 19 torde
472 1147 23 13 en
511 1141 114 24 utvidgoing
647 1141 6 19 i
670 1141 58 19 ofvan
744 1140 112 20 framhället
871 1140 50 24 syfte
937 1139 21 20 af

201 1169 207 24 lagbestämningarna
431 1175 31 14 om
477 1170 128 20 förmänsrätt
621 1170 19 19 fä
655 1175 57 14 anses
729 1169 21 20 af
763 1169 194 24 omständigheterna

201 1197 102 26 päkallad,
320 1198 36 19 och
372 1198 55 19 detta
442 1199 22 18 sä
479 1199 77 23 mycket
572 1204 40 13 mer
627 1204 41 13 som
685 1197 220 24 exekutionsbetjäning
923 1203 35 13 en-

201 1226 36 23 ligt
253 1226 38 19 den
307 1232 38 18 nya
361 1227 112 24 strafflagen
489 1229 22 17 är
526 1227 31 19 för
573 1227 54 19 brott
642 1227 37 19 och
690 1227 106 19 förseelser
807 1227 6 18 i
824 1227 86 23 tjänsten
922 1231 35 14 un-

202 1255 109 19 derkastad
327 1261 70 14 ansvar
413 1256 60 23 enligt
488 1261 72 14 samma
573 1256 121 23 stadganden
705 1261 42 14 som
758 1255 62 23 öfrige
832 1255 124 23 tjänstemän.

270 1283 29 19 Pä
320 1283 59 20 dessa
401 1284 6 19 i
430 1284 79 19 korthet
530 1284 115 19 framstälda
667 1284 86 23 grunder
768 1283 31 20 fär
814 1283 143 20 vördsammast

198 1311 35 24 jag
253 1311 81 24 föreslä,
351 1315 29 16 att
395 1313 76 19 landets
487 1319 26 13 nu
528 1312 118 20 församlade
663 1313 85 19 Ständer
763 1312 43 19 med
823 1312 45 19 stöd
884 1311 21 20 af
919 1311 37 19 den

200 1340 44 19 dem
260 1340 149 20 tillkommande
424 1342 150 19 motionsrätten
590 1341 45 20 ville
651 1341 31 20 för
697 1341 30 19 sin
738 1341 32 19 del
783 1343 73 21 antaga
870 1340 86 24 följande

266 1468 131 23 Lagutskottets
411 1470 109 18 betänkande
532 1471 37 16 N:o
581 1470 28 17 13.
