1073 1678
262 172 14 19 4
460 170 209 24 Petitionshetänkande
684 170 33 23 N:o
733 170 33 23 38.

233 241 81 14 numera
329 237 30 17 ett
373 235 46 19 vida
435 237 64 18 större
514 235 61 19 värde
591 235 37 20 och
644 241 24 13 en
683 235 7 19 i
705 241 75 14 samma
794 235 44 20 män
854 237 65 18 större
938 235 56 24 bety-

233 264 54 19 delse
311 266 24 17 än
359 263 96 25 nägonsin
477 263 108 20 tillförene.
615 262 114 27 Husdjuren
752 265 70 22 utgöra
836 264 157 23 jordbrukarens

232 292 99 20 mähända
353 292 116 25 dyrbaraste
492 293 103 24 egendom,
617 293 106 23 husdjuren
739 292 56 20 bilda
810 297 24 14 en
849 293 62 23 vigtig
926 292 32 20 del
974 292 20 20 af

232 321 260 23 nationalförmögenheten,
515 321 38 19 och
575 321 21 19 af
617 321 107 24 husdjuren
739 321 61 19 beror
814 321 7 19 i
837 321 97 23 väsentlig
948 321 44 19 män

232 350 46 18 hela
292 349 81 26 folkets,
388 350 84 18 likasom
488 349 57 19 äfven
561 350 38 18 den
615 349 90 19 enskilda
715 349 158 24 jordbrukarens
883 349 111 20 materiella

232 377 111 22 förkofran.

302 407 113 23 Husdjuren
438 406 31 20 stä
491 406 61 19 likväl
575 409 46 17 utan
643 406 65 24 skydd
722 409 42 17 mot
779 411 24 14 en
818 407 71 23 mängd
904 405 88 21 hotande

232 434 215 25 kreaturssjukdomar.
478 434 38 20 Vid
530 435 79 19 landets
625 436 54 18 östra
694 437 59 21 gräns
769 435 109 24 uppträder
892 435 45 19 icke
953 434 39 20 säl-

232 464 33 18 lan
288 464 163 25 boskapspester,
473 463 37 19 och
533 463 58 19 äfven
613 463 52 19 inom
687 463 48 19 våra
758 469 50 18 egna
823 464 170 24 boskapshjordar

232 492 129 24 framsmyger
376 492 170 26 tuberkelsjukan,
563 492 31 19 för
609 494 30 17 att
653 492 44 19 icke
713 492 42 19 tala
770 498 31 13 om
816 494 29 17 ett
860 492 54 19 antal
929 492 63 19 andra

231 526 42 14 mer
296 521 49 19 eller
367 521 77 19 mindre
468 520 69 24 farliga
560 520 122 26 sjukdomar,
705 520 32 19 för
752 520 66 20 hvilka
834 521 106 23 husdjuren
956 523 34 17 äro

231 551 82 19 utsatta.
344 549 162 25 Boskapspesten
528 549 37 19 har
587 549 115 23 visserligen
720 549 79 19 härtills
815 550 43 18 icke
874 549 38 19 fått
926 549 65 23 någon

231 579 65 18 större
319 578 119 24 utbredning
461 578 35 19 hos
519 583 33 14 oss
575 578 36 19 och
627 578 164 23 tuberkelsjukan
806 580 23 17 är
844 580 52 17 ännu
911 577 31 20 för
958 578 33 19 det

231 608 64 18 mesta
309 606 106 20 inskränkt
429 606 32 20 till
477 608 29 17 ett
520 606 55 20 antal
591 608 64 18 större
669 606 173 26 jordegendomar,
858 607 36 19 där
910 606 80 20 kreatur

231 634 22 20 af
267 635 94 19 utländsk
377 635 48 19 eller
440 635 44 19 med
499 635 104 19 utländskt
615 635 46 19 blod
673 635 128 24 uppblandad
811 640 33 14 ras
857 635 132 20 underhållas.

230 664 162 23 Boskapspesten
408 664 40 19 kan
464 664 50 18 dock
530 663 79 19 hvilken
625 664 59 18 stund
700 669 41 13 som
757 664 51 18 helst
824 664 84 18 utbreda
920 664 30 22 sig
960 663 30 19 öf-

230 697 35 14 ver
288 692 45 19 hela
355 692 75 25 landet,
454 691 36 20 och
512 691 52 20 hvad
587 691 162 24 tuberkelsjukan
765 692 100 23 beträffar,
884 692 56 19 torde
957 692 34 19 det

230 720 45 19 icke
299 721 57 23 dröja
378 720 65 25 länge,
466 721 58 18 innan
548 721 65 18 denna
635 721 117 23 landsplåga
769 721 69 18 vunnit
853 721 64 22 insteg
932 720 57 19 äfven

229 749 37 18 hos
282 749 35 19 vår
332 749 102 19 inhemska
449 749 149 20 kreatursstam.
626 748 26 20 Ju
667 755 54 13 mera
736 749 211 24 mejerihandteringen
959 751 30 17 ut-

230 777 87 25 vecklas,
334 777 56 20 desto
406 783 55 14 mera
475 779 35 22 gör
526 777 29 24 sig
570 777 93 20 behofvet
678 777 22 20 af
713 778 52 23 goda
780 777 100 24 mjölkkor
891 778 97 23 gällande.

229 805 164 24 Påläggskalfvar
415 805 60 20 sökas
497 805 68 20 därför
588 805 44 20 från
654 807 24 18 de
701 807 65 18 större
787 806 151 25 egendomarna,
954 806 35 19 där

229 834 152 19 kreatursrasen
404 835 64 18 under
490 840 23 13 en
530 835 68 23 längre
614 835 28 18 tid
658 834 104 25 förädlats,
778 840 43 13 men
837 835 36 19 där
888 835 100 18 tuberkel-

229 863 71 23 sjukan
316 863 58 19 äfven
389 863 104 23 vanligtvis
509 863 96 19 innästlat
619 863 36 24 sig,
671 863 37 19 och
724 863 115 24 sjukdomen
855 863 93 19 utbreder
959 863 29 24 sig

229 891 69 20 därför
313 891 30 19 till
359 891 36 20 allt
410 891 145 20 vidsträcktare
571 891 100 20 områden.

299 919 69 20 Under
383 920 76 19 sådana
474 920 137 19 förhållanden
626 920 39 19 kan
681 920 197 19 fosterlandsvännen
893 920 45 19 icke
953 925 34 14 an-

228 950 36 17 nat
286 951 25 16 än
333 949 45 18 med
401 954 36 13 oro
460 949 60 19 tänka
537 949 34 25 på,
593 949 50 18 huru
658 948 45 24 föga
723 949 94 23 tryggadt
831 951 41 16 mot
887 948 100 19 kreaturs-

228 977 115 24 sjukdomar
365 977 68 19 landet
451 977 6 19 i
473 977 70 24 själfva
565 977 70 19 verket
656 979 28 17 är.
715 977 78 24 Nådiga
815 977 136 24 Kungörelsen
967 976 21 20 af

228 1005 39 19 den
290 1005 13 19 6
324 1006 43 22 juni
391 1005 55 19 1864
469 1005 110 20 innebåller
601 1006 114 23 visserligen
739 1011 24 13 en
779 1006 70 22 mängd
864 1005 122 24 stadganden

227 1033 102 24 angående
352 1034 52 19 hvad
426 1039 42 14 som
490 1033 32 20 för
544 1034 141 19 smittosamma
702 1034 217 24 kreaturssjukdomars
934 1033 52 19 före-

227 1062 118 19 kommande
368 1063 36 18 och
427 1063 116 19 hämmande
566 1065 22 17 är
606 1064 29 17 att
649 1063 96 23 iakttaga,
761 1068 43 13 men
820 1063 58 18 dessa
894 1062 92 23 stadgan-

227 1091 39 18 den
289 1093 101 17 motsvara
404 1091 27 24 på
446 1091 54 24 långt
515 1093 37 17 när
567 1091 44 19 icke
627 1091 37 19 den
681 1091 123 19 närvarande
819 1091 65 19 tidens
900 1090 86 20 fordrin-

226 1124 43 18 gar,
285 1119 38 19 och
339 1119 149 24 tillämpningen
504 1119 21 20 af
539 1120 44 18 dem
598 1119 99 20 försvåras
713 1120 100 19 dessutom
828 1125 71 18 genom
910 1119 76 20 bristen

226 1147 27 24 på
276 1147 145 24 vetenskapligt
441 1148 79 19 bildade
535 1148 120 24 djurläkare.
686 1148 34 19 Uti
736 1148 45 19 hela
795 1148 67 19 landet
877 1147 62 20 finnas
954 1147 32 20 för

225 1176 132 23 närvarande,
379 1176 125 19 oberäknadt
522 1182 25 13 en
565 1177 31 18 vid
612 1176 206 24 Medicinalstyrelsen
834 1177 65 18 fästad
914 1177 72 19 veteri-

225 1205 164 23 närtjensteman,
412 1205 72 19 endast
506 1204 27 19 20
555 1205 22 19 af
598 1207 63 17 staten
685 1205 90 19 aflönade
794 1205 119 24 djurläkare.
944 1205 41 19 Och

225 1233 68 18 härtill
315 1233 95 25 kommer,
433 1236 30 16 att
485 1233 137 24 djurläkarnes
645 1233 117 24 åligganden
785 1233 44 20 icke
844 1236 36 17 äro
895 1236 90 17 närmare

224 1260 95 27 fixerade,
341 1261 21 24 ja
384 1261 45 19 icke
447 1267 35 14 ens
501 1261 90 20 området
605 1261 32 20 för
651 1262 58 19 deras
725 1262 125 19 verksamhet
865 1262 120 24 tillbörligen

225 1289 110 25 utstakadt,
359 1290 83 19 likasom
465 1290 38 19 ock
525 1292 30 17 att
577 1290 126 24 djurläkarne
726 1291 30 18 till
779 1292 74 17 största
876 1290 57 19 delen
949 1293 35 16 äro

225 1318 134 19 stationerade
375 1318 7 19 i
397 1319 101 19 städerna.
528 1319 48 18 Man
599 1319 35 19 har
649 1319 116 23 visserligen
781 1319 46 19 sökt
841 1319 89 24 afbjälpa
944 1319 40 18 bri-

224 1348 44 16 sten
284 1346 26 24 på
325 1346 115 24 djurläkare
457 1346 120 26 därigenom,
600 1348 30 18 att
645 1347 30 19 till
691 1347 139 19 landsorterna
844 1347 91 19 utsändts
951 1352 32 14 ve-

223 1374 192 26 terinärfältskärer,
437 1374 69 20 hvilka
527 1375 96 19 utbildats
645 1375 33 19 vid
697 1381 24 13 en
737 1376 6 18 i
759 1376 71 18 sädant
845 1375 93 19 afseende
954 1376 29 18 in-

222 1403 68 19 rättad
306 1402 159 20 fältskärsskola.
494 1403 238 20 Veterinärfältskärerna
754 1404 67 19 kunna
836 1404 61 19 likväl
912 1404 26 24 pä
953 1404 30 19 sin

221 1430 49 24 höjd
286 1436 48 14 vara
348 1431 31 19 till
394 1431 65 24 någon
475 1434 56 22 nytta
547 1432 31 20 vid
594 1432 99 24 tillfälliga
708 1432 35 20 fall
759 1432 21 20 af
791 1432 192 24 kreaturssjukdom,

291 1502 104 18 Allmänna
407 1503 170 19 Besvärsuiskottets
589 1504 110 18 betänkande
711 1504 37 18 N:o
761 1504 32 18 28.
