1056 1673
323 102 224 23 Petitionsbetänkande
565 103 34 22 N:o
615 102 14 23 1.
790 104 26 19 61

448 164 41 17 26.

164 217 60 22 Ifrån
234 217 165 21 Bondeståndet
410 223 26 15 en
449 217 94 26 petition
553 216 24 22 af
583 217 57 22 Herr
648 216 92 22 Severus
748 215 100 24 Konkola

95 259 34 16 om
153 253 137 22 anställande
311 252 24 21 af
353 252 155 21 instrumental
529 252 167 27 undersökning
711 252 25 22 af
749 259 27 15 en
789 253 59 26 jern-

95 289 105 27 vägslinie
221 288 56 21 ifrän
293 288 101 27 Filppula
410 288 83 21 station
508 288 36 22 vid
560 288 66 22 Wasa
640 289 92 26 jernväg
746 288 35 22 till
796 288 52 21 Suo-

95 325 89 26 nenjoki
200 324 81 21 station
297 325 13 20 &
325 323 104 22 Savolaks
445 323 77 28 banan,
538 323 112 22 äfvensom
666 330 35 15 om
718 324 66 27 nädig
800 329 48 22 pro-

96 360 96 27 position
215 360 34 21 till
273 360 145 27 nästföljande
439 360 106 27 landtdag
561 366 35 16 om
612 360 114 27 byggande
742 360 22 21 af
778 360 71 21 denna

94 396 97 28 jernväg,
218 396 88 21 hvilken
329 396 93 27 petition
447 396 6 21 i
477 395 161 28 öfversättning
661 398 25 19 är
708 395 24 22 af
754 395 94 27 följande

97 432 105 22 innehäll:

227 505 56 19 Till
304 504 181 20 Hedervärda
505 504 217 20 Bondeständet.

168 565 57 19 Enär
246 564 112 25 jernvägar
381 567 35 16 äro
441 564 22 19 af
482 567 43 17 stor
545 564 107 25 betydelse
668 564 18 25 ej
702 564 87 19 allenast
804 564 45 19 med

98 594 95 20 afseende
209 596 12 18 &
237 594 60 19 deras
313 594 88 26 dyrbara
417 594 158 26 byggnadssätt,
591 596 51 18 utan
652 594 60 19 äfven
722 593 128 20 beträffande

99 624 35 20 det
156 624 113 26 inflytande
292 624 25 19 de
340 624 61 20 hafva
425 625 27 25 pä
475 624 81 20 landets
579 623 131 20 ekonomiska
725 623 125 26 utveckling,

99 654 99 19 särskildt
221 654 6 19 i
251 654 25 19 de
297 654 78 19 trakter
397 660 73 19 genom
485 654 71 20 hvilka
572 653 26 20 de
613 653 81 26 dragas,
710 655 23 18 sä
748 657 35 16 äro
799 653 51 20 före-

98 684 79 25 gäende
201 683 130 20 ekonomiska
354 684 38 19 och
412 684 156 19 instrumentala
583 683 179 26 undersökningar
777 685 26 24 pä
819 686 32 17 ort

99 714 38 19 och
152 713 65 26 ställe,
233 713 38 20 der
287 720 24 13 en
324 714 89 25 jernväg
428 717 23 16 är
467 713 74 20 ämnad
557 716 30 17 att
603 714 86 25 byggas,
704 714 46 19 icke
765 713 87 20 allenast

99 744 136 26 berättigade,
250 748 50 16 utan
316 744 136 25 nödvändiga.
484 744 88 20 Medelst
587 743 72 26 dylika
674 744 178 24 undersökningar

100 776 22 17 är
138 774 36 19 det
188 774 80 25 möjligt
283 776 30 17 att
329 774 57 25 gifva
398 774 115 25 jernvägen
529 780 26 13 en
571 773 66 20 sädan
652 774 97 25 riktning,
766 775 30 18 att
811 773 40 19 den

99 803 40 19 blir
159 804 110 25 förmånlig
288 803 30 20 för
333 804 80 19 landets
427 804 137 25 jernvägsnät
580 803 37 20 och
634 806 30 17 att
680 803 76 20 sådana
769 803 82 25 jernvä-

100 840 37 18 gar
160 833 108 26 undvikas,
289 834 70 19 hvilka
374 833 45 20 icke
435 833 62 20 hafva
513 841 68 12 annan
597 833 106 26 betydelse
718 836 27 17 än
760 833 46 25 den,
822 835 30 18 att

100 863 25 20 de
140 863 61 20 kosta
215 864 82 25 mycket
313 864 37 19 och
365 863 82 20 afkasta
463 863 50 20 litet.

170 893 207 26 Hufvudriktningen
392 893 31 20 för
439 895 48 18 vårt
503 893 59 20 lands
579 893 114 20 varutrafik
708 893 38 20 har
760 894 46 24 gått
814 893 37 19 och

101 923 90 20 kommer
213 923 109 20 framdeles
346 926 31 17 att
398 925 27 24 gä
445 923 54 20 ifrän
518 930 49 13 norr
582 923 33 20 till
630 923 60 20 söder
706 923 37 20 och
758 925 93 18 tvärtom.

101 953 46 20 Den
162 953 172 20 förvänansvärdt
350 953 97 26 stegrade
463 953 88 20 trafiken
567 953 7 19 i
589 953 81 20 landets
681 952 127 21 hufvudstad
815 952 38 20 och

101 983 82 25 sydliga
205 983 85 19 hamnar
310 985 73 23 utgöra
398 983 65 26 härpä
480 985 29 18 ett
524 983 83 20 talande
623 983 62 20 bevis.
716 983 32 19 En
762 982 91 25 naturlig

101 1012 92 25 slutföljd
215 1013 61 19 häraf
293 1015 28 24 är,
342 1015 29 18 att
391 1013 271 20 kommunikationslederna
677 1012 63 20 borde
756 1012 74 25 dragas
846 1012 6 18 i

101 1049 76 12 samma
192 1042 98 26 riktning,
306 1043 45 20 icke
366 1045 93 18 tvärtom.

172 1072 187 25 Nödvändigheten
378 1073 23 19 af
414 1079 26 13 en
455 1072 141 26 regelbunden
611 1072 130 20 vintertrafik
755 1072 38 19 har
808 1071 45 20 allt-

101 1108 55 13 mera
172 1102 102 25 tilldragit
289 1102 32 26 sig
336 1103 187 25 uppmärksamhet,
539 1103 38 19 och
592 1102 8 19 i
616 1109 75 13 samma
706 1103 47 18 män
763 1109 43 12 som
812 1101 41 26 jor-

101 1131 54 20 bruk
179 1132 37 19 och
237 1132 167 25 boskapsskötsel
424 1132 119 24 förbättras,
559 1133 39 18 blir
614 1132 57 20 detta
686 1132 62 20 behof
761 1131 93 20 kännba-

102 1168 51 13 rare.
184 1162 32 19 En
232 1162 106 25 möjlighet
351 1162 32 19 för
393 1162 132 20 vintertrafik
535 1162 67 20 finnes
612 1162 73 20 endast
695 1162 45 19 med
751 1161 103 20 anlitande

102 1191 23 19 af
144 1191 83 20 landets
248 1191 61 20 södra
324 1192 38 19 och
383 1194 69 18 vestra
467 1193 92 24 hamnar,
575 1199 74 18 genom
664 1192 70 19 hvilka
749 1191 47 20 hela
811 1191 43 19 lan-

102 1221 46 19 dets
163 1221 120 25 jordbruks-
299 1221 37 20 och
352 1221 204 27 industriprodukter
566 1222 72 19 kunna
648 1222 50 19 söka
706 1221 32 26 sig
746 1228 26 13 en
780 1221 74 19 utförs-

104 1253 47 23 väg,
175 1251 38 19 och
237 1251 60 20 dessa
319 1251 96 20 hamnars
439 1251 157 21 användbarhet
618 1251 32 20 för
672 1251 130 20 vintertrafik
817 1250 38 19 har

102 1287 86 13 numera
209 1287 73 19 genom
303 1281 119 26 byggandet
441 1281 22 20 af
482 1281 116 26 ,Murtaja*
620 1281 67 20 blifvit
705 1288 25 13 en
744 1279 111 27 möjlighet.

174 1311 77 25 Mänga
273 1311 46 20 skäl
339 1311 67 20 finnas
430 1311 93 26 sälunda,
544 1311 71 20 hvilka
632 1311 72 26 tvinga
719 1310 90 21 handeln
825 1312 31 17 att

104 1340 51 20 söka
171 1340 33 26 sig
219 1341 32 19 till
266 1341 70 19 landet
351 1341 62 20 södra
427 1341 93 20 hamnar.

175 1457 176 24 Jernvägsutskottets
363 1458 108 18 betänkande
484 1457 35 19 N:o
533 1459 14 17 1.
