1070 1667
292 135 246 22 Petitionsbetänkande
553 136 38 22 N:o
607 134 29 23 19.
793 137 12 21 7

79 192 59 17 heten
157 192 22 17 af
196 192 63 17 denna
276 192 137 24 arkeologiska
431 192 119 18 institution,
582 193 72 17 Därom
673 193 37 17 har
722 198 25 12 en
760 193 76 17 erfaren

79 220 99 23 arkeolog,
196 220 164 18 underdirektorn
378 221 35 18 vid
432 221 134 18 Oldnordiska
587 221 95 18 Museet
680 216 14 33 i
699 222 136 23 Köpenhamn,

79 248 79 24 Sophus
178 248 78 22 Miller,
273 250 60 17 redan
351 250 45 17 1887
415 250 6 17 i
440 250 87 18 Nordisk
545 250 98 18 Tidskrift
659 252 63 21 yttrat
734 250 25 18 bl.
772 256 15 12 a.
800 250 37 18 föl-

77 277 72 23 jande:

216 307 50 22 »Det
277 309 21 15 är
310 307 78 23 tydligt,
401 309 29 16 att
443 313 24 12 en
480 308 51 17 enda
542 314 46 12 man
600 308 91 23 omöjligt
697 308 39 18 kan
743 308 91 23 uppfylla

149 335 23 17 de
186 336 115 23 fordringar,
313 335 69 19 hvilka
393 336 71 24 hvarje
476 336 118 18 kommande
605 337 39 23 dag
656 336 68 18 ställer
732 337 26 23 pä
764 336 72 18 honom

149 364 44 18 med
211 364 110 18 hänseende
337 364 31 18 tili
386 365 151 23 beskyddandet
553 365 22 17 af
589 365 54 18 äldre
656 365 36 18 och
704 371 65 17 yngre
781 366 55 17 forn-

150 393 80 18 minnen
231 389 14 33 i
261 393 71 23 landet,
344 393 131 23 tillfälligtvis
488 394 127 23 framdragna
627 394 56 23 fynd,
696 394 100 18 enskildes
805 395 28 17 ut-

149 422 121 23 gräfningar,
289 423 137 17 fortsättandet
444 423 23 18 af
483 423 77 18 landets
579 423 137 23 arkeologiska
728 423 109 18 undersök-

150 451 53 24 ning,
221 451 105 24 ledningen
344 451 37 18 och
398 451 141 24 utvecklingen
551 452 23 17 af
584 452 24 18 de
620 452 118 24 päbegynta,
750 458 45 12 men
807 453 30 17 ät-

150 480 64 18 skilda
232 480 36 18 och
286 482 52 16 ännu
354 481 101 17 oordnade
467 481 138 23 samlingarna,
618 491 22 3 —
648 481 25 18 dä
685 481 39 18 han
736 481 101 18 dessutom

150 509 44 18 med
213 511 34 16 ära
266 509 47 18 skall
326 509 31 18 stä
369 509 66 18 säsom
447 509 78 18 landets
538 510 50 17 enda
601 509 86 18 officiela
700 511 135 22 representant

150 539 32 18 för
200 540 28 16 ett
246 538 120 23 mängsidigt
384 538 149 24 vetenskapligt
551 539 48 18 fack.
628 539 10 17 I
657 539 179 23 grannländernai

150 570 66 15 vester
228 569 34 16 äro
276 567 54 18 dessa
343 567 102 23 uppgifter
457 567 102 18 fördelade
572 567 25 24 pä
610 573 23 12 en
646 568 35 17 rad
694 567 22 18 af
726 569 51 16 män.

219 596 73 17 Härtill
309 596 88 17 kommer
416 596 34 17 det
468 596 60 23 högst
545 596 101 23 olyckliga
657 597 140 22 förhällandet,
809 598 28 16 att

152 625 168 22 statsarkeologen
338 625 42 17 icke
399 625 54 18 intar
471 631 24 12 en
513 625 27 18 fri
553 625 36 18 och
602 625 124 24 själfständig
740 625 100 23 ställning,

152 655 47 16 utan
217 654 71 17 verkar
307 654 48 17 blott
373 655 63 17 under
455 659 24 12 en
492 655 63 16 större
567 654 126 23 arkeologisk
705 654 134 21 kommission,

152 689 42 12 som
207 685 21 15 är
240 685 126 16 sammansatt
379 684 21 16 af
410 683 45 17 icke
468 683 96 18 fackmän.
583 683 29 18 På
624 689 74 12 samma
710 684 39 16 sätt
756 683 84 23 begynte

152 718 46 12 man
216 712 58 17 också
291 712 7 17 i
315 712 110 23 Danmark;
438 717 46 12 men
497 712 32 17 det
541 717 36 12 var
589 717 24 12 en
626 711 59 24 lycka
696 712 32 17 för
740 711 99 18 Thomsen

152 741 37 18 och
207 741 47 18 vära
271 746 82 17 museer,
372 742 29 16 att
419 741 39 17 den
476 740 136 23 antigvariska
630 740 153 18 kommissionen
797 740 42 17 blef

152 770 80 23 upplöst
249 769 60 18 redan
327 769 22 18 är
361 769 45 18 1849
418 769 39 18 och
469 769 45 18 frän
526 769 37 18 den
576 769 29 18 tid
618 769 36 18 har
666 769 38 18 den
717 769 123 23 sakkunnige

153 799 80 17 ledaren
250 799 22 17 af
287 799 47 17 våra
352 798 141 23 arkeologiska
504 798 134 17 institutioner
651 798 47 17 stått
715 798 127 22 fullständigt

152 827 27 18 fri
198 827 36 18 och
258 827 110 23 oafhängig.
406 827 96 18 Gentemot
519 832 21 13 en
558 827 123 18 Kommission
698 827 25 22 af
737 827 38 18 icke
791 826 51 23 fack-

152 857 49 22 män,
220 862 47 12 vare
286 856 31 23 sig
334 856 38 18 den
384 858 22 15 är
419 857 130 16 sammansatt
561 856 22 17 af
593 855 48 18 flere
654 856 48 17 eller
720 856 57 23 färre,
796 855 46 18 skall

153 885 30 18 det
199 885 90 23 nämligen
309 885 58 22 oftast
384 885 68 21 hända,
471 885 28 18 att
517 885 32 17 den
568 885 42 17 ende
625 885 110 23 sakkunnige
747 884 36 19 blir
794 884 8 18 i
815 883 28 19 så-

154 914 36 18 dan
206 914 47 23 grad
271 914 29 18 det
316 913 48 19 helas
380 915 109 22 styresman,
507 914 29 17 att
553 913 145 18 Kommissionen
716 915 23 16 är
755 913 28 18 till
795 913 46 18 liten

153 943 43 18 eller
208 943 53 23 ingen
279 943 64 23 nytta;
362 943 37 18 och
424 943 35 17 där
478 943 42 17 åter
538 943 33 18 det
590 945 92 15 motsatta
704 943 93 23 inträffar,
815 944 29 16 att

154 973 38 17 den
212 972 49 18 ende
279 971 133 24 sakkunniges
431 971 92 18 omdöme
540 971 39 18 blir
591 971 114 18 åsidosatt
702 967 12 33 i
724 971 75 18 mindre
818 972 27 17 el-

153 1001 31 18 ler
202 1002 64 17 större
284 1001 50 23 mån,
353 1000 7 18 i
380 1000 33 18 det
431 1002 30 16 att
473 1001 61 17 andra
546 1001 25 22 på
584 1001 64 22 grund
660 1001 23 16 af
692 1000 151 18 förhållandena

154 1030 95 24 möjligen
262 1029 87 18 starkare
363 1029 77 18 krafter
452 1029 114 23 förefinnas,
579 1029 25 18 då
616 1029 48 18 skall
675 1029 101 24 själffallet
783 1029 60 18 saken

152 1060 8 17 i
174 1064 70 13 samma
256 1058 44 19 mån
312 1058 40 18 lida
364 1058 79 19 skada".

154 1088 127 19 Beträffande
299 1087 24 18 de
340 1087 161 18 administrativa
521 1087 97 18 bristerna
636 1087 36 18 hos
684 1093 24 12 en
721 1086 124 23 arkeologisk

85 1118 130 19 kommission
227 1118 63 22 yttrar
303 1116 36 18 den
352 1116 75 17 danske
440 1115 129 24 arkeologen:

224 1145 148 24 »,Framgången
390 1144 6 17 i
415 1145 78 17 arbetet
505 1145 57 17 beror
575 1145 25 22 pä
612 1145 38 17 den
665 1144 86 23 sympati
764 1143 83 19 admini-

156 1175 110 18 strationen
278 1174 38 17 kan
328 1173 61 18 vinna
401 1173 37 18 hos
450 1173 143 24 befolkningen
606 1173 36 18 och
655 1173 63 18 denna
730 1173 117 22 anslutning

156 1204 70 18 vinnes
244 1203 52 18 först
313 1202 35 18 och
367 1203 69 17 främst
456 1208 72 17 genom
541 1208 24 12 en
578 1203 22 17 så
613 1202 46 18 rask
671 1202 121 23 behandling
804 1207 42 12 som

157 1233 79 23 möjligt
247 1232 23 17 af
285 1231 68 23 hvarje
365 1231 139 23 föreliggande
517 1232 40 17 sak.
581 1231 155 23 Landtmannen,
750 1236 42 12 som
805 1230 40 17 står

158 1262 45 18 med
222 1262 77 17 handen
317 1261 25 23 på
354 1260 79 23 plogen,
453 1260 39 18 kan
510 1260 43 18 icke
571 1260 40 18 låta
629 1260 30 18 sin
671 1261 55 17 mark
739 1260 54 23 ligga
805 1259 43 18 tills

158 1290 166 22 Kommissionen,
336 1289 75 17 kanske
430 1294 33 12 om
480 1294 24 13 en
517 1289 61 18 vecka
591 1288 48 18 eller
651 1294 24 12 en
687 1289 76 22 månad,
777 1288 31 18 får
821 1288 28 17 af-

157 1319 68 23 gjordt
242 1324 31 12 om
292 1318 32 18 det
341 1323 38 12 ena
394 1318 50 17 eller
456 1318 35 17 det
502 1318 62 17 andra
575 1317 137 23 förhållandet,
726 1323 42 12 som
782 1316 67 18 blifvit

157 1347 125 22 inberättadt,
294 1346 50 18 skall
356 1348 91 16 närmare
460 1346 126 18 undersökas.
611 1346 43 18 Den
667 1352 42 12 som
722 1346 35 18 har
769 1346 80 17 insändt

156 1376 112 18 värdefulla
285 1375 87 22 föremål,
389 1375 37 17 vill
446 1375 61 18 hafva
525 1375 44 17 sina
586 1375 96 23 peningar
700 1375 22 17 så
733 1376 60 21 snart,
806 1380 42 12 som

156 1404 84 24 möjligt,
258 1404 36 18 och
312 1404 38 18 den
368 1410 44 12 som
430 1404 37 18 har
486 1404 57 17 saker
561 1404 30 17 till
607 1404 43 17 salu
662 1404 50 17 skall
725 1404 61 17 oftast
798 1403 51 17 före-

156 1434 61 22 draga
234 1439 24 11 en
277 1432 63 23 privat
358 1432 79 23 köpare,
456 1438 43 12 som
517 1432 44 18 icke
579 1434 35 21 gör
627 1438 81 17 omsvep
721 1432 37 17 och
769 1432 79 17 fordrar

158 1462 89 22 uppskof.
267 1461 58 18 Snabb
336 1461 106 23 expedition
454 1461 33 17 bör
497 1460 112 24 nödvändigt
619 1466 45 12 vara
676 1461 33 17 den
720 1461 61 22 första
792 1460 54 23 prin-

157 1496 99 18 Allmänna
271 1495 172 18 Besvärsutskottets
456 1495 112 18 betänkande
580 1495 34 18 N:o
628 1496 28 18 15.
