1053 1673
310 103 222 23 Petitionsbetänkande
548 104 34 22 N:o
597 103 14 22 1.
778 105 26 19 31

90 166 43 18 stor
149 164 151 26 exporthandel,
315 164 140 25 förnämligast
470 164 47 20 med
526 166 103 23 trävaror;
639 163 141 21 hvarförutom
790 163 45 27 den,

91 194 100 26 omgifven
211 194 23 20 af
252 200 25 14 en
292 193 103 26 förmögen
411 193 99 26 landsort,
525 196 119 24 exporterar
660 193 47 21 dess
722 194 112 20 landtman-

90 224 143 26 naprodukter.

161 254 30 20 På
206 252 67 27 grund
288 253 22 19 af
323 253 35 19 det
373 253 151 26 ofvananförda,
541 254 37 19 och
593 253 46 20 med
650 252 79 21 fästadt
742 253 94 21 afseende

90 284 13 19 å
117 283 64 20 redan
196 283 36 20 vid
246 285 80 18 senaste
340 282 100 26 landtdag
455 282 128 21 framställda
597 283 92 25 motiver,
705 286 53 17 samt
766 283 70 20 vidare

90 312 150 26 framhällande,
256 314 31 18 att
301 319 46 13 man
364 312 26 20 dä
400 312 35 20 vid
445 312 152 21 bestämmande
608 313 23 19 af
637 313 114 19 Satakunta
758 313 78 19 banans

90 342 92 26 riktning
204 345 36 23 tog
261 342 80 26 hänsyn
364 342 31 20 till
410 349 26 13 en
451 342 32 20 till
497 343 78 19 Raumo
591 342 88 26 pätänkt
695 342 89 26 jernväg
798 342 38 20 och

90 372 63 20 bland
168 374 62 18 annat
245 372 79 20 derföre
340 372 51 26 drog
405 372 68 20 banan
488 372 8 20 i
511 372 68 20 Kumo
590 372 92 20 söderom
690 372 74 27 elfven,
772 373 64 26 vägar

89 401 37 27 jag
147 402 79 24 föreslå,
242 404 30 18 att
286 402 128 20 hedervärda
427 402 155 20 Bondeständet
597 402 49 20 ville
660 402 126 20 understöda
798 402 38 20 och

93 439 31 13 om
145 432 83 26 möjligt,
250 432 132 20 tillsammans
405 432 46 20 med
471 432 64 26 öfriga
551 432 65 20 Ständ
630 432 71 20 förena
716 432 32 25 sig
764 439 31 13 om
811 438 24 13 en

91 462 129 26 underdänig
235 462 85 26 petition
335 462 32 19 till
382 462 58 20 Hans
455 462 118 26 Kejserliga
589 462 96 25 Majestät
700 462 76 20 derom:

303 521 31 21 att
356 527 27 14 en
398 521 95 28 jernväg
512 521 9 21 i
539 522 109 20 närmaste
660 520 97 27 framtid
771 520 65 21 mätte

234 550 78 28 byggas
323 549 59 28 från
399 550 105 28 Päipohja
519 549 111 28 blifvande
645 550 79 21 station
744 550 4 21 i
764 549 72 22 Kumo

232 579 74 22 socken
330 581 13 20 å
366 580 143 22 bansträckan
528 575 160 38 Pjörneborg—
696 575 140 38 Tammerfors

230 617 77 20 genom
326 609 78 27 Kumo,
423 609 70 27 Eura,
514 609 102 27 Kiukais,
631 609 153 22 Euraäminne
798 609 38 21 och

235 639 85 22 Raumo
343 639 190 29 landsförsamling
549 639 33 22 till
599 639 86 22 Raumo
700 639 54 27 stad,
770 639 9 22 i
794 639 42 21 den

233 669 70 22 under
321 671 84 20 senaste
420 676 93 15 sommar
527 669 163 22 instrumentalt
704 668 132 23 undersökta

233 699 129 28 sträckning.

163 759 128 28 Helsingfors
307 759 39 21 den
362 761 12 18 6
391 760 100 19 Februari
507 760 62 19 1891.

560 818 46 22 Vilh.
621 817 109 23 Witikkala.

485 850 116 26 Represent
616 849 32 20 för
662 849 56 20 Eura
734 848 101 26 domsaga.

441 1010 41 17 12.

163 1061 57 22 Frän
230 1062 182 26 Borgareständet
427 1068 27 16 en
470 1062 23 22 af
503 1062 56 21 Herr
575 1062 23 21 C.
614 1062 26 21 B.
656 1061 103 27 Federley
775 1060 61 27 ingif-

93 1104 40 15 ven
154 1097 92 27 petition
262 1104 34 15 om
312 1104 26 15 en
357 1098 90 27 jernväg
463 1098 49 21 frän
527 1098 106 26 Päipohja
649 1097 81 22 station
747 1098 13 20 &
775 1096 61 22 Sata-

93 1134 70 21 kunta
178 1133 70 22 banan
265 1133 34 21 till
313 1133 91 27 Nystad.

244 1235 49 19 Till
308 1234 140 26 Vällofliga
462 1234 219 26 Borgareständet.

163 1294 40 20 Det
222 1294 41 20 kan
284 1294 121 26 visserligen
425 1301 64 19 synas
508 1301 43 13 som
568 1301 32 13 om
615 1294 35 20 det
664 1300 50 14 vore
728 1293 32 20 för
774 1292 62 26 tidigt

93 1325 31 18 att
138 1323 64 21 redan
221 1324 36 20 vid
271 1331 29 13 nu
318 1324 104 26 pägäende
436 1324 101 26 landtdag
552 1324 113 20 framställa
679 1323 109 26 petitioner
804 1328 32 14 om

92 1354 47 19 värt
156 1353 145 26 jernvägsnäts
320 1354 70 20 vidare
413 1354 132 26 utvidgande,
575 1354 26 19 dä
625 1355 68 18 senast
715 1351 121 21 församlade

92 1382 88 21 Ständer
199 1383 31 20 för
250 1384 31 19 sin
301 1383 33 21 del
352 1384 78 19 beslöto
448 1384 32 19 till
495 1383 108 20 utförande
619 1384 23 19 sä
662 1385 55 17 stora
728 1382 108 26 jernvägs-

92 1412 126 27 byggnader,
238 1420 43 13 som
301 1413 40 20 den
358 1413 103 21 Karelska
482 1413 37 20 och
535 1412 165 27 Björneborgska
715 1412 49 20 eller
779 1412 57 19 Sata-

163 1452 171 24 Jernvägsutskottets
346 1452 107 20 betänkande
465 1452 38 20 N:o
514 1454 16 16 1.
