1064 1659
263 111 28 21 20
367 110 82 22 Ständ.
466 110 52 23 Pet.
534 124 29 4 —
578 111 171 23 Petitionsbet.
765 110 45 22 N:o
826 111 19 21 1.

447 178 32 20 att
497 176 76 22 härvid
589 177 68 22 skulle
673 177 71 23 under
759 176 140 32 ompröfning
914 178 68 27 tagas,

375 212 110 22 huruvida
513 213 46 21 icke
585 220 76 21 genom
690 214 73 27 någon
788 212 145 28 modifikation
959 212 27 28 af

375 248 210 28 byggnadssystemet
614 248 267 29 anläggningskostnaden
910 248 73 22 kunde

375 284 143 28 nedbringas;
533 284 110 27 äfvensom

447 339 31 20 att
504 338 67 28 nådig
593 338 135 28 proposition
755 345 32 14 om
813 338 121 21 anvisande
959 337 28 28 af

375 373 66 22 medel
461 373 36 27 för
517 374 73 21 denna
603 374 106 29 jernvägs
724 374 112 28 byggande
851 375 64 20 måtte
931 375 50 20 näst

375 410 205 22 sammanträdande
596 409 95 23 Ständer
705 409 136 29 föreläggas;

447 463 22 25 5)
486 465 31 20 att
537 463 67 28 nådig
624 463 132 28 proposition
777 471 32 14 om
828 463 113 28 byggande
960 463 27 27 af

375 506 27 14 en
423 499 94 28 jernväg
542 499 54 26 främ
620 499 121 28 Jyväskylä
764 499 49 22 stad
836 499 34 21 till
895 499 88 28 lämplig

371 535 73 27 punkt
460 535 14 21 &
490 534 104 22 Savolaks
615 535 73 22 banan
704 535 9 22 i
728 535 69 22 sinom
818 535 32 22 tid
869 535 65 21 mätte
949 534 34 22 till

376 570 126 23 Ständerna
518 571 88 26 aflätas;

446 618 22 22 6)
484 619 40 27 att,
535 619 90 21 säsnart
635 618 290 28 kommunikationsfondens
934 618 46 22 till-

374 655 89 27 gängar
489 654 108 27 medgifva
618 654 120 29 byggandet
759 655 27 27 af
804 661 26 15 en
853 654 58 22 bana
925 653 56 28 frän

378 689 74 23 Waala
468 690 36 22 vid
523 689 54 23 Uleä
592 691 62 21 träsk
670 691 32 21 till
717 691 76 21 staden
814 689 112 29 Uleäborg,
941 690 40 21 nä-

375 726 36 28 dig
431 727 132 27 proposition
585 727 74 21 härom
682 727 65 21 mätte
769 726 68 22 varda
857 725 124 23 Ständerna

372 761 109 29 förelagd;
497 764 56 20 samt

447 810 21 25 7)
483 811 33 20 att
539 809 70 22 Eders
631 809 125 29 Kejserliga
779 809 103 28 Majestät
902 809 79 22 täcktes

375 845 45 22 låta
442 845 92 22 tillsätta
557 853 27 14 en
604 845 136 22 kommission
760 845 48 22 med
827 845 101 28 uppdrag
949 846 32 21 att

375 881 86 28 afgifva
474 881 84 28 förslag
573 881 34 22 till
624 882 25 21 de
665 882 114 21 allmänna
789 881 105 28 grunder,
907 881 74 22 hvilka

374 917 36 22 vid
427 917 108 27 framtida
551 917 230 29 jernvägsbyggnader
799 917 9 21 i
827 917 74 22 landet
918 917 62 22 borde

372 953 67 28 följas
454 953 9 21 i
478 953 57 28 syfte
556 955 31 20 att
607 953 86 22 minska
713 953 268 28 anläggningskostnaden

373 988 36 27 för
430 989 113 28 desamma,
560 989 109 27 äfvensom
689 989 34 22 till
743 989 25 22 de
784 989 109 28 åtgärder,
907 989 74 22 hvilka

373 1024 62 22 borde
458 1025 99 28 vidtagas
578 1024 37 27 för
635 1026 31 21 att
687 1024 105 28 befrämja
813 1024 138 28 uppkomsten
971 1025 9 20 i

375 1059 72 23 landet
463 1060 27 27 af
501 1060 146 28 privatbanor.

301 1138 32 21 På
352 1139 44 20 sätt
417 1138 7 21 i
440 1137 132 23 Ständernas
593 1139 149 26 underdåniga
763 1145 50 14 svar
833 1138 8 21 i
862 1137 117 28 anledning

229 1172 24 22 af
268 1173 80 27 nådiga
363 1173 164 28 propositionen
543 1175 112 26 angående
666 1175 27 21 de
703 1174 38 21 vid
752 1174 145 21 innevarande
909 1174 70 21 landt-

229 1209 42 26 dag
289 1209 82 21 äskade
387 1209 76 27 anslag
479 1210 40 21 och
535 1211 118 26 utvägarna
670 1210 34 21 till
720 1211 63 20 deras
799 1210 140 21 bestridande
955 1212 25 19 är

229 1246 113 26 upptaget,
361 1245 65 21 hafva
447 1245 121 22 Ständerna
589 1245 33 22 för
642 1245 164 28 undersökning
826 1245 23 22 af
867 1245 111 28 jernvägs-

230 1279 69 28 linjen
322 1281 223 26 Uleäborg—Torneä
569 1281 110 22 äfvensom
703 1281 34 22 för
757 1281 222 27 Keuru—Jyväskylä

227 1315 242 29 jernvägssträcknings
490 1316 111 22 definitiva
621 1318 128 27 uppgående
769 1317 40 22 och
825 1317 34 21 för
874 1317 105 21 verkstäl-

228 1351 66 21 lande
313 1352 24 21 af
352 1352 79 26 nödiga
446 1352 156 22 förberedande
618 1353 89 22 arbeten
724 1354 13 20 å
753 1353 126 21 densamma
894 1352 85 22 anvisat

228 1387 161 27 sammanlagdt
405 1388 96 26 230,000
517 1389 67 21 mark.
