1064 1675
78 163 683 20 00
289 155 85 37 +0<<
453 155 146 37 tö
604 155 161 37 .—

113 211 11 26 S
154 208 75 24 mom.
252 194 159 26 Ridderskapet
427 194 39 21 och
538 210 163 22 Presteständet
714 206 10 35 —
744 211 1 12 i
799 210 182 26 Borgareständet

154 235 1 37 |
322 224 65 35 Adeln

154 284 1 51 |
229 314 2 18 |
240 308 38 21 har
287 308 94 27 beslutit,
394 310 30 20 att
437 303 41 37 rub-
484 303 10 37 |
497 309 38 20 har
546 308 96 27 godkänt
652 307 84 22 utskot-|
755 307 38 22 har
809 307 167 22 äterremitterat
986 307 42 22 för-

154 336 1 10 |
229 334 2 24 |
254 337 60 21 riken
338 337 39 22 och
396 337 81 27 ingres-!
512 339 42 20 tets
589 337 80 26 förslag
705 336 31 21 tilll
781 336 218 27 fattningsförslagets

229 373 1 15 |
254 365 224 28 sentillförfattnings-|
512 367 72 21 rubrik
596 365 40 22 och
647 365 88 27 ingress.|
771 365 72 22 rubrik
875 365 39 22 och
945 366 83 25 ingress

155 400 1 20 |
229 392 1 29 |
254 394 104 27 förslaget
377 388 16 38 —
408 395 70 21 skulle
771 393 32 22 för
819 397 32 18 att
868 393 160 22 omformuleras

154 424 1 13 |
255 423 86 26 bringas
352 423 7 21 i
371 423 106 22 öfverens-
770 423 6 21 i
793 423 36 21 det
852 423 100 21 afseende
976 423 52 20 Bor-

80 471 1 7 |
155 458 1 7 |
229 459 1 19 |
254 452 125 21 stämmelse
405 447 16 35 —
431 452 57 25 med|
771 451 150 27 gareständets
950 451 79 22 nedan-

229 497 1 4 |
254 480 99 21 ständets
377 476 13 38 —
400 480 89 29 nedan-|
771 481 89 21 stäende
891 480 71 21 beslut
992 486 36 15 an-

254 509 92 22 nämnda
361 509 71 22 beslut
444 510 45 27 be-
484 505 9 36 |
771 509 82 26 gående
881 509 148 26 författnings-

229 552 2 23 |
253 537 104 23 träffande
374 538 12 26 &
404 539 32 20 12.
488 563 1 11 |
770 537 104 28 förslaget
890 537 103 27 påkallar.

80 594 1 10 |
229 596 1 5 |

1038 659 2 11 I

81 756 1 13 |
117 735 6 17 1
241 738 39 21 har
292 732 84 38 godkänt
392 732 86 38 utskot-
756 739 39 21 har
817 738 95 27 godkänt
931 738 10 27 $
965 738 66 26 enligt

256 769 43 19 tets
315 766 87 28 förslag.
771 768 25 21 hr
811 767 130 22 Rönnbäcks
952 767 31 21 till
993 767 36 20 be-

81 794 1 18 |
156 819 1 3 |
608 815 21 11 =
773 796 117 21 tänkandet
906 795 77 27 fogade
998 801 32 15 re-

156 827 2 6 I
608 830 14 23 2
771 825 114 21 servation.

115 849 12 19 2
154 845 16 41 |
192 849 6 19 I
242 853 38 22 |har
302 853 32 22 för
357 861 62 14 mom.
444 855 34 20 be-
602 869 21 12 0
757 853 39 22 har
807 853 96 26 godkänt
912 853 118 21 utskottets

256 882 63 21 slutit
341 883 93 27 följande
451 883 29 27 ly-
608 883 21 26 2
772 881 81 27 förslag
870 881 146 22 oförändradt.

231 926 1 12 |
258 911 69 22 delse:
489 917 1 6 |
608 911 21 28 =

273 955 8 8 n
285 939 115 28 Rättighet
422 942 32 19 att
474 940 6 21 i
604 935 23 36 [A
1040 964 1 6 |

257 969 47 20 stad
335 971 57 18 utom
418 969 72 26 bryg-|
609 979 14 13 s

256 997 45 26 geri
332 997 32 21 till
390 996 90 22 afhemt-
609 994 20 33 a

231 1024 1 19 |
256 1025 51 27 ning
321 1025 88 28 försälja
421 1026 59 21 malt-
608 1022 19 30 E

81 1062 2 17 i
231 1049 1 29 |
257 1053 90 28 drycker
363 1054 34 21 mä
412 1055 18 26 ej
448 1056 32 19 ut-
608 1055 20 30 &

81 1082 2 27 i
257 1082 59 21 öfvas
333 1082 23 22 af
370 1089 68 15 annan
455 1085 25 19 än
609 1087 15 9 -
747 1081 2 29 i

81 1115 2 2 i
231 1108 1 27 |
258 1111 48 26 den,
327 1117 45 16 som
389 1111 71 22 dertill
475 1112 6 21 i
609 1112 21 21 =
748 1112 1 12 |

258 1140 150 22 nedannämnd
434 1140 48 22 ord-
609 1135 21 29 a

81 1167 2 6 |
156 1167 1 29 |
257 1168 51 27 ning
330 1169 101 21 utverkat
450 1170 32 26 sig
604 1161 25 41 då
748 1178 1 26 |

81 1216 1 7 |
156 1218 1 3 :
231 1209 1 13 I
260 1196 116 22 tillstånd."

110 1220 47 29 BR,
244 1224 40 22 har
294 1225 187 26 äterremitterat
471 1218 13 38 $
749 1245 1 3 |
761 1225 37 21 har
813 1224 84 22 förenat
908 1225 32 26 sig
951 1231 34 15 om
997 1224 37 21 det

81 1260 1 22 i
258 1253 32 22 för
310 1255 33 20 att
358 1254 123 22 äterställas
749 1254 30 21 ji
799 1254 25 21 hr
847 1254 130 21 Rönnbäcks
1000 1258 33 16 re-

81 1291 1 17 |
156 1276 1 31 |
258 1282 31 21 till
311 1283 40 21 den
372 1283 81 27 lydelse
468 1283 14 26 $
749 1291 1 4 |
773 1283 107 21 servation
901 1281 142 30 framställda
1036 1273 11 42 |

81 1322 1 19 i
155 1330 2 16 i
258 1311 5 20 i
280 1317 28 15 nu
325 1311 99 26 gällande
440 1311 40 22 för-
774 1311 111 27 yrkandet,
903 1313 32 19 att
948 1311 96 21 utskot-
1035 1307 12 36 |

81 1351 1 17 i
156 1354 1 15 i
258 1339 90 28 ordning
364 1346 56 21 eger.
749 1352 1 14 +
775 1342 42 19 tets
838 1339 80 28 förslag
941 1339 32 21 till
996 1341 48 28 än-|

81 1378 1 19 |
156 1371 1 25 |
775 1367 61 28 dring
859 1367 23 22 af
896 1368 10 25 8
926 1369 23 20 12
965 1367 68 22 måtte

81 1420 1 10 |
155 1397 2 40 |
749 1398 1 3 |
773 1396 116 22 förkastas.

81 1431 52 18 114
155 1438 2 21 |
242 1430 38 21 har
303 1431 101 21 uteslutit
419 1431 27 22 de
462 1431 22 21 af
749 1447 1 9 |
759 1431 44 26 har,
820 1431 7 20 i
842 1430 95 27 enlighet
947 1430 48 21 med
1009 1429 26 21 hr

155 1464 2 18 i
255 1459 109 22 utskottet
380 1459 53 22 efter
449 1466 32 15 or-
749 1460 2 28 |
774 1459 129 22 Rönnbäcks
937 1465 96 15 —reserva-

155 1484 2 29 i
256 1487 37 21 det
308 1483 17 38 —
333 1487 159 28 ,gästgifveri*
774 1488 52 27 tion,
868 1488 99 21 uteslutit
985 1482 14 37 —
1008 1487 37 20 de!
