1056 1667
300 98 225 23 Petitionsbetänkande
542 98 34 22 N:o
592 98 15 21 1.
756 98 42 22 135

72 161 72 25 öppen
160 160 58 21 ända
234 159 35 21 till
285 160 64 20 nästa
367 158 156 27 ständermöte,
540 159 33 20 ett
588 164 26 15 ur
630 158 78 26 många
720 158 108 27 synpunk-

72 197 34 18 ter
127 194 50 27 föga
197 196 120 20 önskvärdt
335 194 84 21 afbrott
435 194 8 21 i
456 193 209 27 jernvägsarbetena
680 193 64 21 häraf
758 193 70 27 möjli-

72 235 42 21 gen
136 230 75 21 kunde
233 229 68 22 blifva
324 235 27 16 en
375 229 60 28 följd.
467 229 49 21 Den
540 228 163 27 undersökning
724 228 23 21 af
761 229 67 21 linien

72 271 48 16 som
144 272 30 15 nu
196 267 37 24 egt
247 271 48 15 rum
312 267 24 19 är
352 265 78 21 endast
446 265 24 21 af
483 264 158 22 förberedande
656 265 72 20 natur.
759 264 69 21 Innan

72 301 97 21 arbetets
191 301 172 27 påbegynnande
385 302 71 20 mäste
476 300 68 21 linien
560 299 109 22 definitivt
684 299 86 27 utpålas
789 299 39 21 och

73 335 89 28 afvägas
185 338 58 19 samt
267 337 48 20 med
340 336 91 27 ledning
452 336 65 21 häraf
536 335 86 28 slutligt
642 334 188 27 kostnadsförslag

74 373 116 25 uppgöras.
223 371 60 22 Skall
307 373 62 20 detta
394 372 41 21 allt
457 371 131 22 verkställas
611 371 56 22 först
683 371 68 22 sedan
767 372 63 19 nästa

73 407 105 22 Ständers
198 407 73 22 beslut
286 407 7 21 i
310 407 92 22 ärendet
417 407 79 21 vunnit
512 407 66 27 nådig
594 407 146 26 stadfästelse,
756 407 74 20 kunna

74 443 28 21 de
118 443 111 26 egentliga
244 442 220 27 byggnadsarbetena
479 442 89 27 vidtaga
578 443 109 20 måhända
698 443 55 20 först
761 441 69 22 under

74 479 25 20 år
124 478 65 27 1896,
213 479 79 20 medan
313 485 29 14 nu
358 479 112 26 pägående
484 478 228 27 jernvägsbyggnader
727 477 103 27 möjligen

75 514 69 21 redan
165 514 46 21 före
229 514 58 22 1894
303 515 35 20 års
355 515 82 26 utgång
452 514 74 21 kunna
543 513 109 22 slutföras.
684 513 43 22 Det
742 519 51 16 vore
808 512 24 22 af

75 549 69 22 sådan
167 549 118 27 anledning
311 549 96 28 önskligt
429 552 32 19 att
479 549 81 22 liniens
576 549 111 22 definitiva
702 548 128 28 uppgående

73 585 69 26 jemte
161 585 71 27 öfriga
248 585 158 22 förberedande
422 585 91 22 arbeten
529 585 71 22 skulle
618 585 129 21 verkställas
762 585 68 20 redan

76 619 46 22 före
138 622 65 20 nästa
218 621 111 27 landtdag,
341 622 28 25 på
380 621 37 21 det
427 623 33 19 att
468 621 77 26 sjelfva
553 621 197 26 byggnadsarbetet
758 619 72 21 kunde

75 655 89 27 vidtaga
181 656 137 21 omedelbart
333 656 56 22 efter
405 656 38 21 det
458 658 51 20 näst
523 656 205 21 sammanträdande
738 655 94 21 Ständer

76 690 91 27 beviljat
191 691 74 21 härför
289 691 79 27 nödiga
392 692 78 21 medel.
502 692 43 20 För
569 693 33 19 att
623 692 25 20 så
664 692 35 20 må
714 691 38 21 ske
768 690 63 22 torde

76 726 57 22 dock
156 733 30 15 nu
207 727 132 21 församlade
358 727 97 22 Ständer
471 728 52 20 böra
539 727 34 21 för
588 727 33 21 sin
638 727 35 21 del
689 727 55 21 fatta
759 726 73 22 beslut

77 768 35 14 om
136 762 83 22 banans
244 763 112 27 byggande
381 763 39 21 och
440 769 34 15 om
497 764 43 21 den
561 763 125 27 sträckning
706 763 126 21 densamma

79 796 39 22 bör
134 797 89 22 erhålla.

149 832 119 23 Ofvanföre
289 834 39 21 har
341 834 68 21 redan
425 834 111 27 angifvits,
552 835 33 20 att
600 834 232 26 anläggningskostna-

76 868 43 22 den
134 868 34 21 för
185 875 26 15 en
225 869 92 27 jernväg
334 869 204 27 Keuru-Jyväskylä
553 871 84 25 uppgår
652 869 35 21 till
703 870 41 20 den
757 868 75 27 betyd-

77 904 44 26 liga
144 910 101 16 summan
269 904 24 22 af
315 905 119 27 7,450,000
455 906 68 26 mark,
547 905 53 21 eller
621 906 81 26 92,184
718 905 61 21 mark
795 910 39 21 per

77 939 166 22 bankilometer.
276 940 77 22 Denna
377 941 58 26 höga
458 941 95 21 kostnad
574 940 98 27 betingas
694 940 23 22 af
731 941 27 21 de
774 942 60 19 stora

77 976 227 26 terrängsvårigheter
323 982 51 15 man
390 977 13 20 &
415 976 70 21 denna
497 976 127 27 sträckning
630 976 40 21 har
678 978 34 19 att
719 976 113 26 bekämpa.

77 1010 76 21 Såsom
177 1010 119 28 belysande
317 1011 34 21 för
368 1012 61 21 detta
445 1011 177 22 sakförhållande
637 1013 36 20 må
688 1014 97 24 nämnas,
801 1012 33 20 att

78 1046 123 21 kostnaden
217 1047 34 21 för
265 1047 60 26 jord-
345 1047 39 22 och
400 1047 158 22 konstarbeten
574 1049 13 19 å
603 1047 71 22 denna
682 1047 90 27 jernväg
780 1053 54 20 upp-

78 1082 38 25 går
139 1081 35 21 till
197 1083 84 26 46,000
305 1083 61 21 mark
388 1089 39 20 per
449 1083 123 27 kilometer,
588 1083 78 21 medan
683 1082 151 22 motsvarande

78 1117 94 21 kostnad
197 1119 12 20 &
233 1117 65 22 Wasa
322 1119 39 20 och
386 1118 123 27 Uleåborgs
530 1119 98 20 banorna
650 1119 100 26 utgjorde
768 1118 38 21 15-
822 1117 13 22 å

80 1153 81 26 16,000
177 1154 70 26 mark,
264 1155 13 20 å
294 1153 104 22 Savolaks
412 1154 72 21 banan
495 1155 83 26 23,000
588 1155 62 20 mark
661 1156 57 19 samt
728 1156 33 19 att
770 1153 65 22 total-

77 1188 125 22 kostnaden
218 1189 35 21 för
265 1189 66 22 Wasa
345 1189 73 22 banan
430 1191 95 26 uppgick
533 1190 35 21 till
577 1190 100 26 omkring
684 1190 82 27 50,000
774 1190 62 21 mark

78 1229 39 20 per
141 1223 123 23 kilometer.
295 1225 50 21 Med
369 1225 118 27 anledning
510 1225 65 22 häraf
591 1226 39 21 har
651 1225 59 22 inom
726 1225 110 22 utskottet

78 1259 62 26 fråga
165 1260 76 21 väckts
263 1261 82 27 derom,
365 1261 108 21 huruvida
490 1261 47 21 icke
554 1267 77 21 genom
647 1260 150 22 modifikation
814 1260 24 21 af

78 1294 221 28 byggnadssystemet
322 1303 26 14 en
374 1296 125 27 minskning
523 1296 24 21 af
570 1296 265 27 anläggningskostnaden

79 1331 73 20 kunde
168 1332 71 21 ernäs.
264 1332 10 21 I
289 1333 78 20 sådant
378 1331 103 22 afseende
491 1332 41 29 har
544 1332 91 27 anförts,
644 1333 103 20 hurusom
756 1337 79 22 genom

79 1367 140 26 användning
243 1367 24 22 af
289 1367 106 27 betydligt
421 1367 104 27 skarpare
550 1368 122 27 stigningar
695 1370 27 19 än
738 1368 41 21 den
795 1367 41 21 hos

79 1407 37 15 oss
138 1401 34 22 för
188 1402 71 27 öfriga
274 1403 68 21 banor
358 1403 101 26 gällande
476 1403 88 21 maximi
580 1403 124 27 stigningen
719 1403 73 27 0,125,
809 1409 27 14 en

152 1443 178 23 Jernviigsulskottets
342 1443 109 18 betänkande
464 1444 35 18 N:o
511 1444 15 16 1.
