1064 1659
217 116 349 24 Petitionsbetänkande
583 116 51 20 N:o
651 116 45 20 10.

358 425 155 22 Allmänna
534 423 304 23 Besvärsutskottets

288 459 190 22 betänkande
499 459 37 22 N:o
556 457 11 23 7
583 459 7 21 i
606 458 118 29 anledning
747 457 24 22 af
784 457 54 22 etti

288 494 160 29 Ridderskapet
463 494 39 21 och
517 493 70 22 Adeln
600 492 119 22 inlemnadt
729 493 110 28 petitions-

289 528 110 22 memorial
414 528 112 29 angående
537 527 131 29 utvidgning
679 527 24 22 af
710 527 129 29 privatskol-

289 563 84 22 lärares
393 563 46 21 rätt
456 562 36 22 till
510 562 242 29 tjensteärsberäkning
773 563 7 21 i
801 563 37 22 och

288 598 36 21 för
338 597 90 29 pension
440 597 56 22 efter
509 597 135 28 anställning
656 597 7 21 i
676 597 81 22 statens
767 597 74 29 tjenst.

154 656 90 22 Genom
266 654 216 30 protokollsutdrag
504 654 26 21 af
551 655 45 20 den
618 655 26 21 10
664 654 113 22 Februari
801 655 41 21 har

85 690 128 29 höglofliga
234 689 174 28 Ridderskapet
431 689 43 21 och
496 689 78 20 Adeln
598 688 37 21 till
654 689 125 21 Allmänna
799 689 43 22 Be-

86 725 192 22 svärsutskottets
296 723 150 28 behandling,
455 723 73 28 jämte
542 723 117 28 protokoll
671 723 66 22 öfver
747 724 44 21 den
802 724 40 21 vid

87 759 106 22 ärendets
218 759 80 21 remiss
322 758 168 27 försiggängna
516 757 169 28 diskussionen,
711 758 133 29 hänskjutit

88 797 34 18 ett
137 794 25 21 sä
177 793 101 28 lydande
294 792 242 29 petitionsmemoria!:

240 851 40 20 Till
294 850 113 25 Höglofiiga
422 851 144 24 Ridderskapet
581 851 33 19 och
629 851 68 20 Adeln.

157 909 42 20 Det
215 911 79 17 senaste
310 907 106 20 decenniet
431 909 36 18 har
483 907 54 20 varit
552 907 23 20 af
588 911 42 16 stor
645 908 106 26 betydelse
767 909 32 20 för
809 916 37 13 un-

90 937 228 26 dervisningsväsendet
336 937 7 19 i
363 938 47 18 vårt
424 936 55 20 land.
509 937 42 18 För
566 939 30 17 att
611 937 72 20 endast
698 937 53 20 hålla
767 945 33 12 oss
815 938 30 19 till

90 967 157 20 mellanskolans
270 965 88 27 område,
381 967 23 18 sä
426 965 36 19 har
485 968 66 17 staten
574 965 44 20 dels
638 965 84 20 inrättat
740 973 47 19 nya,
803 967 44 19 dels

91 995 113 25 ofvertagit
226 997 30 18 ett
278 998 52 16 stort
348 995 55 19 antal
421 994 55 19 förut
492 994 127 20 existerande
634 995 79 25 privata
729 995 118 20 elementar-

91 1025 94 19 läroverk
207 1023 52 20 både
282 1023 32 20 för
332 1029 72 19 gossar
422 1023 36 19 och
474 1022 32 20 för
520 1023 78 24 flickor,
614 1023 7 19 i
636 1023 50 26 följd
701 1024 74 20 hvaraf
788 1027 60 17 stats-

92 1053 105 20 skolornas
221 1052 55 20 antal
297 1052 92 19 tillvuxit
406 1053 27 24 pä
450 1054 30 17 ett
494 1054 46 23 sätt,
557 1058 43 13 som
615 1053 63 18 redan
692 1059 24 13 ur
731 1053 118 20 ekonomisk

91 1082 105 26 synpunkt
211 1082 57 19 torde
282 1081 69 25 nödga
366 1081 39 19 den
421 1083 30 17 att
466 1087 25 13 en
506 1081 30 19 tid
552 1080 74 19 framät
640 1081 45 20 icke
695 1084 49 23 utan
755 1084 42 17 stor
807 1081 41 20 för-

92 1111 98 25 sigtighet
205 1110 70 20 skrida
290 1109 33 20 till
338 1109 59 20 deras
411 1109 121 26 ytterligare
546 1109 120 20 förökande.
695 1110 68 20 Afven
777 1117 72 18 genom

92 1139 112 20 tillätelsen
226 1141 31 18 att
275 1138 73 20 flickor
367 1138 7 19 i
389 1138 56 20 vissa
460 1138 36 19 fall
510 1138 70 20 kunna
594 1138 113 20 inskrifvas
722 1139 37 20 och
774 1139 77 20 erhälla

93 1168 147 25 undervisning
255 1167 7 19 i
278 1167 207 20 elementarläroverk
500 1167 32 19 för
546 1173 72 19 gossar
633 1167 36 20 har
682 1170 66 17 staten
758 1168 53 25 tagit
821 1171 30 16 ett

93 1200 47 23 nytt
155 1200 44 22 steg
215 1197 6 19 i
237 1196 72 19 liberal
320 1195 93 26 riktning
423 1197 26 24 pä
459 1195 221 26 skolorganisationens
691 1197 88 20 område.
796 1197 55 19 Utan

95 1229 30 16 att
143 1225 50 26 vilja
214 1225 90 25 förringa
322 1225 120 25 betydelsen
458 1225 22 18 af
494 1225 34 19 det
543 1224 89 20 initiativ
647 1227 66 17 staten
729 1225 6 20 i
751 1225 49 20 flere
815 1225 36 20 fall

95 1255 52 25 tagit
162 1255 7 18 i
185 1254 37 20 och
237 1253 31 20 för
284 1253 155 20 skolväsendets
454 1253 148 24 förbättrande,
617 1253 78 26 päpeka
710 1255 21 18 vi
747 1254 58 25 dock,
822 1257 29 16 att

95 1283 49 20 flere
160 1283 23 19 af
195 1283 25 20 de
236 1282 105 25 framsteg,
358 1289 44 12 som
417 1282 65 19 under
498 1289 69 12 senare
582 1282 52 19 tider
649 1282 31 19 till
695 1283 61 25 lycka
766 1283 33 19 för
809 1283 43 19 lan-

96 1313 35 19 det
146 1311 65 26 gjorts
226 1312 55 19 inom
296 1313 47 17 vårt
357 1311 255 24 undervisningsväsende,
624 1311 154 20 åstadkommits
788 1311 65 20 under

96 1341 136 26 pätryckning
248 1339 23 20 af
284 1339 100 26 exemplet
400 1339 37 20 och
452 1339 140 20 erfarenheten
603 1339 47 20 från
660 1340 81 25 privata
751 1340 101 20 läroverk.

96 1369 42 20 Det
154 1373 23 15 är
193 1369 61 19 äfven
273 1371 28 16 ett
316 1368 108 25 märkeligt
440 1368 126 19 förhållande
582 1371 30 16 att
626 1368 127 20 sistnämnda
768 1369 85 24 skolors,

97 1398 25 20 de
138 1398 81 25 privata
234 1396 190 25 mellanskolornas,
441 1396 55 20 antal
511 1396 62 20 redan
588 1396 62 25 länge
664 1397 53 19 varit
731 1397 7 19 i
751 1397 52 25 jämt
818 1397 37 19 sti-

167 1437 107 20 Allmänna
290 1436 190 20 Besvärsutskottets
496 1437 117 19 betänkande
628 1437 38 19 N:o
682 1438 19 18 7.
