1056 1673
243 114 30 22 94
437 114 224 23 Petitionsbetänkande
678 115 34 22 N:e
728 114 14 22 1.

214 175 85 20 utsätta
316 174 65 22 också
401 175 42 21 den
453 174 121 28 möjlighet,
585 177 34 19 att
628 176 68 21 andra
706 178 58 19 ännu
776 181 59 15 mera
846 175 120 26 trängande

213 209 68 21 behof
300 210 28 20 då
348 210 72 22 kunde
440 212 52 25 taga
512 210 86 22 landets
618 211 118 27 tillgångar
759 212 25 20 så
799 211 7 21 i
822 210 95 28 anspråk
932 212 34 20 att

215 245 71 21 denna
310 245 67 23 banas
397 246 116 22 utförande
534 248 60 20 ännu
614 246 34 22 för
668 248 71 26 någon
761 246 32 22 tid
809 246 71 22 skulle
895 247 72 21 måsta

215 281 137 27 uppskjutas.
382 282 113 22 Utskottet
516 282 40 22 har
577 284 56 20 trott
654 283 37 21 det
710 283 70 21 under
795 283 78 21 sådant
888 282 78 22 förhäl-

214 317 65 22 lande
300 317 47 23 icke
366 324 51 16 vara
437 320 51 25 rätt,
509 320 35 20 att
564 325 78 21 genom
662 318 102 22 anhållan
780 324 34 16 om
830 318 137 28 proposition

215 352 34 22 till
271 355 64 20 nästa
355 354 104 28 landtdag
479 356 29 25 på
528 356 46 20 sätt
594 355 40 21 och
653 354 33 22 vis
702 354 119 22 inskränka
836 355 131 21 kommande

215 388 105 22 Ständers
341 389 183 28 handlingsfrihet
543 390 53 22 eller
611 390 93 22 försätta
720 390 50 22 dem
786 390 7 21 i
809 390 41 22 den
865 390 102 27 belägen-

215 424 38 22 het
276 427 33 19 att
330 426 103 27 möjligen
453 426 83 28 nödgas
557 426 141 22 tillbakavisa
718 433 27 15 en
765 426 144 28 proposition,
930 432 35 16 om

215 460 88 22 hvilken
324 468 26 15 en
372 461 130 28 föregående
523 462 106 27 landtdag
654 462 100 22 anhållit.
784 462 33 21 En
840 462 68 22 sådan
928 468 38 16 an-

215 495 76 22 hållan
314 502 63 22 synes
403 499 23 20 så
447 498 87 27 mycket
553 498 85 22 mindre
659 498 65 22 hafva
745 498 47 21 skäl
811 498 34 22 för
865 498 34 27 sig
919 504 47 15 som

216 532 128 28 Ständerna,
358 533 63 22 äfven
431 536 53 20 utan
500 536 33 20 att
548 534 137 27 proposition
703 534 110 28 förelagts,
828 534 57 22 blott
900 534 67 26 nödig

216 568 118 28 utredning
349 568 76 28 finnes,
445 570 73 21 kunna
539 570 33 21 för
588 570 34 21 sin
639 570 35 21 del
689 570 87 21 besluta
788 570 129 26 jernvägens
933 571 33 19 ut-

215 604 91 22 förande
327 605 40 21 och
388 605 75 22 anvisa
484 605 72 22 derför
577 606 80 27 nödiga
677 606 71 22 medel
770 608 56 19 samt
846 606 39 21 hos
906 605 60 21 Hans

215 640 123 27 Kejserliga
357 641 103 27 Majestät
482 642 88 21 anhålla
593 648 35 15 om
653 642 183 21 sanktionerande
859 641 23 22 af
902 642 64 21 dessa

215 676 80 27 beslut,
311 677 89 21 hvarvid
416 678 66 26 något
492 678 96 27 uppskof
598 678 49 22 med
657 678 184 27 banbyggnadens
851 677 114 22 utförande

216 711 48 23 icke
281 712 98 22 kommer
394 714 33 20 att
443 720 39 21 ega
497 720 54 15 rum.

289 748 104 22 Deremot
407 756 52 15 vore
474 750 68 27 enligt
558 750 121 21 utskottets
690 750 68 21 tanke
769 749 23 21 af
807 749 92 27 ostridig
913 748 52 28 vigt,

216 785 35 20 att
266 784 29 21 all
311 784 66 28 nödig
392 785 117 27 utredning
525 785 71 22 skulle
611 785 77 21 vinnas
704 785 8 21 i
728 786 24 20 så
762 785 42 27 god
815 784 39 28 tid,
865 786 34 20 att
909 786 57 20 näst-

217 821 206 22 sammanträdande
443 821 92 22 Ständer
554 822 36 21 må
604 821 66 22 hafva
684 821 41 22 full
740 821 114 27 möjlighet
869 823 33 20 att
917 820 49 22 med

216 855 103 23 afseende
335 858 13 20 &
363 857 163 27 ifrågavarande
541 857 58 22 bana
614 858 56 21 fatta
687 858 27 21 de
729 857 79 28 beslut,
819 863 46 15 som
877 857 26 21 de
914 863 52 15 anse

216 891 25 22 af
260 893 215 26 omständigheterna
494 893 106 27 påkallas.
631 893 44 22 För
690 893 79 22 sådant
784 892 100 22 ändamål
899 892 67 22 borde

217 929 24 20 så
261 928 45 21 fort
327 929 38 21 ske
386 929 43 21 kan
451 929 41 22 och
508 929 7 22 i
531 929 44 22 alla
590 930 116 21 händelser
722 929 46 22 före
783 931 64 19 nästa
861 929 106 26 landtdag

214 964 171 27 jernvägslinien
407 965 165 22 instrumentalt
592 966 136 21 undersökas
748 965 40 22 och
808 965 50 21 med
877 964 89 27 ledning

215 999 65 22 häraf
293 1000 139 27 fullständigt
447 1001 81 27 förslag
543 1001 40 22 och
599 1001 226 26 kostnadsberäkning
840 1000 8 21 i
864 1000 41 21 den
920 1006 45 16 om-

215 1035 97 27 fattning
328 1036 57 22 1888
401 1037 35 21 års
453 1036 91 22 Ständer
560 1037 112 26 föreslagit
688 1039 115 25 uppgöras.

288 1072 59 20 Enär
362 1072 61 22 Hans
438 1072 123 27 Kejserliga
576 1072 103 27 Majestät
694 1072 131 27 emellertid,
841 1072 28 26 på
884 1072 45 20 sätt
944 1070 26 22 af

217 1107 38 21 det
271 1107 156 22 ofvananförda
447 1108 102 28 framgår,
565 1109 50 21 med
631 1108 121 27 anledning
767 1108 24 21 af
804 1108 86 21 senaste
905 1106 60 22 Stän-

217 1143 50 21 ders
283 1143 103 21 anhållan
402 1144 140 27 bemyndigat
557 1144 95 22 Senaten
668 1146 34 20 att
717 1145 25 20 så
757 1145 61 19 snart
834 1142 132 27 omständig-

216 1178 93 22 heterna
329 1180 37 20 det
386 1179 113 28 medgåfve
520 1180 46 21 låta
586 1180 130 22 föranstalta
732 1179 101 22 bemälda
847 1178 119 22 undersök-

216 1214 61 28 ning,
293 1215 63 21 torde
372 1214 127 29 Ständerna,
516 1216 69 21 under
601 1215 159 27 förutsättning
776 1216 33 20 att
824 1215 60 21 detta
900 1214 66 22 innan

217 1252 64 20 nästa
303 1251 105 27 landtdag
428 1251 98 22 kommer
546 1253 34 20 att
595 1252 46 27 ske,
657 1252 49 21 icke
721 1251 65 21 hafva
801 1250 117 27 anledning
933 1251 33 20 att

217 1287 56 26 ånyo
289 1286 52 27 ingå
356 1288 50 20 med
421 1287 160 27 framställning
596 1287 8 21 i
620 1288 71 21 denna
707 1287 42 21 del.

288 1322 43 22 Vid
346 1323 79 21 sådant
440 1323 135 22 förhållande
591 1322 33 22 får
635 1324 111 21 utskottet
756 1322 111 22 vördsamt
877 1320 88 23 föreslå:

431 1389 33 21 att
490 1388 132 28 Ständerna,
647 1389 71 21 under
742 1387 112 22 uttalande
876 1386 29 28 af
916 1387 50 27 för-

360 1423 111 29 hoppning
492 1424 78 27 derom,
594 1426 32 20 att
648 1424 43 22 den
714 1424 26 26 af
759 1422 65 22 Hans
845 1422 122 28 Kejserliga

289 1465 174 23 Jernvägsutskottets
474 1466 108 18 betänkande
594 1465 35 19 N:o
641 1467 16 17 1.
