1070 1673
261 136 268 23 Petitionsbetänkande
544 136 41 22 N:o
600 137 39 21 30.

350 408 155 22 Allmänna
529 407 302 23 Besvärsutskottets

281 443 165 22 betänkande
467 443 37 23 N:o
527 442 28 23 23
574 443 8 22 i
605 443 118 29 anledning
738 443 24 22 af
775 443 34 22 tre
824 443 8 21 i

282 478 160 22 Bondeståndet
449 478 121 22 inlemnade
578 478 213 29 petitionsmemorial
800 484 32 16 om

283 513 103 28 åtgärder
408 513 40 22 och
471 513 76 28 anslag
569 513 37 22 till
630 512 93 30 höjande
740 513 25 21 af
777 512 54 23 folk-

282 547 173 22 skolelärarenes
471 547 100 29 bildning
586 547 55 22 samt
656 547 111 29 angående
777 547 55 22 folk-

284 582 144 22 skolelärares
443 582 46 22 rätt
504 582 33 22 att
551 582 8 22 i
575 582 57 22 vissa
647 582 39 22 fall
697 582 70 22 räkna
779 582 53 29 tjen-

284 617 58 21 steår
356 617 9 21 i
380 616 100 23 afseende
495 617 13 22 å
536 617 182 28 löneförhöjning.

147 679 78 22 Jämte
240 680 215 29 protokollsutdrag
471 680 25 21 af
509 680 46 21 den
572 682 27 20 10
613 680 113 22 Februari
742 680 41 21 har
792 679 40 22 he-

79 714 114 22 dervärda
211 714 176 22 Bondeståndet
407 715 38 21 till
463 715 126 21 Allmänna
605 715 229 25 Besvärsutskottets

79 749 145 28 behandling
238 749 132 29 hänskjutit
385 749 104 29 följande
505 751 81 20 trenne
602 749 210 29 petitionsförslag:

150 803 170 32 (Öfversättning).

280 872 44 21 Till
337 871 129 22 hedervärda
485 872 157 22 Bondeståndet.

152 936 32 19 Då
206 937 38 19 den
266 943 52 19 unge
338 936 165 20 folkskolläraren
518 937 111 19 absolverat
644 937 117 19 lärokursen
776 936 7 20 i
798 937 38 19 den

83 965 234 26 undervisningsanstalt,
339 972 43 13 som
406 965 98 20 förberedt
527 967 73 18 honom
623 966 29 19 till
671 967 49 18 hans
735 965 102 20 blifvande

84 994 40 19 kall
147 995 37 18 och
207 995 65 23 börjat
294 995 34 19 sitt
343 995 74 25 vigtiga
431 994 47 20 värf
491 1002 45 12 som
551 996 68 23 lärare,
633 997 22 17 är
670 997 68 17 måttet
752 994 23 20 af
788 996 49 18 hans

84 1023 84 19 vetande
190 1026 56 17 ännu
265 1024 57 25 ringa
336 1025 37 18 och
388 1024 133 19 schematiskt.
551 1024 41 20 För
607 1026 28 17 att
650 1024 50 20 hans
715 1023 123 20 verksamhet

84 1052 50 19 skall
156 1053 28 18 bli
206 1052 140 20 fruktbärande
369 1052 116 20 förutsättes
508 1054 57 18 alltså
588 1056 26 16 ett
636 1052 79 20 fortsatt
737 1052 102 20 oafbrutet

85 1080 94 26 studium,
196 1082 99 18 vinnande
311 1081 22 19 af
345 1088 24 13 en
384 1082 145 25 mångsidigare
544 1081 112 19 erfarenhet
670 1082 38 19 och
717 1088 25 12 en
750 1082 31 18 för
789 1082 49 18 hans

86 1110 99 25 praktiska
208 1110 44 20 värf
264 1110 115 26 nödvändig
394 1110 98 26 kunskap,
509 1114 50 16 samt
574 1110 133 20 öfverhufvud
722 1117 24 12 en
762 1109 76 20 förkof-

86 1145 36 13 ran
137 1139 7 19 i
159 1139 73 19 allmän
248 1140 96 24 mensklig
363 1140 96 24 bildning.
490 1140 96 19 Förutom
602 1140 34 19 allt
652 1140 52 18 detta
718 1140 38 18 blir
770 1139 69 19 nemli-

86 1174 39 19 gen
146 1168 78 19 läraren
242 1168 36 20 lätt
293 1174 25 14 en
332 1166 137 21 läromaskin.
489 1169 48 18 Men
553 1169 25 18 dä
593 1169 32 18 det
637 1168 24 25 ju
676 1168 32 20 för
722 1168 118 19 menniskan

86 1199 23 16 är
123 1196 93 26 omöjligt
234 1199 28 17 att
280 1198 6 18 i
302 1197 74 25 andligt
391 1196 94 20 afseende
499 1199 31 17 stä
545 1199 26 23 pä
586 1204 75 12 samma
675 1196 165 26 utvecklingssta-

87 1226 60 24 dium,
163 1227 23 17 sä
200 1226 40 19 kan
254 1226 36 19 här
304 1226 32 19 det
350 1226 108 19 ledsamma
473 1225 133 20 förhällandet
620 1227 36 18 lätt
671 1226 85 24 inträffa,
772 1228 27 17 att
815 1228 26 16 ett

86 1254 157 25 tillbakagäende
265 1255 37 19 blir
324 1255 127 25 nödvändigt.
491 1255 26 19 Vi
539 1254 151 20 folkskollärare
712 1255 67 19 känna
800 1260 41 19 nog

87 1284 66 18 denne
175 1283 43 19 fara
238 1283 37 19 och
298 1284 33 18 vär
353 1290 49 18 egen
425 1284 80 25 andliga
519 1284 80 24 tomhet,
615 1290 46 12 men
676 1284 24 19 de
715 1283 125 25 hjälpmedel,

87 1318 43 13 som
145 1314 30 17 stä
193 1313 29 18 till
240 1312 51 20 buds
310 1312 32 19 för
357 1312 85 25 höjande
457 1312 24 19 af
493 1314 35 18 vär
543 1313 157 25 bildningsnivä,
717 1314 34 17 äro
767 1312 75 19 derhän

88 1340 124 26 bristfälliga,
229 1344 27 16 att
274 1341 24 19 de
313 1340 107 20 inskränka
435 1341 30 25 sig
480 1342 30 18 till
525 1342 52 18 hvad
591 1342 77 18 läraren
683 1342 26 24 pä
724 1347 49 19 egen
789 1341 53 19 hand

88 1369 40 19 kan
143 1369 87 20 inhemta
243 1369 47 20 frän
305 1370 38 18 den
357 1370 30 18 till
402 1370 52 19 buds
473 1370 81 19 stäende
569 1370 127 20 litteraturen.
727 1370 48 18 Men
789 1369 54 19 detta

89 1398 86 19 studium
191 1400 25 24 pä
231 1405 48 19 egen
294 1399 52 18 hand
360 1398 39 20 blir
414 1399 77 19 mindre
505 1398 173 26 fruktbringande,
694 1405 31 13 om
741 1405 25 13 en
781 1398 61 25 lämp-

89 1427 29 25 lig
131 1427 83 25 ledning
228 1428 37 18 och
280 1430 137 22 uppmuntran
432 1428 80 19 saknas.
535 1427 71 19 Ehuru
621 1428 54 18 inom
684 1426 159 20 folkskollärare-

89 1455 78 20 kretsar
182 1456 37 19 och
235 1456 32 19 vid
282 1457 130 18 läraremöten
427 1456 44 19 ofta
485 1456 71 25 frägan
571 1463 32 13 om
619 1456 116 19 utfinnande
751 1455 22 20 af
781 1456 62 24 lämp-

158 1494 98 18 Allmänna
268 1494 172 18 Besvärsutskottets
451 1494 108 18 betänkande
572 1495 34 18 N:o
617 1495 31 17 23.
