1067 1664
262 127 25 19 12
442 125 245 22 Petitionsbetänkande
702 125 35 22 N:o
754 124 19 23 9.

513 212 199 26 Reservation.

300 268 56 22 Lika
370 268 48 22 litet
433 268 8 22 i
457 268 116 22 utskottets
588 268 139 22 betänkande
743 275 45 15 som
804 269 7 21 i
827 270 37 20 det
879 269 111 28 vidlyftiga

230 302 238 27 petitionsmemorialet
483 303 110 22 meddelas
609 304 71 26 någon
696 304 99 21 bestämd
810 303 89 27 uppgift
910 304 80 25 därom,

231 338 33 20 att
285 338 101 26 föredrag
408 338 40 21 och
471 338 195 21 elementarkurser
688 338 33 21 för
739 338 100 21 arbetare
855 338 7 20 i
877 339 73 21 städer
965 338 24 22 af

230 371 55 21 brist
306 372 30 28 på
358 372 75 28 nödigt
451 373 229 27 penningeunderstöd
696 372 74 22 behöft
785 372 105 28 upphöra,
906 374 39 20 där
960 374 26 20 de

231 407 86 27 engång
331 407 118 28 påbörjats.
480 407 112 22 Fastmera
607 407 29 21 ha
651 408 63 20 dessa
727 407 121 27 bildnings-
859 407 40 21 och
910 408 76 21 under-

230 441 181 27 visningsföretag
433 442 99 21 öfverallt
555 443 66 20 mötts
642 442 49 21 med
705 442 89 27 välvilja
810 441 24 22 af
848 442 26 20 de
890 442 96 22 kommu-

231 476 51 21 nala
304 476 183 28 myndigheterna,
513 477 88 21 hvarför
628 477 64 21 äfven
716 476 118 28 petitionen
861 476 54 22 blott
937 477 50 27 föga

230 510 84 22 kunnat
337 511 114 21 motiveras
474 512 47 20 med
542 511 113 28 praktiska
671 511 54 21 skäl.
756 511 112 21 Utskottet
884 511 39 21 har
938 511 47 21 icke

229 544 70 22 häller
320 545 87 21 baserat
429 546 38 21 sitt
489 546 80 27 förslag
585 546 29 27 på
631 546 90 21 sådana.
737 548 53 18 utan
806 545 81 28 bygger
902 546 37 20 det
954 546 28 27 på

229 580 152 21 företrädesvis
397 581 118 21 teoretiska
531 580 147 22 betraktelser.
709 580 32 21 Då
749 580 39 28 jag
798 580 48 21 icke
857 580 42 20 kan
912 580 74 21 förena

229 614 44 28 mig
288 616 80 24 därom,
385 618 32 18 att
433 616 41 20 den
489 615 167 26 ifrågavarande
667 614 183 26 undervisningen
862 615 7 20 i
880 614 46 22 lika
937 615 49 20 mån

229 656 46 14 som
291 650 41 20 den
349 650 110 21 allmänna
475 650 122 21 folkskolan
613 657 50 14 vore
679 656 26 15 en
721 656 125 21 gemensam
857 649 129 27 angelägen-

228 684 36 20 het
279 683 34 22 för
328 683 102 22 kommun
446 684 40 21 och
501 686 51 26 stat,
568 687 51 18 utan
631 684 102 22 fastmera
744 684 70 21 håller
823 683 46 21 före
880 686 32 18 att
924 684 62 20 dessa

228 718 70 21 såsom
316 718 139 28 förtsättning
471 718 31 21 till
518 719 52 21 eller
583 719 104 27 jämsides
703 719 49 21 med
768 718 124 21 folkskolan
907 719 79 20 anord-

228 754 71 20 nande
317 752 82 28 kurser,
422 753 73 21 hvilka
511 754 6 20 i
533 753 44 21 alla
591 753 116 21 händelser
722 752 98 22 kommer
836 755 33 18 att
884 752 101 21 förblifva

226 787 26 21 af
261 787 158 28 jämförelsevis
433 788 96 26 tillfällig
544 791 35 18 art
594 788 41 21 och
650 787 90 21 afsedda
761 786 33 22 för
809 789 32 19 ett
856 787 54 21 fåtal
925 788 57 20 med-

226 822 98 27 borgare,
348 824 96 19 närmast
459 822 72 21 tillhör
548 822 130 21 kommunen
694 824 40 19 och
750 821 183 27 arbetsgifvarene
949 824 33 18 att

226 857 70 20 ordna
311 856 40 22 och
367 856 107 24 befordra,
491 857 41 21 kan
546 857 39 27 jag
600 857 48 21 icke
663 857 86 21 biträda
764 858 31 19 ett
806 856 119 25 uttalande,
938 863 45 14 som

227 890 85 22 komme
327 893 33 19 att
375 891 57 21 vålla
447 894 32 18 ett
493 891 72 27 afsteg
580 891 47 21 från
649 892 71 20 denna
735 890 93 28 princip.
859 890 42 27 Jag
916 890 68 21 finner

227 925 107 27 nämligen
357 925 48 22 icke
427 926 66 26 något
512 926 48 20 skäl
575 926 106 26 föreligga
696 925 34 21 för
745 927 72 19 staten
833 927 33 19 att
880 925 58 26 gifva
953 927 31 19 ett

226 959 185 28 penningebidrag
436 960 33 20 till
490 960 168 26 ifrågavarande
680 960 91 26 företag,
791 959 33 21 för
845 962 33 18 att
895 960 88 20 därmed

226 994 66 21 vinna
312 994 84 21 tillfälle
414 997 33 18 att
465 994 72 21 utföra
558 994 93 21 kontroll
670 994 59 21 öfver
745 994 42 21 den
803 994 127 20 meddelade
945 1001 40 13 un-

226 1029 159 27 dervisningen.

295 1063 30 21 På
347 1064 70 26 grund
437 1063 64 21 häraf
515 1063 40 21 och
577 1064 27 20 då
620 1063 73 21 vidare
709 1062 147 28 petitionären
870 1062 48 21 icke
934 1062 42 21 kun

226 1100 38 18 nat
279 1098 104 26 uppgifva
399 1098 71 26 någon
491 1104 67 21 norm,
575 1097 55 21 efter
645 1097 87 21 hvilken
749 1098 36 20 det
795 1096 82 22 äskade
888 1097 97 27 anslaget

225 1131 120 22 beräknats
367 1132 40 21 och
429 1132 48 20 icke
504 1132 69 21 häller
595 1132 106 21 utskottet
723 1131 85 21 kunnat
824 1131 111 27 kalkylera
950 1132 37 20 det

225 1166 87 28 belopp,
328 1167 50 20 med
393 1166 82 21 hvilket
490 1166 164 28 statsbudgeten
670 1166 85 21 komme
771 1168 33 19 att
819 1166 113 27 betungas,
946 1173 33 14 om

226 1201 27 20 de
268 1201 116 21 förordade
399 1201 146 21 understöden
568 1201 143 27 utbetalades,
730 1201 34 20 får
777 1201 39 27 jag
831 1201 109 20 vördsamt
956 1201 30 20 fö-

227 1235 58 22 reslå

503 1265 34 21 att
543 1264 85 22 landets
636 1264 115 28 höglofliga
759 1263 91 22 ständer
855 1263 49 21 ville
910 1263 76 21 lämna

435 1299 155 28 ofvanstående
601 1298 189 29 petitionsförslag
804 1299 58 20 wtan
876 1298 104 27 afseende

719 1339 87 28 August
820 1338 98 27 Ramsay.

297 1369 81 20 Härom
393 1368 87 21 förenar
495 1368 32 27 sig

297 1409 110 22 Johannes
421 1408 66 23 Bäck.
673 1408 49 21 Otto
737 1407 38 22 Im.
790 1407 129 29 Appelberg.

256 1471 130 23 Helsingfors,
398 1471 19 18 J.
429 1471 75 18 Simelii
517 1471 110 24 arfvingars
639 1471 125 24 boktryckeri
777 1470 119 23 aktiebolag,
910 1469 50 18 1891.
