1064 1659
249 124 13 20 2
426 123 244 23 Petitionsbetänkande
684 123 37 23 N:o
736 122 19 23 5.

220 190 30 18 för
267 190 43 19 hela
324 191 84 18 Finland
419 198 146 17 gemensamma
577 192 174 18 skolläraremöten
763 192 62 18 under
837 190 123 25 professorns
972 191 8 17 i

219 220 108 23 pedagogik
343 220 81 24 ledning
436 220 52 24 finge
500 221 78 22 samlas,
590 226 32 12 om
635 223 29 16 ett
676 222 69 18 sådant
756 222 53 16 möte
822 221 71 23 ansågs
905 220 74 23 nödigt.

220 249 96 18 Särskildt
334 249 90 19 tillstånd
442 250 63 18 skulle
523 250 61 18 likväl
600 250 31 18 för
643 250 66 24 hvarje
721 251 54 17 möte
787 250 94 18 utverkas
893 250 22 17 af
925 250 55 17 Hans

219 277 92 24 Majestät
326 278 102 24 Kejsaren.
453 279 61 18 Orten
530 278 32 19 för
576 280 63 17 mötet
651 279 48 23 egde
711 279 85 18 Senaten
809 279 108 18 bestämma
929 277 50 19 efter

219 308 29 17 att
260 307 59 18 hafva
330 307 98 18 inhemtat
440 308 144 23 domkapitlens
596 307 86 24 mening.

287 336 28 18 På
327 337 64 22 grund
403 336 20 18 af
435 337 65 17 denna
511 337 71 22 nådiga
594 337 118 23 kungörelse
720 337 177 18 sammankallades
906 338 73 17 tvenne

219 365 99 18 allmänna
330 365 135 24 läraremöten,
478 365 100 24 nämligen
590 365 48 18 åren
650 366 45 17 1863
707 366 34 18 och
751 366 51 17 1867.
826 366 46 17 Men
881 365 44 18 från
934 366 45 17 1868

219 394 51 17 ända
281 394 31 17 till
324 394 46 17 1890
382 394 35 18 har
428 394 51 18 intet
491 395 83 17 allmänt
585 394 117 19 läraremöte
713 394 72 19 hällits.

287 429 43 18 Den
349 429 21 17 19
386 429 102 18 december
504 429 46 18 1889
568 429 117 18 emanerade
703 435 25 12 on
743 435 28 18 ny
784 429 59 24 nådig
853 430 124 23 kungörelse,

218 463 43 13 som
273 458 41 17 åter
322 458 70 18 väckte
405 458 185 18 skolläraremötena
597 458 31 17 till
635 457 29 18 lif.
682 459 10 17 I
700 459 63 17 denna
770 458 119 23 kungörelse
895 459 84 23 stadgas,

218 488 40 22 näit
270 487 104 22 kejserliga
386 486 86 19 Senaten
484 489 50 21 äger,
547 489 36 16 när
595 487 70 18 sådant
677 493 57 12 anses
746 487 74 23 nödigt,
833 487 40 18 låta
881 493 96 12 samman-

217 515 53 18 kalla
289 515 82 18 allmänt
386 516 52 17 möte
454 515 22 18 af
492 515 181 24 lärarepersonalen
685 516 33 18 vid
730 516 77 18 landets
820 516 156 18 elementarläro-

217 544 49 18 verk
282 544 36 17 och
332 544 91 19 läroverk
435 543 31 19 för
478 545 165 23 kvinnobildning
655 547 51 16 samt
718 546 30 17 att
760 544 50 18 efter
822 545 31 23 sig
864 545 113 18 företeende

217 573 167 23 omständigheter
401 573 89 18 meddela
506 573 122 18 föreskrifter
644 573 100 24 angående
760 575 56 16 orten
833 573 32 18 för
881 574 35 17 och
935 574 41 17 ord-

217 601 151 24 förandeskapet
386 602 33 18 vid
437 604 62 16 mötet
517 604 51 17 samt
586 604 60 17 sättet
664 602 31 18 för
707 602 136 24 uppgörandet
855 602 22 18 af
887 608 90 18 program

217 630 31 18 för
260 631 36 17 och
308 630 109 19 ordnandet
429 631 23 18 af
462 631 124 18 detsamma".
610 631 45 18 Med
664 631 107 24 anledning
779 631 20 18 at
807 631 65 18 denna
881 637 39 18 nya
928 632 48 17 kun-

217 659 76 24 görelse
305 659 97 19 samlades
415 661 28 16 ett
455 660 83 17 allmänt
549 660 117 18 läraremöte
678 661 7 17 i
695 660 45 24 juni
752 661 51 17 1890.

284 688 46 18 Men
348 689 64 18 såsom
430 688 22 18 af
466 689 108 18 sistnämda
585 689 118 24 kungörelse
715 689 90 23 framgår,
817 691 23 16 är
852 689 33 18 det
897 689 80 19 alldeles

217 717 113 24 obestämdt,
337 719 37 16 när
382 718 86 23 följande
476 719 116 17 läraremöte
600 718 51 18 skall
659 718 66 18 hållas.
743 717 37 19 Om
789 718 61 18 likväl
858 718 73 18 sådana
937 720 40 15 mö-

215 747 35 16 ten
262 747 56 17 skola
325 747 88 18 medföra
425 748 65 23 någon
501 747 77 23 verklig
590 748 62 23 nytta,
659 747 22 18 så
693 749 21 16 är
723 747 33 18 det
765 748 28 17 ett
799 746 128 24 oeftergifligt
932 747 44 18 vill-

219 775 39 23 kor,
268 777 29 16 att
309 776 23 17 de
344 776 42 18 åter
398 777 72 18 samlas
483 776 49 19 efter
545 776 99 24 förloppet
656 776 22 18 af
685 782 23 12 en
719 776 87 18 bestämd
814 776 107 18 mellantid.
941 776 36 18 Om

217 804 100 24 nämligen
335 805 143 18 läraremötena
489 811 47 13 vore
548 805 108 23 periodiskt
668 805 163 23 återkommande,
845 805 71 18 liksom
928 805 49 18 folk-

216 833 191 24 skolläraremötena,
420 834 64 18 skulle
496 834 32 18 det
540 834 59 17 lända
611 834 55 18 såväl
678 834 69 18 skolan
759 833 49 24 själf
817 839 43 13 som
868 833 36 18 vår
912 839 64 18 repre-

216 862 99 17 sontation
331 862 31 17 till
374 862 77 18 bätnad.
475 862 128 19 Reformerna
614 863 26 23 på
651 863 80 18 skolans
743 862 83 23 område,
840 868 42 12 som
895 863 80 17 allmän-

215 890 59 18 heten
292 893 36 21 gör
345 891 85 24 anspråk
448 891 30 24 pä,
496 891 65 18 kunde
579 891 62 18 blifva
656 891 81 18 föremål
750 891 31 18 för
793 891 112 18 diskussion
918 891 58 18 bland

215 919 131 19 skolmännen
361 920 36 18 och
409 921 39 17 alla
460 921 25 23 på
497 921 79 18 skolans
589 920 78 18 område
679 920 116 24 sysselsatta
807 925 94 18 personer
913 921 63 17 skulle

215 948 83 18 sålunda
315 949 7 17 i
341 949 57 18 dessa
416 949 64 23 frågor
492 949 20 18 få
524 955 24 12 en
560 950 58 17 säker
634 949 128 24 ståndpunkt.
786 949 190 24 Representationen

215 977 42 18 åter
279 977 63 18 skulle
358 977 23 18 af
391 977 100 18 allmänna
502 978 130 18 läraremöten
649 977 58 19 hafva
724 977 37 18 den
778 979 62 22 nytta,
853 979 30 16 att
895 977 80 19 skolfrå-

215 1011 62 18 gorna
294 1007 34 18 vid
346 1007 44 17 dem
408 1006 50 19 först
475 1006 65 19 blefve
557 1007 119 23 grundligen
694 1007 125 22 behandlade,
835 1008 29 16 att
880 1006 51 19 färre
943 1013 32 17 pe-

215 1035 173 18 titionsmemorial
399 1035 83 18 rörande
494 1035 109 24 skolfrågor
615 1035 84 24 troligen
712 1035 65 18 skulle
789 1035 34 18 vid
835 1035 141 24 landtdagarna

215 1063 98 19 inlämnas
332 1065 52 17 samt
395 1065 29 17 att
436 1065 94 17 ståndens
542 1064 132 23 medlemmar,
687 1070 31 12 om
731 1064 67 23 någon
811 1063 22 18 af
843 1064 56 18 dessa
911 1064 65 23 frågor

215 1092 78 18 komme
314 1094 30 17 att
361 1092 23 19 af
400 1093 105 18 ständerna
522 1093 111 23 behandlas,
652 1093 63 18 skulle
734 1098 71 18 genom
824 1093 151 18 läraremötenas

215 1121 135 18 diskussioner
366 1127 48 13 vara
429 1121 83 19 försatta
524 1122 7 18 i
542 1121 80 19 tillfälle
634 1123 30 16 att
676 1123 47 22 göra
735 1121 31 24 sig
777 1121 102 24 grundligt
891 1121 84 18 hemma-

214 1150 69 17 stadde
294 1150 8 17 i
315 1150 119 18 densamma.

282 1179 73 18 Därtill
370 1185 48 12 vore
434 1179 61 18 likväl
507 1179 43 18 icke
562 1185 44 18 nog,
619 1181 41 22 ,att
672 1179 62 18 lärare
746 1178 53 24 finge
811 1178 50 19 efter
877 1179 98 18 bestämda

213 1207 125 18 mellantider
356 1208 72 18 samlas
446 1208 32 18 till
494 1209 84 17 allmänt
595 1208 135 22 läraremöte;"
744 1207 22 18 af
777 1207 40 18 lika
828 1207 43 24 vigt
884 1213 51 18 vore,
947 1210 29 15 att

214 1235 38 18 den
264 1236 80 22 komité,
357 1237 80 18 hvilken
450 1237 74 24 åligger
536 1239 29 16 att
573 1237 31 18 för
616 1237 67 23 hvarje
697 1238 54 16 möte
760 1236 109 18 bestämma
877 1236 23 18 de
907 1236 69 24 frågor,

213 1269 43 13 som
273 1265 55 18 skola
342 1265 116 23 diskuteras,
471 1271 46 12 vore
529 1265 72 18 tillsatt
613 1265 23 18 af
646 1265 117 24 föregående
776 1265 99 17 läremöte.
900 1265 75 18 Genom

213 1299 24 11 en
254 1293 55 24 dylik
321 1294 111 23 anordning
444 1295 63 18 skulle
518 1295 42 23 just
573 1294 23 18 de
609 1293 66 24 frågor
687 1293 62 19 blifva
761 1293 83 18 föremål
856 1293 31 18 för
899 1293 75 19 diskus-

212 1322 44 17 sion
276 1323 12 17 å
307 1323 147 24 läraremötena,
475 1323 67 18 hvilka
561 1323 7 17 i
587 1323 139 18 lärarekretsar
745 1328 58 12 anses
821 1328 48 12 vara
886 1323 23 17 de
925 1325 50 16 mest

212 1351 118 23 brännande,
350 1351 36 18 och
402 1352 55 17 inom
475 1352 43 17 hela
533 1351 77 19 landets
622 1352 98 17 lärarekår
733 1351 64 18 skulle
809 1351 72 24 uppstå
893 1357 24 12 en
930 1351 45 18 vida

212 1380 64 17 större
287 1379 113 24 lifaktighet
411 1382 26 16 än
449 1380 38 18 den
499 1380 31 18 för
542 1380 122 18 närvarande
676 1380 113 18 förefinnes.

282 1414 28 18 Pä
327 1414 65 24 grund
407 1414 23 18 af
445 1414 51 18 hvad
514 1414 20 18 vi
549 1414 42 18 haft
603 1416 48 16 äran
664 1414 59 19 ofvan
736 1414 75 23 anföra,
823 1414 51 23 väga
885 1414 21 18 vi
918 1415 56 17 vörd-

211 1443 53 16 samt
288 1442 62 18 förslä
374 1444 30 17 att
426 1443 76 18 landets
526 1443 84 18 Ständor
634 1444 61 17 måtte
721 1444 7 16 i
750 1443 157 23 underdänighot
928 1444 46 23 ingå

281 1483 99 19 Allmänna
392 1484 173 18 Besvärsutskottets
577 1484 110 18 betänkande
698 1484 38 18 N:o
749 1484 17 17 3.
