1067 1675
61 1152 26 13 Br.
98 1152 40 14 kom.
149 1154 31 13 bet.

103 1169 39 17 $23.

62 1291 25 12 Br.
98 1291 40 13 kom.
149 1292 32 13 bet.

96 1308 46 31 SA

80 1325 61 14 Maltar.
151 1327 11 12 f.

91 1343 38 16 816:
142 1344 12 13 2.

72 1377 60 14 Maltar.
143 1378 11 13 f.
165 1378 7 17 $

101 1395 21 12 16:
132 1395 13 13 3.

234 125 25 20 12
407 123 254 23 Motionsbetänkande
677 124 42 22 N:o
733 124 22 21 6.

274 191 19 19 2.
325 193 62 18 Under
404 194 109 17 marknader
528 193 34 18 och
577 194 100 22 torgdagar
691 195 21 16 är
727 193 124 18 minuthandel
866 192 42 18 med
922 198 39 12 rus-

204 222 77 22 drycker
300 221 107 24 förbjuden;
427 222 32 18 och
476 222 96 18 ankomme
587 222 11 17 ä
613 222 119 23 länestyrelse
747 224 28 16 att
790 222 113 18 omedelbart
918 221 44 17 eller

204 251 24 22 pä
242 250 135 24 framställning
392 251 20 18 af
424 252 103 23 magistrat,
543 251 132 23 ordningsrätt,
691 250 165 23 stadsfullmäktige
866 250 46 18 eller
920 250 41 17 räd-

204 280 112 17 husstämma
332 280 84 23 förbjuda
431 281 34 17 slik
481 280 66 17 handel
561 280 68 23 jemväl
646 280 30 18 vid
691 280 57 17 andra
763 280 90 22 tillfällen,
868 279 24 18 dä
902 280 59 17 större

204 308 116 23 folksamling
335 314 42 17 eger
392 315 46 12 rum.

273 336 19 19 3.
323 337 9 18 I
354 338 101 17 allmänhet
474 339 21 16 är
517 337 124 23 utskänkning
656 338 21 17 af
689 337 52 18 dessa
756 337 77 23 drycker
847 337 59 18 under
920 337 41 17 sön-

204 366 45 17 eller
264 365 79 24 helgdag
357 367 40 17 icke
413 367 72 17 tilläten
501 367 33 17 och
549 366 28 17 fär
591 366 11 17 &
617 367 105 22 söckendag
732 367 84 22 begynna
826 366 76 23 tidigast
911 366 49 17 kloc-

204 395 35 17 kan
256 395 39 17 åtta
309 395 24 23 pä
348 401 99 17 morgonen
459 397 47 16 samt
516 395 59 22 fortgå
585 395 28 17 till
625 395 77 18 klockan
713 401 32 12 sex
755 400 29 13 om
795 395 81 18 aftonen.
896 394 66 18 Likaså

204 425 20 16 är
247 424 24 17 all
295 424 55 17 sädan
371 425 124 22 utskänkning
510 424 58 18 under
583 424 109 18 marknader
707 424 33 17 och
755 424 99 22 torgdagar
869 425 47 16 samt
930 423 31 18 da-

204 458 34 17 gen
254 453 115 17 omedelbart
383 453 117 18 derförinnan
516 453 33 18 och
565 453 79 17 derefter
659 453 120 22 ovilkorligen
795 453 102 22 förbjuden.

274 480 20 19 4.
323 482 38 17 Der
383 482 89 17 särskilda
491 481 156 23 omständigheter
665 482 94 17 föranleda
774 481 56 18 behof
842 481 20 18 af
874 481 89 18 utskänk-

204 510 115 22 ningstidens
333 511 134 22 inskränkning
481 511 45 17 eller
541 511 127 22 utsträckning
683 511 10 17 &
708 511 83 20 hoteller,
806 510 113 18 konditorier
929 509 33 18 och

204 539 58 17 andra
283 539 141 23 näringsställen
445 540 5 17 i
469 540 46 21 stad,
531 541 47 16 samt
593 539 24 23 pä
632 539 68 23 landet,
716 540 33 17 der
764 539 157 18 värdshusrörelse
936 538 26 17 id-

204 568 38 21 kas,
260 574 33 16 ege
307 568 126 24 länestyrelse,
448 568 47 18 efter
509 569 32 17 det
556 568 138 18 vederbörande
709 569 60 17 lokala
785 568 125 23 myndigheter
922 567 40 17 blif-

204 597 27 17 vit
246 597 63 22 hörda,
325 597 62 18 derom
403 599 83 16 närmare
502 597 91 18 förordna.

275 624 18 20 5.
324 626 48 18 Från
392 626 84 24 bryggeri
492 626 45 18 eller
552 626 93 18 vinfabrik
659 626 80 18 försälda
754 626 77 23 drycker
846 626 18 17 få
878 626 40 17 icke
933 624 28 18 till

204 654 68 23 köpare
295 655 91 17 utlemnas
408 656 59 16 under
489 656 41 16 sön-
550 655 45 17 eller
614 655 78 23 helgdag
705 655 34 17 och
755 655 40 17 icke
809 654 58 18 heller
882 654 79 18 nattetid

204 683 40 17 från
260 683 77 18 klockan
354 684 30 18 nio
400 690 29 12 om
445 684 73 18 aftonen
533 684 28 17 till
577 684 77 18 klockan
669 684 35 17 fem
720 684 24 23 på
759 688 105 18 morgonen.

553 746 10 22 8
581 745 32 20 17.

274 793 121 17 Förekomma
417 793 11 17 &
450 793 59 21 ställe,
529 793 32 17 der
576 793 124 17 minuthandel
716 793 47 21 med,
779 793 45 17 eller
838 792 124 23 utskänkning

204 821 20 17 af
236 821 109 23 rosdrycker
359 821 58 22 idkas,
433 821 30 18 vid
479 822 89 17 särskilda
583 821 83 18 tillfällen
682 821 112 23 oordningar
810 821 20 18 af
842 821 34 18 den
888 823 34 20 art,
932 823 28 15 att

204 849 131 19 innehafvaren
357 850 20 17 af
397 850 112 23 rättigheten
532 851 39 17 icke
594 851 36 16 kan
649 856 53 12 anses
719 850 112 18 fortfarande
846 855 34 17 ega
895 850 22 17 de
932 849 28 18 för

204 878 116 18 densammas
342 879 99 17 utöfvande
463 879 118 22 erforderliga
599 879 119 23 egenskaper,
735 879 44 17 eller
793 879 23 17 ha
831 879 60 22 någon
907 878 20 17 af
938 878 23 17 de

204 907 58 22 enligt
284 907 10 22 $
317 906 12 19 9
349 908 106 17 meddelade
473 908 108 22 rättigheter
596 908 47 17 visat
658 908 28 23 sig
701 908 93 17 föranleda
809 907 85 18 störande
909 907 52 18 oord-

204 936 70 22 ningar,
295 936 30 17 må
343 937 96 22 magistrat
454 937 6 16 i
475 937 41 17 stad
531 937 34 17 och
580 937 119 22 länestyrelse
714 937 112 17 beträffande
842 936 60 23 dylika
918 936 43 17 stäl-

203 965 30 16 len
249 965 24 22 på
288 965 69 22 landet,
374 965 47 18 efter
435 965 76 22 behörig
526 965 84 18 anmälan
626 965 33 18 och
675 965 79 18 anställd
764 965 142 22 undersökning,
914 965 46 17 före-

204 993 79 18 nämnde
306 994 89 22 rättighet
413 994 104 22 inskränka,
535 994 77 23 indraga
627 995 44 16 eller
686 995 34 17 ock
736 993 129 18 innehafvaren
880 993 80 18 derifrån

204 1022 61 22 skilja;
286 1022 34 18 och
340 1028 32 17 ege
388 1023 35 17 den
438 1023 76 17 sålunda
529 1023 59 17 skilda
603 1023 39 17 icke
657 1024 38 16 rätt
710 1025 28 15 att
753 1023 20 17 af
784 1023 56 17 redan
855 1022 63 23 erlagd
932 1024 30 15 ut-

204 1051 164 22 skänkningsskatt
383 1051 55 23 något
453 1051 63 18 återfå.

552 1102 9 22 $
580 1101 32 20 18.

273 1142 17 24 Ä
305 1148 67 24 apotek
387 1149 30 17 mä
432 1149 17 17 öl
465 1149 44 17 eller
524 1149 115 22 rusgifvande
654 1149 101 23 maltdryck
766 1149 39 17 icke
816 1148 88 23 försäljas,
915 1150 47 16 samt

203 1177 30 17 mä
248 1177 108 23 försäljning
371 1178 21 16 af
403 1178 52 17 viner
469 1178 29 17 för
513 1178 109 18 medicinskt
637 1178 83 17 ändamål
734 1178 64 17 ställas
812 1178 6 17 i
829 1177 82 23 enlighet
920 1178 41 16 med

204 1206 78 17 särskild
297 1206 98 21 föreskrift,
411 1212 38 12 som
465 1206 20 18 af
497 1206 186 24 medicinalstyrelsen
699 1206 62 18 härom
777 1206 33 18 bör
825 1206 99 18 meddelas.

553 1269 10 22 s
581 1269 32 19 19.

276 1313 17 20 1.
324 1315 29 17 Då
367 1315 126 18 minuthandel
508 1315 40 18 med
564 1315 45 18 eller
624 1315 125 22 utskänkning
763 1315 20 17 af
796 1315 109 23 rusdrycker
914 1315 47 21 sker,

202 1343 29 16 får
246 1343 67 18 dörren
328 1343 28 18 till
371 1343 196 24 försäljningsrummet
581 1344 41 17 icke
637 1350 43 11 vara
695 1343 98 23 tillreglad.

274 1369 19 20 2.
324 1372 45 21 Den,
385 1378 39 12 som
440 1374 43 21 äger
497 1373 90 22 rättighet
601 1373 28 17 till
645 1373 126 17 minnthandel
787 1373 39 17 med
838 1377 75 18 svagare
923 1377 39 12 rus-

202 1400 79 23 drycker
299 1401 45 17 eller
359 1401 124 22 utskänkning
497 1401 56 22 deraf,
568 1407 43 12 vare
626 1401 93 23 förbjudet
734 1403 29 15 att
777 1401 53 18 äfven
846 1402 43 16 utan
906 1401 56 17 betal-

272 1443 189 18 Ekonomiutskottets
474 1443 119 18 betänkande
605 1443 36 18 N:o
653 1443 16 18 5.
