1048 1664
279 129 157 22 Petitionsbetä
444 129 87 22 nkande
546 129 37 22 N:o
599 128 29 23 16.
795 131 14 20 5

75 198 24 21 af
115 198 89 28 kapital,
228 199 29 27 på
272 200 44 19 sätt
331 198 146 28 petitionären
498 198 119 27 föreslagit,
633 198 142 21 underlättas.
806 198 32 27 Ty

75 240 35 13 om
119 232 129 22 kommunen
258 233 19 28 ej
289 233 131 21 bestämmer
429 239 26 14 en
465 232 92 21 särskild
566 232 211 28 byggnadsordning,
785 239 52 18 som,

76 267 65 21 borde
159 267 63 28 följas
242 267 36 22 vid
294 267 136 28 uppförande
446 267 25 21 af
491 267 210 25 arbetarebostäder,
719 268 24 20 så
766 267 69 21 finnes

74 302 64 27 ingen
152 301 80 28 borgen
243 301 39 26 för,
293 304 33 19 att
336 309 27 14 en
374 302 7 21 i
392 302 91 21 sanitärt
494 302 124 21 hänseende
627 301 71 22 bättre
712 301 123 28 byggnads-

76 337 43 20 sätt
130 341 26 16 än
172 343 29 14 nu
218 336 66 27 följes.
308 337 101 21 Tvärtom
425 336 73 21 kunde
513 336 79 22 lätthet
601 338 32 20 att
642 336 82 21 erhålla
743 336 94 21 förmän-

77 371 44 26 liga
140 371 92 21 statslån
248 371 50 21 leda
313 371 33 22 till
363 371 204 22 missförhållanden
583 371 24 22 af
620 378 73 15 annan
710 373 40 25 art,
768 371 68 21 såsom

78 405 64 21 äfven
157 405 7 21 i
179 405 185 28 Borgareståndet
380 406 36 21 vid
432 405 132 28 petitionens
581 405 156 22 remitterande
753 405 32 22 till
801 408 34 19 ut-

78 439 81 22 skottet
182 439 130 23 anmärktes.
344 440 40 21 Om
400 440 108 27 nämligen
536 447 26 14 en
585 440 84 28 bostad,
683 439 76 22 afsedd
775 442 32 19 att
815 441 24 21 af

78 473 100 22 arbetare
201 474 89 26 inlösas,
305 481 79 21 genom
404 475 91 21 statslån
516 474 67 22 också
598 474 78 22 ställde
691 474 33 28 sig
740 474 97 28 billigare

77 508 34 21 för
126 509 48 29 den,
190 515 46 15 som
253 509 53 21 först
322 509 78 22 inlöste
417 510 126 21 densamma
559 510 22 20 åt
597 509 38 27 sig,
651 515 50 15 vore
716 509 71 21 denna
797 509 40 21 lik-

78 543 34 22 väl
128 543 61 22 alltid
205 546 69 19 utsatt
292 544 34 21 för
344 544 112 21 frestelsen
476 546 32 19 att
524 543 55 28 sälja
597 543 106 22 bostaden
719 544 23 21 åt
757 550 27 15 en
799 551 38 14 an-

80 585 49 20 nan,
154 579 28 20 då
204 578 42 21 han
271 578 73 21 därför
365 579 72 20 kunde
458 578 83 22 erhålla
557 580 31 19 ett
603 578 74 27 högre,
693 578 55 21 efter
763 580 74 19 ortens

79 612 149 21 förhållanden
244 612 99 28 lämpadt
358 613 56 27 pris;
430 613 92 21 sålunda
539 613 70 21 skulle
625 613 48 27 den,
690 619 46 15 som
753 613 31 20 till
795 613 42 20 slut

78 646 70 22 blefve
164 647 65 27 ägare
247 647 24 20 af
284 647 112 26 bostaden,
412 647 48 22 icke
472 648 21 20 få
504 648 125 21 densamma
640 647 33 21 för
684 649 31 19 ett
725 647 59 27 lägre
794 647 44 28 pris

79 682 27 20 än
118 681 88 27 vanligt,
224 682 67 27 något
307 689 46 14 som
370 681 55 22 dock
441 683 49 20 med
501 681 116 22 statslånet
629 681 97 28 åsyftats,
739 681 39 22 och
788 681 51 22 hela

79 715 107 27 företaget
206 715 73 22 kunde
299 716 41 21 lätt
358 716 93 27 gestalta
472 716 32 27 sig
526 716 33 21 till
573 715 56 22 blott
645 715 40 22 och
701 715 48 22 bart
765 723 26 14 en
807 716 30 21 af-

79 749 190 28 färsspekulation.

148 785 40 20 Om
214 785 98 21 däremot
340 785 162 22 vederbörande
528 785 133 26 kommuner,
685 786 70 20 såsom
779 785 59 21 förut

80 819 114 28 påpekats,
210 819 110 22 bestämde
343 820 107 21 särskilda
466 822 89 25 qvarter
575 820 33 21 för
629 819 209 26 arbetarebostäder,

80 853 102 22 indelade
201 855 63 20 dessa
284 857 88 25 gvarter
391 855 7 20 i
419 855 104 27 lämpliga
538 855 191 27 byggnadstomter
745 856 38 19 och
807 861 32 14 se-

82 889 41 20 dan
147 888 90 27 uppläte
261 890 63 20 dessa
348 889 137 21 sistnämnda
505 890 29 27 pä
555 889 130 27 förmånliga
707 889 78 21 villkor
807 891 32 20 att

82 922 33 21 för
136 923 125 22 ändamälet
284 925 112 20 användas
424 923 68 28 enligt
514 923 89 28 lämplig
626 923 214 28 byggnadsordning,

82 958 28 20 dä
128 957 69 22 skulle
216 958 44 21 helt
282 959 72 20 säkert
373 959 187 26 ändamälsenliga
575 958 124 28 byggnader
715 959 79 27 uppstä
809 958 31 21 äf-

83 999 38 14 ven
138 995 53 18 utan
208 993 67 27 nägot
290 993 92 21 allmänt
398 994 119 21 understöd
533 994 22 20 ät
566 993 104 27 enskilda,
682 993 39 21 och
733 993 28 21 dä
771 992 70 22 skulle

84 1027 68 27 enligt
178 1027 117 22 utskottets
324 1028 56 27 äsigt
408 1027 64 22 äfven
499 1029 37 20 det
562 1027 64 22 bästa
653 1028 79 21 medlet
755 1027 32 22 till
809 1035 32 14 er-

85 1062 84 20 näende
185 1061 24 22 af
223 1063 36 20 det
274 1063 57 26 goda
346 1063 124 28 syftemälet
486 1063 64 21 hafva
565 1063 114 21 användts.
715 1062 126 22 Förhällan-

84 1097 56 20 dena
161 1096 7 20 i
186 1097 68 20 större
273 1098 73 20 städer
364 1098 37 20 äro
418 1097 109 27 nämligen
545 1098 88 25 sädana,
649 1099 32 19 att
697 1097 6 21 i
720 1097 48 21 dem
783 1103 60 15 mera

84 1131 28 20 än
129 1132 143 20 annorstädes
288 1131 159 22 arbetsklassen
467 1132 33 21 fär
516 1132 74 27 ätnöja
606 1132 31 27 sig
653 1132 48 21 med
717 1131 72 28 däliga
803 1131 38 22 bo-

86 1166 78 25 städer,
176 1172 48 15 men
235 1166 35 21 vid
281 1167 78 20 sädant
371 1166 137 21 förhällande
519 1166 81 28 äligger
611 1167 37 20 det
659 1166 82 21 ocksä
730 1162 12 36 i
752 1166 91 21 främsta

86 1202 92 19 rummet
198 1199 130 22 kommunen
348 1203 33 18 att
400 1201 54 26 göra
469 1201 45 26 allt,
531 1201 56 22 hvad
603 1201 41 21 den
661 1201 86 26 förmär,
763 1201 34 21 för
811 1203 33 19 att

86 1234 63 21 äfven
175 1235 7 20 i
207 1235 61 21 detta
290 1235 124 21 hänseende
439 1235 108 22 förbättra
572 1235 140 22 arbetarenas
735 1235 109 28 ställning.

87 1269 39 21 Om
142 1269 61 21 detta
218 1269 66 21 likväl
299 1269 34 21 för
348 1269 132 22 kommunen
496 1269 79 22 ställde
587 1270 32 27 sig
628 1270 97 27 omöjligt
736 1270 40 21 och
788 1269 57 22 före-

88 1306 58 25 taget
165 1310 49 15 vore
234 1303 24 21 af
276 1303 152 28 allmännyttig
447 1303 156 29 beskaffenhet,
627 1304 39 21 har
685 1304 106 22 utskottet
806 1312 39 14 an-

88 1340 47 22 sett,
151 1340 33 19 att
200 1340 71 19 staten
286 1338 77 22 härvid
378 1338 48 21 icke
442 1338 67 22 borde
525 1339 142 27 undandraga
678 1339 31 27 sig
721 1341 32 19 att
764 1345 80 21 genom

89 1372 79 27 nödiga
190 1372 127 28 lånebidrag
339 1373 74 21 lemna
436 1373 34 21 sin
494 1373 67 28 hjälp.
591 1373 49 22 Men
660 1374 27 21 då
709 1374 136 27 Regeringen

88 1408 8 20 i
112 1408 60 20 detta
187 1407 124 22 hänseende
326 1408 71 21 såsom
413 1408 66 21 öfvan
494 1407 136 27 framhållits,
647 1408 149 28 tillmötesgått
807 1409 38 21 bil-

89 1442 45 27 liga
149 1442 129 27 fordringar,
295 1443 40 20 och
351 1443 194 27 bestämningarna
561 1443 113 28 angående
686 1443 128 28 disposition
825 1444 24 22 af

159 1482 99 18 Allmänna
270 1482 174 19 Besvärsutskottets
455 1483 110 19 betänkande
577 1483 34 18 N:o
623 1484 28 18 12.
