1061 1656
298 117 243 22 Petitionsbetänkande
556 116 37 23 N:o
609 116 19 23 6.
828 118 13 20 9

87 186 102 21 toriteter.
226 186 152 21 Betänkandet
400 192 38 14 var
460 186 174 21 undertecknadt
649 185 31 21 af:
697 185 22 21 Z.
735 186 20 21 J.
773 185 69 26 Cleve,

87 221 24 20 A.
127 220 26 21 E.
170 221 78 27 Arppe,
265 220 28 20 M.
309 220 117 26 Akiander,
443 220 19 21 J.
479 220 26 21 E.
522 220 112 27 Bergroth,
651 220 24 21 K.
692 220 24 21 G.
727 220 115 26 Leinberg,

87 255 91 21 Torsten
194 255 22 21 T.
235 254 97 26 Renvall,
349 254 22 22 C.
390 255 33 20 W.
440 254 124 28 Ahrenberg
580 254 40 21 och
636 254 19 21 J.
672 254 26 22 M.
716 254 72 26 Kalm,
803 254 41 22 och

87 289 65 27 ingen
168 289 24 21 af
205 290 48 20 dem
269 289 56 21 hade
342 291 119 19 reserverat
477 289 32 27 sig
525 289 7 20 i
547 290 72 20 denna
635 288 76 28 punkt.

157 324 75 21 Såsom
248 323 64 21 häraf
325 330 63 21 synes
404 323 115 21 förordade
540 324 54 21 1865
609 324 35 20 års
660 323 80 21 komité
756 325 31 19 ett
802 322 41 22 för-

88 358 90 22 farande
200 359 36 21 vid
259 358 144 21 tillsättandet
426 358 24 21 af
464 358 102 25 rektorer,
583 364 45 14 som
644 358 48 20 icke
707 357 137 28 synnerligen

89 392 74 27 skiljer
178 393 31 26 sig
225 392 47 21 från
289 393 36 20 det
341 392 23 21 af
378 392 171 27 petitionärerna
564 392 128 26 föreslagna.
722 392 75 21 Ehuru
806 392 38 27 jag

89 426 130 27 fullkomligt
235 426 126 28 godkänner
377 426 107 21 komiténs
500 426 79 27 förslag
594 427 49 20 med
659 427 41 20 den
719 426 126 27 förändring

89 461 91 21 rörande
196 461 66 27 högre
277 461 182 26 utnämningsort,
476 467 46 15 som
537 461 12 27 $
565 461 27 21 88
608 461 7 20 i
633 461 55 21 1872
703 461 34 20 års
749 460 95 21 skolord-

90 495 51 28 ning
156 495 130 22 bestämmer
301 495 40 21 och
357 496 49 20 med
422 496 42 20 den
475 495 162 27 förutsättning,
649 497 33 19 att
693 495 109 21 skolrådet
812 495 33 21 får

89 529 58 27 gifva
170 530 37 21 sitt
230 529 113 22 utlåtande
366 530 7 20 i
396 529 73 28 saken,
487 530 24 21 så
526 529 39 21 har
578 529 38 28 jag
633 529 18 28 ej
668 536 43 14 som
728 529 117 27 petitionär

90 564 81 21 biträdt
185 564 106 21 komiténs
306 564 82 27 förslag
404 564 24 21 af
441 564 96 27 följande
553 564 97 21 orsaker:

159 600 21 25 1)
197 599 110 21 Komiténs
323 599 81 26 förslag
419 599 77 20 binder
512 606 59 13 mera
587 598 116 28 styrelsens
718 599 83 21 händer
816 599 28 20 än

91 633 247 27 petitionsinemorialets
354 633 109 22 slutkläm.
496 633 108 27 Styrelsen
619 633 57 27 finge
688 633 109 28 nämligen
809 639 35 14 en-

91 668 39 27 ligt
147 668 106 21 komiténs
267 667 80 28 förslag
362 667 47 22 icke
425 667 33 22 till
474 667 73 22 rektor
561 669 105 20 utnämna
682 668 69 27 någon
773 674 72 15 annan

92 702 23 21 af
129 702 86 21 skolans
231 702 69 21 lärare
316 707 26 16 än
358 709 26 14 en
401 702 24 21 af
438 703 55 25 dem,
509 709 45 14 som
570 702 116 27 uppställts
702 703 27 26 på
745 702 85 26 förslag:

160 737 22 26 2)
197 737 81 26 ansågo
294 737 178 26 petitionärerna,
488 739 32 19 att
536 737 26 21 de
579 737 18 27 ej
609 737 67 20 borde
687 737 80 26 begära
777 738 68 19 annat

92 772 27 20 än
136 771 56 21 hvad
209 771 53 22 1887
279 771 34 21 års
329 771 141 21 rektorsmöte
488 771 39 21 och
545 772 54 21 1890
615 772 34 20 års
666 771 108 21 allmänna
789 770 55 21 lära-

93 806 80 21 remöte
189 805 98 21 uttalade
303 812 46 14 som
365 805 33 21 sin
414 805 90 22 önskan.

160 839 121 22 Utskottets
297 839 111 28 pluralitet
424 840 58 21 talar
497 840 62 21 äfven
576 840 7 21 i
598 840 37 21 sitt
651 839 137 22 betänkande
799 839 46 21 vid-

91 874 70 27 lyftigt
173 875 80 24 därom,
264 874 54 21 huru
330 875 48 20 svår
390 873 175 22 föreståndarens
580 874 103 27 ställning
694 874 46 25 blir,
754 881 34 14 om
800 875 42 25 sty-

92 908 69 21 relsen
184 910 59 19 utser
265 908 33 21 till
313 908 73 21 rektor
405 915 25 14 en
447 916 73 14 annan
536 910 27 19 än
580 910 41 20 den
638 909 24 20 af
674 908 171 26 lärarekollegiet

92 942 125 27 föreslagne.
248 942 49 21 Men
319 942 107 22 utskottet
449 943 41 21 har
506 943 18 28 ej
542 943 96 25 betänkt,
655 945 32 19 att
703 950 81 14 samma
799 943 46 20 sön-

93 977 62 27 dring
165 977 77 21 mellan
254 977 85 21 lärarne
351 977 40 21 och
402 978 212 21 skolföreståndaren
627 978 41 21 kan
680 978 79 27 uppstå
770 977 75 27 hvarje

92 1011 57 27 gång
172 1013 31 19 ett
218 1011 168 22 rektorsembete
405 1012 95 21 besättes
515 1014 48 19 med
580 1019 72 14 annan
668 1019 77 20 person
761 1012 28 20 än
805 1012 41 20 den

92 1046 85 21 lärarne
193 1046 83 21 önskat.
301 1046 87 21 Samma
404 1046 114 27 olägenhet
532 1047 92 27 uppstår
640 1047 67 25 äfven,
723 1046 47 21 ifall
785 1053 62 13 sena-

92 1082 36 19 ten
145 1081 18 27 ej
181 1082 114 20 utnämner
310 1082 48 24 den,
376 1088 46 14 som
437 1081 111 21 skolrådet
568 1082 51 20 eller
634 1080 213 28 skolöfverstyrelsen

93 1115 40 21 har
148 1115 116 27 föreslagit.
295 1115 52 21 Alla
363 1116 63 21 dessa
441 1117 138 26 antaganden
596 1117 37 20 äro
650 1116 135 21 öfverdrifna.

162 1149 62 21 Hvad
239 1150 36 20 det
291 1150 24 21 af
329 1150 118 21 utskottets
464 1150 111 27 pluralitet
591 1150 145 21 framkastade
748 1150 99 27 påståen-

93 1184 36 20 det
152 1183 108 28 beträffar,
283 1186 32 19 att
341 1184 87 22 rektorn
448 1184 70 22 blefve
533 1185 8 21 i
556 1185 52 21 visst
624 1184 100 22 afseende
740 1184 107 22 beroende

92 1217 25 21 af
137 1218 91 26 lärarne,
253 1226 33 14 om
309 1219 175 27 lärarekollegiet
506 1221 56 26 finge
580 1220 70 20 uttala
666 1220 31 26 sig
713 1226 34 14 om
763 1219 62 21 hvem
841 1218 6 20 i

93 1252 48 20 dess
157 1252 62 27 tycke
235 1259 49 15 vore
300 1252 124 28 lämpligast
448 1253 34 21 till
502 1254 81 25 rektor,
598 1254 24 20 så
638 1254 66 20 finnes
720 1252 72 22 därtill
807 1252 40 21 alls

91 1286 56 21 intet
162 1286 52 21 skäl.
245 1287 30 27 Ty
291 1287 175 27 lärarekollegiet
490 1288 79 21 förmår
582 1288 25 27 ju
623 1288 18 26 ej
658 1294 38 14 ens
711 1288 67 26 enligt
793 1286 53 28 peti-

92 1320 135 22 tionärernas
243 1321 80 27 förslag
339 1322 82 21 afsätta
436 1328 27 15 en
480 1323 105 20 utnämnd
597 1322 72 22 rektor
680 1322 45 21 från
739 1322 54 21 hans
804 1327 43 15 em-

93 1354 56 22 bete.
172 1356 33 20 Då
221 1356 102 27 styrelsen
341 1356 109 28 nämligen
466 1363 27 15 en
509 1358 57 26 gång
582 1358 101 20 utnämnt
695 1356 78 27 rektor,
785 1355 62 21 kvar-

92 1390 45 20 står
152 1390 43 21 han
211 1391 28 26 på
254 1390 33 21 sin
303 1390 64 27 plats,
391 1392 25 19 så
431 1391 64 26 länge
512 1398 43 13 som
572 1391 104 27 styrelsen
692 1392 23 19 är
730 1390 52 27 nöjd
798 1391 49 19 med

92 1423 85 22 honom.
207 1424 52 21 Han
275 1425 23 20 är
314 1425 84 20 således
413 1425 48 20 icke
479 1425 106 21 beroende
600 1425 24 21 af
638 1425 164 26 lärarkollegiet.

161 1463 100 18 Allmänna
274 1463 174 18 Besvärsutskottets
460 1464 109 18 betänkande
581 1465 35 17 N:o
628 1465 18 17 4.
