1056 1673
316 114 225 22 Petitionsbetänkande
557 116 34 21 N:o
607 114 13 22 1.
786 116 27 19 53

446 176 43 17 22.

164 229 60 21 Ifrån
240 228 164 22 Bondeståndet
420 235 27 15 en
463 228 24 22 af
500 229 26 21 hr
542 229 24 21 E.
577 228 76 28 Pöysti
665 228 114 23 inlemnad
789 229 55 27 peti-

94 264 46 22 tion
156 270 34 16 om
207 264 144 22 fortsättande
367 264 23 22 af
404 264 83 22 Imatra
502 264 80 22 bibana
592 264 35 22 till
638 264 104 22 Harakka
750 265 94 27 lastage-

93 299 58 27 plats
167 300 36 21 vid
218 299 94 28 Saimen,
328 300 87 22 hvilken
431 300 94 27 petition
541 300 7 21 i
565 300 159 28 öfversättning
740 302 24 20 är
778 300 23 22 af
807 300 38 21 föl-

92 336 66 26 jande
174 335 91 27 lydelse:

167 414 54 19 Till
240 414 176 20 Hedervärda
432 414 214 21 Bondeståndet.

167 474 33 19 Då
216 474 114 20 Ständerna
344 475 36 19 vid
396 477 82 17 senaste
494 475 101 25 landtdag
605 475 78 20 beslöto
696 475 40 19 den
743 475 102 19 Karelska

96 504 78 19 banans
190 504 116 25 byggande,
322 504 119 27 godkändes
458 504 61 21 äfven
535 511 24 14 en
570 505 75 19 bibana
656 505 53 19 ifrån
720 505 32 20 S:t
761 504 84 20 Andrae

96 540 72 19 genom
191 534 83 20 Jääskis
295 534 31 19 till
340 535 82 19 Imatra.
453 535 78 19 Imatra
547 538 23 16 är
585 535 74 19 endast
673 535 27 25 på
715 536 66 24 några
796 534 49 20 kilo-

96 565 74 18 meters
186 563 83 20 afständ
284 564 45 19 frän
344 564 99 20 Harakka
459 565 133 26 lastageplats
608 564 36 20 vid
655 565 86 25 Saimen,
750 564 38 20 och
795 565 50 24 byg-

96 593 77 26 gendet
192 594 22 19 af
227 600 25 13 en
265 594 89 25 jernväg
369 595 85 19 emellan
470 594 46 19 dem
532 595 72 26 skulle,
621 594 65 25 enligt
701 596 27 24 pä
743 594 68 25 grund
826 594 23 19 af

97 623 145 20 instrumental
264 624 154 25 undersökning
441 625 128 19 verkställda
583 625 100 24 kalkyler,
699 625 60 19 kosta
775 623 72 20 endast

98 654 94 25 300,000
206 654 64 19 mark.
300 654 33 19 Då
348 654 34 19 det
397 657 24 16 är
436 654 85 20 alldeles
536 654 100 26 naturligt
651 657 31 17 att
697 654 26 20 de
733 655 75 24 många
815 653 32 20 för

97 683 122 20 industriela
244 684 148 25 anläggningar
413 684 98 25 lämpliga
533 684 133 20 vattenfallen
690 684 34 20 vid
739 684 108 21 Wuoksen

98 713 7 18 i
120 715 102 18 närmaste
237 713 82 20 framtid
334 713 79 20 komma
429 716 31 17 att
475 714 75 20 anlitas
566 714 31 19 för
608 714 129 25 anläggande
753 713 23 20 af
789 713 58 20 indu-

98 742 70 20 striela
183 743 57 26 verk,
256 744 23 19 sä
289 750 49 13 vore
353 743 35 20 det
403 744 23 19 af
439 746 53 17 stort
507 751 55 18 gagn
577 744 31 19 för
623 743 88 20 trafiken
727 751 31 12 om
771 744 76 19 Imatra

99 772 88 20 bibanan
203 773 66 19 skulle
284 773 104 20 förbindas
406 773 47 20 med
469 773 80 20 Saimen
565 774 7 19 i
587 774 70 19 stället
672 773 31 20 för
719 776 30 17 att
765 773 40 20 den
819 779 28 13 nu

98 802 66 20 slutar
178 802 84 20 framför
278 803 123 20 värdshuset
417 803 36 20 vid
467 803 78 20 Imatra
560 803 112 20 vattenfall.

168 832 41 26 Jag
224 833 92 20 anhäller
330 833 68 20 derför
413 840 32 13 om
455 833 130 21 hedervärda
595 833 165 21 Bondeständets
774 833 73 19 under-

98 862 46 20 stöd
159 862 31 20 för
206 869 25 13 en
246 863 96 25 petition:

312 923 32 19 att
366 921 94 23 bibanan
481 922 35 21 tili
539 922 88 22 Imatra
649 923 65 21 måtte
729 922 120 27 fortsättas

242 950 62 28 längs
319 952 43 21 den
376 952 69 22 redan
461 952 134 22 undersökta
611 952 69 22 linien
696 952 34 21 till
741 951 108 22 Harakka

243 980 136 36 lastageplats
394 982 37 21 vid
448 981 96 23 Saimen.

170 1041 130 26 Helsingfors
316 1042 40 20 den
374 1043 11 19 7
400 1043 101 19 Februari
519 1043 62 19 1891.

673 1090 18 21 £.
708 1089 71 28 Pöysti.

452 1233 43 18 23.

171 1284 58 22 Frän
245 1285 166 22 Presteständet
427 1292 26 15 en
470 1285 24 22 af
507 1286 83 21 Herrar
600 1286 69 22 Juuso
679 1285 108 27 Hedberg,
798 1284 53 22 Karl

100 1319 78 29 Wilén,
200 1320 111 22 Johannes
332 1321 63 27 Bäck,
411 1321 27 21 H.
455 1322 25 20 E.
497 1321 117 27 Wegelius,
630 1321 20 21 J.
668 1321 19 22 J.
704 1320 147 27 Westerlund,

100 1357 25 20 A.
143 1356 25 22 O.
184 1357 108 26 Törnudd,
308 1356 26 22 N.
350 1357 103 22 Järvinen
470 1358 41 21 och
522 1358 68 20 Ludv.
600 1357 164 22 Wennerström
777 1356 74 22 inlem-

100 1392 44 22 nad
159 1392 94 27 petition
269 1393 81 27 derom,
366 1394 34 20 att
415 1399 27 15 en
455 1394 93 26 jernväg
563 1394 67 21 redan
641 1393 66 21 innan
718 1392 134 22 nästinstun-

101 1428 71 22 dande
194 1428 105 27 landtdag
322 1430 68 20 mätte
415 1430 50 20 med
487 1428 24 22 af
525 1428 122 23 Ständerna
663 1428 102 22 anvisade
781 1427 71 22 medel

172 1469 178 23 Jennvägsutskotteis
362 1469 107 19 betänkande
481 1470 35 18 N:o
529 1471 16 17 1.
