1064 1656
212 111 82 22 Ständ.
310 111 53 22 Pet.
380 123 27 4 —
423 110 173 23 Petitionsbet.
612 111 46 22 N:o
675 111 21 22 1.
785 113 12 20 7

76 178 117 26 desamma,
210 178 33 20 att
266 177 123 21 kostnaden
410 176 34 21 för
465 183 26 15 en
509 176 158 27 jernvägslinje
681 176 148 28 Jyväskylä—

76 213 81 26 Keuru,
174 213 65 20 hvars
253 212 65 27 längd
329 215 26 18 är
366 213 46 26 80,8
423 212 116 22 kilometer
551 212 70 21 blefve
633 212 116 27 7,450,000
760 213 68 26 mark,

76 248 53 21 eller
151 248 82 27 92,184
248 248 62 21 mark
327 247 28 22 72
372 248 65 26 penni
454 255 39 20 per
508 248 117 21 kilometer
641 249 56 20 samt
712 247 34 22 för
762 248 67 22 linien

77 283 286 27 Jyväskylä
205 279 12 36 —
226 283 137 27 Pihlajavesi,
388 284 48 21 med
461 290 26 15 en
509 283 65 27 längd
595 283 25 22 af
639 284 46 26 84,4
705 284 123 27 kilometer,

77 319 116 26 7,425,000
210 319 61 20 mark
287 319 53 21 eller
357 319 80 26 87,973
454 319 63 21 mark
533 325 39 20 per
587 319 121 22 kilometer.

148 354 188 21 Kommissionens
354 354 57 27 äsigt
427 356 34 19 att
477 355 42 20 den
536 354 124 27 föreslagna
675 354 71 21 banan
760 355 69 26 lämp-

76 389 67 27 ligast
158 389 71 22 skulle
245 391 52 25 utgä
312 390 48 21 frän
375 389 81 27 Keuru,
473 390 60 26 eller,
550 395 35 16 om
602 390 77 21 sädant
695 390 23 21 af
728 390 101 22 tekniska

77 425 48 21 skäl
146 425 18 24 ej
186 425 45 22 läte
247 425 33 27 sig
296 427 58 25 göra,
371 425 48 21 från
435 425 134 27 Pihlajavesi
585 425 82 21 station
683 426 12 20 å
710 425 66 22 Wasa
791 426 38 21 ba-

76 467 51 21 nan,
147 461 96 26 grundas
259 461 180 26 hufvudsakligen
456 462 29 25 pä
501 461 96 26 följande
613 461 48 21 skäl
677 461 40 21 och
733 463 96 20 omstän-

77 497 106 26 digheter.
214 497 49 21 Den
278 497 87 26 uppgift.
386 497 89 21 hvilken
486 497 39 21 bör
537 497 76 21 ställas
625 496 77 22 främst
713 497 33 21 för
758 498 71 21 denna

75 532 97 27 jernväg,
188 538 46 15 som
251 533 71 20 mäste
337 533 80 20 tänkas
433 533 45 20 förr
495 533 53 20 eller
564 539 77 14 senare
655 532 90 22 fortsatt
755 533 74 21 vidare

78 570 59 19 emot
157 570 59 19 öster
232 568 34 21 till
282 568 104 21 Savolaks
401 568 79 27 banan,
497 570 24 19 är
537 570 34 19 att
586 569 50 20 med
652 569 121 20 hvarandra
789 569 40 20 för-

76 603 67 22 binda
159 603 86 22 landets
261 605 72 20 vestra
351 604 39 21 och
406 605 60 20 östra
483 604 60 21 delar
559 604 40 21 och
613 605 34 20 att
658 604 90 21 sälunda
759 604 70 21 befor-

77 640 40 20 dra
132 639 151 26 utvecklingen
301 639 22 21 af
339 640 41 21 den
396 639 47 22 inre
459 639 100 21 handeln.
591 639 32 21 De
639 639 109 21 härintills
759 639 71 27 bygda

75 675 144 27 jernvägarne
243 675 64 21 hafva
328 676 79 20 endast
427 675 6 21 i
455 675 64 27 ringa
540 676 50 20 män
607 675 136 27 tillgodosett
759 676 71 21 denna

77 711 94 27 uppgift,
196 711 7 21 i
227 711 37 21 det
287 713 34 19 att
344 712 112 20 desamma
472 710 78 22 främst
565 710 49 22 haft
629 711 35 21 till
679 711 102 21 ändamål
797 712 33 20 att

77 746 126 22 underlätta
218 746 95 22 handeln
331 747 48 21 med
396 746 107 22 utlandet.

149 782 152 22 Förenämnda
325 782 86 27 uppgift
436 782 129 26 tillgodoses
588 783 29 25 pä
635 782 132 27 mängsidigt
786 784 45 20 sätt

77 824 77 20 genom
171 818 75 21 Keuru
261 818 74 26 linjen,
353 824 46 14 som
416 818 33 20 för
465 818 27 20 de
509 818 96 20 centrala
621 818 88 20 delarna
723 818 23 21 af
755 818 75 21 landet

78 854 101 26 erbjuder
195 854 18 26 ej
230 853 57 21 blott
303 854 42 20 den
361 853 98 21 kortaste
475 855 69 24 vägen
561 854 59 20 emot
635 859 50 15 norr
700 854 38 20 och
750 855 79 25 vester,

77 890 54 20 utan
152 888 63 22 äfven
236 889 6 21 i
264 889 37 21 det
321 890 110 20 närmaste
449 895 84 15 samma
548 888 69 22 fördel
633 888 34 22 för
683 889 95 21 rörelsen
795 891 34 19 sö-

78 926 71 20 derut.
180 924 35 21 Då
236 930 77 21 genom
337 924 76 21 Keuru
433 924 69 26 linjen
522 924 76 21 vinnes
618 924 41 21 den
675 924 98 21 kortaste
789 926 41 25 väg

79 960 34 20 för
131 960 99 21 inlandet
240 960 35 20 till
286 960 131 26 hamnplats,
429 960 72 20 skulle
512 960 41 20 den
564 960 161 26 genomgäende
734 960 96 21 rörelsen

78 995 50 21 bäst
143 995 99 27 betjenas
259 995 24 21 af
297 996 94 20 nämnda
407 995 59 26 linje.
497 994 11 22 I
524 996 70 20 denna
610 996 162 26 genomgående
788 997 42 19 tra-

78 1030 31 22 fik
129 1031 88 21 komme
236 1033 105 25 trävaror,
361 1030 106 22 särskildt
483 1030 48 21 frän
547 1031 90 26 sägarne
653 1030 36 21 vid
705 1031 125 27 Jyväskylä,

79 1068 33 19 att
127 1066 75 26 intaga
217 1068 33 19 ett
265 1066 124 27 betydande
404 1072 55 21 rum,
476 1066 89 26 tillföljd
580 1066 24 21 af
619 1066 26 21 de
662 1066 95 21 fördelar
771 1066 58 26 jern-

78 1104 192 25 vägstransporten
291 1102 102 27 erbjuder
414 1102 90 21 framför
523 1102 102 26 sjövägen
645 1102 59 21 öfver
719 1097 110 31 Päijänne.

78 1137 117 21 Dessutom
216 1138 43 20 kan
279 1138 36 20 vid
337 1138 74 21 Keuru
431 1137 77 28 linjen,
532 1138 28 26 pä
575 1138 70 26 grund
662 1137 62 21 deraf
737 1139 34 19 att
787 1138 43 21 till-

79 1173 88 27 gänglig
186 1173 134 21 vattenkraft
340 1172 123 28 förefinnes,
488 1173 117 21 industriel
625 1174 139 20 verksamhet
779 1180 52 14 vara

79 1211 34 19 att
132 1209 103 26 päräkna,
256 1211 28 25 pä
300 1215 84 16 samma
400 1210 56 26 gång
472 1209 91 27 nejlens
579 1209 163 26 skogsrikedom
761 1209 69 26 erbju-

79 1245 38 21 der
133 1245 102 21 säkerhet
251 1244 34 21 för
300 1245 145 26 uppkomsten
463 1245 24 20 af
496 1251 25 14 en
533 1244 124 27 betydande
667 1243 162 22 trävarutrafik.

151 1279 123 22 Ständerna
292 1279 65 22 hafva
373 1279 72 22 funnit
461 1279 42 21 den
520 1279 141 22 förevarande
676 1279 76 27 frägan
769 1279 6 21 i
791 1279 40 21 allt

80 1315 37 21 det
132 1315 122 26 väsentliga
269 1315 53 20 böra
337 1314 104 21 bedömas
457 1315 70 26 enligt
543 1315 64 21 dessa
623 1315 24 21 af
660 1315 170 21 kommissionen

79 1350 131 21 framhällna
221 1350 140 27 synpunkter.
386 1349 33 22 De
430 1349 60 22 olika
500 1350 229 21 naturförhällandena
739 1350 8 21 i
757 1345 73 26 Öster-

81 1386 76 22 botten
173 1387 13 20 &
203 1393 40 14 ena
259 1387 58 20 samt
333 1385 7 22 i
357 1386 26 21 de
399 1385 46 22 inre
462 1386 40 21 och
519 1388 60 19 östra
595 1386 88 21 delarna
698 1385 23 22 af
732 1386 75 21 landet
818 1386 13 21 &
