1056 1673
313 110 223 22 Petitionsbetänkande
554 110 34 22 N:o
604 110 14 21 1.
788 110 27 20 57

93 172 71 24 läggas
189 172 55 20 1891
269 172 34 18 års
323 170 89 20 Ständer
431 178 32 12 om
478 170 112 26 byggande
606 170 23 20 af
641 170 102 20 bandelen
759 170 85 21 emellan

94 201 65 20 Wasa
174 202 67 20 banan
257 201 38 19 och
309 200 122 26 Jyväskylä.
454 200 72 26 Enligt
541 200 56 20 hvad
612 200 92 20 förmälts
720 201 58 19 torde
786 200 59 20 emel-

94 231 61 20 lertid
169 230 126 27 proposition
311 237 32 13 om
358 230 73 26 anslag
446 237 52 13 vara
512 232 31 18 att
558 230 96 20 förvänta
669 230 74 20 endast
758 231 31 19 till
799 230 46 20 full-

94 261 105 20 bordande
222 260 23 20 af
264 260 103 20 Karelska
389 260 38 20 och
449 260 169 26 Björneborgska
639 260 97 20 banorna.
766 260 12 19 I
795 260 50 25 följd

95 290 60 20 häraf
175 297 22 13 se
216 290 32 25 sig
263 290 166 20 undertecknade
443 289 120 21 föranlåtna
579 292 31 18 att
624 290 70 19 vända
709 290 33 25 sig
756 290 32 19 till
802 290 43 19 lan-

96 320 44 20 dets
163 320 87 20 Ständer
273 320 46 20 med
339 326 26 14 en
385 319 96 21 vördsam
501 320 102 25 anhållan,
620 322 30 17 att
666 319 103 20 desamma
784 320 62 18 måtte

96 350 49 20 söka
159 350 56 20 finna
229 352 88 23 utvägar
332 350 32 19 till
379 349 148 20 realiserandet
537 350 23 19 af
569 350 68 19 denna
642 348 203 27 jernvägsbyggnad.

165 380 33 19 Då
213 379 115 20 Ständerna
337 379 64 20 redan
411 379 56 20 förut
477 379 36 20 vid
520 382 77 17 tvenne
604 379 156 20 Ständermöten
770 379 77 20 skänkt

95 409 156 27 ifrågavarande
273 410 53 19 bana
345 409 36 20 sitt
397 409 120 26 understöd,
534 416 50 13 anse
599 409 21 20 vi
636 416 34 13 oss
686 416 28 12 nu
730 409 52 19 blott
797 409 50 19 böra

95 440 106 19 framhålla
223 442 36 24 att,
282 439 90 20 särdeles
388 439 66 20 under
474 439 122 20 nuvarande
616 439 150 24 förhållanden,
782 439 26 19 då
823 439 24 19 så

95 471 72 24 många
181 469 72 20 länder
269 469 96 26 omgärda
380 469 32 26 sig
427 469 47 20 med
488 469 138 26 tullstängsel,
642 469 68 20 denna
720 469 53 20 bana
783 468 63 21 borde

96 500 69 19 kunna
186 499 92 26 påräkna
301 499 124 20 Ständernas
447 499 142 25 omhuldande,
606 499 85 20 emedan
707 499 116 20 densamma
839 498 7 19 i

96 530 40 25 hög
150 530 52 25 grad
217 536 48 13 vore
281 529 66 26 egnad
363 531 30 18 att
408 529 96 20 utveckla
520 529 38 20 och
574 529 80 20 skänka
669 529 91 25 lyftning
776 530 21 18 åt
807 528 39 19 den

96 560 105 20 inhemska
222 559 97 25 handeln,
340 566 73 19 genom
436 561 31 18 att
487 559 74 26 bringa
585 555 137 30 Österbotten,
738 559 109 25 sydvestra

96 589 93 26 Finland,
204 589 103 20 mellersta
322 589 93 26 Finland,
431 589 101 20 Savolaks
548 589 37 20 och
601 589 91 20 Karelen
707 589 7 19 i
724 588 123 20 förbindelse

96 619 46 20 med
157 619 120 20 hvarandra.
303 619 40 20 Vid
364 625 25 14 en
404 619 56 19 blick
475 620 27 24 på
517 619 41 20 den
572 619 66 26 karta,
654 625 44 14 som
712 619 135 24 Jernvägsut-

97 649 76 20 skottet
188 649 36 20 vid
241 649 56 20 1888
313 650 33 19 års
361 649 139 20 ständermöte
515 649 95 25 bifogade
626 649 36 19 sitt
678 648 7 19 i
700 648 111 25 anledning
827 647 22 20 af

96 679 141 25 Regeringens
251 679 248 26 jernvägspropositioner
514 679 58 25 gifna
582 678 136 26 betänkande,
729 678 118 25 öfvertygar

97 715 46 13 man
159 708 32 26 sig
206 709 38 19 lätt
259 709 75 19 härom.
357 709 71 19 Såsom
438 709 48 19 vårt
496 708 135 25 jernvägsnät
641 708 47 20 med
695 707 152 28 färdigbyggda

98 738 37 20 och
150 739 93 19 beslutna
257 739 111 25 jernvägar
383 739 100 24 gestaltar
499 739 38 25 sig,
552 738 42 19 kan
610 745 46 12 man
671 738 103 26 knappast
784 737 63 20 förut-

98 770 53 18 sätta
171 771 31 17 att
217 769 68 24 någon
300 768 113 20 nämnvärd
429 767 128 26 samfärdsel,
572 769 65 24 något
651 767 87 26 lifligare
752 767 94 20 handels-

97 799 79 24 utbyte,
192 798 49 19 eller
256 799 65 24 några
335 801 94 16 närmare
444 798 111 19 relationer
570 797 137 21 öfverhufvud
722 797 58 20 skola
795 803 52 19 upp-

98 829 32 19 stå
152 827 32 21 för
199 824 131 24 Österbotten
346 828 37 20 och
399 827 110 27 sydvestra
524 827 90 21 Finland
633 827 47 20 med
695 827 99 21 Savolaks
809 827 38 19 och

97 858 98 25 Karelen;
211 858 106 20 mellersta
332 858 88 19 Finland
436 858 44 20 åter
496 858 46 19 med
558 858 116 25 Jyväskylä
685 864 41 13 som
738 857 109 20 centralort

98 891 24 16 är
137 888 43 19 helt
195 887 38 20 och
247 888 64 19 hållet
325 888 98 19 uteslutet
438 887 46 20 från
499 888 125 20 förbindelse
634 888 46 19 med
685 888 162 25 jernvägsnätet.

98 914 130 23 Österbotten
251 917 38 20 och
309 918 109 25 sydvestra
437 918 89 19 Finland
547 920 35 17 äro
598 917 113 20 emellertid
725 916 76 20 härdar
816 916 31 20 för

97 947 108 20 industriel
219 947 138 25 verksamhet;
373 947 81 20 landets
470 947 113 20 förnämsta
598 947 136 20 industristad
745 947 102 19 Tammer-

97 977 42 19 fors
161 980 23 16 är
206 977 87 25 belägen
316 977 8 19 i
346 977 110 26 sydvestra
479 977 90 19 Finland
590 978 38 19 och
644 977 82 26 mycket
741 983 49 13 vore
804 976 43 19 helt

97 1007 70 19 säkert
181 1006 7 20 i
203 1006 96 20 afseende
314 1008 12 18 &
341 1007 80 19 landets
437 1007 132 20 ekonomiska
584 1007 120 25 utveckling
714 1008 32 18 att
753 1006 94 20 förvänta

97 1036 23 20 af
132 1036 60 20 dessa
207 1036 130 20 landsdelars
351 1037 93 21 intimare
459 1037 96 25 förening
570 1036 46 20 med
627 1037 99 20 Savolaks
734 1036 37 20 och
782 1036 65 19 Kare-

96 1066 39 20 len.
165 1066 63 20 Hvad
247 1066 157 26 ifrågavarande
424 1066 98 26 jernvägs
546 1066 106 26 betydelse
675 1066 32 20 för
722 1066 40 20 den
778 1065 33 20 del
827 1064 21 20 af

97 1096 74 25 landet,
187 1096 62 20 hvars
265 1096 122 20 förbindelse
403 1096 46 20 med
465 1096 35 20 det
516 1096 66 26 öfriga
590 1096 158 26 jernvägsnätet
758 1095 31 20 till
795 1095 52 20 först

98 1126 65 24 skulle
178 1126 80 20 komma
273 1126 8 19 i
295 1126 64 26 fråga,
374 1126 104 26 beträffar,
494 1127 24 19 sä
533 1126 99 26 förtjenar
648 1126 89 26 följande
748 1128 31 17 att
786 1125 60 19 fram-

97 1156 72 20 hällas:
180 1156 116 26 Jyväskylä
304 1156 46 20 stad
357 1159 23 16 är
387 1156 33 19 till
427 1156 33 20 sin
467 1156 120 26 folkmängd
596 1156 42 20 lika
646 1159 44 17 stor
698 1162 42 14 som
748 1156 99 23 Joensuu,

97 1186 83 20 hvilken
191 1185 66 20 bildar
269 1186 133 26 ändpunkten
409 1186 32 20 för
449 1186 41 20 den
498 1186 104 20 Karelska
610 1186 74 25 banan,
693 1188 52 18 samt
754 1184 22 21 af
782 1185 65 20 Wasa

96 1216 46 19 läns
152 1216 75 25 städer,
237 1218 47 17 näst
295 1216 70 24 Wasa,
376 1215 40 20 den
427 1218 83 23 största,
524 1216 65 19 ehuru
603 1216 40 19 den
656 1218 81 23 yngsta;
752 1217 29 17 ett
797 1214 51 26 godt

97 1245 79 20 vitsord
182 1245 32 20 för
222 1248 31 17 att
260 1246 73 19 staden
338 1246 37 19 har
383 1245 126 26 betingelser
516 1245 32 20 för
556 1252 26 13 en
590 1246 49 19 rask
646 1245 111 25 förkofran,
762 1244 85 20 hvilken

98 1275 59 20 äfven
180 1275 105 20 bekräftas
308 1275 59 20 deraf
387 1277 30 17 att
441 1275 109 20 derstädes
573 1275 88 20 förutom
684 1275 84 20 stadens
791 1280 56 19 spar-

98 1305 60 26 bank,
181 1305 85 20 hvilken
282 1305 61 20 äfven
365 1304 40 20 den
425 1305 106 20 bedrifver
552 1312 25 12 en
598 1305 94 25 ansenlig
707 1303 140 24 vexelrörelse,

97 1341 84 19 operera
204 1337 31 17 tre
260 1335 134 20 bankkontor:
417 1334 101 20 Finlands
544 1335 72 25 banks,
640 1333 208 27 Föreningsbankens

98 1364 37 20 och
157 1364 103 20 Nordiska
283 1364 152 20 aktiebankens.
463 1364 158 26 Folkmängden
644 1364 31 20 uti
696 1364 151 20 landskommu-

97 1400 64 14 nerna
178 1394 7 20 i
207 1394 60 20 dessa
288 1394 79 20 trakter
384 1394 39 20 har
441 1394 67 20 under
532 1396 81 18 senaste
636 1394 107 20 ärtionden
766 1393 82 19 tillväxt

97 1424 102 25 ansenligt
213 1424 104 25 hastigare
333 1426 26 17 än
373 1423 31 20 uti
419 1424 27 19 de
460 1423 61 21 flesta
536 1424 57 20 delar
606 1424 23 19 af
638 1423 70 20 landet
722 1424 38 19 och
771 1422 75 20 medel-

167 1463 174 24 Jernvägsutskottets
353 1464 108 18 betänkande
473 1463 35 19 N:o
520 1464 16 18 1.
