1064 1659
267 107 14 21 4
377 105 84 23 Ständ.
476 106 53 22 Pet.
545 119 29 3 —
589 106 172 23 Petitionsbet.
777 106 44 23 N:o
838 107 21 21 1.

237 172 92 21 kommit
346 172 7 21 i
369 172 152 26 betraktande,
537 174 33 19 att
592 173 42 21 den
655 173 112 21 allaredan
789 174 49 20 med
859 173 76 21 arbete
953 172 37 22 be-

237 208 64 26 lagda
324 208 176 27 Björneborgska
523 208 72 21 banan
619 210 25 19 är
667 209 70 26 egnad
759 210 33 19 att
812 208 8 21 i
840 209 83 27 ganska
944 212 46 18 stor

238 243 131 27 omfattning
390 243 118 27 tillgodose
529 244 132 26 landskapet
679 244 132 21 Satakuntas
828 244 67 21 behof
909 244 24 21 af
947 244 42 21 för-

237 279 102 21 bättrade
354 279 221 22 kommunikationer.
597 279 34 21 En
645 279 91 28 jernväg
752 279 34 21 till
802 279 85 22 Raumo
903 280 86 21 komme

237 314 35 21 till
288 314 54 27 följd
359 314 64 22 häraf
436 317 34 19 att
486 314 66 22 blifva
569 314 24 21 af
607 315 158 27 öfvervägande
781 315 59 21 lokal
857 315 117 27 betydelse.

308 350 42 21 Vid
377 351 78 20 sådant
481 350 136 21 förhållande
649 351 40 21 och
715 351 28 21 då
767 352 84 20 statens
873 351 117 27 tillgångar

237 385 68 21 hellre
321 385 68 22 borde
405 386 88 21 komma
509 386 34 21 till
559 386 140 27 användning
714 386 34 21 för
760 387 229 27 jernvägsanläggnin-

237 427 40 20 gar
292 421 7 21 i
315 422 69 21 andra
404 422 61 21 delar
480 422 23 21 af
517 422 82 26 landet,
615 428 47 15 som
679 423 49 20 med
745 421 102 22 afseende
864 423 13 20 å
892 423 97 21 kommu-

237 456 124 22 nikationer
381 459 38 19 äro
441 457 62 27 långt
523 463 60 15 mera
604 457 159 27 tillbakasatta,
782 457 65 22 hafva
869 457 121 22 Ständerna

238 494 73 19 ansett
332 492 34 27 sig
387 493 48 21 icke
456 493 74 20 kunna
545 493 112 26 tillstyrka
672 493 85 21 Raumo
773 493 84 22 banans
873 493 115 22 utförande

237 529 28 25 på
281 529 144 20 statsverkets
440 528 129 21 bekostnad.

307 563 73 28 Något
401 564 136 21 annorlunda
557 564 76 21 ställer
652 565 33 26 sig
701 565 99 20 deremot
815 565 83 26 frågan,
915 565 74 21 derest

237 600 83 21 statens
337 600 131 21 medverkan
485 600 32 21 för
533 599 82 22 banans
631 600 194 21 åstadkommande
840 601 44 20 kan
898 600 90 27 begrän-

237 641 36 15 sas
288 635 35 21 till
339 637 32 20 ett
389 635 98 27 måttligt
507 635 82 26 bidrag,
607 636 39 21 och
663 637 70 20 större
751 636 62 21 delen
829 636 24 21 af
867 636 120 21 kostoaden

236 671 29 26 på
290 673 68 19 annat
384 673 45 19 sätt
451 671 139 26 hopbringas.
622 671 122 21 Ständerna
768 671 22 21 få
814 671 117 26 anledning
956 673 33 19 att

237 706 74 27 längre
334 707 55 20 fram
413 707 127 26 utförligare
564 707 115 21 framhålla
700 707 45 26 det,
765 707 68 26 enligt
854 707 133 21 Ständernas

236 742 63 26 åsigt,
311 742 138 27 synnerligen
461 743 121 20 önskvärda
594 741 53 28 deri,
665 744 33 19 att
714 742 86 27 privata
815 743 68 20 banor
895 743 6 20 i
913 743 74 21 landet

237 778 108 25 uppstode
371 777 40 22 och
437 779 34 20 att
497 778 138 25 statsverket,
659 777 34 22 för
719 778 172 27 möjliggörande
918 777 69 28 häraf,

237 813 71 21 skulle
324 813 72 21 lemna
412 813 73 27 dylika
501 813 84 27 företag
601 813 140 27 erforderligt
757 813 126 22 understöd.
908 813 34 22 Då
957 819 30 15 nu

236 848 84 21 Raumo
341 849 49 20 stad
406 849 97 21 beslutat
519 849 73 21 ikläda
608 849 33 26 sig
656 849 124 27 betydande
797 849 148 26 uppoffringar
959 850 29 25 på

236 884 37 21 det
292 886 33 19 att
341 884 126 21 utförandet
483 885 24 20 af
521 891 25 14 en
563 885 56 20 bana
635 885 34 20 till
685 885 96 20 nämnda
797 885 48 20 stad
863 885 34 20 må
913 885 74 20 kunna

235 926 78 20 genom
330 920 97 21 enskildt
442 920 64 26 bolag
522 919 148 28 förverkligas,
682 926 63 21 synes
757 920 114 27 möjlighet
882 920 105 27 föreligga

235 956 34 19 att
285 955 60 21 detta
359 955 187 27 jernvägsföretag
561 957 28 25 på
605 956 78 20 sådant
699 957 46 20 sätt
761 955 32 22 fås
809 955 35 21 till
859 956 69 25 stånd,
940 955 46 21 ifall

235 990 120 21 understöd
377 991 90 27 beviljas
489 991 120 21 detsamma
631 990 62 22 äfven
714 991 25 21 af
759 991 133 21 statsmedel.
923 990 64 22 Stän-

237 1025 66 22 derna
322 1026 65 21 hafva
404 1027 47 20 med
469 1027 101 20 afseende
586 1026 53 21 härå
655 1026 74 21 funnit
745 1026 33 25 sig
795 1026 52 21 böra
862 1026 40 21 hos
918 1026 68 21 Eders

235 1061 125 27 Kejserliga
380 1062 103 27 Majestät
499 1062 7 21 i
522 1061 173 27 underdånighet
717 1061 96 27 anhålla,
832 1063 34 19 att
881 1061 106 27 ifrågava-

235 1097 68 21 rande
323 1097 86 27 företag
428 1099 75 25 måtte,
522 1098 69 20 under
612 1097 91 21 anförda
725 1096 165 27 förutsättning,
909 1103 76 20 genom

235 1131 92 28 lämplig
343 1132 130 22 subvention
489 1133 158 26 understödjas.

305 1238 94 22 Jemlikt
419 1241 86 19 senaste
526 1238 109 28 Ständers,
655 1238 23 21 af
691 1239 72 21 Eders
779 1237 124 27 Kejserliga
918 1238 68 27 Maje-

235 1275 44 19 stät
295 1273 118 22 faststälda
428 1274 72 21 beslut
515 1274 99 21 kommer
629 1274 115 27 samtidigt
761 1274 49 21 med
827 1274 41 21 den
879 1273 108 21 Karelska

233 1309 168 22 hufvudbanans
418 1309 112 27 byggande
546 1311 33 20 att
592 1310 84 21 utföras
687 1316 26 15 en
726 1309 80 21 bibana
816 1308 96 22 derifrån
924 1309 62 25 längs

233 1344 122 22 Wuoksens
375 1345 66 21 elfdal
463 1345 34 21 till
515 1345 82 21 Imatra
613 1345 122 22 vattenfall.
767 1344 59 21 Ifrån
843 1344 142 26 slutpunkten

233 1379 25 21 af
272 1380 71 21 denna
358 1380 80 21 bibana
454 1381 93 21 äterstär
563 1382 58 20 ännu
637 1386 26 16 en
680 1380 89 21 sträcka
785 1380 23 20 af
823 1380 31 26 6,3
871 1379 116 22 kilometer
