1056 1670
309 107 225 23 Petitionsbetänkande
550 108 34 22 N:o
600 106 14 22 1.
778 106 28 22 95

230 167 102 28 Majestät
347 166 124 28 anbefallda
486 166 193 28 undersökningen
695 166 29 28 af
736 173 26 15 en
773 166 63 28 jern-

228 202 104 29 vägslinie
348 202 92 22 emellan
450 203 104 21 städerna
573 202 86 22 Torneå
674 202 38 21 och
732 201 104 29 Uleåborg

228 238 92 22 kommer
341 240 33 20 att
391 238 130 22 verkställas
541 238 73 22 innan
637 239 67 20 nästa
728 237 109 28 landtdag,

228 274 50 22 ville
297 275 37 21 hos
354 274 66 22 Hans
440 274 125 28 Kejserliga
585 274 105 28 Majestät
705 274 9 21 i
730 274 107 22 underdå-

230 310 74 28 nighet
318 310 92 22 anhålla
425 312 32 20 att
472 310 68 28 nådig
552 310 137 28 proposition
700 317 33 14 om
743 310 94 27 byggan-

230 346 34 22 det
283 346 28 27 af
322 346 96 28 jernväg
439 346 81 22 mellan
538 346 98 22 nämnda
657 346 73 21 städer
745 346 9 21 i
769 345 69 21 sinom

231 382 32 21 tid
278 382 64 27 blefve
357 382 126 22 Ständerna
492 382 110 28 förelagd.

451 491 23 17 4.

160 532 33 21 En
213 531 57 22 bana
290 532 60 27 längs
371 532 65 22 Kemi
456 531 67 22 elfdal
539 531 94 23 emellan
649 530 64 23 Kemi
731 531 49 21 stad
799 530 39 22 och

90 568 127 22 Rovaniemi
237 568 96 26 kyrkoby
353 568 43 21 kan
417 568 179 27 uppenbarligen,
618 568 72 20 såsom
709 566 81 28 jemväl
815 566 26 21 de

90 603 70 22 första
182 604 68 21 orden
273 603 7 21 i
302 603 245 27 petitionsmemorialet
571 604 87 26 antyda,
683 602 158 28 ifrågakomma

91 639 39 21 och
146 639 99 21 försvara
260 639 33 21 sin
308 639 65 27 plats,
390 639 78 21 endast
484 645 34 15 om
536 639 126 21 densamma
672 638 76 22 vinner
758 637 84 22 anslut-

90 675 53 27 ning
158 674 34 22 till
208 681 26 15 en
251 675 6 21 i
274 674 141 28 fortsättning
430 674 23 22 af
468 675 121 27 Uleåborgs
604 674 72 22 banan
691 674 72 28 byggd
782 674 59 20 kust-

89 711 97 27 jernväg,
208 710 88 22 hvartill
317 711 41 21 den
378 711 71 21 skulle
464 711 89 21 komma
569 712 33 20 att
617 712 65 26 utgör
698 716 34 21 en,
749 716 35 16 om
801 709 41 22 ock

91 747 83 26 ganska
194 747 50 26 lång
264 746 85 22 bibana.
380 747 34 21 Då
434 746 124 22 emellertid
579 749 58 19 ännu
653 746 50 22 med
719 746 41 22 alls
776 746 66 26 ingen

92 782 102 22 säkerhet
212 782 44 22 kan
271 782 93 22 förutses
380 784 40 20 när
435 782 163 28 hufvudbanan,
614 783 42 21 den
673 782 93 22 emellan
777 781 66 21 Uleå-

91 818 55 27 borg
166 818 40 21 och
224 818 91 27 Torneå,
331 819 99 20 kommer
445 820 34 19 att
494 818 68 21 blifva
576 818 82 27 utförd,
675 824 64 20 synes
756 818 37 21 det
809 818 34 20 ut-

93 853 84 22 skottet
197 859 52 16 vara
264 853 34 22 för
312 853 66 27 tidigt
394 855 33 20 att
443 853 89 28 vidtaga
547 855 69 26 några
631 859 38 16 ens
685 852 158 23 förberedande

92 891 102 26 åtgärder
215 891 49 20 med
284 890 102 22 afseende
406 891 13 20 &
439 890 104 27 bibanan,
564 891 64 20 hvars
644 890 116 27 byggande
776 889 69 26 enligt

93 926 119 22 utskottets
232 927 67 20 tanke
320 927 111 21 dessutom
452 926 8 21 i
479 927 66 26 ingen
566 926 104 22 händelse
690 927 44 20 kan
755 926 90 21 komma

92 961 71 27 ifråga
183 961 135 22 omedelbart
338 962 56 22 efter
412 962 86 22 Torneå
513 962 83 21 banans
613 961 158 22 fullbordande.
803 961 41 21 Om

93 999 28 19 än
142 997 62 21 Kemi
226 997 65 21 elfdal
310 997 116 27 onekligen
442 997 86 27 intager
544 999 32 20 ett
591 997 89 21 relativt
696 996 148 22 framstående

93 1039 48 15 rum
157 1032 56 22 hvad
229 1032 74 28 odling
318 1034 39 21 och
373 1033 127 27 folkmängd
516 1033 142 26 vidkommer,
674 1034 57 20 samt
751 1031 93 22 trafiken

94 1068 112 22 derstädes
227 1069 125 27 isynnerhet
372 1069 69 21 under
461 1069 59 21 vissa
540 1068 58 22 tider
618 1069 24 21 af
655 1070 48 20 året
718 1070 25 20 är
759 1068 85 27 ganska

92 1103 62 28 liflig,
174 1104 70 22 finnas
265 1105 56 21 dock
340 1111 30 15 nu
391 1105 40 21 och
447 1104 112 22 sannolikt
575 1104 63 22 äfven
654 1105 70 21 under
740 1110 26 16 en
783 1104 20 26 ej
820 1105 25 20 så

93 1140 91 22 alldeles
199 1140 51 22 kort
265 1140 95 28 tidrymd
376 1140 81 22 framåt
472 1141 70 21 andra
558 1140 61 22 delar
635 1140 23 22 af
672 1140 82 26 landet,
770 1139 75 21 hvilka

93 1175 37 22 vid
152 1176 127 22 utförandet
300 1176 24 22 af
341 1182 42 21 nya
403 1177 115 27 jernvägar
538 1176 53 22 böra
615 1176 158 27 ifrågakomma
796 1175 50 21 med

93 1211 51 21 vida
152 1213 70 20 större
230 1212 37 27 fog
277 1214 28 19 än
316 1212 70 21 denna
394 1212 100 27 nordliga
504 1212 108 27 landsdel,
620 1212 65 21 hvars
693 1210 152 23 kommunika-

93 1246 217 28 tionsförhällanden,
326 1250 40 19 när
381 1247 236 28 Uleåborgs—Torneå&
632 1247 73 22 banan
716 1248 85 26 engång
811 1247 35 20 ut-

94 1282 65 29 föres,
167 1283 67 21 redan
242 1283 126 27 härigenom
376 1282 68 22 blifva
451 1283 49 22 icke
511 1284 25 20 så
547 1283 147 27 oväsendtligt
703 1281 143 23 förbättrade.

166 1318 114 23 Utskottet
295 1319 33 22 får
343 1320 29 26 på
387 1319 68 21 sådan
471 1319 72 27 grund
558 1319 112 21 vördsamt
685 1318 89 22 föreslå:

309 1373 32 21 att
361 1371 153 28 förevarande
539 1371 218 28 petitionsmemorial
782 1371 65 21 måtte

236 1408 29 27 af
277 1407 125 22 Ständerna
418 1407 84 22 lemnas
518 1409 56 20 utan
588 1407 109 28 afseende.

166 1461 176 23 Jernvägsutskottets
354 1460 109 18 betänkande
475 1460 37 19 N:o
526 1461 15 17 1.
