1064 1656
286 128 234 24 Petitionsbetänkande
537 129 38 22 N:o
591 128 22 22 4.
792 130 12 19 3

75 192 48 19 eller
145 198 25 13 en
188 192 19 19 af
221 192 46 24 inga
282 192 53 19 reala
349 192 59 19 behof
422 192 92 25 påkallad
529 192 62 19 likhet
605 192 7 19 i
627 192 156 21 accisväsendet,
798 192 38 20 och

75 222 30 18 att
120 221 34 19 det
169 220 80 20 oaktadt
263 220 116 26 ytterligare
394 220 114 20 underlätta
519 220 39 20 den
569 220 120 26 ömsesidiga
699 220 137 26 afsättningen

75 249 20 19 af
112 249 104 19 inhemska
235 249 109 25 produkter
368 249 104 19 äfvensom
494 249 115 25 ytterligare
632 249 88 19 förenkla
740 249 39 19 den
794 251 41 17 öm-

77 277 86 25 sesidiga
179 277 167 19 varukontrollen.
377 277 38 19 Vid
430 279 30 17 ett
476 277 72 19 sådant
562 277 110 19 förfarande
687 277 36 19 har
737 284 47 12 man
799 277 37 20 full

76 306 79 19 visshet
169 306 67 19 derom
252 307 29 17 att
297 306 23 19 de
335 306 61 19 redan
412 306 76 24 ganska
503 306 102 24 betydliga
620 306 216 19 affärsförbindelserna

75 334 121 20 fortfarande
211 334 56 20 skola
277 334 88 24 tillväxa,
380 334 72 19 medan
468 334 88 20 deremot
571 340 25 13 en
611 334 82 25 plötslig
708 334 128 25 omkastning

76 362 30 20 till
124 369 25 13 en
168 369 28 18 ny
217 362 61 26 regim
293 362 39 20 kan
348 362 44 20 leda
407 362 30 20 till
452 364 30 18 ett
496 364 84 18 motsatt
594 363 86 19 resultat
695 362 37 20 och
746 363 7 19 i
768 362 68 26 hvarje

77 391 38 24 fall,
135 391 30 20 för
183 397 25 13 en
223 391 47 24 läng
285 391 29 19 tid
329 391 77 21 framät,
422 391 65 20 skulle
501 392 63 18 rubba
579 391 235 24 näringsverksamheten
829 391 7 19 i

76 419 84 20 Finland
175 419 26 25 pä
215 420 30 19 ett
259 419 37 24 vis,
311 425 44 14 som
371 419 65 20 skulle
452 419 84 25 menligt
550 419 105 20 äterverka
669 419 59 20 äfven
736 419 27 26 pä
770 419 64 25 Ryss-

75 447 59 20 lands
149 448 73 19 handel
237 447 44 20 med
298 447 44 20 värt
357 448 52 19 land.

144 477 39 19 Det
207 482 62 19 synes
292 482 34 13 oss
343 483 46 12 vara
413 476 20 19 af
458 477 174 24 nödvändigheten
650 476 130 19 förestafvadt
800 477 30 18 att

77 504 110 20 Ständerna
202 505 88 24 begagna
305 505 32 19 sin
352 505 137 25 petitionsrätt
509 505 29 19 för
558 507 30 17 att
603 505 36 19 hos
655 504 55 19 Hans
726 505 109 24 Kejserliga

76 533 93 25 Majestät
187 533 76 19 anmäla
281 533 79 20 landets
375 533 101 20 intressen
492 533 37 20 och
544 533 123 25 önskningar
681 533 46 19 med
742 533 92 20 afseende

76 561 11 19 å
111 562 60 19 ofvan
196 562 81 19 berörda
296 562 153 24 betydelsefulla
469 561 71 26 frågor,
560 562 38 19 och
619 562 60 24 jämte
699 561 33 20 det
748 561 20 20 vi
784 561 50 25 våga

75 592 77 17 emotse
167 592 29 18 att
211 590 91 19 ärendets
317 590 109 25 beredning
440 590 7 19 i
462 591 80 18 utskott
557 590 50 19 skall
622 591 44 18 leda
681 590 30 19 till
726 596 26 13 en
767 590 67 19 sakrik

76 619 37 18 och
135 619 87 25 objektiv
244 619 108 24 belysning
370 619 20 18 af
404 619 54 18 hvad
474 619 18 18 vi
508 619 36 18 här
559 620 49 17 trott
630 625 34 12 oss
680 619 46 19 böra
740 619 72 19 endast
826 618 8 19 i

75 647 80 20 korthet
169 647 81 25 antyda,
265 647 19 19 få
300 647 18 19 vi
335 647 101 19 vördsamt
452 647 71 20 föreslå

281 706 27 17 att
331 704 136 24 Ridderskapet
486 704 34 19 och
534 703 62 20 Adeln
606 703 43 20 ville
659 703 63 25 jämte
736 703 98 20 medstän-

213 733 36 18 den
271 732 46 25 ingå
339 732 29 19 till
389 732 57 19 Hans
466 732 108 25 Kejserliga
598 732 89 25 Majestät
701 732 44 19 med
759 738 23 13 en
796 737 38 14 un-

215 761 105 24 derdåning
338 761 83 24 petition
444 761 8 18 i
473 761 29 19 det
516 761 54 24 syfte,
588 760 44 19 vårt
650 760 102 19 memorial
765 760 9 19 i
788 759 46 26 huf-

213 789 72 19 vudsak
300 789 32 19 vid
347 789 76 19 handen
437 789 67 25 gifver.

142 834 131 25 Helsingfors,
289 835 38 19 den
343 835 13 19 4
371 835 93 19 Februari
482 834 60 20 1891.

163 889 23 23 A.
202 889 154 29 Björkenheim.
544 890 50 22 Axel
612 889 150 23 Cedercreutz.

163 928 42 24 Nils
222 929 124 23 Grotenfelt.
538 929 16 23 J.
571 928 23 24 af
610 928 103 24 Lindfors.

194 1033 58 19 Till
268 1033 170 25 Vällofliga
453 1033 263 25 Borgareständet.

143 1090 39 19 Det
199 1090 128 19 ekonomiska
346 1090 76 20 arbetet
437 1090 6 19 i
459 1090 45 19 värt
523 1090 47 19 land
584 1090 36 18 har
635 1090 64 18 under
714 1090 24 19 de
753 1090 81 18 senaste

75 1118 117 20 ärtiondena
206 1118 83 25 fortgätt
304 1118 130 25 synnerligen
449 1120 102 23 gynsamt.
580 1118 104 24 Jordbruk,
699 1118 87 19 industri
797 1118 37 19 och

74 1147 73 19 handel
165 1147 59 19 hafva
242 1147 75 25 hastigt
337 1147 119 19 utvecklats.
488 1146 41 20 Och
544 1146 105 20 resultatet
664 1146 19 19 af
698 1146 65 20 denna
777 1146 56 24 lyck-

75 1175 40 25 liga
126 1175 116 25 utveckling
256 1175 35 19 har
307 1176 53 18 visat
376 1176 30 24 sig
422 1175 30 19 uti
465 1176 30 18 ett
503 1175 125 25 väsentligen
639 1175 89 25 stegradt
740 1174 94 20 välständ

76 1204 37 19 och
127 1205 30 18 ett
172 1204 49 24 godt
235 1204 116 24 finansläge.

145 1231 110 20 Orsakerna
273 1232 29 19 till
323 1232 24 19 de
365 1232 101 25 framsteg,
490 1238 43 13 som
548 1232 69 24 gjorts,
632 1231 20 19 fä
667 1232 57 19 sökas
739 1232 7 18 i
761 1230 73 26 mänga

76 1260 143 20 samvärkande
239 1260 141 20 förhällanden.
410 1260 78 20 Landet
506 1261 36 18 har
560 1260 34 19 tvä
612 1260 105 19 decennier
731 1260 52 19 varit
798 1261 35 17 nä-

76 1290 46 18 stan
137 1289 116 19 förskonadt
270 1288 44 20 frän
330 1290 108 23 missväxt;
456 1289 25 19 de
497 1289 80 23 skatter,
593 1294 43 14 som
651 1288 53 25 legat
718 1287 116 25 förborgade

75 1317 5 19 i
96 1317 49 19 våra
165 1317 121 19 vidsträckta
302 1317 77 25 skogar,
394 1317 60 19 hafva
469 1318 64 18 bättre
548 1319 25 17 än
588 1317 97 19 tillförene
700 1317 78 19 kunnat
794 1315 39 20 till-

75 1345 120 25 godogöras;
224 1346 118 19 förbättrade
369 1345 287 25 kommunikationsanstalter,
678 1345 115 25 byggandet
814 1344 20 19 af

73 1373 106 25 järnvägar
200 1374 37 19 och
255 1374 114 24 öppnandet
384 1374 19 18 af
417 1380 42 18 nya
474 1373 144 25 ängbätslinier
638 1374 59 18 hafva
712 1373 122 19 underlättat

75 1402 131 19 samfärdseln
227 1402 54 19 inom
301 1402 68 19 landet
390 1402 37 19 och
447 1402 48 19 med
512 1402 96 19 utlandet.
637 1401 147 25 Näringsfrihet
798 1400 36 19 har

74 1429 65 20 blifvit
162 1430 64 19 införd
245 1430 37 19 och
301 1430 238 25 näringsvärksamheten
554 1430 58 19 äfven
627 1430 29 19 för
671 1429 59 25 öfrigt
744 1428 89 25 främjats

145 1467 139 18 Statsutskottets
297 1468 110 18 betänkande
419 1474 33 11 n:o
465 1469 18 16 2.
