1067 1661
269 131 243 22 Petitionsbetänkande
528 131 36 22 N:o
579 130 30 23 15.
792 132 26 21 13

88 200 191 27 öfveransträngas
301 199 111 26 flickorna,
432 207 35 14 om
483 201 47 20 åter
545 201 51 20 med
611 200 84 28 hänsyn
711 200 33 21 till
759 199 87 22 flickor-

88 241 45 18 nas,
154 234 108 28 fördröjes
284 241 115 20 gossarnas
419 234 130 27 utveckling,
569 235 29 21 då
613 235 64 21 dessa
692 234 69 21 skulle
777 234 70 21 förmå

88 269 94 21 uthärda
203 269 69 20 större
292 269 188 27 ansträngningar.
513 269 128 27 Isynnerhet
663 269 80 20 mellan
764 269 26 21 13
806 268 40 21 och

89 303 25 21 17
130 303 47 21 året
197 302 108 28 försiggår
324 302 89 22 flickans
433 302 126 28 kroppsliga
582 302 124 28 utveckling
721 303 24 21 så
761 302 84 27 snabbt,

88 339 33 19 att
136 338 88 20 svårare
240 336 89 28 andliga
348 337 185 27 ansträngningar
552 338 70 20 under
637 338 72 20 denna
725 337 32 21 tid
772 337 75 21 kunna

89 371 99 22 medföra
203 371 140 28 olycksdigra
359 371 78 28 följder
454 372 33 21 för
502 371 49 22 hela
566 371 83 22 hennes
660 372 137 21 återstående
808 370 39 23 lef-

89 407 49 20 nad.
170 406 46 21 Den
237 405 135 28 noggranhet
393 405 40 22 och
453 406 38 21 det
508 406 31 21 nit
555 405 103 22 hvarmed
674 405 105 22 flickorna
794 413 52 14 van-

87 441 59 27 ligen
170 440 84 22 sträfva
271 443 32 18 att
319 440 93 27 fullgöra
431 440 48 21 sina
494 440 146 28 skyldigheter
655 440 7 21 i
677 440 77 21 skolan
769 439 77 22 verkar

88 476 111 20 dessutom
214 477 33 19 att
262 475 34 26 de,
317 475 79 21 ställda
411 475 7 20 i
437 475 67 21 bredd
523 475 49 20 med
587 481 112 20 gossarna,
715 474 32 21 till
763 475 35 20 det
812 476 34 26 yt-

88 511 68 19 tersta
172 510 120 26 anstränga
307 509 48 21 sina
373 509 83 22 krafter
476 509 33 21 för
525 512 32 18 att
572 510 45 20 lösa
633 509 112 27 förelagda
759 508 87 28 uppgif-

88 545 33 19 ter
136 543 40 21 och
193 543 110 21 måhända
318 543 41 21 har
373 550 49 14 man
439 545 32 19 att
485 544 46 27 just
546 543 49 21 häri
608 543 53 21 söka
671 543 100 25 orsaken,
782 543 64 21 hvar-

88 577 45 22 före
147 585 51 14 man
209 578 8 20 i
229 578 112 26 Amerika,
358 578 39 21 där
409 577 124 22 samskolan
549 578 25 21 är
584 577 124 27 omhuldad,
720 578 24 20 så
754 577 92 21 allmänt

88 612 77 27 klagar
180 612 60 21 öfver
255 612 94 21 förstörd
364 612 61 22 helsa
439 612 40 22 hos
489 613 128 27 qvinnorna.
650 612 109 21 Utskottet
770 612 76 27 vädjar

88 646 126 28 visserligen
223 646 32 22 till
264 647 27 21 de
299 653 126 21 gynsamma
433 647 153 26 erfarenheter,
595 646 33 22 till
637 646 72 22 hvilka
717 654 50 14 man
776 646 70 21 skulle

90 681 65 22 hafva
177 681 91 21 kommit
283 681 8 21 i
305 682 48 20 vårt
368 681 63 21 lands
446 681 127 22 samskolor.
613 681 45 21 Och
673 680 66 22 likväl
755 681 40 21 har
809 681 37 21 det

88 715 73 22 äldsta
176 716 25 21 af
214 716 169 27 ifrågavarande
399 716 100 22 läroverk
511 717 60 20 ännu
587 716 18 27 ej
623 715 6 21 i
645 715 49 21 fullt
709 716 48 20 åtta
771 716 24 20 år
811 717 35 24 egt

94 750 92 22 bestånd
201 750 41 21 och
257 750 55 22 blott
328 757 26 15 en
370 751 57 21 enda
441 751 58 27 gång
516 751 64 21 sändt
596 750 71 22 elever
677 750 33 21 till
720 750 127 22 universite-

92 784 40 22 tet!
164 784 41 22 Om
223 784 88 22 skolans
329 784 86 28 uppgift
433 785 19 27 ej
472 786 25 20 är
515 785 54 21 blott
589 787 33 19 att
643 784 113 22 förbereda
770 784 33 21 till
820 790 26 15 en

89 825 45 15 mer
150 819 52 21 eller
217 819 84 21 mindre
316 819 77 27 lyckad
409 820 186 25 studentexamen,
611 821 53 19 utan
681 819 33 21 för
723 818 67 27 lifvet,
801 818 43 21 kan

92 860 50 14 man
158 854 139 26 naturligtvis
312 853 45 22 tala
372 860 34 15 om
422 854 123 21 erfarenhet
560 854 54 21 först
630 854 34 26 då,
680 854 39 20 när
735 854 40 20 den
793 859 53 21 ung-

92 888 56 25 dom,
165 894 47 15 som
228 888 78 21 danats
321 888 8 21 i
345 889 70 21 denna
431 895 42 21 nya
489 888 68 26 skola,
573 888 81 22 bestått
669 888 7 21 i
691 888 72 22 lifvets
777 887 69 21 hårda

91 922 64 21 strid!
181 922 64 22 Först
260 923 29 21 då
303 923 41 21 kan
362 924 37 20 det
414 922 28 22 bli
457 923 32 21 tal
505 930 34 14 om
554 925 33 19 att
603 930 50 14 man
669 922 38 22 hos
723 929 33 15 oss
770 922 76 22 vunnit

91 956 149 22 erfararenhet
254 964 35 14 om
305 958 135 30 samskolans
455 958 87 21 verkan.

158 991 128 22 Oberoende
309 992 24 21 af
351 993 63 21 dessa
429 994 65 26 yttre,
509 992 82 28 fysiska
606 992 95 25 orsaker,
717 991 46 21 tala
777 991 70 21 andra

91 1025 138 28 principiella
251 1026 48 22 skäl
321 1030 58 18 emot
397 1026 74 22 saken.
510 1027 106 21 Mannens
631 1026 40 21 och
687 1026 108 27 qvinnans
811 1025 37 21 be-

92 1060 123 21 stämmelse
238 1062 24 20 är
285 1060 139 22 tvifvelsutan
443 1061 64 21 olika.
539 1061 106 21 Mannens
660 1059 188 23 verksamhetsfält

92 1095 24 20 är
132 1094 7 21 i
155 1094 94 22 främsta
264 1098 93 18 rummet
371 1095 88 21 utanför
474 1096 94 21 hemmet
583 1096 7 20 i
605 1094 119 26 samhället,
741 1094 107 27 qvinnans

94 1129 98 21 däremot
215 1129 122 28 egentligen
361 1129 58 22 inom
437 1129 106 22 hemmets
563 1136 53 22 egen
632 1129 63 22 krets.
725 1129 83 21 Sådant
823 1129 25 20 är

94 1162 204 29 öfverhufvudtaget
313 1163 152 27 förhållandet,
481 1164 40 21 och
537 1164 33 21 för
584 1165 42 20 den
643 1163 110 22 allmänna
768 1162 79 28 regeln,

92 1197 19 28 ej
136 1197 34 22 för
193 1198 171 28 undantagsfall,
386 1198 53 21 böra
455 1199 26 27 ju
501 1199 52 21 våra
567 1198 111 21 allmänna
693 1197 72 22 skolor
780 1197 69 20 inrät-

95 1233 40 20 tas.
166 1232 42 21 Om
230 1232 85 22 således
338 1239 105 14 mannens
465 1233 41 21 och
529 1233 107 27 qvinnans
656 1231 150 22 bestämmelse
825 1232 25 19 är

93 1265 65 28 olika,
182 1267 24 20 så
224 1266 54 22 böra
295 1266 66 22 också
376 1267 27 21 de
418 1267 79 26 skolor,
513 1267 8 21 i
537 1267 73 22 hvilka
625 1267 27 20 de
667 1266 134 28 uppfostras,
817 1265 33 21 för

92 1302 33 20 att
146 1308 52 14 vara
221 1301 188 29 ändamålsenliga
423 1308 53 15 vara
495 1302 24 21 så
534 1302 127 25 olikartade,
677 1304 32 18 att
725 1302 27 20 de
770 1300 80 21 bereda

93 1335 48 21 sina
157 1335 71 22 elever
243 1336 34 20 för
293 1336 35 21 det
344 1336 112 21 bestämda
472 1336 130 21 ändamålet.
633 1335 139 21 Flickskolan
788 1334 40 21 bör
843 1334 7 21 i

93 1369 91 22 främsta
210 1372 92 19 rummet
327 1370 99 27 bibringa
451 1370 48 21 sina
521 1370 71 21 elever
614 1370 83 21 sådana
718 1368 132 27 kunskaper,

92 1410 47 14 som
154 1403 34 22 för
203 1411 27 14 en
245 1404 116 21 husmoder
377 1405 37 20 äro
430 1405 138 26 nödvändiga
583 1403 40 22 och
634 1404 89 27 nyttiga,
734 1402 116 28 gosskolan

93 1437 134 22 tillkommer
247 1439 36 20 det
303 1441 34 18 att
359 1438 114 21 förbereda
493 1439 48 20 sina
558 1438 111 27 lärjungar
685 1437 33 22 för
733 1438 26 21 de
776 1437 74 26 banor,

163 1477 99 18 Allmänna
274 1478 175 18 Besvärsutskottets
461 1478 110 18 betänkande
584 1478 33 18 N:o
630 1478 24 17 11.
