1039 1661
242 123 12 19 2
356 121 83 23 Ständ.
455 122 53 22 Pet.
524 136 29 2 —
569 122 172 23 Petitionsbet.
756 122 53 23 N:o.
826 123 21 22 7.

212 186 32 22 tal
268 186 122 23 folkskolor
410 188 8 21 i
434 188 76 22 landet
526 190 56 20 samt
599 190 33 20 att
647 188 104 22 befordra
767 188 115 22 skolornas
898 188 65 22 ända-

212 222 130 28 målsenliga
358 223 133 22 dislokation
506 224 58 21 inom
581 224 164 22 kommunerna.

283 258 172 28 Granskningen
476 259 24 21 af
519 260 27 21 de
569 260 74 21 skilda
658 260 114 27 förslagen
787 260 8 21 i
811 260 79 21 sådant
905 260 59 27 syfte

211 293 41 22 har
275 293 39 22 hos
340 293 124 23 Ständerna
486 295 100 22 befästat
607 295 42 22 den
668 295 65 28 åsigt,
753 297 34 20 att
805 295 38 22 det
859 295 34 22 för
908 295 55 22 folk-

212 329 181 22 skoleväsendets
414 331 127 22 önskvärda
557 331 117 27 framgång
688 337 55 16 vore
758 331 137 28 nödvändigt
910 333 33 20 att
956 331 8 21 i

210 365 197 28 lagstiftningsväg
436 367 137 27 undanrödja
599 367 27 21 de
652 367 141 27 svårigheter
815 367 41 21 och
878 367 84 27 hinder,

211 407 46 15 som
280 401 111 22 härintills
415 402 45 21 ofta
480 403 108 26 uppstått,
605 403 28 20 då
651 403 38 21 det
705 403 48 27 gält
768 404 33 20 att
816 403 58 22 inom
890 403 72 21 lands-

210 437 102 22 kommun
327 437 60 22 bilda
403 437 92 22 afskildt
511 438 148 22 skoldistrikt.

282 473 94 22 Jemlikt
397 475 41 20 119
456 473 12 29 $
484 474 8 21 i
508 473 81 28 nädiga
604 473 158 28 förordningen
778 474 25 21 af
817 474 42 22 den
877 476 25 19 11
918 474 43 27 Maj

213 510 56 19 1866
293 509 114 27 angäende
430 509 150 27 organisation
597 509 24 22 af
634 509 220 23 folkskoleväsendet
867 510 94 21 tillkom-

210 550 47 16 mer
280 546 33 20 ett
336 545 55 21 eller
411 544 53 22 flere
485 545 81 27 byalag
586 545 114 22 äfvensom
717 545 102 22 enskilda
834 545 127 27 fastighets-

210 586 67 21 egare
300 580 136 27 rättigheten
458 582 33 19 att
508 580 60 22 bilda
584 583 51 25 eget
651 581 39 21 och
706 580 94 22 afskildt
815 581 146 21 skoldistrikt.

209 616 52 21 Men
284 616 28 20 dä
336 616 36 21 det
395 616 38 22 vid
453 616 170 28 tillämpningen
642 616 25 22 af
680 617 61 21 detta
756 617 122 27 stadgande
893 616 68 22 erfor-

210 651 61 21 drats
286 653 34 19 att
334 652 121 21 bestämma
471 651 178 23 skoldistriktets
665 652 108 27 ställning
780 652 36 22 till
824 652 137 27 kommunen,

209 687 40 21 har
266 687 71 21 denna
352 687 64 27 fråga
431 688 104 27 vanligen
551 688 100 26 pröfvats
668 688 71 27 enligt
755 689 12 19 6
784 688 10 28 &
808 688 7 21 i
826 688 81 27 nådiga
917 687 44 22 för-

208 722 123 27 ordningen
354 722 25 21 af
399 723 43 22 den
466 725 12 19 6
501 724 110 21 Februari
629 725 62 25 1865,
707 724 92 21 hvilken
815 724 146 21 tillerkänner

209 758 219 22 kommunalstämma
443 759 134 27 befogenhet
593 761 33 20 att
643 775 5 10 ,
649 759 42 26 till
703 759 171 27 öfverläggning
881 759 40 21 och
929 759 32 22 af-

210 794 98 27 görande
323 796 96 25 upptaga
430 795 98 22 ärenden
540 795 95 22 rörande
643 795 137 22 inrättandet
788 795 25 21 af
818 794 142 23 folkskolor*.

208 829 32 21 Pä
262 830 71 26 grund
354 830 66 21 häraf
433 831 41 21 har
489 830 124 22 folkskolas
629 831 127 21 inrättande
772 830 120 22 förklarats
908 836 53 16 vara

210 871 26 15 en
262 865 142 22 kommunens
431 872 161 21 gemensamma
618 866 169 28 angelägenhet,
811 865 36 22 för
869 866 92 22 hvilken

209 900 129 28 kostnaden,
361 902 70 26 enligt
455 903 28 20 54
507 902 12 28 8
543 902 8 21 i
572 908 82 15 samma
669 901 137 28 förordning,
822 902 41 21 bör
879 901 82 22 drabba

208 936 144 22 kommunens
368 937 43 21 alla
427 938 166 27 skattskyldiga
608 938 146 21 medlemmar.

279 972 68 21 Detta
369 973 41 21 har
428 972 48 22 haft
491 973 35 21 till
542 972 61 28 följd,
621 975 33 19 att
669 973 94 27 mängen
779 973 52 27 plan
847 973 112 27 angäende

207 1014 30 20 ny
253 1006 122 24 folkskolas
391 1008 127 22 inrättande
534 1009 8 21 i
557 1009 40 21 och
613 1008 35 22 för
664 1010 33 20 ett
713 1008 70 22 skildt
799 1008 90 22 distrikt
902 1009 57 21 inom

208 1043 131 22 kommunen
362 1044 105 27 antingen
489 1044 102 22 strandat
611 1044 56 22 eller
687 1044 58 22 först
766 1044 58 22 efter
842 1044 117 27 vidlyftiga

208 1079 121 27 omgångar
351 1079 85 22 kunnat
459 1080 157 27 förverkligas.
647 1080 35 21 Då
702 1080 111 26 nemligen
829 1080 130 22 kommunen

206 1113 35 21 för
264 1120 125 21 gemensam
412 1115 96 27 räkning
531 1115 94 22 inrättat
648 1121 27 16 en
697 1115 56 22 eller
773 1121 40 20 par
829 1114 128 28 folkskolor,

206 1149 78 21 hvilka
299 1149 94 28 förlagts
408 1151 37 20 till
460 1151 119 27 kyrkobyn
596 1151 55 22 eller
667 1157 73 15 annan
755 1151 96 21 centralt
865 1151 93 27 belägen

205 1185 69 27 trakt,
293 1185 41 21 har
350 1185 37 22 det
402 1185 46 22 ofta
464 1186 104 27 inträffat,
585 1188 33 20 att
633 1187 246 21 kommunalstämmans
886 1186 72 22 flertal

204 1220 50 21 icke
273 1221 60 20 velat
348 1221 77 27 lyssna
440 1222 35 21 till
491 1222 27 22 de
534 1222 123 27 aflägsnare
672 1222 122 27 byalagens
810 1222 100 27 yrkande
926 1224 32 19 att

204 1256 106 27 antingen
326 1257 28 26 på
370 1257 142 22 kommunens
523 1263 161 22 gemensamma
695 1258 124 21 bekostnad
829 1263 28 16 en
865 1264 30 21 ny
902 1257 56 22 folk-

204 1291 64 22 skola
283 1292 69 21 måtte
366 1295 116 24 upprättas
498 1293 29 27 på
543 1299 27 16 en
587 1295 40 25 ort,
644 1295 25 20 så
684 1294 95 27 belägen
795 1295 34 20 att
838 1294 119 27 vägaläng-

204 1327 70 21 derna
296 1328 49 21 icke
366 1328 102 27 utgjorde
483 1329 79 30 hinder
578 1329 35 21 för
629 1329 90 22 skolans
735 1329 150 27 begagnande,
902 1329 56 21 eller

203 1362 42 21 ock
268 1362 28 22 de
311 1363 122 26 berättigas
449 1365 33 20 att
498 1360 90 31 afskilja
604 1364 35 27 sig
654 1365 35 21 till
706 1366 33 19 ett
755 1366 58 25 eget,
830 1363 51 22 från
897 1364 59 21 kom-

203 1403 81 16 munen
300 1397 130 28 oafhängigt
445 1398 210 29 folkskoledistrikt,
672 1399 89 22 hvilket
776 1399 74 22 skulle
865 1399 92 22 bekosta
