1067 1675
271 131 12 21 8
457 131 244 23 Petitionsbetänkande
716 132 37 22 N:o
769 130 34 24 28.

243 194 77 22 stödde
342 195 150 27 kyrkomötets
514 195 81 27 förslag
616 195 64 22 äfven
699 196 54 26 däri,
775 197 31 19 att
824 202 101 15 summan
944 195 56 27 finge

243 230 112 20 användas
374 229 23 21 af
412 230 157 27 Domkapitlen.
599 230 90 21 Jämlikt
704 230 6 20 i
726 230 58 21 Mars
801 230 55 22 1889
872 230 73 22 aflåtet
961 231 39 21 nå-

243 265 45 27 digt
303 271 51 15 svar
364 265 40 21 har
414 264 119 22 emellertid
546 264 24 22 H.
579 264 23 22 K.
610 264 107 28 Majestät,
726 266 29 26 på
763 266 69 26 grund
841 265 23 21 af
870 265 130 27 Generalgu-

243 300 119 20 vernörens
378 299 163 27 framställning,
552 299 70 21 funnit
633 300 52 26 godt
695 302 32 18 att
737 299 55 22 afslå
803 300 127 21 förberörda
940 300 60 21 hem-

244 334 85 27 ställan,
345 334 55 22 dock
416 335 31 26 så,
464 336 30 19 att
510 334 27 22 de
552 334 65 26 2,000
632 334 68 26 mark,
717 340 48 15 som
781 334 90 28 tidigare
887 335 32 21 för
933 335 67 21 ända-

244 369 66 21 målet
333 369 105 27 beviljats,
458 368 62 22 äfven
542 368 107 28 framgent
667 368 55 28 finge
741 369 117 27 utbetalas;
876 369 70 21 därtill
961 376 39 14 an-

245 404 72 27 slogos
333 404 63 26 2,000
411 404 61 20 mark
488 404 5 20 i
510 406 32 19 ett
556 403 33 22 för
604 404 37 20 allt
656 404 30 20 till
701 404 96 21 honorar
812 404 33 21 för
859 404 142 21 utarbetande

245 438 23 21 af
281 438 82 22 böcker
377 438 33 21 för
424 438 158 26 småskolorna,
604 438 80 22 hvilket
699 438 78 28 belopp
793 439 67 21 redan
875 439 31 21 till
921 440 80 20 största

245 474 63 21 delen
324 474 24 20 är
363 472 144 28 disponeradt.
518 485 27 3 —
556 468 69 26 Äfven
636 472 123 23 Ständerna
769 474 28 20 ha
813 474 67 21 redan
895 474 106 21 härförin-

245 514 44 15 nan
307 507 117 22 behandlat
443 508 41 21 den
500 508 171 21 ambulatoriska
686 508 124 27 skolfrågan
829 509 6 20 i
851 508 115 27 anledning
981 508 23 20 af

245 545 31 20 ett
291 543 36 21 vid
346 543 52 21 1888
409 543 36 21 års
456 542 101 28 landtdag
571 543 59 21 inom
641 543 160 27 presteståndet
811 543 64 22 väckt
889 543 112 27 petitions-

246 578 80 27 förslag
342 578 49 21 med
406 577 54 28 syfte
476 580 45 24 ,,att
536 579 77 20 trenne
624 578 69 21 under
702 578 83 27 kyrklig
795 578 90 28 styrelse
896 578 40 21 och
946 584 55 21 upp-

246 613 42 27 sigt
311 613 89 21 stående
422 613 191 26 läroinrättningar
636 612 33 21 för
692 613 125 21 utbildande
840 613 24 20 af
883 613 69 21 lärare
968 612 33 21 för

246 648 59 27 lägre
321 647 120 22 folkskolan
456 647 119 21 inrättades
591 647 7 21 i
613 647 93 27 landet",
722 647 33 22 för
770 647 83 21 hvilkas
868 647 134 28 upprätthål-

246 683 64 20 lande
326 681 136 22 erfordrades
477 688 27 15 en
519 688 86 15 summa
620 682 24 21 af
657 682 65 21 minst
736 682 80 27 45,000
831 682 62 21 mark
903 689 35 14 om
950 683 52 20 året.

247 717 37 21 Att
309 717 59 21 detta
393 717 128 26 vidtgående
543 716 80 27 förslag
648 716 23 21 af
691 717 100 26 samtliga
814 717 63 21 stånd
899 716 102 27 afböjdes,

247 751 81 22 skedde
359 753 52 19 utan
440 751 72 21 tvifvel
545 752 28 26 på
600 751 58 27 goda
685 751 53 26 skäl,
767 753 53 20 enär
854 751 148 27 utbildningen

248 786 23 21 af
287 787 71 20 lärare
377 786 32 21 för
427 785 121 22 småskolor
566 786 31 21 uti
613 786 78 21 enkom
707 786 34 21 för
756 785 124 22 ändamålet
895 785 107 22 inrättade

247 821 136 21 kostsamma
403 821 127 21 seminarier
545 821 56 20 hade
616 821 43 20 helt
675 821 42 20 och
733 821 64 21 hållet
813 821 112 20 förändrat
939 821 64 20 dessa

248 855 84 21 skolors
348 855 102 21 karaktär
469 854 23 22 af
508 854 154 28 anspråkslösa
677 855 164 27 hjelpanstalter
855 854 33 22 för
903 854 101 22 hemmen

248 890 42 21 och
313 890 107 26 därjämte
442 892 81 24 stegrat
546 890 121 26 anspråken
690 890 41 20 hos
747 889 63 21 deras
825 889 178 27 lärarepersonal.

247 924 51 21 Man
316 924 40 21 har
376 924 72 22 därför
468 924 67 22 också
553 925 29 26 på
596 924 92 28 kyrkligt
703 923 43 22 håll
763 924 103 27 uppgifvit
880 924 80 21 tanken
976 924 28 26 på

248 959 72 21 denna
339 961 65 25 utväg
421 959 31 21 till
471 958 139 22 anskaffande
630 958 24 22 af
670 958 26 22 de
715 958 138 27 erforderliga
876 958 128 22 lärarekraf-

247 996 69 18 terna.
347 994 75 21 Denna
444 994 88 20 slutsats
554 999 65 21 synes
640 999 51 15 man
706 993 121 27 berättigad
843 995 32 19 att
890 993 67 27 draga
972 992 32 22 äf-

247 1034 43 15 ven
308 1028 24 21 af
349 1028 143 21 förevarande
510 1028 222 26 petitionsmemorial,
751 1027 66 27 enligt
836 1027 80 21 hvilket
934 1027 41 21 den
998 1027 6 20 i

248 1062 119 27 frägasatta
382 1062 194 27 lärarebildningen
585 1062 71 21 kunde
667 1062 135 27 ombesörjas
814 1062 48 21 med
874 1062 47 24 den.
933 1062 6 20 i
947 1062 58 26 jäm-

248 1096 78 23 förelse
342 1098 49 21 med
406 1098 36 21 det
457 1097 90 28 tidigare
566 1097 96 27 begärda
676 1096 108 27 beloppet,
795 1096 98 27 mättliga
904 1102 102 15 summan

248 1133 23 20 af
285 1133 65 26 9,000
365 1133 41 20 mk.

318 1166 32 22 Dä
371 1167 41 21 den
435 1167 67 21 första
520 1166 181 27 undervisningen
722 1167 25 20 är
763 1172 27 15 en
808 1165 95 28 kyrkans
918 1165 88 27 angelä-

248 1202 80 27 genhet
351 1202 42 21 och
415 1202 35 21 det
469 1201 56 27 förty
544 1201 80 27 äligger
643 1201 26 21 de
688 1201 97 27 kyrkliga
800 1200 158 21 kommunerna
974 1201 33 19 att

248 1237 62 26 tillse,
335 1237 36 20 det
392 1236 234 27 hemundervisningen
649 1235 144 22 understödes
815 1235 24 20 af
856 1234 75 27 nödigt
946 1234 59 21 antal

248 1271 140 26 barnskolor;
406 1271 42 20 och
469 1270 27 21 dä
515 1271 35 21 det
572 1270 74 21 vidare
666 1270 130 21 tillkommer
814 1269 193 26 församlingarnas

248 1306 139 27 presterskap
406 1308 31 18 att
459 1305 115 22 öfvervaka
594 1305 76 26 denna,
686 1310 53 15 vare
755 1304 32 27 sig
801 1304 7 20 i
824 1304 95 21 hemmet
934 1303 50 21 eller
1000 1303 6 20 i

248 1340 133 21 barnskolan
397 1340 125 21 meddelade
538 1339 160 27 undervisning,
710 1345 65 21 synes
786 1338 166 27 konsegvensen
963 1337 43 22 for-

248 1375 46 26 dra,
316 1377 31 18 att
363 1374 63 21 äfven
446 1374 149 21 anskaffandet
613 1374 42 21 och
673 1373 167 21 förberedandet
855 1372 21 21 af
890 1373 70 20 lärare
975 1371 34 22 för

249 1409 26 22 de
298 1409 98 28 kyrkliga
418 1409 158 21 barnskolorna
600 1408 144 22 öfverlemnas
768 1407 22 22 ät
813 1407 26 22 de
855 1406 153 23 ecklesiastika

247 1444 193 27 myndigheternas
455 1443 109 22 omtanke.
594 1443 42 21 För
651 1442 208 28 petitionsförslaget
874 1441 55 22 talar
939 1443 70 26 ytter-

318 1483 99 18 Allmänna
429 1483 173 18 Besvärsutskottets
614 1482 109 18 betänkande
735 1481 35 18 N:o
782 1482 30 17 19.
