1064 1661
267 122 14 20 4
390 120 82 22 Ständ.
488 121 52 21 Pet.
556 134 30 2 —
601 121 171 22 Petitionsbet.
788 120 54 23 N:o.
858 121 20 21 7.

452 188 32 20 att
500 186 70 22 Eders
585 186 124 28 Kejserliga
724 186 105 28 Majestät
840 186 34 22 till
883 188 104 20 nästsam-

379 222 159 22 manträdande
561 222 106 28 landtdag
690 222 79 22 täcktes
788 222 68 28 aflåta
876 229 27 15 en
918 222 68 28 nådig

376 258 136 27 proposition
534 265 33 14 om
590 258 72 21 sådan
679 258 97 27 ändring
791 257 28 28 af
830 257 156 29 förordningen

378 293 42 21 den
443 293 15 21 6
482 293 108 22 Februari
608 293 58 21 1865
686 293 112 28 angående
817 293 168 27 kommunalför-

378 329 128 28 valtningen
526 329 32 27 på
576 329 80 28 landet,
672 330 32 20 att
720 329 98 21 enskilda
830 336 105 20 personer
949 329 38 21 och

378 364 78 29 byalag
472 365 62 28 finge
557 366 45 20 rätt
625 366 32 20 att
674 365 114 21 oberoende
807 364 27 27 af
847 365 139 22 kommunens

378 399 150 29 medgifvande
542 400 86 22 inrätta
644 399 96 28 afskilda
754 400 134 21 skoldistrikt
902 401 44 27 och,
956 401 30 21 då

378 437 25 20 de
426 436 79 22 sådant
525 439 60 25 göra,
607 436 68 21 varda
694 435 96 28 befriade
803 435 55 28 från
875 436 111 28 utskylder

376 471 37 27 för
433 472 26 21 de
473 472 76 25 skolor,
565 471 27 28 af
606 471 74 22 hvilka
696 473 25 21 de
737 471 45 22 icke
797 472 77 21 kunna
889 472 96 28 begagna

378 507 37 28 sig,
439 515 49 14 men
510 508 94 21 deremot
628 515 38 20 ega
690 507 131 28 delaktighet
838 507 8 22 i
861 507 120 22 inkomsten

378 543 53 26 från
446 543 85 21 sådana
545 543 83 27 fonder,
644 550 45 14 som
705 543 34 21 till
752 543 140 21 kommunens
900 550 85 20 gemen-

377 585 81 15 samma
472 578 207 27 folkskoleändamål
696 581 37 19 äro
748 578 115 28 anslagna.

305 655 112 28 Derjemte
433 656 23 22 få
472 656 124 22 Ständerna
611 656 161 27 underdånigst
787 656 92 27 anmäla,
891 658 33 19 att
932 656 52 21 Rid-

233 690 121 28 derskapet
376 692 40 21 och
438 692 72 22 Adeln
533 692 50 22 icke
606 691 102 22 omfattat
726 691 159 22 ofvanstående
904 691 79 21 under-

233 725 80 28 dåniga
329 727 99 27 petition,
445 727 68 22 sådan
530 727 124 22 densamma
670 727 25 21 af
708 727 28 22 de
751 729 79 20 trenne
841 726 71 27 öfriga
923 727 59 21 stån-

233 761 43 22 den
292 762 102 27 antagits.

303 850 108 21 Finlands
427 850 95 22 Ständer
537 850 127 22 framhärda
681 853 41 19 etc.

303 903 147 28 Helsingfors,
467 904 40 21 den
524 906 28 19 28
568 904 44 27 Maj
631 906 62 20 1891.

291 1384 124 41 Helsingfors,
428 1399 69 18 Weilin
510 1399 16 17 &
539 1399 48 18 Göös
600 1399 114 22 aktiebolags
728 1385 123 40 boktryckeri,
864 1388 52 28 1891.
