1056 1670
312 113 224 22 Petitionsbetänkande
553 114 34 21 N:o
603 113 14 22 1.
780 114 27 21 91

160 393 72 22 Jemte
256 393 26 22 de
305 393 155 27 ofvanintagna
485 393 247 27 petitionsmemorialen
752 393 40 22 har
807 395 32 20 ut-

88 430 84 21 skottet
194 429 43 22 fätt
260 431 110 25 emottaga
393 429 204 27 protokollsutdrag
620 429 60 22 öfver
696 430 42 21 den
754 429 86 21 diskus-

88 466 49 21 sion
153 472 47 15 som
217 465 7 21 i
241 465 108 21 särskilda
364 466 65 21 ständ
440 467 36 25 egt
487 472 48 15 rum
546 465 36 22 vid
593 465 159 27 petitionernas
763 465 77 22 remiss

91 501 34 22 till
141 501 116 27 utskottet,
273 501 109 27 nemligen
399 501 49 21 frän
463 501 165 27 Ridderskapet
643 501 39 21 och
699 501 76 27 Adeln,
792 501 49 21 med

89 537 120 27 anledning
223 536 24 22 af
260 536 147 28 petitionerna
422 537 59 21 N:ris
499 538 28 21 15
543 537 40 22 och
600 538 35 26 16,
646 537 49 21 frän
705 537 136 21 Prestestän-

92 574 36 21 det
151 573 93 22 rörande
268 573 122 27 petitionen
410 573 40 21 N:o
472 574 36 26 39,
530 573 47 21 från
598 572 188 28 Borgareständet
805 572 36 22 vid

90 609 106 22 remissen
211 608 24 22 af
243 608 146 28 petitionerna
399 609 59 21 N:ris
471 610 13 20 2
496 609 40 21 och
547 610 21 26 7,
580 608 110 22 äfvensom
701 608 48 22 frän
759 609 83 21 Bonde-

92 646 90 20 ståndet
197 645 49 21 med
262 644 103 22 afseende
380 646 13 20 å
408 645 123 27 petitionen
546 645 41 21 N:o
605 645 34 21 18.
671 644 116 22 Dessutom
803 644 40 21 har

95 681 109 21 utskottet
231 680 183 22 tillhandahällits
441 680 109 22 särskilda
574 680 160 28 betänkanden,
760 681 81 26 kartor,

97 716 188 27 kostnadsförslag
305 723 28 15 m.
353 716 20 22 fi.
388 716 130 28 handlingar
533 717 120 21 berörande
670 717 26 21 de
712 717 59 21 olika
784 717 58 27 jern-

92 752 170 28 vägsförslagen.

439 909 64 17 1-3.

166 960 114 27 Förslaget
301 967 34 15 om
357 961 113 27 byggande
489 961 24 22 af
527 967 26 16 en
566 961 92 27 jernväg
673 961 47 22 frän
737 960 108 27 Uleäborg

92 995 38 22 till
150 996 84 22 Torneä
252 997 41 21 har
311 997 112 21 allaredan
438 997 37 21 vid
491 997 27 22 de
533 998 37 21 tvä
586 999 86 19 senaste
688 997 157 26 landtdagarna

94 1031 73 22 blifvit
178 1032 7 21 i
195 1032 147 27 petitionsväg
357 1033 65 21 väckt
432 1034 58 20 samt
500 1032 126 22 föranledde
638 1033 57 21 1888
706 1033 35 20 års
752 1031 93 22 Ständer

96 1069 34 20 att
147 1068 41 21 hos
204 1069 61 20 Hans
280 1068 123 27 Kejserliga
418 1068 104 27 Majestät
537 1068 7 21 i
560 1068 174 27 underdänighet
748 1067 96 22 anhälla:

94 1105 47 26 yätt
156 1105 28 26 pä
200 1104 70 27 grund
286 1104 23 21 af
322 1104 156 21 instrumental
493 1104 163 27 undersökning
666 1104 24 21 af
698 1111 27 14 en
733 1104 112 27 jernvägs-

96 1139 52 22 linie
163 1139 49 22 frän
228 1139 110 28 Uleäborg
353 1139 35 22 till
399 1139 85 22 Torneä
494 1140 139 27 fullständigt
644 1139 80 28 förslag
735 1140 39 21 och
785 1139 60 22 kost-

95 1175 177 28 nadsberäkning
292 1177 69 20 måtte
382 1177 115 26 upprättas
517 1176 34 21 för
571 1183 26 14 en
611 1175 235 28 jernvägsanläggning

97 1210 93 22 emellan
210 1211 96 22 nämnda
328 1213 66 26 orter,
412 1212 84 21 hvilket
512 1211 81 28 förslag
606 1212 80 26 jemväl
701 1211 71 22 skulle
787 1211 59 21 inne-

100 1247 56 21 fatta
176 1246 132 22 alternativa
326 1247 255 27 kostnadsberäkningar
596 1247 60 22 öfver
671 1247 69 27 broar,
756 1246 90 22 afsedda

94 1282 62 21 såväl
176 1282 34 22 för
230 1283 112 27 jernvägs-
363 1288 46 16 som
426 1282 188 28 landsvägstrafik,
630 1284 58 20 samt
703 1284 33 20 att
752 1283 7 21 i
775 1282 70 22 sinom

97 1318 33 21 tid
146 1318 66 27 nädig
228 1318 134 28 proposition
380 1325 34 15 om
437 1320 72 20 denna
524 1319 68 21 banas
608 1319 115 22 utförande
738 1318 108 22 förelades

96 1354 145 22 Ständerna*.

168 1390 10 21 I
194 1390 117 28 anledning
321 1390 65 22 häraf
394 1391 40 21 har
444 1390 60 22 Hans
515 1391 121 27 Kejserliga
646 1391 102 27 Majestät
758 1390 88 27 bemyn-

96 1425 62 27 digat
178 1425 94 23 Senaten
294 1428 40 26 att,
354 1428 24 20 så
398 1428 61 20 snart
475 1427 86 27 sådant,
576 1429 53 19 utan
646 1426 163 22 åsidosättande
825 1425 24 22 af

168 1466 174 24 Jernvägsutskottets
354 1467 108 19 betänkande
474 1468 36 18 N:o
523 1469 15 17 1.
813 1467 10 16 7
