1067 1664
255 142 14 21 4
361 142 84 23 Ständ.
461 142 53 23 Pet.
530 155 27 4 —
573 142 172 23 Petitionsbet.
761 143 45 22 N:o
821 143 38 22 10.

228 208 57 18 emot
305 206 29 20 all
349 205 136 21 sannolikhet
499 205 24 22 så
538 205 118 27 inträffade,
671 206 68 21 skulle
755 205 59 22 detta
829 206 107 26 innebära,
955 208 31 19 att

228 240 147 28 privatskolan
397 239 117 29 öfvertagit
537 247 26 14 en
582 239 43 29 god
645 240 35 21 del
700 240 23 21 af
737 240 193 28 bildningsarbetet
945 240 41 22 och

228 273 73 21 derför
316 281 51 14 vore
383 274 35 21 väl
433 274 53 21 värd
496 273 163 29 ifrågavarande
670 273 90 22 förmån.
790 274 116 22 Dessutom
916 274 68 22 måste

229 307 42 22 den
293 308 174 28 penningeutgift
489 311 70 18 staten
574 309 7 20 i
597 308 59 21 detta
678 308 102 21 afseende
796 308 55 28 finge
866 308 120 22 vidkännas

229 349 44 14 mer
288 343 27 20 än
330 342 35 22 väl
379 344 112 26 uppvägas
506 340 47 24 icke
569 342 55 21 blott
639 342 23 21 af
672 342 37 22 det
718 342 141 22 helsosamma
869 342 117 29 inflytande

229 376 83 22 landets
334 376 261 28 undervisningsväsende
610 377 7 20 i
632 384 77 20 gemen
731 378 62 20 röner
808 376 22 22 af
844 377 142 28 privatskole-

229 410 171 27 verksamheten,
415 413 51 19 utan
481 410 102 22 särskildt
597 410 23 22 af
635 410 41 22 den
687 410 190 28 omständigheten,
888 414 31 18 att
931 411 54 21 kun-

230 445 49 27 niga
299 444 139 28 medborgare
461 444 41 22 och
524 444 189 29 medborgarinnor
735 445 123 28 uppfostras
877 445 22 21 åt
914 445 74 21 landet

230 478 29 29 på
278 481 31 19 ett
327 478 34 21 för
383 481 70 19 staten
476 478 51 22 vida
548 479 97 28 billigare
661 480 42 20 sätt
717 486 78 21 genom
808 480 84 28 privata
908 479 77 26 skolor,

231 512 64 22 äfven
318 520 34 14 om
373 512 62 22 dessa
458 512 82 29 åtnjuta
555 512 41 22 den
611 513 77 28 högsta
702 513 75 22 hittills
792 514 86 28 möjliga
894 514 93 21 subven-

231 547 52 26 tion,
297 548 28 20 än
339 554 77 21 genom
432 550 81 18 statens
528 547 104 22 läroverk.

300 581 193 28 Förverkligandet
512 581 23 21 af
549 581 164 29 ifrågavarande
735 582 160 28 önskningsmål
918 581 69 22 skulle

233 615 78 27 derför,
327 616 66 28 enligt
408 616 130 21 Ständernas
553 615 62 29 åsigt,
626 616 115 28 ingalunda
753 616 65 22 hafva
828 616 125 21 karakteren
966 616 22 21 af

234 658 25 13 en
275 650 132 21 omotiverad
429 650 136 28 frikostighet
581 650 56 21 ifrån
652 653 81 19 statens
749 650 46 22 sida
810 653 51 18 utan
876 653 65 19 annat
956 658 32 14 re-

233 684 65 22 sultat
319 686 26 19 än
361 686 32 19 att
408 684 41 21 öka
465 684 80 21 antalet
559 684 23 21 af
597 687 80 19 statens
692 686 180 27 pensionstagare.
902 684 26 28 Ej
944 684 45 22 hel-

233 718 31 22 ler
286 718 57 21 finna
363 718 120 22 Ständerna
504 718 71 28 någon
597 718 116 28 anledning
731 719 33 20 till
785 718 41 21 den
846 718 94 28 farhåga,
958 721 31 18 att

234 760 50 13 man
298 760 76 20 genom
390 752 146 28 ifrågakomna
551 752 76 28 åtgärd
642 753 68 21 skulle
725 752 63 22 locka
803 752 62 22 öfver
879 753 33 20 till
927 755 63 19 stats-

235 786 74 21 skolan
332 794 107 20 personer,
455 794 44 14 som
514 786 66 21 redan
595 788 46 20 nött
656 790 24 18 ut
695 788 46 20 sina
756 786 61 22 bästa
832 786 80 22 krafter
927 787 7 20 i
950 787 44 28 pri-

234 820 125 22 vatskolans
381 821 66 27 tjenst
469 820 40 22 och
529 820 55 22 först
599 820 28 29 på
642 820 58 22 äldre
716 820 66 29 dagar
796 820 34 21 för
845 820 108 22 vinnande
971 820 23 22 af

235 855 146 27 pensionsrätt
395 854 53 21 söka
463 854 129 28 anställning
607 854 36 21 vid
659 855 130 21 statsskolan
804 855 32 20 till
851 854 51 28 föga
912 854 80 22 båtnad

235 889 35 21 för
291 888 188 29 undervisningen.
507 889 34 28 Ty
559 889 35 21 för
613 889 66 21 sådan
699 890 68 20 lärare
782 888 108 22 återstode
905 889 66 21 äfven
987 890 6 20 i

235 926 158 25 gynsammaste
413 923 38 21 fall
466 926 31 18 att
511 923 66 21 verka
597 924 6 20 i
623 923 130 21 statsskolan
768 923 105 28 tjugufem
888 922 29 28 år,
930 924 65 20 innan

236 957 42 21 han
294 957 84 21 komme
393 958 7 20 i
415 956 124 29 åtnjutande
555 957 23 21 af
594 957 40 21 full
652 958 96 28 pension,
761 957 40 21 och
817 956 13 22 å
850 956 64 22 andra
933 956 61 22 sidan

236 992 65 27 ginge
312 991 35 21 för
361 991 78 21 honom
455 991 41 21 alla
510 991 157 29 privatskolans
683 990 102 30 tjensteår
799 990 114 28 förlorade,
923 990 72 22 derest

237 1025 43 21 han
295 1025 56 21 efter
366 1026 32 20 sin
415 1025 118 28 öfvergång
548 1025 32 21 till
599 1025 129 22 statsskolan
745 1025 48 21 icke
806 1026 68 27 tjenat
884 1024 109 22 derstädes

239 1060 65 20 minst
318 1060 31 20 tio
365 1059 28 21 år.

306 1093 12 21 I
334 1093 45 21 ofta
394 1093 93 21 nämnda
501 1093 78 29 nådiga
593 1093 128 29 kungörelse
735 1094 67 20 finnes
812 1092 65 22 äfven
890 1100 27 14 en
928 1100 69 14 annan

239 1127 75 29 punkt,
329 1135 46 14 som
390 1129 23 19 är
428 1127 69 29 egnad
512 1130 31 18 att
557 1127 111 22 förorsaka
683 1127 143 28 olägenheter.
855 1127 12 21 I
882 1127 114 28 kungörel-

241 1169 50 14 sens
307 1162 54 21 1:sta
376 1164 93 19 moment
483 1162 69 29 punkt
567 1162 12 21 b
595 1162 86 28 stadgas
696 1162 112 28 nemligen,
824 1164 31 19 att
869 1161 128 22 förmånen
984 1157 17 38 i

242 1195 62 29 fråga
325 1195 88 29 medges
434 1196 27 21 de
478 1196 39 21 här
536 1196 98 29 åsyftade
657 1197 94 20 lärarene
775 1195 75 22 endast
865 1195 48 22 med
929 1196 70 21 vilkor

241 1233 46 23 »att
306 1230 157 28 anställningen
481 1230 37 21 vid
536 1231 70 28 privat
621 1231 98 21 läroverk
734 1231 56 21 varit
804 1229 90 22 förenad
908 1230 49 21 med
972 1238 26 13 en

243 1263 288 30 undervisningsskyldighet
553 1264 23 21 af
596 1265 65 20 minst
680 1265 27 21 20
722 1265 84 20 timmar
822 1265 6 20 i
843 1263 89 27 veckan,
948 1264 50 21 obe-

240 1297 93 22 räknadt
354 1297 105 22 lektioner
478 1299 7 19 i
504 1298 107 28 teckning,
633 1298 109 28 kalligrafi,
762 1298 54 27 sång
838 1298 51 21 eller
910 1305 88 21 gymna-

240 1331 45 22 stik
293 1345 28 2 —
332 1344 28 3 —
368 1333 51 20 —.f.
449 1331 52 22 Men
517 1331 27 22 då
554 1331 37 22 det
601 1332 66 21 oftast
677 1331 102 27 inträffar,
789 1334 31 19 att
831 1339 26 14 en
867 1331 41 22 och
918 1339 79 14 samma

241 1365 68 22 lärare
332 1367 24 20 är
377 1365 109 29 samtidigt
507 1365 83 22 anstäld
605 1367 7 20 i
627 1366 38 22 två
687 1367 51 20 eller
757 1366 50 21 flere
828 1366 170 28 privatläroverk

241 1399 52 22 eller
316 1399 41 22 ock
376 1400 7 20 i
403 1401 70 27 privat
495 1400 97 22 läroverk
615 1400 40 21 och
675 1400 102 29 derjemte
799 1399 71 22 såsom
891 1399 107 22 timlärare

242 1433 51 22 eller
314 1433 82 22 vikarie
411 1435 7 20 i
434 1434 119 27 statsskola,
573 1434 24 21 så
612 1434 38 21 har
665 1434 70 22 denna
750 1434 135 28 bestämning
900 1435 6 20 i
922 1433 76 29 många
