1056 1673
241 117 41 19 172
431 115 222 23 Petitionsbetänkande
670 116 34 21 N:o
719 114 14 22 1.

210 176 216 27 petitionsmemorial
447 176 129 22 framstälda
597 175 50 23 skäl
667 175 57 27 våga
744 175 23 21 vi
789 173 86 23 således
891 174 63 22 vörd-

210 213 57 20 samt
287 211 88 29 föreslå,
397 214 34 20 att
451 212 86 22 landets
558 211 123 28 Höglofliga
701 210 94 22 Ständer
810 210 53 22 ville
879 210 76 22 förena

210 247 35 27 sig
261 254 33 16 om
310 254 27 16 en
353 248 137 28 underdånig
505 248 92 27 petition
613 247 83 22 derom:

423 315 32 21 att
481 321 27 15 en
533 314 78 22 bibana
632 313 53 27 från
711 312 106 28 Päipohja
839 312 80 22 station
942 312 13 21 å

354 349 302 29 Tammerfors-Björneborgs
671 350 72 21 banan
758 348 34 22 till
803 348 84 22 Baumo
898 348 57 22 stads

352 385 62 28 bana,
437 385 67 27 blefve
523 386 9 21 i
553 392 26 15 en
598 385 142 28 fortsättning
760 384 47 22 med
827 384 41 21 den
883 384 73 21 under

353 421 99 29 byggnad
462 422 97 22 varande
570 420 171 29 Björneborgska
745 420 122 29 jernvägen
876 418 79 29 utförd.

284 494 20 21 H.
321 494 19 21 E.
356 494 103 27 Wegelius.
689 494 86 21 Severus
792 493 93 22 Konkola.

573 680 22 17 5.

414 725 148 23 Petitionerna
579 725 63 22 N:ris
658 725 95 22 15—18.

282 785 115 22 Utskottet
419 786 40 21 har
482 786 37 22 vid
541 785 163 28 behandlingen
727 785 25 22 af
773 785 78 28 frägan
874 791 33 16 om
927 791 28 16 en

210 821 110 22 kustbana
343 822 93 22 emellan
459 821 140 29 Helsingfors
623 822 40 21 och
686 814 48 29 Åbo
757 821 90 22 kommit
867 821 36 22 till
917 821 38 22 det

210 858 101 27 resultat,
331 859 33 20 att
383 858 164 28 undersökning
563 858 24 22 af
601 858 71 22 denna
687 858 134 22 bansträeka
836 857 66 22 borde
917 863 37 15 an-

210 893 79 22 ställas
312 894 62 22 säväl
397 894 34 21 för
454 900 27 15 en
503 894 112 22 statsbana
635 900 46 16 som
702 894 35 21 för
757 900 27 15 en
805 893 72 27 privat
893 893 60 21 bana.

210 928 34 22 Dä
264 929 38 27 jag
321 930 19 26 ej
356 930 44 20 kan
416 935 53 16 anse
484 930 165 27 undersökning
663 930 9 20 i
687 930 42 21 den
744 930 110 20 närmaste
868 928 85 28 framti-

209 964 43 21 den
276 965 52 21 böra
348 965 158 27 ifrägakomma
526 966 70 21 under
616 972 71 15 annan
703 964 161 28 förutsättning
879 967 28 19 än
922 966 33 20 att

210 1000 71 28 utsigt
295 1000 35 22 för
344 1002 83 21 banans
443 1002 116 22 utförande
575 1002 28 26 pä
618 1002 73 27 privat
707 1003 44 25 väg
766 1000 117 22 förefinnes
899 1003 56 19 samt

209 1036 121 22 utskottets
353 1038 93 21 motiver
469 1038 110 22 dessutom
601 1038 8 21 i
629 1037 60 23 vissa
711 1037 62 22 delar
793 1037 20 27 ej
830 1042 65 22 synas
911 1037 44 27 mig

210 1072 106 28 hällbara,
337 1073 41 21 har
391 1073 38 27 jag
445 1075 44 20 sett
504 1074 45 27 mig
564 1075 97 26 tvungen
677 1075 33 20 att
725 1078 78 22 genom
819 1072 135 22 reservation

209 1108 113 22 vördsamt
345 1108 136 22 underställa
504 1109 44 21 min
572 1108 118 23 afvikande
711 1108 89 27 mening
821 1107 133 23 Ständernas

208 1144 157 26 bepröfvande.
396 1144 191 28 Hufvudsakligen
601 1146 25 20 är
637 1145 37 22 det
685 1144 121 22 utskottets
817 1144 136 28 motivering,

209 1185 47 16 som
272 1179 110 23 föranledt
396 1180 45 22 min
456 1180 142 22 reservation.

281 1215 46 22 Min
342 1216 130 27 skiljaktiga
487 1216 142 28 uppfattning
644 1216 25 22 af
682 1216 79 27 frägan
772 1214 80 23 hänför
862 1215 34 28 sig
906 1216 47 22 dels

209 1250 82 28 dertill,
308 1253 33 20 att
356 1252 109 21 utskottet
479 1258 65 21 synes
558 1252 45 26 mig
613 1252 66 22 hafva
690 1251 155 23 underskattat
855 1251 98 27 betydel-

209 1292 40 16 sen
272 1287 25 21 af
317 1287 42 21 den
382 1287 81 22 förlust
482 1288 8 21 i
511 1288 120 22 inkomster
652 1288 205 27 statsjernvägarne
877 1293 77 21 genom

208 1322 170 28 ifrägavarande
395 1324 68 21 banas
479 1324 115 27 byggande
611 1324 72 22 skulle
699 1324 50 26 lida,
767 1323 48 21 dels
831 1323 74 21 dertill
921 1325 33 19 att

208 1358 110 22 utskottet
334 1365 65 21 synes
415 1359 46 27 mig
475 1359 67 23 hafva
551 1359 9 21 i
570 1359 73 28 någon
652 1360 52 21 män
715 1359 35 21 för
761 1359 54 27 högt
825 1358 129 28 uppskattat

207 1394 85 22 banans
308 1394 73 22 lokala
395 1394 120 28 betydelse.

280 1430 12 21 I
312 1429 151 23 förstnämnda
485 1430 104 23 afseende
609 1431 40 22 ber
667 1431 38 28 jag
721 1430 23 22 få
760 1430 77 22 anföra
851 1430 101 28 följande:

280 1471 173 23 Jernvägsutskottets
464 1472 106 18 betänkande
581 1472 35 18 N:o
629 1473 14 17 1.
