1056 1673
262 114 42 21 142
451 113 224 23 Petitionsbetänkande
692 114 34 22 N:o
742 113 14 22 1.

231 173 91 27 färligen
343 174 42 21 den
405 174 97 26 riktning
523 180 47 16 som
592 174 6 21 i
622 174 149 27 föreliggande
793 173 187 28 petitionsförslag

230 210 97 26 antydes.
352 210 47 21 Den
415 212 59 20 stora
489 210 107 28 landsdel,
612 216 46 15 som
669 210 119 26 begränsas
799 210 23 21 af
831 210 150 26 Uleåborgska

230 245 71 21 banan
318 246 7 20 i
339 246 104 22 nordvest
458 246 39 21 och
514 252 46 15 som
576 246 8 20 i
600 246 63 21 söder
679 246 40 21 och
736 246 75 27 sydost
826 248 69 20 stöter
905 245 33 22 till
953 252 26 15 en

229 280 109 23 blifvande
359 281 273 27 sammanbindningsbana
652 288 79 20 genom
751 281 123 28 Jyväskylä,
889 281 87 22 kräfver

229 319 54 19 utan
303 317 75 22 tvifvel
398 317 116 22 framdeles
535 317 135 22 förbättrade
692 317 220 22 kommunikationer.
942 317 34 21 En

227 354 91 26 jernväg
338 354 81 26 dragen
439 353 47 22 från
507 353 116 21 Kivisalmi
638 354 14 20 å
668 353 135 22 sistnämnda
819 353 159 27 förbindnings-

229 389 57 21 bana
305 396 77 20 genom
403 389 133 27 Wiitasaari,
556 389 130 27 Pihtipudas
707 390 40 20 och
768 389 73 22 vidare
857 389 62 27 längs
935 390 41 21 den

229 424 90 28 bördiga
341 425 101 28 Kalajoki
463 424 66 23 elfdal
547 425 101 27 erbjuder
664 425 67 22 också
746 426 78 26 många
839 425 132 27 betingelser

229 460 34 21 för
285 467 27 15 en
333 461 83 26 ganska
431 461 42 26 god
488 460 130 27 lokaltrafik,
634 461 28 26 på
678 467 84 15 samma
777 462 56 25 gång
848 461 125 26 härigenom

229 497 34 20 för
285 497 55 20 nord
364 491 140 27 Österbotten
519 503 83 14 vunnes
623 502 26 15 en
670 497 40 20 rak
726 499 40 24 väg
782 496 34 21 till
832 497 26 21 de
875 497 46 21 inre
937 497 39 21 och

229 532 100 27 sydöstra
351 533 88 21 delarna
461 532 23 21 af
503 532 81 21 landet.
615 532 59 21 Enär
697 532 184 27 förverkligandet
903 532 24 22 af
949 539 27 14 en

229 568 67 21 sådan
309 568 90 27 jernväg
415 568 121 22 emellertid
552 568 171 27 uppenbarligen
734 568 19 27 ej
765 568 43 21 kan
819 568 156 27 ifrägakomma

229 604 6 20 i
259 610 27 15 en
309 606 54 19 nära
385 604 95 27 framtid,
504 604 40 21 har
567 603 109 22 utskottet
697 603 48 22 icke
766 604 83 21 kunnat
864 605 66 20 annat
945 606 29 19 än

228 640 110 21 vördsamt
353 640 88 21 föreslå:

441 694 32 20 att
476 692 153 28 föreliggande
637 692 214 27 petitionsmemorial
851 692 42 27 för
901 693 73 21 denna

368 729 59 27 gång
442 728 46 22 icke
502 729 65 20 måtte
580 727 116 28 föranleda
708 728 34 21 till
752 729 72 27 någon
834 729 78 27 åtgärd
921 728 52 27 från

369 764 135 22 Ständernas
520 764 53 21 sida.

532 915 33 17 39
578 914 35 17 och
625 915 43 18 40.

296 961 42 21 Vid
356 961 139 22 beslutandet
510 968 35 15 om
562 963 51 20 vära
627 962 111 21 härintills
754 962 88 21 utförda
855 962 116 28 jernvägar

224 996 41 22 har
280 1004 27 14 en
323 997 92 22 ledande
430 998 137 26 grundtanke
583 998 61 26 varit,
660 1000 34 19 att
704 1004 51 15 man
766 998 67 21 borde
843 998 82 21 sträfva
933 1000 34 20 att

224 1032 59 22 inom
305 1033 98 22 kortaste
423 1034 89 26 möjliga
532 1034 32 20 tid
580 1034 112 21 utsträcka
708 1034 50 21 dem
774 1034 34 21 till
823 1034 85 21 landets
925 1034 46 22 alla

224 1068 67 27 delar,
307 1068 34 22 för
357 1070 34 20 att
406 1069 117 21 sämedelst
538 1069 74 27 sprida
619 1070 157 26 jernvägarnes
787 1069 180 27 fruktbringande

223 1103 118 27 inflytande
362 1104 59 22 öfver
442 1105 110 27 möjligast
566 1105 135 22 vidsträckta
716 1106 89 20 omräde
821 1107 56 19 samt
892 1105 79 22 bereda

223 1139 27 21 de
271 1140 70 21 skilda
361 1140 153 22 landsdelarna
534 1143 66 25 utväg
618 1144 32 19 att
666 1142 70 20 under
752 1141 134 27 någorlunda
898 1142 71 26 jemn-

222 1176 57 25 goda
294 1176 149 22 förhällanden
460 1179 51 25 taga
526 1177 36 21 del
577 1177 8 21 i
601 1176 173 23 samhällslifvet.
799 1176 171 28 Jernvägsbygg-

221 1212 98 21 naderna
333 1212 65 21 hafva
414 1212 72 22 derför
502 1213 65 21 ocksä
582 1212 115 22 bedrifvits
714 1214 24 20 sä
748 1214 33 20 att
791 1214 53 26 säga
855 1213 112 21 extensivt.

221 1247 51 22 Man
287 1248 40 21 har
343 1248 48 21 icke
407 1248 114 22 inskränkt
536 1248 34 27 sig
585 1249 34 21 till
634 1251 34 19 att
680 1249 78 21 främst
768 1248 115 27 tillgodose
891 1248 76 22 behof-

221 1285 37 19 vet
273 1283 8 21 i
297 1284 26 21 de
339 1284 91 27 trakter,
447 1290 45 16 som
508 1290 78 21 genom
597 1284 60 22 äldre
668 1285 81 26 odling,
760 1286 71 20 tätare
841 1284 126 26 befolkning

221 1319 41 21 och
277 1319 124 27 lifaktigare
417 1320 115 22 industriel
547 1320 139 23 verksamhet
701 1320 100 22 lemnade
811 1322 70 20 större
891 1326 77 21 garan-

220 1354 44 22 tier
279 1355 34 21 för
326 1355 226 28 jernvägsföretagens
567 1356 143 28 rentabilitet,
726 1358 53 19 utan
795 1362 50 15 man
855 1356 40 21 har
904 1356 65 26 skyn-

220 1390 40 21 dat
275 1392 33 20 att
323 1391 74 27 draga,
413 1392 34 20 till
463 1398 26 15 en
505 1391 75 27 början
597 1392 114 27 isolerade,
728 1391 126 22 stambanor
861 1391 62 22 äfven
933 1391 35 21 till

220 1426 28 22 de
263 1426 8 21 i
286 1427 77 27 antydt
379 1427 101 22 afseende
491 1428 85 22 mindre
586 1428 148 22 framstäende
742 1428 158 22 landsdelarne.
919 1427 48 22 Den

291 1467 174 24 Jernvägsutskottets
477 1468 107 18 betänkande
597 1468 35 19 N:o
643 1470 15 18 1.
