1056 1675
768 129 12 19 9

58 190 27 21 Vi
102 190 33 21 uti
151 189 120 22 skrifvelse
287 189 24 22 af
325 190 72 21 denne
413 190 43 28 dag
471 191 40 21 hos
527 191 62 21 Hans
605 191 127 28 Kejserliga
744 192 68 27 Maje-

58 226 46 20 stät
118 225 9 21 i
142 224 177 28 underdånighet
334 225 89 28 anmält,
441 227 32 20 att
489 226 42 22 den
547 226 36 22 till
594 226 42 22 Oss
648 226 165 23 öfverlemnade

59 260 81 28 nådiga
155 260 165 28 propositionen
336 261 115 27 angående
466 261 95 28 ändring
577 262 25 21 af
610 261 157 29 förordningen
778 269 34 15 om

59 296 140 28 näringarne,
224 296 75 27 gifven
323 296 43 22 den
390 298 27 20 31
441 297 60 21 Mars
520 299 63 26 1879,
601 304 45 15 som
662 298 112 28 betingats
790 298 27 21 af

58 330 144 23 förenämnda
217 332 167 27 propositioner,
401 334 85 20 ansetts
503 333 52 21 böra
571 332 95 23 förfalla.

403 399 27 19 23
448 397 19 29 &.

126 438 11 21 I
148 438 120 27 anledning
279 438 24 22 af
312 438 42 22 Oss
365 438 102 28 förelagd
477 439 67 27 nådig
554 439 136 27 proposition
698 440 115 27 angående

59 474 121 22 anvisande
203 474 25 21 af
249 474 71 22 medel
343 474 35 22 för
401 474 164 22 folkskolornas
581 475 8 21 i
604 475 76 22 landet
695 475 117 22 underhåll

59 509 67 22 hafva
145 510 29 22 Vi
190 510 35 22 för
239 509 154 23 bestridandet
409 509 24 22 af
446 510 123 28 utgifterna
584 510 35 22 för
635 510 176 23 folkskolväsen-

61 545 37 22 det
114 545 70 22 under
199 546 55 21 åren
272 547 62 25 1892,
353 547 56 20 1893
426 546 39 21 och
484 547 56 20 1894
551 546 96 28 anslagit
658 548 32 20 ett
700 546 79 27 belopp
791 546 26 21 af

60 581 160 28 sammanlagdt
243 583 118 26 3,687,000
385 582 69 27 mark,
479 582 90 22 hvarom
593 582 29 22 Vi
646 582 7 21 i
674 582 139 27 underdånig

60 617 120 22 skrifvelse
196 616 26 22 af
235 617 72 22 denne
323 617 43 27 dag
381 617 40 22 hos
437 617 62 22 Hans
515 617 127 28 Kejserliga
657 617 105 28 Majestät
774 624 39 15 an-

60 653 54 20 mält
137 653 49 21 med
209 653 138 27 underdänig
367 653 104 21 anhållan
486 653 79 28 tillika,
583 655 33 19 att
631 653 62 22 Hans
708 653 106 28 Majestät

60 688 87 22 täcktes
163 688 47 21 låta
224 688 130 22 införskaffa
370 689 40 21 och
426 688 115 28 förelägga
557 688 123 22 Ständerna
696 689 67 27 nödig
778 691 34 19 ut-

60 723 94 28 redning
176 724 81 28 derom,
279 724 109 22 huruvida
403 725 50 21 icke
469 725 50 21 skäl
534 730 53 16 vore
603 724 35 22 för
653 725 87 21 handen
756 726 33 20 att
804 725 8 21 i

61 759 72 27 någon
144 760 50 21 mån
204 759 101 22 förkorta
315 760 43 22 den
369 760 7 21 i
387 760 81 27 nådiga
476 760 158 27 förordningen
644 760 42 22 den
695 762 12 19 5
716 761 97 27 Augusti

62 796 56 20 1886
143 795 136 22 föreskrifna
299 795 144 28 tjenstetiden
460 795 35 22 för
510 795 224 22 folkskollärarinnor
748 796 9 21 i
772 796 40 21 och

60 829 36 23 för
112 831 128 21 erhållande
256 831 25 21 af
294 831 98 27 pension,
409 833 57 19 samt
480 831 107 27 derjemte
598 831 160 27 underdänigst
767 831 45 22 till-

60 865 147 29 kännagifvit,
219 868 33 20 att
261 866 36 28 Vi,
308 866 137 22 beträffande
457 867 27 21 de
494 867 127 27 tillgångar,
634 873 46 15 som
688 866 34 22 för
730 867 83 27 ifräga-

60 902 98 21 varande
182 902 102 21 ändamäl
307 902 106 28 anvisats,
437 902 86 22 komme
546 904 33 20 att
599 902 71 22 uttala
685 902 41 22 Oss
743 902 8 22 i
766 902 48 22 Vär

60 937 151 27 underdäniga
227 937 120 23 skrifvelse
363 938 114 27 angående
494 938 102 28 samtliga
609 938 39 22 vid
658 938 71 22 denna
740 938 73 22 landt-

61 972 43 28 dag
119 973 84 22 äskade
219 974 82 26 anslag.

405 1040 28 20 24
449 1038 18 29 8.

127 1079 32 22 Pä
182 1081 46 20 sätt
251 1080 28 21 Vi
301 1080 32 21 uti
357 1080 121 22 skrifvelse
501 1080 26 22 af
548 1080 71 22 denne
636 1080 42 28 dag
694 1081 38 21 hos
750 1080 62 22 Hans

60 1114 127 29 Kejserliga
209 1115 105 28 Majestät
335 1116 9 21 i
366 1116 178 27 underdänighet
556 1116 89 27 anmält,
666 1116 67 23 hafva
754 1116 60 27 Vi,
796 1110 20 38 i

62 1151 120 26 anledning
197 1150 25 22 af
235 1151 68 27 nädig
317 1151 137 27 proposition
470 1152 114 27 angäende
600 1152 120 22 anvisande
735 1151 25 22 af
769 1157 43 16 me-

60 1186 37 21 del
112 1186 36 21 till
162 1187 144 21 bestridande
321 1187 25 21 af
358 1187 150 22 kostnaderna
521 1187 35 22 för
567 1187 134 28 landtdagen
711 1187 25 22 är
749 1188 63 27 1894,

60 1221 97 28 anslagit
172 1228 28 15 en
216 1228 83 15 summa
314 1221 25 22 af
353 1224 96 25 340,900
465 1223 64 21 mark
544 1223 36 21 till
595 1223 143 22 bestridande
754 1222 25 22 af
786 1223 29 21 de

60 1257 34 22 uti
116 1259 28 20 82
168 1257 13 29 &
201 1257 25 22 af
239 1258 253 27 Landtdagsordningen
508 1259 129 21 omnämnda
653 1259 110 21 allmänna
779 1260 35 19 ut-

60 1293 68 26 gifter
144 1293 35 22 för
194 1293 68 28 sagde
278 1293 105 28 landtdag
399 1293 114 22 äfvensom
529 1293 34 22 för
579 1294 84 22 värden
678 1294 40 21 och
734 1294 80 21 under-

60 1328 71 21 hället
153 1329 70 21 under
246 1329 189 27 budgetperioden
457 1331 147 20 1892—1894
620 1329 25 22 af
658 1329 158 22 ständerhuset

61 1365 57 20 samt
134 1363 136 23 Ständernas
286 1365 65 22 arkiv
365 1365 42 21 och
417 1365 119 27 bibliotek;
547 1365 97 22 hvarhos
655 1365 29 21 Vi
694 1364 34 22 för
738 1365 76 26 tryck-

60 1399 83 27 ningen
158 1399 26 22 af
196 1400 113 21 härintills
325 1400 103 27 otryckta
443 1400 112 26 protokoll
570 1401 40 20 och
620 1400 131 27 handlingar
763 1399 52 22 från
