1056 1673
243 103 29 19 44
435 102 224 22 Petitionsbetänkande
676 103 34 21 N:o
725 101 15 22 1.

571 221 40 18 18.

285 272 57 23 Från
364 273 164 22 Bondeståndet
551 281 27 14 en
599 273 24 22 af
641 274 83 21 Herrar
745 273 23 22 C.
785 273 20 22 J.
822 273 85 22 Stråhle
923 274 40 21 och

212 309 26 21 K.
255 309 34 21 W.
305 309 101 22 Hollmén
422 309 95 28 ingifven
533 310 94 27 petition
643 310 82 27 derom,
736 311 33 20 att
787 309 89 22 teknisk
887 309 79 22 under-

212 344 95 27 sökning
327 344 8 21 i
354 347 111 20 närmaste
483 345 91 22 framtid
594 346 29 26 på
643 347 84 20 statens
753 345 123 22 bekostnad
897 347 67 20 måtte

213 380 131 21 verkställas
359 380 34 22 för
408 387 27 15 en
448 381 92 27 jernväg
556 381 47 21 från
620 381 136 26 Helsingfors
772 381 35 21 till
823 376 46 26 Åbo
885 387 78 20 genom

213 415 184 29 kustsocknarne;
413 416 8 21 i
437 417 160 26 öfversättning
613 418 24 19 så
652 417 104 26 lydande:

345 518 55 19 Till
420 518 181 20 Hedervärda
621 518 213 20 Bondeståndet.

286 576 40 20 Det
347 577 58 20 torde
425 584 50 13 vara
495 577 84 26 onödigt
600 580 31 17 att
651 578 7 19 i
679 577 57 20 detta
756 577 61 20 stånd
838 578 79 25 påpeka
937 578 26 19 de

213 605 108 27 förmåner,
346 613 25 13 en
390 607 88 26 jernväg
501 607 90 20 skänker
611 607 26 20 de
658 610 61 23 orter,
740 614 73 19 genom
832 607 71 20 hvilka
923 607 40 20 den

212 636 90 25 bygges;
318 637 38 19 och
371 636 26 20 då
413 637 39 19 den
467 637 86 25 mäktigt
569 637 106 20 befordrar
691 637 53 20 både
759 637 40 20 den
809 637 104 20 materiela
924 637 39 20 och

201 666 160 20 ”intellektuella
381 667 151 26 utvecklingen,
549 670 23 16 är
588 667 35 20 det
638 667 105 27 naturligt,
761 669 31 17 att
807 667 70 25 hvarje
892 667 70 20 lands-

213 695 40 26 del,
270 702 43 13 som
329 699 54 16 ännu
398 697 75 19 saknar
485 697 94 25 jernväg,
596 697 89 20 sträfvar
701 699 30 17 att
747 698 24 18 så
786 699 58 17 snart
859 704 42 12 som
911 697 50 25 möj-

212 725 40 25 ligt
272 725 80 20 komma
374 726 8 18 i
405 726 119 26 åtujutande
547 726 23 20 af
588 727 117 19 densamma
725 726 110 25 åtföljande
855 726 107 20 förmåner.

212 754 59 20 Allas
288 755 125 25 önskningar
427 756 70 20 kunna
511 756 53 20 dock
580 756 18 26 ej
614 758 27 24 på
655 758 82 24 engång
751 756 110 26 uppfyllas,
877 756 84 20 hvarför

212 784 246 26 jernvägsbyggnaderna
481 786 115 26 framdeles,
621 787 66 19 såsom
710 786 60 20 äfven
793 786 86 26 härtills,
904 786 59 20 skola

211 814 86 25 bringas
317 814 31 19 till
368 815 107 20 utförande
496 816 23 19 sä
535 818 30 17 att
581 818 50 23 säga
646 815 7 19 i
668 818 35 17 tur
717 816 38 19 och
771 815 92 26 ordning.
894 816 69 19 Huru-

211 843 50 20 vida
276 843 39 20 den
331 844 72 20 hittills
418 845 63 26 följda
497 845 114 26 ordningen
626 846 55 19 varit
697 845 39 20 den
752 845 81 20 absolut
848 847 55 18 rätta
912 845 51 26 vilja

212 873 20 19 vi
254 874 19 25 ej
294 881 28 12 uu
343 875 80 26 utreda;
439 875 86 20 faktiskt
541 878 29 23 är,
587 878 30 17 att
632 875 81 20 landets
728 875 104 20 mellersta
847 875 38 19 och
900 875 62 20 nord-

211 903 43 24 liga
275 903 63 26 delar,
359 904 64 19 sedan
443 904 26 20 de
488 912 27 12 nu
531 905 66 20 under
612 905 69 20 arbete
697 905 90 20 varande
802 903 105 21 Karelska
923 905 39 19 och

211 933 167 25 Biörneborgska
398 934 91 20 banorna
509 934 68 20 blifvit
593 934 160 26 färdigbyggda,
768 937 35 17 äro
819 934 7 19 i
842 934 121 25 åtnjutande

211 963 23 18 af
249 965 29 16 ett
292 962 141 28 jernvägsnät,
450 964 79 19 hvilket
544 964 53 19 dock
612 964 32 19 till
659 971 25 13 en
700 964 71 25 början
787 963 63 20 borde
865 963 97 20 tillfreds-

212 992 64 19 ställa
291 992 61 19 äfven
367 995 56 18 stora
438 993 121 26 fordringar.

283 1021 33 20 Då
331 1022 60 19 dessa
405 1023 58 20 delar
478 1023 23 20 af
513 1023 70 20 landet
599 1023 86 20 sålunda
701 1023 61 20 hafva
772 1023 68 19 blifvit
851 1023 46 19 med
905 1024 55 24 jern-

210 1053 66 23 vägar
296 1052 102 26 gynnade,
415 1059 49 13 vore
479 1053 34 19 det
528 1053 8 18 i
551 1053 88 25 sanning
654 1053 36 26 tid,
707 1055 31 17 att
753 1053 60 19 äfven
829 1052 34 20 det
879 1052 82 29 område

210 1080 23 19 af
252 1080 81 20 landets
354 1081 61 20 södra
430 1082 39 26 del,
486 1089 43 13 som
544 1083 67 25 ligger
626 1083 75 19 mellan
715 1082 130 25 Helsingfors
861 1082 38 19 och
914 1082 46 19 Åbo

210 1110 39 19 och
264 1110 80 19 hvilket
359 1118 53 19 man,
429 1112 7 19 i
451 1111 102 20 anseende
568 1112 31 19 till
615 1112 47 19 dess
673 1112 76 25 odling,
759 1111 89 20 industri
859 1112 37 19 och
907 1111 53 20 folk-

210 1139 83 26 mängd,
315 1140 37 19 bör
367 1141 70 19 kunna
452 1142 60 19 ställa
527 1141 7 19 i
549 1141 64 20 första
628 1144 93 23 rummet,
737 1141 67 20 blefve
823 1141 101 25 delaktigt
940 1141 23 19 af

210 1169 84 19 sådana.
324 1169 91 27 Enhvar,
438 1178 43 13 som
501 1171 78 20 känner
599 1171 60 20 dessa
675 1171 80 20 trakter
770 1172 65 19 måste
849 1170 110 27 medgifva,

210 1201 30 17 att
262 1205 26 13 en
308 1205 73 19 genom
401 1200 46 20 dem
468 1201 77 25 dragen
563 1201 88 25 jernväg
666 1201 70 19 säkert
751 1201 77 19 lemnar
843 1200 26 20 de
885 1203 76 17 största

209 1228 107 25 garantier
331 1229 31 19 för
379 1230 130 20 rentabilitet.

282 1258 108 26 Utgående
410 1260 47 19 från
476 1260 81 20 landets
576 1260 127 20 hufvudstad
723 1260 68 20 skulle
811 1260 40 19 den
866 1266 28 12 nu
909 1260 52 18 före-

208 1288 74 25 slagna
308 1288 68 20 banan
395 1291 86 23 tangera
501 1290 54 19 Esbo
575 1290 36 19 vik
630 1290 44 26 och,
690 1289 112 20 närmande
817 1289 33 25 sig
865 1289 95 26 Pikkala,

208 1318 27 24 gå
251 1317 69 20 direkt
336 1318 31 19 till
382 1318 119 26 Kyrkstads
516 1319 59 19 vexel
591 1320 11 18 &
617 1319 203 26 Hangö—Hyvinge
835 1319 73 24 banan,
923 1318 38 20 der

208 1346 41 20 den
264 1347 80 20 komme
360 1350 31 17 att
407 1348 72 20 beröra
493 1348 51 26 Lojo
560 1351 57 17 stora
632 1350 38 18 och
685 1348 127 20 natursköna
823 1348 36 26 sjö,
871 1348 90 20 derefter

208 1376 68 20 skulle
296 1377 40 20 den
356 1377 45 19 frän
421 1378 64 20 Karis
501 1378 75 20 station
591 1380 12 18 &
618 1379 89 19 nämnda
721 1379 54 19 bana
789 1379 28 24 gä
831 1378 53 19 förbi
899 1378 60 24 Pojo-

207 1406 63 19 viken
291 1406 34 20 via
343 1406 68 20 Skuru
426 1414 73 18 genom
514 1408 83 26 Tenala,
614 1408 82 26 Bjernä,
713 1408 130 26 Saloköping,
859 1407 98 27 Halikko,

282 1446 177 23 Jernvägsuiskottets
471 1448 106 18 betänkande
590 1447 35 19 N:o
638 1449 15 16 1.
