1064 1675
244 118 28 20 48
418 117 256 23 Motionsbetänkande
689 118 42 22 N:o
747 119 21 21 6.

438 529 322 42 Reservation.

284 615 34 21 Då
332 615 40 27 jag
393 615 47 22 icke
460 615 7 21 i
482 615 43 22 alla
545 615 117 22 afseenden
683 616 84 21 kunnat
791 615 75 22 förena
881 615 44 28 mig
940 622 31 15 om

217 649 117 21 utskottets
350 649 82 28 förslag
454 650 33 21 till
510 649 153 28 förordningar
678 650 113 28 angäende
806 650 129 28 försäljning
951 650 24 22 af

215 683 145 27 maltdrycker
382 684 39 21 och
444 690 94 21 svagare
560 684 137 28 rusdrycker,
717 691 63 15 anser
793 684 39 28 jag
847 685 44 27 mig
906 691 66 15 reser-

214 717 118 22 vationsvis
348 718 52 21 böra
422 718 33 22 till
478 718 134 22 Ständernas
631 718 100 28 pröfning
747 719 132 21 öfverlemna
894 719 78 21 nedan-

213 752 92 22 stäende
320 752 82 28 förslag
417 753 34 22 till
465 753 109 22 särskilda
590 754 127 27 ändringar:

476 823 21 26 a)
514 823 14 20 I
540 823 159 27 förordningen
714 823 95 21 rörande
824 823 147 28 maltdrycker.

285 873 125 22 Utskottets
425 874 83 27 förslag
523 874 34 21 till
572 874 117 22 förändrad
702 875 81 27 lydelse
796 874 25 22 af
827 875 12 26 $
850 877 10 19 1
872 875 8 21 i
890 874 82 28 nådiga

213 906 154 29 förordningen
376 908 25 21 af
412 909 40 21 den
465 911 12 19 2
491 909 61 27 April
567 911 62 23 1883,
639 915 32 16 om
683 909 131 28 försäljning
822 909 38 22 och
868 909 104 22 utskänk-

215 941 53 28 ning
276 942 26 21 af
307 943 151 27 maltdrycker,
467 943 91 22 innebär
565 943 146 28 möjligheten,
717 945 34 20 att
760 943 212 22 kommunalstämma

215 981 77 22 genom
308 979 32 19 ett
355 978 107 21 måhända
478 978 48 21 med
536 978 64 27 ringa
611 978 110 27 pluralitet
729 978 83 21 fattadt
822 978 71 21 beslut
903 978 68 21 skulle

213 1010 73 22 kunna
301 1011 66 28 lägga
389 1012 77 22 hinder
485 1013 8 21 i
513 1015 70 25 vägen
602 1012 36 22 för
653 1013 28 21 all
700 1012 199 27 minutförsäljning
913 1012 26 22 af
952 1013 19 20 öl

212 1044 56 22 inom
283 1045 133 28 kommunen,
433 1047 138 28 hvarigenom
582 1047 70 28 sagda
668 1047 78 27 drycks
762 1047 101 26 måttliga
874 1047 97 21 förbruk-

212 1079 53 27 ning
280 1081 28 26 på
323 1080 69 29 laglig
414 1083 44 26 väg
481 1081 91 22 förvisso
595 1081 71 22 blefve
686 1083 54 20 nära
755 1087 43 22 nog
813 1081 157 28 omöjliggjord,

214 1113 84 23 hvilket
312 1121 64 21 synes
398 1115 45 29 mig
465 1122 53 16 vara
541 1116 97 22 hvarken
653 1118 46 20 rätt
713 1116 54 22 eller
782 1115 188 28 ändamålsenligt,

212 1148 28 21 då
256 1148 64 28 fråga
335 1152 25 19 är
374 1156 33 16 om
430 1157 27 15 en
472 1150 73 28 dryck,
561 1157 51 20 som,
628 1157 32 15 om
677 1151 39 21 den
733 1150 64 22 äfven
812 1150 44 22 kan
871 1150 99 22 missbru-

211 1182 46 28 kas,
273 1184 68 21 likväl
363 1184 8 22 i
393 1185 39 21 och
451 1185 35 21 för
507 1185 34 28 sig
563 1188 25 18 är
610 1187 33 20 ett
658 1184 33 22 för
710 1185 74 21 helsan
800 1184 115 28 oskadligt,
932 1187 38 19 nä-

213 1218 68 22 rande
297 1219 39 21 och
352 1218 154 28 uppfriskande
522 1220 187 27 njutningsmedel.
736 1219 39 21 Om
792 1220 179 21 konsumenterna

211 1252 29 26 på
256 1252 75 23 landet
347 1252 47 23 icke
409 1254 74 21 kunna
498 1254 22 21 få
535 1254 58 27 köpa
608 1254 82 22 mindre
705 1256 27 19 än
748 1260 27 15 en
791 1254 33 21 hel
840 1254 55 27 korg
905 1254 26 27 öl,
943 1267 26 2 —

212 1286 35 21 till
262 1287 89 22 hvilken
374 1288 109 27 qvantitet
498 1289 108 21 utskottet
620 1289 103 21 hänvisar
739 1288 54 27 dem,
809 1301 26 3 —
851 1289 70 20 skulle
935 1289 35 20 så-

211 1320 54 22 dant
280 1321 107 22 dessutom
410 1322 45 22 dels
477 1323 113 22 föranleda
613 1322 107 28 förtäring
742 1323 25 21 af
783 1323 20 21 öl
825 1323 8 21 i
856 1322 115 28 obehöfligt

211 1357 59 20 stora
285 1357 111 26 mängder,
412 1357 45 22 dels
472 1357 116 22 framkalla
608 1357 114 22 allehanda
738 1357 73 22 försök
827 1359 34 19 att
876 1357 94 28 kringgå

211 1389 71 28 lagen.
312 1391 32 21 På
360 1391 70 27 grund
446 1391 64 22 häraf
522 1391 36 22 får
570 1392 41 27 jag
626 1391 89 22 föreslå:

281 1437 189 19 Ekonomiutskottets
483 1438 118 18 betänkande
614 1439 35 17 N:o
661 1439 17 17 5.
