1064 1661
298 135 246 22 Petitionsbetänkande
559 134 37 22 N:o
612 133 31 23 10.
812 135 11 20 7

91 205 69 21 mäste
181 204 110 21 erkännas
309 211 52 14 vara
377 211 27 14 en
421 203 33 22 för
469 205 71 19 staten
556 203 101 27 gagnelig
673 203 124 21 institution
815 203 39 21 och

90 239 231 28 privatskolelärarens
344 239 138 21 verksamhet
505 238 7 21 i
535 245 82 14 samma
640 239 54 26 grad
716 245 43 14 som
790 239 64 20 stats-

91 274 160 21 skolelärarens
274 273 56 21 afser
354 274 40 20 den
417 273 173 27 medborgerliga
606 272 139 28 bildningens
760 272 94 27 höjande

92 310 57 19 samt
165 308 94 21 sälunda
274 308 96 21 kommer
386 307 115 21 samhället
517 307 7 20 i
540 307 49 20 dess
604 306 74 22 helhet
693 306 33 21 till
741 307 64 27 godo,
822 313 32 20 sy-

94 349 37 15 nes
148 343 36 20 det
200 342 84 26 obilligt
299 341 106 22 handladt
421 342 48 20 frän
485 343 83 19 statens
585 341 48 21 sida
648 343 33 19 att
696 340 102 28 förvägra
813 341 42 20 den

91 384 51 14 man
165 377 52 21 eller
241 377 88 27 gvinna,
350 383 45 14 som
411 376 72 27 nägon
499 376 32 20 tid
546 375 85 22 utöfvat
646 375 209 22 lärareverksamhet

91 412 36 21 vid
146 411 140 28 privatskola,
306 412 42 20 den
368 410 92 26 förmän,
480 417 44 14 som
541 417 77 20 genom
634 410 150 27 föreliggande
800 409 56 28 peti-

92 447 46 20 tion
162 447 111 20 ästundas.
304 445 66 21 Afser
393 452 50 14 man
466 445 74 21 vidare
563 445 37 20 det
618 445 50 25 sätt,
685 444 83 27 hvarpä
784 445 72 20 denna

92 481 73 21 skolas
186 481 105 20 mälsmän
314 480 48 27 fyllt
385 480 32 21 sin
441 479 150 22 bestämmelse
606 479 7 21 i
630 480 42 20 den
693 478 163 22 fosterländska

92 515 140 27 bildningens
247 515 67 27 tjenst
329 515 69 20 måste
415 515 26 20 de
457 514 63 21 äfven
536 521 25 14 ur
572 515 73 20 denna
656 514 111 27 synpunkt
778 513 77 21 erkän-

93 556 40 15 nas
150 549 139 27 berättigade
304 549 34 21 till
354 550 36 19 det
406 549 65 27 hopp,
488 551 33 18 att
536 549 63 20 deras
610 548 75 27 billiga
695 548 96 27 anspräk
802 547 54 21 efter

94 584 140 28 möjligheten
250 583 61 21 skola
326 583 159 21 konsidereras.

162 618 45 21 Mot
232 618 36 21 det
290 617 76 28 gjorda
390 617 106 21 inskastet
512 619 32 19 att
561 617 28 21 all
606 617 156 26 undervisning
779 616 5 20 i
802 622 53 14 sam-

93 653 69 21 hället
177 666 28 2 —
221 652 82 22 hvilket
322 652 89 28 uttryck
429 652 36 21 väl
481 653 68 20 måste
565 658 64 15 anses
644 652 101 27 liktydigt
760 651 51 21 med
827 650 29 21 all

93 687 274 27 elementarundervisning
386 699 27 3 —
429 686 48 22 icke
500 693 50 15 vore
571 688 32 19 ett
627 688 83 19 statens
733 686 122 26 åliggande,

93 722 38 21 bör
148 722 90 26 erinras,
254 723 32 19 att
301 728 50 14 man
367 721 8 20 i
390 721 39 21 vår
443 721 32 21 tid
491 720 106 28 svårligen
614 720 36 21 vill
659 722 57 20 sätta
727 727 26 14 en
765 719 91 21 hämsko

92 756 34 22 för
142 757 26 20 de
184 755 265 27 bildningssträfvanden;
462 762 46 14 som
523 756 53 26 göra
591 755 32 27 sig
639 754 100 28 gällande
754 754 40 21 hos
809 754 47 20 vårt

93 790 53 26 folk,
162 797 78 20 genom
254 792 33 19 att
303 790 79 21 bereda
400 790 85 21 tillfälle
500 790 33 21 till
543 790 67 26 högre
621 789 148 27 skolbildning
780 789 76 20 endast

93 826 24 20 åt
141 827 31 18 ett
188 825 132 26 begränsadt
335 824 63 21 antal
415 824 60 25 barn,
492 824 108 27 nämligen
617 825 36 20 det
669 824 66 25 antal,
752 830 45 14 som
813 822 44 21 kan

91 860 119 27 inrymmas
227 859 8 20 i
255 862 31 17 ett
308 859 132 26 begränsadt
463 859 60 20 antal
546 858 134 21 statsskolor.
717 857 80 22 Därtill
820 857 37 20 må

93 894 158 27 jhågkommas,
267 893 56 21 huru
338 893 87 28 mycket
436 899 59 15 mera
507 893 70 21 direkt
588 893 40 21 och
639 893 109 20 kännbart
764 893 26 20 de
801 891 57 27 höga

93 928 209 28 terminsafgifterna
324 928 8 21 i
350 928 150 27 privatskolan
527 928 82 21 drabba
633 928 92 20 barnens
748 926 111 22 föräldrar

94 965 28 19 än
138 964 43 20 den
197 963 116 27 tillökning
323 963 7 20 i
341 962 142 26 statskassan,
501 970 45 14 som
561 962 70 21 blefve
646 962 82 28 följden
744 962 25 20 af
782 963 33 19 att
826 959 33 23 all

93 996 274 29 privatskoleverksamhet
390 996 121 28 upphörde,
527 996 74 22 träffar
617 998 42 19 den
676 996 98 21 enskilda
800 996 57 20 med-

95 1032 114 27 borgaren.

164 1066 50 21 Men
231 1066 28 20 då
273 1065 151 27 föreliggande
440 1065 62 27 fråga
517 1065 136 27 väsentligen
664 1066 25 20 är
699 1065 24 21 af
731 1064 127 22 ekonomisk

94 1103 73 22 natur,
191 1100 39 21 har
253 1100 107 21 utskottet
382 1102 54 19 trott
459 1100 33 27 sig
508 1100 52 21 böra
575 1107 55 20 egna
647 1107 25 14 en
689 1102 99 19 närmare
803 1106 55 20 upp-

93 1134 149 21 märksamhet
264 1135 23 20 åt
308 1135 72 20 denna
404 1135 47 20 sida
474 1134 25 21 af
520 1134 72 21 saken.
624 1134 46 21 Och
692 1134 40 21 har
752 1134 106 21 utskottet

93 1169 77 21 därvid
193 1169 91 21 kommit
306 1168 33 21 till
356 1169 36 20 det
408 1169 98 26 resultat,
523 1171 32 18 att
571 1169 42 20 den
629 1169 123 26 föreslagna
768 1168 87 21 ändrin-

94 1209 41 21 gen
158 1203 48 21 icke
229 1203 85 21 komme
337 1205 33 19 att
386 1203 98 21 medföra
499 1204 68 20 sådan
583 1203 85 21 tillväxt
683 1204 7 20 i
706 1203 84 21 antalet
805 1209 54 22 pen-

94 1238 146 27 sionstagare,
256 1240 32 19 att
304 1237 127 27 därigenom
442 1237 69 22 skulle
522 1237 124 22 förorsakas
657 1239 71 26 någon
739 1237 120 22 nämnvärd

94 1272 97 27 stegring
214 1272 25 21 af
259 1272 172 29 statsbudgeten.
463 1272 41 21 Om
527 1272 33 21 till
583 1272 40 21 och
647 1273 49 20 med
710 1273 37 20 det
763 1273 95 20 extrema

93 1307 39 20 fall
155 1307 122 24 inträffade,
300 1309 33 18 att
356 1300 137 33 småningom
516 1307 44 20 alla
581 1307 106 21 vakanser
703 1307 7 20 i
726 1305 132 22 statsskolan

93 1341 97 20 besattes
213 1341 49 20 med
286 1341 211 26 privatskolelärare,
520 1340 74 22 hvilka
615 1341 43 21 alla
673 1341 55 20 hade
742 1341 71 27 jämnt
829 1339 29 21 tio

93 1375 107 27 tjensteår
223 1375 40 20 och
286 1375 64 20 dessa
365 1375 36 20 vid
417 1375 38 20 sitt
470 1375 87 21 inträde
571 1375 8 20 i
595 1375 123 27 statstjenst
732 1375 57 21 hade
804 1381 55 20 upp-

94 1409 49 21 nått
158 1416 84 14 samma
257 1409 105 27 åldersår,
379 1416 46 15 som
441 1410 27 20 de
486 1409 71 22 direkt
567 1410 6 20 i
585 1409 131 22 statsskolan
728 1409 132 21 inträdande

164 1450 106 19 Allmänna
284 1450 194 20 Besvärsutskottets
494 1451 117 19 betänkande
627 1451 38 19 N:o
682 1451 18 19 7.
