<?xml version="1.0" encoding="UTF-8"?>
<alto xmlns="http://www.loc.gov/standards/alto/ns-v3#" xmlns:xlink="http://www.w3.org/1999/xlink" xmlns:xsi="http://www.w3.org/2001/XMLSchema-instance" xsi:schemaLocation="http://www.loc.gov/standards/alto/ns-v3# http://www.loc.gov/alto/v3/alto-3-0.xsd">
	<Description>
		<MeasurementUnit>pixel</MeasurementUnit>
		<sourceImageInformation>
			<fileName>/tmp/tess__q66csan_input.PNG</fileName>
		</sourceImageInformation>
		<OCRProcessing ID="OCR_0">
			<ocrProcessingStep>
				<processingSoftware>
					<softwareName>tesseract 5.3.4</softwareName>
				</processingSoftware>
			</ocrProcessingStep>
		</OCRProcessing>
	</Description>
	<Layout>
		<Page WIDTH="1067" HEIGHT="1667" PHYSICAL_IMG_NR="0" ID="page_0">
			<PrintSpace HPOS="0" VPOS="0" WIDTH="1067" HEIGHT="1667">
				<ComposedBlock ID="cblock_0" HPOS="266" VPOS="122" WIDTH="511" HEIGHT="24">
					<TextBlock ID="block_0" HPOS="266" VPOS="122" WIDTH="511" HEIGHT="24">
						<TextLine ID="line_0" HPOS="266" VPOS="122" WIDTH="511" HEIGHT="24">
							<String ID="string_0" HPOS="266" VPOS="125" WIDTH="13" HEIGHT="21" WC="0.95" CONTENT="6"/><SP WIDTH="171" VPOS="125" HPOS="279"/>
							<String ID="string_1" HPOS="450" VPOS="124" WIDTH="233" HEIGHT="22" WC="0.91" CONTENT="Petitionbetänkande"/><SP WIDTH="14" VPOS="124" HPOS="683"/>
							<String ID="string_2" HPOS="697" VPOS="123" WIDTH="36" HEIGHT="23" WC="0.95" CONTENT="N:o"/><SP WIDTH="16" VPOS="123" HPOS="733"/>
							<String ID="string_3" HPOS="749" VPOS="122" WIDTH="28" HEIGHT="23" WC="0.96" CONTENT="17."/>
						</TextLine>
					</TextBlock>
				</ComposedBlock>
				<ComposedBlock ID="cblock_1" HPOS="220" VPOS="192" WIDTH="771" HEIGHT="513">
					<TextBlock ID="block_1" HPOS="236" VPOS="192" WIDTH="753" HEIGHT="61">
						<TextLine ID="line_1" HPOS="236" VPOS="192" WIDTH="753" HEIGHT="28">
							<String ID="string_4" HPOS="236" VPOS="193" WIDTH="29" HEIGHT="21" WC="0.96" CONTENT="60"/><SP WIDTH="22" VPOS="193" HPOS="265"/>
							<String ID="string_5" HPOS="287" VPOS="192" WIDTH="110" HEIGHT="28" WC="0.96" CONTENT="patienter"/><SP WIDTH="22" VPOS="192" HPOS="397"/>
							<String ID="string_6" HPOS="419" VPOS="194" WIDTH="49" HEIGHT="20" WC="0.95" CONTENT="med"/><SP WIDTH="20" VPOS="194" HPOS="468"/>
							<String ID="string_7" HPOS="488" VPOS="194" WIDTH="37" HEIGHT="20" WC="0.96" CONTENT="det"/><SP WIDTH="15" VPOS="194" HPOS="525"/>
							<String ID="string_8" HPOS="540" VPOS="192" WIDTH="68" HEIGHT="22" WC="0.96" CONTENT="första"/><SP WIDTH="15" VPOS="192" HPOS="608"/>
							<String ID="string_9" HPOS="623" VPOS="194" WIDTH="33" HEIGHT="20" WC="0.96" CONTENT="att"/><SP WIDTH="16" VPOS="194" HPOS="656"/>
							<String ID="string_10" HPOS="672" VPOS="194" WIDTH="94" HEIGHT="26" WC="0.96" CONTENT="öppnas;"/><SP WIDTH="24" VPOS="194" HPOS="766"/>
							<String ID="string_11" HPOS="790" VPOS="193" WIDTH="137" HEIGHT="21" WC="0.96" CONTENT="återstående"/><SP WIDTH="22" VPOS="193" HPOS="927"/>
							<String ID="string_12" HPOS="949" VPOS="192" WIDTH="40" HEIGHT="22" WC="0.96" CONTENT="132"/>
						</TextLine>
						<TextLine ID="line_2" HPOS="236" VPOS="226" WIDTH="494" HEIGHT="27">
							<String ID="string_13" HPOS="236" VPOS="226" WIDTH="82" HEIGHT="27" WC="0.96" CONTENT="platser"/><SP WIDTH="16" VPOS="226" HPOS="318"/>
							<String ID="string_14" HPOS="334" VPOS="226" WIDTH="120" HEIGHT="23" WC="0.96" CONTENT="tillkomma"/><SP WIDTH="15" VPOS="226" HPOS="454"/>
							<String ID="string_15" HPOS="469" VPOS="228" WIDTH="122" HEIGHT="21" WC="0.96" CONTENT="sedermera"/><SP WIDTH="16" VPOS="228" HPOS="591"/>
							<String ID="string_16" HPOS="607" VPOS="227" WIDTH="123" HEIGHT="21" WC="0.96" CONTENT="successivt."/>
						</TextLine>
					</TextBlock>
					<TextBlock ID="block_2" HPOS="236" VPOS="261" WIDTH="755" HEIGHT="98">
						<TextLine ID="line_3" HPOS="306" VPOS="261" WIDTH="684" HEIGHT="28">
							<String ID="string_17" HPOS="306" VPOS="261" WIDTH="110" HEIGHT="27" WC="0.96" CONTENT="Därjämte"/><SP WIDTH="11" VPOS="261" HPOS="416"/>
							<String ID="string_18" HPOS="427" VPOS="262" WIDTH="41" HEIGHT="21" WC="0.96" CONTENT="har"/><SP WIDTH="9" VPOS="262" HPOS="468"/>
							<String ID="string_19" HPOS="477" VPOS="262" WIDTH="105" HEIGHT="27" WC="0.96" CONTENT="styrelsen"/><SP WIDTH="11" VPOS="262" HPOS="582"/>
							<String ID="string_20" HPOS="593" VPOS="262" WIDTH="49" HEIGHT="20" WC="0.96" CONTENT="låtit"/><SP WIDTH="16" VPOS="262" HPOS="642"/>
							<String ID="string_21" HPOS="658" VPOS="262" WIDTH="1" HEIGHT="20" WC="0.96" CONTENT="i"/><SP WIDTH="12" VPOS="262" HPOS="659"/>
							<String ID="string_22" HPOS="671" VPOS="261" WIDTH="104" HEIGHT="22" WC="0.96" CONTENT="Kexholm"/><SP WIDTH="10" VPOS="261" HPOS="775"/>
							<String ID="string_23" HPOS="785" VPOS="262" WIDTH="82" HEIGHT="21" WC="0.96" CONTENT="inrätta"/><SP WIDTH="11" VPOS="262" HPOS="867"/>
							<String ID="string_24" HPOS="878" VPOS="264" WIDTH="30" HEIGHT="19" WC="0.93" CONTENT="ett"/><SP WIDTH="12" VPOS="264" HPOS="908"/>
							<String ID="string_25" HPOS="920" VPOS="262" WIDTH="70" HEIGHT="27" WC="0.90" CONTENT="hospi:"/>
						</TextLine>
						<TextLine ID="line_4" HPOS="236" VPOS="296" WIDTH="755" HEIGHT="28">
							<String ID="string_26" HPOS="236" VPOS="296" WIDTH="30" HEIGHT="20" WC="0.95" CONTENT="tal"/><SP WIDTH="17" VPOS="296" HPOS="266"/>
							<String ID="string_27" HPOS="283" VPOS="296" WIDTH="32" HEIGHT="21" WC="0.95" CONTENT="för"/><SP WIDTH="16" VPOS="296" HPOS="315"/>
							<String ID="string_28" HPOS="331" VPOS="296" WIDTH="91" HEIGHT="28" WC="0.96" CONTENT="obotligt"/><SP WIDTH="15" VPOS="296" HPOS="422"/>
							<String ID="string_29" HPOS="437" VPOS="296" WIDTH="138" HEIGHT="28" WC="0.96" CONTENT="sinnessjuka"/><SP WIDTH="20" VPOS="296" HPOS="575"/>
							<String ID="string_30" HPOS="595" VPOS="296" WIDTH="40" HEIGHT="21" WC="0.93" CONTENT="och"/><SP WIDTH="16" VPOS="296" HPOS="635"/>
							<String ID="string_31" HPOS="651" VPOS="296" WIDTH="172" HEIGHT="22" WC="0.90" CONTENT="kriminaldårar."/><SP WIDTH="31" VPOS="296" HPOS="823"/>
							<String ID="string_32" HPOS="854" VPOS="297" WIDTH="76" HEIGHT="21" WC="0.96" CONTENT="Denna"/><SP WIDTH="16" VPOS="297" HPOS="930"/>
							<String ID="string_33" HPOS="946" VPOS="296" WIDTH="45" HEIGHT="28" WC="0.96" CONTENT="asyl"/>
						</TextLine>
						<TextLine ID="line_5" HPOS="236" VPOS="331" WIDTH="447" HEIGHT="28">
							<String ID="string_34" HPOS="236" VPOS="331" WIDTH="113" HEIGHT="27" WC="0.96" CONTENT="öppnades"/><SP WIDTH="15" VPOS="331" HPOS="349"/>
							<String ID="string_35" HPOS="364" VPOS="332" WIDTH="25" HEIGHT="20" WC="0.97" CONTENT="år"/><SP WIDTH="15" VPOS="332" HPOS="389"/>
							<String ID="string_36" HPOS="404" VPOS="332" WIDTH="55" HEIGHT="21" WC="0.96" CONTENT="1889"/><SP WIDTH="15" VPOS="332" HPOS="459"/>
							<String ID="string_37" HPOS="474" VPOS="332" WIDTH="49" HEIGHT="20" WC="0.96" CONTENT="med"/><SP WIDTH="19" VPOS="332" HPOS="523"/>
							<String ID="string_38" HPOS="542" VPOS="332" WIDTH="39" HEIGHT="20" WC="0.95" CONTENT="132"/><SP WIDTH="15" VPOS="332" HPOS="581"/>
							<String ID="string_39" HPOS="596" VPOS="331" WIDTH="87" HEIGHT="28" WC="0.95" CONTENT="platser."/>
						</TextLine>
					</TextBlock>
					<TextBlock ID="block_3" HPOS="230" VPOS="365" WIDTH="761" HEIGHT="167">
						<TextLine ID="line_6" HPOS="305" VPOS="365" WIDTH="686" HEIGHT="28">
							<String ID="string_40" HPOS="305" VPOS="366" WIDTH="105" HEIGHT="27" WC="0.95" CONTENT="Slutligen"/><SP WIDTH="23" VPOS="366" HPOS="410"/>
							<String ID="string_41" HPOS="433" VPOS="366" WIDTH="40" HEIGHT="21" WC="0.92" CONTENT="har"/><SP WIDTH="22" VPOS="366" HPOS="473"/>
							<String ID="string_42" HPOS="495" VPOS="366" WIDTH="202" HEIGHT="27" WC="0.90" CONTENT="civilexpeditionen"/><SP WIDTH="21" VPOS="366" HPOS="697"/>
							<String ID="string_43" HPOS="718" VPOS="366" WIDTH="6" HEIGHT="20" WC="0.96" CONTENT="i"/><SP WIDTH="20" VPOS="366" HPOS="724"/>
							<String ID="string_44" HPOS="744" VPOS="365" WIDTH="111" HEIGHT="22" WC="0.96" CONTENT="skrifvelse"/><SP WIDTH="15" VPOS="365" HPOS="855"/>
							<String ID="string_45" HPOS="870" VPOS="366" WIDTH="25" HEIGHT="21" WC="0.96" CONTENT="af"/><SP WIDTH="12" VPOS="366" HPOS="895"/>
							<String ID="string_46" HPOS="907" VPOS="367" WIDTH="41" HEIGHT="20" WC="0.96" CONTENT="den"/><SP WIDTH="18" VPOS="367" HPOS="948"/>
							<String ID="string_47" HPOS="966" VPOS="367" WIDTH="25" HEIGHT="20" WC="0.96" CONTENT="13"/>
						</TextLine>
						<TextLine ID="line_7" HPOS="237" VPOS="400" WIDTH="753" HEIGHT="28">
							<String ID="string_48" HPOS="237" VPOS="401" WIDTH="41" HEIGHT="27" WC="0.96" CONTENT="maj"/><SP WIDTH="20" VPOS="401" HPOS="278"/>
							<String ID="string_49" HPOS="298" VPOS="401" WIDTH="54" HEIGHT="22" WC="0.93" CONTENT="1890"/><SP WIDTH="15" VPOS="401" HPOS="352"/>
							<String ID="string_50" HPOS="367" VPOS="402" WIDTH="103" HEIGHT="20" WC="0.92" CONTENT="anmodat"/><SP WIDTH="20" VPOS="402" HPOS="470"/>
							<String ID="string_51" HPOS="490" VPOS="400" WIDTH="218" HEIGHT="28" WC="0.89" CONTENT="medicinalstyrelsen"/><SP WIDTH="21" VPOS="400" HPOS="708"/>
							<String ID="string_52" HPOS="729" VPOS="402" WIDTH="33" HEIGHT="20" WC="0.93" CONTENT="att"/><SP WIDTH="15" VPOS="402" HPOS="762"/>
							<String ID="string_53" HPOS="777" VPOS="401" WIDTH="99" HEIGHT="27" WC="0.91" CONTENT="uppgöra"/><SP WIDTH="15" VPOS="401" HPOS="876"/>
							<String ID="string_54" HPOS="891" VPOS="408" WIDTH="99" HEIGHT="20" WC="0.96" CONTENT="program"/>
						</TextLine>
						<TextLine ID="line_8" HPOS="235" VPOS="435" WIDTH="756" HEIGHT="27">
							<String ID="string_55" HPOS="235" VPOS="435" WIDTH="33" HEIGHT="21" WC="0.96" CONTENT="för"/><SP WIDTH="16" VPOS="435" HPOS="268"/>
							<String ID="string_56" HPOS="284" VPOS="435" WIDTH="145" HEIGHT="27" WC="0.96" CONTENT="uppförandet"/><SP WIDTH="16" VPOS="435" HPOS="429"/>
							<String ID="string_57" HPOS="445" VPOS="436" WIDTH="25" HEIGHT="21" WC="0.96" CONTENT="af"/><SP WIDTH="13" VPOS="436" HPOS="470"/>
							<String ID="string_58" HPOS="483" VPOS="436" WIDTH="40" HEIGHT="20" WC="0.95" CONTENT="den"/><SP WIDTH="12" VPOS="436" HPOS="523"/>
							<String ID="string_59" HPOS="535" VPOS="435" WIDTH="112" HEIGHT="21" WC="0.93" CONTENT="tilltänkta"/><SP WIDTH="10" VPOS="435" HPOS="647"/>
							<String ID="string_60" HPOS="657" VPOS="435" WIDTH="191" HEIGHT="21" WC="0.90" CONTENT="centralanstalten"/><SP WIDTH="12" VPOS="435" HPOS="848"/>
							<String ID="string_61" HPOS="860" VPOS="435" WIDTH="58" HEIGHT="21" WC="0.93" CONTENT="invid"/><SP WIDTH="11" VPOS="435" HPOS="918"/>
							<String ID="string_62" HPOS="929" VPOS="435" WIDTH="62" HEIGHT="21" WC="0.92" CONTENT="Tam-"/>
						</TextLine>
						<TextLine ID="line_9" HPOS="235" VPOS="469" WIDTH="755" HEIGHT="28">
							<String ID="string_63" HPOS="235" VPOS="470" WIDTH="97" HEIGHT="27" WC="0.88" CONTENT="merfors,"/><SP WIDTH="24" VPOS="470" HPOS="332"/>
							<String ID="string_64" HPOS="356" VPOS="470" WIDTH="86" HEIGHT="21" WC="0.96" CONTENT="hvilken"/><SP WIDTH="25" VPOS="470" HPOS="442"/>
							<String ID="string_65" HPOS="467" VPOS="470" WIDTH="66" HEIGHT="27" WC="0.96" CONTENT="enligt"/><SP WIDTH="24" VPOS="470" HPOS="533"/>
							<String ID="string_66" HPOS="557" VPOS="471" WIDTH="54" HEIGHT="21" WC="0.96" CONTENT="1877"/><SP WIDTH="21" VPOS="471" HPOS="611"/>
							<String ID="string_67" HPOS="632" VPOS="470" WIDTH="35" HEIGHT="21" WC="0.96" CONTENT="års"/><SP WIDTH="18" VPOS="470" HPOS="667"/>
							<String ID="string_68" HPOS="685" VPOS="469" WIDTH="123" HEIGHT="28" WC="0.96" CONTENT="grundplan"/><SP WIDTH="17" VPOS="469" HPOS="808"/>
							<String ID="string_69" HPOS="825" VPOS="469" WIDTH="32" HEIGHT="21" WC="0.96" CONTENT="till"/><SP WIDTH="16" VPOS="469" HPOS="857"/>
							<String ID="string_70" HPOS="873" VPOS="476" WIDTH="25" HEIGHT="14" WC="0.96" CONTENT="en"/><SP WIDTH="17" VPOS="476" HPOS="898"/>
							<String ID="string_71" HPOS="915" VPOS="470" WIDTH="75" HEIGHT="27" WC="0.96" CONTENT="början"/>
						</TextLine>
						<TextLine ID="line_10" HPOS="230" VPOS="504" WIDTH="760" HEIGHT="28">
							<String ID="string_72" HPOS="230" VPOS="504" WIDTH="91" HEIGHT="26" WC="0.50" CONTENT="&quot;komme"/><SP WIDTH="16" VPOS="504" HPOS="321"/>
							<String ID="string_73" HPOS="337" VPOS="506" WIDTH="32" HEIGHT="19" WC="0.96" CONTENT="att"/><SP WIDTH="16" VPOS="506" HPOS="369"/>
							<String ID="string_74" HPOS="385" VPOS="504" WIDTH="91" HEIGHT="22" WC="0.96" CONTENT="omfatta"/><SP WIDTH="16" VPOS="504" HPOS="476"/>
							<String ID="string_75" HPOS="492" VPOS="504" WIDTH="99" HEIGHT="27" WC="0.84" CONTENT="omkring"/><SP WIDTH="17" VPOS="504" HPOS="591"/>
							<String ID="string_76" HPOS="608" VPOS="505" WIDTH="41" HEIGHT="21" WC="0.93" CONTENT="100"/><SP WIDTH="15" VPOS="505" HPOS="649"/>
							<String ID="string_77" HPOS="664" VPOS="504" WIDTH="132" HEIGHT="28" WC="0.91" CONTENT="sjukplatser"/><SP WIDTH="16" VPOS="504" HPOS="796"/>
							<String ID="string_78" HPOS="812" VPOS="511" WIDTH="48" HEIGHT="14" WC="0.96" CONTENT="men"/><SP WIDTH="13" VPOS="511" HPOS="860"/>
							<String ID="string_79" HPOS="873" VPOS="505" WIDTH="47" HEIGHT="20" WC="0.96" CONTENT="med"/><SP WIDTH="12" VPOS="505" HPOS="920"/>
							<String ID="string_80" HPOS="932" VPOS="504" WIDTH="58" HEIGHT="21" WC="0.97" CONTENT="tiden"/>
						</TextLine>
					</TextBlock>
					<TextBlock ID="block_4" HPOS="220" VPOS="531" WIDTH="557" HEIGHT="35">
						<TextLine ID="line_11" HPOS="220" VPOS="531" WIDTH="557" HEIGHT="35">
							<String ID="string_81" HPOS="220" VPOS="531" WIDTH="115" HEIGHT="35" WC="0.17" CONTENT="Rtvidgas"/><SP WIDTH="16" VPOS="531" HPOS="335"/>
							<String ID="string_82" HPOS="351" VPOS="538" WIDTH="31" HEIGHT="21" WC="0.96" CONTENT="till"/><SP WIDTH="17" VPOS="538" HPOS="382"/>
							<String ID="string_83" HPOS="399" VPOS="545" WIDTH="83" HEIGHT="15" WC="0.93" CONTENT="samma"/><SP WIDTH="15" VPOS="545" HPOS="482"/>
							<String ID="string_84" HPOS="497" VPOS="539" WIDTH="87" HEIGHT="27" WC="0.96" CONTENT="omfång"/><SP WIDTH="15" VPOS="539" HPOS="584"/>
							<String ID="string_85" HPOS="599" VPOS="546" WIDTH="46" HEIGHT="14" WC="0.96" CONTENT="som"/><SP WIDTH="16" VPOS="546" HPOS="645"/>
							<String ID="string_86" HPOS="661" VPOS="538" WIDTH="116" HEIGHT="28" WC="0.96" CONTENT="Fagernäs."/>
						</TextLine>
					</TextBlock>
					<TextBlock ID="block_5" HPOS="235" VPOS="573" WIDTH="755" HEIGHT="132">
						<TextLine ID="line_12" HPOS="305" VPOS="573" WIDTH="683" HEIGHT="22">
							<String ID="string_87" HPOS="305" VPOS="573" WIDTH="42" HEIGHT="21" WC="0.96" CONTENT="För"/><SP WIDTH="23" VPOS="573" HPOS="347"/>
							<String ID="string_88" HPOS="370" VPOS="574" WIDTH="135" HEIGHT="20" WC="0.96" CONTENT="närvarande"/><SP WIDTH="22" VPOS="574" HPOS="505"/>
							<String ID="string_89" HPOS="527" VPOS="573" WIDTH="70" HEIGHT="21" WC="0.93" CONTENT="finnas"/><SP WIDTH="19" VPOS="573" HPOS="597"/>
							<String ID="string_90" HPOS="616" VPOS="573" WIDTH="92" HEIGHT="21" WC="0.96" CONTENT="sålunda"/><SP WIDTH="15" VPOS="573" HPOS="708"/>
							<String ID="string_91" HPOS="723" VPOS="573" WIDTH="7" HEIGHT="21" WC="0.96" CONTENT="i"/><SP WIDTH="15" VPOS="573" HPOS="730"/>
							<String ID="string_92" HPOS="745" VPOS="573" WIDTH="75" HEIGHT="22" WC="0.93" CONTENT="landet"/><SP WIDTH="15" VPOS="573" HPOS="820"/>
							<String ID="string_93" HPOS="835" VPOS="574" WIDTH="79" HEIGHT="20" WC="0.91" CONTENT="tvänne"/><SP WIDTH="16" VPOS="574" HPOS="914"/>
							<String ID="string_94" HPOS="930" VPOS="573" WIDTH="58" HEIGHT="21" WC="0.85" CONTENT="kom-"/>
						</TextLine>
						<TextLine ID="line_13" HPOS="236" VPOS="608" WIDTH="751" HEIGHT="28">
							<String ID="string_95" HPOS="236" VPOS="608" WIDTH="102" HEIGHT="21" WC="0.92" CONTENT="binerade"/><SP WIDTH="16" VPOS="608" HPOS="338"/>
							<String ID="string_96" HPOS="354" VPOS="608" WIDTH="49" HEIGHT="20" WC="0.91" CONTENT="kur-"/><SP WIDTH="15" VPOS="608" HPOS="403"/>
							<String ID="string_97" HPOS="418" VPOS="608" WIDTH="41" HEIGHT="21" WC="0.93" CONTENT="och"/><SP WIDTH="15" VPOS="608" HPOS="459"/>
							<String ID="string_98" HPOS="474" VPOS="608" WIDTH="167" HEIGHT="27" WC="0.91" CONTENT="värdanstalser,"/><SP WIDTH="17" VPOS="608" HPOS="641"/>
							<String ID="string_99" HPOS="658" VPOS="609" WIDTH="37" HEIGHT="20" WC="0.93" CONTENT="tvä"/><SP WIDTH="14" VPOS="609" HPOS="695"/>
							<String ID="string_100" HPOS="709" VPOS="608" WIDTH="72" HEIGHT="28" WC="0.92" CONTENT="asyler"/><SP WIDTH="15" VPOS="608" HPOS="781"/>
							<String ID="string_101" HPOS="796" VPOS="608" WIDTH="34" HEIGHT="21" WC="0.93" CONTENT="för"/><SP WIDTH="16" VPOS="608" HPOS="830"/>
							<String ID="string_102" HPOS="846" VPOS="608" WIDTH="90" HEIGHT="27" WC="0.91" CONTENT="obotligt"/><SP WIDTH="11" VPOS="608" HPOS="936"/>
							<String ID="string_103" HPOS="947" VPOS="608" WIDTH="40" HEIGHT="21" WC="0.93" CONTENT="sin-"/>
						</TextLine>
						<TextLine ID="line_14" HPOS="236" VPOS="642" WIDTH="754" HEIGHT="28">
							<String ID="string_104" HPOS="236" VPOS="642" WIDTH="103" HEIGHT="28" WC="0.91" CONTENT="nessjuka"/><SP WIDTH="21" VPOS="642" HPOS="339"/>
							<String ID="string_105" HPOS="360" VPOS="645" WIDTH="55" HEIGHT="19" WC="0.96" CONTENT="samt"/><SP WIDTH="23" VPOS="645" HPOS="415"/>
							<String ID="string_106" HPOS="438" VPOS="643" WIDTH="42" HEIGHT="21" WC="0.88" CONTENT="fem"/><SP WIDTH="23" VPOS="643" HPOS="480"/>
							<String ID="string_107" HPOS="503" VPOS="643" WIDTH="253" HEIGHT="27" WC="0.88" CONTENT="upptagningsanstalter"/><SP WIDTH="23" VPOS="643" HPOS="756"/>
							<String ID="string_108" HPOS="779" VPOS="644" WIDTH="47" HEIGHT="20" WC="0.93" CONTENT="med"/><SP WIDTH="23" VPOS="644" HPOS="826"/>
							<String ID="string_109" HPOS="849" VPOS="642" WIDTH="77" HEIGHT="22" WC="0.91" CONTENT="inalles"/><SP WIDTH="21" VPOS="642" HPOS="926"/>
							<String ID="string_110" HPOS="947" VPOS="644" WIDTH="43" HEIGHT="20" WC="0.94" CONTENT="515"/>
						</TextLine>
						<TextLine ID="line_15" HPOS="235" VPOS="677" WIDTH="754" HEIGHT="28">
							<String ID="string_111" HPOS="235" VPOS="677" WIDTH="138" HEIGHT="27" WC="0.92" CONTENT="sjukplatser."/><SP WIDTH="24" VPOS="677" HPOS="373"/>
							<String ID="string_112" HPOS="397" VPOS="678" WIDTH="102" HEIGHT="20" WC="0.92" CONTENT="Staterna"/><SP WIDTH="14" VPOS="678" HPOS="499"/>
							<String ID="string_113" HPOS="513" VPOS="678" WIDTH="25" HEIGHT="20" WC="0.96" CONTENT="af"/><SP WIDTH="13" VPOS="678" HPOS="538"/>
							<String ID="string_114" HPOS="551" VPOS="678" WIDTH="24" HEIGHT="20" WC="0.91" CONTENT="är"/><SP WIDTH="17" VPOS="678" HPOS="575"/>
							<String ID="string_115" HPOS="592" VPOS="678" WIDTH="54" HEIGHT="21" WC="0.96" CONTENT="1890"/><SP WIDTH="16" VPOS="678" HPOS="646"/>
							<String ID="string_116" HPOS="662" VPOS="678" WIDTH="33" HEIGHT="20" WC="0.96" CONTENT="för"/><SP WIDTH="15" VPOS="678" HPOS="695"/>
							<String ID="string_117" HPOS="710" VPOS="678" WIDTH="26" HEIGHT="20" WC="0.93" CONTENT="de"/><SP WIDTH="16" VPOS="678" HPOS="736"/>
							<String ID="string_118" HPOS="752" VPOS="677" WIDTH="47" HEIGHT="28" WC="0.92" CONTENT="fyra"/><SP WIDTH="15" VPOS="677" HPOS="799"/>
							<String ID="string_119" HPOS="814" VPOS="677" WIDTH="132" HEIGHT="21" WC="0.92" CONTENT="förstnämda"/><SP WIDTH="12" VPOS="677" HPOS="946"/>
							<String ID="string_120" HPOS="958" VPOS="678" WIDTH="31" HEIGHT="20" WC="0.92" CONTENT="in-"/>
						</TextLine>
					</TextBlock>
				</ComposedBlock>
				<ComposedBlock ID="cblock_2" HPOS="235" VPOS="712" WIDTH="533" HEIGHT="27">
					<TextBlock ID="block_6" HPOS="235" VPOS="712" WIDTH="533" HEIGHT="27">
						<TextLine ID="line_16" HPOS="235" VPOS="712" WIDTH="533" HEIGHT="27">
							<String ID="string_121" HPOS="235" VPOS="712" WIDTH="149" HEIGHT="27" WC="0.91" CONTENT="rättningarne"/><SP WIDTH="17" VPOS="712" HPOS="384"/>
							<String ID="string_122" HPOS="401" VPOS="712" WIDTH="58" HEIGHT="21" WC="0.91" CONTENT="sluta"/><SP WIDTH="15" VPOS="712" HPOS="459"/>
							<String ID="string_123" HPOS="474" VPOS="720" WIDTH="13" HEIGHT="13" WC="0.91" CONTENT="&amp;"/><SP WIDTH="16" VPOS="720" HPOS="487"/>
							<String ID="string_124" HPOS="503" VPOS="713" WIDTH="160" HEIGHT="21" WC="0.91" CONTENT="nedanstäende"/><SP WIDTH="16" VPOS="713" HPOS="663"/>
							<String ID="string_125" HPOS="679" VPOS="712" WIDTH="89" HEIGHT="27" WC="0.90" CONTENT="belopp:"/>
						</TextLine>
					</TextBlock>
				</ComposedBlock>
				<ComposedBlock ID="cblock_3" HPOS="310" VPOS="748" WIDTH="605" HEIGHT="170">
					<TextBlock ID="block_7" HPOS="310" VPOS="748" WIDTH="605" HEIGHT="170">
						<TextLine ID="line_17" HPOS="625" VPOS="748" WIDTH="247" HEIGHT="36">
							<String ID="string_126" HPOS="625" VPOS="748" WIDTH="94" HEIGHT="36" WC="0.96" CONTENT="Platser."/><SP WIDTH="106" VPOS="748" HPOS="719"/>
							<String ID="string_127" HPOS="825" VPOS="753" WIDTH="47" HEIGHT="26" WC="0.47" CONTENT="Fay"/>
						</TextLine>
						<TextLine ID="line_18" HPOS="310" VPOS="786" WIDTH="604" HEIGHT="28">
							<String ID="string_128" HPOS="310" VPOS="786" WIDTH="111" HEIGHT="28" WC="0.92" CONTENT="Lappviks"/><SP WIDTH="16" VPOS="786" HPOS="421"/>
							<String ID="string_129" HPOS="437" VPOS="787" WIDTH="90" HEIGHT="26" WC="0.96" CONTENT="sjukhus"/><SP WIDTH="11" VPOS="787" HPOS="527"/>
							<String ID="string_130" HPOS="538" VPOS="798" WIDTH="33" HEIGHT="5" WC="0.53" CONTENT="---"/><SP WIDTH="25" VPOS="798" HPOS="571"/>
							<String ID="string_131" HPOS="596" VPOS="782" WIDTH="47" HEIGHT="36" WC="0.71" CONTENT="----"/><SP WIDTH="22" VPOS="782" HPOS="643"/>
							<String ID="string_132" HPOS="665" VPOS="788" WIDTH="42" HEIGHT="20" WC="0.86" CONTENT="120"/><SP WIDTH="14" VPOS="788" HPOS="707"/>
							<String ID="string_133" HPOS="721" VPOS="800" WIDTH="28" HEIGHT="2" WC="0.86" CONTENT="—"/><SP WIDTH="16" VPOS="800" HPOS="749"/>
							<String ID="string_134" HPOS="765" VPOS="787" WIDTH="99" HEIGHT="27" WC="0.92" CONTENT="110,000:"/><SP WIDTH="16" VPOS="787" HPOS="864"/>
							<String ID="string_135" HPOS="880" VPOS="788" WIDTH="34" HEIGHT="20" WC="0.96" CONTENT="00."/>
						</TextLine>
						<TextLine ID="line_19" HPOS="310" VPOS="821" WIDTH="604" HEIGHT="27">
							<String ID="string_136" HPOS="310" VPOS="821" WIDTH="110" HEIGHT="27" WC="0.95" CONTENT="Fagernäs"/><SP WIDTH="59" VPOS="821" HPOS="420"/>
							<String ID="string_137" HPOS="479" VPOS="838" WIDTH="12" HEIGHT="9" WC="0.20" CONTENT="moo"/><SP WIDTH="48" VPOS="838" HPOS="491"/>
							<String ID="string_138" HPOS="539" VPOS="833" WIDTH="105" HEIGHT="5" WC="0.0" CONTENT="ttttennn"/><SP WIDTH="23" VPOS="833" HPOS="644"/>
							<String ID="string_139" HPOS="667" VPOS="822" WIDTH="40" HEIGHT="21" WC="0.92" CONTENT="120"/><SP WIDTH="16" VPOS="822" HPOS="707"/>
							<String ID="string_140" HPOS="723" VPOS="834" WIDTH="26" HEIGHT="7" WC="0.91" CONTENT="—"/><SP WIDTH="31" VPOS="834" HPOS="749"/>
							<String ID="string_141" HPOS="780" VPOS="822" WIDTH="84" HEIGHT="23" WC="0.44" CONTENT="$86,000:"/><SP WIDTH="16" VPOS="822" HPOS="864"/>
							<String ID="string_142" HPOS="880" VPOS="822" WIDTH="34" HEIGHT="21" WC="0.91" CONTENT="00."/>
						</TextLine>
						<TextLine ID="line_20" HPOS="310" VPOS="855" WIDTH="605" HEIGHT="28">
							<String ID="string_143" HPOS="310" VPOS="855" WIDTH="73" HEIGHT="27" WC="0.92" CONTENT="Sjählö"/><SP WIDTH="16" VPOS="855" HPOS="383"/>
							<String ID="string_144" HPOS="399" VPOS="856" WIDTH="45" HEIGHT="27" WC="0.92" CONTENT="asyl"/><SP WIDTH="10" VPOS="856" HPOS="444"/>
							<String ID="string_145" HPOS="454" VPOS="868" WIDTH="191" HEIGHT="4" WC="0.0" CONTENT="«+++"/><SP WIDTH="-105" VPOS="868" HPOS="645"/>
							<String ID="string_146" HPOS="540" VPOS="851" WIDTH="9" HEIGHT="36" WC="0.2" CONTENT="-"/><SP WIDTH="6" VPOS="851" HPOS="549"/>
							<String ID="string_147" HPOS="555" VPOS="851" WIDTH="36" HEIGHT="36" WC="0.13" CONTENT="&lt;&lt;&lt;"/><SP WIDTH="7" VPOS="851" HPOS="591"/>
							<String ID="string_148" HPOS="598" VPOS="851" WIDTH="8" HEIGHT="36" WC="0.0" CONTENT="&gt;"/><SP WIDTH="6" VPOS="851" HPOS="606"/>
							<String ID="string_149" HPOS="612" VPOS="851" WIDTH="36" HEIGHT="36" WC="0.0" CONTENT="+++"/><SP WIDTH="31" VPOS="851" HPOS="648"/>
							<String ID="string_150" HPOS="679" VPOS="857" WIDTH="26" HEIGHT="20" WC="0.74" CONTENT="51"/><SP WIDTH="18" VPOS="857" HPOS="705"/>
							<String ID="string_151" HPOS="723" VPOS="868" WIDTH="27" HEIGHT="3" WC="0.74" CONTENT="—"/><SP WIDTH="31" VPOS="868" HPOS="750"/>
							<String ID="string_152" HPOS="781" VPOS="856" WIDTH="84" HEIGHT="25" WC="0.90" CONTENT="39,265:"/><SP WIDTH="15" VPOS="856" HPOS="865"/>
							<String ID="string_153" HPOS="880" VPOS="856" WIDTH="35" HEIGHT="21" WC="0.96" CONTENT="47."/>
						</TextLine>
						<TextLine ID="line_21" HPOS="310" VPOS="890" WIDTH="604" HEIGHT="28">
							<String ID="string_154" HPOS="310" VPOS="890" WIDTH="116" HEIGHT="21" WC="0.92" CONTENT="Kexholms"/><SP WIDTH="16" VPOS="890" HPOS="426"/>
							<String ID="string_155" HPOS="442" VPOS="890" WIDTH="202" HEIGHT="28" WC="0.20" CONTENT="asyl----------."/><SP WIDTH="22" VPOS="890" HPOS="644"/>
							<String ID="string_156" HPOS="666" VPOS="891" WIDTH="41" HEIGHT="21" WC="0.87" CONTENT="132"/><SP WIDTH="15" VPOS="891" HPOS="707"/>
							<String ID="string_157" HPOS="722" VPOS="903" WIDTH="29" HEIGHT="2" WC="0.87" CONTENT="—"/><SP WIDTH="28" VPOS="903" HPOS="751"/>
							<String ID="string_158" HPOS="779" VPOS="891" WIDTH="85" HEIGHT="24" WC="0.88" CONTENT="65,500:"/><SP WIDTH="16" VPOS="891" HPOS="864"/>
							<String ID="string_159" HPOS="880" VPOS="890" WIDTH="34" HEIGHT="21" WC="0.96" CONTENT="00."/>
						</TextLine>
					</TextBlock>
				</ComposedBlock>
				<ComposedBlock ID="cblock_4" HPOS="235" VPOS="931" WIDTH="754" HEIGHT="272">
					<TextBlock ID="block_8" HPOS="555" VPOS="931" WIDTH="356" HEIGHT="25">
						<TextLine ID="line_22" HPOS="555" VPOS="931" WIDTH="356" HEIGHT="25">
							<String ID="string_160" HPOS="555" VPOS="931" WIDTH="87" HEIGHT="21" WC="0.96" CONTENT="Summa"/><SP WIDTH="19" VPOS="931" HPOS="642"/>
							<String ID="string_161" HPOS="661" VPOS="932" WIDTH="43" HEIGHT="21" WC="0.93" CONTENT="423"/><SP WIDTH="16" VPOS="932" HPOS="704"/>
							<String ID="string_162" HPOS="720" VPOS="944" WIDTH="27" HEIGHT="2" WC="0.93" CONTENT="—"/><SP WIDTH="16" VPOS="944" HPOS="747"/>
							<String ID="string_163" HPOS="763" VPOS="931" WIDTH="98" HEIGHT="25" WC="0.0" CONTENT="300,65:"/><SP WIDTH="16" VPOS="931" HPOS="861"/>
							<String ID="string_164" HPOS="877" VPOS="931" WIDTH="34" HEIGHT="21" WC="0.94" CONTENT="47."/>
						</TextLine>
					</TextBlock>
					<TextBlock ID="block_9" HPOS="235" VPOS="970" WIDTH="754" HEIGHT="233">
						<TextLine ID="line_23" HPOS="303" VPOS="970" WIDTH="684" HEIGHT="29">
							<String ID="string_165" HPOS="303" VPOS="970" WIDTH="42" HEIGHT="21" WC="0.93" CONTENT="Till"/><SP WIDTH="24" VPOS="970" HPOS="345"/>
							<String ID="string_166" HPOS="369" VPOS="970" WIDTH="112" HEIGHT="28" WC="0.91" CONTENT="belysning"/><SP WIDTH="22" VPOS="970" HPOS="481"/>
							<String ID="string_167" HPOS="503" VPOS="971" WIDTH="24" HEIGHT="21" WC="0.93" CONTENT="af"/><SP WIDTH="16" VPOS="971" HPOS="527"/>
							<String ID="string_168" HPOS="543" VPOS="971" WIDTH="82" HEIGHT="28" WC="0.92" CONTENT="frägan,"/><SP WIDTH="17" VPOS="971" HPOS="625"/>
							<String ID="string_169" HPOS="642" VPOS="972" WIDTH="7" HEIGHT="20" WC="0.93" CONTENT="i"/><SP WIDTH="15" VPOS="972" HPOS="649"/>
							<String ID="string_170" HPOS="664" VPOS="971" WIDTH="88" HEIGHT="21" WC="0.92" CONTENT="hvilken"/><SP WIDTH="16" VPOS="971" HPOS="752"/>
							<String ID="string_171" HPOS="768" VPOS="972" WIDTH="50" HEIGHT="20" WC="0.96" CONTENT="män"/><SP WIDTH="16" VPOS="972" HPOS="818"/>
							<String ID="string_172" HPOS="834" VPOS="972" WIDTH="72" HEIGHT="20" WC="0.96" CONTENT="denna"/><SP WIDTH="16" VPOS="972" HPOS="906"/>
							<String ID="string_173" HPOS="922" VPOS="972" WIDTH="65" HEIGHT="21" WC="0.96" CONTENT="redan"/>
						</TextLine>
						<TextLine ID="line_24" HPOS="235" VPOS="1004" WIDTH="753" HEIGHT="29">
							<String ID="string_174" HPOS="235" VPOS="1011" WIDTH="29" HEIGHT="14" WC="0.87" CONTENT="nu"/><SP WIDTH="23" VPOS="1011" HPOS="264"/>
							<String ID="string_175" HPOS="287" VPOS="1004" WIDTH="111" HEIGHT="28" WC="0.95" CONTENT="ansenliga"/><SP WIDTH="23" VPOS="1004" HPOS="398"/>
							<String ID="string_176" HPOS="421" VPOS="1005" WIDTH="81" HEIGHT="27" WC="0.92" CONTENT="budget"/><SP WIDTH="23" VPOS="1005" HPOS="502"/>
							<String ID="string_177" HPOS="525" VPOS="1006" WIDTH="84" HEIGHT="21" WC="0.96" CONTENT="komme"/><SP WIDTH="22" VPOS="1006" HPOS="609"/>
							<String ID="string_178" HPOS="631" VPOS="1008" WIDTH="32" HEIGHT="19" WC="0.93" CONTENT="att"/><SP WIDTH="21" VPOS="1008" HPOS="663"/>
							<String ID="string_179" HPOS="684" VPOS="1008" WIDTH="83" HEIGHT="25" WC="0.96" CONTENT="stegras"/><SP WIDTH="15" VPOS="1008" HPOS="767"/>
							<String ID="string_180" HPOS="782" VPOS="1012" WIDTH="76" HEIGHT="21" WC="0.93" CONTENT="genom"/><SP WIDTH="16" VPOS="1012" HPOS="858"/>
							<String ID="string_181" HPOS="874" VPOS="1006" WIDTH="114" HEIGHT="21" WC="0.92" CONTENT="tillärnade"/>
						</TextLine>
						<TextLine ID="line_25" HPOS="235" VPOS="1039" WIDTH="753" HEIGHT="28">
							<String ID="string_182" HPOS="235" VPOS="1045" WIDTH="42" HEIGHT="21" WC="0.87" CONTENT="nya"/><SP WIDTH="16" VPOS="1045" HPOS="277"/>
							<String ID="string_183" HPOS="293" VPOS="1039" WIDTH="217" HEIGHT="27" WC="0.90" CONTENT="därvärdsanstalter,"/><SP WIDTH="17" VPOS="1039" HPOS="510"/>
							<String ID="string_184" HPOS="527" VPOS="1040" WIDTH="34" HEIGHT="21" WC="0.93" CONTENT="mä"/><SP WIDTH="16" VPOS="1040" HPOS="561"/>
							<String ID="string_185" HPOS="577" VPOS="1040" WIDTH="93" HEIGHT="27" WC="0.92" CONTENT="anföras,"/><SP WIDTH="16" VPOS="1040" HPOS="670"/>
							<String ID="string_186" HPOS="686" VPOS="1043" WIDTH="33" HEIGHT="19" WC="0.93" CONTENT="att"/><SP WIDTH="16" VPOS="1043" HPOS="719"/>
							<String ID="string_187" HPOS="735" VPOS="1041" WIDTH="79" HEIGHT="21" WC="0.92" CONTENT="värden"/><SP WIDTH="18" VPOS="1041" HPOS="814"/>
							<String ID="string_188" HPOS="832" VPOS="1040" WIDTH="24" HEIGHT="21" WC="0.96" CONTENT="af"/><SP WIDTH="13" VPOS="1040" HPOS="856"/>
							<String ID="string_189" HPOS="869" VPOS="1041" WIDTH="26" HEIGHT="20" WC="0.93" CONTENT="de"/><SP WIDTH="11" VPOS="1041" HPOS="895"/>
							<String ID="string_190" HPOS="906" VPOS="1040" WIDTH="82" HEIGHT="21" WC="0.92" CONTENT="sinnes-"/>
						</TextLine>
						<TextLine ID="line_26" HPOS="235" VPOS="1072" WIDTH="751" HEIGHT="30">
							<String ID="string_191" HPOS="235" VPOS="1072" WIDTH="64" HEIGHT="28" WC="0.96" CONTENT="sjuka"/><SP WIDTH="8" VPOS="1072" HPOS="299"/>
							<String ID="string_192" HPOS="307" VPOS="1073" WIDTH="24" HEIGHT="21" WC="0.97" CONTENT="är"/><SP WIDTH="9" VPOS="1073" HPOS="331"/>
							<String ID="string_193" HPOS="340" VPOS="1074" WIDTH="55" HEIGHT="21" WC="0.93" CONTENT="1888"/><SP WIDTH="9" VPOS="1074" HPOS="395"/>
							<String ID="string_194" HPOS="404" VPOS="1073" WIDTH="105" HEIGHT="22" WC="0.96" CONTENT="kostade"/><SP WIDTH="-5" VPOS="1073" HPOS="509"/>
							<String ID="string_195" HPOS="504" VPOS="1068" WIDTH="12" HEIGHT="38" WC="0.96" CONTENT="i"/><SP WIDTH="5" VPOS="1068" HPOS="516"/>
							<String ID="string_196" HPOS="521" VPOS="1074" WIDTH="100" HEIGHT="22" WC="0.96" CONTENT="medeltal"/><SP WIDTH="9" VPOS="1074" HPOS="621"/>
							<String ID="string_197" HPOS="630" VPOS="1081" WIDTH="39" HEIGHT="21" WC="0.96" CONTENT="per"/><SP WIDTH="8" VPOS="1081" HPOS="669"/>
							<String ID="string_198" HPOS="677" VPOS="1076" WIDTH="42" HEIGHT="26" WC="0.96" CONTENT="dag"/><SP WIDTH="9" VPOS="1076" HPOS="719"/>
							<String ID="string_199" HPOS="728" VPOS="1074" WIDTH="39" HEIGHT="22" WC="0.96" CONTENT="och"/><SP WIDTH="9" VPOS="1074" HPOS="767"/>
							<String ID="string_200" HPOS="776" VPOS="1075" WIDTH="84" HEIGHT="27" WC="0.96" CONTENT="patient"/><SP WIDTH="10" VPOS="1075" HPOS="860"/>
							<String ID="string_201" HPOS="870" VPOS="1076" WIDTH="46" HEIGHT="26" WC="0.14" CONTENT="my:"/><SP WIDTH="8" VPOS="1076" HPOS="916"/>
							<String ID="string_202" HPOS="924" VPOS="1074" WIDTH="22" HEIGHT="22" WC="0.95" CONTENT="2:"/><SP WIDTH="8" VPOS="1074" HPOS="946"/>
							<String ID="string_203" HPOS="954" VPOS="1075" WIDTH="32" HEIGHT="21" WC="0.96" CONTENT="05."/>
						</TextLine>
						<TextLine ID="line_27" HPOS="235" VPOS="1107" WIDTH="752" HEIGHT="30">
							<String ID="string_204" HPOS="235" VPOS="1107" WIDTH="68" HEIGHT="21" WC="0.96" CONTENT="Dessa"/><SP WIDTH="23" VPOS="1107" HPOS="303"/>
							<String ID="string_205" HPOS="326" VPOS="1108" WIDTH="117" HEIGHT="22" WC="0.91" CONTENT="kostnader"/><SP WIDTH="23" VPOS="1108" HPOS="443"/>
							<String ID="string_206" HPOS="466" VPOS="1110" WIDTH="141" HEIGHT="20" WC="0.91" CONTENT="reducerades"/><SP WIDTH="22" VPOS="1110" HPOS="607"/>
							<String ID="string_207" HPOS="629" VPOS="1109" WIDTH="54" HEIGHT="21" WC="0.96" CONTENT="dock"/><SP WIDTH="16" VPOS="1109" HPOS="683"/>
							<String ID="string_208" HPOS="699" VPOS="1116" WIDTH="78" HEIGHT="21" WC="0.96" CONTENT="genom"/><SP WIDTH="16" VPOS="1116" HPOS="777"/>
							<String ID="string_209" HPOS="793" VPOS="1110" WIDTH="26" HEIGHT="20" WC="0.93" CONTENT="de"/><SP WIDTH="16" VPOS="1110" HPOS="819"/>
							<String ID="string_210" HPOS="835" VPOS="1109" WIDTH="93" HEIGHT="28" WC="0.91" CONTENT="afgifter,"/><SP WIDTH="16" VPOS="1109" HPOS="928"/>
							<String ID="string_211" HPOS="944" VPOS="1116" WIDTH="43" HEIGHT="15" WC="0.96" CONTENT="som"/>
						</TextLine>
						<TextLine ID="line_28" HPOS="235" VPOS="1142" WIDTH="754" HEIGHT="30">
							<String ID="string_212" HPOS="235" VPOS="1142" WIDTH="25" HEIGHT="20" WC="0.95" CONTENT="af"/><SP WIDTH="13" VPOS="1142" HPOS="260"/>
							<String ID="string_213" HPOS="273" VPOS="1142" WIDTH="26" HEIGHT="21" WC="0.93" CONTENT="de"/><SP WIDTH="16" VPOS="1142" HPOS="299"/>
							<String ID="string_214" HPOS="315" VPOS="1143" WIDTH="94" HEIGHT="21" WC="0.93" CONTENT="vårdade"/><SP WIDTH="15" VPOS="1143" HPOS="409"/>
							<String ID="string_215" HPOS="424" VPOS="1143" WIDTH="87" HEIGHT="27" WC="0.93" CONTENT="erlagts,"/><SP WIDTH="16" VPOS="1143" HPOS="511"/>
							<String ID="string_216" HPOS="527" VPOS="1144" WIDTH="48" HEIGHT="21" WC="0.96" CONTENT="med"/><SP WIDTH="15" VPOS="1144" HPOS="575"/>
							<String ID="string_217" HPOS="590" VPOS="1145" WIDTH="43" HEIGHT="20" WC="0.96" CONTENT="rätt"/><SP WIDTH="16" VPOS="1145" HPOS="633"/>
							<String ID="string_218" HPOS="649" VPOS="1144" WIDTH="122" HEIGHT="28" WC="0.96" CONTENT="betydande"/><SP WIDTH="17" VPOS="1144" HPOS="771"/>
							<String ID="string_219" HPOS="788" VPOS="1144" WIDTH="90" HEIGHT="28" WC="0.96" CONTENT="belopp;"/><SP WIDTH="21" VPOS="1144" HPOS="878"/>
							<String ID="string_220" HPOS="899" VPOS="1144" WIDTH="90" HEIGHT="21" WC="0.96" CONTENT="sålunda"/>
						</TextLine>
						<TextLine ID="line_29" HPOS="235" VPOS="1176" WIDTH="201" HEIGHT="27">
							<String ID="string_221" HPOS="235" VPOS="1176" WIDTH="152" HEIGHT="27" WC="0.54" CONTENT="ätergäldades"/><SP WIDTH="16" VPOS="1176" HPOS="387"/>
							<String ID="string_222" HPOS="403" VPOS="1177" WIDTH="33" HEIGHT="21" WC="0.96" CONTENT="för"/>
						</TextLine>
					</TextBlock>
				</ComposedBlock>
				<ComposedBlock ID="cblock_5" HPOS="304" VPOS="1218" WIDTH="616" HEIGHT="28">
					<TextBlock ID="block_10" HPOS="304" VPOS="1218" WIDTH="616" HEIGHT="28">
						<TextLine ID="line_30" HPOS="304" VPOS="1218" WIDTH="616" HEIGHT="28">
							<String ID="string_223" HPOS="304" VPOS="1218" WIDTH="285" HEIGHT="27" WC="0.90" CONTENT="upptagningsanstalterna"/><SP WIDTH="18" VPOS="1218" HPOS="589"/>
							<String ID="string_224" HPOS="607" VPOS="1220" WIDTH="34" HEIGHT="24" WC="0.93" CONTENT="43,"/><SP WIDTH="16" VPOS="1220" HPOS="641"/>
							<String ID="string_225" HPOS="657" VPOS="1220" WIDTH="28" HEIGHT="26" WC="0.77" CONTENT="9/,"/><SP WIDTH="15" VPOS="1220" HPOS="685"/>
							<String ID="string_226" HPOS="700" VPOS="1220" WIDTH="25" HEIGHT="20" WC="0.93" CONTENT="af"/><SP WIDTH="14" VPOS="1220" HPOS="725"/>
							<String ID="string_227" HPOS="739" VPOS="1219" WIDTH="181" HEIGHT="27" WC="0.95" CONTENT="totalkostnaden,"/>
						</TextLine>
					</TextBlock>
				</ComposedBlock>
				<ComposedBlock ID="cblock_6" HPOS="304" VPOS="1251" WIDTH="532" HEIGHT="99">
					<TextBlock ID="block_11" HPOS="304" VPOS="1251" WIDTH="532" HEIGHT="99">
						<TextLine ID="line_31" HPOS="304" VPOS="1251" WIDTH="532" HEIGHT="29">
							<String ID="string_228" HPOS="304" VPOS="1251" WIDTH="112" HEIGHT="28" WC="0.92" CONTENT="Lappviks"/><SP WIDTH="15" VPOS="1251" HPOS="416"/>
							<String ID="string_229" HPOS="431" VPOS="1252" WIDTH="91" HEIGHT="28" WC="0.93" CONTENT="sjukhus"/><SP WIDTH="15" VPOS="1252" HPOS="522"/>
							<String ID="string_230" HPOS="537" VPOS="1265" WIDTH="47" HEIGHT="4" WC="0.88" CONTENT="----"/><SP WIDTH="20" VPOS="1265" HPOS="584"/>
							<String ID="string_231" HPOS="604" VPOS="1254" WIDTH="70" HEIGHT="25" WC="0.55" CONTENT="48,6,"/><SP WIDTH="31" VPOS="1254" HPOS="674"/>
							<String ID="string_232" HPOS="705" VPOS="1270" WIDTH="12" HEIGHT="9" WC="0.87" CONTENT="»"/><SP WIDTH="106" VPOS="1270" HPOS="717"/>
							<String ID="string_233" HPOS="823" VPOS="1270" WIDTH="13" HEIGHT="9" WC="0.87" CONTENT="”"/>
						</TextLine>
						<TextLine ID="line_32" HPOS="304" VPOS="1286" WIDTH="532" HEIGHT="29">
							<String ID="string_234" HPOS="304" VPOS="1286" WIDTH="111" HEIGHT="26" WC="0.96" CONTENT="Fagernäs"/><SP WIDTH="59" VPOS="1286" HPOS="415"/>
							<String ID="string_235" HPOS="474" VPOS="1303" WIDTH="10" HEIGHT="12" WC="0.88" CONTENT="n"/><SP WIDTH="52" VPOS="1303" HPOS="484"/>
							<String ID="string_236" HPOS="536" VPOS="1299" WIDTH="33" HEIGHT="4" WC="0.5" CONTENT="&lt;&lt;&lt;"/><SP WIDTH="34" VPOS="1299" HPOS="569"/>
							<String ID="string_237" HPOS="603" VPOS="1288" WIDTH="71" HEIGHT="27" WC="0.47" CONTENT="BRA»"/><SP WIDTH="31" VPOS="1288" HPOS="674"/>
							<String ID="string_238" HPOS="705" VPOS="1306" WIDTH="12" HEIGHT="7" WC="0.39" CONTENT="»"/><SP WIDTH="106" VPOS="1306" HPOS="717"/>
							<String ID="string_239" HPOS="823" VPOS="1304" WIDTH="13" HEIGHT="9" WC="0.80" CONTENT="”"/>
						</TextLine>
						<TextLine ID="line_33" HPOS="305" VPOS="1320" WIDTH="531" HEIGHT="30">
							<String ID="string_240" HPOS="305" VPOS="1320" WIDTH="75" HEIGHT="27" WC="0.91" CONTENT="Sjählö"/><SP WIDTH="94" VPOS="1320" HPOS="380"/>
							<String ID="string_241" HPOS="474" VPOS="1338" WIDTH="12" HEIGHT="9" WC="0.69" CONTENT="n"/><SP WIDTH="52" VPOS="1338" HPOS="486"/>
							<String ID="string_242" HPOS="538" VPOS="1323" WIDTH="137" HEIGHT="25" WC="0.27" CONTENT="1578."/><SP WIDTH="30" VPOS="1323" HPOS="675"/>
							<String ID="string_243" HPOS="705" VPOS="1338" WIDTH="12" HEIGHT="12" WC="0.78" CONTENT="»"/><SP WIDTH="107" VPOS="1338" HPOS="717"/>
							<String ID="string_244" HPOS="824" VPOS="1338" WIDTH="12" HEIGHT="11" WC="0.90" CONTENT="”"/>
						</TextLine>
					</TextBlock>
				</ComposedBlock>
				<ComposedBlock ID="cblock_7" HPOS="235" VPOS="1354" WIDTH="382" HEIGHT="30">
					<TextBlock ID="block_12" HPOS="235" VPOS="1354" WIDTH="382" HEIGHT="30">
						<TextLine ID="line_34" HPOS="235" VPOS="1354" WIDTH="382" HEIGHT="30">
							<String ID="string_245" HPOS="235" VPOS="1354" WIDTH="53" HEIGHT="21" WC="0.96" CONTENT="eller"/><SP WIDTH="15" VPOS="1354" HPOS="288"/>
							<String ID="string_246" HPOS="303" VPOS="1354" WIDTH="6" HEIGHT="21" WC="0.96" CONTENT="i"/><SP WIDTH="16" VPOS="1354" HPOS="309"/>
							<String ID="string_247" HPOS="325" VPOS="1355" WIDTH="101" HEIGHT="21" WC="0.96" CONTENT="medeltal"/><SP WIDTH="16" VPOS="1355" HPOS="426"/>
							<String ID="string_248" HPOS="442" VPOS="1356" WIDTH="91" HEIGHT="26" WC="0.97" CONTENT="ungefär"/><SP WIDTH="11" VPOS="1356" HPOS="533"/>
							<String ID="string_249" HPOS="544" VPOS="1350" WIDTH="26" HEIGHT="38" WC="0.93" CONTENT="50"/><SP WIDTH="13" VPOS="1350" HPOS="570"/>
							<String ID="string_250" HPOS="583" VPOS="1357" WIDTH="34" HEIGHT="27" WC="0.85" CONTENT="9/,."/>
						</TextLine>
					</TextBlock>
				</ComposedBlock>
				<ComposedBlock ID="cblock_8" HPOS="234" VPOS="1400" WIDTH="756" HEIGHT="94">
					<TextBlock ID="block_13" HPOS="234" VPOS="1400" WIDTH="756" HEIGHT="94">
						<TextLine ID="line_35" HPOS="305" VPOS="1400" WIDTH="685" HEIGHT="30">
							<String ID="string_251" HPOS="305" VPOS="1400" WIDTH="68" HEIGHT="27" WC="0.96" CONTENT="Utgår"/><SP WIDTH="22" VPOS="1400" HPOS="373"/>
							<String ID="string_252" HPOS="395" VPOS="1408" WIDTH="49" HEIGHT="14" WC="0.95" CONTENT="man"/><SP WIDTH="23" VPOS="1408" HPOS="444"/>
							<String ID="string_253" HPOS="467" VPOS="1401" WIDTH="47" HEIGHT="21" WC="0.96" CONTENT="från"/><SP WIDTH="20" VPOS="1401" HPOS="514"/>
							<String ID="string_254" HPOS="534" VPOS="1402" WIDTH="189" HEIGHT="28" WC="0.96" CONTENT="förutsättningen,"/><SP WIDTH="21" VPOS="1402" HPOS="723"/>
							<String ID="string_255" HPOS="744" VPOS="1405" WIDTH="33" HEIGHT="19" WC="0.96" CONTENT="att"/><SP WIDTH="18" VPOS="1405" HPOS="777"/>
							<String ID="string_256" HPOS="795" VPOS="1403" WIDTH="7" HEIGHT="20" WC="0.96" CONTENT="i"/><SP WIDTH="17" VPOS="1403" HPOS="802"/>
							<String ID="string_257" HPOS="819" VPOS="1402" WIDTH="63" HEIGHT="28" WC="0.96" CONTENT="fråga"/><SP WIDTH="14" VPOS="1402" HPOS="882"/>
							<String ID="string_258" HPOS="896" VPOS="1404" WIDTH="94" HEIGHT="21" WC="0.96" CONTENT="varande"/>
						</TextLine>
						<TextLine ID="line_36" HPOS="234" VPOS="1435" WIDTH="756" HEIGHT="29">
							<String ID="string_259" HPOS="234" VPOS="1435" WIDTH="158" HEIGHT="27" WC="0.90" CONTENT="inrättningars"/><SP WIDTH="16" VPOS="1435" HPOS="392"/>
							<String ID="string_260" HPOS="408" VPOS="1436" WIDTH="100" HEIGHT="20" WC="0.96" CONTENT="ekonomi"/><SP WIDTH="15" VPOS="1436" HPOS="508"/>
							<String ID="string_261" HPOS="523" VPOS="1436" WIDTH="33" HEIGHT="21" WC="0.96" CONTENT="för"/><SP WIDTH="15" VPOS="1436" HPOS="556"/>
							<String ID="string_262" HPOS="571" VPOS="1437" WIDTH="115" HEIGHT="21" WC="0.95" CONTENT="framtiden"/><SP WIDTH="16" VPOS="1437" HPOS="686"/>
							<String ID="string_263" HPOS="702" VPOS="1437" WIDTH="85" HEIGHT="21" WC="0.95" CONTENT="komme"/><SP WIDTH="17" VPOS="1437" HPOS="787"/>
							<String ID="string_264" HPOS="804" VPOS="1440" WIDTH="32" HEIGHT="18" WC="0.96" CONTENT="att"/><SP WIDTH="15" VPOS="1440" HPOS="836"/>
							<String ID="string_265" HPOS="851" VPOS="1438" WIDTH="91" HEIGHT="26" WC="0.96" CONTENT="gestalta"/><SP WIDTH="16" VPOS="1438" HPOS="942"/>
							<String ID="string_266" HPOS="958" VPOS="1438" WIDTH="32" HEIGHT="26" WC="0.96" CONTENT="sig"/>
						</TextLine>
						<TextLine ID="line_37" HPOS="305" VPOS="1474" WIDTH="493" HEIGHT="20">
							<String ID="string_267" HPOS="305" VPOS="1474" WIDTH="99" HEIGHT="18" WC="0.92" CONTENT="Allmänna"/><SP WIDTH="13" VPOS="1474" HPOS="404"/>
							<String ID="string_268" HPOS="417" VPOS="1476" WIDTH="173" HEIGHT="18" WC="0.92" CONTENT="Besvärsutskottets"/><SP WIDTH="11" VPOS="1476" HPOS="590"/>
							<String ID="string_269" HPOS="601" VPOS="1476" WIDTH="110" HEIGHT="18" WC="0.96" CONTENT="betänkande"/><SP WIDTH="11" VPOS="1476" HPOS="711"/>
							<String ID="string_270" HPOS="722" VPOS="1476" WIDTH="37" HEIGHT="18" WC="0.95" CONTENT="N:o"/><SP WIDTH="12" VPOS="1476" HPOS="759"/>
							<String ID="string_271" HPOS="771" VPOS="1478" WIDTH="27" HEIGHT="16" WC="0.95" CONTENT="13."/>
						</TextLine>
					</TextBlock>
				</ComposedBlock>
			</PrintSpace>
		</Page>
	</Layout>
</alto>
