1056 1673
317 110 222 23 Petitionsbetänkande
555 111 34 22 N:o
605 110 14 22 1.
784 112 25 19 11

97 171 94 26 Ständer,
207 172 70 19 hvilka
287 172 120 25 visserligen
423 172 58 19 skola
495 171 66 20 förstå
575 174 31 17 att
621 171 113 26 uppskatta
748 172 40 20 den
798 171 42 19 lilla

96 200 83 21 stadens
198 201 143 26 hjeltemodiga
358 202 61 24 kamp
441 201 32 19 för
495 201 37 20 sitt
550 201 136 25 sjelfbeständ
704 202 38 20 och
762 200 78 22 således

95 230 47 20 icke
165 230 64 21 heller
248 231 58 19 döma
326 238 25 13 en
370 231 114 25 urgammal
503 231 105 20 kulturort
628 231 55 20 inom
703 230 35 21 det
760 237 80 20 gemen-

98 267 76 13 samma
188 260 133 20 fosterlandet
335 260 32 20 till
382 260 121 26 oundviklig
517 261 127 25 undergäng.
664 260 121 26 Nykarleby
794 260 46 20 stad

97 290 38 19 har
150 290 31 20 för
196 290 67 20 denna
277 290 68 26 frågas
361 290 142 26 omsorgsfulla
518 290 116 20 beredande
650 290 63 20 redan
728 290 66 20 iklädt
808 290 32 25 sig

97 322 56 17 stora
175 319 140 27 uppoffringar
335 320 37 20 och
392 323 23 17 är
435 320 78 20 beredd
533 323 30 17 att
578 320 177 26 fortsättningsvis
770 320 70 20 veder-

97 350 54 24 våga
170 349 82 20 sådana.
282 350 76 20 Staden
375 350 38 20 har
433 351 26 25 pä
477 357 52 19 egen
549 350 115 20 bekostnad
686 350 46 20 låtit
754 350 87 20 anställa

98 379 141 20 instrumental
259 380 117 25 besigtning
391 380 22 20 af
426 380 40 20 den
482 380 91 20 önskade
587 380 89 20 bibanan
687 380 85 20 emellan
786 380 54 19 Kov-

95 409 45 26 joki
160 409 75 20 station
258 410 37 19 och
317 410 120 26 Nykarleby
455 410 53 26 stad,
529 410 38 20 och
585 410 38 19 har
642 410 67 20 denna
731 409 60 26 gifvit
806 408 34 21 vid

97 439 86 24 handen,
202 441 31 18 att
253 439 39 20 den
310 440 13 19 8
343 440 106 19 kilometer
464 440 62 25 långa
541 440 89 19 bibanan
644 440 80 20 komme
739 442 30 17 att
784 439 7 20 i
806 446 34 13 an-

98 469 75 20 seende
188 469 32 19 till
235 469 25 20 de
275 469 60 26 högst
350 477 119 18 gynsamma
485 469 238 26 terrängförhållandena
733 469 72 20 kräfva
816 475 25 13 en

98 499 89 20 kostnad
194 499 23 19 af
223 499 73 20 endast
304 500 92 25 317,000
404 499 68 20 finska
479 500 64 25 mark,
551 499 45 20 deri
604 499 138 20 inberäknade
749 499 93 25 samtliga

98 529 271 26 expropriationskostnader
387 530 12 19 &
420 530 78 25 29,657
515 530 34 19 mk
566 530 27 19 50
609 537 19 18 p.
660 529 40 20 Till
715 529 126 20 betäckande

98 559 24 19 af
140 558 66 21 denna
226 559 88 20 kostnad
329 559 37 20 har
381 559 120 26 Nykarleby
517 559 46 20 stad
578 559 107 20 förbundit
700 559 32 25 sig
747 561 30 18 att
792 559 49 19 kon-

97 588 101 20 tribruera
213 588 46 20 med
275 589 77 25 50,000
367 589 34 19 mk
415 589 88 20 kontant
518 589 38 20 och
567 589 95 26 samtliga
672 588 168 27 expropriations-

98 618 116 20 kostnader.
234 619 30 19 Pä
274 621 77 18 statens
362 621 73 23 anpart
445 619 67 20 skulle
523 619 79 20 säledes
618 619 72 26 belöpa
705 619 33 25 sig
748 618 92 25 237,342

98 648 35 19 mk
149 648 27 19 50
191 655 26 18 p.,
235 648 82 20 hvilken
332 655 77 13 summa
424 649 7 18 i
446 648 59 26 fräga
521 655 32 13 om
565 648 198 26 jernvägsbyggnad
777 649 64 18 mäste

99 684 59 13 anses
173 685 49 12 vara
237 679 24 18 sä
275 678 80 25 mycket
370 678 79 19 mindre
464 678 134 26 graverande,
614 685 44 13 som
673 678 40 20 den
728 685 72 18 genom
816 684 24 13 en

100 707 65 20 sådan
184 707 117 26 uppoffring
320 708 51 19 både
392 708 73 19 staden
487 709 37 19 och
545 708 47 20 dess
608 708 148 25 trafikomräde,
771 708 70 25 Lappo

98 737 86 25 bördiga
199 737 61 20 elfdal
275 737 137 26 tillskyndade
427 737 98 26 fördelen,
540 738 68 20 blefve
623 737 23 20 af
658 738 116 25 väsendtlig
784 737 56 25 bety-

99 766 79 20 denhet.
209 767 41 20 För
265 767 82 20 stadens
362 767 121 20 trafikanter
499 774 48 13 vore
563 767 35 20 det
613 767 102 26 nämligen
726 767 62 20 sedan
803 767 39 19 lätt

100 798 30 18 att
150 796 63 21 forsla
233 797 45 20 sina
297 797 157 26 exportartiklar
474 798 31 19 till
525 797 70 20 hafvet
615 797 97 26 antingen
727 797 114 24 landvägen

100 826 48 20 eller
163 826 51 20 efter
229 827 112 19 verkställd
356 833 84 14 numera
455 827 109 26 ifrågasatt
581 827 141 26 upprensning
740 827 22 20 af
769 827 72 25 Rangö

99 863 49 13 norr
164 863 31 13 om
211 856 72 20 staden
298 857 86 25 belägna
399 857 49 27 fors,
465 858 76 19 utefter
556 858 72 19 elfven.
658 857 130 20 Landsorten
798 857 44 19 åter

99 886 55 25 finge
174 886 7 19 i
200 886 119 26 Nykarleby
334 887 40 19 den
389 890 103 17 närmaste
508 888 37 19 och
560 887 136 25 naturligaste
712 886 130 25 afsättnings-

98 917 58 18 orten
171 915 31 20 för
217 916 44 20 sina
275 916 117 26 produkter.

170 952 77 20 Genom
265 952 116 20 verkstälda
401 952 101 26 kalkyler,
523 952 22 20 af
563 953 71 19 hvilka
648 953 22 19 vi
684 952 110 20 förbehälla
810 958 33 12 oss

100 984 30 17 att
144 981 108 21 framdeles
267 981 20 20 få
302 982 55 26 gifva
372 982 154 20 vederbörande
541 983 80 19 utskott
636 982 38 26 del,
690 983 37 19 har
743 982 39 19 den
801 981 42 19 väl-

100 1011 105 25 grundade
225 1012 148 26 uppskattning
391 1012 57 20 öfver
469 1013 80 19 banans
569 1012 125 20 rentabilitet
708 1011 89 25 vunnits,
813 1013 31 17 att

100 1041 73 25 banan,
194 1048 42 12 som
256 1042 62 19 borde
337 1042 108 20 trafikeras
466 1044 27 24 på
513 1049 76 13 samma
608 1044 41 18 sätt
664 1049 43 13 som
722 1041 122 25 Uleåborgs-

100 1071 73 25 banan,
196 1070 83 21 kräfver
302 1078 25 13 en
350 1072 51 25 årlig
423 1072 64 25 utgift
508 1072 23 20 af
549 1073 79 25 20,000
648 1072 39 25 mk,
706 1078 46 13 men
767 1071 77 19 lemnar

100 1100 90 20 deremot
205 1107 25 13 en
246 1101 104 20 beräknad
364 1102 89 19 inkomst
469 1102 24 19 af
506 1102 79 25 21,000
600 1102 40 19 mk.

172 1136 71 20 Under
263 1136 76 20 sådana
359 1137 143 20 förhållanden
522 1138 37 19 och
582 1137 46 20 med
650 1136 152 21 återhemtande
825 1135 23 20 af

100 1166 115 25 åberopade
231 1166 171 26 omständigheter
417 1168 55 24 våga
487 1167 22 20 vi
523 1168 37 19 hos
575 1167 127 25 högvördiga
718 1166 127 20 Prestestån-

101 1195 35 19 det
162 1196 104 20 vördsamt
287 1196 81 20 anhålla
389 1204 30 12 om
439 1197 99 19 Ståndets
558 1198 94 24 benägna
671 1196 124 20 medverkan
814 1195 32 19 för

101 1225 72 20 remiss
188 1226 32 19 till
235 1226 79 20 utskott
329 1233 42 13 som
387 1226 101 20 vederbör
504 1227 23 19 af
539 1226 40 20 den
594 1226 94 27 petition:

313 1304 33 20 att
367 1310 26 14 en
414 1302 78 22 bibana
512 1302 63 28 ifrån
596 1302 94 28 Kovjoki
710 1302 80 22 station
810 1301 37 21 vid

247 1331 186 29 Uleåborgsbanan
455 1332 66 28 blefve
536 1333 47 21 med
598 1332 29 28 af
638 1332 122 22 Ständerna
776 1331 71 21 dertill

243 1362 103 21 anvisade
366 1362 66 21 medel
447 1362 38 22 och
495 1361 42 28 för
552 1362 66 28 öfrigt
629 1362 31 27 på
675 1362 41 21 här
731 1362 65 27 ofvan
811 1361 36 21 sti-

241 1391 105 27 pulerade
366 1391 69 21 vilkor
455 1392 38 27 för
513 1394 80 19 statens
613 1392 97 27 räkning
730 1391 69 28 byggd
814 1390 33 22 till

243 1420 127 28 Nykarleby
385 1421 53 21 stad.

170 1461 174 24 Jernvägsutskottets
355 1462 108 18 betänkande
476 1462 35 18 N:o
524 1463 15 17 1.
