1067 1675
279 135 253 23 Motionsbetänkande
546 135 41 22 N:o
603 135 22 21 6.
790 136 10 20 5

73 204 67 22 ningen
156 204 70 18 fordrat
240 204 132 23 förändringar.
393 205 48 17 Från
457 204 88 24 förslaget
559 204 86 23 bifogade
659 204 135 18 reservationer
808 203 24 18 ha

72 232 89 23 derjämte
184 232 68 18 sådana
274 233 6 17 i
299 235 63 16 texten
381 233 70 22 införts,
467 234 62 17 hvilka
544 235 71 15 ansetts
630 233 79 23 förtjena
724 232 106 18 understöd.

72 261 66 18 Likväl
160 261 34 17 har
216 262 33 16 allt
268 262 52 17 detta
335 263 50 17 skett
399 262 66 18 endast
479 262 58 18 under
552 262 133 22 förutsättning
700 261 20 17 af
732 263 28 16 att
775 262 5 16 i
795 262 36 16 den

72 290 42 17 mån
134 290 22 17 de
172 290 28 17 för
215 290 141 23 bränvinslagen
372 291 34 18 och
421 291 168 22 motionsförslaget
603 296 135 17 gemensamma
752 290 79 17 bestäm-

72 319 90 22 ningarna
184 318 58 18 under
262 319 35 17 den
312 319 58 18 förras
385 320 112 22 behandling
511 320 102 20 förändras,
629 319 128 17 motsvarande
772 319 59 17 förän-

72 348 75 22 dringar
170 347 53 17 äfven
246 348 59 17 blefve
325 349 64 23 gjorda
404 348 7 18 i
426 349 35 17 den
477 354 70 13 senare.
577 348 36 18 Vid
629 348 52 18 sidan
697 348 20 17 af
729 348 53 18 dessa
797 347 33 18 lik-

72 376 58 21 heter,
150 376 48 17 visar
218 376 32 18 det
264 376 28 23 sig
307 377 55 18 likväl
378 378 56 17 redan
451 378 30 17 vid
496 383 22 12 en
534 378 65 22 flyktig
613 377 113 23 granskning
741 379 28 15 att
784 376 47 18 vissa

73 405 69 22 ganska
157 405 70 22 vigtiga
242 405 91 18 olikheter
347 407 67 17 mellan
429 406 170 22 motionsförslaget
613 406 34 17 vch
662 405 92 18 komitens
764 405 67 22 förslag

73 433 28 17 till
120 434 119 22 bränvinslag
258 439 33 17 ega
306 441 47 11 rum.
383 435 53 17 Flera
451 435 20 17 af
483 436 53 17 dessa
551 435 91 17 olikheter
657 435 44 17 bero
716 434 23 23 pä
754 434 77 18 uteslut-

73 462 71 22 ningar.
175 460 80 20 Sälunda
277 465 32 16 äro
331 464 22 17 de
376 464 142 22 bestämningar,
538 470 37 11 som
592 464 6 17 i
613 463 217 22 bränvinsförordningen

73 492 65 16 beröra
160 491 120 23 partihandel,
303 492 33 18 här
356 493 58 17 såsom
433 493 102 23 obehöfliga
549 492 133 18 bortlemnade.
712 492 66 18 Likaså
793 491 37 19 allt.

72 520 48 17 hvad
136 520 32 17 der
178 520 48 18 talas
236 526 28 12 om
276 521 193 23 utskänkningsbolag,
481 524 44 15 enär
535 522 58 22 enligt
604 527 22 11 en
637 521 59 17 införd
707 521 68 17 allmän
785 520 46 18 före-

73 548 53 18 skrift
145 548 41 22 alla,
203 554 38 13 som
257 554 32 18 ega
305 550 88 23 rättighet
409 551 27 17 till
453 550 160 22 bränvinshandel,
629 552 43 15 ntan
688 550 47 17 skild
751 549 80 18 ansökan

73 577 59 18 tillika
155 578 119 18 tillerkännes
292 581 38 15 rätt
349 579 28 17 till
392 579 66 18 handel
474 580 41 17 med
531 585 76 16 svagare
622 579 108 23 rusdrycker
745 578 34 18 och
795 579 36 16 sär-

73 606 59 17 skilda
146 607 56 22 bolag
217 607 27 17 för
259 608 116 17 uteslutande
390 608 88 23 afyttring
493 609 20 16 af
525 613 76 18 svagare
612 608 107 23 rusdrycker
729 607 40 18 icke
780 607 51 17 torde

73 635 77 17 behöfva
165 635 136 23 ifrägakomma.
318 637 111 22 Ytterligare
445 639 31 16 äro
492 637 35 17 alla
538 637 113 17 föreskrifter
666 642 29 12 om
711 636 76 22 forsling
797 635 33 18 och

73 663 115 23 förpassning
210 665 121 22 utelemnade,
351 666 75 17 emedan
447 666 56 22 några
519 666 96 17 bestämda
629 665 102 22 fordringar
745 665 6 17 i
767 665 65 17 sådant

73 692 46 23 syfte
134 691 40 18 icke
190 693 88 23 försports
293 694 33 17 och
343 700 40 11 man
399 695 64 17 härvid
478 695 40 17 icke
533 696 52 16 vetat
599 694 24 23 gå
637 694 35 18 den
688 694 91 17 allmänna
794 693 38 23 opi-

73 721 66 17 nionen
156 721 5 17 i
176 721 70 23 förväg.

142 750 28 17 En
193 751 64 18 formel
277 751 87 18 afvikelse
381 751 40 18 från
441 752 32 17 det
488 753 88 20 mönster,
592 757 39 12 som
646 751 51 23 följts
712 751 29 18 vid
757 751 74 17 utarbe-

73 778 65 17 tandet
154 779 20 17 af
186 779 121 24 medföljande
323 780 72 23 förelag,
411 782 20 15 är
446 781 35 17 den
497 784 28 14 att
540 781 55 17 redan
612 781 30 16 vid
657 780 58 17 första
725 779 107 24 paragrafen

75 807 60 17 blifvit
150 808 82 23 angifvet
246 809 94 17 föremålet
355 809 27 17 för
396 809 130 23 förordningen
537 809 34 18 och
582 809 74 17 dermed
667 809 108 18 definicradt
785 808 46 17 hvad

75 836 41 17 med
132 838 70 16 termen
219 843 74 17 svagare
309 838 108 22 rusdrycker
431 838 34 18 bör
480 838 71 18 förstås.
576 838 34 18 Om
626 837 65 23 högsta
705 839 78 21 gränsen
799 837 33 17 be-

74 864 64 18 höfver
153 865 48 18 intet
216 866 109 18 tvifvelsmål
340 867 49 21 råda,
404 867 35 17 den
455 868 111 16 bestämmes
581 872 64 17 genom
661 867 32 17 det
708 867 60 17 beslut
778 866 53 18 Stän-

74 893 57 18 derna
153 894 74 18 komma
247 897 28 15 att
289 895 46 17 fatta
351 896 94 22 angående
461 896 67 17 minsta
541 895 136 18 alkoholhalten
693 896 33 17 hos
741 896 22 16 de
779 895 53 23 sprit-

74 922 82 22 drycker,
173 929 38 12 som
227 924 44 17 böra
286 924 45 17 höra
346 924 57 18 under
419 925 147 22 bränvinslagen.
587 924 54 18 Hvad
657 924 40 18 åter
712 924 59 22 lägsta
781 925 51 21 grän-

75 956 31 12 sen
123 952 91 22 beträffar,
230 953 57 17 måste
303 953 35 17 den
354 954 51 16 alltid
422 954 56 16 blifva
493 959 38 11 mer
547 954 44 16 eller
602 953 69 17 mindre
682 953 110 23 godtycklig,
803 958 29 12 om

74 979 78 23 afsigten
173 986 43 12 vore
232 983 28 15 att
275 987 64 17 genom
356 982 105 17 densamma
476 982 101 18 bestämma
593 982 59 22 någon
669 982 36 17 viss
721 981 111 18 alkoholbalt

74 1008 58 18 såsom
154 1009 65 23 ofarlig
234 1010 38 18 från
288 1016 22 12 en
327 1016 38 12 som
381 1010 69 18 medför
465 1011 44 17 fara.
540 1011 105 22 Någonting
661 1011 65 17 sådant
741 1012 20 16 är
775 1010 58 17 allde-

74 1037 26 17 les
123 1037 39 17 icke
186 1039 41 17 med
246 1039 51 17 detta
311 1039 98 23 lagförslag
425 1039 64 19 afsedt.
521 1040 81 17 Orsaken
619 1039 72 17 hvarför
707 1045 22 12 en
745 1041 54 20 grävs
815 1038 19 18 af

75 1064 11 18 2
110 1069 78 19 procent
207 1067 33 17 här
255 1068 34 17 alls
304 1068 65 17 införts
385 1070 20 15 är
419 1068 20 17 af
452 1068 111 22 fullkomligt
578 1068 82 23 praktisk
676 1071 35 15 art.
740 1066 10 18 I
765 1074 22 10 en
803 1067 30 22 lag

74 1094 35 18 kan
132 1095 84 23 omöjligt
239 1102 22 12 en
281 1097 64 17 vätska
365 1097 128 17 innehållande
509 1097 42 23 spår
566 1097 20 17 af
599 1096 72 18 alkohol
686 1096 90 18 likställas
791 1096 41 17 med

74 1129 22 11 en
112 1123 62 24 dryck,
191 1125 33 17 der
239 1125 134 18 alkoholhalten
390 1126 93 22 verkligen
499 1126 24 23 på
538 1126 57 22 något
610 1128 37 15 sätt
661 1126 110 17 bestämmer
781 1125 51 23 dryc-

74 1152 46 17 kens
134 1153 190 24 hufvudegenskaper.
353 1152 79 25 Jäsning
447 1155 122 17 förekommer
583 1156 68 21 ytterst
665 1155 38 17 ofta
718 1155 30 16 vid
764 1154 68 17 tillred-

75 1181 67 22 ningen
165 1182 20 17 af
204 1182 50 18 olika
276 1185 49 15 arter
347 1183 115 21 födoämnen,
482 1183 39 18 dels
539 1183 107 18 framkallad
662 1183 41 18 med
719 1183 60 22 afsigt,
794 1183 39 17 dels

74 1209 106 23 oafsigtligt,
204 1211 34 17 och
258 1217 64 17 genom
344 1214 27 15 att
386 1212 153 23 ändamålsenligt
554 1212 81 18 anordna
651 1212 80 17 vilkoren
747 1211 28 18 för
790 1211 43 18 den-

74 1244 68 12 samma
161 1239 36 18 kan
217 1239 104 18 framkallas
336 1241 40 17 icke
392 1241 49 17 blott
455 1241 74 18 alkohol
544 1243 44 15 utan
605 1241 52 17 äfven
673 1241 78 22 kolsyra,
767 1240 65 17 ättiks-

74 1267 33 17 och
130 1268 106 23 mjölksyra,
256 1274 40 12 men
317 1269 30 17 vid
363 1269 36 17 alla
413 1269 54 18 dessa
480 1269 96 23 jäsningar
596 1269 81 18 inträder
692 1269 38 18 ofta
745 1269 88 22 derjämte

74 1295 53 18 äfven
150 1296 164 24 alkoholbildning,
337 1297 56 18 ehurn
417 1298 86 23 vanligen
522 1299 5 16 i
543 1298 20 17 så
579 1298 52 23 ringa
645 1298 44 22 grad
704 1300 29 15 att
747 1298 34 17 den
798 1297 35 18 blir

74 1326 43 16 utan
141 1325 24 17 all
188 1326 83 22 praktisk
295 1326 101 23 betydelse.
425 1327 37 17 Det
481 1328 21 16 är
520 1327 28 17 för
563 1329 28 15 att
605 1327 61 17 lemna
681 1332 22 12 en
719 1326 71 23 garanti
805 1326 28 17 för

74 1355 28 15 att
116 1353 90 23 följderna
222 1354 20 17 af
254 1360 22 12 en
293 1355 55 17 sådan
364 1355 39 18 ofta
417 1355 94 23 oafsigtlig
526 1355 147 23 alkoholjäsning
682 1355 39 18 icke
732 1355 29 17 må
772 1355 62 17 kunna

74 1382 96 17 framkalla
193 1383 98 18 trakasseri
313 1383 40 18 från
372 1384 86 22 möjligen
477 1384 63 17 alltför
555 1384 68 17 nitiska
637 1384 136 23 myndigheters
787 1383 45 21 sida,

74 1416 37 11 som
134 1416 22 12 en
174 1413 56 20 gräns
246 1412 20 17 af
278 1412 31 17 två
325 1415 77 20 procent
417 1413 61 17 blifvit
493 1413 67 18 införd.
590 1413 69 18 Genom
675 1413 105 17 densamma
795 1412 38 17 vin-

142 1453 190 18 Ekonomiutskottets
345 1454 119 18 betänkande
475 1455 37 18 N:o
524 1455 17 18 5.
