1034 1673
218 156 11 19 6
412 155 210 24 Petitionsbetänkande
638 156 32 23 N:o
687 156 37 22 25.

188 217 62 21 detta
264 218 69 20 behof
345 218 38 21 har
398 218 113 26 utskottet,
528 220 6 20 i
550 218 95 28 enlighet
660 219 50 20 med
721 219 144 21 ofvannämda
875 219 68 20 komi-

188 252 109 27 teförslag,
309 252 61 21 tänkt
381 254 38 26 sig,
431 256 32 18 att
476 253 64 20 äfven
553 253 31 21 till
592 253 116 27 Lappland
716 253 71 21 kunde
802 254 103 20 utsändas
918 260 26 13 en

188 286 50 20 eller
247 286 50 20 flere
305 287 167 21 ambulatoriske
481 287 273 25 landtbruksinstruktörer,
766 287 71 21 hvilka
848 287 55 27 finge
913 286 31 22 till

187 320 86 27 uppgift
291 324 32 17 att
338 322 67 20 under
420 322 45 20 sina
480 322 129 26 vandringar
624 322 38 20 när
678 322 42 20 och
736 322 79 26 fjärran
830 321 113 21 kostnads-

187 354 44 21 fritt
247 355 98 20 meddela
361 355 153 27 befolkningen
530 356 152 26 undervisning
698 356 42 20 och
754 356 87 26 ledning
851 357 6 19 i
869 356 26 20 de
907 355 36 21 vid

188 392 31 17 ett
242 389 99 21 rationelt
361 389 104 27 jordbruk
487 390 138 27 nödvändiga
647 390 99 21 metoder
768 390 42 20 och
833 389 110 28 praktiska

186 422 139 28 handgrepp;
341 423 100 22 särskildt
457 423 122 22 beaktande
592 424 71 20 kunde
673 423 36 21 väl
719 424 76 20 härvid
806 424 66 27 ägnas
883 423 60 21 krea-

186 457 149 25 tursskötseln,
357 457 32 21 för
411 458 64 20 hvars
497 458 123 27 utväckling
641 458 127 27 Lapplands
788 461 67 22 natur,
871 459 72 19 säsom

187 490 66 21 ofvan
273 491 114 27 päpekats,
410 492 97 26 erbjuder
520 492 156 27 jämförelsevis
692 499 127 20 gynsamma
834 492 109 21 förutsätt-

186 526 81 26 ningar.
297 525 34 21 Dä
349 527 144 26 petitionären
513 527 118 20 emellertid
650 526 53 25 icke,
725 527 72 20 säsom
815 526 38 21 ske
871 526 70 25 bordt,

187 559 88 22 företett
290 561 72 26 nägon
375 561 118 26 utredning,
511 561 103 20 huruvida
624 561 38 20 det
672 561 71 20 lokala
754 561 71 24 behof,
837 561 32 20 för
879 561 63 20 hvars

186 593 173 27 tillgodoseende
377 595 41 20 han
439 595 96 27 päkallar
554 595 127 21 ständernas
698 595 136 24 medvärkan,
851 595 91 26 tidigare

186 627 70 21 blifvit
272 628 39 20 hos
327 629 164 20 vederbörande
506 629 127 27 myndighet
645 629 127 24 framstäldt,
789 629 37 20 har
837 629 105 20 utskottet

188 661 18 26 ej
224 665 71 18 ansett
310 662 46 21 skäl
371 663 112 20 förefinnas
499 667 31 17 att
547 663 87 21 betvifla
650 663 37 21 det
702 663 105 26 styrelsen
818 670 52 13 vore
885 663 58 26 villig

186 699 32 17 att
240 700 51 23 taga
307 697 67 20 under
393 697 138 28 ompröfning
550 698 26 20 de
592 697 102 27 ätgärder
709 704 47 14 som
771 699 6 18 i
793 697 76 21 sädant
884 697 58 26 syfte

186 729 71 21 kunna
272 730 95 21 befinnas
382 731 93 27 tjänliga.

256 765 27 20 Pä
306 765 68 26 grund
395 765 25 20 af
437 766 36 20 det
493 766 65 20 ofvan
577 765 88 21 anförda
686 765 31 21 fär
732 765 106 21 utskottet
853 765 88 21 sälunda

186 797 111 22 vördsamt
312 798 84 26 föreslå,

461 865 32 17 att
522 862 84 20 landets
634 862 118 28 höglofliga
777 862 90 20 ständer
892 862 49 20 ville

391 896 74 20 lämna
480 896 142 27 förestående
640 896 188 27 petitionsförslag
841 899 52 17 utan
908 898 32 25 af

391 930 79 20 seende.

253 991 141 28 Helsingfors,
403 992 115 21 Allmänna
527 993 200 20 Besvärsutskottet
736 993 41 20 den
786 999 25 20 14
817 993 54 27 april
880 994 58 25 1891.

252 1157 9 20 I
277 1157 100 21 ärendets
394 1159 85 26 slutliga
495 1159 130 27 behandling
640 1159 65 20 hafva
721 1159 90 26 deltagit
822 1159 116 20 utskottets

183 1191 131 20 ordförande
325 1192 103 27 Ramsay,
438 1193 148 20 ledamöterna
596 1193 126 20 friherrarna
730 1199 43 14 von
781 1193 108 26 Knorring
897 1193 42 20 och

182 1232 44 13 von
247 1225 138 25 Willebrand,
410 1227 121 20 Grotenfelt
548 1227 32 24 G.,
604 1227 118 25 Nordlund,
738 1226 65 25 Bäck,
821 1227 116 24 Melander,

182 1259 113 26 Bergroth,
319 1260 77 25 Lindh,
421 1261 96 26 Nyberg,
542 1261 88 26 Ojanen,
655 1261 80 26 Pöysti,
758 1261 117 20 Danielson
897 1261 41 20 och

182 1292 89 21 Bremer
285 1297 56 17 samt
356 1294 168 27 suppleanterna
539 1295 129 27 Appelberg
684 1295 41 20 och
741 1294 105 21 Renlund.

250 1485 103 18 Allmänna
365 1486 170 18 Besvärsutskottets
548 1487 110 17 betänkande
670 1489 37 15 N:o
720 1488 28 16 16.
