1064 1659
265 110 13 20 2
369 108 83 22 Ständ.
468 107 52 23 Pet.
537 120 27 3 —
580 106 172 23 Petitionsbet.
767 105 45 23 N:o
827 106 24 22 4.

235 168 75 22 landet
325 167 75 23 blifvit
416 167 76 27 kändt,
509 168 34 20 att
559 166 79 27 frågan
654 172 34 16 om
704 166 131 29 förändring
850 168 25 22 af
888 169 43 22 den
948 168 39 22 fin-

235 204 41 21 ska
291 203 131 22 tulltariffen
432 203 36 21 till
479 201 232 23 öfverensstämmelse
722 202 50 22 med
782 202 43 22 den
835 204 70 27 ryska
915 204 72 28 gjorts

235 239 36 21 till
286 238 94 22 föremål
394 238 36 22 för
445 238 128 27 beredning.

303 274 51 21 Med
370 273 105 22 afseende
490 274 14 20 å
519 272 91 28 frågans
626 274 61 20 stora
697 273 115 26 betydelse
823 274 29 21 ha
862 274 124 22 Ständerna

235 311 68 26 egnat
323 309 126 22 densamma
468 310 34 20 ett
517 307 128 28 sorgfälligt
660 307 165 28 öfvervägande
840 310 40 21 och
896 310 89 27 utbedja

235 345 35 27 sig
293 346 33 20 att
346 344 36 22 till
398 344 72 22 Eders
486 343 127 28 Kejserliga
628 343 104 27 Majestät
748 343 7 22 i
770 344 177 29 underdånighet
963 345 23 22 få

235 380 111 21 frambära
366 380 27 21 de
409 379 136 28 önskningar
560 379 41 22 och
617 379 90 27 åsigter,
724 385 46 16 som
785 380 8 21 i
809 380 72 22 denna
896 381 88 27 angelä-

235 415 82 28 genhet
333 417 38 20 äro
387 415 99 22 rådande
501 415 7 21 i
524 415 81 21 landet.

304 451 47 22 För
374 451 201 27 åskådliggörande
598 449 26 22 af
636 450 139 22 olikheterna
790 451 82 22 mellan
888 452 42 22 den
945 451 39 22 fin-

235 487 41 21 ska
291 487 41 20 och
346 487 70 27 ryska
431 487 89 22 tariffen
535 487 41 20 har
591 485 102 28 bifogade
703 486 69 21 tabell
783 486 76 23 blifvit
870 487 113 28 uppgjord,

234 522 93 21 hvilken
346 522 106 27 jemsides
475 524 81 25 upptar
579 521 27 22 de
630 521 175 28 väsendtligaste
825 522 8 21 i
854 523 43 21 den
912 523 71 21 finska

233 557 110 22 tulltaxan
359 557 178 22 förekommande
551 557 145 22 tullsatserna
706 557 114 22 äfvensom
830 558 154 22 motsvarande

233 594 76 25 poster
331 593 9 21 i
361 593 43 22 den
426 593 68 22 sedan
514 593 42 22 den
579 594 26 20 16
621 592 96 28 Augusti
735 594 55 20 1890
807 593 8 22 i
830 593 154 28 Kejsardömet

233 627 88 23 införda
343 629 95 27 tariffen,
463 629 133 22 omräknade
617 629 35 21 till
667 629 9 20 i
691 628 96 22 Finland
802 629 104 27 gällande
922 631 62 26 mynt

235 664 40 21 och
291 664 53 27 vigt.

303 699 78 22 Denna
404 699 69 22 tabell
495 700 47 27 har,
566 700 8 21 i
597 699 147 22 betraktande
767 699 25 22 af
810 700 27 21 de
857 706 59 21 resp.
931 700 52 21 tull-

232 737 106 20 taxornas
357 735 119 22 afvikande
491 735 153 28 uppställning
659 736 40 21 och
714 741 107 16 varornas
837 736 59 21 olika
911 736 71 21 rubri-

233 770 82 28 cering,
336 770 51 22 icke
406 771 86 21 kunnat
507 770 69 22 blifva
592 771 52 21 fullt
660 771 72 21 exakt.
763 771 52 21 Men
831 771 39 22 det
885 771 98 28 framgår

232 806 57 21 dock
305 806 71 21 såsom
392 806 91 22 allmänt
498 806 95 21 resultat
608 805 25 22 af
644 806 150 27 jemförelsen,
811 808 33 19 att
860 806 42 21 den
912 807 70 26 ryska

232 841 88 22 tariffen
344 843 25 20 är
391 843 13 20 2
420 842 14 21 å
450 843 20 26 3,
486 847 50 16 men
551 841 35 22 för
602 841 102 22 enskilda
719 841 95 22 artiklar
830 842 56 21 ända
902 842 35 21 till
953 843 28 20 20

232 877 85 27 gånger
332 877 69 27 högre
416 879 29 20 än
461 877 42 22 den
518 877 77 22 finska.

305 912 97 22 Oaktadt
418 913 28 21 de
462 913 62 26 lägre
539 913 144 21 tullsatserna
699 913 74 26 uppgå
788 913 194 21 tullinkomsterna

231 948 7 21 i
262 947 102 28 Finland,
388 948 8 21 i
418 948 128 27 proportion
569 948 35 21 till
628 947 164 28 befolkningen,
815 948 35 21 till
870 948 112 27 betydligt

231 983 70 27 högre
317 983 79 27 belopp
413 985 28 20 än
457 983 8 22 i
480 983 159 28 Kejsardömet.
664 983 82 22 Medan
761 983 27 22 de
804 983 8 22 i
827 983 155 28 Kejsardömet

231 1019 26 21 år
283 1021 56 19 1889
361 1019 55 22 eller
432 1019 38 22 det
485 1019 61 28 sista,
563 1019 35 21 för
613 1019 87 22 hvilket
715 1018 115 28 uppgifter
846 1019 56 22 stått
917 1019 64 21 Stän-

231 1054 70 21 derna
315 1055 37 21 till
367 1055 62 27 buds,
446 1054 34 22 för
495 1055 154 21 inkommande
664 1061 66 15 varor
746 1054 102 27 utgjorde
864 1056 28 19 80
903 1054 78 22 millio-

230 1096 41 15 ner
286 1090 118 27 guldrubel
419 1090 29 27 på
465 1096 26 15 en
506 1089 130 28 befolkning
652 1090 24 21 af
692 1091 41 20 110
748 1089 110 22 millioner
867 1096 114 21 personer,

230 1125 156 22 motsvarande
410 1125 78 22 endast
512 1127 26 20 75
562 1125 75 27 kopek
658 1125 9 21 i
690 1125 54 27 guld
764 1125 55 21 eller
838 1127 12 19 3
868 1125 62 21 mark
945 1124 37 22 för

230 1167 87 21 person,
336 1161 112 27 uppgingo
464 1161 193 21 tullinkomsterna
672 1161 8 20 i
695 1160 97 22 Finland
807 1166 82 16 samma
904 1160 26 21 år
945 1160 36 21 till

231 1195 56 29 18!/,
308 1196 85 21 million
412 1196 63 21 mark
499 1197 28 26 på
542 1202 28 15 en
585 1195 130 28 befolkning
730 1195 26 22 af
770 1197 118 26 2,335,000
904 1201 75 21 perso-

229 1237 42 16 ner
293 1232 56 21 eller
368 1231 94 22 sålunda
476 1232 36 21 till
527 1231 94 28 ungefär
636 1233 14 20 8
665 1232 64 21 mark
745 1231 35 22 för
795 1237 86 21 person.
912 1231 69 21 Detta

230 1267 140 22 förhållande
392 1267 42 22 har
449 1267 35 22 sin
500 1267 159 27 motsvarighet
673 1267 9 21 i
697 1266 191 28 importsiffrorna,
905 1266 77 22 hvilka

229 1304 14 19 t.
264 1309 33 15 ex.
313 1303 26 21 år
358 1304 55 19 1889
429 1303 57 21 hade
503 1304 33 20 att
550 1302 8 21 i
574 1302 155 28 Kejsardömet
744 1302 94 27 uppvisa
854 1303 32 20 ett
900 1301 81 27 belopp

229 1337 25 21 af
275 1339 42 20 437
341 1337 111 22 millioner
475 1337 145 28 kreditrubel,
644 1338 14 21 å
681 1338 55 21 kurs
760 1339 44 19 270
825 1337 156 22 motsvarande

231 1374 65 25 1,180
319 1373 111 21 millioner
453 1373 63 21 mark
538 1373 56 21 eller
609 1373 93 21 sålunda
718 1374 27 20 12
762 1373 64 21 mark
842 1372 36 21 för
892 1378 87 22 person,

229 1408 79 21 medan
326 1408 80 22 värdet
421 1408 25 22 af
458 1409 109 27 importen
582 1408 36 22 till
634 1408 96 22 Finland
747 1414 82 16 samma
844 1408 25 21 år
885 1408 96 27 uppgick
