1064 1659
298 110 246 22 Petitionsbetänkande
559 110 37 22 N:o
612 109 18 23 7.
794 111 28 21 23

161 179 46 21 Den
231 178 114 22 bemärkta
367 178 47 26 roll,
435 185 46 14 som
504 178 211 28 folkskolefrägorna
737 179 62 27 spela
815 179 36 21 vid

92 214 52 21 vära
159 214 170 27 ständermöten,
344 213 83 21 vittnar
442 220 46 14 mer
503 214 27 20 än
547 216 74 23 annat,
638 220 35 14 om
689 214 36 21 det
741 214 68 27 lifliga
819 214 32 20 in-

90 250 68 19 tresse
173 248 103 21 hvarmed
291 248 75 20 landet
381 247 64 27 följer
463 247 153 27 utvecklingen
632 248 25 21 af
669 249 38 20 vär
721 255 61 20 unga
797 248 54 22 folk-

91 282 189 22 skoleinstitution.
311 281 72 22 Ocksä
407 282 41 20 den
472 282 68 27 fräga,
563 288 46 15 som
629 282 7 20 i
653 283 26 20 de
694 283 37 20 tvä
746 282 68 22 första
829 282 25 22 af

91 317 148 27 föreliggande
258 316 116 28 petitioner
395 316 75 21 ställes
489 317 69 20 under
579 316 82 26 debatt,
676 316 77 28 frägan
769 324 35 14 om
819 317 32 21 in-

91 351 90 21 förande
203 351 25 21 af
248 352 66 26 tväng
337 350 33 22 för
392 350 222 22 landskommunerna
636 353 33 19 att
688 351 83 21 inrätta
785 352 66 26 högre

91 385 125 26 folkskolor,
238 385 40 21 har
299 386 8 20 i
330 384 58 22 olika
410 384 80 22 former
512 385 112 28 sysselsatt
644 386 124 20 Ständerna
782 386 68 20 redan

91 420 35 21 vid
141 422 33 19 tre
189 420 128 27 föregäende
334 419 133 27 landtdagar
482 420 40 21 och
538 419 144 22 äterkommer
697 427 29 13 nu
737 420 34 21 för
781 420 70 27 fjärde

91 455 85 27 gängen
199 455 7 21 i
228 456 31 20 ett
282 455 28 27 pä
326 454 70 27 saklig
411 454 116 27 utredning
542 455 110 26 grundadt
667 454 86 28 förslag,
769 454 82 22 hvilket

90 489 130 21 framställer
234 489 77 27 frägan
327 490 5 19 i
349 495 27 14 en
393 488 118 28 belysning,
527 488 50 22 vida
590 488 164 28 fullständigare
765 490 28 20 än
805 496 46 14 som

92 524 77 21 hittills
185 524 89 21 kommit
290 524 41 20 den
346 523 34 21 till
396 523 41 21 del.

163 570 117 20 Allmänna
301 568 203 28 hesvärsutskottet,
519 569 33 21 till
568 570 64 21 hvars
648 569 118 27 beredning
781 569 70 21 hithö-

95 605 68 21 rande
181 604 117 28 petitioner
310 604 84 27 jämväl
413 604 93 27 tidigare
522 604 160 26 öfverlemnats,
697 604 46 26 har,
759 604 70 21 säsom
845 604 7 20 i

93 638 149 28 föreliggande
258 638 111 21 memorial
384 645 36 15 n:o
438 639 18 25 1,
472 638 38 21 sid.
526 640 20 25 2,
562 638 104 28 päpekas,
682 639 127 21 understödt
825 639 27 19 de

94 673 77 27 gjorda
195 673 108 27 förslagen
326 680 36 14 om
380 672 121 28 skoltväng,
526 673 105 22 ehuruväl
650 674 27 20 de
691 674 80 26 mänga
785 679 68 15 reser-

95 708 104 25 vationer,
223 707 73 22 hvilka
314 707 75 28 ätföljt
410 707 118 21 utskottets
544 707 153 22 betänkanden
712 708 7 20 i
735 707 118 27 anledning

97 742 24 21 af
143 743 72 20 denna
230 742 67 26 fräga,
322 744 100 25 nogsamt
438 742 70 21 vittna
524 742 32 21 till
572 742 88 21 hvilken
675 743 53 26 grad
744 742 111 27 äsigterna

96 776 57 22 varit
177 776 76 22 delade
277 776 63 22 äfven
356 776 59 21 inom
430 776 113 22 utskottet.
575 776 123 22 Ständerna
713 777 98 21 däremot
826 776 29 21 ha

95 810 104 28 regelrätt
221 810 70 28 afböjt
313 811 75 27 hvarje
411 810 93 28 petition
523 818 34 14 om
576 810 180 28 folkskoletväng.
789 810 66 22 Detta

96 845 45 26 har,
157 846 28 20 dä
201 845 146 27 petitionerna
362 844 118 22 inskränkt
495 845 33 27 sig
543 845 33 21 till
588 847 32 19 ett
630 845 95 28 yrkande
737 852 34 14 om
782 845 73 21 lands-

96 880 168 21 kommunernas
286 879 148 28 förpligtande
457 882 33 18 att
512 880 82 21 inrätta
618 880 65 21 minst
699 886 26 15 en
740 879 114 26 folkskola,

98 914 59 21 skett
174 915 48 21 med
238 914 129 27 hänvisning
382 914 34 21 till
432 915 43 20 den
491 914 155 28 försiggängna
656 914 101 28 frivilliga
767 914 88 22 utveck-

97 948 72 27 lingen
185 948 25 22 af
228 948 217 22 folkskoleväsendet.
477 949 75 21 Säsom
571 949 25 21 af
608 950 27 20 de
652 949 120 21 statistiska
789 950 66 20 ärsre-

98 983 153 27 dogörelserna
262 983 100 28 framgär,
374 983 80 21 funnos
469 984 8 20 i
492 984 74 21 landet
582 984 69 21 under

168 1024 93 20 läseäret
278 1024 112 21 1877—78
421 1024 43 21 253
481 1024 127 21 kommuner
623 1027 54 19 utan
692 1024 108 21 folkskola

210 1080 10 10 »
282 1064 113 22 1881—82
427 1065 39 21 157

209 1115 11 9 5
281 1099 113 21 1885—86
426 1100 40 21 116

211 1149 10 10 n
282 1134 113 21 1889—90
440 1134 25 20 —71

100 1178 68 21 Dessa
183 1178 32 21 tal
230 1179 70 21 utvisa
315 1179 57 21 huru
387 1179 61 21 raskt
464 1179 84 22 antalet
564 1179 24 21 af
602 1180 26 20 de
642 1180 132 24 kommuner,
785 1178 74 22 hvilka

100 1212 50 22 icke
174 1212 48 22 haft
245 1214 71 26 nägon
339 1213 108 21 folkskola
468 1214 6 20 i
490 1214 144 26 verksamhet,
658 1214 145 25 förminskats,
818 1213 41 21 och

101 1247 68 22 ovisst
184 1249 25 19 är
225 1254 34 14 om
275 1248 72 21 denna
362 1248 160 27 förminskning
538 1248 71 21 skulle
625 1248 129 22 nämnvärdt
765 1247 93 28 päskyn-

101 1282 38 21 das
160 1288 78 21 genom
260 1282 113 22 anlitande
395 1282 25 22 af
436 1283 187 27 tvängsätgärder.
654 1283 70 21 Bland
743 1284 41 20 den
803 1282 57 21 äter-

100 1316 49 21 stod
171 1317 24 20 af
217 1316 135 28 kommuner,
375 1324 46 14 som
445 1318 60 20 ännu
524 1318 69 20 sakna
608 1317 43 21 fast
666 1317 108 21 folkskola
789 1316 70 21 finnas

101 1350 108 28 nämligen
226 1352 79 26 många
321 1352 24 20 sä
360 1352 48 20 små
423 1351 41 21 och
480 1352 84 27 fattiga,
581 1354 33 18 att
630 1352 26 21 de
672 1352 47 21 icke
729 1353 38 20 äro
778 1352 7 20 i
796 1352 65 20 stånd

101 1386 32 19 att
155 1385 129 21 underhålla
308 1386 53 21 hvar
384 1387 33 19 sin
441 1392 55 21 egen
519 1386 108 21 folkskola
643 1386 52 22 eller
710 1386 41 22 ock
766 1386 24 21 så
805 1385 56 27 glest

101 1418 108 28 bebodda,
233 1422 33 18 att
288 1421 26 20 de
338 1421 76 20 endast
437 1422 63 20 torde
519 1420 75 22 kunna
609 1420 99 28 betjenas
723 1420 26 22 af
762 1427 27 15 en
805 1420 56 21 folk-

170 1459 98 18 Allmänna
280 1460 175 18 Besvärsutskottets
466 1460 111 19 betänkande
588 1460 34 18 N:o
635 1461 31 18 20.

539 1082 11 9 ”
647 1081 10 9 ”
739 1081 10 9 ”

539 1116 11 9 ”
647 1116 10 9 ”
739 1116 10 8 ”

540 1150 10 10 ”
647 1150 10 10 ”
739 1150 10 10 ”
