1056 1664
287 144 231 22 Petitionbetänkande
533 143 36 23 N:o
585 143 30 23 18.
787 145 13 21 9

436 282 27 22 11.

140 352 114 22 Allmänna
280 352 200 22 Besvärsutskottet
505 353 40 21 har
567 352 50 22 med
640 352 190 28 öfverväldigande

70 388 110 26 majoritet
195 387 97 22 förordat
306 387 70 27 afslag
391 386 28 28 pä
435 388 146 26 petitionerna
596 394 37 14 om
646 388 76 26 anslag
733 387 23 21 af
764 389 66 19 stats-

72 422 69 22 medel
156 423 74 21 säsom
244 422 173 27 prisbelöningar
433 422 33 21 för
482 421 147 22 framstäende
639 422 114 21 inhemska
763 422 66 22 skön-

71 457 96 21 litterära
188 456 88 22 arbeten
292 457 50 21 eller
357 457 75 21 säsom
448 456 119 22 understöd
583 456 32 22 för
631 456 137 22 studieresor.
797 456 33 22 Dä

72 492 26 21 de
116 491 53 27 skäl,
190 498 47 15 som
256 492 56 21 varit
333 491 166 22 bestämmande
514 491 34 22 för
562 491 117 22 utskottets
694 491 136 28 uppfattning

71 527 23 21 af
114 526 82 28 frägan,
213 526 47 22 icke
277 529 61 24 synts
353 527 44 26 mig
411 526 118 27 bindande,
545 527 54 20 skall
611 527 38 26 jag
664 527 7 20 i
687 527 35 21 det
737 526 94 28 följande

71 562 55 21 söka
141 561 105 22 motivera
262 561 42 22 min
320 561 125 28 skiljaktiga
460 561 135 28 ständpunkt
609 561 7 21 i
631 561 78 21 denna.

140 595 40 22 Om
196 603 29 14 nu
240 596 158 27 ovedersägligt
413 602 28 16 en
457 596 97 21 löftesrik
567 596 138 21 skönlitterär
715 595 115 28 uppblom-

72 631 67 27 string
154 633 24 19 är
193 631 160 21 kännetecknet
368 630 28 28 pä
411 631 158 21 framvällande
584 631 53 26 rika,
653 631 82 27 sedliga
750 630 81 22 krafter

71 671 60 20 inom
149 667 31 20 ett
195 665 49 26 folk,
260 665 41 21 och
316 671 37 15 om
368 665 43 21 lika
427 665 160 27 ovedersägligt
601 665 190 22 skönlitteraturen
806 666 25 20 är

72 703 31 19 ett
123 700 36 21 det
177 700 173 21 värksammaste
370 700 71 21 medel
458 702 32 19 att
504 701 54 26 göra
573 706 27 15 en
615 700 52 21 liten
682 700 76 21 nation
773 699 57 22 känd

73 735 42 21 och
133 735 66 21 aktad
217 737 60 19 utom
296 735 36 21 sitt
352 737 48 24 eget
419 735 98 26 omräde,
533 734 24 22 sä
572 734 41 22 bör
628 735 35 21 det
679 741 54 14 vara
748 741 27 14 en
790 734 41 21 sak

73 769 23 22 af
114 771 80 20 största
209 769 44 22 vikt
268 769 35 22 för
318 769 115 22 samhället
447 772 33 19 att
495 775 80 21 genom
590 769 107 22 materielt
711 768 119 23 understöd

72 805 54 26 göra
148 804 36 21 det
207 804 81 27 möjligt
306 804 33 21 för
356 805 54 20 vära
428 803 148 22 framstäende
591 804 153 21 skönlitterära
759 803 71 22 skrift-

73 839 87 21 ställare
175 840 31 19 att
221 838 73 22 såsom
310 839 34 20 sin
359 839 91 21 främsta
466 838 120 28 lifsuppgift
601 839 62 20 ställa
679 839 42 21 den
734 838 97 22 litterära

73 873 165 27 produktionen.

140 908 8 20 I
166 908 241 22 utskottsbetänkandet
422 908 132 27 framhålles,
570 910 31 19 att
618 908 49 27 inga
682 908 148 27 penningean-

73 942 52 28 slag,
146 942 55 22 huru
223 945 59 19 stora
298 943 26 21 de
347 944 28 20 än
397 943 38 21 mä
456 949 61 20 vara,
534 943 73 21 kunna
622 943 69 27 skapa
706 949 28 15 cn
749 942 82 27 värklig

73 977 195 27 skaldebegäfning.
297 978 32 26 Ja,
347 984 50 14 man
412 978 37 20 vill
471 979 54 25 göra
543 978 78 26 troligt,
637 979 32 19 att
684 976 147 22 skriftställar-

72 1012 119 21 understöd
211 1012 22 21 af
249 1014 71 20 staten
339 1014 96 20 tvärtom
451 1012 55 21 skall
520 1012 89 21 komma
624 1013 31 20 att
670 1012 115 21 motvärka
799 1010 32 22 af-

73 1046 70 22 sikten
166 1047 49 21 med
238 1047 128 27 detsamma,
382 1047 42 21 och
440 1047 105 21 hänvisar
565 1048 28 26 pä
613 1046 150 22 erfarenheten
783 1046 48 21 frän

73 1080 131 28 föregående
226 1082 60 26 tider,
309 1088 88 15 vunnen
419 1080 64 23 såväl
501 1082 40 20 här
560 1082 87 21 hemma
669 1088 47 14 som
737 1081 7 21 i
763 1080 69 22 andra

73 1116 55 20 land.
159 1116 40 27 Jag
221 1116 83 27 nödgas
328 1116 99 22 häremot
451 1116 113 26 anmärka,
588 1118 31 19 att
641 1115 76 28 frägan
735 1122 29 14 nu
783 1115 49 21 icke

73 1150 67 27 gäller
148 1151 25 21 sä
181 1150 84 22 kallade
272 1150 275 28 skriftställarepensioner,
556 1153 54 19 utan
620 1150 127 27 belöningar
757 1150 8 20 i
775 1150 56 21 form

73 1184 23 21 af
109 1184 44 28 pris
169 1185 51 21 eller
235 1186 124 26 reseanslag
374 1185 34 21 för
422 1186 71 21 redan
508 1185 83 27 utgifna
606 1184 147 22 framstäende
768 1184 63 22 arbe-

73 1221 42 19 ten.
144 1219 97 22 Afsikten
257 1220 90 22 härmed
362 1222 25 19 är
403 1220 48 21 icke
467 1222 33 19 att
515 1220 68 27 skapa
598 1220 92 26 skalder,
699 1219 86 27 hvilket,
793 1219 39 27 jag

73 1254 118 27 medgifver
213 1254 41 27 det,
278 1254 47 22 icke
340 1254 50 22 med
413 1254 28 22 de
462 1256 81 20 största
559 1254 119 22 materiella
693 1254 71 22 medel
778 1252 56 23 läter

74 1288 32 28 sig
128 1290 60 26 göra,
211 1291 53 19 utan
286 1291 32 19 att
340 1288 69 23 befria
428 1289 44 21 den
492 1289 153 22 skönlitterära
662 1288 171 26 skriftställaren,

74 1330 47 14 som
136 1324 76 21 vunnit
226 1324 32 27 sig
274 1326 30 19 ett
318 1331 69 14 namn
399 1330 83 21 genom
493 1324 34 21 sin
537 1323 294 26 skriftställareverksamhet,

74 1358 46 21 frän
140 1358 35 22 det
194 1361 55 18 mest
266 1359 121 27 tryckande
401 1359 171 27 brödbekymret
587 1358 34 21 för
636 1358 75 27 dagen.
741 1357 40 22 Det
797 1363 36 21 sy-

73 1399 39 14 nes
128 1393 48 21 icke
197 1393 67 21 häller
279 1399 53 15 vara
347 1393 119 21 utskottets
483 1393 92 27 mening,
592 1394 31 19 att
639 1398 27 16 en
684 1391 149 22 skriftställare

74 1427 32 21 för
124 1429 32 19 att
171 1427 29 22 nä
215 1427 79 28 höjden
310 1427 24 22 af
346 1428 38 20 sitt
398 1427 170 27 författareskap
582 1427 167 26 nödvändigtvis
764 1426 71 21 mäste

73 1460 120 23 framställa
215 1464 65 25 typen
302 1461 24 22 af
346 1462 42 21 den
411 1462 122 26 svältande,
552 1461 95 22 malätne
667 1463 86 25 poeten,
769 1461 66 21 hvars

142 1501 98 18 Allmänna
252 1501 175 18 Besvärsutskottets
439 1501 112 18 betänkande
563 1501 34 18 N:o
609 1501 28 17 14.
