1059 1673
253 99 43 22 136
448 98 224 23 Petitionsbetänkande
688 99 35 22 N:o
738 98 14 23 1.

221 159 98 27 betydlig
341 159 115 22 reduktion
481 159 24 22 af
524 159 157 27 jordarbetena
704 160 70 21 måste
798 159 74 21 kunna
892 159 83 22 vinnas.

221 195 44 21 För
288 196 34 19 att
344 195 125 27 härigenom
492 195 84 22 banans
601 195 211 26 transportförmåga
835 195 49 21 icke
908 196 68 21 måtte

221 231 89 21 komma
332 233 34 19 att
388 231 140 21 öfverhöfvan
550 231 114 21 nedsättas
680 230 67 22 borde
763 232 77 25 tyngre
856 231 120 21 lokomotiv

221 266 41 21 här
276 266 88 22 komma
379 267 35 21 till
429 267 145 27 användning,
590 267 84 20 hvilket
689 267 47 20 åter
752 266 71 22 skulle
838 266 90 26 betinga
943 268 33 19 ett

222 302 85 21 ökande
328 302 23 21 af
365 303 135 26 skenvigten.
532 302 48 22 Den
597 302 127 27 härigenom
740 302 144 22 förorsakade
900 301 75 22 öknin-

221 344 43 21 gen
280 338 7 21 i
302 338 94 21 kostnad
412 338 70 21 skulle
499 339 50 20 med
565 338 103 21 säkerhet
678 337 108 28 betydligt
797 338 127 27 understiga
933 338 42 21 den

221 373 126 28 minskning
368 380 46 15 som
436 375 12 20 &
461 373 156 28 jordarbetena
633 373 42 22 kan
692 375 71 20 ernås.
794 368 19 27 Å
829 374 69 21 andra
913 374 62 21 sidan

221 410 48 21 åter
284 410 40 21 har
339 409 101 22 betonats
456 411 34 20 att
505 409 227 28 transportförmägan
744 411 12 20 ä
765 410 52 21 våra
824 411 74 20 senast
906 409 70 27 bygda

220 444 70 22 banor
305 447 25 19 är
345 447 69 20 större
430 447 27 20 än
474 445 33 22 för
522 445 106 22 trafikens
640 445 130 27 betjenande
782 445 40 22 och
834 445 142 22 ekonomiska

221 481 165 22 handhafvande
402 481 34 21 för
451 482 135 20 närvarande
602 481 116 22 erfordras.
744 481 34 21 Då
794 480 93 22 trafiken
904 483 13 19 &
933 481 42 21 den

220 523 30 14 nu
274 517 164 27 ifrågavarande
460 517 68 22 linien
550 517 48 22 icke
617 517 73 22 kunde
706 519 92 25 antagas
814 517 68 22 blifva
898 519 76 25 större,

220 554 55 19 utan
291 559 87 15 snarare
394 553 85 21 mindre
494 555 28 19 än
538 554 14 20 &
567 553 71 27 öfriga
654 555 76 19 senast
745 553 85 27 byggda
841 553 133 27 stambanor,

220 587 68 22 borde
312 595 26 15 en
358 588 150 22 modifikation
529 589 24 21 af
566 589 220 26 byggnadssystemet
802 589 7 20 i
825 595 51 20 nyss
892 589 82 26 antydd

219 623 99 28 riktning
340 624 74 21 kunna
438 625 38 20 ske
495 625 6 20 i
518 625 107 20 samband
642 625 49 20 med
707 625 71 26 någon
795 624 140 27 nedsättning
951 625 24 20 af

219 659 85 22 banans
328 659 216 28 transportförmäga.
583 660 115 21 Utskottet
727 660 40 21 har
793 659 109 28 sjelffallet
927 659 47 22 icke

219 695 86 21 kunnat
324 695 50 27 ingå
389 697 28 26 på
432 697 71 25 någon
520 695 172 27 detaljpröfning
708 695 24 22 af
746 696 26 21 de
788 697 92 25 utvägar
896 701 76 21 genom

219 730 75 22 hvilka
310 738 26 14 en
352 731 126 27 minskning
493 731 23 22 af
530 731 269 27 anläggningskostnaden
815 731 72 21 kunde
904 732 69 20 ernås.

219 766 51 21 Men
287 767 27 21 då
330 773 26 15 en
372 767 141 27 nedsättning
528 767 70 27 häraf,
614 768 50 20 med
680 767 96 21 särskild
786 768 83 26 hänsyn
881 766 34 22 till
924 767 49 21 dess

220 802 97 27 ovanligt
334 803 57 27 höga
407 803 85 27 belopp,
509 805 24 19 är
550 803 138 27 synnerligen
705 803 93 27 önsklig,
815 805 57 19 samt
888 802 85 27 möjlig-

219 838 67 21 heten
301 838 64 21 häraf
379 838 71 21 blifvit
466 839 88 26 antydd,
570 839 62 21 torde
643 838 122 22 Ständerna
774 838 48 21 icke
833 838 53 21 böra
894 839 79 20 under-

219 873 47 21 låta
281 875 34 20 att
330 874 94 27 anhålla,
440 875 38 20 det
494 875 70 20 denna
581 874 159 27 angelägenhet
751 875 69 20 måtte
829 874 143 21 underkastas

220 909 140 26 omsorgsfull
376 910 40 21 och
431 916 112 20 noggrann
559 909 109 28 pröfning.

289 945 31 20 På
341 945 71 26 grund
435 945 25 21 af
479 945 57 21 hvad
560 951 45 15 som
627 945 84 22 anförts
733 945 33 21 får
787 945 109 21 utskottet
911 945 62 21 vörd-

220 981 58 20 samt
294 980 90 21 föreslå:

436 1040 30 20 att
484 1038 127 23 Ständerna
626 1039 51 22 ville
686 1039 41 27 för
742 1039 36 21 sin
794 1039 33 21 del
844 1039 80 21 besluta
934 1040 38 25 att,

362 1075 127 20 omedelbart
512 1074 54 27 efter
588 1081 31 15 nu
636 1075 114 28 pågående
768 1074 205 28 jernvägsarbetens

362 1109 141 27 slutförande,
527 1117 28 14 en
576 1109 56 22 bana
648 1110 62 21 borde
727 1110 79 27 byggas
815 1109 59 28 från
890 1110 81 21 Keuru

361 1145 82 21 station
458 1145 14 21 å
493 1145 62 22 Wasa
566 1145 94 29 jernväg
674 1145 34 22 till
725 1145 133 28 Jyväskylä;
869 1147 55 20 samt
935 1145 37 21 hos

362 1180 65 22 Hans
434 1181 124 28 Kejserliga
565 1181 104 27 Majestät
676 1181 8 21 i
692 1181 175 27 underdånighet
875 1181 98 21 anhålla:

433 1223 32 20 att
479 1222 171 28 ifrågavarande
660 1222 236 28 jernvägssträckning
904 1223 66 20 måtte

361 1257 73 22 innan
449 1259 64 20 nästa
531 1258 104 28 landtdag
650 1258 107 27 definitivt
773 1258 83 27 uppgäs
871 1259 55 19 samt
930 1257 42 28 för

361 1293 72 22 arbete
453 1293 125 28 uppläggas,
598 1293 112 28 äfvensom
731 1292 185 29 kostnadsförslag
930 1292 42 27 för

360 1328 74 22 banan
449 1331 120 26 uppgöras;

433 1372 32 20 att
483 1363 79 29 härvid
577 1370 69 22 skulle
663 1370 71 23 under
749 1370 137 28 ompröfning
901 1372 69 25 tagas,

360 1406 112 22 huruvida
487 1406 45 22 icke
546 1413 77 21 genom
637 1407 74 27 någon
722 1405 145 28 modifikation
878 1405 26 27 af
907 1405 65 28 bygg-

288 1446 177 24 Jernvägsutskottets
476 1447 108 18 betänkande
597 1446 35 19 N:o
644 1449 15 16 1.
