1070 1673
257 137 11 18 2
447 135 246 22 Petitionsbetänkande
707 135 38 22 N:o
761 133 31 23 27.

296 198 8 17 I
316 198 37 18 alla
366 198 21 17 de
400 198 68 22 länder,
475 198 32 18 der
520 203 42 13 man
575 203 50 13 mera
638 198 46 17 ifrar
697 198 28 17 för
739 197 201 24 folkundervisningen,
949 197 37 18 har

227 232 43 12 man
283 227 63 17 därför
357 227 98 22 grundlagt
468 227 221 22 fortbildningsläroverk,
702 226 73 18 hvilkas
789 226 73 23 uppgift
874 227 40 17 icke
926 228 20 16 är
956 228 28 16 att

228 255 51 23 gifva
293 261 34 17 nya
340 255 109 23 kunskaper,
463 257 43 16 utan
519 257 28 16 att
560 257 44 21 göra
617 255 22 18 de
651 255 6 17 i
671 255 106 18 folkskolan
790 255 105 18 inhemtade
903 255 82 23 grundli-

227 289 51 18 gare,
287 285 47 16 samt
348 285 28 16 att
388 284 84 18 utveckla
484 284 34 17 och
531 284 136 17 tillfredsställa
679 283 187 23 bildningsbehofvet,
875 289 37 12 som
919 284 21 22 ju
949 284 34 17 hos

226 312 100 23 ynglingen
339 314 21 16 är
372 313 20 17 af
404 315 55 16 annat
472 313 38 22 slag
522 314 23 16 än
554 313 34 17 hos
597 313 70 17 barnet.
692 309 60 21 Äfven
768 312 33 17 vår
817 312 166 18 folkskoleförord-

226 341 45 23 ning
290 341 108 18 förutsätter
416 347 21 12 en
457 341 56 18 sädän
531 341 264 23 fortbildningsundervisning
807 341 30 18 för
849 341 39 18 dem
901 347 37 12 som
952 347 30 17 ge-

226 370 84 23 nomgätt
323 369 110 18 folkskolan.
458 371 46 16 Dess
513 370 59 17 125:te
581 370 10 23 $
600 370 76 23 stadgar
687 369 101 23 nämligen:
802 370 65 23 ,Utom
876 370 34 17 den
918 370 67 17 under-

227 399 73 22 visning
312 399 59 17 lärare
384 399 44 17 eller
439 399 98 22 lärarinna,
551 403 38 13 som
603 398 20 18 af
635 400 60 16 staten
704 398 109 23 lönebidrag
821 399 75 22 uppbär,
905 400 21 16 är
934 399 48 22 skyl-

227 427 32 23 dig
271 427 83 18 meddela
366 427 6 17 i
385 427 64 18 skolan
462 427 91 18 inskrifna
566 427 64 22 elever,
643 427 34 18 bör
689 427 36 18 han
735 427 46 18 eller
790 427 36 17 hon
835 427 109 18 åtminstone
954 432 30 17 en,

227 461 40 12 men
280 455 48 18 helst
340 457 64 16 tvenne
417 455 143 24 eftermiddagar
572 456 5 17 i
591 456 69 17 veckan
672 455 115 24 tillhandagä
800 461 91 17 personer,
905 461 37 12 som
952 461 29 17 ge-

227 484 83 23 nomgätt
323 484 65 17 skolan
400 484 43 18 eller
455 489 66 13 annars
534 485 28 22 sig
576 490 29 12 om
617 484 86 23 kunskap
717 484 33 18 och
763 484 84 23 bildning
860 485 67 22 beflita,
940 484 41 18 med

227 513 96 22 anvisning
336 513 33 17 och
382 513 102 22 förklaring
496 513 21 17 af
528 513 86 22 gagnelig
627 513 77 23 läsning,
713 513 134 23 genomseende
855 513 34 18 och
898 513 84 18 rättande

227 541 20 18 af
259 541 93 23 skriftliga
372 541 84 24 öfningar
468 544 48 15 samt
528 542 40 17 med
584 543 57 16 annat
653 541 72 23 sädant,
738 547 38 12 som
789 541 28 18 till
830 541 119 24 bibringande
962 542 21 17 af

227 575 45 12 sann
289 570 85 23 kunskap
387 570 33 17 och
433 570 82 23 bildning
528 571 56 17 lända
596 571 52 17 kan."
661 581 22 2 —
696 571 23 17 Sä
732 570 40 17 vidt
782 571 33 22 jag
828 572 34 20 vet,
875 571 34 17 har
921 571 60 17 denna

227 599 107 22 förordning
346 599 92 22 knappast
450 604 31 13 ens
493 599 28 18 till
534 603 74 14 namnet
620 599 77 18 kommit
711 599 27 17 till
752 599 122 23 användning.
899 599 39 18 Den
946 599 35 18 har

226 633 38 12 som
278 633 21 12 en
312 627 36 18 död
361 628 113 23 bestämning
487 628 61 17 blifvit
561 630 44 15 utan
618 628 24 17 all
655 628 44 23 vigt.
725 628 106 17 Orsakerna
843 628 63 17 härtill
919 628 62 17 kunna

226 662 43 12 vara
288 656 132 23 mängahanda,
439 662 40 12 men
498 657 34 17 den
545 657 172 23 hufvudsakligaste
729 657 54 17 torde
797 657 46 17 dock
856 662 43 12 vara
911 658 69 17 bristen

225 686 24 22 pä
278 685 90 23 passande
394 686 156 22 lärareförmägor.
575 686 28 17 En
629 686 184 22 fortsättningsskola
838 686 61 18 ställer
924 686 57 22 högre

225 714 105 22 fordringar
349 714 23 22 pä
390 714 72 18 läraren
478 716 23 16 än
516 714 111 18 folkskolan.
652 714 76 18 Arbetet
742 714 5 17 i
762 719 23 13 en
798 714 182 23 fortsättningsskola

225 742 72 18 fordrar
317 743 117 23 grundligare
453 744 79 22 insigter,
552 743 32 17 och
603 748 22 12 en
643 743 65 22 lärare,
721 748 39 12 som
784 743 143 23 framgängsrikt
947 743 32 17 vill

225 771 58 18 verka
301 772 5 16 i
326 776 22 13 en
366 772 62 22 sädan,
443 772 33 18 bör
488 772 62 17 derför
562 772 76 22 utvidga
651 772 28 17 sin
692 772 5 17 i
710 772 105 17 seminariet
828 772 103 17 inhemtade
944 772 36 17 lär-

225 800 48 17 dom.
297 800 41 18 Som
358 805 21 13 en
398 800 80 24 naturlig
497 800 46 23 fölid
556 801 55 17 häraf
623 800 40 22 blir,
677 802 28 16 att
717 800 48 18 hans
777 800 63 18 arbete
853 800 54 18 ocksä
919 800 61 18 bättre

224 829 34 18 bör
270 829 76 18 betalas.

293 858 35 17 Vid
344 860 72 16 senaste
429 859 200 18 folkskoleläraremöte
641 859 35 17 har
688 864 42 12 man
745 858 29 17 för
786 858 162 18 ästadkommande
960 858 21 17 af

224 887 198 22 fortsättningsskolor
433 888 48 22 gjort
494 887 81 24 följande
589 887 78 23 förslag:

294 916 16 22 1)
330 918 28 15 att
376 916 215 23 fortsättningsskolorna
603 917 5 16 i
621 916 86 17 städerna
723 915 63 18 skulle
798 915 67 18 ordnas
877 915 28 17 till
920 915 59 18 afton-

224 944 62 17 skolor
304 945 34 17 och
356 946 27 16 att
402 945 63 22 hvarje
477 945 41 17 stad
531 945 59 17 skulle
604 945 122 17 tillerkännas
738 945 39 16 rätt
790 945 26 16 att
830 944 68 17 inrätta
911 944 68 17 sädana

224 973 57 22 enligt
293 973 65 23 behof;

293 1002 17 21 2)
325 1004 27 15 att
365 1002 94 17 städernas
472 1002 192 23 forisättningsskolor
677 1002 59 17 skulle
750 1001 18 18 få
781 1001 73 22 åtnjuta
868 1001 111 18 statsunder-

223 1030 42 17 stöd
277 1030 57 23 enligt
347 1035 70 13 samma
426 1031 95 22 principer,
534 1036 37 12 som
582 1031 28 17 för
616 1030 114 18 närvarande
740 1030 55 23 följas
805 1030 29 17 vid
843 1030 136 17 bestämmande

223 1058 21 18 af
255 1059 148 18 statsunderstöd
416 1060 28 17 för
457 1059 94 18 städernas
565 1059 110 22 folkskolor;

293 1088 17 23 3)
325 1089 27 16 att
373 1088 215 23 fortsättningsskolorna
606 1088 6 17 i
625 1087 187 18 landskommunerna
825 1087 81 17 däremot
919 1087 62 18 skulle

223 1116 67 17 ordnas
309 1116 27 17 till
355 1117 73 22 vanliga
440 1117 102 22 dagskolor,
556 1117 63 17 hvilka
632 1116 94 17 oafbrutet
745 1115 60 18 skulle
824 1115 64 18 arbeta
906 1118 10 16 5
934 1115 46 18 eller

223 1146 10 17 6
252 1145 72 22 veckor,
343 1148 47 14 samt
410 1147 27 16 att
456 1145 92 18 dessutom
566 1145 114 18 läroverkets
699 1145 59 17 elever
773 1144 57 17 under
849 1145 88 16 terminen
952 1146 26 15 ett

222 1179 34 16 par
269 1173 57 22 dagar
338 1173 6 17 i
357 1173 89 18 mänaden
459 1174 56 17 borde
529 1174 76 17 beredas
617 1173 74 18 tillfälle
704 1175 28 16 att
745 1173 69 18 samlas
823 1173 5 17 i
838 1173 64 18 skolan
914 1173 28 17 för
950 1175 28 15 att

222 1201 19 18 få
254 1201 125 24 handledning
391 1202 30 18 vid
434 1203 27 17 sin
475 1202 114 23 hemläsning
608 1205 48 15 samt
671 1202 118 23 korrigering
803 1201 20 18 af
834 1202 39 17 sina
885 1201 93 23 skriftliga

222 1230 85 23 arbeten;

291 1260 17 22 4)
323 1260 28 18 att
368 1259 57 17 under
443 1260 52 20 tider,
514 1259 23 18 då
550 1259 263 23 fortsättningsundervisning
831 1259 92 17 meddelas
943 1259 34 17 den

222 1288 92 22 egentliga
333 1288 105 18 folkskolan
456 1288 58 18 skulle
532 1294 44 12 vara
589 1288 72 23 stängd,
674 1288 44 18 eller
730 1288 24 22 på
767 1288 28 17 sin
807 1288 44 22 höjd
864 1288 64 17 endast
936 1288 42 17 dess

221 1316 67 22 högsta
301 1316 93 22 afdelning
407 1322 43 12 vara
463 1317 5 17 i
480 1317 124 23 verksamhet;

291 1345 16 22 5)
322 1346 27 16 att
362 1344 34 18 den
409 1345 63 21 lärare,
487 1350 38 12 som
538 1345 92 18 meddelas
639 1347 38 15 rätt
686 1347 27 15 att
723 1344 71 18 förestå
802 1346 27 16 ett
842 1344 137 22 fortsättnings-

221 1373 58 21 skola,
293 1373 46 17 skall
352 1373 24 22 på
388 1375 27 15 ett
428 1375 42 21 sätt,
482 1379 38 12 som
534 1374 97 17 framdeles
645 1374 72 17 komme
737 1375 28 16 att
786 1373 115 20 bestämmas,
915 1373 61 17 bevisa

221 1404 28 14 att
261 1402 37 17 han
311 1402 81 17 utbildat
404 1402 33 17 och
448 1402 72 18 förökat
533 1403 39 17 sina
585 1403 6 17 i
604 1403 105 17 seminariet
722 1402 84 18 erhållna
818 1402 113 22 kunskaper;

289 1431 18 21 6)
322 1432 28 16 att
362 1430 66 22 lärare,
441 1436 37 12 som
492 1431 78 17 förestår
583 1431 188 23 fortsättningsskola,
787 1436 22 12 ur
818 1430 105 18 statsmedel
940 1430 37 17 tili-

220 1458 90 18 erkännes
324 1461 26 15 ett
362 1459 74 22 arvode,
448 1460 28 17 till
489 1464 67 18 exemp.
571 1462 33 16 150
616 1460 52 17 mark
682 1465 28 12 om
723 1460 48 21 året;

289 1493 102 19 Allmänna
404 1494 168 18 besvärsutskottets
585 1494 112 18 betänkande
709 1494 37 18 N:o
760 1494 27 17 18.
