1056 1673
236 106 44 22 110

426 106 224 23 Petitionsbetänkande
667 107 35 22 N:o
718 106 14 22 1.

418 168 32 20 att
471 166 68 28 nådig
557 166 136 28 proposition
711 167 65 21 måtte
797 167 159 20 nästsamman-

348 203 106 21 trädande
469 202 96 22 Ständer
574 202 130 28 föreläggas
720 209 32 15 om
768 202 111 28 byggande
894 200 28 28 af
929 208 28 14 en

347 238 122 22 hamnbana
478 238 60 28 från
554 238 146 28 Björneborgs
715 238 49 22 stad
774 238 35 22 till
819 237 137 28 Mäntyluoto

347 274 67 22 holme
434 274 37 22 vid
494 274 71 28 Räfsö
586 274 75 27 hamn;
680 274 52 22 eller
752 276 32 20 att
805 274 72 22 denna
893 273 62 27 bana,

346 311 70 21 derest
441 310 138 22 statsverkets
602 310 120 28 tillgångar
744 310 80 22 sådant
839 309 116 29 medgäfve,

347 347 69 21 redan
438 346 147 28 derförinnan
609 347 37 21 och
668 346 9 22 i
700 346 128 22 omedelbart
854 346 102 22 samband

349 383 47 21 med
411 383 41 21 den
463 382 173 28 Björneborgska
645 382 85 22 banans
743 382 136 28 slutförande
889 381 67 27 blefve

350 419 48 21 med
414 418 70 22 arbete
499 418 85 28 belagd;

419 456 31 20 att
472 454 34 21 till
520 454 117 27 utförande
653 454 27 27 af
692 455 26 21 de
733 454 33 22 till
781 454 98 27 400,000
893 454 63 21 mark

347 490 142 27 uppskattade
504 490 46 27 kaj-
567 490 36 22 och
620 490 159 26 hamnarbeten,
796 490 74 21 hvilka
880 496 74 22 genom

350 526 41 22 den
414 526 132 28 ifrågasatta
569 526 140 21 hamnbanan
732 526 65 27 blefve
813 525 143 28 erforderliga

350 562 36 21 vid
409 562 146 27 Mäntyluoto,
575 562 126 21 statsverket
721 561 69 22 skulle
805 562 90 27 bidraga
909 562 46 20 med

348 604 27 15 en
390 604 86 15 summa
491 597 28 27 af
530 598 95 26 100,000
640 598 64 21 mark
719 598 37 21 och
766 597 66 28 nödig
843 597 112 22 arbetsled-

347 633 66 28 ning;
428 635 56 20 samt

418 671 34 20 att
471 676 44 15 som
535 669 71 22 vilkor
619 669 40 27 för
679 669 152 22 hamnbanans
846 669 110 28 byggande

347 706 36 21 och
398 705 163 29 statsbidragets
576 705 121 27 beviljande
712 706 66 21 måtte
782 705 131 27 fastställas,
925 706 31 20 att

347 741 143 28 Björneborgs
505 742 49 21 stad
565 741 84 22 ikläder
660 742 34 28 sig
702 741 127 27 utförandet
839 740 27 28 af
873 741 82 27 ifråga-

348 778 98 21 varande
460 778 190 27 hamnbyggnader
662 777 68 28 enligt
740 777 30 27 af
776 776 111 28 Styrelsen
897 777 58 21 stad-

347 812 74 28 fästad
438 814 56 27 plan
514 813 38 22 och
570 820 110 15 unsvarar
689 813 41 28 för
746 814 62 21 dessa
823 812 132 29 byggnaders

348 849 118 22 underhåll
491 849 37 22 och
556 849 100 28 möjligen
670 849 122 28 framdeles
814 849 141 27 erforderliga

347 885 137 28 utvidgning.

531 1024 99 18 10—13.

276 1063 74 21 Ehuru
370 1064 146 26 petitionerna
532 1064 38 22 N:o
586 1064 40 22 N:o
645 1064 94 27 10—13,
756 1065 36 21 två
809 1070 34 15 om
859 1064 43 26 två,
918 1063 35 22 be-

204 1098 82 22 handla
306 1101 77 19 tvenne
403 1100 59 21 olika
481 1100 74 27 banor,
572 1107 26 15 en
614 1100 34 22 till
664 1101 84 21 Raumo
765 1100 40 21 och
821 1106 26 15 en
862 1099 35 21 till
911 1099 42 27 Ny-

204 1134 58 28 stad,
283 1135 39 21 har
343 1136 109 21 utskottet
472 1138 55 20 trott
546 1136 33 27 sig
594 1136 54 22 böra
663 1139 98 25 upptaga
777 1136 49 22 dem
843 1136 111 26 samtidigt

204 1170 34 22 till
255 1171 162 27 handläggning
428 1171 47 22 dels
486 1173 91 21 emedan
588 1173 64 21 dessa
662 1173 69 21 banor
741 1172 130 21 framställts
882 1173 71 20 såsom

204 1206 50 21 med
278 1207 122 21 hvarandra
423 1208 178 21 konkurrerande
621 1208 122 27 jernvägar,
768 1207 93 22 emellan
881 1207 73 22 hvilka

204 1243 33 20 ett
255 1242 35 21 val
310 1242 67 22 borde
398 1243 82 27 träffas,
501 1243 47 22 dels
569 1244 40 20 ock
628 1246 52 19 enär
695 1244 112 21 utskottet
821 1243 133 21 beträffande

202 1277 108 23 hvardera
333 1278 105 27 förslaget
461 1280 49 20 med
531 1279 89 27 ledning
643 1279 24 21 af
686 1278 135 28 fullkomligt
842 1278 112 22 enahanda

203 1313 69 21 motiv
287 1314 94 21 kommit
396 1314 35 21 till
447 1315 37 21 det
499 1314 141 28 slutyrkande
656 1322 47 14 som
714 1315 110 21 utskottet
834 1314 71 21 nedan
921 1314 34 21 får

202 1348 37 21 till
256 1348 132 23 Ständernas
404 1350 146 27 bepröfvande
565 1350 118 27 förelägga.

275 1384 93 22 Jemlikt
383 1386 69 21 under
467 1386 93 21 förliden
572 1392 95 16 sommar
677 1386 136 22 verkställda
824 1386 129 21 instrumen-

202 1419 47 22 tala
265 1420 187 28 undersökningar
466 1422 86 22 komme
563 1422 122 22 kostnaden
697 1422 33 22 för
742 1428 26 16 en
776 1422 91 27 jernväg
878 1421 75 27 Harja-

275 1461 175 23 Jernvägsutskottets
462 1462 108 18 betänkande
582 1462 34 18 N:o
628 1464 15 17 1.
