1070 1678
237 133 12 20 2
354 132 84 24 Ständ.
453 133 57 23 Mot.
531 147 25 3 —
572 134 155 23 Motionsbet.
744 133 44 23 N:o
804 134 24 22 4.

207 197 23 18 är
245 195 95 22 fördelad
355 196 27 28 på
396 197 139 28 afdelningar,
550 204 26 15 en
592 197 90 22 särskild
698 197 108 28 afdelning
818 197 48 21 med
878 203 26 15 en
916 197 46 21 från

208 229 26 21 de
257 229 76 28 öfrigas
356 231 111 22 afvikande
490 232 83 21 mindre
593 232 94 21 kostsam
703 231 190 28 sammansättning
907 231 56 28 finge

207 263 88 22 inrättas
310 265 32 20 för
357 265 82 22 mindre
455 266 48 21 mål.

277 298 49 22 Med
348 299 100 22 afseende
464 300 12 21 å
498 301 256 28 domstolsförfattningen
775 301 39 20 och
835 300 129 28 rättegångs-

207 332 129 22 förfarandet
358 334 38 20 har
410 334 7 20 i
433 335 26 20 de
477 335 60 21 flesta
552 335 84 21 länders
651 335 133 27 lagstiftning
800 335 41 20 den
856 335 108 27 synpunkt

208 372 46 15 mer
269 367 52 21 eller
332 368 82 21 mindre
427 369 54 27 gjort
493 369 32 27 sig
535 369 104 27 gällande,
652 370 30 20 att
694 368 202 28 rättegångsmålens
909 368 55 21 olika

208 400 150 29 beskaffenhet,
373 402 86 21 hvilken
473 403 47 20 icke
536 405 38 26 gör
589 403 35 21 det
639 403 83 28 möjligt
732 404 30 19 att
771 402 193 21 tillfredsställande

210 435 67 21 ordna
291 436 222 28 rättegångsväsendet
528 437 27 28 på
570 444 80 14 samma
666 439 41 20 sätt
721 437 33 21 för
766 437 42 21 alla
816 437 49 27 mål,
878 437 87 27 fordrar,

208 471 31 19 att
261 469 71 22 målen
350 471 90 21 fördelas
456 471 26 28 på
497 471 68 22 skilda
581 472 116 21 domstolar
711 472 49 21 med
776 472 62 27 olika,
854 471 52 22 efter
920 471 44 20 må-

207 503 47 22 lens
270 504 86 22 enklare
372 505 51 22 eller
438 512 57 15 mera
510 506 124 21 invecklade
645 506 146 21 beskaffenhet
801 505 97 28 afpassad
910 512 54 14 sam-

208 539 144 28 mansättning
374 540 39 21 och
436 540 59 21 deraf
520 541 106 20 beroende
649 540 57 21 olika
726 540 126 21 förfarande.
889 539 76 22 Denna

207 573 82 28 princip
304 573 35 28 låg
354 574 29 21 till
401 575 68 27 grund
484 575 33 21 för
532 575 40 21 den
589 575 118 28 anordning
723 575 21 21 af
759 574 206 27 stadsdomstolarna,

208 613 47 15 som
270 609 58 20 ännu
343 609 68 21 under
426 611 82 20 senaste
523 610 31 21 tid
573 610 39 21 och
634 609 55 21 intill
711 609 203 21 kämnersrätternas
935 608 30 21 af-

208 642 109 22 skaffande
332 649 78 21 genom
424 644 152 28 förordningen
597 644 40 21 den
653 645 26 20 27
702 643 61 28 April
785 643 55 21 1868
863 642 102 21 bibehölls

208 676 8 20 i
237 676 204 23 domstolsväsendet
461 678 7 20 i
489 678 96 27 Finland,
608 678 103 21 ehuruväl
734 677 109 28 principen
866 677 38 20 här
928 683 38 14 var

209 710 76 22 endast
307 712 146 28 ofullständigt
473 713 39 21 och
535 712 68 21 delvis
617 712 7 21 i
640 719 69 14 annan
726 712 95 27 riktning
836 710 129 28 genomförd.

279 745 118 22 Ständerna
419 746 84 22 ansluta
525 747 32 27 sig
572 747 32 21 till
619 747 41 21 den
676 746 142 28 uppfattning,
839 747 30 19 att
884 752 26 14 en
925 745 41 21 till-

209 780 162 22 fredsställande
386 781 119 27 anordning
520 781 21 21 af
555 780 224 29 rättegångsväsendet
793 780 39 21 bör
847 780 79 27 byggas
938 779 27 27 på

209 814 139 22 förenämnda
364 815 105 21 allmänna
484 816 119 27 grundsats,
618 816 39 20 och
672 815 64 21 hafva
751 814 71 22 derför
836 814 71 20 funnit
925 814 40 20 den

210 855 30 15 nu
255 849 120 27 föreslagna
390 850 244 28 lagstiftningsåtgärden
650 856 51 14 vara
716 850 21 20 af
752 849 100 21 behofvet
863 848 102 28 påkallad.

209 883 11 21 I
243 884 76 27 sjelfva
338 884 73 21 verket
433 886 23 19 är
475 890 27 15 en
524 884 79 28 mängd
624 884 22 21 af
668 884 27 21 de
715 884 36 20 vid
766 882 201 22 stadsdomstolarna

210 918 174 22 förekommande
406 918 70 22 målen
498 919 21 21 af
537 918 41 22 den
594 918 151 27 beskaffenhet,
761 919 29 19 att
806 917 26 21 de
847 918 51 20 utan
913 916 53 21 våda

211 952 33 21 för
259 953 177 21 rättssäkerheten
450 953 72 21 kunde
537 952 130 28 handläggas
682 952 36 21 vid
731 951 115 21 domstolar
858 950 48 22 med
917 950 50 22 enk-

212 986 44 22 lare
280 988 189 27 sammansättning
484 989 26 19 än
529 987 185 26 rådstufvurätten,
730 986 92 21 särdeles
838 985 7 21 i
860 985 26 21 de
902 986 65 20 större

212 1021 104 27 städerna,
332 1021 33 20 för
380 1021 130 21 närvarande
526 1027 59 21 eger;
597 1021 38 20 och
649 1020 103 27 derjemte
764 1019 69 21 skulle
846 1025 26 15 en
883 1019 84 20 säkrare

210 1055 83 26 garanti
308 1055 32 20 för
354 1055 169 28 rättskipningen
537 1055 7 20 i
559 1056 65 20 större
640 1055 39 20 och
693 1054 101 27 vigtigare
805 1059 108 22 processer
923 1053 44 20 vin-

212 1095 45 21 nas,
273 1095 33 14 om
323 1089 26 21 de
365 1089 31 21 till
412 1089 78 22 antalet
501 1089 48 21 vida
560 1088 155 28 öfvervägande
726 1089 79 20 smärre
817 1087 71 21 målen
899 1087 69 21 blefve

212 1123 130 27 hänskjutna
365 1124 31 21 till
420 1124 106 27 särskilda,
542 1124 32 20 för
587 1123 48 21 dem
650 1123 67 20 bättre
734 1122 96 27 lämpade
847 1121 122 21 domstolar.

282 1157 78 22 Härtill
372 1158 100 26 kommer,
487 1160 30 19 att
531 1158 8 20 i
553 1157 82 22 landets
650 1159 67 19 större
737 1157 70 20 städer
825 1156 25 21 de
870 1155 35 21 vid
923 1155 47 21 råd-

213 1192 168 21 stufvurätterna
396 1193 131 20 behandlade
543 1192 80 21 målens
639 1191 57 21 antal
712 1191 23 21 år
749 1191 33 20 för
794 1190 23 21 år
832 1190 7 21 i
854 1190 46 21 icke
910 1190 60 27 ringa

213 1226 51 21 män
287 1228 93 26 stegrats.
412 1227 145 27 Synnerligast
578 1227 39 20 har
634 1226 58 21 detta
708 1225 54 21 varit
776 1225 60 20 fallet
850 1225 7 20 i
872 1224 99 27 Helsing-

213 1261 50 27 fors,
279 1261 84 21 hvarest
378 1261 79 21 antalet
475 1261 21 21 af
517 1261 180 20 rädstufvurätten
717 1259 133 22 behandlade
873 1257 98 22 brottmål

214 1295 66 21 sedan
297 1295 22 21 är
335 1296 54 21 1882
405 1296 57 27 stigit
477 1295 45 21 frän
539 1295 40 21 822
596 1295 31 21 till
644 1295 60 27 1,185
721 1294 23 21 är
760 1294 60 26 1889,
840 1293 77 20 medan
931 1292 40 21 tvi-

213 1330 103 20 stemälen
340 1331 38 19 och
402 1330 26 21 de
451 1330 62 20 civila
533 1329 106 21 ärendena
661 1329 47 20 frän
727 1328 60 27 1,702
804 1327 22 21 är
843 1327 53 20 1882
913 1327 58 19 ökats

215 1363 32 21 till
263 1364 61 27 2,897
340 1364 24 20 år
379 1364 61 27 1889,
456 1364 79 20 hvilket
557 1362 155 28 sammanlagdt
734 1362 81 20 utvisar
838 1367 26 15 en
888 1360 84 21 tillväxt

213 1398 22 20 af
250 1398 98 27 omkring
358 1398 68 21 sextio
437 1399 92 27 procent.
551 1397 144 21 Tvifvelsutan
707 1402 50 22 eger
768 1397 30 20 ett
808 1394 110 22 enahanda
928 1394 42 21 för-

214 1431 100 22 hällande
330 1439 47 14 rum
393 1432 62 22 äfven
470 1432 7 20 i
491 1432 83 21 landets
590 1432 66 26 öfriga
672 1432 66 20 större
754 1430 75 21 städer.
