1067 1670
295 144 243 22 Petitionsbetänkande
553 143 37 23 N:o
606 143 34 23 28.
789 145 26 21 11

372 390 195 27 Reservation.

162 459 131 22 Folkskolan
314 459 7 21 i
341 460 48 21 vårt
410 459 52 21 land
478 459 134 26 förutsätter,
629 461 32 19 att
676 459 27 21 de
718 458 132 22 inträdessö-

92 494 72 21 kande
187 493 61 22 skola
271 493 78 27 ,,hafva
371 493 47 28 fyllt
441 494 37 20 det
498 494 97 24 åttonde,
612 500 47 14 men
675 493 19 28 ej
711 493 140 21 öfverskridit

93 530 37 20 det
148 529 63 20 tolfte
231 528 126 27 åldersåret,
372 528 76 20 kunna
462 530 49 18 rent
526 528 47 20 läsa
588 528 8 20 i
611 527 43 21 bok
669 527 40 21 och
725 534 40 20 ega
781 528 69 20 sådan

93 562 252 28 kristendomskunskap,
369 569 45 15 som
430 563 6 20 i
450 562 96 21 hemmet
562 562 52 21 eller
632 562 118 21 barnskola
765 562 86 21 medde-

93 598 33 20 las
141 598 60 20 bör."
231 597 41 21 Vid
287 598 78 20 sådant
380 596 136 22 förhållande
532 596 39 21 bör
587 596 66 22 också
663 596 130 28 smäskolan,
805 603 46 14 som

93 632 40 21 har
155 632 33 20 till
211 631 86 28 uppgift
319 634 33 18 att
375 631 114 21 förbereda
512 632 47 20 sina
582 631 71 21 elever
668 632 32 20 till
716 630 135 22 folkskolans

94 667 71 27 lägsta
184 666 154 27 årsafdelning,
357 666 47 21 icke
425 665 113 22 utsträcka
554 666 37 20 sitt
607 672 100 21 program
723 665 87 22 utöfver
825 666 26 20 de

95 701 132 21 elementära
247 700 164 28 förkunskaper,
432 707 46 14 som
498 700 72 21 härtill
589 701 37 20 äro
650 700 24 21 af
691 701 82 24 nöden;
789 700 62 21 hvar-

92 736 69 26 jämte
177 735 82 21 antalet
275 735 24 21 af
313 736 62 20 dessa
391 734 119 22 småskolor
526 734 48 22 icke
589 734 69 22 häller
673 734 39 22 bör
727 735 102 26 utvidgas
845 735 6 20 i

95 770 65 26 högre
181 770 53 26 grad
253 770 28 20 än
303 772 31 18 att
355 770 26 20 de
399 769 49 21 fullt
463 768 67 22 förslå
545 769 34 21 för
595 770 26 20 de
636 769 61 25 barn,
713 768 74 22 hvilka
803 768 48 22 icke

95 804 75 21 kunna
191 804 82 21 erhålla
294 804 42 21 den
355 804 213 27 hemundervisning,
585 810 45 14 som
646 803 107 22 erfordras
769 803 34 21 för
819 803 32 21 in-

94 840 61 20 träde
171 839 7 20 i
193 838 130 22 folkskolan.

163 873 31 21 På
217 874 79 26 många
319 873 43 21 håll
386 873 40 21 har
448 873 121 21 emellertid
594 879 25 15 en
636 872 94 21 sträfvan
747 872 58 27 gjort
821 871 32 27 sig

94 907 102 28 gällande
212 910 32 19 att
260 908 19 27 ej
296 908 55 21 blott
367 908 24 21 så
405 907 86 28 mycket
508 914 45 14 som
570 907 84 27 möjligt
669 907 43 21 öka
722 906 131 21 småskolor-

95 949 39 14 nas
157 943 68 25 antal,
250 945 52 18 utan
325 943 40 20 ock
385 943 90 26 utvidga
490 943 63 20 deras
569 949 106 20 program.
706 941 43 21 För
764 941 39 21 vår
818 940 34 21 del

94 977 69 21 måste
180 977 20 20 vi
215 977 29 27 på
259 977 36 21 det
311 977 146 21 bestämdaste
473 976 69 21 uttala
554 983 34 14 oss
604 978 44 19 mot
659 976 119 21 sistnämda
789 975 64 21 sträf-

95 1018 41 14 van
147 1012 72 20 säsom
226 1012 95 20 varande
329 1011 48 21 icke
384 1011 56 21 blott
447 1010 48 22 icke
506 1011 129 25 nödvändig,
644 1013 53 18 utan
705 1013 14 18 t.
729 1017 18 13 o.
757 1017 27 13 m.
793 1015 59 15 men-

94 1046 36 26 lig,
148 1045 7 21 i
177 1046 36 20 det
234 1046 39 20 den
291 1046 140 26 ovilkorligen
448 1045 68 27 syftar
532 1045 33 21 till
581 1046 33 20 att
630 1045 69 27 skapa
715 1051 25 14 en
757 1043 96 21 konkur-

95 1086 50 14 rens
169 1079 79 21 mellan
271 1080 124 21 smäskolan
418 1080 40 20 och
474 1079 129 21 folkskolan.
633 1080 41 20 Att
689 1078 106 27 farhägan
819 1077 34 22 för

96 1116 32 19 att
136 1114 124 21 smäskolan
270 1114 54 22 skall
333 1114 111 21 utvecklas
452 1115 7 20 i
468 1121 26 14 en
505 1114 59 27 dylik
574 1114 95 27 riktning
677 1113 40 21 och
727 1113 127 27 därigenom

95 1150 52 26 göra
163 1149 87 27 intrång
266 1150 28 26 pä
309 1148 134 22 folkskolans
458 1148 59 28 gebit
533 1151 56 18 samt
604 1148 91 21 sålunda
710 1147 67 23 blifva
793 1146 62 28 ,hin-

96 1183 68 27 derlig
183 1183 33 21 för
235 1184 71 20 denna
324 1183 73 21 skolas
416 1184 73 20 vidare
507 1182 125 28 utveckling
647 1182 7 21 i
669 1183 48 21 vårt
731 1182 74 25 land",
821 1181 33 21 ät-

96 1218 107 20 minstone
223 1218 48 21 icke
291 1218 32 21 för
343 1219 37 20 det
401 1218 135 21 närvarande
551 1218 43 20 kan
610 1217 111 21 betraktas
736 1217 72 20 såsom
823 1214 30 22 öf-

96 1252 109 27 verflödig,
221 1254 52 19 utan
289 1252 110 27 värkligen
416 1253 24 20 är
456 1252 129 27 berättigad,
600 1252 94 26 framgår
709 1251 67 21 bland
787 1251 69 20 annat

96 1293 78 20 genom
190 1289 31 18 ett
241 1287 25 21 af
279 1287 108 26 professor
402 1287 109 26 Leinberg
529 1286 118 27 uppgjordt
664 1302 4 9 ,
671 1285 87 27 förslag
773 1284 34 21 till
821 1290 33 15 or-

96 1321 122 26 ganisation
235 1321 24 21 af
272 1321 171 21 ambulatoriska
458 1321 144 26 folkskolan'',
618 1320 81 21 hvilket
707 1319 80 26 förslag
796 1319 59 20 ännu

96 1355 54 21 efter
169 1357 86 19 senaste
273 1355 106 27 landtdag
397 1355 56 21 varit
471 1356 70 20 under
561 1354 110 28 dryftning
686 1354 31 21 uti
733 1353 121 28 Kejserliga

96 1389 102 22 Senaten.
214 1390 10 20 I
237 1391 61 20 detta
306 1389 80 28 förslag
395 1389 115 28 uppgifves
518 1389 127 21 lärokursen
654 1389 52 20 böra
714 1387 93 22 omfatta
815 1386 39 21 föl-

94 1424 69 26 jande
179 1425 88 20 ämnen:
289 1441 4 10 ,
297 1423 265 28 Kristendomskunskap,
587 1422 158 26 modersmålet,
764 1421 90 25 skrifva,

96 1458 69 21 räkna
175 1458 40 20 och
223 1459 60 26 säng,
292 1458 87 22 hvartill
389 1458 80 25 kunna,
478 1465 34 13 om
521 1458 109 20 skolrädet
639 1458 23 20 sä
670 1457 69 21 finner
747 1455 107 27 lämpligt,

165 1497 100 18 Allmänna
277 1497 175 19 Besvärsutskottets
463 1497 109 18 betänkande
585 1497 37 19 N:o
635 1498 28 16 19.
