1073 1675
247 154 277 22 Petitionsbetänkande
541 154 45 22 N:o
602 153 38 23 39.
785 155 10 19 7

68 219 39 19 den
128 218 91 20 enskilda
239 218 153 24 välgörenheten
414 219 29 18 att
466 217 117 20 underhålla
600 218 37 19 och
658 218 81 19 bekosta
755 218 71 25 nödiga

68 247 97 19 anstalter
187 246 58 20 äfven
267 246 30 20 för
319 246 197 25 gvinnobildningen,
539 246 123 20 åtminstone
677 246 7 19 i
699 246 24 20 de
738 247 55 19 delar
806 246 20 20 af

68 276 73 24 landet,
158 281 44 13 som
217 274 60 20 totalt
288 275 61 19 sakna
359 274 76 20 sådana
446 275 149 19 statsläroverk.
625 274 38 20 Väl
672 275 36 19 har
719 275 105 25 styrelsen,

69 304 61 20 sedan
152 303 142 25 förordningen
317 303 37 19 den
379 304 26 18 27
427 304 109 19 november
557 304 54 19 1885
627 304 121 24 emanerade,
763 304 63 25 börjat

69 338 51 20 egna
134 338 25 14 en
175 333 63 18 större
253 331 123 20 omvårdnad
391 332 29 19 för
435 332 57 19 äfven
508 332 24 19 de
543 332 89 25 qvinliga
639 332 187 25 lärdomsskolorna,

70 362 36 19 och
122 360 67 26 dylika
204 360 36 20 har
253 360 23 25 ju
291 360 58 20 äfven
365 360 63 20 sedan
443 360 45 20 dess
504 360 26 26 på
546 362 77 18 statens
639 360 110 20 bekostnad
764 361 61 19 inrät-

69 391 41 18 tats
132 390 7 18 i
160 389 79 19 landets
262 389 51 19 olika
335 389 59 19 delar.
425 389 104 19 Huruvida
544 389 146 19 dislokationen
705 390 50 19 dock
770 390 57 19 alltid

70 419 66 19 träffat
150 418 34 19 det
199 419 52 18 rätta
266 419 52 18 samt
333 418 112 24 ordningen
459 418 51 19 varit
525 418 113 25 följdriktig,
653 417 74 20 tillåter
741 418 33 25 jag
786 418 40 25 mig

70 447 42 19 icke
134 453 29 13 nu
185 448 30 18 att
237 446 91 25 granska.
357 446 46 20 Men
425 448 30 18 att
477 446 38 20 den
538 447 60 24 högre
613 446 214 26 qvinnobildningen
816 442 15 34 i

70 475 102 19 mellersta
194 475 37 19 och
252 481 59 13 norra
334 474 84 20 Karelen
440 475 42 19 icke
504 475 70 25 blifvit,
590 481 33 13 om
637 475 59 19 äfven
711 476 115 25 oafsigtligt,

71 504 95 19 omfattad
185 504 20 18 af
220 504 101 24 styrelsen
336 504 45 18 med
396 510 76 13 samma
486 506 73 22 värme,
575 509 44 14 som
634 504 4 19 i
655 504 24 19 de
694 504 57 20 flesta
765 504 62 20 andra

72 532 54 20 delar
144 532 20 19 af
186 532 45 19 vårt
252 532 52 24 land,
327 532 86 25 framgår
427 532 21 25 ju
463 532 61 19 redan
539 533 20 18 af
573 532 84 26 följande
672 532 57 20 korta
743 533 84 19 historik

72 561 54 20 öfver
148 561 39 20 den
209 561 78 25 privata
308 561 64 19 finska
391 561 208 20 fruntimmersskolan
614 561 6 20 i
635 561 96 25 Joensuu,
745 562 82 19 hvilken

72 592 31 17 ort
118 590 51 19 dock
183 591 22 18 är
219 591 30 18 att
264 589 83 20 förlikna
362 589 34 20 vid
411 590 109 25 provinsen
534 590 95 19 Karelens
644 590 130 20 hufvudstad.

140 619 55 19 Efter
215 618 33 19 det
262 618 101 25 nämligen
379 619 70 18 skolan
463 618 22 19 år
501 619 54 19 1865
572 619 108 19 inrättades
696 619 44 20 med
755 619 72 20 endast

73 647 45 20 2:ne
141 647 82 24 klasser,
243 647 118 24 utvidgades
377 647 136 25 inrättningen
528 647 65 20 under
607 647 85 20 läseåret
709 648 117 24 1868—69,

72 676 100 19 därunder
186 675 39 20 den
239 675 62 20 erhöll
315 681 26 14 en
355 675 51 25 ärlig
421 676 174 19 statssubvention
605 676 20 19 af
634 676 59 25 1,200
702 677 38 24 mk,
749 677 30 19 till
787 678 39 18 tre-

72 704 76 25 klassig
163 705 52 18 samt
230 704 107 25 beviljades
353 704 42 19 åter
411 710 42 13 som
470 704 67 25 sådan,
553 711 25 12 en
593 705 40 25 hop
647 705 80 27 med
698 700 21 36 är
736 705 90 24 därefter,

72 734 30 18 ett
116 733 87 19 tillskott
217 733 20 18 af
252 733 40 19 800
308 733 55 18 mark
379 732 11 19 å
405 733 36 19 sitt
455 732 62 25 ärliga
532 733 128 25 statsanslag.
690 734 27 18 Ar
733 733 60 25 1885,
801 733 26 20 dä

72 761 70 20 skolan
164 761 119 24 utvidgades
305 761 31 19 till
357 761 98 25 4:klassig
469 762 45 19 med
531 763 10 18 7
557 761 33 20 års
605 762 96 25 lärokurs,
716 762 110 20 tilldelades

72 790 116 19 densamma
202 791 29 18 ett
246 789 59 25 ärligt
321 790 122 25 statsanslag
458 790 20 19 af
491 790 70 19 inalles
578 791 61 20 3,200
650 791 60 24 mark,
720 791 45 19 med
775 791 51 19 hvil-

72 818 34 19 ket
128 818 70 24 anslag
217 818 38 19 den
270 818 38 19 fätt
323 819 67 18 arbeta
404 819 51 18 ända
470 819 30 19 till
515 819 134 19 innevarande
664 819 73 19 läseärs
754 819 73 25 början,

72 846 45 20 frän
135 846 81 20 hvilken
231 846 30 20 tid
275 846 43 20 äter
333 847 148 19 subventionen
495 847 72 19 ökades
583 848 45 18 med
645 848 59 24 1,800
719 848 56 19 mark
790 848 37 19 och

73 875 61 25 utgår
147 874 60 20 alltså
222 881 28 13 nu
265 875 6 19 i
287 876 29 18 ett
331 875 29 19 för
375 875 35 20 allt
420 875 45 20 med
474 876 60 24 5,000
550 876 56 19 mark
621 876 80 25 årligen.
731 876 38 20 Det
784 876 44 21 hela

72 904 108 19 resulterar
194 904 45 18 kort
254 909 33 13 om
301 904 48 24 godt
361 904 81 24 därhän,
453 906 30 17 att
493 904 90 20 Joensuu
594 905 77 25 privata
681 905 145 19 fruntimmers-

74 932 60 24 skola,
149 932 82 19 hvilken
245 932 62 19 redan
321 932 6 20 i
342 932 45 20 hela
402 933 26 19 26
444 932 22 20 är
481 933 36 19 och
533 933 45 19 med
592 933 56 19 alltid
663 934 100 19 öfverfullt
774 934 52 19 elev-

73 960 61 20 antal'
146 960 92 26 fungerat
261 966 43 14 som
326 961 51 19 enda
399 961 253 26 gvinnobildningsanstalt
666 962 30 20 uti
711 968 24 13 en
751 963 20 19 af
784 962 42 20 lan-

74 989 43 19 dets
134 990 73 18 största
222 989 37 19 och
273 990 120 24 aflägsnaste
409 990 58 24 delar,
483 990 33 19 det
531 990 81 20 oaktadt
626 990 43 20 icke
683 993 71 23 egnats
765 993 63 17 större

74 1018 175 25 uppmärksamhet
264 1018 45 19 frän
323 1018 128 25 regeringens
467 1018 47 25 sida,
530 1020 25 18 än
570 1019 53 19 hvad
636 1019 33 25 jag
681 1020 35 19 här
729 1020 42 19 haft
780 1022 48 17 äran

73 1046 73 20 anföra.
175 1046 28 19 Pä
218 1046 66 25 grund
299 1046 55 20 däraf
369 1046 61 26 vägar
443 1047 34 25 jag
488 1047 102 20 vördsamt
597 1048 85 21 anhälla,
690 1048 33 20 det
729 1048 47 20 ville
787 1048 41 19 väl-

74 1074 66 26 lofliga
161 1075 169 25 Borgareständet
344 1075 12 19 &
371 1076 65 18 denna
451 1076 95 25 landtdag
562 1076 104 20 samverka
680 1077 31 19 till
725 1083 25 13 en
766 1076 62 20 sådan

74 1103 125 26 underdänig
208 1104 165 25 ständerpetition
384 1104 37 19 hos
433 1104 55 19 Hans
498 1104 97 25 Majestät,
605 1105 94 20 Finlands
711 1105 116 20 Storfurste:

349 1169 27 17 att
397 1169 61 17 staten
480 1167 59 20 mätte
559 1167 48 26 frän
629 1169 68 25 början
711 1169 25 24 af
748 1169 81 19 läseäret

281 1195 108 19 1891—92
405 1195 96 26 öfvertaga
516 1196 36 19 den
563 1197 78 24 privata
655 1197 64 25 finska
733 1196 94 26 fruntim-

279 1224 120 19 mersskolan
420 1224 9 19 i
447 1224 86 19 Joensuu
554 1225 34 19 och
602 1225 44 20 med
659 1232 77 13 samma
750 1226 78 25 utvidga

281 1252 36 19 den
332 1252 29 19 till
375 1254 24 17 ett
413 1252 71 20 sädant
498 1253 123 26 fullständigt
635 1254 84 19 läroverk
730 1255 33 24 för
774 1255 53 24 gvin-

280 1281 120 25 nobildning,
416 1287 42 13 som
473 1281 64 25 finnes
551 1283 92 18 närmare
657 1283 84 24 angifvet
748 1283 31 19 uti
786 1283 42 19 Nä-

281 1309 44 25 diga
339 1309 141 26 förordningen
494 1310 26 25 af
530 1310 36 19 den
583 1311 26 19 27
623 1311 99 19 november
736 1312 62 19 1885.

143 1372 131 25 Helsingfors,
289 1373 39 18 den
343 1373 12 19 5
371 1373 85 19 februari
473 1373 59 20 1891.

585 1441 17 22 F.
619 1441 140 28 Neppenström.

149 1495 103 18 Allmänna
264 1495 171 18 Besvärsutskottets
448 1497 109 17 betänkande
570 1497 35 18 N:o
618 1497 30 18 29.
