1070 1673
254 139 27 21 36
432 138 243 22 Petitionsbetänkande
691 138 36 22 N:o
743 137 32 23 27.

226 207 47 22 icke
296 214 62 21 synes
381 207 65 24 hafva
468 209 71 26 någon
561 208 118 27 anledning
694 209 33 20 att
743 209 79 27 dämpa
838 208 52 21 eller
906 207 72 28 skjuta

225 243 23 21 åt
263 243 68 21 sidan.
363 243 109 21 Utskottet
494 243 40 22 har
557 243 60 28 själft
639 242 117 28 medgifvit,
772 245 32 19 att
819 241 159 29 folkhögskole-

225 277 154 22 sträfvandena
395 277 44 28 ,för
455 279 134 20 närvarande
605 279 37 20 äro
657 277 117 28 uppburna
790 277 21 22 af
819 277 159 22 allmänhetens

225 311 117 22 entusiasm
366 312 40 21 och
429 312 169 28 offervillighet".
636 313 74 21 Såsom
734 314 31 19 ett
780 312 124 28 ytterligare
919 311 59 22 bevis

225 347 59 26 uppå
299 348 32 19 att
347 347 24 20 så
386 350 24 17 är
426 347 60 21 fallet
502 347 64 27 bedja
582 347 20 21 vi
617 349 33 19 att
665 347 22 21 få
704 348 86 24 nämna,
806 349 32 18 att
850 347 26 21 de
885 353 93 14 summor

225 388 53 19 som,
299 381 67 27 enligt
384 381 56 22 hvad
457 388 33 15 oss
506 383 24 20 är
545 381 74 26 kändt,
635 381 69 22 hittils
720 381 112 22 insamlats
847 381 52 22 eller
915 381 63 21 utlof-

225 417 47 20 vats
295 415 32 22 för
343 416 26 21 de
385 416 29 21 tio
431 416 12 21 å
459 416 41 21 tolf
513 416 162 27 folkhögskolor
690 423 45 14 som
752 416 45 21 dels
813 423 29 14 nu
858 416 66 21 redan
940 416 37 20 äro

224 450 7 21 i
247 450 142 28 värksamhet,
407 451 45 20 dels
468 451 86 21 komma
569 453 32 19 att
617 451 84 27 öppnas
711 451 145 20 instundande
868 450 55 27 höst,
932 449 45 22 dels

224 485 62 21 skola
308 485 135 27 organiseras
465 486 69 21 under
557 487 95 20 närmast
668 485 128 22 kommande
812 485 30 27 år,
859 485 72 27 uppgå
946 484 32 21 till

224 519 81 21 inemot
322 520 91 25 100,000
429 520 60 21 mark
505 522 55 19 samt
576 521 77 20 nästan
670 519 100 28 dagligen
786 519 58 22 ökas.
872 519 105 21 Vikunna

223 553 48 22 icke
287 553 96 27 förneka,
399 557 32 19 att
447 555 72 21 denna
534 554 82 28 viktiga
632 554 171 28 bildningsfråga
818 554 70 21 blifvit
904 553 27 28 på
946 556 31 19 ett

226 588 156 28 styfmoderligt
397 590 44 20 sätt
456 589 122 22 behandlad
594 589 6 21 i
616 589 117 22 utskottets
749 589 65 26 kläm,
830 588 90 22 oaktadt
935 588 42 21 den

224 623 79 21 samlat
318 623 99 28 omkring
432 624 34 27 sig
482 626 31 19 ett
530 625 78 20 nästan
625 624 142 27 exempellöst
775 623 91 22 intresse
874 623 47 21 från
930 623 47 21 vårt

224 657 56 22 folks
296 658 125 28 alla-lager.
453 659 112 21 Klämmen
582 659 6 21 i
605 658 244 22 utskottsbetänkandet
864 659 30 25 är,
910 658 33 21 för
954 658 23 21 så

224 692 45 22 vidt
284 694 42 20 den
343 694 34 20 rör
393 693 171 28 folkhögskolan,
581 694 60 27 långt
656 694 55 21 ifrån
727 694 45 20 lika
787 693 104 27 välvilligt
907 694 70 20 stämd

224 734 45 14 som
293 728 26 20 de
343 728 112 22 allmänna
477 728 173 22 betraktelserna
670 728 6 21 i
693 728 154 22 betänkandet.
878 727 99 22 Faktiskt

224 762 40 21 har
280 761 61 23 äfven
359 762 107 22 utskottet
481 763 116 27 föreslagit,
614 765 32 19 att
661 763 24 21 af
699 764 36 20 det
746 763 84 27 belopp,
839 769 45 15 som
893 762 84 21 komme

224 798 32 20 att
278 796 73 22 anslås
371 796 34 22 för
428 798 35 20 två
486 797 125 27 namngifna
633 797 108 26 ändamål,
763 797 82 28 jämväl
860 797 117 21 understöd

226 831 56 27 finge
298 831 69 27 gifvas
376 832 33 21 för
417 834 31 19 ett
458 832 65 28 tredje
532 832 316 27 ändamål
649 827 13 37 —
675 832 173 27 folkhögskolan.
872 831 105 28 Tillägget

225 865 63 28 »eller
310 873 73 14 annan
400 866 94 22 likartad
512 867 139 22 läroanstalt"
668 867 109 21 förefaller
792 873 34 15 oss
842 867 24 21 så
882 866 95 26 dunkelt,

224 902 32 19 att
273 900 19 21 vi
307 900 48 22 icke
371 901 54 27 våga
441 901 57 27 gifva
513 908 34 15 oss
562 901 22 21 in
600 902 28 27 på
644 901 170 22 utransakandet
829 901 25 22 af
862 901 56 22 hvad
929 901 48 21 där-

225 935 49 21 med
289 941 81 16 menas.

294 975 59 22 Fullt
377 977 114 21 medvetna
513 984 34 14 om
563 977 41 21 den
620 977 68 27 djupa
703 977 133 21 innebörden
852 976 25 22 af
890 977 42 21 den
949 984 28 14 nu

224 1011 113 26 pågående
360 1011 160 21 fosterländska
535 1011 95 22 rörelsen
646 1011 32 22 till
694 1011 84 22 förmån
793 1011 33 21 för
841 1011 137 27 folkhögsko-

223 1044 35 21 lan
281 1045 7 20 i
306 1045 47 21 vårt
370 1046 61 25 land;
447 1046 40 21 och
503 1046 101 21 inseende
619 1048 38 25 att,
675 1053 35 14 om
725 1045 116 22 Allmänna
857 1045 120 22 besvärsut-

224 1078 93 22 skottets
333 1079 56 22 kläm
407 1082 89 25 antoges
505 1081 24 21 af
536 1081 127 26 Ständerna,
673 1083 83 19 statens
766 1080 118 21 understöd
893 1079 85 22 komme

223 1115 33 20 att
272 1114 24 21 så
310 1115 53 26 godt
378 1121 46 15 som
439 1115 136 28 fullständigt
590 1116 154 27 undandragas
763 1114 172 28 folkhögskolan,
944 1114 30 22 fö-

224 1148 57 21 reslå
296 1148 20 22 vi
332 1149 109 22 vördsamt

498 1215 34 20 att
546 1214 126 22 Ständerna
688 1214 71 21 under
774 1214 54 21 åren
844 1213 63 26 1892,
924 1214 55 20 1895

433 1248 37 21 och
485 1248 66 26 1894,
567 1248 37 27 för
619 1248 194 28 understödjandet
828 1248 25 27 af
867 1255 17 14 s.
895 1247 19 22 k.
923 1248 55 27 folk-

432 1282 116 28 högskolor,
564 1290 44 14 som
620 1283 31 27 pä
666 1283 95 21 enskildt
776 1283 100 21 initiativ
891 1282 88 22 kommit

433 1317 33 21 till
480 1317 71 27 stånd,
567 1317 49 22 ville
631 1318 25 27 af
667 1317 195 29 bevillningsmedel
868 1317 65 21 ställa
945 1316 34 22 till

430 1351 116 28 styrelsens
567 1352 128 28 förfogande
711 1358 28 15 en
755 1358 83 16 summa
854 1352 28 27 af
894 1352 85 25 45,000

430 1386 63 22 mark
508 1388 34 20 att
555 1386 53 28 utgä
622 1386 35 28 för
667 1386 151 29 folkhögskola,
832 1386 32 28 pä
879 1386 100 22 ansökan

431 1420 26 28 af
478 1421 44 21 dess
545 1420 113 27 direktion,
683 1420 34 22 till
739 1422 29 20 ett
782 1420 67 29 årligt
864 1420 71 28 belopp
951 1422 29 26 af

431 1455 60 28 högst
512 1455 70 26 3,000
602 1455 68 27 mark,
691 1455 54 28 efter
757 1456 109 28 pröfning
881 1456 9 21 i
904 1455 75 29 hvarje

289 1494 99 18 Allmänna
401 1494 172 20 Besvärsutskottets
584 1495 110 19 betänkande
707 1496 35 17 N:o
755 1496 28 18 18.
