1067 1664
265 139 25 22 10
458 138 243 22 Petitionsbetänkande
717 138 39 22 N:o
771 137 30 23 12.

234 207 60 26 lägre
317 208 27 20 än
369 207 64 25 förut,
457 214 29 14 nu
505 207 86 28 uppbär
606 207 55 21 efter
676 208 28 21 20
720 207 34 22 års
770 207 66 28 tjenst
852 207 64 27 4,400
932 205 62 22 mark

235 244 45 19 mot
295 242 65 25 3,000
376 242 68 25 mark,
460 248 45 15 som
521 241 92 28 tidigare
629 242 102 27 utgjorde
748 243 41 20 den
804 242 79 27 högsta
898 241 96 27 kollega-

234 276 74 25 lönen;
333 275 72 22 därtill
423 276 87 21 komma
526 276 156 27 hyresmedlen,
698 276 76 22 hvilka
789 277 37 20 äro
842 276 46 21 lika
902 283 30 14 nu
947 282 46 15 som

234 310 66 25 förut,
324 310 52 22 eller
399 311 42 21 600
464 311 68 20 mark.
564 310 48 21 Men
635 310 87 21 märkas
746 311 35 21 mä
796 313 33 19 att
845 311 71 20 denna
930 310 8 21 i
953 309 39 22 och

233 345 34 20 för
289 345 33 27 sig
343 345 48 21 icke
414 345 124 28 obetydliga
559 345 183 27 löneförbättring
764 345 47 21 icke
826 352 39 14 var
880 344 112 31 resultatet

234 379 24 21 af
278 386 27 15 en
329 380 167 21 ensamstäende
518 379 108 28 reglering
648 379 25 22 af
693 379 147 22 skollärarnes
855 379 67 26 löner,
938 381 54 19 utan

234 414 101 27 utgjorde
350 414 8 21 i
373 413 78 28 själfva
466 414 75 22 verket
557 421 27 14 en
600 413 135 28 uppskjuten
751 414 34 21 del
796 414 25 21 af
830 415 40 20 den
882 413 110 22 allmänna

233 448 194 28 löneregleringen,
451 455 53 18 som,
525 448 127 27 genomförd
670 449 7 20 i
693 448 67 22 slutet
775 449 25 21 af
812 448 96 25 70:talet,
924 449 68 20 redan

234 483 92 27 tidigare
349 483 50 21 kom
422 483 67 27 öfrige
504 483 130 28 tjenstemän
651 483 33 21 till
699 484 64 26 godo,
780 490 48 15 men
844 482 80 22 hvaraf
936 482 55 21 skol-

232 517 87 22 lärarne
349 517 111 22 lemnades
490 518 106 21 oberörda
618 518 7 21 i
656 519 108 20 anseende
790 517 33 22 till
849 518 28 21 dä
901 517 89 21 förestä-

233 553 62 26 ende,
317 559 78 20 genom
418 552 194 28 skolpetitionerna
634 553 36 21 vid
694 553 114 21 1877—78
830 553 35 20 ärs
886 552 105 26 landtdag

232 586 144 22 framkallade
399 587 197 22 läroverksreform.
626 587 42 28 (En
684 588 112 26 temporär
810 585 180 28 löneförbättring

232 621 123 21 tilldelades
378 622 50 20 dem
450 621 56 22 dock
520 628 76 21 genom
613 621 79 28 nädiga
707 621 85 22 brefvet
807 621 25 22 af
845 622 41 20 den
902 621 12 21 3
930 620 61 28 April

234 656 72 27 1879).

301 690 38 21 Att
362 691 26 20 de
412 697 46 14 som
473 690 64 22 hafva
553 691 32 27 sig
602 691 121 21 ombetrodt
740 691 165 27 uppfostrarens
919 689 70 22 makt-

232 725 132 27 päliggande
387 725 40 21 och
442 726 147 21 mödosamma
606 725 44 22 kall
664 725 54 22 böra
734 725 94 28 skyddas
843 725 34 21 för
892 724 98 27 närings-

232 759 125 28 bekymmer
380 759 40 22 och
444 760 136 21 ekonomiskt
603 760 93 27 betryck,
720 757 76 24 därom
811 760 43 21 kan
870 760 77 21 endast
963 765 27 14 en

232 794 88 27 mening
342 795 60 20 räda.
433 795 47 21 Och
497 795 57 21 hvad
569 795 103 21 särskildt
687 795 124 27 kollegerne
826 794 108 25 beträffar,
950 793 40 21 har

232 829 36 20 det
291 831 61 25 synts
374 829 107 22 utskottet
499 836 52 15 vara
566 829 159 25 konstateradt,
742 831 32 19 att
790 830 67 24 desse,
874 835 34 14 om
924 828 66 21 ocksä

230 863 50 20 icke
304 863 234 28 ouppmärksammade
559 864 7 20 i
583 865 78 26 antydt
676 863 109 26 afseende,
802 863 67 22 likväl
884 863 38 21 allt
938 863 51 20 fort-

230 897 93 22 farande
344 897 66 22 hafva
432 905 27 14 en
482 898 98 21 utkomst
596 898 74 21 alltför
685 898 81 28 knapp,
783 898 33 21 för
832 900 32 19 att
879 904 52 15 vara
946 897 43 21 rätt

230 932 105 27 afpassad
358 933 55 20 efter
428 933 62 21 deras
506 932 73 22 arbete
596 933 40 21 och
652 932 214 27 samhällsställning.
897 931 91 28 Synner-

230 966 59 27 ligen
313 966 7 21 i
336 967 84 26 ögonen
436 967 97 21 fallande
548 968 26 20 är
590 967 134 28 njuggheten
739 967 7 21 i
762 967 183 27 kollegalönerna,
962 965 28 21 dä

230 1001 28 20 de
271 1001 106 27 jämföras
392 1002 50 21 med
458 1002 40 21 den
515 1001 101 28 aflöning,
633 1009 45 14 som
694 1001 34 22 för
743 1009 27 14 en
785 1001 116 26 lindrigare
912 1001 77 20 under-

230 1035 221 28 visningsskyldighet
468 1036 95 21 tillfaller
579 1035 76 25 lektor,
672 1035 39 22 och
722 1043 52 14 man
785 1036 61 21 torde
856 1035 48 21 icke
915 1035 75 20 kunna

230 1069 82 28 påvisa,
336 1072 33 19 att
392 1077 26 14 en
442 1071 24 20 sä
488 1070 123 27 betydande
635 1071 100 20 differens
754 1071 7 20 i
782 1069 160 22 löneförmäner
956 1069 34 20 för

230 1104 64 21 dessa
316 1103 58 22 bäda
396 1104 196 28 lärarekategorier
614 1111 51 15 vore
682 1105 103 27 betingad
800 1105 24 21 af
838 1103 152 22 motsvarande

230 1137 94 22 skillnad
340 1139 7 20 i
362 1139 151 28 vetenskaplig
528 1139 128 28 kompetens
671 1139 52 21 eller
738 1139 8 21 i
761 1139 67 22 social
843 1138 109 27 ställning.

300 1173 86 27 Frägan
402 1180 35 14 om
453 1173 177 28 kollegalönerna
645 1181 45 18 var,
706 1174 7 21 i
728 1173 56 28 följd
798 1173 25 22 af
832 1175 31 19 ett
872 1173 59 22 inom
942 1178 48 21 pre-

230 1207 122 21 steständet
375 1207 155 22 framlemnadt
552 1208 192 27 petitionsförslag,
766 1208 90 21 föremäl
878 1207 34 22 för
926 1207 63 21 Stän-

228 1241 80 22 dernas
323 1241 164 30 öfverläggning
502 1243 65 21 också
581 1243 36 21 vid
632 1245 84 19 senaste
732 1243 112 27 landtdag,
861 1242 68 21 ehuru
944 1242 8 21 i
962 1249 28 14 en

229 1275 63 28 form,
316 1283 46 14 som
386 1276 48 22 icke
456 1284 39 15 var
517 1278 71 26 egnad
606 1280 34 19 att
654 1277 60 27 gifva
730 1278 41 20 den
788 1284 27 14 en
830 1277 86 26 lösning
931 1277 8 20 i
954 1277 36 20 ön-

228 1309 56 22 skad
300 1311 104 26 riktning.
434 1311 34 22 Då
482 1311 92 28 yrkades
590 1312 108 27 nämligen
713 1313 30 26 pä
758 1319 28 14 en
801 1311 81 21 dubbel
897 1310 93 22 löneför-

230 1344 108 28 bättring:
357 1345 125 28 förhöjning
496 1346 25 21 af
534 1346 137 27 grundlönen
686 1346 50 21 med
751 1347 42 21 400
808 1345 63 22 mark
886 1345 40 21 och
942 1345 48 20 där-

225 1379 71 26 jämte
313 1379 122 28 beräkning
450 1380 25 21 af
487 1381 193 27 älderstilläggena
695 1381 69 27 enligt
779 1381 27 20 de
822 1380 34 21 för
866 1379 70 22 lektor
945 1379 45 27 gäl-

228 1413 66 22 lande
316 1415 97 26 grunder
437 1427 27 3 —
486 1415 96 28 anspräk
598 1422 46 14 som
660 1416 68 20 redan
744 1415 36 22 vid
796 1415 72 21 denna
883 1414 33 21 tid
930 1414 60 21 inne-

229 1447 54 22 buro
300 1448 34 21 för
348 1449 131 22 statsverket
495 1456 26 15 en
537 1449 58 22 ökad
611 1449 66 28 utgift
692 1449 24 21 af
728 1449 82 22 inemot
830 1449 106 25 100,0000
946 1449 43 20 mk.

298 1487 100 19 Allmänna
410 1488 174 19 Besvärsutskottets
595 1489 110 18 betänkande
716 1489 36 18 N:o
766 1490 16 18 9.
