1064 1659
237 117 15 21 4
424 116 246 22 Petitionsbetänkande
684 116 36 22 N:o
736 115 19 23 3.

279 186 40 21 Vid
335 185 161 28 behandlingen
512 185 24 21 af
549 185 143 21 förevarande
708 186 80 20 ärende
807 185 39 21 har
864 186 105 20 utskottet

209 220 48 21 haft
272 222 33 20 att
320 220 63 27 tillgå
398 220 42 21 den
456 219 88 22 sakrika
558 220 117 27 utredning
690 227 46 14 som
755 220 69 21 finnes
843 220 126 27 publicerad

209 254 8 21 i
241 254 187 27 ,Förhandlingar
449 254 36 22 vid
506 254 81 21 Finska
609 254 229 28 Läkaressällskapets
858 255 55 21 12:te
931 254 39 21 all-

210 290 81 20 männa
305 290 59 20 möte
379 290 42 21 den
438 290 33 26 19,
488 290 28 21 20
531 288 39 22 och
586 289 26 22 21
630 288 129 28 September
769 288 73 22 1889.
865 288 29 22 Af
906 290 64 20 dessa

209 317 166 35 förhandlingar
390 324 100 28 framgär,
505 325 33 20 att
554 323 124 28 Sällskapet
686 326 53 19 utan
750 324 219 28 meningsskiljaktig-

211 358 38 22 het
269 360 70 21 säsom
358 360 31 20 ett
409 358 164 28 önskningsmäl
591 358 86 28 uttalat,
697 360 33 20 att
745 361 31 19 ett
792 358 66 22 slutet
866 366 103 14 sommar-

210 393 41 21 och
266 394 219 28 vinter-sanatorium'
495 394 33 21 för
538 393 138 28 lungsigtige,
688 393 121 21 beräknadt
819 393 33 21 för
861 396 30 18 ett
900 394 69 21 större

211 428 62 21 antal
287 428 117 28 patienter,
420 428 68 22 mätte
503 428 7 21 i
526 428 74 22 landet
615 428 99 21 inrättas.
744 428 40 20 Det
800 428 79 27 ansägs
894 428 75 21 nämli-

210 469 42 20 gen
267 464 33 20 att
315 464 52 20 våra
382 464 89 26 stränga
486 463 83 22 vintrar
590 462 40 22 och
645 462 7 22 i
671 462 126 26 allmänhet,
822 462 8 21 i
844 462 125 28 jämförelse

211 498 49 20 med
276 497 108 22 mellersta
399 498 95 28 Europa,
509 498 69 21 hårda
592 497 132 22 klimaticke
733 497 101 27 utgjorde
846 498 65 26 något
922 497 47 21 hin-

211 532 38 20 der
264 532 34 21 för
313 535 33 18 att
360 532 40 22 hos
416 540 35 14 oss
466 532 75 28 pröfva
552 533 41 21 den
604 533 67 21 sedan
682 532 68 27 några
761 532 131 21 decennier
879 528 13 37 i
902 533 69 20 andra

211 566 82 27 länder,
309 567 104 21 särskildt
428 567 116 28 Tyskland,
555 568 49 20 med
612 567 112 27 framgång
735 566 99 28 inslagna
850 566 120 28 hygienisk-

210 600 116 22 dietetiska
336 601 242 28 behandlingsmetoden
589 601 160 27 af;lungsigtige
764 601 36 21 vid
808 601 106 21 särskilda
920 601 51 21 kur-

209 636 113 21 anstalter.
352 636 26 28 Ej
394 636 70 22 häller
483 639 73 25 syntes
571 636 37 21 det
623 636 59 21 svårt
697 638 33 19 att
744 635 58 21 inom
821 635 75 22 landet
911 636 60 21 finna

210 676 27 14 en
253 669 33 22 för
304 670 146 28 anläggandet
465 670 25 22 af
502 672 32 20 ett
544 670 133 22 sanatorium
688 670 49 22 fullt
747 670 89 27 lämplig
846 670 64 28 plats.
934 671 37 21 Att

211 710 26 15 en
259 705 67 21 sådan
345 704 123 22 kuranstalt
483 712 50 15 vore
548 705 103 28 påkallad
662 705 25 21 af
700 707 31 19 ett
744 704 110 28 verkligen
862 704 109 22 kännbart

210 738 67 22 behof
290 740 68 25 stode,
374 740 49 21 med
438 740 82 28 hänsyn
536 740 34 21 till
588 740 126 28 lungsotens
738 739 105 27 ofantliga
858 739 113 28 spridning

210 773 7 21 i
233 772 101 29 Finland,
355 776 60 20 utom
430 774 39 22 allt
484 774 79 22 tvifvel.
593 774 67 22 Detta
674 774 140 22 bekräftades
829 774 49 21 isin
889 775 49 20 män
949 774 25 22 af

211 811 33 19 att
261 810 31 20 ett
307 808 49 22 icke
372 808 135 29 obetydande
522 809 60 21 antal
596 809 123 27 lungsjuka,
736 808 66 22 oftast
816 809 69 21 under
896 808 73 22 betun-

210 844 72 26 gande
297 844 143 21 ekonomiska
455 844 156 28 uppoffringar,
627 843 82 28 årligen
726 842 48 22 från
790 844 48 20 vårt
848 842 51 22 land
910 843 60 22 besö-

213 878 40 21 ker
267 878 118 22 utländska
401 878 125 27 sanatorier,
542 879 78 21 medan
636 879 38 20 det
689 880 60 19 stora
764 877 92 22 flertalet
870 878 21 21 at
902 878 27 21 de
939 878 31 21 in-

211 912 106 28 sjuknade
334 912 40 22 alls
388 912 48 22 icke
452 920 50 15 vore
504 908 12 36 i
530 912 86 22 tillfälle
627 914 32 20 att
671 912 74 22 ikläda
756 912 32 28 sig
797 912 27 21 de
834 913 68 27 dryga
912 912 58 22 kost-

212 947 98 21 naderna
325 947 25 21 af
363 954 26 14 en
410 947 113 29 långvarig
538 947 85 22 vistelse
642 948 6 20 i
664 946 107 22 utlandet.
801 947 133 21 Fördelarna
950 948 24 20 af

212 982 42 20 den
271 981 113 22 rationella
400 981 140 22 kurmetoden
552 981 72 21 kunde
636 981 53 21 först
701 982 28 20 då
739 981 7 21 i
754 981 156 21 vidsträcktare
921 982 50 21 mån

212 1016 88 21 komma
311 1016 41 21 den
364 1018 58 20 stora
437 1016 145 22 allmänheten
604 1016 34 21 till
654 1016 41 27 del,
712 1016 39 20 när
767 1016 113 27 möjlighet
894 1016 78 21 funnes

212 1052 33 19 att
260 1050 83 22 erhålla
358 1051 53 21 vård
425 1051 8 20 i
448 1057 27 15 en
490 1050 98 22 inhemsk
604 1050 81 22 anstalt
695 1051 48 20 med
758 1050 98 27 måttliga
873 1050 98 22 kurkost-

213 1086 74 20 nader.
318 1085 34 21 En
372 1085 66 27 vigtig
459 1085 109 28 synpunkt
583 1085 35 23 vid
639 1085 88 27 frågans
748 1084 134 22 bedömande
898 1086 24 20 är
940 1085 33 21 äf-

212 1126 41 15 ven
269 1122 33 19 att
317 1126 80 21 genom
413 1121 42 20 den
471 1120 35 22 vid
522 1127 26 14 en
564 1120 124 21 kuranstalt
703 1120 127 27 tillämpade
842 1120 83 27 strängt
934 1120 37 28 hy-

211 1154 100 27 gieniska
326 1155 101 21 metoden
444 1154 132 22 beträffande
592 1155 58 21 såväl
660 1155 42 21 den
714 1154 109 28 egentliga
832 1154 84 28 terapin
925 1162 45 14 som

212 1188 136 22 sträfvandet
363 1191 33 19 att
409 1188 115 29 förebygga
535 1189 202 28 sjukdomsämnens
750 1189 120 27 spridning,
878 1190 93 27 insigten

213 1230 36 14 om
267 1224 27 21 de
310 1224 116 27 vigtigaste
442 1224 83 21 medlen
541 1224 32 21 till
588 1224 69 28 skydd
672 1226 58 19 emot
747 1224 114 27 lungsoten
881 1224 39 21 och
936 1231 35 14 om

214 1258 79 27 nödiga
309 1258 214 28 förhållningsregler
538 1258 36 22 vid
589 1259 49 21 dess
649 1259 58 26 vård,
716 1258 62 28 långt
788 1265 60 15 mera
859 1259 27 21 än
895 1258 77 21 hittills

214 1292 86 22 komme
316 1294 33 20 att
365 1292 109 28 bibringas
489 1292 146 22 allmänheten
650 1293 8 21 i
673 1294 48 20 vårt
736 1293 58 21 land.

283 1327 72 21 Sedan
374 1326 202 29 Läkaresällskapet
594 1328 84 21 fattade
694 1328 33 21 sin
747 1327 117 22 resolution
880 1328 6 20 i
903 1327 67 21 saken

213 1361 66 22 hafva
293 1368 79 21 genom
387 1362 109 28 professor
510 1362 77 22 Koch's
602 1362 132 28 upptäckter
750 1362 39 22 och
804 1362 8 21 i
822 1362 117 27 anledning
950 1362 25 21 af

216 1396 50 21 dem
285 1396 110 22 anställda
410 1398 38 20 rön
470 1404 41 20 nya
526 1397 134 27 synpunkter
680 1397 59 28 gjort
754 1397 32 28 sig
802 1397 102 27 gällande
918 1397 8 20 i
941 1396 31 22 af-

215 1432 79 20 seende
315 1432 13 20 å
346 1431 126 28 lungsotens
491 1431 137 28 behandling.
658 1431 128 22 Emellertid
804 1438 39 21 ger
859 1444 26 3 —
902 1432 70 21 såsom

277 1470 101 19 Allmänna
390 1470 172 19 Besvärsutskottets
572 1471 110 19 betänkande
693 1470 35 19 N:o
740 1472 19 18 2.
