1064 1675
234 126 25 20 26
406 126 254 22 Motionsbetänkande
676 127 42 22 N:o
733 126 22 21 6.

204 195 62 17 träder
288 195 88 17 förbuden
392 196 5 16 i
413 194 20 22 $$
450 194 17 23 6,
487 195 25 17 14
528 196 33 17 och
581 194 30 23 15,
632 196 45 17 eller
692 196 6 17 i
713 196 91 22 egenskap
820 195 19 17 af
851 195 110 23 gästgifvare

204 224 100 17 utskänker
326 224 100 23 maltdryck
449 224 19 17 åt
488 231 60 11 annan
569 226 22 16 än
607 225 83 20 resande,
706 225 43 17 böte
764 224 56 18 första
835 224 70 22 gången
922 224 39 18 från

204 252 33 18 och
253 253 41 17 med
310 252 86 23 tjugufem
412 253 28 17 till
455 253 33 17 och
504 254 41 16 med
561 254 161 17 etthundrafemtio
737 254 50 17 mark
802 255 34 16 och
851 253 56 17 andra
918 254 42 21 gån-

204 287 34 16 gen
254 282 39 16 från
309 282 33 17 och
358 282 40 17 med
414 282 98 22 sjuttiofem
529 282 27 17 till
573 282 33 17 och
622 282 41 18 med
678 282 98 18 trebundra
791 282 57 18 mark.
870 282 44 17 Sker
930 282 31 17 det

204 310 58 22 tredje
277 310 71 22 gången
364 311 44 17 eller
423 311 64 21 oftare,
498 316 43 12 vare
556 312 33 16 bot
605 311 41 17 från
662 311 33 17 och
710 311 41 17 med
762 310 160 18 etthundrafemtio
933 311 28 17 till

204 339 33 17 och
253 339 41 17 med
309 339 106 17 femhundra
430 340 57 17 mark.

272 368 71 17 Varder
366 368 64 22 någon,
453 368 74 18 hvilken
550 368 52 18 idkar
622 368 108 23 försäljning
745 368 45 17 eller
804 368 124 22 utskänkning
944 368 18 17 af

204 396 128 23 maltdrycker,
352 397 77 17 beträdd
449 398 40 16 med
505 399 28 15 att
549 398 4 16 i
570 398 83 21 förening
668 398 73 16 därmed
757 397 41 17 idka
814 397 60 23 oloflig
889 397 71 22 försälj-

204 425 44 22 ning
263 425 19 17 af
295 426 77 17 bränvin
388 426 44 17 eller
447 426 56 17 andra
519 426 70 17 brända
603 426 45 17 eller
663 426 115 17 destillerade
788 426 128 23 spritdrycker,
927 426 33 17 dö-

204 460 43 14 mes,
266 456 49 16 utom
335 455 27 17 till
378 455 60 17 därför
453 455 86 22 stadgadt
554 460 71 16 ansvar,
643 455 34 17 den
694 455 75 17 sålunda
784 455 123 17 missbrukade
923 455 36 17 för-

204 483 96 22 säljnings-
315 484 44 16 eller
375 484 194 22 utskänkningsrätten
585 484 89 22 förlustig.

553 552 10 22 $
582 552 31 19 19.

273 610 116 23 Förbrytelse
413 613 38 16 mot
473 611 10 21 $
505 610 24 19 13
547 611 70 17 straffas
633 611 41 17 med
689 611 58 20 böter,
762 611 57 17 första
834 611 70 22 gången
919 611 39 17 från

204 638 32 18 och
260 639 40 17 med
324 639 99 22 sjuttiofem
445 640 27 17 till
495 640 32 17 och
551 640 41 17 med
610 639 161 18 etthundrafemtio
789 640 51 17 mark
854 640 34 17 och
902 640 57 17 andra

204 667 72 22 gången
298 668 39 17 från
357 669 33 16 och
409 669 41 17 med
465 669 161 17 etthundrafemtio
642 669 27 17 till
686 669 32 17 och
734 669 41 16 med
790 668 98 18 trebundra
903 669 57 17 mark.

205 696 45 17 Sker
266 697 31 16 det
312 697 58 22 tredje
386 697 71 22 gången
473 698 44 17 eller
533 697 62 21 oftare,
612 703 42 12 vare
670 698 32 17 bot
717 697 39 17 från
767 697 33 17 och
811 697 41 18 med
862 697 99 18 trehundra

204 725 28 16 till
248 725 33 17 och
296 726 41 17 med
352 726 103 17 sexhundra
470 727 56 16 mark.
547 727 8 16 I
571 727 36 16 alla
621 727 53 16 dessa
689 726 31 17 fall
735 726 63 23 pröfve
813 727 34 16 ock
858 727 101 16 domstolen

204 759 28 12 om
256 754 35 17 den
314 755 81 22 skyldige
419 755 28 17 må
467 755 62 17 dömas
548 755 27 17 sin
591 755 123 22 försäljnings-
730 755 44 17 eller
790 755 170 22 utskänkningsrätt

203 782 89 23 förlustig.

273 811 64 18 Denna
351 811 108 24 förordning
474 813 91 22 tillämpas
579 813 40 17 från
635 813 35 16 den
688 812 8 17 1
712 812 40 23 juni
771 811 37 18 189
842 811 16 18 *.

273 840 90 22 Slutligen
385 841 18 17 få
423 841 24 21 vi,
467 841 28 17 för
510 842 35 16 den
561 841 86 18 händelse
663 843 27 15 att
705 841 91 22 vällofliga
810 841 150 23 borgareståndet

204 868 106 22 godkänner
333 870 54 22 syftet
410 870 5 17 i
438 870 59 17 denna
513 870 74 22 motion,
608 870 103 23 ödmjukast
726 870 72 17 anhålla
814 872 26 15 att
856 870 103 17 densamma

204 897 59 17 blefve
278 898 106 18 remitterad
399 899 28 17 till
443 899 184 17 ekonomiutskottets
643 899 116 22 behandling.
790 898 118 23 Helsingfors,
924 899 34 17 den

206 925 10 18 5
233 926 79 18 februari
331 926 59 19 1891.

271 983 75 23 Ludvig
362 984 94 24 Clouberg.
733 984 57 18 Ferd.
805 984 85 18 Juselius.

270 1167 163 28 (Öfversättning).

328 1247 56 18 Till
407 1247 182 18 Hedervärda
611 1248 223 17 Bondeständet.

271 1307 52 20 Stort
345 1310 33 17 har
392 1311 32 17 det
443 1311 48 22 goda
509 1312 97 17 resultatet
621 1312 48 17 varit
684 1311 20 18 af
716 1312 36 17 den
768 1311 66 22 nådiga
848 1311 111 21 förordning,

202 1344 38 11 som
261 1338 72 23 förbjöd
356 1339 123 23 utskänkning
501 1340 20 17 af
538 1340 76 17 bränvin
630 1341 11 16 &
655 1340 127 23 gästgifverier
797 1340 23 23 pä
835 1339 124 23 landsbygden

202 1369 46 15 samt
268 1367 183 22 järnvägsstationer,
473 1374 41 12 men
530 1369 23 17 dä
572 1369 161 22 gästgifveriernas
747 1370 44 20 rätt,
807 1370 28 15 att
849 1369 19 16 åt
883 1368 76 17 resande

202 1396 91 17 utskänka
316 1396 23 21 öl,
356 1398 48 16 ännu
427 1397 83 23 gvarstär
532 1397 33 18 och
588 1398 61 17 denna
668 1397 88 23 rättighet
772 1397 5 18 i
793 1397 115 23 synnerligen
923 1397 37 22 hög

270 1438 189 19 Ekonomiutskottets
471 1440 118 17 betänkande
601 1440 35 17 N:o
649 1440 16 17 5.
