1048 1675
268 139 12 19 8
371 137 81 23 Ständ.
468 137 51 22 Pet.
537 150 25 3 —
579 137 170 23 Petitionsbet.
765 137 44 23 N:o
824 138 36 22 27.

238 197 79 27 15,000
333 198 63 21 mark
411 198 85 27 årligen
512 198 34 22 för
560 198 195 27 folkhögskolorna
765 199 110 21 motsvara
885 198 38 22 det
933 199 49 21 när-

237 234 69 20 maste
322 232 113 28 behofvet;
451 234 40 21 och
506 233 67 23 hafva
584 233 124 23 Ständerna
719 234 66 21 alltså
795 233 35 22 för
840 233 143 23 förenämnda

237 268 101 23 ändamål
353 269 86 22 anvisat
454 276 28 15 en
497 276 83 15 summa
595 269 25 22 af
634 271 79 27 90,000
730 269 62 22 mark
805 271 33 21 att
849 270 69 22 under
928 270 54 22 åren

239 305 62 27 1892,
321 306 54 20 1893
392 305 40 22 och
445 307 56 20 1894
511 306 54 27 utgå
575 306 50 22 med
636 307 80 27 30,000
727 305 63 22 mark
800 305 92 28 årligen,
904 305 80 23 hvaraf

238 342 78 26 15,000
341 341 62 21 mark
425 340 35 22 för
482 341 155 28 folkhögskola
656 341 55 22 eller
727 347 71 15 annan
814 341 95 21 likartad
925 341 56 22 läro-

236 376 83 22 anstalt
341 376 41 22 och
400 376 71 28 öfriga
488 378 77 27 15,000
582 377 62 22 mark
659 376 35 23 för
710 377 28 21 de
753 377 41 21 här
808 376 66 23 ofvan
889 377 8 21 i
912 376 70 22 första

236 412 40 22 och
291 412 70 22 andra
375 415 122 21 momenten
512 415 113 26 upptagna
640 412 225 28 bildningsanstalter.

307 477 109 29 Slutligen
439 478 23 22 få
485 479 123 22 Ständerna
626 479 8 21 i
650 478 175 28 underdånighet
840 478 92 28 anmäla,
948 480 33 20 att

236 513 168 23 Presteståndet
423 514 49 22 icke
491 515 87 22 förenat
594 515 34 27 sig
643 521 34 15 om
692 514 158 22 ofvanstående
865 514 92 27 petition
973 514 8 21 i

236 549 50 22 dess
303 549 25 22 af
341 550 27 22 de
383 552 34 21 tre
433 550 72 29 öfriga
520 550 97 23 Stånden
633 552 95 26 antagna
743 550 91 28 lydelse.

307 615 108 23 Finlands
431 616 94 23 Ständer
541 616 126 22 framhärda
682 617 40 21 etc.

306 681 147 29 Helsingfors,
470 682 42 22 den
528 684 28 20 28
572 681 43 28 Maj
634 683 62 20 1891.

297 1418 121 23 Helsingfors,
431 1419 69 18 Weilin
513 1419 16 18 &
542 1419 52 18 Göös'
608 1419 116 22 aktiebolags
737 1418 117 23 boktryckeri
867 1418 51 17 1891.
