1056 1667
309 104 224 23 Petitionsbetänkande
550 104 34 22 N:o
600 104 14 22 1.
764 103 41 21 139

153 167 115 22 Utskottet
289 166 40 21 har
353 165 34 21 för
410 165 34 21 sin
464 164 34 21 del
515 163 129 28 obetingadt
660 163 117 22 omfattadt
793 164 41 20 den

85 203 41 21 sist
140 204 97 25 antydda
252 201 159 27 sträckningen.
435 200 78 21 Denna
528 200 54 21 linie
597 200 40 21 har
652 199 109 27 nemligen
770 199 68 21 fram-

84 238 35 21 för
142 239 44 20 alla
210 237 67 22 andra
301 237 41 21 den
363 237 86 26 mycket
464 236 175 21 beaktansvärda
655 235 130 26 förtjensten
802 237 33 19 att

86 275 133 25 densamma,
241 273 67 26 jemte
330 273 37 20 det
381 272 92 21 härmed
488 271 105 22 Savolaks
610 272 39 21 och
665 271 59 22 Vasa
739 272 97 21 banorna

86 309 111 22 förbindas
220 309 50 20 med
291 308 129 27 hvarandra,
441 309 28 26 på
489 309 32 20 ett
542 307 98 22 utmärkt
660 309 46 20 sätt
721 307 57 22 löser
794 307 42 21 den

86 345 64 26 länge
173 345 99 26 dryftade
295 343 75 27 frågan
389 350 35 15 om
445 344 170 26 vattendragens
631 349 51 15 norr
698 349 34 15 om
748 343 90 27 Päijäne

86 381 143 21 förbindande
252 380 49 21 med
321 380 171 26 jernvägsnätet.
524 379 39 21 Att
587 385 27 15 en
632 378 100 29 jernväg,
748 379 88 21 hvilken

87 417 43 20 kan
145 415 114 22 trafikeras
275 415 49 22 hela
339 416 48 21 året
402 421 43 21 om,
461 415 103 27 erbjuder
574 416 79 26 många
663 415 95 22 fördelar
769 415 67 21 fram-

87 452 35 21 för
137 452 96 27 kanaler,
251 452 26 20 de
293 451 38 21 der
347 451 7 21 i
370 451 64 22 dessa
449 451 101 27 nordliga
565 451 85 21 trakter
666 457 46 15 mer
728 453 28 19 än
767 451 71 21 halfva

88 489 47 21 året
158 490 38 19 äro
217 487 157 28 oanvändbara,
390 487 70 27 ligger
475 487 34 21 för
525 489 71 25 öppen
612 487 47 26 dag.
691 487 32 21 De
739 487 97 21 tvifvels-

89 525 42 21 mål
154 531 47 15 som
225 524 7 21 i
256 524 60 21 detta
339 523 100 22 afseende
461 523 94 27 tidigare
571 523 91 21 uttalats
679 523 64 22 hafva
759 523 77 21 främst

88 561 60 27 gällt,
164 559 107 22 huruvida
290 559 18 26 ej
325 559 189 27 jernvägsfrakten
529 559 35 21 för
579 561 106 24 trävaror,
702 559 33 21 för
750 559 85 21 hvilkas

88 598 113 25 transport
222 595 119 21 kanalerna
361 595 111 21 sannolikt
493 595 87 21 komme
601 596 33 20 att
651 595 7 20 i
674 594 92 22 främsta
782 600 58 15 rum-

89 633 45 20 met
156 631 86 26 anlitas,
265 636 50 15 vore
337 631 28 25 på
386 631 27 21 de
436 632 61 19 stora
517 630 89 21 afstånd
627 630 39 21 här
682 630 159 27 ifrågakomma

90 666 139 22 öfverhöfvan
245 666 38 26 dyr
298 666 7 20 i
319 666 124 26 jemförelse
459 666 50 21 med
525 666 260 26 transportkostnaderna
796 665 47 27 sjö-

90 704 75 24 vägen.
188 702 48 21 Den
255 702 93 21 nämnda
367 702 99 21 komitén
481 701 89 27 påvisar
585 701 130 26 emellertid,
731 703 33 19 att
780 700 62 22 frak-

90 740 37 19 ten
142 737 34 22 för
191 744 27 15 en
234 738 99 20 standert
347 739 98 19 trävaror
461 737 94 27 sjöledes
572 737 47 21 från
636 737 86 21 Keitele
732 737 34 21 till
777 736 62 22 Vesi-

88 773 56 27 järvi
160 775 57 19 samt
233 773 94 21 derifrån
342 780 38 20 per
393 774 92 26 jernväg
501 773 34 21 till
551 773 80 21 Sörnäs
646 773 71 21 blefve
726 774 27 20 27
770 773 72 25 mark,

94 810 78 20 medan
192 808 189 28 jernvägsfrakten
403 809 49 21 från
476 815 84 15 samma
579 809 32 27 sjö
633 809 33 21 till
684 809 91 21 Vasklot
791 808 53 22 eller

94 845 72 21 Kotka
188 845 71 21 blefve
283 845 28 21 24
334 845 67 21 mark.
433 845 123 27 Jernvägen
580 845 101 27 erbjuder
704 845 83 21 således
811 845 33 22 för

94 883 127 19 trävarorna
235 880 100 27 billigare
350 882 112 26 transport
477 883 28 19 än
521 881 57 21 hvad
594 887 76 21 genom
686 881 124 27 byggandet
822 880 24 22 af

94 917 91 21 kanaler
199 917 73 21 kunde
288 918 69 20 ernås.

164 964 34 21 Då
221 964 71 22 denna
311 964 56 27 bana
387 964 92 22 sålunda
500 966 40 26 gör
559 964 123 28 byggandet
698 964 23 22 af
736 965 25 21 de
777 964 64 27 länge

95 1000 106 27 påtänkta
223 1000 133 21 kostsamma
379 1000 119 22 kanalerna
519 1000 127 27 umbärligt;
668 1001 27 21 då
714 1001 27 20 de
760 1000 86 21 trakter

96 1041 46 16 som
158 1035 24 21 af
196 1036 42 21 den
253 1036 86 21 komme
355 1037 33 19 att
403 1035 88 22 beröras
507 1036 103 21 utmärka
626 1036 33 27 sig
669 1041 76 22 genom
755 1041 27 15 en
790 1037 58 19 tem-

96 1071 94 27 meligen
205 1071 144 21 framskriden
364 1071 83 28 odling;
463 1072 29 21 då
507 1074 54 19 nära
576 1071 60 22 invid
651 1071 70 22 banan
732 1071 70 22 finnas
811 1072 33 20 ett

96 1107 60 22 antal
179 1107 34 21 för
236 1107 127 21 industriela
387 1107 103 22 ändamål
513 1107 138 28 synnerligen
672 1107 82 28 egnade
774 1107 71 21 forsar

96 1145 58 19 samt
168 1143 91 21 härmed
274 1149 82 15 vunnes
371 1149 28 15 en
413 1143 92 27 beqväm
521 1143 134 22 förbindelse
671 1143 91 22 emellan
771 1138 77 26 Öster-

96 1179 76 20 botten
196 1179 40 20 och
258 1179 55 21 nord
331 1178 110 28 Savolaks,
457 1179 41 21 har
513 1179 109 21 utskottet
638 1179 18 26 ej
673 1179 75 21 tvekat
764 1179 82 26 derom,

97 1215 33 20 att
150 1213 117 28 Jyväskylä
282 1214 81 21 banans
379 1214 144 27 fortsättning
539 1216 83 20 österut
637 1214 67 22 borde
720 1214 60 21 ledas
796 1213 6 22 i
818 1220 30 14 nu

96 1249 95 22 nämnda
209 1250 103 27 riktning.
343 1250 86 27 Dragen
444 1251 41 20 här
500 1251 74 20 kunde
590 1251 71 20 denna
673 1251 91 26 jernväg
780 1249 66 22 också

97 1285 37 22 vid
147 1285 116 22 Kivisalmi
278 1285 90 28 erbjuda
383 1292 27 15 en
425 1285 91 28 lämplig
532 1286 164 27 utgångspunkt
712 1285 33 22 för
760 1291 26 16 en
802 1284 44 21 för-

97 1321 174 27 bindningsbana
291 1321 34 22 till
340 1321 119 27 Uleåborgs
473 1322 98 27 jernväg.
603 1321 122 27 Jernvägen
741 1321 33 21 till
791 1319 53 22 Suo-

97 1357 88 26 nenjoki
201 1357 107 22 utesluter
323 1357 47 22 icke
385 1357 68 21 heller
469 1357 143 27 möjligheten
628 1357 24 21 af
665 1359 33 19 att
714 1357 7 21 i
738 1363 26 14 en
781 1355 66 22 fram-

98 1392 32 21 tid
152 1392 71 27 bygga
247 1399 26 15 en
296 1399 70 15 annan
385 1399 53 20 gren
454 1393 35 21 till
505 1393 87 27 Kieppi,
609 1392 35 22 för
658 1395 33 19 att
707 1392 91 22 sålunda
815 1391 37 22 för

169 1456 174 23 Jernvägsutskottets
355 1457 106 18 betänkande
476 1457 35 18 N:o
526 1458 16 17 1.
758 1457 22 17 10
