1073 1673
296 125 235 23 Petitionsbetänkande
547 126 35 21 N:o
598 125 38 22 32.
794 127 11 19 3

146 185 171 29 (Öfversättning).

231 251 50 20 Till
295 251 161 20 hedervärda
476 251 207 20 Bondeständet.

147 315 9 19 1
172 315 75 24 Kajana
264 315 61 19 härad
343 313 41 20 stär
404 314 116 25 jordbruket
535 314 37 19 och
586 314 179 25 boskapsskötseln
779 314 7 19 i
801 314 34 19 all-

79 344 81 19 mänhet
175 345 55 18 ännu
245 342 26 26 pä
285 349 26 13 en
328 343 33 26 läg
381 343 132 24 ständpunkt.
544 342 89 20 Orsaken
648 343 65 19 härtill
729 343 34 19 bör
779 343 56 19 sökas

78 373 7 18 i
100 373 38 19 den
153 371 102 25 uräldriga
269 371 61 20 seden
345 373 29 18 att
389 371 92 19 använda
496 373 72 17 nästan
578 371 26 19 all
615 371 29 19 tid
654 371 30 19 till
695 371 141 25 tjärbränning,

80 407 44 13 som
139 400 91 24 sälunda,
245 399 26 26 pä
286 406 75 13 samma
376 399 53 26 gäng
439 400 40 19 den
490 399 70 20 förstör
570 400 40 19 den
620 400 35 19 allt
665 405 54 14 mera
729 400 108 25 glesnande

80 429 81 25 skogen,
173 429 64 19 blifvit
247 428 73 25 närapä
330 434 25 13 en
363 428 155 25 hufvudnäring.
535 428 57 19 Huru
602 428 44 19 litet
653 428 130 25 inbringande
792 434 45 13 men

81 458 89 19 däremot
185 457 136 25 skogsödande
333 457 37 19 och
377 457 99 24 hinderlig
483 457 30 19 för
520 457 142 24 utvecklingen
677 457 55 19 afett
745 463 54 13 mera
807 463 30 13 ra-

81 486 78 19 tionellt
168 485 95 26 jordbruk
275 485 65 20 denna
349 485 71 25 näring
430 487 27 22 är,
467 485 36 19 har
511 485 140 25 befolkningen
657 485 64 20 under
727 488 80 17 senaste
814 485 23 19 ti-

81 515 35 19 der
125 514 59 20 äfven
190 514 36 19 allt
234 520 53 13 mera
294 514 62 25 börjat
361 514 50 19 inse.
432 513 39 20 Vid
480 513 72 20 sädant
560 513 121 20 förhällande
688 514 37 19 och
733 513 26 20 dä
765 516 73 17 största

82 543 57 19 delen
161 543 20 19 af
204 548 111 14 sommaren
330 542 64 19 mäste
412 542 103 19 användas
532 543 29 18 för
576 543 124 24 nyssnämda
715 543 124 24 handtering,

82 571 35 19 har
131 571 37 20 hos
184 571 140 25 befolkningen
339 571 73 19 vaknat
427 571 74 19 tanken
516 570 26 26 pä
557 571 157 25 upphjälpandet
727 571 19 19 af
761 571 77 19 landets

82 599 167 25 modernäringar,
269 599 118 20 äkerbruket
407 599 37 20 och
465 599 184 25 hboskapsskötseln.
679 599 36 20 För
730 599 109 20 vinnandet

82 628 20 19 af
116 628 55 19 detta
185 627 41 20 mäl
241 628 96 19 erfordras
353 628 55 24 dock,
427 629 29 18 att
471 634 25 13 en
512 627 55 20 säväl
583 628 94 19 teoretisk
692 634 43 13 som
751 627 89 26 praktisk

84 656 114 26 utbildning
213 656 28 20 för
256 656 111 20 ändamälet
383 657 56 19 stode
454 658 30 18 att
499 656 74 20 erhälla
583 656 26 26 pä
619 659 48 17 nära
678 657 51 25 häll;
745 663 46 13 men
801 656 38 20 för-

84 684 100 20 hällandet
199 686 22 18 är
236 684 76 26 sädant,
327 687 29 17 att
370 685 7 19 i
392 685 33 19 det
440 685 123 19 vidsträckta
579 685 74 25 Kajana
667 686 61 18 härad
742 685 17 25 ej
775 685 64 19 finnes

84 713 67 25 nägon
164 713 169 25 jordbruksskola.
355 712 32 21 Dä
398 714 67 18 härtill
480 714 94 23 kommer,
588 715 29 18 att
628 714 74 19 bristen
713 713 25 26 pä
749 714 90 18 kommu-

84 742 110 19 nikationer
211 743 61 18 sätter
286 742 71 19 hinder
370 742 7 19 i
397 744 64 23 vägen
476 742 29 19 för
520 742 50 24 dem,
586 748 44 14 som
645 742 62 20 önska
721 742 72 20 besöka
808 741 32 20 sä-

84 770 51 19 dana
149 770 97 20 anstalter
261 770 11 19 å
286 770 61 19 andra
365 772 58 23 orter,
443 770 23 20 sä
482 770 35 19 har
531 771 93 19 behofvet
638 771 19 19 af
672 777 24 13 en
712 770 63 20 sådan
790 770 49 20 läro-

84 798 74 20 anstalt
173 798 7 20 i
195 798 74 25 Kajana
284 799 60 19 härad
359 799 64 19 blifvit
438 799 36 19 allt
489 805 53 13 mera
558 799 102 25 kännbart,
675 800 75 18 hvilket
761 799 78 19 bevisas

85 827 59 20 äfven
159 827 20 19 af
193 827 25 19 de
239 827 151 26 önskningsmäl
405 828 46 19 flera
469 828 119 19 kommuner
603 828 5 19 i
624 828 55 19 detta
694 828 53 25 syfte
763 827 77 20 uttalat.

154 855 28 20 På
197 856 66 25 grund
278 856 19 19 af
312 856 34 19 det
361 856 59 19 ofvan
436 856 61 25 sagda
513 856 61 25 vågar
588 857 32 24 jag
635 857 76 23 föreslå,

361 932 26 17 att
399 930 114 19 hedervärda
523 930 141 19 Bondeståndet
678 931 42 18 ville
731 931 69 24 förena
811 930 30 25 sig

293 965 32 12 om
340 965 23 12 en
374 959 82 24 petition
467 959 29 18 till
503 959 57 19 Hans
567 959 106 25 Kejserliga
681 959 89 25 Majestät
777 959 9 18 i
793 959 48 24 syfte

293 989 27 17 att
343 987 8 18 i
375 987 79 25 Kajana
476 987 62 19 härad
562 987 59 19 måtte
645 988 84 19 inrättas
749 993 23 14 en
791 987 51 25 lägre

288 1015 164 26 Jordbruksskola,
469 1015 74 20 hvarest
559 1016 86 19 teoretisk
659 1016 33 19 och
705 1016 90 25 praktisk
804 1022 37 13 un-

293 1044 110 25 dervisning
420 1044 9 19 i
439 1044 103 25 jordbruk,
558 1044 155 25 boskapsskötsel,
729 1046 62 17 smör-
809 1044 34 19 och

293 1072 130 25 ostberedning
437 1072 60 19 måtte
511 1073 100 19 meddelas.

158 1146 131 25 Helsingfors,
305 1147 39 19 den
359 1147 13 18 4
388 1147 84 19 februari
490 1147 60 19 1891.

613 1220 54 22 Lauri
687 1220 88 23 Keränen.

158 1316 43 20 För
224 1316 133 21 närvarande
379 1316 66 21 finnas
468 1318 6 19 i
490 1316 79 26 landet,
592 1320 61 18 utom
674 1317 27 20 de
716 1318 13 19 å
743 1316 102 21 Mustiala

91 1350 42 20 och
164 1350 143 27 Kronoborgs
340 1352 82 19 institut
447 1350 105 27 förlagda,
577 1354 81 18 tretton
681 1351 164 26 jordbrukssko-

90 1384 39 25 lor,
152 1384 107 27 nämligen
283 1386 7 19 i
312 1384 123 28 Uleåborgs
457 1384 36 20 län
515 1392 32 18 en,
570 1386 6 19 i
592 1384 60 21 Vasa
667 1384 35 21 län
716 1388 39 23 tre,
772 1386 6 19 i
793 1384 52 21 Abo

91 1418 42 21 och
148 1418 143 28 Björneborgs
307 1418 35 20 län
356 1421 39 22 tre,
415 1420 3 19 i
433 1418 99 27 Nylands
548 1418 34 21 län
597 1426 33 17 en,
645 1420 6 19 i
667 1418 30 22 S:t
710 1419 90 21 Michels
811 1418 34 21 län

162 1457 103 17 Allmänna
278 1457 168 18 Besvärsutskottets
459 1457 111 18 betänkande
582 1459 37 16 N:o
631 1458 31 17 25.
