1067 1675
761 128 24 20 17

71 186 36 22 för
129 185 149 27 uppresandet
298 184 25 22 af
337 190 27 16 en
379 185 90 22 ärestod
484 185 35 21 till
535 185 122 22 åminnelse
671 184 26 22 af
709 185 107 27 Kejsaren

70 222 40 22 och
126 220 138 23 Storfursten
284 220 127 23 Alexander
426 220 24 22 II
465 222 39 26 att,
526 221 2 21 i
544 220 88 22 samråd
647 220 50 22 med
713 220 103 22 Ständer-

71 258 76 20 husets
162 256 105 28 arkitekt,
291 256 90 27 inbjuda
401 256 87 22 landets
504 256 102 28 samtlige
621 256 146 27 bildhuggare
783 256 34 21 till

69 293 81 21 allmän
164 292 68 22 täflan
247 298 34 15 om
296 291 128 22 utförandet
439 291 25 22 af
477 293 33 21 ett
526 292 160 26 skulpturverk
701 291 35 22 för
752 292 64 21 deko-

68 328 105 27 reringen
196 327 26 22 af
238 326 185 28 tympanonfältet
437 327 8 21 i
461 327 90 28 gafveln
567 327 63 22 öfver
646 326 171 23 Ständerhusets

70 364 94 26 peristyl
187 364 44 20 mot
253 362 156 28 Nikolaigatan
431 365 58 19 samt
511 364 33 20 att
559 362 35 22 till
609 364 52 20 näst
676 364 141 20 sammanträ-

71 399 71 21 dande
158 398 95 22 Ständer
262 398 110 22 inkomma
385 398 49 22 med
445 398 84 28 förslag
539 398 36 22 till
585 398 98 22 arbetets
694 397 122 28 utförande,

70 434 122 28 hvarjemte
215 434 28 22 Vi
265 434 121 27 berättigat
407 433 160 28 Delegationen
583 435 34 20 att
631 434 72 21 såsom
718 434 47 26 pris
780 433 37 23 vid

71 470 71 21 denna
157 468 67 23 täflan
240 469 101 21 använda
355 468 58 22 ända
427 469 36 21 till
479 471 65 26 5,000
555 469 63 21 mark
629 469 25 21 af
661 469 156 27 behållningen

73 505 14 21 å
102 504 217 28 byggnadsanslaget
333 503 36 23 för
379 504 167 27 Ständerhuset,
557 504 91 23 hvarom
658 504 41 22 allt
708 504 29 22 Vi
748 504 70 22 denne

73 540 44 28 dag
131 540 71 22 aflåtit
216 546 28 16 en
260 539 119 23 skrifvelse
395 540 35 21 till
447 540 142 22 sistbemälda
604 540 137 28 Delegation.

412 606 28 20 42
457 605 19 29 8.

144 646 72 22 Sedan
231 646 91 22 ekonom
338 645 35 23 för
388 646 162 23 Ständerhuset
565 647 40 21 och
620 647 153 21 bibliotekarie
785 646 33 21 för

74 683 43 21 den
134 682 116 22 derstädes
272 682 117 22 förvarade
412 683 167 27 boksamlingen
602 682 75 22 blifvit
698 682 120 27 behörigen

72 718 99 27 utsedda,
194 717 68 23 hafva
283 718 29 21 Vi
334 718 33 21 uti
391 718 119 22 skrifvelse
533 717 25 22 af
576 719 71 20 denne
663 718 42 27 dag
721 718 23 21 åt
759 718 59 22 Våra

73 753 203 27 Bankfullmäktige
291 753 119 27 uppdragit
420 755 33 20 att
463 753 70 22 under
541 753 61 22 tiden
616 753 93 22 emellan
720 753 98 22 ständer-

74 791 87 19 mötena
176 788 66 22 hafva
257 788 77 27 tillsyn
350 788 63 22 öfver
430 789 65 22 desse
515 789 144 27 tjenstemäns
677 789 141 22 verksamhet

74 825 57 19 samt
146 825 40 25 att,
207 823 2 21 i
224 823 107 22 händelse
346 823 27 22 de
389 823 58 28 afgå,
466 825 80 25 antaga
561 824 69 21 andra
645 830 105 20 personer
766 824 8 21 i
784 823 35 22 de-

74 865 36 15 ras
126 858 73 22 ställe.

416 924 28 21 43
461 923 19 29 8.

144 964 73 22 Sedan
231 964 56 22 Vårt
298 964 147 22 Statsutskott
454 965 113 22 verkstält
576 965 137 27 granskning
723 964 25 22 af
757 964 62 22 Stän-

74 1000 247 27 derhusdelegationens
345 1000 102 28 samtliga
467 1001 152 27 räkenskaper
635 1000 39 22 och
689 1000 131 27 handlingar

75 1037 57 19 samt
154 1034 102 23 deröfver
278 1035 36 22 till
337 1036 42 21 Oss
402 1036 103 22 aflemnat
519 1036 128 27 berättelse,
663 1036 66 21 hafva
744 1036 29 21 Vi
788 1032 32 24 uti

75 1070 119 22 skrifvelse
210 1070 25 22 af
248 1070 70 22 denne
341 1071 42 27 dag
406 1070 111 23 förklarat
536 1072 170 26 Delegationens
722 1070 99 28 uppdrag

75 1105 109 22 afslutadt
198 1106 40 21 och
253 1106 110 22 meddelat
378 1106 126 22 densamma
519 1106 41 22 full
576 1106 165 23 ansvarsfrihet.

416 1179 30 19 44
462 1177 19 29 8.

144 1217 12 21 I
172 1217 118 28 anledning
305 1217 25 22 af
343 1218 74 21 derom
433 1218 7 21 i
456 1218 189 27 Borgareståndet
659 1218 67 22 väckt
741 1217 80 22 motion

76 1251 66 22 hafva
164 1253 29 21 Vi
215 1253 85 26 antagit
325 1253 68 22 sådan
417 1253 130 28 förordning
571 1260 34 15 om
627 1253 194 27 verkställighet
810 1247 15 38 i

76 1287 58 22 vissa
151 1287 41 22 fall
207 1287 25 22 af
244 1288 49 21 icke
309 1289 51 26 laga
375 1288 61 22 kraft
454 1289 85 27 egande
555 1289 74 27 utslag
641 1289 113 26 angående
764 1288 58 27 flytt-

75 1323 54 26 ning
143 1329 26 15 ur
184 1323 48 26 hus,
256 1329 45 16 som
325 1324 123 22 innehälles
470 1325 33 21 uti
526 1325 46 21 Vår
595 1324 42 22 den
663 1325 26 20 16
711 1323 111 22 nästlidne

75 1358 65 26 April
154 1358 36 21 till
205 1358 62 22 Hans
282 1359 127 28 Kejserliga
425 1359 106 27 Majestät
546 1360 8 21 i
569 1361 74 20 ämnet
653 1359 80 22 aflätna
743 1359 78 21 under-

74 1393 80 27 däniga
170 1393 124 23 skrifvelse.

741 1436 10 15 2
