1067 1675
235 142 27 20 12

351 142 84 22 Ständ.
451 142 57 23 Mot.
524 143 28 15 —
567 142 155 24 Motionsbet.
737 142 46 23 N:o
799 142 23 23 6.

412 217 42 27 ker,
470 224 36 14 om
516 217 75 21 hvilka
601 217 74 27 finnes
684 217 105 21 särskildt
797 216 108 28 stadgadt,
916 217 47 21 alla

412 251 171 28 alkoholhaltiga
598 252 96 27 drycker,
703 252 75 20 hvilka
785 250 117 22 innehålla
909 251 55 24 från

412 285 39 21 och
465 286 50 20 med
528 286 53 28 fyra
597 286 35 21 till
647 286 39 21 och
701 286 50 21 med
763 285 101 28 tjugutvå
876 285 86 28 volym-

409 321 92 26 procent
515 320 86 21 alkohol
615 320 38 21 vid
673 320 13 27 +
707 321 28 20 15
743 320 80 28 grader
833 320 69 28 enligt
914 319 47 22 Cel-

412 354 30 20 sii
457 355 142 21 termometer.

662 486 12 20 2
690 469 23 48 8.

481 558 95 28 Behörig
595 558 124 22 tillverkare
735 558 28 28 af
774 559 64 21 viner
852 559 52 21 eller
918 566 42 14 an-

412 593 41 21 dra
473 600 91 21 svagare
583 593 130 28 rusdrycker
727 600 52 14 vare
795 593 122 28 berättigad
930 595 34 19 att

412 627 10 20 %
436 627 50 21 stad
499 627 85 21 sådana
599 627 28 28 af
639 634 51 21 egen
705 627 143 28 tillverkning
862 627 100 28 försälja,

413 661 52 21 dock
485 661 20 28 ej
525 661 10 20 i
549 661 87 21 mindre
648 662 88 27 partier
750 663 31 19 än
796 661 109 28 tjugufem
921 661 40 21 bu-

414 695 60 28 teljer
498 695 45 28 (hel
564 695 59 28 korg)
644 696 51 21 eller
710 696 10 20 i
735 696 48 21 kärl
798 696 36 21 till
849 695 75 28 belopp
939 695 29 28 af

413 730 69 21 minst
510 729 108 28 tjugufem
642 730 55 27 liter,
719 729 98 28 såframt
842 730 122 21 tillverkare

413 763 45 22 ieke
481 763 72 22 tillika
575 763 126 28 förvärfvat
722 764 34 27 sig
777 763 73 22 sådan
870 765 45 20 rätt
930 763 35 22 till

413 798 160 27 minuthandel,
590 805 47 14 som
652 798 11 21 i
679 799 15 20 3
708 799 16 27 $
738 800 100 19 nämnes.

663 929 12 21 3
692 930 21 25 s.

482 1002 113 28 Rättighet
610 1002 35 21 till
659 1002 157 21 minuthandel
830 1002 10 20 i
854 1002 50 21 stad
914 1002 50 21 med

414 1036 63 21 viner
492 1036 38 21 och
545 1043 90 21 svagare
644 1036 131 28 rusdrycker
784 1043 54 21 eger,
850 1036 55 28 efter
914 1036 50 21 der-

415 1070 35 20 till
471 1070 10 21 i
502 1070 160 22 nedannämnä
677 1070 96 28 ordning
787 1070 115 21 utverkadt
917 1070 47 21 till-

415 1104 71 28 ständ,
509 1104 88 28 enhvar,
617 1111 47 15 som
683 1104 33 29 pä
736 1104 75 28 grund
826 1104 28 28 af
866 1105 16 20 2
896 1104 40 21 och
952 1105 15 20 3

415 1139 30 27 $$
459 1139 10 20 i
483 1139 158 27 förordningen
653 1145 38 15 om
708 1139 139 27 näringarne
854 1138 30 27 af
887 1139 41 20 den
940 1139 27 20 31

415 1173 62 21 Mars
492 1173 67 27 1879,
577 1173 141 21 sistnämnda
734 1174 15 26 $
763 1173 71 20 sädan
850 1173 41 20 den
907 1173 61 27 lyder

414 1207 11 20 i
439 1207 159 28 förordningen
621 1207 28 28 af
666 1207 42 21 den
723 1208 28 19 17
765 1206 117 22 December
896 1207 70 26 1888,

415 1243 28 19 är
464 1241 85 28 behörig
571 1243 34 19 att
625 1242 92 20 anmäla
732 1241 34 28 sig
783 1241 35 20 till
833 1241 93 21 idkande
941 1240 29 28 af

416 1275 80 22 handel
518 1276 39 21 och
569 1276 59 27 gjort
641 1275 34 28 sig
690 1275 59 21 känd
765 1275 36 28 för
816 1275 87 20 redbart
916 1274 49 28 för-

416 1309 103 22 hällande
533 1312 59 19 samt
602 1310 94 27 pröfvas
711 1309 10 21 i
736 1309 69 28 öfrigt
815 1309 35 21 till
860 1309 106 21 rörelsens

416 1343 119 28 utöfvande
551 1344 90 28 lämplig
657 1351 62 14 vara.

485 1378 68 28 Dylik
567 1378 156 21 minuthandel
740 1377 38 28 får
792 1379 57 19 utan
864 1376 104 21 särskildt

418 1412 101 21 tillstånd
539 1412 88 28 utöfvas
645 1412 30 27 af
685 1413 48 26 den,
749 1418 48 15 som
812 1411 96 21 innehar
922 1411 46 20 rätt

417 1448 34 19 att
463 1447 138 20 utminutera
617 1446 102 22 bränvin.
