<?xml version="1.0" encoding="UTF-8"?>
<alto xmlns="http://www.loc.gov/standards/alto/ns-v3#" xmlns:xlink="http://www.w3.org/1999/xlink" xmlns:xsi="http://www.w3.org/2001/XMLSchema-instance" xsi:schemaLocation="http://www.loc.gov/standards/alto/ns-v3# http://www.loc.gov/alto/v3/alto-3-0.xsd">
	<Description>
		<MeasurementUnit>pixel</MeasurementUnit>
		<sourceImageInformation>
			<fileName>/tmp/tess_cfp4zmdy_input.PNG</fileName>
		</sourceImageInformation>
		<OCRProcessing ID="OCR_0">
			<ocrProcessingStep>
				<processingSoftware>
					<softwareName>tesseract 5.3.4</softwareName>
				</processingSoftware>
			</ocrProcessingStep>
		</OCRProcessing>
	</Description>
	<Layout>
		<Page WIDTH="1073" HEIGHT="1670" PHYSICAL_IMG_NR="0" ID="page_0">
			<PrintSpace HPOS="0" VPOS="0" WIDTH="1073" HEIGHT="1670">
				<ComposedBlock ID="cblock_0" HPOS="220" VPOS="129" WIDTH="598" HEIGHT="24">
					<TextBlock ID="block_0" HPOS="220" VPOS="129" WIDTH="598" HEIGHT="24">
						<TextLine ID="line_0" HPOS="220" VPOS="129" WIDTH="598" HEIGHT="24">
							<String ID="string_0" HPOS="220" VPOS="129" WIDTH="84" HEIGHT="23" WC="0.88" CONTENT="Ständ."/><SP WIDTH="16" VPOS="129" HPOS="304"/>
							<String ID="string_1" HPOS="320" VPOS="130" WIDTH="54" HEIGHT="22" WC="0.92" CONTENT="Pet."/><SP WIDTH="16" VPOS="130" HPOS="374"/>
							<String ID="string_2" HPOS="390" VPOS="143" WIDTH="19" HEIGHT="2" WC="0.90" CONTENT="—"/><SP WIDTH="23" VPOS="143" HPOS="409"/>
							<String ID="string_3" HPOS="432" VPOS="129" WIDTH="175" HEIGHT="24" WC="0.91" CONTENT="Petitionsbet."/><SP WIDTH="15" VPOS="129" HPOS="607"/>
							<String ID="string_4" HPOS="622" VPOS="130" WIDTH="45" HEIGHT="23" WC="0.96" CONTENT="N:o"/><SP WIDTH="16" VPOS="130" HPOS="667"/>
							<String ID="string_5" HPOS="683" VPOS="131" WIDTH="39" HEIGHT="22" WC="0.95" CONTENT="22."/><SP WIDTH="83" VPOS="131" HPOS="722"/>
							<String ID="string_6" HPOS="805" VPOS="134" WIDTH="13" HEIGHT="19" WC="0.96" CONTENT="3"/>
						</TextLine>
					</TextBlock>
				</ComposedBlock>
				<ComposedBlock ID="cblock_1" HPOS="86" VPOS="193" WIDTH="762" HEIGHT="337">
					<TextBlock ID="block_1" HPOS="86" VPOS="193" WIDTH="761" HEIGHT="90">
						<TextLine ID="line_1" HPOS="87" VPOS="193" WIDTH="760" HEIGHT="28">
							<String ID="string_7" HPOS="87" VPOS="194" WIDTH="26" HEIGHT="27" WC="0.96" CONTENT="på"/><SP WIDTH="15" VPOS="194" HPOS="113"/>
							<String ID="string_8" HPOS="128" VPOS="193" WIDTH="111" HEIGHT="22" WC="0.96" CONTENT="enahanda"/><SP WIDTH="15" VPOS="193" HPOS="239"/>
							<String ID="string_9" HPOS="254" VPOS="193" WIDTH="45" HEIGHT="21" WC="0.96" CONTENT="skäl"/><SP WIDTH="16" VPOS="193" HPOS="299"/>
							<String ID="string_10" HPOS="315" VPOS="193" WIDTH="72" HEIGHT="21" WC="0.93" CONTENT="kunna"/><SP WIDTH="11" VPOS="193" HPOS="387"/>
							<String ID="string_11" HPOS="398" VPOS="193" WIDTH="117" HEIGHT="21" WC="0.91" CONTENT="utsträckas"/><SP WIDTH="14" VPOS="193" HPOS="515"/>
							<String ID="string_12" HPOS="529" VPOS="193" WIDTH="31" HEIGHT="21" WC="0.95" CONTENT="till"/><SP WIDTH="14" VPOS="193" HPOS="560"/>
							<String ID="string_13" HPOS="574" VPOS="193" WIDTH="163" HEIGHT="22" WC="0.93" CONTENT="underordnade"/><SP WIDTH="12" VPOS="193" HPOS="737"/>
							<String ID="string_14" HPOS="749" VPOS="194" WIDTH="98" HEIGHT="27" WC="0.92" CONTENT="myndig-"/>
						</TextLine>
						<TextLine ID="line_2" HPOS="86" VPOS="227" WIDTH="760" HEIGHT="31">
							<String ID="string_15" HPOS="86" VPOS="229" WIDTH="60" HEIGHT="20" WC="0.95" CONTENT="heter"/><SP WIDTH="22" VPOS="229" HPOS="146"/>
							<String ID="string_16" HPOS="168" VPOS="229" WIDTH="7" HEIGHT="20" WC="0.96" CONTENT="i"/><SP WIDTH="23" VPOS="229" HPOS="175"/>
							<String ID="string_17" HPOS="198" VPOS="228" WIDTH="115" HEIGHT="21" WC="0.95" CONTENT="allmänhet"/><SP WIDTH="22" VPOS="228" HPOS="313"/>
							<String ID="string_18" HPOS="335" VPOS="227" WIDTH="35" HEIGHT="31" WC="0.96" CONTENT="vid"/><SP WIDTH="24" VPOS="227" HPOS="370"/>
							<String ID="string_19" HPOS="394" VPOS="227" WIDTH="28" HEIGHT="21" WC="0.96" CONTENT="all"/><SP WIDTH="23" VPOS="227" HPOS="422"/>
							<String ID="string_20" HPOS="445" VPOS="227" WIDTH="61" HEIGHT="21" WC="0.93" CONTENT="deras"/><SP WIDTH="23" VPOS="227" HPOS="506"/>
							<String ID="string_21" HPOS="529" VPOS="227" WIDTH="253" HEIGHT="29" WC="0.91" CONTENT="embetskorrespondens"/><SP WIDTH="16" VPOS="227" HPOS="782"/>
							<String ID="string_22" HPOS="798" VPOS="228" WIDTH="48" HEIGHT="21" WC="0.97" CONTENT="med"/>
						</TextLine>
						<TextLine ID="line_3" HPOS="87" VPOS="263" WIDTH="125" HEIGHT="20">
							<String ID="string_23" HPOS="87" VPOS="263" WIDTH="125" HEIGHT="20" WC="0.94" CONTENT="hvarandra."/>
						</TextLine>
					</TextBlock>
					<TextBlock ID="block_2" HPOS="88" VPOS="296" WIDTH="760" HEIGHT="166">
						<TextLine ID="line_4" HPOS="154" VPOS="296" WIDTH="693" HEIGHT="28">
							<String ID="string_24" HPOS="154" VPOS="297" WIDTH="73" HEIGHT="27" WC="0.93" CONTENT="Enligt"/><SP WIDTH="22" VPOS="297" HPOS="227"/>
							<String ID="string_25" HPOS="249" VPOS="296" WIDTH="128" HEIGHT="22" WC="0.92" CONTENT="Ständernas"/><SP WIDTH="23" VPOS="296" HPOS="377"/>
							<String ID="string_26" HPOS="400" VPOS="296" WIDTH="135" HEIGHT="28" WC="0.96" CONTENT="uppfattning"/><SP WIDTH="22" VPOS="296" HPOS="535"/>
							<String ID="string_27" HPOS="557" VPOS="303" WIDTH="50" HEIGHT="14" WC="0.96" CONTENT="vore"/><SP WIDTH="23" VPOS="303" HPOS="607"/>
							<String ID="string_28" HPOS="630" VPOS="297" WIDTH="35" HEIGHT="20" WC="0.96" CONTENT="det"/><SP WIDTH="16" VPOS="297" HPOS="665"/>
							<String ID="string_29" HPOS="681" VPOS="297" WIDTH="54" HEIGHT="21" WC="0.96" CONTENT="dock"/><SP WIDTH="14" VPOS="297" HPOS="735"/>
							<String ID="string_30" HPOS="749" VPOS="297" WIDTH="47" HEIGHT="21" WC="0.93" CONTENT="icke"/><SP WIDTH="15" VPOS="297" HPOS="796"/>
							<String ID="string_31" HPOS="811" VPOS="296" WIDTH="36" HEIGHT="28" WC="0.91" CONTENT="på-"/>
						</TextLine>
						<TextLine ID="line_5" HPOS="88" VPOS="331" WIDTH="759" HEIGHT="28">
							<String ID="string_32" HPOS="88" VPOS="331" WIDTH="80" HEIGHT="21" WC="0.92" CONTENT="kalladt"/><SP WIDTH="22" VPOS="331" HPOS="168"/>
							<String ID="string_33" HPOS="190" VPOS="333" WIDTH="30" HEIGHT="19" WC="0.96" CONTENT="att"/><SP WIDTH="22" VPOS="333" HPOS="220"/>
							<String ID="string_34" HPOS="242" VPOS="333" WIDTH="50" HEIGHT="25" WC="0.96" CONTENT="göra"/><SP WIDTH="23" VPOS="333" HPOS="292"/>
							<String ID="string_35" HPOS="315" VPOS="331" WIDTH="40" HEIGHT="21" WC="0.96" CONTENT="den"/><SP WIDTH="24" VPOS="331" HPOS="355"/>
							<String ID="string_36" HPOS="379" VPOS="331" WIDTH="82" HEIGHT="21" WC="0.93" CONTENT="direkta"/><SP WIDTH="21" VPOS="331" HPOS="461"/>
							<String ID="string_37" HPOS="482" VPOS="331" WIDTH="163" HEIGHT="27" WC="0.91" CONTENT="brefvexlingen"/><SP WIDTH="18" VPOS="331" HPOS="645"/>
							<String ID="string_38" HPOS="663" VPOS="331" WIDTH="142" HEIGHT="28" WC="0.96" CONTENT="obligatorisk,"/><SP WIDTH="16" VPOS="331" HPOS="805"/>
							<String ID="string_39" HPOS="821" VPOS="331" WIDTH="26" HEIGHT="21" WC="0.96" CONTENT="då"/>
						</TextLine>
						<TextLine ID="line_6" HPOS="88" VPOS="365" WIDTH="760" HEIGHT="28">
							<String ID="string_40" HPOS="88" VPOS="365" WIDTH="66" HEIGHT="21" WC="0.89" CONTENT="redan"/><SP WIDTH="23" VPOS="365" HPOS="154"/>
							<String ID="string_41" HPOS="177" VPOS="365" WIDTH="155" HEIGHT="28" WC="0.89" CONTENT="befogenheten"/><SP WIDTH="21" VPOS="365" HPOS="332"/>
							<String ID="string_42" HPOS="353" VPOS="365" WIDTH="32" HEIGHT="22" WC="0.96" CONTENT="till"/><SP WIDTH="16" VPOS="365" HPOS="385"/>
							<String ID="string_43" HPOS="401" VPOS="365" WIDTH="123" HEIGHT="22" WC="0.96" CONTENT="omedelbar"/><SP WIDTH="16" VPOS="365" HPOS="524"/>
							<String ID="string_44" HPOS="540" VPOS="365" WIDTH="169" HEIGHT="28" WC="0.96" CONTENT="korrespondens"/><SP WIDTH="20" VPOS="365" HPOS="709"/>
							<String ID="string_45" HPOS="729" VPOS="365" WIDTH="7" HEIGHT="21" WC="0.96" CONTENT="i"/><SP WIDTH="15" VPOS="365" HPOS="736"/>
							<String ID="string_46" HPOS="751" VPOS="365" WIDTH="97" HEIGHT="28" WC="0.96" CONTENT="förening"/>
						</TextLine>
						<TextLine ID="line_7" HPOS="88" VPOS="399" WIDTH="760" HEIGHT="27">
							<String ID="string_47" HPOS="88" VPOS="399" WIDTH="49" HEIGHT="21" WC="0.93" CONTENT="med"/><SP WIDTH="23" VPOS="399" HPOS="137"/>
							<String ID="string_48" HPOS="160" VPOS="399" WIDTH="126" HEIGHT="21" WC="0.90" CONTENT="fribrefsrätt"/><SP WIDTH="23" VPOS="399" HPOS="286"/>
							<String ID="string_49" HPOS="309" VPOS="399" WIDTH="58" HEIGHT="21" WC="0.96" CONTENT="torde"/><SP WIDTH="26" VPOS="399" HPOS="367"/>
							<String ID="string_50" HPOS="393" VPOS="400" WIDTH="71" HEIGHT="20" WC="0.96" CONTENT="lemna"/><SP WIDTH="19" VPOS="400" HPOS="464"/>
							<String ID="string_51" HPOS="483" VPOS="406" WIDTH="26" HEIGHT="14" WC="0.96" CONTENT="en"/><SP WIDTH="22" VPOS="406" HPOS="509"/>
							<String ID="string_52" HPOS="531" VPOS="399" WIDTH="113" HEIGHT="27" WC="0.96" CONTENT="tillräcklig"/><SP WIDTH="15" VPOS="399" HPOS="644"/>
							<String ID="string_53" HPOS="659" VPOS="399" WIDTH="98" HEIGHT="21" WC="0.96" CONTENT="säkerhet"/><SP WIDTH="14" VPOS="399" HPOS="757"/>
							<String ID="string_54" HPOS="771" VPOS="400" WIDTH="32" HEIGHT="20" WC="0.96" CONTENT="för"/><SP WIDTH="15" VPOS="400" HPOS="803"/>
							<String ID="string_55" HPOS="818" VPOS="401" WIDTH="30" HEIGHT="20" WC="0.96" CONTENT="att"/>
						</TextLine>
						<TextLine ID="line_8" HPOS="88" VPOS="433" WIDTH="758" HEIGHT="29">
							<String ID="string_56" HPOS="88" VPOS="434" WIDTH="34" HEIGHT="20" WC="0.96" CONTENT="det"/><SP WIDTH="16" VPOS="434" HPOS="122"/>
							<String ID="string_57" HPOS="138" VPOS="433" WIDTH="96" HEIGHT="27" WC="0.96" CONTENT="åsyftade"/><SP WIDTH="17" VPOS="433" HPOS="234"/>
							<String ID="string_58" HPOS="251" VPOS="433" WIDTH="130" HEIGHT="22" WC="0.96" CONTENT="förfarandet"/><SP WIDTH="10" VPOS="433" HPOS="381"/>
							<String ID="string_59" HPOS="391" VPOS="434" WIDTH="35" HEIGHT="20" WC="0.93" CONTENT="vid"/><SP WIDTH="10" VPOS="434" HPOS="426"/>
							<String ID="string_60" HPOS="436" VPOS="433" WIDTH="140" HEIGHT="21" WC="0.92" CONTENT="förefallande"/><SP WIDTH="10" VPOS="433" HPOS="576"/>
							<String ID="string_61" HPOS="586" VPOS="433" WIDTH="64" HEIGHT="21" WC="0.92" CONTENT="behof"/><SP WIDTH="11" VPOS="433" HPOS="650"/>
							<String ID="string_62" HPOS="661" VPOS="433" WIDTH="69" HEIGHT="22" WC="0.90" CONTENT="blefve"/><SP WIDTH="10" VPOS="433" HPOS="730"/>
							<String ID="string_63" HPOS="740" VPOS="434" WIDTH="106" HEIGHT="28" WC="0.92" CONTENT="iakttaget."/>
						</TextLine>
					</TextBlock>
					<TextBlock ID="block_3" HPOS="88" VPOS="467" WIDTH="755" HEIGHT="63">
						<TextLine ID="line_9" HPOS="156" VPOS="467" WIDTH="687" HEIGHT="29">
							<String ID="string_64" HPOS="156" VPOS="467" WIDTH="50" HEIGHT="21" WC="0.96" CONTENT="Med"/><SP WIDTH="21" VPOS="467" HPOS="206"/>
							<String ID="string_65" HPOS="227" VPOS="468" WIDTH="46" HEIGHT="20" WC="0.96" CONTENT="stöd"/><SP WIDTH="18" VPOS="468" HPOS="273"/>
							<String ID="string_66" HPOS="291" VPOS="468" WIDTH="21" HEIGHT="20" WC="0.96" CONTENT="af"/><SP WIDTH="15" VPOS="468" HPOS="312"/>
							<String ID="string_67" HPOS="327" VPOS="468" WIDTH="35" HEIGHT="21" WC="0.96" CONTENT="det"/><SP WIDTH="22" VPOS="468" HPOS="362"/>
							<String ID="string_68" HPOS="384" VPOS="468" WIDTH="88" HEIGHT="21" WC="0.96" CONTENT="anförda"/><SP WIDTH="16" VPOS="468" HPOS="472"/>
							<String ID="string_69" HPOS="488" VPOS="468" WIDTH="21" HEIGHT="20" WC="0.92" CONTENT="få"/><SP WIDTH="15" VPOS="468" HPOS="509"/>
							<String ID="string_70" HPOS="524" VPOS="467" WIDTH="118" HEIGHT="22" WC="0.91" CONTENT="Ständerna"/><SP WIDTH="15" VPOS="467" HPOS="642"/>
							<String ID="string_71" HPOS="657" VPOS="468" WIDTH="38" HEIGHT="21" WC="0.93" CONTENT="hos"/><SP WIDTH="15" VPOS="468" HPOS="695"/>
							<String ID="string_72" HPOS="710" VPOS="468" WIDTH="68" HEIGHT="22" WC="0.92" CONTENT="Eders"/><SP WIDTH="15" VPOS="468" HPOS="778"/>
							<String ID="string_73" HPOS="793" VPOS="468" WIDTH="50" HEIGHT="28" WC="0.92" CONTENT="Kej-"/>
						</TextLine>
						<TextLine ID="line_10" HPOS="88" VPOS="502" WIDTH="507" HEIGHT="28">
							<String ID="string_74" HPOS="88" VPOS="502" WIDTH="78" HEIGHT="28" WC="0.92" CONTENT="serliga"/><SP WIDTH="13" VPOS="502" HPOS="166"/>
							<String ID="string_75" HPOS="179" VPOS="502" WIDTH="99" HEIGHT="28" WC="0.96" CONTENT="Majestät"/><SP WIDTH="14" VPOS="502" HPOS="278"/>
							<String ID="string_76" HPOS="292" VPOS="502" WIDTH="7" HEIGHT="21" WC="0.93" CONTENT="i"/><SP WIDTH="16" VPOS="502" HPOS="299"/>
							<String ID="string_77" HPOS="315" VPOS="502" WIDTH="169" HEIGHT="28" WC="0.92" CONTENT="underdänighet"/><SP WIDTH="15" VPOS="502" HPOS="484"/>
							<String ID="string_78" HPOS="499" VPOS="502" WIDTH="96" HEIGHT="22" WC="0.66" CONTENT="anhålla:"/>
						</TextLine>
					</TextBlock>
				</ComposedBlock>
				<ComposedBlock ID="cblock_2" HPOS="295" VPOS="570" WIDTH="552" HEIGHT="167">
					<TextBlock ID="block_4" HPOS="295" VPOS="570" WIDTH="552" HEIGHT="167">
						<TextLine ID="line_11" HPOS="364" VPOS="570" WIDTH="483" HEIGHT="29">
							<String ID="string_79" HPOS="364" VPOS="573" WIDTH="31" HEIGHT="19" WC="0.93" CONTENT="att"/><SP WIDTH="23" VPOS="573" HPOS="395"/>
							<String ID="string_80" HPOS="418" VPOS="571" WIDTH="71" HEIGHT="21" WC="0.90" CONTENT="Eders"/><SP WIDTH="16" VPOS="571" HPOS="489"/>
							<String ID="string_81" HPOS="505" VPOS="570" WIDTH="125" HEIGHT="29" WC="0.96" CONTENT="Kejserliga"/><SP WIDTH="15" VPOS="570" HPOS="630"/>
							<String ID="string_82" HPOS="645" VPOS="571" WIDTH="106" HEIGHT="27" WC="0.96" CONTENT="Majestät"/><SP WIDTH="16" VPOS="571" HPOS="751"/>
							<String ID="string_83" HPOS="767" VPOS="570" WIDTH="80" HEIGHT="22" WC="0.96" CONTENT="täcktes"/>
						</TextLine>
						<TextLine ID="line_12" HPOS="297" VPOS="605" WIDTH="549" HEIGHT="29">
							<String ID="string_84" HPOS="297" VPOS="606" WIDTH="89" HEIGHT="28" WC="0.96" CONTENT="vidtaga"/><SP WIDTH="23" VPOS="606" HPOS="386"/>
							<String ID="string_85" HPOS="409" VPOS="606" WIDTH="80" HEIGHT="28" WC="0.93" CONTENT="åtgärd"/><SP WIDTH="22" VPOS="606" HPOS="489"/>
							<String ID="string_86" HPOS="511" VPOS="605" WIDTH="90" HEIGHT="28" WC="0.91" CONTENT="derhän,"/><SP WIDTH="24" VPOS="605" HPOS="601"/>
							<String ID="string_87" HPOS="625" VPOS="608" WIDTH="31" HEIGHT="19" WC="0.94" CONTENT="att"/><SP WIDTH="22" VPOS="608" HPOS="656"/>
							<String ID="string_88" HPOS="678" VPOS="606" WIDTH="168" HEIGHT="21" WC="0.96" CONTENT="underordnade"/>
						</TextLine>
						<TextLine ID="line_13" HPOS="296" VPOS="640" WIDTH="549" HEIGHT="29">
							<String ID="string_89" HPOS="296" VPOS="640" WIDTH="148" HEIGHT="29" WC="0.95" CONTENT="myndigheter"/><SP WIDTH="15" VPOS="640" HPOS="444"/>
							<String ID="string_90" HPOS="459" VPOS="640" WIDTH="141" HEIGHT="22" WC="0.95" CONTENT="tillerkändes"/><SP WIDTH="17" VPOS="640" HPOS="600"/>
							<String ID="string_91" HPOS="617" VPOS="640" WIDTH="124" HEIGHT="28" WC="0.96" CONTENT="befogenhet"/><SP WIDTH="16" VPOS="640" HPOS="741"/>
							<String ID="string_92" HPOS="757" VPOS="643" WIDTH="38" HEIGHT="23" WC="0.93" CONTENT="att,"/><SP WIDTH="10" VPOS="643" HPOS="795"/>
							<String ID="string_93" HPOS="805" VPOS="647" WIDTH="40" HEIGHT="14" WC="0.92" CONTENT="un-"/>
						</TextLine>
						<TextLine ID="line_14" HPOS="296" VPOS="675" WIDTH="551" HEIGHT="28">
							<String ID="string_94" HPOS="296" VPOS="675" WIDTH="38" HEIGHT="20" WC="0.96" CONTENT="der"/><SP WIDTH="22" VPOS="675" HPOS="334"/>
							<String ID="string_95" HPOS="356" VPOS="675" WIDTH="131" HEIGHT="27" WC="0.96" CONTENT="åtnjutande"/><SP WIDTH="22" VPOS="675" HPOS="487"/>
							<String ID="string_96" HPOS="509" VPOS="675" WIDTH="31" HEIGHT="28" WC="0.92" CONTENT="af"/><SP WIDTH="15" VPOS="675" HPOS="540"/>
							<String ID="string_97" HPOS="555" VPOS="675" WIDTH="150" HEIGHT="28" WC="0.77" CONTENT="fribrefsrätt,"/><SP WIDTH="16" VPOS="675" HPOS="705"/>
							<String ID="string_98" HPOS="721" VPOS="676" WIDTH="9" HEIGHT="20" WC="0.93" CONTENT="i"/><SP WIDTH="15" VPOS="676" HPOS="730"/>
							<String ID="string_99" HPOS="745" VPOS="675" WIDTH="102" HEIGHT="21" WC="0.92" CONTENT="embetsä-"/>
						</TextLine>
						<TextLine ID="line_15" HPOS="295" VPOS="709" WIDTH="551" HEIGHT="28">
							<String ID="string_100" HPOS="295" VPOS="709" WIDTH="81" HEIGHT="21" WC="0.91" CONTENT="renden"/><SP WIDTH="16" VPOS="709" HPOS="376"/>
							<String ID="string_101" HPOS="392" VPOS="709" WIDTH="130" HEIGHT="21" WC="0.93" CONTENT="omedelbart"/><SP WIDTH="13" VPOS="709" HPOS="522"/>
							<String ID="string_102" HPOS="535" VPOS="709" WIDTH="111" HEIGHT="28" WC="0.91" CONTENT="brefvexla"/><SP WIDTH="11" VPOS="709" HPOS="646"/>
							<String ID="string_103" HPOS="657" VPOS="709" WIDTH="47" HEIGHT="22" WC="0.96" CONTENT="med"/><SP WIDTH="10" VPOS="709" HPOS="704"/>
							<String ID="string_104" HPOS="714" VPOS="709" WIDTH="132" HEIGHT="22" WC="0.96" CONTENT="hvarandra."/>
						</TextLine>
					</TextBlock>
				</ComposedBlock>
				<ComposedBlock ID="cblock_3" HPOS="157" VPOS="783" WIDTH="395" HEIGHT="22">
					<TextBlock ID="block_5" HPOS="157" VPOS="783" WIDTH="395" HEIGHT="22">
						<TextLine ID="line_16" HPOS="157" VPOS="783" WIDTH="395" HEIGHT="22">
							<String ID="string_105" HPOS="157" VPOS="783" WIDTH="102" HEIGHT="22" WC="0.93" CONTENT="Finlands"/><SP WIDTH="15" VPOS="783" HPOS="259"/>
							<String ID="string_106" HPOS="274" VPOS="783" WIDTH="90" HEIGHT="22" WC="0.90" CONTENT="Ständer"/><SP WIDTH="14" VPOS="783" HPOS="364"/>
							<String ID="string_107" HPOS="378" VPOS="784" WIDTH="121" HEIGHT="21" WC="0.89" CONTENT="framhärda"/><SP WIDTH="14" VPOS="784" HPOS="499"/>
							<String ID="string_108" HPOS="513" VPOS="786" WIDTH="39" HEIGHT="19" WC="0.96" CONTENT="etc."/>
						</TextLine>
					</TextBlock>
				</ComposedBlock>
				<ComposedBlock ID="cblock_4" HPOS="160" VPOS="840" WIDTH="377" HEIGHT="29">
					<TextBlock ID="block_6" HPOS="160" VPOS="840" WIDTH="377" HEIGHT="29">
						<TextLine ID="line_17" HPOS="160" VPOS="840" WIDTH="377" HEIGHT="29">
							<String ID="string_109" HPOS="160" VPOS="840" WIDTH="141" HEIGHT="28" WC="0.96" CONTENT="Helsingfors,"/><SP WIDTH="16" VPOS="840" HPOS="301"/>
							<String ID="string_110" HPOS="317" VPOS="841" WIDTH="41" HEIGHT="21" WC="0.96" CONTENT="den"/><SP WIDTH="17" VPOS="841" HPOS="358"/>
							<String ID="string_111" HPOS="375" VPOS="842" WIDTH="26" HEIGHT="20" WC="0.96" CONTENT="28"/><SP WIDTH="15" VPOS="842" HPOS="401"/>
							<String ID="string_112" HPOS="416" VPOS="841" WIDTH="42" HEIGHT="28" WC="0.96" CONTENT="Maj"/><SP WIDTH="19" VPOS="841" HPOS="458"/>
							<String ID="string_113" HPOS="477" VPOS="842" WIDTH="60" HEIGHT="20" WC="0.96" CONTENT="1891."/>
						</TextLine>
					</TextBlock>
				</ComposedBlock>
			</PrintSpace>
		</Page>
	</Layout>
</alto>
