1070 1675
266 145 27 21 14
442 145 244 23 Petitionsbetänkande
701 146 40 22 N:o
756 144 34 23 28.

237 222 44 13 som
304 214 114 22 Allmänna
442 215 188 22 besvärsutskottet
645 215 35 22 vid
696 214 108 29 pågående
821 214 98 28 landtdag
935 221 56 18 anse,

237 251 30 19 att
283 249 56 21 detta
354 252 42 19 sätt
410 254 23 17 ir
449 250 96 28 lämpligt
560 250 33 21 för
607 249 160 28 ifrågavarande
783 249 103 22 ändamål.

305 283 35 21 Då
362 283 35 22 vid
420 284 127 28 nyssnämda
570 284 125 28 kyrkomöte
718 283 159 28 ifrågavarande
892 283 101 28 spörsmål

237 325 37 13 var
295 317 88 22 föremål
406 318 32 21 för
460 318 166 28 öfverläggning,
645 318 68 22 beslöt
728 320 72 23 mötet,
816 320 31 19 att
862 325 26 14 en
904 317 87 29 petition

237 351 68 22 skulle
323 352 104 22 inlämnas
446 353 32 22 till
494 353 109 28 Styrelsen
620 360 33 14 om
668 355 32 19 att
715 352 36 22 det
765 352 33 22 till
814 347 177 33 Öfverstyrelsens

236 385 32 22 för
291 387 148 22 skolväsendet
461 387 124 28 disposition
609 387 67 22 stälda
698 387 94 27 anslaget
815 387 23 21 af
854 387 63 26 2,000
932 386 59 21 mark

236 428 34 14 om
293 421 45 22 året
356 421 32 22 för
404 421 128 29 premiering
547 421 24 22 af
583 421 179 27 folkskolelärare,
778 429 44 14 som
838 421 61 28 åtaga
914 421 31 28 sig
959 424 34 19 ut-

236 455 107 22 bildandet
358 456 23 21 af
394 456 32 21 för
440 456 143 22 småskolorna
599 456 84 22 afsedda
699 457 73 26 lärare,
784 455 64 23 måtte
859 455 90 29 förhöjas
959 455 33 22 till

236 489 65 26 6,000
316 491 59 20 mark
392 491 38 21 och
446 490 68 29 gifvas
529 491 32 22 till
575 490 59 29 jämn
650 491 120 28 fördelning
785 490 72 22 stiften
874 490 94 22 emellan.

304 524 70 22 Innan
397 525 40 21 den
460 525 33 22 till
515 525 123 28 regeringen
662 525 46 22 från
728 525 57 22 detta
801 528 55 19 möte
872 524 119 22 inlämnade

236 558 134 28 petitionen
363 554 16 39 i
386 562 72 20 ämnet
472 560 141 22 behandlades
628 560 7 21 i
650 560 122 28 Kejserliga
788 560 99 26 Senaten,
903 559 86 22 äskades

237 589 179 33 Öfverstyrelsens
435 594 32 22 för
485 594 148 22 skolväsendet
655 594 109 22 utlåtande
780 594 102 22 däröfver.
912 594 37 22 Uti
965 601 24 14 en

236 628 130 28 underdånig
384 629 111 22 skrifvelse
514 629 23 21 af
553 630 39 21 den
609 630 27 21 22
652 630 64 28 April
733 630 53 21 1887
803 628 103 29 afstyrkte
921 629 68 21 denna

235 662 59 22 bifall
309 663 32 21 till
357 664 116 27 petitionen
489 664 39 21 och
543 664 69 22 anslöt
626 664 32 28 sig
673 664 74 22 därvid
763 664 31 21 till
810 666 31 20 ett
855 664 7 20 i
877 664 64 21 saken
951 663 39 27 gif-

235 702 36 16 vet
289 698 98 27 yttrande
402 698 24 22 af
438 698 170 28 öfverinspektor
623 699 49 22 Uno
689 698 118 28 Cygnaeus,
824 706 44 14 som
884 701 42 19 mot
936 698 53 28 peti-

235 731 78 27 tionen,
330 732 100 22 särskildt
445 733 46 21 dess
508 733 131 29 motivering,
656 733 121 21 anmärker:

293 768 33 24 »1.
354 769 30 19 att
407 767 122 22 densamma
551 768 39 21 vill
613 768 76 21 mellan
706 767 229 28 hemundervisningen
951 767 38 21 och

235 800 64 28 högre
321 801 118 22 folkskolan
462 802 21 22 få
505 802 103 28 inskjutet
631 805 30 19 ett
683 805 79 25 system
785 802 23 21 af
821 802 96 28 kyrkliga
933 802 56 27 lägre

233 834 125 28 folkskolor;

303 869 19 21 2.
352 872 30 19 att
397 870 150 29 läskunnighet
562 871 38 21 och
616 870 239 28 kristendomskunskap
872 871 36 20 bör
923 870 66 28 enligt

234 903 34 28 lag
290 904 39 21 och
352 904 36 22 sed
412 905 106 22 meddelas
541 905 7 21 i
571 905 97 21 hemmen
694 905 38 21 och
749 905 51 21 blott
816 904 172 29 undantagsvis
975 899 16 39 i

233 937 80 24 skolor;

302 973 19 21 3.
338 975 30 20 att
384 973 125 29 utvidgning
524 974 23 21 af
560 974 57 22 detta
632 974 78 22 minsta
725 973 162 29 kunskapsmått
895 974 32 21 för
936 973 52 22 fulla

233 1007 165 28 medborgerliga
426 1008 133 28 rättigheters
585 1008 124 29 åtnjutande
731 1008 104 22 erfordrar
858 1008 129 22 Ständernas

233 1041 129 22 medverkan
379 1042 38 21 och
434 1043 67 26 bifall;

301 1076 21 21 4.
338 1079 31 19 att
384 1085 26 13 en
426 1077 41 21 slik
482 1078 98 21 eventuel
595 1077 126 29 utvidgning
736 1077 8 21 i
759 1078 40 21 alla
815 1077 35 22 fall
860 1077 36 22 bör
906 1077 37 22 ske
953 1085 34 20 ge-

232 1117 49 14 nom
304 1111 26 21 de
352 1111 106 28 egentliga
481 1111 147 26 folkskolorna,
651 1111 18 29 ej
693 1120 75 20 genom
790 1112 24 21 de
830 1111 156 29 ifrågavarande

232 1144 56 28 lägre
303 1146 104 27 skolorna,
423 1146 73 22 hvilka
511 1146 88 22 sålunda
614 1147 94 21 hvarken
725 1152 35 16 äro
776 1147 22 21 af
812 1146 68 22 nöden
896 1147 50 21 eller
961 1147 26 28 på

231 1180 68 27 grund
314 1180 24 21 af
351 1181 77 28 lagliga
443 1181 143 21 förhållanden
603 1182 73 20 kunna
684 1181 21 27 *)
721 1181 87 22 inrättas
824 1181 52 21 eller
891 1182 46 21 med
947 1182 38 21 all-

232 1218 76 17 männa
324 1215 68 21 medel
408 1215 156 29 understödjas;

300 1248 20 22 5.
336 1252 30 18 att
382 1249 72 29 dylika
470 1250 79 21 skolors
564 1250 90 22 tillskott
669 1250 33 21 till
717 1250 167 28 folkbildningen
894 1254 22 18 är
929 1258 57 14 mera

230 1282 100 23 skenbart
354 1288 25 16 än
404 1284 96 28 värkligt,
519 1287 54 19 samt
588 1287 30 19 att
634 1284 61 22 deras
710 1284 164 22 ambulatoriska
890 1285 96 21 karaktär

230 1317 96 21 hämmar
340 1318 60 21 deras
416 1319 149 27 uppfostrande
580 1319 113 26 inverkan;
752 1317 4 2 i

299 1353 19 20 6.
343 1355 31 19 att
389 1353 107 21 desamma
511 1354 88 21 inverka
614 1354 89 27 menligt
718 1353 27 29 pä
760 1353 52 22 bäde
828 1354 157 21 hemundervis-

229 1385 79 28 ningen
332 1387 38 20 och
393 1387 26 21 de
442 1388 64 27 högre
529 1387 152 22 folkskolornas
697 1388 114 26 förkofran,
828 1388 84 21 hvarför
927 1388 58 21 dessa

298 1461 16 22 *)
327 1461 134 18 Understruket
474 1462 5 17 i
493 1463 102 22 originalet.

297 1495 99 18 Allmänna
408 1495 175 20 Besvärsutskottets
594 1497 111 19 betänkande
716 1497 35 18 N:o
763 1498 27 17 19.
