1073 1675
254 159 281 23 Petitionsbetänkande
551 160 46 22 N:o
613 160 40 22 40.
790 162 12 20 3

143 221 46 22 Vid
201 221 207 29 handläggningen
420 222 26 21 af
454 222 167 22 ofvanstående
631 222 201 29 petitionsförslag

73 256 43 21 har
125 256 123 22 Utskottet
257 256 60 28 tagit
329 256 131 21 kännedom
472 264 36 14 om
519 256 239 29 Exportföreningens
769 256 62 22 stad-

74 297 42 21 gar
138 292 59 19 samt
213 290 28 21 de
257 290 26 21 af
295 290 107 28 Sveriges
418 290 117 22 allmänna
551 290 190 29 exportförening
756 291 76 28 publi-

74 324 81 22 cerade
185 324 174 21 meddelanden.
398 324 37 21 Då
463 324 114 22 Finlands
607 324 191 29 exportförening
822 325 8 21 i

74 359 86 27 många
182 358 124 21 afseenden
327 358 60 28 tagit
402 358 77 22 denna
493 359 8 20 i
517 358 95 28 Sverige
629 359 24 21 år
670 360 53 20 1887
739 358 93 22 bildade

74 392 109 28 förening
205 392 36 22 till
260 392 98 22 förebild
373 392 36 22 för
425 392 36 22 sin
479 393 153 27 verksamhet,
655 393 42 21 har
711 393 121 22 Utskottet

75 429 77 19 ansett
174 434 28 14 en
225 427 30 28 på
277 427 83 21 nämda
383 427 167 21 meddelanden
566 427 105 28 grundad
686 427 145 29 redogörelse

75 461 35 21 för
134 461 44 22 den
201 461 99 21 svenska
321 461 149 29 föreningens
488 461 147 22 verksamhet
652 461 39 22 väl
707 461 76 29 egnad
798 463 34 20 att

76 496 80 28 belysa
180 495 160 29 föreliggande
363 495 72 29 fråga,
461 496 25 21 så
507 496 94 28 mycket
623 503 48 14 mer
693 503 48 14 som
765 495 69 22 häraf

75 530 67 21 torde
164 530 96 28 framgå,
282 530 7 20 i
311 529 96 22 hvilken
423 530 54 21 mån
492 530 149 29 föreningens
657 529 129 29 inflytande
801 530 29 29 på

75 565 166 28 utvecklingen
257 565 27 20 af
297 565 107 28 Sveriges
420 568 82 25 export
516 565 61 21 varit
592 565 115 21 beroende
722 565 25 21 af
757 565 28 21 de
795 565 37 20 till

76 599 52 21 dess
144 599 138 28 disposition
297 599 95 21 stående
407 599 218 28 penningemedlen.

144 633 81 22 Under
246 635 115 19 närmaste
379 633 97 28 ledning
492 633 26 21 af
531 633 45 21 den
591 633 98 22 svenska
705 633 127 28 exportför-

77 667 112 28 eningens
204 667 171 21 verkställande
392 667 103 22 direktör
507 667 70 22 hafva
588 667 66 21 dessa
665 667 167 21 meddelanden

76 702 87 27 begynt
178 701 119 21 utkomma
313 701 44 21 den
375 702 25 21 10
413 701 45 28 juli
475 703 54 20 1888
545 701 43 22 och
604 701 97 21 omfatta
713 701 62 21 intill
788 701 44 21 den

76 736 12 20 8
108 735 93 28 januari
225 736 52 21 1891
300 735 121 28 fyralioett
442 743 105 14 nummer
563 735 24 22 in
603 738 81 25 gvarto
700 735 51 21 från
769 737 9 19 1
796 735 36 21 till

76 770 27 20 24
119 769 68 27 sidor,
203 769 163 22 innehällande
382 770 128 21 olikartade
525 769 170 29 upplysningar
711 769 25 22 af
747 771 85 20 största

76 803 51 29 vigt
141 803 36 22 för
193 803 107 29 Sveriges
316 806 139 26 exportörer.
481 804 72 21 Dessa
568 804 169 28 upplysningar
753 804 79 21 insän-

76 837 40 22 das
132 837 37 22 till
184 837 137 29 föreningen
341 838 26 22 af
380 838 51 21 dess
454 846 59 14 rese-
529 838 43 22 och
587 838 61 22 fasta
663 840 95 26 agenter
773 841 60 19 samt

76 872 97 22 omfatta
196 872 130 22 värdefulla
348 872 130 22 statistiska
492 872 158 29 redogörelser
665 872 36 22 för
717 872 115 22 ekonomi-

76 907 41 21 ska
134 906 43 22 och
192 907 138 21 merkantila
345 907 163 21 förhällanden
523 907 8 21 i
547 907 39 21 det
601 906 61 28 land,
679 906 44 28 där
733 909 99 26 agenten

76 941 79 21 blifvit
170 940 106 26 anställd,
291 941 119 21 äfvensom
426 941 141 28 detaljerade
581 940 119 30 uppgifter
712 940 120 29 angående

76 974 29 22 de
128 975 96 21 artiklar
245 975 26 21 af
291 976 84 20 svensk
396 975 161 28 tillverkning,
580 982 48 14 som
651 975 80 21 lättast
753 975 79 21 kunna

76 1008 63 22 finna
160 1008 128 29 afsättning
311 1010 12 20 &
346 1009 45 21 den
413 1009 178 28 ifrågavarande
613 1008 142 22 marknaden
774 1010 58 20 samt

76 1043 63 21 hvad
161 1043 40 21 vid
222 1045 111 27 exporten
357 1043 26 21 af
403 1043 66 21 dessa
491 1047 25 18 är
539 1046 33 18 att
595 1044 102 21 beaktas.
731 1042 102 22 Sålunda

76 1077 56 28 ingå
153 1077 7 21 i
184 1077 66 21 dessa
271 1077 168 22 meddelanden
459 1077 144 22 beträffande
625 1077 139 29 exempelvis
788 1079 45 19 trä-

75 1112 174 28 varuimporten
272 1112 36 21 till
330 1112 159 28 Argentinska
508 1112 136 29 republiken
659 1111 119 29 uppgifter
793 1119 39 14 an-

76 1145 89 29 gående
188 1146 76 21 denna
286 1146 95 21 artikels
403 1147 125 26 kvantitet,
551 1146 104 28 kvalitet,
678 1145 154 22 dimensioner

76 1180 43 21 och
142 1181 147 28 sorteringar,
315 1187 37 14 om
375 1180 113 29 stufning,
514 1180 213 25 tullomkostnader,
752 1180 81 21 hamn-

75 1214 120 28 umgälder
211 1214 43 21 och
270 1215 163 21 omkostnader
450 1214 41 21 vid
506 1214 111 29 lossning,
640 1215 65 26 mått,
727 1214 47 28 pris
791 1213 42 22 och

76 1248 235 29 försäljningspraxis,
334 1248 179 29 magasinering,
536 1249 147 28 lämpligaste
706 1251 70 18 sättet
799 1249 34 20 att

76 1286 57 25 göra
148 1283 94 21 svenskt
257 1285 36 19 trä
308 1283 25 21 så
348 1283 89 28 hastigt
451 1290 49 14 som
517 1283 92 28 möjligt
626 1283 73 21 kändt
711 1283 8 20 i
733 1282 100 29 republi-

76 1317 45 21 ken
134 1317 72 28 jämte
222 1317 181 28 anmärkningar
419 1317 121 28 angående
556 1317 130 28 certeparti,
709 1317 124 21 konnosse-

77 1353 69 22 ment,
162 1351 109 21 manifest
286 1351 43 21 och
344 1351 166 28 sundhetspass
526 1353 60 20 samt
601 1351 110 28 slutligen
727 1353 38 25 ett
778 1350 56 21 med-

77 1384 96 22 delande
197 1387 34 19 att
253 1385 148 28 republikens
423 1385 101 22 tulltaxa
546 1385 73 21 finnes
646 1385 134 28 tillgänglig
803 1384 30 28 på

76 1418 149 29 föreningens
241 1419 64 28 byrå.

150 1493 141 17 Statsutskottets
303 1493 110 17 betänkande
426 1494 37 15 N:o
475 1493 30 16 10.
