<?xml version="1.0" encoding="UTF-8"?>
<alto xmlns="http://www.loc.gov/standards/alto/ns-v3#" xmlns:xlink="http://www.w3.org/1999/xlink" xmlns:xsi="http://www.w3.org/2001/XMLSchema-instance" xsi:schemaLocation="http://www.loc.gov/standards/alto/ns-v3# http://www.loc.gov/alto/v3/alto-3-0.xsd">
	<Description>
		<MeasurementUnit>pixel</MeasurementUnit>
		<sourceImageInformation>
			<fileName>/tmp/tess_x3ma_m7u_input.PNG</fileName>
		</sourceImageInformation>
		<OCRProcessing ID="OCR_0">
			<ocrProcessingStep>
				<processingSoftware>
					<softwareName>tesseract 5.3.4</softwareName>
				</processingSoftware>
			</ocrProcessingStep>
		</OCRProcessing>
	</Description>
	<Layout>
		<Page WIDTH="1064" HEIGHT="1661" PHYSICAL_IMG_NR="0" ID="page_0">
			<PrintSpace HPOS="0" VPOS="0" WIDTH="1064" HEIGHT="1661">
				<ComposedBlock ID="cblock_0" HPOS="241" VPOS="131" WIDTH="527" HEIGHT="25">
					<TextBlock ID="block_0" HPOS="241" VPOS="131" WIDTH="527" HEIGHT="25">
						<TextLine ID="line_0" HPOS="241" VPOS="131" WIDTH="527" HEIGHT="25">
							<String ID="string_0" HPOS="241" VPOS="133" WIDTH="13" HEIGHT="21" WC="0.96" CONTENT="6"/><SP WIDTH="169" VPOS="133" HPOS="254"/>
							<String ID="string_1" HPOS="423" VPOS="132" WIDTH="245" HEIGHT="22" WC="0.90" CONTENT="Petitionsbetänkande"/><SP WIDTH="15" VPOS="132" HPOS="668"/>
							<String ID="string_2" HPOS="683" VPOS="132" WIDTH="37" HEIGHT="22" WC="0.96" CONTENT="N:o"/><SP WIDTH="16" VPOS="132" HPOS="720"/>
							<String ID="string_3" HPOS="736" VPOS="131" WIDTH="32" HEIGHT="25" WC="0.94" CONTENT="10."/>
						</TextLine>
					</TextBlock>
				</ComposedBlock>
				<ComposedBlock ID="cblock_1" HPOS="205" VPOS="200" WIDTH="770" HEIGHT="1269">
					<TextBlock ID="block_1" HPOS="212" VPOS="200" WIDTH="763" HEIGHT="470">
						<TextLine ID="line_1" HPOS="212" VPOS="200" WIDTH="763" HEIGHT="29">
							<String ID="string_4" HPOS="212" VPOS="200" WIDTH="90" HEIGHT="28" WC="0.95" CONTENT="petition"/><SP WIDTH="18" VPOS="200" HPOS="302"/>
							<String ID="string_5" HPOS="320" VPOS="200" WIDTH="99" HEIGHT="22" WC="0.96" CONTENT="anmälde"/><SP WIDTH="16" VPOS="200" HPOS="419"/>
							<String ID="string_6" HPOS="435" VPOS="201" WIDTH="33" HEIGHT="27" WC="0.96" CONTENT="sig"/><SP WIDTH="18" VPOS="201" HPOS="468"/>
							<String ID="string_7" HPOS="486" VPOS="201" WIDTH="101" HEIGHT="27" WC="0.96" CONTENT="Senaten,"/><SP WIDTH="16" VPOS="201" HPOS="587"/>
							<String ID="string_8" HPOS="603" VPOS="201" WIDTH="54" HEIGHT="22" WC="0.96" CONTENT="efter"/><SP WIDTH="15" VPOS="201" HPOS="657"/>
							<String ID="string_9" HPOS="672" VPOS="201" WIDTH="140" HEIGHT="28" WC="0.95" CONTENT="omröstning,"/><SP WIDTH="17" VPOS="201" HPOS="812"/>
							<String ID="string_10" HPOS="829" VPOS="201" WIDTH="7" HEIGHT="21" WC="0.93" CONTENT="i"/><SP WIDTH="15" VPOS="201" HPOS="836"/>
							<String ID="string_11" HPOS="851" VPOS="200" WIDTH="124" HEIGHT="23" WC="0.92" CONTENT="hufvudsak"/>
						</TextLine>
						<TextLine ID="line_2" HPOS="212" VPOS="235" WIDTH="763" HEIGHT="28">
							<String ID="string_12" HPOS="212" VPOS="235" WIDTH="86" HEIGHT="21" WC="0.96" CONTENT="biträda"/><SP WIDTH="23" VPOS="235" HPOS="298"/>
							<String ID="string_13" HPOS="321" VPOS="235" WIDTH="36" HEIGHT="21" WC="0.96" CONTENT="det"/><SP WIDTH="22" VPOS="235" HPOS="357"/>
							<String ID="string_14" HPOS="379" VPOS="235" WIDTH="25" HEIGHT="21" WC="0.93" CONTENT="af"/><SP WIDTH="21" VPOS="235" HPOS="404"/>
							<String ID="string_15" HPOS="425" VPOS="235" WIDTH="123" HEIGHT="22" WC="0.91" CONTENT="Ständerna"/><SP WIDTH="23" VPOS="235" HPOS="548"/>
							<String ID="string_16" HPOS="571" VPOS="235" WIDTH="98" HEIGHT="22" WC="0.93" CONTENT="uttalade"/><SP WIDTH="23" VPOS="235" HPOS="669"/>
							<String ID="string_17" HPOS="692" VPOS="235" WIDTH="165" HEIGHT="28" WC="0.91" CONTENT="önskningsmål"/><SP WIDTH="18" VPOS="235" HPOS="857"/>
							<String ID="string_18" HPOS="875" VPOS="235" WIDTH="41" HEIGHT="22" WC="0.92" CONTENT="och"/><SP WIDTH="16" VPOS="235" HPOS="916"/>
							<String ID="string_19" HPOS="932" VPOS="235" WIDTH="43" HEIGHT="22" WC="0.92" CONTENT="till-"/>
						</TextLine>
						<TextLine ID="line_3" HPOS="212" VPOS="269" WIDTH="763" HEIGHT="28">
							<String ID="string_20" HPOS="212" VPOS="269" WIDTH="82" HEIGHT="28" WC="0.96" CONTENT="styrkte"/><SP WIDTH="15" VPOS="269" HPOS="294"/>
							<String ID="string_21" HPOS="309" VPOS="269" WIDTH="61" HEIGHT="21" WC="0.96" CONTENT="bifall"/><SP WIDTH="16" VPOS="269" HPOS="370"/>
							<String ID="string_22" HPOS="386" VPOS="269" WIDTH="32" HEIGHT="21" WC="0.93" CONTENT="till"/><SP WIDTH="17" VPOS="269" HPOS="418"/>
							<String ID="string_23" HPOS="435" VPOS="269" WIDTH="120" HEIGHT="27" WC="0.92" CONTENT="petitionen"/><SP WIDTH="18" VPOS="269" HPOS="555"/>
							<String ID="string_24" HPOS="573" VPOS="270" WIDTH="48" HEIGHT="21" WC="0.96" CONTENT="med"/><SP WIDTH="12" VPOS="270" HPOS="621"/>
							<String ID="string_25" HPOS="633" VPOS="271" WIDTH="83" HEIGHT="20" WC="0.95" CONTENT="sådana"/><SP WIDTH="11" VPOS="271" HPOS="716"/>
							<String ID="string_26" HPOS="727" VPOS="270" WIDTH="75" HEIGHT="27" WC="0.95" CONTENT="tillägg"/><SP WIDTH="9" VPOS="270" HPOS="802"/>
							<String ID="string_27" HPOS="811" VPOS="270" WIDTH="41" HEIGHT="21" WC="0.93" CONTENT="och"/><SP WIDTH="8" VPOS="270" HPOS="852"/>
							<String ID="string_28" HPOS="860" VPOS="270" WIDTH="115" HEIGHT="21" WC="0.91" CONTENT="inskränk-"/>
						</TextLine>
						<TextLine ID="line_4" HPOS="212" VPOS="304" WIDTH="763" HEIGHT="28">
							<String ID="string_29" HPOS="212" VPOS="304" WIDTH="83" HEIGHT="27" WC="0.95" CONTENT="ningar,"/><SP WIDTH="17" VPOS="304" HPOS="295"/>
							<String ID="string_30" HPOS="312" VPOS="310" WIDTH="44" HEIGHT="15" WC="0.93" CONTENT="som"/><SP WIDTH="20" VPOS="310" HPOS="356"/>
							<String ID="string_31" HPOS="376" VPOS="304" WIDTH="123" HEIGHT="21" WC="0.91" CONTENT="innehöllos"/><SP WIDTH="16" VPOS="304" HPOS="499"/>
							<String ID="string_32" HPOS="515" VPOS="304" WIDTH="6" HEIGHT="21" WC="0.96" CONTENT="i"/><SP WIDTH="17" VPOS="304" HPOS="521"/>
							<String ID="string_33" HPOS="538" VPOS="306" WIDTH="31" HEIGHT="19" WC="0.96" CONTENT="ett"/><SP WIDTH="24" VPOS="306" HPOS="569"/>
							<String ID="string_34" HPOS="593" VPOS="305" WIDTH="24" HEIGHT="21" WC="0.96" CONTENT="af"/><SP WIDTH="13" VPOS="305" HPOS="617"/>
							<String ID="string_35" HPOS="630" VPOS="304" WIDTH="94" HEIGHT="22" WC="0.93" CONTENT="Senaten"/><SP WIDTH="17" VPOS="304" HPOS="724"/>
							<String ID="string_36" HPOS="741" VPOS="304" WIDTH="119" HEIGHT="28" WC="0.93" CONTENT="uppgjordt"/><SP WIDTH="16" VPOS="304" HPOS="860"/>
							<String ID="string_37" HPOS="876" VPOS="304" WIDTH="40" HEIGHT="22" WC="0.93" CONTENT="och"/><SP WIDTH="14" VPOS="304" HPOS="916"/>
							<String ID="string_38" HPOS="930" VPOS="307" WIDTH="45" HEIGHT="25" WC="0.92" CONTENT="ytt-"/>
						</TextLine>
						<TextLine ID="line_5" HPOS="212" VPOS="338" WIDTH="762" HEIGHT="28">
							<String ID="string_39" HPOS="212" VPOS="339" WIDTH="76" HEIGHT="20" WC="0.92" CONTENT="randet"/><SP WIDTH="16" VPOS="339" HPOS="288"/>
							<String ID="string_40" HPOS="304" VPOS="338" WIDTH="97" HEIGHT="27" WC="0.92" CONTENT="bifogadt"/><SP WIDTH="16" VPOS="338" HPOS="401"/>
							<String ID="string_41" HPOS="417" VPOS="338" WIDTH="83" HEIGHT="28" WC="0.96" CONTENT="förslag"/><SP WIDTH="16" VPOS="338" HPOS="500"/>
							<String ID="string_42" HPOS="516" VPOS="338" WIDTH="33" HEIGHT="22" WC="0.96" CONTENT="till"/><SP WIDTH="15" VPOS="338" HPOS="549"/>
							<String ID="string_43" HPOS="564" VPOS="339" WIDTH="65" HEIGHT="27" WC="0.96" CONTENT="nådig"/><SP WIDTH="16" VPOS="339" HPOS="629"/>
							<String ID="string_44" HPOS="645" VPOS="338" WIDTH="136" HEIGHT="28" WC="0.93" CONTENT="kungörelse."/><SP WIDTH="32" VPOS="338" HPOS="781"/>
							<String ID="string_45" HPOS="813" VPOS="338" WIDTH="106" HEIGHT="22" WC="0.92" CONTENT="Senatens"/><SP WIDTH="16" VPOS="338" HPOS="919"/>
							<String ID="string_46" HPOS="935" VPOS="339" WIDTH="39" HEIGHT="21" WC="0.92" CONTENT="mi-"/>
						</TextLine>
						<TextLine ID="line_6" HPOS="212" VPOS="372" WIDTH="761" HEIGHT="29">
							<String ID="string_47" HPOS="212" VPOS="372" WIDTH="86" HEIGHT="28" WC="0.92" CONTENT="noritet,"/><SP WIDTH="16" VPOS="372" HPOS="298"/>
							<String ID="string_48" HPOS="314" VPOS="379" WIDTH="46" HEIGHT="15" WC="0.96" CONTENT="som"/><SP WIDTH="16" VPOS="379" HPOS="360"/>
							<String ID="string_49" HPOS="376" VPOS="379" WIDTH="39" HEIGHT="15" WC="0.96" CONTENT="var"/><SP WIDTH="15" VPOS="379" HPOS="415"/>
							<String ID="string_50" HPOS="430" VPOS="375" WIDTH="58" HEIGHT="19" WC="0.96" CONTENT="emot"/><SP WIDTH="15" VPOS="375" HPOS="488"/>
							<String ID="string_51" HPOS="503" VPOS="372" WIDTH="75" HEIGHT="29" WC="0.96" CONTENT="hvarje"/><SP WIDTH="16" VPOS="372" HPOS="578"/>
							<String ID="string_52" HPOS="594" VPOS="373" WIDTH="77" HEIGHT="28" WC="0.96" CONTENT="åtgärd"/><SP WIDTH="16" VPOS="373" HPOS="671"/>
							<String ID="string_53" HPOS="687" VPOS="374" WIDTH="7" HEIGHT="21" WC="0.96" CONTENT="i"/><SP WIDTH="16" VPOS="374" HPOS="694"/>
							<String ID="string_54" HPOS="710" VPOS="373" WIDTH="74" HEIGHT="26" WC="0.95" CONTENT="saken,"/><SP WIDTH="16" VPOS="373" HPOS="784"/>
							<String ID="string_55" HPOS="800" VPOS="373" WIDTH="132" HEIGHT="22" WC="0.94" CONTENT="motiverade"/><SP WIDTH="9" VPOS="373" HPOS="932"/>
							<String ID="string_56" HPOS="941" VPOS="374" WIDTH="32" HEIGHT="21" WC="0.96" CONTENT="sin"/>
						</TextLine>
						<TextLine ID="line_7" HPOS="212" VPOS="407" WIDTH="760" HEIGHT="28">
							<String ID="string_57" HPOS="212" VPOS="407" WIDTH="141" HEIGHT="28" WC="0.96" CONTENT="ståndpunkt,"/><SP WIDTH="17" VPOS="407" HPOS="353"/>
							<String ID="string_58" HPOS="370" VPOS="407" WIDTH="67" HEIGHT="28" WC="0.96" CONTENT="enligt"/><SP WIDTH="16" VPOS="407" HPOS="437"/>
							<String ID="string_59" HPOS="453" VPOS="407" WIDTH="57" HEIGHT="22" WC="0.96" CONTENT="hvad"/><SP WIDTH="16" VPOS="407" HPOS="510"/>
							<String ID="string_60" HPOS="526" VPOS="407" WIDTH="130" HEIGHT="22" WC="0.96" CONTENT="hithörande"/><SP WIDTH="16" VPOS="407" HPOS="656"/>
							<String ID="string_61" HPOS="672" VPOS="408" WIDTH="131" HEIGHT="27" WC="0.96" CONTENT="handlingar"/><SP WIDTH="15" VPOS="408" HPOS="803"/>
							<String ID="string_62" HPOS="818" VPOS="407" WIDTH="78" HEIGHT="26" WC="0.96" CONTENT="utvisa,"/><SP WIDTH="16" VPOS="407" HPOS="896"/>
							<String ID="string_63" HPOS="912" VPOS="407" WIDTH="27" HEIGHT="22" WC="0.92" CONTENT="bl."/><SP WIDTH="14" VPOS="407" HPOS="939"/>
							<String ID="string_64" HPOS="953" VPOS="415" WIDTH="19" HEIGHT="14" WC="0.95" CONTENT="a."/>
						</TextLine>
						<TextLine ID="line_8" HPOS="213" VPOS="442" WIDTH="761" HEIGHT="30">
							<String ID="string_65" HPOS="213" VPOS="442" WIDTH="95" HEIGHT="30" WC="0.95" CONTENT="därmed,"/><SP WIDTH="16" VPOS="442" HPOS="308"/>
							<String ID="string_66" HPOS="324" VPOS="444" WIDTH="35" HEIGHT="19" WC="0.96" CONTENT="att"/><SP WIDTH="13" VPOS="444" HPOS="359"/>
							<String ID="string_67" HPOS="372" VPOS="443" WIDTH="37" HEIGHT="20" WC="0.96" CONTENT="det"/><SP WIDTH="16" VPOS="443" HPOS="409"/>
							<String ID="string_68" HPOS="425" VPOS="442" WIDTH="47" HEIGHT="21" WC="0.96" CONTENT="icke"/><SP WIDTH="19" VPOS="442" HPOS="472"/>
							<String ID="string_69" HPOS="491" VPOS="442" WIDTH="38" HEIGHT="21" WC="0.96" CONTENT="bör"/><SP WIDTH="16" VPOS="442" HPOS="529"/>
							<String ID="string_70" HPOS="545" VPOS="443" WIDTH="7" HEIGHT="20" WC="0.96" CONTENT="i"/><SP WIDTH="15" VPOS="443" HPOS="552"/>
							<String ID="string_71" HPOS="567" VPOS="443" WIDTH="85" HEIGHT="27" WC="0.96" CONTENT="princip"/><SP WIDTH="20" VPOS="443" HPOS="652"/>
							<String ID="string_72" HPOS="672" VPOS="443" WIDTH="114" HEIGHT="25" WC="0.96" CONTENT="erkännas,"/><SP WIDTH="17" VPOS="443" HPOS="786"/>
							<String ID="string_73" HPOS="803" VPOS="445" WIDTH="32" HEIGHT="18" WC="0.96" CONTENT="att"/><SP WIDTH="15" VPOS="445" HPOS="835"/>
							<String ID="string_74" HPOS="850" VPOS="442" WIDTH="30" HEIGHT="21" WC="0.93" CONTENT="all"/><SP WIDTH="16" VPOS="442" HPOS="880"/>
							<String ID="string_75" HPOS="896" VPOS="443" WIDTH="78" HEIGHT="21" WC="0.92" CONTENT="under-"/>
						</TextLine>
						<TextLine ID="line_9" HPOS="212" VPOS="477" WIDTH="760" HEIGHT="28">
							<String ID="string_76" HPOS="212" VPOS="477" WIDTH="85" HEIGHT="26" WC="0.96" CONTENT="visning"/><SP WIDTH="15" VPOS="477" HPOS="297"/>
							<String ID="string_77" HPOS="312" VPOS="477" WIDTH="8" HEIGHT="20" WC="0.96" CONTENT="i"/><SP WIDTH="15" VPOS="477" HPOS="320"/>
							<String ID="string_78" HPOS="335" VPOS="477" WIDTH="115" HEIGHT="21" WC="0.95" CONTENT="samhället"/><SP WIDTH="16" VPOS="477" HPOS="450"/>
							<String ID="string_79" HPOS="466" VPOS="484" WIDTH="49" HEIGHT="14" WC="0.96" CONTENT="vore"/><SP WIDTH="16" VPOS="484" HPOS="515"/>
							<String ID="string_80" HPOS="531" VPOS="479" WIDTH="32" HEIGHT="19" WC="0.96" CONTENT="ett"/><SP WIDTH="16" VPOS="479" HPOS="563"/>
							<String ID="string_81" HPOS="579" VPOS="479" WIDTH="82" HEIGHT="20" WC="0.93" CONTENT="statens"/><SP WIDTH="17" VPOS="479" HPOS="661"/>
							<String ID="string_82" HPOS="678" VPOS="477" WIDTH="116" HEIGHT="28" WC="0.91" CONTENT="åliggande"/><SP WIDTH="16" VPOS="477" HPOS="794"/>
							<String ID="string_83" HPOS="810" VPOS="480" WIDTH="56" HEIGHT="18" WC="0.96" CONTENT="samt"/><SP WIDTH="15" VPOS="480" HPOS="866"/>
							<String ID="string_84" HPOS="881" VPOS="479" WIDTH="32" HEIGHT="19" WC="0.92" CONTENT="att"/><SP WIDTH="11" VPOS="479" HPOS="913"/>
							<String ID="string_85" HPOS="924" VPOS="477" WIDTH="48" HEIGHT="28" WC="0.92" CONTENT="följ-"/>
						</TextLine>
						<TextLine ID="line_10" HPOS="212" VPOS="511" WIDTH="760" HEIGHT="28">
							<String ID="string_86" HPOS="212" VPOS="511" WIDTH="96" HEIGHT="27" WC="0.91" CONTENT="aktligen"/><SP WIDTH="24" VPOS="511" HPOS="308"/>
							<String ID="string_87" HPOS="332" VPOS="512" WIDTH="26" HEIGHT="20" WC="0.96" CONTENT="de"/><SP WIDTH="22" VPOS="512" HPOS="358"/>
							<String ID="string_88" HPOS="380" VPOS="518" WIDTH="78" HEIGHT="20" WC="0.89" CONTENT="genom"/><SP WIDTH="20" VPOS="518" HPOS="458"/>
							<String ID="string_89" HPOS="478" VPOS="511" WIDTH="94" HEIGHT="22" WC="0.89" CONTENT="enskildt"/><SP WIDTH="15" VPOS="511" HPOS="572"/>
							<String ID="string_90" HPOS="587" VPOS="512" WIDTH="95" HEIGHT="21" WC="0.96" CONTENT="initiativ"/><SP WIDTH="16" VPOS="512" HPOS="682"/>
							<String ID="string_91" HPOS="698" VPOS="512" WIDTH="131" HEIGHT="27" WC="0.96" CONTENT="upprättade"/><SP WIDTH="16" VPOS="512" HPOS="829"/>
							<String ID="string_92" HPOS="845" VPOS="511" WIDTH="127" HEIGHT="22" WC="0.96" CONTENT="läroverken"/>
						</TextLine>
						<TextLine ID="line_11" HPOS="212" VPOS="545" WIDTH="763" HEIGHT="29">
							<String ID="string_93" HPOS="212" VPOS="552" WIDTH="50" HEIGHT="14" WC="0.96" CONTENT="vore"/><SP WIDTH="16" VPOS="552" HPOS="262"/>
							<String ID="string_94" HPOS="278" VPOS="547" WIDTH="32" HEIGHT="19" WC="0.96" CONTENT="att"/><SP WIDTH="16" VPOS="547" HPOS="310"/>
							<String ID="string_95" HPOS="326" VPOS="545" WIDTH="112" HEIGHT="22" WC="0.96" CONTENT="betraktas"/><SP WIDTH="16" VPOS="545" HPOS="438"/>
							<String ID="string_96" HPOS="454" VPOS="553" WIDTH="44" HEIGHT="13" WC="0.96" CONTENT="som"/><SP WIDTH="18" VPOS="553" HPOS="498"/>
							<String ID="string_97" HPOS="516" VPOS="554" WIDTH="26" HEIGHT="13" WC="0.93" CONTENT="en"/><SP WIDTH="16" VPOS="554" HPOS="542"/>
							<String ID="string_98" HPOS="558" VPOS="546" WIDTH="82" HEIGHT="28" WC="0.93" CONTENT="fyllnad"/><SP WIDTH="16" VPOS="546" HPOS="640"/>
							<String ID="string_99" HPOS="656" VPOS="547" WIDTH="33" HEIGHT="20" WC="0.96" CONTENT="till"/><SP WIDTH="17" VPOS="547" HPOS="689"/>
							<String ID="string_100" HPOS="706" VPOS="547" WIDTH="37" HEIGHT="20" WC="0.96" CONTENT="det"/><SP WIDTH="11" VPOS="547" HPOS="743"/>
							<String ID="string_101" HPOS="754" VPOS="546" WIDTH="110" HEIGHT="21" WC="0.95" CONTENT="bristande"/><SP WIDTH="11" VPOS="546" HPOS="864"/>
							<String ID="string_102" HPOS="875" VPOS="547" WIDTH="7" HEIGHT="20" WC="0.94" CONTENT="i"/><SP WIDTH="8" VPOS="547" HPOS="882"/>
							<String ID="string_103" HPOS="890" VPOS="548" WIDTH="85" HEIGHT="19" WC="0.94" CONTENT="statens"/>
						</TextLine>
						<TextLine ID="line_12" HPOS="212" VPOS="580" WIDTH="763" HEIGHT="26">
							<String ID="string_104" HPOS="212" VPOS="580" WIDTH="271" HEIGHT="26" WC="0.92" CONTENT="undervisningsväsende;"/><SP WIDTH="25" VPOS="580" HPOS="483"/>
							<String ID="string_105" HPOS="508" VPOS="581" WIDTH="36" HEIGHT="21" WC="0.93" CONTENT="det"/><SP WIDTH="22" VPOS="581" HPOS="544"/>
							<String ID="string_106" HPOS="566" VPOS="588" WIDTH="50" HEIGHT="14" WC="0.92" CONTENT="vore"/><SP WIDTH="24" VPOS="588" HPOS="616"/>
							<String ID="string_107" HPOS="640" VPOS="580" WIDTH="74" HEIGHT="22" WC="0.96" CONTENT="därför"/><SP WIDTH="22" VPOS="580" HPOS="714"/>
							<String ID="string_108" HPOS="736" VPOS="588" WIDTH="27" HEIGHT="14" WC="0.96" CONTENT="en"/><SP WIDTH="19" VPOS="588" HPOS="763"/>
							<String ID="string_109" HPOS="782" VPOS="580" WIDTH="7" HEIGHT="21" WC="0.96" CONTENT="i"/><SP WIDTH="17" VPOS="580" HPOS="789"/>
							<String ID="string_110" HPOS="806" VPOS="581" WIDTH="68" HEIGHT="20" WC="0.96" CONTENT="andra"/><SP WIDTH="22" VPOS="581" HPOS="874"/>
							<String ID="string_111" HPOS="896" VPOS="580" WIDTH="79" HEIGHT="22" WC="0.96" CONTENT="länder"/>
						</TextLine>
						<TextLine ID="line_13" HPOS="212" VPOS="614" WIDTH="761" HEIGHT="29">
							<String ID="string_112" HPOS="212" VPOS="614" WIDTH="73" HEIGHT="21" WC="0.93" CONTENT="okänd"/><SP WIDTH="16" VPOS="614" HPOS="285"/>
							<String ID="string_113" HPOS="301" VPOS="614" WIDTH="138" HEIGHT="28" WC="0.92" CONTENT="frikostighet"/><SP WIDTH="16" VPOS="614" HPOS="439"/>
							<String ID="string_114" HPOS="455" VPOS="617" WIDTH="32" HEIGHT="19" WC="0.96" CONTENT="att"/><SP WIDTH="16" VPOS="617" HPOS="487"/>
							<String ID="string_115" HPOS="503" VPOS="617" WIDTH="71" HEIGHT="19" WC="0.93" CONTENT="staten"/><SP WIDTH="16" VPOS="617" HPOS="574"/>
							<String ID="string_116" HPOS="590" VPOS="616" WIDTH="96" HEIGHT="21" WC="0.96" CONTENT="samlade"/><SP WIDTH="17" VPOS="616" HPOS="686"/>
							<String ID="string_117" HPOS="703" VPOS="616" WIDTH="28" HEIGHT="27" WC="0.96" CONTENT="pä"/><SP WIDTH="16" VPOS="616" HPOS="731"/>
							<String ID="string_118" HPOS="747" VPOS="616" WIDTH="31" HEIGHT="26" WC="0.96" CONTENT="sig"/><SP WIDTH="18" VPOS="616" HPOS="778"/>
							<String ID="string_119" HPOS="796" VPOS="617" WIDTH="30" HEIGHT="19" WC="0.96" CONTENT="ett"/><SP WIDTH="16" VPOS="617" HPOS="826"/>
							<String ID="string_120" HPOS="842" VPOS="615" WIDTH="59" HEIGHT="21" WC="0.93" CONTENT="antal"/><SP WIDTH="17" VPOS="615" HPOS="901"/>
							<String ID="string_121" HPOS="918" VPOS="622" WIDTH="55" HEIGHT="21" WC="0.90" CONTENT="pen-"/>
						</TextLine>
						<TextLine ID="line_14" HPOS="212" VPOS="648" WIDTH="142" HEIGHT="22">
							<String ID="string_122" HPOS="212" VPOS="648" WIDTH="142" HEIGHT="22" WC="0.90" CONTENT="sionssökare."/>
						</TextLine>
					</TextBlock>
					<TextBlock ID="block_2" HPOS="206" VPOS="683" WIDTH="767" HEIGHT="644">
						<TextLine ID="line_15" HPOS="281" VPOS="683" WIDTH="692" HEIGHT="29">
							<String ID="string_123" HPOS="281" VPOS="683" WIDTH="151" HEIGHT="22" WC="0.92" CONTENT="Förenämnda"/><SP WIDTH="19" VPOS="683" HPOS="432"/>
							<String ID="string_124" HPOS="451" VPOS="684" WIDTH="80" HEIGHT="28" WC="0.96" CONTENT="förslag"/><SP WIDTH="17" VPOS="684" HPOS="531"/>
							<String ID="string_125" HPOS="548" VPOS="685" WIDTH="76" HEIGHT="21" WC="0.93" CONTENT="trädde"/><SP WIDTH="15" VPOS="685" HPOS="624"/>
							<String ID="string_126" HPOS="639" VPOS="685" WIDTH="121" HEIGHT="21" WC="0.92" CONTENT="emellertid"/><SP WIDTH="15" VPOS="685" HPOS="760"/>
							<String ID="string_127" HPOS="775" VPOS="684" WIDTH="6" HEIGHT="21" WC="0.96" CONTENT="i"/><SP WIDTH="16" VPOS="684" HPOS="781"/>
							<String ID="string_128" HPOS="797" VPOS="684" WIDTH="101" HEIGHT="27" WC="0.96" CONTENT="gällande"/><SP WIDTH="16" VPOS="684" HPOS="898"/>
							<String ID="string_129" HPOS="914" VPOS="684" WIDTH="59" HEIGHT="22" WC="0.96" CONTENT="kraft"/>
						</TextLine>
						<TextLine ID="line_16" HPOS="211" VPOS="718" WIDTH="759" HEIGHT="28">
							<String ID="string_130" HPOS="211" VPOS="724" WIDTH="77" HEIGHT="20" WC="0.93" CONTENT="genom"/><SP WIDTH="17" VPOS="724" HPOS="288"/>
							<String ID="string_131" HPOS="305" VPOS="718" WIDTH="79" HEIGHT="28" WC="0.91" CONTENT="nädiga"/><SP WIDTH="16" VPOS="718" HPOS="384"/>
							<String ID="string_132" HPOS="400" VPOS="718" WIDTH="148" HEIGHT="28" WC="0.92" CONTENT="Kungörelsen"/><SP WIDTH="17" VPOS="718" HPOS="548"/>
							<String ID="string_133" HPOS="565" VPOS="719" WIDTH="24" HEIGHT="21" WC="0.96" CONTENT="af"/><SP WIDTH="14" VPOS="719" HPOS="589"/>
							<String ID="string_134" HPOS="603" VPOS="720" WIDTH="40" HEIGHT="20" WC="0.96" CONTENT="den"/><SP WIDTH="13" VPOS="720" HPOS="643"/>
							<String ID="string_135" HPOS="656" VPOS="721" WIDTH="11" HEIGHT="20" WC="0.96" CONTENT="7"/><SP WIDTH="13" VPOS="721" HPOS="667"/>
							<String ID="string_136" HPOS="680" VPOS="719" WIDTH="42" HEIGHT="27" WC="0.96" CONTENT="Maj"/><SP WIDTH="15" VPOS="719" HPOS="722"/>
							<String ID="string_137" HPOS="737" VPOS="719" WIDTH="60" HEIGHT="22" WC="0.94" CONTENT="1888."/><SP WIDTH="30" VPOS="719" HPOS="797"/>
							<String ID="string_138" HPOS="827" VPOS="718" WIDTH="83" HEIGHT="22" WC="0.95" CONTENT="Jämför"/><SP WIDTH="10" VPOS="718" HPOS="910"/>
							<String ID="string_139" HPOS="920" VPOS="726" WIDTH="50" HEIGHT="14" WC="0.96" CONTENT="man"/>
						</TextLine>
						<TextLine ID="line_17" HPOS="212" VPOS="752" WIDTH="760" HEIGHT="29">
							<String ID="string_140" HPOS="212" VPOS="753" WIDTH="71" HEIGHT="21" WC="0.92" CONTENT="denna"/><SP WIDTH="23" VPOS="753" HPOS="283"/>
							<String ID="string_141" HPOS="306" VPOS="752" WIDTH="129" HEIGHT="28" WC="0.90" CONTENT="kungörelse"/><SP WIDTH="24" VPOS="752" HPOS="435"/>
							<String ID="string_142" HPOS="459" VPOS="754" WIDTH="48" HEIGHT="20" WC="0.93" CONTENT="med"/><SP WIDTH="24" VPOS="754" HPOS="507"/>
							<String ID="string_143" HPOS="531" VPOS="754" WIDTH="217" HEIGHT="27" WC="0.92" CONTENT="ständerpetitionen,"/><SP WIDTH="21" VPOS="754" HPOS="748"/>
							<String ID="string_144" HPOS="769" VPOS="754" WIDTH="25" HEIGHT="20" WC="0.96" CONTENT="är"/><SP WIDTH="15" VPOS="754" HPOS="794"/>
							<String ID="string_145" HPOS="809" VPOS="753" WIDTH="40" HEIGHT="21" WC="0.96" CONTENT="lätt"/><SP WIDTH="16" VPOS="753" HPOS="849"/>
							<String ID="string_146" HPOS="865" VPOS="756" WIDTH="32" HEIGHT="18" WC="0.96" CONTENT="att"/><SP WIDTH="15" VPOS="756" HPOS="897"/>
							<String ID="string_147" HPOS="912" VPOS="754" WIDTH="60" HEIGHT="21" WC="0.96" CONTENT="finna"/>
						</TextLine>
						<TextLine ID="line_18" HPOS="210" VPOS="786" WIDTH="761" HEIGHT="29">
							<String ID="string_148" HPOS="210" VPOS="786" WIDTH="75" HEIGHT="22" WC="0.93" CONTENT="hvilka"/><SP WIDTH="23" VPOS="786" HPOS="285"/>
							<String ID="string_149" HPOS="308" VPOS="787" WIDTH="81" HEIGHT="27" WC="0.90" CONTENT="vigtiga"/><SP WIDTH="23" VPOS="787" HPOS="389"/>
							<String ID="string_150" HPOS="412" VPOS="788" WIDTH="162" HEIGHT="27" WC="0.96" CONTENT="bestämningar"/><SP WIDTH="19" VPOS="788" HPOS="574"/>
							<String ID="string_151" HPOS="593" VPOS="789" WIDTH="6" HEIGHT="20" WC="0.93" CONTENT="i"/><SP WIDTH="16" VPOS="789" HPOS="599"/>
							<String ID="string_152" HPOS="615" VPOS="788" WIDTH="110" HEIGHT="22" WC="0.96" CONTENT="restriktiv"/><SP WIDTH="23" VPOS="788" HPOS="725"/>
							<String ID="string_153" HPOS="748" VPOS="788" WIDTH="98" HEIGHT="26" WC="0.93" CONTENT="riktning"/><SP WIDTH="22" VPOS="788" HPOS="846"/>
							<String ID="string_154" HPOS="868" VPOS="788" WIDTH="103" HEIGHT="21" WC="0.86" CONTENT="influtit"/><SP WIDTH="-9" VPOS="788" HPOS="971"/>
							<String ID="string_155" HPOS="962" VPOS="782" WIDTH="14" HEIGHT="38" WC="0.95" CONTENT="i"/>
						</TextLine>
						<TextLine ID="line_19" HPOS="211" VPOS="821" WIDTH="761" HEIGHT="28">
							<String ID="string_156" HPOS="211" VPOS="821" WIDTH="163" HEIGHT="28" WC="0.87" CONTENT="författningen."/><SP WIDTH="31" VPOS="821" HPOS="374"/>
							<String ID="string_157" HPOS="405" VPOS="822" WIDTH="46" HEIGHT="21" WC="0.96" CONTENT="Den"/><SP WIDTH="20" VPOS="822" HPOS="451"/>
							<String ID="string_158" HPOS="471" VPOS="822" WIDTH="40" HEIGHT="21" WC="0.96" CONTENT="har"/><SP WIDTH="16" VPOS="822" HPOS="511"/>
							<String ID="string_159" HPOS="527" VPOS="822" WIDTH="73" HEIGHT="22" WC="0.93" CONTENT="därför"/><SP WIDTH="14" VPOS="822" HPOS="600"/>
							<String ID="string_160" HPOS="614" VPOS="823" WIDTH="48" HEIGHT="21" WC="0.92" CONTENT="icke"/><SP WIDTH="15" VPOS="823" HPOS="662"/>
							<String ID="string_161" HPOS="677" VPOS="822" WIDTH="70" HEIGHT="22" WC="0.96" CONTENT="heller"/><SP WIDTH="16" VPOS="822" HPOS="747"/>
							<String ID="string_162" HPOS="763" VPOS="823" WIDTH="85" HEIGHT="20" WC="0.96" CONTENT="kunnat"/><SP WIDTH="15" VPOS="823" HPOS="848"/>
							<String ID="string_163" HPOS="863" VPOS="824" WIDTH="109" HEIGHT="20" WC="0.96" CONTENT="motsvara"/>
						</TextLine>
						<TextLine ID="line_20" HPOS="211" VPOS="856" WIDTH="761" HEIGHT="28">
							<String ID="string_164" HPOS="211" VPOS="856" WIDTH="62" HEIGHT="21" WC="0.95" CONTENT="deras"/><SP WIDTH="23" VPOS="856" HPOS="273"/>
							<String ID="string_165" HPOS="296" VPOS="856" WIDTH="74" HEIGHT="27" WC="0.93" CONTENT="billiga"/><SP WIDTH="21" VPOS="856" HPOS="370"/>
							<String ID="string_166" HPOS="391" VPOS="856" WIDTH="170" HEIGHT="28" WC="0.92" CONTENT="förväntningar,"/><SP WIDTH="23" VPOS="856" HPOS="561"/>
							<String ID="string_167" HPOS="584" VPOS="857" WIDTH="85" HEIGHT="21" WC="0.90" CONTENT="hvilkas"/><SP WIDTH="22" VPOS="857" HPOS="669"/>
							<String ID="string_168" HPOS="691" VPOS="857" WIDTH="108" HEIGHT="21" WC="0.92" CONTENT="intressen"/><SP WIDTH="21" VPOS="857" HPOS="799"/>
							<String ID="string_169" HPOS="820" VPOS="857" WIDTH="39" HEIGHT="20" WC="0.96" CONTENT="där"/><SP WIDTH="15" VPOS="857" HPOS="859"/>
							<String ID="string_170" HPOS="874" VPOS="858" WIDTH="98" HEIGHT="20" WC="0.96" CONTENT="närmast"/>
						</TextLine>
						<TextLine ID="line_21" HPOS="210" VPOS="890" WIDTH="762" HEIGHT="29">
							<String ID="string_171" HPOS="210" VPOS="892" WIDTH="38" HEIGHT="21" WC="0.95" CONTENT="äro"/><SP WIDTH="24" VPOS="892" HPOS="248"/>
							<String ID="string_172" HPOS="272" VPOS="891" WIDTH="98" HEIGHT="26" WC="0.93" CONTENT="berörda,"/><SP WIDTH="24" VPOS="891" HPOS="370"/>
							<String ID="string_173" HPOS="394" VPOS="891" WIDTH="127" HEIGHT="27" WC="0.96" CONTENT="hvarjämte,"/><SP WIDTH="23" VPOS="891" HPOS="521"/>
							<String ID="string_174" HPOS="544" VPOS="891" WIDTH="67" HEIGHT="28" WC="0.93" CONTENT="enligt"/><SP WIDTH="23" VPOS="891" HPOS="611"/>
							<String ID="string_175" HPOS="634" VPOS="892" WIDTH="57" HEIGHT="21" WC="0.96" CONTENT="hvad"/><SP WIDTH="20" VPOS="892" HPOS="691"/>
							<String ID="string_176" HPOS="711" VPOS="892" WIDTH="106" HEIGHT="21" WC="0.96" CONTENT="utskottet"/><SP WIDTH="15" VPOS="892" HPOS="817"/>
							<String ID="string_177" HPOS="832" VPOS="890" WIDTH="40" HEIGHT="22" WC="0.96" CONTENT="har"/><SP WIDTH="15" VPOS="890" HPOS="872"/>
							<String ID="string_178" HPOS="887" VPOS="891" WIDTH="32" HEIGHT="27" WC="0.93" CONTENT="sig"/><SP WIDTH="16" VPOS="891" HPOS="919"/>
							<String ID="string_179" HPOS="935" VPOS="891" WIDTH="37" HEIGHT="21" WC="0.87" CONTENT="be-"/>
						</TextLine>
						<TextLine ID="line_22" HPOS="210" VPOS="925" WIDTH="761" HEIGHT="29">
							<String ID="string_180" HPOS="210" VPOS="926" WIDTH="60" HEIGHT="27" WC="0.93" CONTENT="kant,"/><SP WIDTH="24" VPOS="926" HPOS="270"/>
							<String ID="string_181" HPOS="294" VPOS="926" WIDTH="153" HEIGHT="26" WC="0.92" CONTENT="mängahanda"/><SP WIDTH="23" VPOS="926" HPOS="447"/>
							<String ID="string_182" HPOS="470" VPOS="926" WIDTH="133" HEIGHT="27" WC="0.92" CONTENT="svärigheter"/><SP WIDTH="23" VPOS="926" HPOS="603"/>
							<String ID="string_183" HPOS="626" VPOS="927" WIDTH="100" HEIGHT="27" WC="0.91" CONTENT="uppstätt"/><SP WIDTH="24" VPOS="927" HPOS="726"/>
							<String ID="string_184" HPOS="750" VPOS="926" WIDTH="35" HEIGHT="21" WC="0.96" CONTENT="vid"/><SP WIDTH="17" VPOS="926" HPOS="785"/>
							<String ID="string_185" HPOS="802" VPOS="926" WIDTH="40" HEIGHT="20" WC="0.96" CONTENT="den"/><SP WIDTH="17" VPOS="926" HPOS="842"/>
							<String ID="string_186" HPOS="859" VPOS="925" WIDTH="112" HEIGHT="27" WC="0.96" CONTENT="praktiska"/>
						</TextLine>
						<TextLine ID="line_23" HPOS="210" VPOS="959" WIDTH="762" HEIGHT="29">
							<String ID="string_187" HPOS="210" VPOS="960" WIDTH="166" HEIGHT="28" WC="0.96" CONTENT="tillämpningen"/><SP WIDTH="16" VPOS="960" HPOS="376"/>
							<String ID="string_188" HPOS="392" VPOS="960" WIDTH="25" HEIGHT="21" WC="0.96" CONTENT="af"/><SP WIDTH="12" VPOS="960" HPOS="417"/>
							<String ID="string_189" HPOS="429" VPOS="961" WIDTH="60" HEIGHT="20" WC="0.93" CONTENT="detta"/><SP WIDTH="10" VPOS="961" HPOS="489"/>
							<String ID="string_190" HPOS="499" VPOS="960" WIDTH="163" HEIGHT="27" WC="0.82" CONTENT="lagstadgande."/><SP WIDTH="30" VPOS="960" HPOS="662"/>
							<String ID="string_191" HPOS="692" VPOS="960" WIDTH="41" HEIGHT="22" WC="0.93" CONTENT="Vid"/><SP WIDTH="12" VPOS="960" HPOS="733"/>
							<String ID="string_192" HPOS="745" VPOS="960" WIDTH="78" HEIGHT="21" WC="0.96" CONTENT="sådant"/><SP WIDTH="11" VPOS="960" HPOS="823"/>
							<String ID="string_193" HPOS="834" VPOS="959" WIDTH="138" HEIGHT="22" WC="0.96" CONTENT="förhållande"/>
						</TextLine>
						<TextLine ID="line_24" HPOS="208" VPOS="993" WIDTH="763" HEIGHT="29">
							<String ID="string_194" HPOS="208" VPOS="996" WIDTH="41" HEIGHT="20" WC="0.96" CONTENT="bör"/><SP WIDTH="23" VPOS="996" HPOS="249"/>
							<String ID="string_195" HPOS="272" VPOS="996" WIDTH="36" HEIGHT="20" WC="0.93" CONTENT="det"/><SP WIDTH="20" VPOS="996" HPOS="308"/>
							<String ID="string_196" HPOS="328" VPOS="994" WIDTH="48" HEIGHT="22" WC="0.91" CONTENT="icke"/><SP WIDTH="16" VPOS="994" HPOS="376"/>
							<String ID="string_197" HPOS="392" VPOS="1002" WIDTH="52" HEIGHT="14" WC="0.93" CONTENT="vara"/><SP WIDTH="16" VPOS="1002" HPOS="444"/>
							<String ID="string_198" HPOS="460" VPOS="994" WIDTH="167" HEIGHT="22" WC="0.92" CONTENT="öfverraskande"/><SP WIDTH="16" VPOS="994" HPOS="627"/>
							<String ID="string_199" HPOS="643" VPOS="997" WIDTH="35" HEIGHT="19" WC="0.97" CONTENT="att"/><SP WIDTH="16" VPOS="997" HPOS="678"/>
							<String ID="string_200" HPOS="694" VPOS="997" WIDTH="31" HEIGHT="19" WC="0.93" CONTENT="ett"/><SP WIDTH="15" VPOS="997" HPOS="725"/>
							<String ID="string_201" HPOS="740" VPOS="993" WIDTH="186" HEIGHT="29" WC="0.92" CONTENT="petitionsförslag"/><SP WIDTH="16" VPOS="993" HPOS="926"/>
							<String ID="string_202" HPOS="942" VPOS="1001" WIDTH="29" HEIGHT="13" WC="0.96" CONTENT="nu"/>
						</TextLine>
						<TextLine ID="line_25" HPOS="209" VPOS="1028" WIDTH="762" HEIGHT="29">
							<String ID="string_203" HPOS="209" VPOS="1030" WIDTH="117" HEIGHT="21" WC="0.92" CONTENT="inlemnats"/><SP WIDTH="16" VPOS="1030" HPOS="326"/>
							<String ID="string_204" HPOS="342" VPOS="1030" WIDTH="48" HEIGHT="20" WC="0.96" CONTENT="med"/><SP WIDTH="16" VPOS="1030" HPOS="390"/>
							<String ID="string_205" HPOS="406" VPOS="1029" WIDTH="55" HEIGHT="28" WC="0.96" CONTENT="syfte"/><SP WIDTH="16" VPOS="1029" HPOS="461"/>
							<String ID="string_206" HPOS="477" VPOS="1031" WIDTH="32" HEIGHT="19" WC="0.93" CONTENT="att"/><SP WIDTH="15" VPOS="1031" HPOS="509"/>
							<String ID="string_207" HPOS="524" VPOS="1030" WIDTH="137" HEIGHT="27" WC="0.92" CONTENT="undanrödja"/><SP WIDTH="16" VPOS="1030" HPOS="661"/>
							<String ID="string_208" HPOS="677" VPOS="1030" WIDTH="26" HEIGHT="20" WC="0.93" CONTENT="de"/><SP WIDTH="16" VPOS="1030" HPOS="703"/>
							<String ID="string_209" HPOS="719" VPOS="1028" WIDTH="149" HEIGHT="22" WC="0.92" CONTENT="kännbaraste"/><SP WIDTH="16" VPOS="1028" HPOS="868"/>
							<String ID="string_210" HPOS="884" VPOS="1028" WIDTH="87" HEIGHT="27" WC="0.92" CONTENT="olägen-"/>
						</TextLine>
						<TextLine ID="line_26" HPOS="209" VPOS="1062" WIDTH="761" HEIGHT="28">
							<String ID="string_211" HPOS="209" VPOS="1064" WIDTH="68" HEIGHT="26" WC="0.96" CONTENT="heter,"/><SP WIDTH="17" VPOS="1064" HPOS="277"/>
							<String ID="string_212" HPOS="294" VPOS="1071" WIDTH="45" HEIGHT="14" WC="0.93" CONTENT="som"/><SP WIDTH="16" VPOS="1071" HPOS="339"/>
							<String ID="string_213" HPOS="355" VPOS="1064" WIDTH="90" HEIGHT="20" WC="0.91" CONTENT="härröra"/><SP WIDTH="16" VPOS="1064" HPOS="445"/>
							<String ID="string_214" HPOS="461" VPOS="1063" WIDTH="24" HEIGHT="21" WC="0.93" CONTENT="af"/><SP WIDTH="13" VPOS="1063" HPOS="485"/>
							<String ID="string_215" HPOS="498" VPOS="1063" WIDTH="165" HEIGHT="27" WC="0.92" CONTENT="ifrägavarande"/><SP WIDTH="17" VPOS="1063" HPOS="663"/>
							<String ID="string_216" HPOS="680" VPOS="1063" WIDTH="130" HEIGHT="27" WC="0.92" CONTENT="kungörelse"/><SP WIDTH="16" VPOS="1063" HPOS="810"/>
							<String ID="string_217" HPOS="826" VPOS="1062" WIDTH="46" HEIGHT="26" WC="0.96" CONTENT="och,"/><SP WIDTH="19" VPOS="1062" HPOS="872"/>
							<String ID="string_218" HPOS="891" VPOS="1062" WIDTH="36" HEIGHT="22" WC="0.96" CONTENT="vid"/><SP WIDTH="17" VPOS="1062" HPOS="927"/>
							<String ID="string_219" HPOS="944" VPOS="1069" WIDTH="26" HEIGHT="15" WC="0.96" CONTENT="en"/>
						</TextLine>
						<TextLine ID="line_27" HPOS="209" VPOS="1096" WIDTH="762" HEIGHT="29">
							<String ID="string_220" HPOS="209" VPOS="1099" WIDTH="113" HEIGHT="26" WC="0.91" CONTENT="strängare"/><SP WIDTH="20" VPOS="1099" HPOS="322"/>
							<String ID="string_221" HPOS="342" VPOS="1098" WIDTH="107" HEIGHT="27" WC="0.92" CONTENT="tolkning,"/><SP WIDTH="20" VPOS="1098" HPOS="449"/>
							<String ID="string_222" HPOS="469" VPOS="1098" WIDTH="52" HEIGHT="27" WC="0.96" CONTENT="göra"/><SP WIDTH="16" VPOS="1098" HPOS="521"/>
							<String ID="string_223" HPOS="537" VPOS="1099" WIDTH="40" HEIGHT="20" WC="0.96" CONTENT="den"/><SP WIDTH="17" VPOS="1099" HPOS="577"/>
							<String ID="string_224" HPOS="594" VPOS="1098" WIDTH="7" HEIGHT="20" WC="0.93" CONTENT="i"/><SP WIDTH="16" VPOS="1098" HPOS="601"/>
							<String ID="string_225" HPOS="617" VPOS="1099" WIDTH="79" HEIGHT="25" WC="0.93" CONTENT="mänga"/><SP WIDTH="16" VPOS="1099" HPOS="696"/>
							<String ID="string_226" HPOS="712" VPOS="1097" WIDTH="38" HEIGHT="22" WC="0.96" CONTENT="fall"/><SP WIDTH="16" VPOS="1097" HPOS="750"/>
							<String ID="string_227" HPOS="766" VPOS="1096" WIDTH="32" HEIGHT="21" WC="0.96" CONTENT="till"/><SP WIDTH="16" VPOS="1096" HPOS="798"/>
							<String ID="string_228" HPOS="814" VPOS="1103" WIDTH="27" HEIGHT="14" WC="0.96" CONTENT="en"/><SP WIDTH="17" VPOS="1103" HPOS="841"/>
							<String ID="string_229" HPOS="858" VPOS="1098" WIDTH="43" HEIGHT="19" WC="0.93" CONTENT="tom"/><SP WIDTH="16" VPOS="1098" HPOS="901"/>
							<String ID="string_230" HPOS="917" VPOS="1096" WIDTH="54" HEIGHT="21" WC="0.92" CONTENT="bok-"/>
						</TextLine>
						<TextLine ID="line_28" HPOS="209" VPOS="1131" WIDTH="761" HEIGHT="28">
							<String ID="string_231" HPOS="209" VPOS="1132" WIDTH="48" HEIGHT="22" WC="0.78" CONTENT="staf."/><SP WIDTH="31" VPOS="1132" HPOS="257"/>
							<String ID="string_232" HPOS="288" VPOS="1133" WIDTH="103" HEIGHT="20" WC="0.96" CONTENT="Tvärtom"/><SP WIDTH="21" VPOS="1133" HPOS="391"/>
							<String ID="string_233" HPOS="412" VPOS="1132" WIDTH="41" HEIGHT="21" WC="0.93" CONTENT="har"/><SP WIDTH="19" VPOS="1132" HPOS="453"/>
							<String ID="string_234" HPOS="472" VPOS="1132" WIDTH="107" HEIGHT="21" WC="0.95" CONTENT="utskottet"/><SP WIDTH="15" VPOS="1132" HPOS="579"/>
							<String ID="string_235" HPOS="594" VPOS="1133" WIDTH="53" HEIGHT="20" WC="0.96" CONTENT="trott"/><SP WIDTH="16" VPOS="1133" HPOS="647"/>
							<String ID="string_236" HPOS="663" VPOS="1132" WIDTH="32" HEIGHT="27" WC="0.93" CONTENT="sig"/><SP WIDTH="15" VPOS="1132" HPOS="695"/>
							<String ID="string_237" HPOS="710" VPOS="1131" WIDTH="54" HEIGHT="22" WC="0.96" CONTENT="böra"/><SP WIDTH="16" VPOS="1131" HPOS="764"/>
							<String ID="string_238" HPOS="780" VPOS="1131" WIDTH="59" HEIGHT="21" WC="0.93" CONTENT="hålla"/><SP WIDTH="16" VPOS="1131" HPOS="839"/>
							<String ID="string_239" HPOS="855" VPOS="1131" WIDTH="115" HEIGHT="27" WC="0.93" CONTENT="petitionä-"/>
						</TextLine>
						<TextLine ID="line_29" HPOS="208" VPOS="1165" WIDTH="760" HEIGHT="28">
							<String ID="string_240" HPOS="208" VPOS="1173" WIDTH="65" HEIGHT="15" WC="0.95" CONTENT="rerna"/><SP WIDTH="23" VPOS="1173" HPOS="273"/>
							<String ID="string_241" HPOS="296" VPOS="1167" WIDTH="93" HEIGHT="26" WC="0.96" CONTENT="räkning"/><SP WIDTH="20" VPOS="1167" HPOS="389"/>
							<String ID="string_242" HPOS="409" VPOS="1166" WIDTH="34" HEIGHT="22" WC="0.96" CONTENT="för"/><SP WIDTH="16" VPOS="1166" HPOS="443"/>
							<String ID="string_243" HPOS="459" VPOS="1167" WIDTH="41" HEIGHT="20" WC="0.93" CONTENT="den"/><SP WIDTH="17" VPOS="1167" HPOS="500"/>
							<String ID="string_244" HPOS="517" VPOS="1166" WIDTH="127" HEIGHT="26" WC="0.91" CONTENT="hofsamhet,"/><SP WIDTH="17" VPOS="1166" HPOS="644"/>
							<String ID="string_245" HPOS="661" VPOS="1173" WIDTH="45" HEIGHT="14" WC="0.96" CONTENT="som"/><SP WIDTH="16" VPOS="1173" HPOS="706"/>
							<String ID="string_246" HPOS="722" VPOS="1165" WIDTH="112" HEIGHT="22" WC="0.96" CONTENT="utmärker"/><SP WIDTH="15" VPOS="1165" HPOS="834"/>
							<String ID="string_247" HPOS="849" VPOS="1166" WIDTH="62" HEIGHT="20" WC="0.93" CONTENT="deras"/><SP WIDTH="16" VPOS="1166" HPOS="911"/>
							<String ID="string_248" HPOS="927" VPOS="1166" WIDTH="41" HEIGHT="20" WC="0.92" CONTENT="för-"/>
						</TextLine>
						<TextLine ID="line_30" HPOS="208" VPOS="1199" WIDTH="764" HEIGHT="30">
							<String ID="string_249" HPOS="208" VPOS="1202" WIDTH="53" HEIGHT="27" WC="0.96" CONTENT="slag,"/><SP WIDTH="17" VPOS="1202" HPOS="261"/>
							<String ID="string_250" HPOS="278" VPOS="1201" WIDTH="82" HEIGHT="22" WC="0.96" CONTENT="hvilket"/><SP WIDTH="16" VPOS="1201" HPOS="360"/>
							<String ID="string_251" HPOS="376" VPOS="1203" WIDTH="61" HEIGHT="26" WC="0.96" CONTENT="synts"/><SP WIDTH="16" VPOS="1203" HPOS="437"/>
							<String ID="string_252" HPOS="453" VPOS="1201" WIDTH="106" HEIGHT="20" WC="0.96" CONTENT="utskottet"/><SP WIDTH="15" VPOS="1201" HPOS="559"/>
							<String ID="string_253" HPOS="574" VPOS="1201" WIDTH="34" HEIGHT="20" WC="0.92" CONTENT="väl"/><SP WIDTH="17" VPOS="1201" HPOS="608"/>
							<String ID="string_254" HPOS="625" VPOS="1200" WIDTH="91" HEIGHT="28" WC="0.92" CONTENT="förtjent"/><SP WIDTH="16" VPOS="1200" HPOS="716"/>
							<String ID="string_255" HPOS="732" VPOS="1202" WIDTH="32" HEIGHT="19" WC="0.96" CONTENT="att"/><SP WIDTH="12" VPOS="1202" HPOS="764"/>
							<String ID="string_256" HPOS="776" VPOS="1199" WIDTH="93" HEIGHT="22" WC="0.96" CONTENT="beaktas"/><SP WIDTH="11" VPOS="1199" HPOS="869"/>
							<String ID="string_257" HPOS="880" VPOS="1199" WIDTH="39" HEIGHT="21" WC="0.93" CONTENT="och"/><SP WIDTH="12" VPOS="1199" HPOS="919"/>
							<String ID="string_258" HPOS="931" VPOS="1207" WIDTH="41" HEIGHT="14" WC="0.91" CONTENT="un-"/>
						</TextLine>
						<TextLine ID="line_31" HPOS="208" VPOS="1233" WIDTH="764" HEIGHT="30">
							<String ID="string_259" HPOS="208" VPOS="1236" WIDTH="120" HEIGHT="25" WC="0.91" CONTENT="derstödas,"/><SP WIDTH="20" VPOS="1236" HPOS="328"/>
							<String ID="string_260" HPOS="348" VPOS="1236" WIDTH="24" HEIGHT="21" WC="0.96" CONTENT="så"/><SP WIDTH="14" VPOS="1236" HPOS="372"/>
							<String ID="string_261" HPOS="386" VPOS="1235" WIDTH="85" HEIGHT="28" WC="0.96" CONTENT="mycket"/><SP WIDTH="16" VPOS="1235" HPOS="471"/>
							<String ID="string_262" HPOS="487" VPOS="1242" WIDTH="45" HEIGHT="15" WC="0.96" CONTENT="mer"/><SP WIDTH="15" VPOS="1242" HPOS="532"/>
							<String ID="string_263" HPOS="547" VPOS="1242" WIDTH="45" HEIGHT="14" WC="0.96" CONTENT="som"/><SP WIDTH="17" VPOS="1242" HPOS="592"/>
							<String ID="string_264" HPOS="609" VPOS="1235" WIDTH="26" HEIGHT="21" WC="0.96" CONTENT="de"/><SP WIDTH="17" VPOS="1235" HPOS="635"/>
							<String ID="string_265" HPOS="652" VPOS="1233" WIDTH="138" HEIGHT="23" WC="0.93" CONTENT="framställda"/><SP WIDTH="17" VPOS="1233" HPOS="790"/>
							<String ID="string_266" HPOS="807" VPOS="1233" WIDTH="165" HEIGHT="28" WC="0.91" CONTENT="önskningsmä-"/>
						</TextLine>
						<TextLine ID="line_32" HPOS="206" VPOS="1267" WIDTH="766" HEIGHT="30">
							<String ID="string_267" HPOS="206" VPOS="1275" WIDTH="36" HEIGHT="22" WC="0.74" CONTENT="jen"/><SP WIDTH="18" VPOS="1275" HPOS="242"/>
							<String ID="string_268" HPOS="260" VPOS="1269" WIDTH="181" HEIGHT="28" WC="0.96" CONTENT="hufvudsakligen"/><SP WIDTH="16" VPOS="1269" HPOS="441"/>
							<String ID="string_269" HPOS="457" VPOS="1270" WIDTH="28" HEIGHT="27" WC="0.96" CONTENT="gå"/><SP WIDTH="14" VPOS="1270" HPOS="485"/>
							<String ID="string_270" HPOS="499" VPOS="1270" WIDTH="7" HEIGHT="20" WC="0.96" CONTENT="i"/><SP WIDTH="17" VPOS="1270" HPOS="506"/>
							<String ID="string_271" HPOS="523" VPOS="1276" WIDTH="81" HEIGHT="15" WC="0.96" CONTENT="samma"/><SP WIDTH="17" VPOS="1276" HPOS="604"/>
							<String ID="string_272" HPOS="621" VPOS="1269" WIDTH="96" HEIGHT="27" WC="0.96" CONTENT="riktning"/><SP WIDTH="17" VPOS="1269" HPOS="717"/>
							<String ID="string_273" HPOS="734" VPOS="1275" WIDTH="44" HEIGHT="15" WC="0.93" CONTENT="som"/><SP WIDTH="18" VPOS="1275" HPOS="778"/>
							<String ID="string_274" HPOS="796" VPOS="1267" WIDTH="176" HEIGHT="28" WC="0.92" CONTENT="ständerpetitio-"/>
						</TextLine>
						<TextLine ID="line_33" HPOS="207" VPOS="1305" WIDTH="163" HEIGHT="22">
							<String ID="string_275" HPOS="207" VPOS="1312" WIDTH="42" HEIGHT="15" WC="0.96" CONTENT="nen"/><SP WIDTH="18" VPOS="1312" HPOS="249"/>
							<String ID="string_276" HPOS="267" VPOS="1306" WIDTH="24" HEIGHT="20" WC="0.95" CONTENT="år"/><SP WIDTH="18" VPOS="1306" HPOS="291"/>
							<String ID="string_277" HPOS="309" VPOS="1305" WIDTH="61" HEIGHT="22" WC="0.88" CONTENT="1885."/>
						</TextLine>
					</TextBlock>
					<TextBlock ID="block_3" HPOS="205" VPOS="1336" WIDTH="767" HEIGHT="99">
						<TextLine ID="line_34" HPOS="276" VPOS="1336" WIDTH="696" HEIGHT="31">
							<String ID="string_278" HPOS="276" VPOS="1340" WIDTH="32" HEIGHT="21" WC="0.94" CONTENT="De"/><SP WIDTH="24" VPOS="1340" HPOS="308"/>
							<String ID="string_279" HPOS="332" VPOS="1339" WIDTH="47" HEIGHT="22" WC="0.93" CONTENT="skäl"/><SP WIDTH="22" VPOS="1339" HPOS="379"/>
							<String ID="string_280" HPOS="401" VPOS="1339" WIDTH="174" HEIGHT="28" WC="0.92" CONTENT="petitionärerna"/><SP WIDTH="22" VPOS="1339" HPOS="575"/>
							<String ID="string_281" HPOS="597" VPOS="1338" WIDTH="77" HEIGHT="22" WC="0.96" CONTENT="anföra"/><SP WIDTH="16" VPOS="1338" HPOS="674"/>
							<String ID="string_282" HPOS="690" VPOS="1344" WIDTH="45" HEIGHT="15" WC="0.96" CONTENT="som"/><SP WIDTH="17" VPOS="1344" HPOS="735"/>
							<String ID="string_283" HPOS="752" VPOS="1338" WIDTH="49" HEIGHT="20" WC="0.96" CONTENT="stöd"/><SP WIDTH="17" VPOS="1338" HPOS="801"/>
							<String ID="string_284" HPOS="818" VPOS="1336" WIDTH="33" HEIGHT="22" WC="0.96" CONTENT="för"/><SP WIDTH="15" VPOS="1336" HPOS="851"/>
							<String ID="string_285" HPOS="866" VPOS="1337" WIDTH="38" HEIGHT="20" WC="0.91" CONTENT="sitt"/><SP WIDTH="23" VPOS="1337" HPOS="904"/>
							<String ID="string_286" HPOS="927" VPOS="1336" WIDTH="45" HEIGHT="22" WC="0.91" CONTENT="för-"/>
						</TextLine>
						<TextLine ID="line_35" HPOS="207" VPOS="1371" WIDTH="764" HEIGHT="30">
							<String ID="string_287" HPOS="207" VPOS="1374" WIDTH="47" HEIGHT="27" WC="0.96" CONTENT="slag"/><SP WIDTH="24" VPOS="1374" HPOS="254"/>
							<String ID="string_288" HPOS="278" VPOS="1374" WIDTH="39" HEIGHT="21" WC="0.96" CONTENT="har"/><SP WIDTH="24" VPOS="1374" HPOS="317"/>
							<String ID="string_289" HPOS="341" VPOS="1374" WIDTH="109" HEIGHT="27" WC="0.96" CONTENT="nämligen"/><SP WIDTH="23" VPOS="1374" HPOS="450"/>
							<String ID="string_290" HPOS="473" VPOS="1376" WIDTH="60" HEIGHT="25" WC="0.96" CONTENT="synts"/><SP WIDTH="23" VPOS="1376" HPOS="533"/>
							<String ID="string_291" HPOS="556" VPOS="1373" WIDTH="106" HEIGHT="21" WC="0.96" CONTENT="utskottet"/><SP WIDTH="22" VPOS="1373" HPOS="662"/>
							<String ID="string_292" HPOS="684" VPOS="1372" WIDTH="49" HEIGHT="21" WC="0.96" CONTENT="från"/><SP WIDTH="23" VPOS="1372" HPOS="733"/>
							<String ID="string_293" HPOS="756" VPOS="1371" WIDTH="118" HEIGHT="21" WC="0.92" CONTENT="rättvisans"/><SP WIDTH="22" VPOS="1371" HPOS="874"/>
							<String ID="string_294" HPOS="896" VPOS="1372" WIDTH="75" HEIGHT="20" WC="0.91" CONTENT="stånd-"/>
						</TextLine>
						<TextLine ID="line_36" HPOS="205" VPOS="1405" WIDTH="762" HEIGHT="30">
							<String ID="string_295" HPOS="205" VPOS="1408" WIDTH="72" HEIGHT="27" WC="0.96" CONTENT="punkt"/><SP WIDTH="26" VPOS="1408" HPOS="277"/>
							<String ID="string_296" HPOS="303" VPOS="1408" WIDTH="49" HEIGHT="21" WC="0.93" CONTENT="fullt"/><SP WIDTH="26" VPOS="1408" HPOS="352"/>
							<String ID="string_297" HPOS="378" VPOS="1408" WIDTH="116" HEIGHT="21" WC="0.94" CONTENT="bindande."/><SP WIDTH="31" VPOS="1408" HPOS="494"/>
							<String ID="string_298" HPOS="525" VPOS="1407" WIDTH="40" HEIGHT="22" WC="0.93" CONTENT="Om"/><SP WIDTH="26" VPOS="1407" HPOS="565"/>
							<String ID="string_299" HPOS="591" VPOS="1407" WIDTH="84" HEIGHT="27" WC="0.93" CONTENT="engång"/><SP WIDTH="26" VPOS="1407" HPOS="675"/>
							<String ID="string_300" HPOS="701" VPOS="1407" WIDTH="41" HEIGHT="20" WC="0.96" CONTENT="den"/><SP WIDTH="33" VPOS="1407" HPOS="742"/>
							<String ID="string_301" HPOS="775" VPOS="1405" WIDTH="85" HEIGHT="28" WC="0.95" CONTENT="privata"/><SP WIDTH="30" VPOS="1405" HPOS="860"/>
							<String ID="string_302" HPOS="890" VPOS="1405" WIDTH="77" HEIGHT="21" WC="0.96" CONTENT="skolan"/>
						</TextLine>
					</TextBlock>
					<TextBlock ID="block_4" HPOS="276" VPOS="1447" WIDTH="534" HEIGHT="22">
						<TextLine ID="line_37" HPOS="276" VPOS="1447" WIDTH="534" HEIGHT="22">
							<String ID="string_303" HPOS="276" VPOS="1449" WIDTH="105" HEIGHT="20" WC="0.93" CONTENT="Allmänna"/><SP WIDTH="15" VPOS="1449" HPOS="381"/>
							<String ID="string_304" HPOS="396" VPOS="1448" WIDTH="191" HEIGHT="21" WC="0.91" CONTENT="Besvärsutskottets"/><SP WIDTH="16" VPOS="1448" HPOS="587"/>
							<String ID="string_305" HPOS="603" VPOS="1447" WIDTH="117" HEIGHT="20" WC="0.96" CONTENT="betänkande"/><SP WIDTH="16" VPOS="1447" HPOS="720"/>
							<String ID="string_306" HPOS="736" VPOS="1447" WIDTH="38" HEIGHT="20" WC="0.96" CONTENT="N:o"/><SP WIDTH="17" VPOS="1447" HPOS="774"/>
							<String ID="string_307" HPOS="791" VPOS="1447" WIDTH="19" HEIGHT="18" WC="0.96" CONTENT="7."/>
						</TextLine>
					</TextBlock>
				</ComposedBlock>
			</PrintSpace>
		</Page>
	</Layout>
</alto>
