1073 1675
256 135 26 21 12
458 132 257 24 Petitionsbetänkandet
730 132 37 22 N:o
784 130 33 23 27.

225 197 45 17 vårt
288 197 46 17 land
352 199 63 21 yttrar
434 197 31 23 sig
484 197 64 17 denna
565 196 49 18 brist
633 196 42 18 ofta
694 196 7 17 i
719 201 25 12 en
764 195 54 23 slags
838 200 40 16 oro,
898 200 42 12 som
955 199 32 12 an-

226 226 64 23 tyder,
302 226 7 17 i
322 226 80 17 hvilken
414 226 89 23 rigtning
514 225 172 23 mensklighetens
698 223 132 24 utveckling
823 219 11 34 i
840 224 37 16 den
890 224 98 16 närmaste

227 254 106 18 framtiden
346 254 34 18 bör
393 254 30 24 gå,
436 254 37 18 och
485 254 20 17 vi
518 254 57 17 skola
587 254 75 22 hoppas
675 253 22 17 af
707 253 86 23 Honom,
811 258 43 11 som
866 252 36 17 har
914 250 74 18 världs-

227 282 107 18 historiens
352 282 46 24 lopp
414 283 6 17 i
434 283 31 17 sin
484 283 58 22 hand,
561 284 28 16 att
605 282 45 18 Han
665 282 61 17 måtte
739 282 40 16 låta
793 280 144 22 menniskorna,
956 280 31 22 på-

226 311 86 18 verkade
325 312 22 17 af
358 312 152 22 kristendomen,
522 317 73 17 genom
612 316 23 12 en
652 310 103 22 kärnfrisk,
775 309 80 23 kristlig
872 309 35 17 och
926 308 64 22 sedlig

228 340 51 18 anda
296 340 82 23 besegra
390 340 38 18 alla
440 340 127 18 villfarelser.
592 340 120 22 Bildningen
725 338 111 18 innehåller
849 338 84 22 mycken
946 338 43 17 vill-

226 368 78 24 farelse,
317 368 35 18 och
368 369 25 17 då
405 369 116 23 bildningen
533 368 130 18 framskrider
675 368 69 17 alltför
757 367 56 23 långt
824 367 26 23 på
862 367 94 23 villospår
968 368 22 16 är

227 398 38 16 den
280 399 66 16 rutten
363 398 30 16 till
405 398 109 17 innehållet
527 398 37 17 och
577 397 72 17 ramlar
661 397 64 17 under
737 396 31 18 sin
782 402 50 17 egen
844 396 64 22 tyngd
920 395 27 17 lik
960 397 28 15 ett

226 426 78 18 murket
322 426 48 18 träd.
394 427 29 17 På
442 427 63 23 grund
523 426 60 18 häraf
600 426 34 18 ber
650 426 36 23 jag
703 426 21 17 få
740 425 82 23 påpeka,
840 426 28 16 att
880 425 6 17 i
899 424 91 23 folkhög-

229 455 103 17 skolornas
350 455 88 23 läroplan
457 456 36 16 bör
508 455 62 23 jämte
589 455 61 17 andra
668 454 64 18 såsom
749 456 27 16 ett
789 454 73 22 vigtigt
874 455 57 16 ämne
943 453 47 23 ingå

227 483 111 23 religionen
350 484 7 17 i
370 483 51 18 form
434 484 22 17 af
466 484 35 17 vär
513 490 48 11 rena
570 483 228 23 evangelisk-lutherska
806 482 48 18 lära,
872 482 117 23 Religionen

229 512 38 17 kan
280 512 168 18 menniskoanden
462 513 17 23 ej
492 513 95 21 undvara,
605 515 47 15 utan
664 512 62 17 måste
739 512 66 17 denna
817 513 71 21 utgöra
900 511 90 23 grunden

227 540 32 18 för
271 540 26 18 all
310 541 54 24 öfrig
376 541 148 24 undervisning.
549 541 76 18 Endast
641 541 24 18 då
682 542 79 17 komma
773 540 177 23 folkhögskolorna
962 541 28 15 att

229 570 31 17 stå
271 570 25 23 på
308 575 25 12 en
345 572 39 15 rätt
396 570 36 18 och
445 571 39 17 fast
496 570 105 23 grundval,
614 576 42 11 som
669 569 69 24 hvarje
751 569 95 18 vindkast
858 569 17 22 ej
888 569 38 17 kan
939 568 50 17 kull-

228 599 66 17 störta.
319 599 37 17 Om
369 599 21 17 vi
403 599 67 18 arbeta
482 599 6 17 i
501 599 64 17 denna
584 599 94 23 riktning,
697 599 25 17 ha
735 598 20 17 vi
768 598 54 23 gjort
830 598 60 23 något
902 598 30 17 för
941 597 49 18 folk-

230 627 121 22 högskolans
364 627 100 24 upphöjda
476 628 38 17 idé.

298 655 39 24 Jag
350 657 62 22 vågar
424 657 76 17 således
512 657 103 17 vördsamt
627 656 84 23 anhålla,
730 657 31 16 att
776 655 123 18 hedervärda
915 655 77 17 Bonde-

228 684 78 17 ståndet
319 684 47 18 ville
378 686 95 22 antingen
486 687 75 15 ensamt
575 685 49 18 eller
636 685 6 17 i
655 685 92 22 förening
763 685 44 17 med
820 684 61 17 andra
894 683 56 18 stånd
962 683 28 18 af-

228 713 41 17 låta
284 718 24 12 en
320 713 84 23 petition
417 714 22 17 af
450 713 88 18 innehåll

506 749 29 16 att
550 753 24 12 ur
591 748 93 18 allmänna
699 747 57 18 medel
771 747 57 18 måtte
840 747 73 23 beviljas
924 747 26 18 ett
960 746 31 19 år-

436 777 34 22 ligt
487 777 63 23 anslag
568 776 25 23 af
607 777 58 22 2,000
683 777 41 17 eller
743 777 57 22 3,000
817 776 59 22 finska
893 776 52 17 mark
960 775 32 23 för

436 805 61 23 hvarje
515 805 32 18 län
565 806 28 17 att
611 805 94 18 användas
720 805 32 22 för
764 804 162 23 upprätthällande
938 804 23 23 af
970 810 22 11 en

434 839 100 19 gemensam
546 834 121 24 finskspräkig
678 833 123 24 folkhögskola
814 833 8 18 i
834 833 54 18 länet.

299 874 128 24 Helsingtors
440 875 37 17 den
490 875 22 17 28
524 875 80 17 Januari
617 875 51 17 1891.

681 938 57 22 Juho
754 938 94 22 Brusila.

609 973 110 16 Representant
728 972 24 13 för
761 972 76 13 Mäntsälä
846 972 75 16 domsaga.

298 1178 40 21 Om
362 1179 36 21 det
423 1179 107 22 erkännes
545 1179 72 21 säsom
639 1186 26 14 en
681 1179 145 27 allmängiltig
842 1179 98 28 sanning,
956 1181 33 20 att

229 1215 32 19 ett
286 1212 56 22 folks
360 1213 82 27 sedliga
465 1213 98 28 bildning
585 1215 64 26 utgör
669 1214 48 21 dess
733 1213 64 22 bästa
814 1214 110 27 egendom,
941 1215 48 20 dess

229 1247 81 28 styrka,
334 1247 40 21 och
398 1250 32 19 att
453 1248 72 21 denna
541 1248 92 27 sanning
648 1255 51 20 eger
714 1247 157 28 tillämplighet
887 1248 101 21 särskildt

228 1282 30 27 pä
280 1282 27 21 de
328 1283 46 20 smä
389 1282 135 26 nationerna,
541 1282 63 28 följer
621 1282 63 21 däraf
698 1285 33 19 att
746 1282 78 27 frägan
840 1289 35 14 om
890 1282 98 21 folkbild-

229 1316 91 27 ningens
336 1316 101 27 höjande,
454 1317 66 27 vigtig
536 1317 33 20 för
584 1317 74 27 hvarje
673 1316 114 27 samhälle,
802 1317 106 27 gestaltar
916 1317 32 26 sig
955 1317 33 21 till

230 1357 25 14 en
266 1350 83 27 verklig
357 1350 99 28 lifsfräga
467 1351 33 21 för
506 1352 48 20 värt
561 1351 52 21 folk.
629 1351 155 22 Medvetandet
791 1351 76 22 härom
876 1351 39 22 har
923 1351 65 22 ocksä

229 1385 69 20 under
308 1385 28 21 de
344 1388 86 19 senaste
440 1386 129 21 ärtiondena
578 1385 81 22 vaknat
667 1386 40 21 hos
720 1393 36 14 oss
765 1385 32 22 till
806 1386 40 21 allt
854 1387 69 20 större
932 1385 56 22 klar-

228 1418 38 22 het
288 1419 41 21 och
351 1419 73 22 funnit
439 1419 87 28 uttryck
541 1419 48 22 icke
605 1420 55 21 blott
675 1421 7 20 i
697 1421 127 21 inrättande
840 1420 24 21 af
877 1422 31 19 ett
923 1420 66 22 ökadt

228 1453 62 21 antal
304 1453 177 27 lärdomsskolor,
497 1457 53 19 utan
567 1455 62 21 äfven
645 1455 7 21 i
668 1457 31 19 ett
714 1455 114 27 tidsenligt
839 1455 148 27 organiseradt

298 1493 101 18 Allmänna
410 1494 174 18 Besvärsutskottets
595 1494 110 18 betänkande
717 1496 36 17 N:o
766 1495 29 18 18.
