1056 1673
239 116 28 19 54
429 115 225 23 Petitionsbetänkande
671 116 34 21 N:o
721 114 14 22 1.

208 175 138 27 påbegynnas
370 175 92 22 emellan
488 175 75 22 Keuru
589 175 54 22 eller
666 174 133 27 Pihlajavesi
821 175 81 21 station
924 175 36 21 vid

208 210 137 22 Wasabanan
368 211 40 21 och
430 210 123 28 Jyväskylä,
577 212 58 20 samt
657 212 34 20 att
714 210 35 22 till
772 211 65 21 nästa
857 210 104 27 landtdag

209 247 68 21 måtte
300 246 77 22 aflåtas
397 247 66 27 nådig
483 246 136 27 proposition
638 246 112 28 angående
769 246 72 22 denna
857 246 102 27 jernvägs

208 281 145 23 fortsättande
368 282 34 22 till
419 282 186 26 Savolaksbanan;
615 282 89 22 hvilken
714 282 112 27 petition
821 277 12 37 i
845 282 114 22 öfversätt-

210 318 52 27 ning
278 320 24 19 är
318 318 24 21 af
355 318 94 27 följande
466 318 91 28 lydelse:

282 414 55 19 Till
356 415 179 25 Högvördiga
555 414 220 20 Presteståndet.

281 474 40 19 Vid
337 474 57 19 såväl
412 475 55 19 1885
484 481 43 13 som
545 475 57 19 1888
618 475 33 19 års
668 473 100 26 landtdag
784 474 85 19 väcktes
884 473 77 26 förslag

210 510 31 13 om
257 504 109 25 byggande
382 504 22 19 af
417 511 26 13 en
458 504 263 25 sammanbindningsbana,
739 510 48 20 som,
803 503 102 26 utgående
915 503 45 20 från

209 534 69 25 någon
301 534 75 19 station
398 534 35 19 vid
456 535 139 25 Wasabanan,
611 534 72 26 skulle,
703 533 52 20 efter
771 536 30 17 att
816 533 61 20 hafva
891 534 69 19 berört

209 563 118 26 Jyväskylä
342 564 46 19 stad
404 564 37 20 och
457 564 68 20 skurit
540 564 174 25 Savolaksbanan,
729 563 72 20 förena
817 563 31 26 sig
863 563 46 20 med
917 563 42 20 Ka-

210 593 69 20 relska
302 594 72 19 banan.
404 594 32 20 De
459 594 68 24 motiv,
550 594 71 20 hvilka
644 593 123 20 framhållits
791 593 30 19 till
837 593 77 20 förmon
929 593 31 19 for

210 623 67 20 denna
292 624 58 24 bana,
366 623 62 20 hafva
443 625 26 25 på
485 626 30 17 ett
530 626 99 23 otvunget
645 626 42 17 sätt
703 623 98 26 framgått
818 630 24 12 ur
858 623 39 20 den
910 623 49 20 olik-

210 653 35 19 het
268 653 7 19 i
293 653 128 26 produktion,
438 661 43 12 som
496 654 110 19 förefinnes
622 654 85 19 emellan
723 653 82 20 landets
821 653 86 26 vestliga
923 653 35 20 och

210 682 75 26 ostliga
308 683 60 20 delar.
400 684 70 19 Såsom
494 684 76 19 bekant
589 684 59 19 idkas
661 684 6 19 i
683 683 82 20 landets
781 685 70 18 vestra
867 683 33 20 del
915 683 44 19 huf-

210 712 137 26 vudsakligen
363 713 101 25 jordbruk
479 714 38 19 och
533 713 161 26 fabriksrörelse,
710 713 27 19 då
753 713 90 20 deremot
858 713 102 20 mellersta

210 743 38 18 och
270 745 55 18 östra
340 743 89 20 Finland
444 744 31 19 till
491 744 65 19 afsalu
572 743 113 26 producera
701 743 173 25 hufvudsakligen
889 743 71 24 skogs-

210 772 38 19 och
271 773 229 26 ladugärdsprodukter.
533 773 76 20 Tillika
632 774 37 19 har
692 773 129 26 framhållits,
838 775 31 17 att
883 773 77 19 sträck-

210 802 77 25 ningen
310 803 30 19 för
361 803 155 25 ifrågavarande
529 803 149 26 jernvägslinie
694 803 116 25 föreslagits
825 803 46 20 med
886 803 73 19 iaktta-

210 831 68 26 gande
294 833 22 19 af
328 832 26 20 de
370 833 101 20 allmänna
485 833 108 26 principer,
610 833 69 20 hvilka
695 840 47 13 man
759 833 57 19 säväl
830 833 37 19 hos
875 840 34 12 oss
917 840 43 12 som

210 862 136 20 annorstädes
361 862 31 20 för
407 863 136 20 befordrande
559 864 22 19 af
593 863 82 20 landets
691 863 132 20 ekonomiska
839 862 121 25 utveckling

210 894 68 17 ansett
294 892 50 20 böra
358 892 72 26 läggas
445 893 32 19 till
492 893 68 25 grund
576 894 37 19 och
629 893 60 25 följas
704 892 36 20 vid
755 893 110 25 byggande
876 892 23 20 af
907 892 52 25 jern-

210 924 72 23 vägar,
299 922 36 20 och
352 922 22 19 af
387 922 70 20 hvilka
473 923 26 19 de
514 923 111 25 vigtigaste
640 923 54 19 varit
710 922 97 25 följande:

285 953 31 18 1:0
347 953 37 18 Att
405 952 25 19 de
446 952 115 26 föreslagna
573 953 140 25 jernvägarne
729 953 22 18 sä
768 952 44 19 vidt
827 952 78 25 möjligt
919 951 41 20 för-

210 981 64 19 binda
295 981 34 20 det
345 982 43 19 inre
403 982 81 20 landets
499 981 135 21 trafikcentra
649 983 38 19 och
703 978 111 42 naturliga
821 981 139 20 kummunika-

210 1010 112 21 tionsleder
339 1011 47 20 med
401 1012 86 20 hamnar
501 1012 36 20 vid
552 1012 78 24 hafvet;

282 1042 32 19 2:0
345 1042 37 19 Att
397 1041 26 20 de
439 1043 23 18 så
477 1042 82 25 mycket
575 1049 43 12 som
633 1042 80 25 möjligt
729 1041 39 20 öka
784 1041 87 20 trafiken
887 1042 25 24 på
923 1041 38 19 och

211 1070 147 26 afkastningen
373 1071 22 20 af
408 1071 55 20 förut
478 1071 124 26 förefintliga
615 1071 123 26 jernvägar;
755 1074 53 17 samt

283 1101 31 19 3:o
344 1101 38 19 Att
394 1101 145 26 jernvägarne,
555 1104 50 17 utan
615 1104 30 17 att
658 1104 50 23 göra
722 1103 67 18 större
799 1101 82 26 krokar,
889 1100 72 19 beröra

210 1130 86 25 trakter,
317 1130 6 19 i
339 1131 69 19 hvilka
423 1131 130 20 industriella
568 1131 51 20 verk
634 1131 117 24 förefinnas,
768 1130 49 20 eller
833 1130 36 19 der
885 1129 76 20 sådana

210 1159 46 20 med
280 1160 101 20 anseende
407 1161 32 19 till
463 1163 69 18 ortens
556 1161 103 25 naturliga
683 1160 123 26 hjelpkällor
829 1159 132 26 fördelaktigt

210 1189 72 20 kunna
298 1190 102 25 anläggas.

282 1219 40 20 Det
338 1223 22 16 är
375 1221 116 24 uppenbart
506 1223 30 17 att
551 1227 29 12 nu
595 1220 158 26 ifrågavarande
764 1219 197 26 förbindningsbana

210 1249 53 19 skall
286 1249 125 26 förverkliga
431 1250 61 19 dessa
507 1250 112 26 principer.
649 1251 47 18 Den
712 1252 65 17 sätter
793 1249 25 20 de
834 1249 128 20 vidsträckta

210 1279 150 25 vattendragen
383 1279 6 20 i
413 1280 103 19 mellersta
539 1279 88 20 Finland
649 1280 8 19 i
681 1279 69 20 direkt
773 1279 124 20 förbindelse
916 1278 46 19 med

210 1308 67 20 Wasa
299 1309 66 19 hamn.
395 1309 45 20 Den
464 1309 79 20 komme
562 1309 8 20 i
585 1309 102 26 väsentlig
702 1309 53 26 grad
771 1311 30 18 att
817 1309 38 19 öka
869 1308 92 20 tratikin-

209 1337 118 21 komsterna
342 1340 26 24 på
384 1338 68 21 Wasa
467 1339 38 20 och
520 1339 167 20 Savolaksbanan
703 1339 106 20 äfvensom
823 1339 27 25 på
857 1338 40 20 den
907 1341 56 16 ännu

209 1367 67 20 under
291 1368 98 25 byggnad
407 1369 91 20 varande
513 1369 103 20 Karelska
631 1369 73 24 banan,
721 1371 50 17 enär
786 1368 40 20 den
842 1368 65 20 skulle
922 1367 40 20 till-

210 1397 44 20 föra
268 1397 48 20 -dem
331 1401 29 17 ett
376 1399 93 25 ständigt
483 1399 89 19 tillskott
588 1399 7 19 i
611 1399 67 20 trafik.
703 1399 33 19 En
746 1398 77 25 mängd
833 1397 129 23 industriella

209 1426 139 26 inrättningar
370 1427 67 21 finnas
458 1428 63 20 redan
536 1428 7 19 i
559 1428 25 20 de
600 1428 85 25 trakter,
700 1428 72 20 hvilka
788 1428 79 20 komme
882 1430 31 17 att
928 1434 34 19 ge-

281 1467 175 23 Jernvägsutskottets
468 1468 109 18 betänkande
589 1468 34 18 N:o
637 1470 14 16 1.
