1067 1673
305 130 254 23 Motionsbetänkande
576 131 42 22 N:o
633 131 22 21 9.
814 133 10 19 3

373 196 104 27 Förslag
491 196 40 22 till
547 196 146 27 förordning
703 202 39 16 om
752 196 103 27 ändring

305 230 28 22 af
352 230 15 28 $
392 230 26 22 11
438 230 9 22 i
467 230 91 28 Nädiga
577 231 178 27 förordningen
771 231 27 21 af
810 231 45 21 den

305 265 28 21 15
348 264 70 28 April
435 264 63 28 1889,
515 265 120 28 angäende
651 265 76 27 skydd
738 265 39 23 för
787 266 67 21 arbe-

305 299 53 22 tare
373 300 9 21 i
398 299 28 22 de
441 300 145 22 industriela
601 300 98 26 yrkena.

168 350 117 23 Härigenom
301 350 104 22 förordnas
423 351 27 17 att
467 352 12 20 $
491 351 22 17 11
525 351 7 17 i
544 350 78 23 Nädiga
632 351 138 23 förordningen
784 352 24 22 af
818 351 34 17 den

101 378 22 18 15
136 379 57 22 April
206 379 54 22 1889,
273 378 98 23 angående
382 379 62 23 skydd
454 380 31 22 för
499 380 88 17 arbetare
598 380 7 17 i
617 380 22 17 de
650 380 114 18 industriela
775 380 79 23 yrkena,

100 408 51 17 skall
164 407 73 18 erhälla
248 408 84 21 följande
345 408 77 22 lydelse:

449 465 10 22 $
473 466 26 16 11.

168 511 115 22 Eftergifter
300 511 43 18 från
357 511 22 18 de
392 511 6 18 i
410 512 11 17 8
434 511 36 18 och
483 512 10 17 9
505 511 23 23 $$
541 512 101 22 upptagna
655 511 123 22 stadganden
789 511 65 18 kunna

100 540 6 17 i
120 539 85 24 följande
219 540 61 17 måtto
293 540 22 17 af
325 540 184 22 Industristyrelsen
521 540 108 18 meddelas:

170 570 14 16 1.
209 568 149 23 Arbetsgifvare
373 569 39 17 kan
425 569 51 17 efter
488 568 110 23 ansökning
611 569 74 17 tillåtas
699 569 30 17 att
741 569 115 17 hvarannan

100 597 107 23 arbetsdag
226 597 119 22 sysselsätta
360 597 49 18 barn
422 597 61 18 under
495 597 37 18 den
545 597 30 18 för
587 602 52 18 unga
652 602 93 17 personer
757 597 99 22 medgifna

100 626 28 17 tid
147 626 41 17 mot
206 626 30 17 att
248 625 74 18 barnen
334 626 61 17 under
408 626 23 17 de
443 626 165 23 mellanliggande
621 626 88 22 dagarna
722 625 33 18 äro
768 626 44 17 från
824 630 30 13 ar-

99 654 55 17 betet
167 655 42 20 fria,
223 654 100 18 äfvensom
337 655 29 17 att
377 655 69 23 hvarje
459 655 38 22 dag
509 655 62 17 under
579 655 34 22 8!/,
620 655 71 20 timme,
700 655 52 17 tiden
759 654 30 18 för
799 650 56 32 lämp-

100 683 37 22 ligt
150 683 110 18 anordnade
273 684 65 17 raster
350 683 41 18 deri
404 684 17 22 ej
435 683 126 21 inberäknad,
574 683 121 22 sysselsätta
707 683 48 18 barn
769 688 41 13 som
823 687 32 18 ge-

101 711 89 23 nomgått
202 711 60 23 högre
275 712 101 18 folkskola.

169 741 15 16 2.
209 741 68 17 Idkare
295 741 22 17 af
333 741 111 21 industrier,
461 741 67 18 hvilka
541 741 88 18 erfordra
642 741 126 22 regelbundet
780 741 75 17 nattar-

100 769 50 20 bete,
169 769 47 18 eller
231 769 43 18 icke
287 770 98 22 medgifva
398 770 127 17 arbetarenes
537 770 100 23 indelning
650 770 6 17 i
668 771 97 21 reguliera
777 769 78 18 skiften.

100 797 66 18 kunna
178 798 75 17 erhålla
265 799 89 17 tillstånd
367 799 29 16 att
409 798 58 18 äfven
479 799 61 17 andra
553 799 50 17 tider
616 799 22 17 af
649 799 72 22 dygnet
734 798 25 18 än
771 798 24 17 de
808 798 47 22 i8$

101 825 128 19 omförmälda
248 827 90 18 använda
351 827 104 23 ynglingar
469 827 35 18 och
517 832 76 18 gossar,
607 827 22 18 de
643 832 69 13 senare
725 827 49 18 dock
786 827 70 18 endast

101 860 31 12 om
151 855 62 18 sådan
232 856 53 22 slags
298 856 83 18 industri
394 861 59 13 anses
466 856 113 18 derförutan
592 856 42 18 icke
647 856 65 18 kunna
724 861 37 17 ega
772 856 84 17 bestånd

100 884 52 17 samt
164 884 61 18 under
237 884 140 23 erforderligen
389 885 110 22 tryggande
512 885 68 17 vilkor.

169 913 15 16 3.
208 912 132 24 Förlängning
359 914 21 17 af
397 914 37 17 den
451 914 6 17 i
476 915 11 16 8
502 914 11 21 $
525 914 104 17 bestämda
642 914 121 17 arbetstiden
775 914 39 17 kan
826 912 30 18 för

101 941 64 22 nägon
182 941 28 18 tid
228 942 115 22 medgifvas,
362 942 41 17 dels
420 942 66 18 säsom
499 942 72 18 allmän
583 943 54 22 regel
649 942 31 17 för
691 942 106 17 industrier
810 941 46 18 eller

100 969 55 18 delar
172 970 23 17 af
207 970 89 21 industri,
312 971 76 17 hvilkas
401 971 126 17 verksamhet
540 971 22 17 är
574 971 103 18 inskränkt
690 971 29 17 till
731 971 55 17 vissa
799 970 57 18 ärsti-

101 998 39 21 der,
154 998 41 18 dels
207 999 7 17 i
228 999 88 18 enskilda
329 1000 39 20 fall,
381 999 25 18 dä
418 1000 66 17 natur-
497 1000 48 17 eller
558 999 163 23 olyckshändelse
729 999 89 22 afbryter
828 1000 28 16 ett

100 1027 59 18 verks
171 1028 133 22 regelbundna
316 1029 53 22 gång
381 1029 47 17 eller
441 1033 64 13 annan
517 1028 115 18 oförutsedd
644 1029 121 22 tilldragelse
777 1027 79 19 kräfver

100 1060 24 13 en
137 1055 87 24 tillfällig
236 1057 88 22 stegring
337 1057 22 18 af
369 1057 45 18 dess
428 1057 130 18 verksamhet.

168 1084 94 23 Eftergift
280 1085 22 18 af
316 1085 109 18 sistnämda
439 1086 44 22 slag
495 1086 38 17 kan
545 1085 31 18 för
589 1091 24 12 en
625 1086 71 17 termin
709 1086 22 17 af
741 1086 29 17 tre
783 1085 73 18 veckor

100 1113 100 18 meddelas
214 1113 58 18 äfven
285 1114 22 17 af
316 1113 147 19 vederbörande
476 1114 166 23 yrkesinspektör.

170 1155 121 22 Helsingfors
304 1155 37 18 den
353 1156 11 17 4
376 1155 93 18 Februari
483 1156 49 18 1891.

508 1247 106 22 Lennart
629 1247 158 27 Gripenberg.

170 1441 187 19 Ekonomiutskottets
370 1442 119 18 betänkande
500 1442 35 18 N:o
549 1442 16 18 9.
