1067 1670
248 140 25 20 14
428 139 242 22 Petitionsbetänkande
686 138 37 23 N:o
739 137 29 23 19.

219 208 57 20 skild
299 208 141 28 myndighet,
465 208 44 21 den
532 208 159 27 arkeologiska
714 207 184 22 kommissionen,
933 207 43 22 Till

218 242 91 28 ständig
324 243 100 21 ledamot
439 243 7 20 i
462 243 75 20 denna
552 243 148 20 kommission
710 242 121 21 utnämdes
843 242 135 21 statsarkeo-

218 277 74 28 logen,
315 277 67 21 hvars
404 277 148 21 värksamhet
573 280 104 18 närmare
699 277 130 21 bestämdes
847 284 84 21 genom
946 277 32 20 in-

218 311 114 21 struktion
348 311 25 22 af
386 312 43 21 den
446 313 25 20 17
489 311 121 22 december
627 312 61 22 1885.
720 311 81 22 Redan
815 311 40 22 vid
873 312 54 21 1888
941 313 35 19 års

218 346 153 21 ständermöte
389 346 153 21 framställdes
561 346 126 21 emellertid
710 349 34 18 ett
758 346 103 28 yrkande
877 348 30 26 på
921 345 56 22 revi-

218 380 49 21 sivn
283 380 26 21 al
322 381 65 21 dessa
402 381 149 28 stadganden,
568 381 82 21 främst
667 381 6 20 i
690 380 108 22 afseende
814 383 13 18 å
842 380 135 21 statsarkeo-

217 415 79 27 logens
312 415 142 21 förhållande
470 416 35 20 till
521 415 158 28 arkeologiska
694 415 185 22 kommissionen.
907 415 69 20 Detta

217 449 102 28 yrkande
335 457 113 21 upprepas
464 458 31 13 nu
511 450 26 21 af
550 458 86 13 samma
651 450 123 28 petitionär
789 449 7 21 i
811 449 166 21 ofvanstående

218 484 123 21 memorial.

286 518 226 29 Hufvudpunkterna
530 519 7 21 i
556 519 163 28 petitionärens
737 518 177 28 anmärkningar
929 520 48 19 mot

217 552 28 22 de
264 553 148 28 stadganden,
434 561 47 14 som
500 554 127 21 bestämma
644 554 190 21 kommissionens
854 552 42 22 och
912 554 65 20 stats-

217 587 149 29 arkeologens
381 588 152 26 värksamhet,
550 592 38 18 äro
604 588 112 27 följande:

287 625 33 18 att
335 622 177 22 kommissionen
528 618 179 26 sammanträder
723 623 60 21 blott
799 630 27 13 en
841 624 62 26 gång
913 621 8 21 i
931 623 45 19 må-

217 656 74 21 naden
307 657 42 21 och
365 657 7 21 i
386 658 78 28 regeln
480 658 41 21 alls
537 658 50 21 icke
602 658 73 21 under
690 664 138 17 sommaren;

286 694 34 18 att
343 691 26 21 af
389 692 27 20 de
432 700 39 13 sex
489 692 126 21 ledamöter
633 692 2 21 i
653 692 184 22 kommissionen,
854 690 79 21 hvilka
946 692 30 26 på

217 727 34 19 tre
267 727 24 19 år
305 725 72 29 väljas
393 726 26 21 af
431 727 110 21 särskilda
551 726 174 28 vetenskapliga
735 725 107 22 samfund
853 725 43 21 och
906 724 69 21 bland

217 759 78 22 hvilka
311 763 94 19 senaten
420 764 62 18 utser
498 769 28 13 en
542 761 143 26 ordförande,
701 761 55 27 inga
771 759 159 28 arkeologiska
944 758 32 22 in-

217 794 70 21 sikter
303 795 94 26 fordras,
413 796 119 21 hvaremot
548 796 202 28 statsarkeologen,
770 802 49 14 som
835 794 59 21 dock
909 793 67 21 besit-

215 831 35 18 ter
265 829 146 28 sakkunskap
431 830 42 21 och
492 830 159 28 vetenskaplig
671 830 142 27 kompetens,
829 828 81 21 endast
924 828 50 21 fun-

215 870 66 20 gerar
299 865 75 20 såsom
393 865 138 20 sekreterare
551 865 42 21 och
612 863 171 22 värkställande
801 863 101 21 ledamot
917 864 56 19 utan

215 897 111 28 rättighet
348 901 34 18 att
404 906 54 13 vare
480 899 35 28 sig
538 899 163 21 sammankalla
723 897 179 22 kommissionen
921 896 53 21 eller

215 934 104 25 mottaga
341 933 43 20 och
406 933 120 28 föredraga
549 933 34 21 till
607 933 50 21 dess
675 932 142 27 behandling
835 930 139 29 hänskjutna

216 966 109 27 ärenden;

284 1002 34 19 att
341 1001 84 21 vården
450 1002 26 21 af
495 1002 169 21 universitetets
686 1001 123 21 historiska
827 1007 103 14 museum
949 1002 24 19 är

215 1034 65 28 ålagd
297 1035 202 29 statsarkeologen,
508 1036 94 21 hvilken
617 1036 134 28 härigenom
767 1035 92 21 hindras
876 1037 34 18 att
923 1034 50 21 full-

213 1071 56 25 göra
288 1069 50 21 sina
359 1069 137 29 åligganden
515 1073 74 19 såsom
608 1070 69 21 sådan
696 1073 60 18 samt
774 1069 49 22 helt
841 1069 43 22 och
902 1068 71 21 hållet

215 1102 94 22 afhålles
325 1103 51 22 från
392 1105 29 20 all
437 1105 159 28 vetenskaplig
610 1105 156 26 värksamhet;

283 1140 34 18 att
333 1139 127 21 ordnandet
475 1139 26 21 af
514 1139 152 28 samlingerna
680 1139 6 21 i
706 1138 85 22 nämda
805 1145 104 14 museum
924 1139 50 18 mot

214 1172 207 28 statsarkeologens
444 1173 86 28 förslag
553 1173 133 22 anförtrotts
709 1175 24 19 åt
751 1179 49 14 mer
815 1171 55 22 eller
885 1171 88 22 mindre

213 1204 106 22 oerfarna
344 1205 111 27 biträden,
482 1207 149 28 hvarigenom
660 1207 63 21 detta
749 1206 98 29 dyrbara
869 1205 103 22 material

213 1239 76 21 kunde
305 1240 47 21 lida
368 1241 132 28 oersättliga
515 1241 94 27 skador;
626 1244 58 18 samt

283 1276 34 19 att
335 1276 207 27 statsarkeologens
561 1276 39 20 lön
617 1275 50 21 icke
687 1278 128 18 motsvarar
832 1274 58 22 hans
909 1274 64 21 värk-

213 1307 90 22 samhet
318 1308 43 22 och
377 1316 89 14 ansvar.

281 1342 34 21 På
337 1343 75 27 grund
435 1343 27 21 af
481 1344 65 20 dessa
561 1344 195 28 omständigheter
772 1350 65 14 anser
853 1342 120 29 petitionä-

211 1383 41 13 ren
268 1376 44 22 den
328 1378 132 20 nuvarande
476 1378 157 28 arkeologiska
648 1377 167 29 myndigheten
829 1377 56 28 föga
898 1377 74 28 egnad

212 1412 34 19 att
262 1410 59 28 fylla
336 1411 39 21 det
389 1412 52 20 med
456 1412 132 21 densamma
603 1412 94 21 afsedda
712 1412 131 21 ändamålet
859 1412 43 20 och
915 1412 57 20 före-

212 1444 44 21 slår
271 1444 36 22 för
323 1446 45 20 den
383 1446 65 26 skull,
468 1449 34 18 att
520 1446 176 22 kommissionen
716 1448 73 20 måtte
804 1446 49 21 helt
868 1446 43 21 och
926 1445 45 21 hål-

283 1484 100 19 Allmänna
395 1485 173 19 Besvärsutskottets
580 1486 108 18 betänkande
700 1486 34 18 N:o
749 1487 27 17 15.
