<?xml version="1.0" encoding="UTF-8"?>
<alto xmlns="http://www.loc.gov/standards/alto/ns-v3#" xmlns:xlink="http://www.w3.org/1999/xlink" xmlns:xsi="http://www.w3.org/2001/XMLSchema-instance" xsi:schemaLocation="http://www.loc.gov/standards/alto/ns-v3# http://www.loc.gov/alto/v3/alto-3-0.xsd">
	<Description>
		<MeasurementUnit>pixel</MeasurementUnit>
		<sourceImageInformation>
			<fileName>/tmp/tess_3au11sok_input.PNG</fileName>
		</sourceImageInformation>
		<OCRProcessing ID="OCR_0">
			<ocrProcessingStep>
				<processingSoftware>
					<softwareName>tesseract 5.3.4</softwareName>
				</processingSoftware>
			</ocrProcessingStep>
		</OCRProcessing>
	</Description>
	<Layout>
		<Page WIDTH="1064" HEIGHT="1659" PHYSICAL_IMG_NR="0" ID="page_0">
			<PrintSpace HPOS="0" VPOS="0" WIDTH="1064" HEIGHT="1659">
				<ComposedBlock ID="cblock_0" HPOS="242" VPOS="118" WIDTH="517" HEIGHT="23">
					<TextBlock ID="block_0" HPOS="242" VPOS="118" WIDTH="517" HEIGHT="23">
						<TextLine ID="line_0" HPOS="242" VPOS="118" WIDTH="517" HEIGHT="23">
							<String ID="string_0" HPOS="242" VPOS="118" WIDTH="14" HEIGHT="20" WC="0.96" CONTENT="4"/><SP WIDTH="170" VPOS="118" HPOS="256"/>
							<String ID="string_1" HPOS="426" VPOS="118" WIDTH="246" HEIGHT="23" WC="0.92" CONTENT="Petitionsbetänkande"/><SP WIDTH="15" VPOS="118" HPOS="672"/>
							<String ID="string_2" HPOS="687" VPOS="119" WIDTH="37" HEIGHT="22" WC="0.94" CONTENT="N:o"/><SP WIDTH="15" VPOS="119" HPOS="724"/>
							<String ID="string_3" HPOS="739" VPOS="118" WIDTH="20" HEIGHT="22" WC="0.96" CONTENT="2."/>
						</TextLine>
					</TextBlock>
				</ComposedBlock>
				<ComposedBlock ID="cblock_1" HPOS="213" VPOS="185" WIDTH="762" HEIGHT="198">
					<TextBlock ID="block_1" HPOS="213" VPOS="185" WIDTH="762" HEIGHT="198">
						<TextLine ID="line_1" HPOS="213" VPOS="185" WIDTH="760" HEIGHT="26">
							<String ID="string_4" HPOS="213" VPOS="185" WIDTH="168" HEIGHT="24" WC="0.96" CONTENT="undervisningen"/><SP WIDTH="17" VPOS="185" HPOS="381"/>
							<String ID="string_5" HPOS="398" VPOS="186" WIDTH="7" HEIGHT="18" WC="0.96" CONTENT="i"/><SP WIDTH="16" VPOS="186" HPOS="405"/>
							<String ID="string_6" HPOS="421" VPOS="186" WIDTH="23" HEIGHT="18" WC="0.96" CONTENT="de"/><SP WIDTH="17" VPOS="186" HPOS="444"/>
							<String ID="string_7" HPOS="461" VPOS="187" WIDTH="93" HEIGHT="18" WC="0.96" CONTENT="moderna"/><SP WIDTH="14" VPOS="187" HPOS="554"/>
							<String ID="string_8" HPOS="568" VPOS="188" WIDTH="84" HEIGHT="22" WC="0.96" CONTENT="språken"/><SP WIDTH="12" VPOS="188" HPOS="652"/>
							<String ID="string_9" HPOS="664" VPOS="188" WIDTH="62" HEIGHT="23" WC="0.96" CONTENT="enligt"/><SP WIDTH="12" VPOS="188" HPOS="726"/>
							<String ID="string_10" HPOS="738" VPOS="188" WIDTH="39" HEIGHT="18" WC="0.93" CONTENT="alla"/><SP WIDTH="12" VPOS="188" HPOS="777"/>
							<String ID="string_11" HPOS="789" VPOS="188" WIDTH="133" HEIGHT="18" WC="0.92" CONTENT="sakkännares"/><SP WIDTH="13" VPOS="188" HPOS="922"/>
							<String ID="string_12" HPOS="935" VPOS="188" WIDTH="38" HEIGHT="17" WC="0.92" CONTENT="för-"/>
						</TextLine>
						<TextLine ID="line_2" HPOS="213" VPOS="214" WIDTH="761" HEIGHT="26">
							<String ID="string_13" HPOS="213" VPOS="214" WIDTH="72" HEIGHT="18" WC="0.92" CONTENT="säkran"/><SP WIDTH="15" VPOS="214" HPOS="285"/>
							<String ID="string_14" HPOS="300" VPOS="214" WIDTH="44" HEIGHT="18" WC="0.96" CONTENT="icke"/><SP WIDTH="16" VPOS="214" HPOS="344"/>
							<String ID="string_15" HPOS="360" VPOS="215" WIDTH="96" HEIGHT="23" WC="0.96" CONTENT="någonsin"/><SP WIDTH="17" VPOS="215" HPOS="456"/>
							<String ID="string_16" HPOS="473" VPOS="216" WIDTH="39" HEIGHT="17" WC="0.96" CONTENT="kan"/><SP WIDTH="18" VPOS="216" HPOS="512"/>
							<String ID="string_17" HPOS="530" VPOS="215" WIDTH="7" HEIGHT="18" WC="0.96" CONTENT="i"/><SP WIDTH="12" VPOS="215" HPOS="537"/>
							<String ID="string_18" HPOS="549" VPOS="216" WIDTH="44" HEIGHT="17" WC="0.96" CONTENT="vårt"/><SP WIDTH="12" VPOS="216" HPOS="593"/>
							<String ID="string_19" HPOS="605" VPOS="216" WIDTH="47" HEIGHT="18" WC="0.95" CONTENT="land"/><SP WIDTH="11" VPOS="216" HPOS="652"/>
							<String ID="string_20" HPOS="663" VPOS="216" WIDTH="25" HEIGHT="24" WC="0.96" CONTENT="på"/><SP WIDTH="11" VPOS="216" HPOS="688"/>
							<String ID="string_21" HPOS="699" VPOS="218" WIDTH="29" HEIGHT="16" WC="0.93" CONTENT="ett"/><SP WIDTH="12" VPOS="218" HPOS="728"/>
							<String ID="string_22" HPOS="740" VPOS="215" WIDTH="183" HEIGHT="19" WC="0.92" CONTENT="tillfredsställande"/><SP WIDTH="12" VPOS="215" HPOS="923"/>
							<String ID="string_23" HPOS="935" VPOS="216" WIDTH="39" HEIGHT="17" WC="0.96" CONTENT="sätt"/>
						</TextLine>
						<TextLine ID="line_3" HPOS="214" VPOS="243" WIDTH="760" HEIGHT="25">
							<String ID="string_24" HPOS="214" VPOS="243" WIDTH="91" HEIGHT="17" WC="0.96" CONTENT="utveckla"/><SP WIDTH="17" VPOS="243" HPOS="305"/>
							<String ID="string_25" HPOS="322" VPOS="243" WIDTH="36" HEIGHT="23" WC="0.95" CONTENT="sig."/><SP WIDTH="24" VPOS="243" HPOS="358"/>
							<String ID="string_26" HPOS="382" VPOS="243" WIDTH="69" HEIGHT="19" WC="0.96" CONTENT="Såsom"/><SP WIDTH="16" VPOS="243" HPOS="451"/>
							<String ID="string_27" HPOS="467" VPOS="243" WIDTH="23" HEIGHT="18" WC="0.96" CONTENT="af"/><SP WIDTH="9" VPOS="243" HPOS="490"/>
							<String ID="string_28" HPOS="499" VPOS="244" WIDTH="33" HEIGHT="18" WC="0.93" CONTENT="det"/><SP WIDTH="12" VPOS="244" HPOS="532"/>
							<String ID="string_29" HPOS="544" VPOS="243" WIDTH="141" HEIGHT="20" WC="0.92" CONTENT="ofvanstående"/><SP WIDTH="12" VPOS="243" HPOS="685"/>
							<String ID="string_30" HPOS="697" VPOS="244" WIDTH="90" HEIGHT="24" WC="0.96" CONTENT="framgår,"/><SP WIDTH="9" VPOS="244" HPOS="787"/>
							<String ID="string_31" HPOS="796" VPOS="244" WIDTH="35" HEIGHT="18" WC="0.85" CONTENT="bar"/><SP WIDTH="12" VPOS="244" HPOS="831"/>
							<String ID="string_32" HPOS="843" VPOS="250" WIDTH="46" HEIGHT="12" WC="0.96" CONTENT="man"/><SP WIDTH="12" VPOS="250" HPOS="889"/>
							<String ID="string_33" HPOS="901" VPOS="246" WIDTH="30" HEIGHT="16" WC="0.93" CONTENT="att"/><SP WIDTH="12" VPOS="246" HPOS="931"/>
							<String ID="string_34" HPOS="943" VPOS="244" WIDTH="31" HEIGHT="18" WC="0.89" CONTENT="be-"/>
						</TextLine>
						<TextLine ID="line_4" HPOS="214" VPOS="271" WIDTH="760" HEIGHT="26">
							<String ID="string_35" HPOS="214" VPOS="271" WIDTH="47" HEIGHT="23" WC="0.95" CONTENT="fara,"/><SP WIDTH="17" VPOS="271" HPOS="261"/>
							<String ID="string_36" HPOS="278" VPOS="273" WIDTH="29" HEIGHT="16" WC="0.96" CONTENT="att"/><SP WIDTH="16" VPOS="273" HPOS="307"/>
							<String ID="string_37" HPOS="323" VPOS="272" WIDTH="36" HEIGHT="18" WC="0.96" CONTENT="allt"/><SP WIDTH="17" VPOS="272" HPOS="359"/>
							<String ID="string_38" HPOS="376" VPOS="272" WIDTH="52" HEIGHT="24" WC="0.96" CONTENT="hopp"/><SP WIDTH="15" VPOS="272" HPOS="428"/>
							<String ID="string_39" HPOS="443" VPOS="272" WIDTH="44" HEIGHT="19" WC="0.96" CONTENT="med"/><SP WIDTH="12" VPOS="272" HPOS="487"/>
							<String ID="string_40" HPOS="499" VPOS="272" WIDTH="92" HEIGHT="19" WC="0.92" CONTENT="afseende"/><SP WIDTH="12" VPOS="272" HPOS="591"/>
							<String ID="string_41" HPOS="603" VPOS="273" WIDTH="11" HEIGHT="17" WC="0.91" CONTENT="å"/><SP WIDTH="12" VPOS="273" HPOS="614"/>
							<String ID="string_42" HPOS="626" VPOS="272" WIDTH="104" HEIGHT="25" WC="0.96" CONTENT="förslagets"/><SP WIDTH="12" VPOS="272" HPOS="730"/>
							<String ID="string_43" HPOS="742" VPOS="273" WIDTH="158" HEIGHT="23" WC="0.95" CONTENT="förverkligande"/><SP WIDTH="12" VPOS="273" HPOS="900"/>
							<String ID="string_44" HPOS="912" VPOS="273" WIDTH="62" HEIGHT="17" WC="0.95" CONTENT="måste"/>
						</TextLine>
						<TextLine ID="line_5" HPOS="214" VPOS="300" WIDTH="760" HEIGHT="25">
							<String ID="string_45" HPOS="214" VPOS="300" WIDTH="110" HEIGHT="23" WC="0.92" CONTENT="uppgifvas,"/><SP WIDTH="17" VPOS="300" HPOS="324"/>
							<String ID="string_46" HPOS="341" VPOS="300" WIDTH="68" HEIGHT="19" WC="0.96" CONTENT="såvida"/><SP WIDTH="15" VPOS="300" HPOS="409"/>
							<String ID="string_47" HPOS="424" VPOS="301" WIDTH="106" HEIGHT="18" WC="0.96" CONTENT="ständerna"/><SP WIDTH="16" VPOS="301" HPOS="530"/>
							<String ID="string_48" HPOS="546" VPOS="301" WIDTH="16" HEIGHT="24" WC="0.95" CONTENT="ej"/><SP WIDTH="16" VPOS="301" HPOS="562"/>
							<String ID="string_49" HPOS="578" VPOS="301" WIDTH="55" HEIGHT="24" WC="0.96" CONTENT="gifva"/><SP WIDTH="15" VPOS="301" HPOS="633"/>
							<String ID="string_50" HPOS="648" VPOS="302" WIDTH="61" HEIGHT="18" WC="0.96" CONTENT="saken"/><SP WIDTH="12" VPOS="302" HPOS="709"/>
							<String ID="string_51" HPOS="721" VPOS="302" WIDTH="35" HEIGHT="18" WC="0.96" CONTENT="sitt"/><SP WIDTH="12" VPOS="302" HPOS="756"/>
							<String ID="string_52" HPOS="768" VPOS="302" WIDTH="111" HEIGHT="18" WC="0.96" CONTENT="understöd."/><SP WIDTH="24" VPOS="302" HPOS="879"/>
							<String ID="string_53" HPOS="903" VPOS="302" WIDTH="25" HEIGHT="18" WC="0.93" CONTENT="Vi"/><SP WIDTH="13" VPOS="302" HPOS="928"/>
							<String ID="string_54" HPOS="941" VPOS="307" WIDTH="33" HEIGHT="12" WC="0.93" CONTENT="an-"/>
						</TextLine>
						<TextLine ID="line_6" HPOS="214" VPOS="328" WIDTH="761" HEIGHT="26">
							<String ID="string_55" HPOS="214" VPOS="328" WIDTH="53" HEIGHT="18" WC="0.85" CONTENT="hålla"/><SP WIDTH="14" VPOS="328" HPOS="267"/>
							<String ID="string_56" HPOS="281" VPOS="328" WIDTH="66" HEIGHT="19" WC="0.96" CONTENT="därför"/><SP WIDTH="16" VPOS="328" HPOS="347"/>
							<String ID="string_57" HPOS="363" VPOS="330" WIDTH="111" HEIGHT="23" WC="0.96" CONTENT="ödmjukast"/><SP WIDTH="18" VPOS="330" HPOS="474"/>
							<String ID="string_58" HPOS="492" VPOS="332" WIDTH="30" HEIGHT="16" WC="0.91" CONTENT="att"/><SP WIDTH="17" VPOS="332" HPOS="522"/>
							<String ID="string_59" HPOS="539" VPOS="331" WIDTH="144" HEIGHT="23" WC="0.91" CONTENT="presteståndet"/><SP WIDTH="17" VPOS="331" HPOS="683"/>
							<String ID="string_60" HPOS="700" VPOS="330" WIDTH="132" HEIGHT="19" WC="0.95" CONTENT="tillsammans"/><SP WIDTH="18" VPOS="330" HPOS="832"/>
							<String ID="string_61" HPOS="850" VPOS="330" WIDTH="45" HEIGHT="18" WC="0.96" CONTENT="med"/><SP WIDTH="16" VPOS="330" HPOS="895"/>
							<String ID="string_62" HPOS="911" VPOS="330" WIDTH="64" HEIGHT="24" WC="0.96" CONTENT="öfriga"/>
						</TextLine>
						<TextLine ID="line_7" HPOS="215" VPOS="357" WIDTH="640" HEIGHT="26">
							<String ID="string_63" HPOS="215" VPOS="357" WIDTH="57" HEIGHT="18" WC="0.96" CONTENT="stånd"/><SP WIDTH="12" VPOS="357" HPOS="272"/>
							<String ID="string_64" HPOS="284" VPOS="358" WIDTH="7" HEIGHT="17" WC="0.92" CONTENT="i"/><SP WIDTH="12" VPOS="358" HPOS="291"/>
							<String ID="string_65" HPOS="303" VPOS="358" WIDTH="156" HEIGHT="24" WC="0.91" CONTENT="underdånighet"/><SP WIDTH="11" VPOS="358" HPOS="459"/>
							<String ID="string_66" HPOS="470" VPOS="359" WIDTH="62" HEIGHT="18" WC="0.93" CONTENT="måtte"/><SP WIDTH="12" VPOS="359" HPOS="532"/>
							<String ID="string_67" HPOS="544" VPOS="358" WIDTH="58" HEIGHT="19" WC="0.92" CONTENT="aflåta"/><SP WIDTH="12" VPOS="358" HPOS="602"/>
							<String ID="string_68" HPOS="614" VPOS="365" WIDTH="24" HEIGHT="13" WC="0.96" CONTENT="en"/><SP WIDTH="12" VPOS="365" HPOS="638"/>
							<String ID="string_69" HPOS="650" VPOS="360" WIDTH="84" HEIGHT="23" WC="0.96" CONTENT="petition"/><SP WIDTH="11" VPOS="360" HPOS="734"/>
							<String ID="string_70" HPOS="745" VPOS="360" WIDTH="45" HEIGHT="18" WC="0.96" CONTENT="med"/><SP WIDTH="12" VPOS="360" HPOS="790"/>
							<String ID="string_71" HPOS="802" VPOS="359" WIDTH="53" HEIGHT="23" WC="0.96" CONTENT="syfte"/>
						</TextLine>
					</TextBlock>
				</ComposedBlock>
				<ComposedBlock ID="cblock_2" HPOS="422" VPOS="416" WIDTH="552" HEIGHT="53">
					<TextBlock ID="block_2" HPOS="422" VPOS="416" WIDTH="552" HEIGHT="53">
						<TextLine ID="line_8" HPOS="491" VPOS="416" WIDTH="483" HEIGHT="19">
							<String ID="string_72" HPOS="491" VPOS="418" WIDTH="29" HEIGHT="16" WC="0.96" CONTENT="att"/><SP WIDTH="13" VPOS="418" HPOS="520"/>
							<String ID="string_73" HPOS="533" VPOS="416" WIDTH="31" HEIGHT="18" WC="0.96" CONTENT="vid"/><SP WIDTH="14" VPOS="416" HPOS="564"/>
							<String ID="string_74" HPOS="578" VPOS="416" WIDTH="70" HEIGHT="19" WC="0.96" CONTENT="landets"/><SP WIDTH="11" VPOS="416" HPOS="648"/>
							<String ID="string_75" HPOS="659" VPOS="416" WIDTH="108" HEIGHT="19" WC="0.96" CONTENT="universitet"/><SP WIDTH="12" VPOS="416" HPOS="767"/>
							<String ID="string_76" HPOS="779" VPOS="416" WIDTH="102" HEIGHT="19" WC="0.95" CONTENT="inrättades"/><SP WIDTH="12" VPOS="416" HPOS="881"/>
							<String ID="string_77" HPOS="893" VPOS="422" WIDTH="22" HEIGHT="12" WC="0.93" CONTENT="en"/><SP WIDTH="11" VPOS="422" HPOS="915"/>
							<String ID="string_78" HPOS="926" VPOS="416" WIDTH="48" HEIGHT="18" WC="0.92" CONTENT="ordi-"/>
						</TextLine>
						<TextLine ID="line_9" HPOS="422" VPOS="445" WIDTH="520" HEIGHT="24">
							<String ID="string_79" HPOS="422" VPOS="445" WIDTH="52" HEIGHT="18" WC="0.90" CONTENT="narie"/><SP WIDTH="9" VPOS="445" HPOS="474"/>
							<String ID="string_80" HPOS="483" VPOS="445" WIDTH="96" HEIGHT="23" WC="0.95" CONTENT="professur"/><SP WIDTH="12" VPOS="445" HPOS="579"/>
							<String ID="string_81" HPOS="591" VPOS="445" WIDTH="7" HEIGHT="18" WC="0.92" CONTENT="i"/><SP WIDTH="12" VPOS="445" HPOS="598"/>
							<String ID="string_82" HPOS="610" VPOS="446" WIDTH="92" HEIGHT="18" WC="0.90" CONTENT="romanisk"/><SP WIDTH="12" VPOS="446" HPOS="702"/>
							<String ID="string_83" HPOS="714" VPOS="446" WIDTH="32" HEIGHT="18" WC="0.93" CONTENT="och"/><SP WIDTH="10" VPOS="446" HPOS="746"/>
							<String ID="string_84" HPOS="756" VPOS="445" WIDTH="103" HEIGHT="24" WC="0.91" CONTENT="germanisk"/><SP WIDTH="12" VPOS="445" HPOS="859"/>
							<String ID="string_85" HPOS="871" VPOS="445" WIDTH="71" HEIGHT="23" WC="0.96" CONTENT="filologi."/>
						</TextLine>
					</TextBlock>
				</ComposedBlock>
				<ComposedBlock ID="cblock_3" HPOS="284" VPOS="507" WIDTH="357" HEIGHT="24">
					<TextBlock ID="block_3" HPOS="284" VPOS="507" WIDTH="357" HEIGHT="24">
						<TextLine ID="line_10" HPOS="284" VPOS="507" WIDTH="357" HEIGHT="24">
							<String ID="string_86" HPOS="284" VPOS="507" WIDTH="125" HEIGHT="24" WC="0.96" CONTENT="Helsingfors"/><SP WIDTH="12" VPOS="507" HPOS="409"/>
							<String ID="string_87" HPOS="421" VPOS="508" WIDTH="38" HEIGHT="18" WC="0.96" CONTENT="den"/><SP WIDTH="12" VPOS="508" HPOS="459"/>
							<String ID="string_88" HPOS="471" VPOS="509" WIDTH="10" HEIGHT="16" WC="0.95" CONTENT="5"/><SP WIDTH="13" VPOS="509" HPOS="481"/>
							<String ID="string_89" HPOS="494" VPOS="508" WIDTH="85" HEIGHT="18" WC="0.96" CONTENT="februari"/><SP WIDTH="13" VPOS="508" HPOS="579"/>
							<String ID="string_90" HPOS="592" VPOS="509" WIDTH="49" HEIGHT="17" WC="0.96" CONTENT="1891."/>
						</TextLine>
					</TextBlock>
				</ComposedBlock>
				<ComposedBlock ID="cblock_4" HPOS="286" VPOS="600" WIDTH="619" HEIGHT="23">
					<TextBlock ID="block_4" HPOS="286" VPOS="600" WIDTH="619" HEIGHT="23">
						<TextLine ID="line_11" HPOS="286" VPOS="600" WIDTH="619" HEIGHT="23">
							<String ID="string_91" HPOS="286" VPOS="600" WIDTH="20" HEIGHT="22" WC="0.95" CONTENT="J."/><SP WIDTH="16" VPOS="600" HPOS="306"/>
							<String ID="string_92" HPOS="322" VPOS="600" WIDTH="25" HEIGHT="22" WC="0.95" CONTENT="R."/><SP WIDTH="15" VPOS="600" HPOS="347"/>
							<String ID="string_93" HPOS="362" VPOS="600" WIDTH="122" HEIGHT="23" WC="0.95" CONTENT="Danielson."/><SP WIDTH="251" VPOS="600" HPOS="484"/>
							<String ID="string_94" HPOS="735" VPOS="601" WIDTH="22" HEIGHT="22" WC="0.95" CONTENT="E."/><SP WIDTH="16" VPOS="601" HPOS="757"/>
							<String ID="string_95" HPOS="773" VPOS="601" WIDTH="22" HEIGHT="22" WC="0.95" CONTENT="6."/><SP WIDTH="16" VPOS="601" HPOS="795"/>
							<String ID="string_96" HPOS="811" VPOS="600" WIDTH="94" HEIGHT="23" WC="0.80" CONTENT="Palmen."/>
						</TextLine>
					</TextBlock>
				</ComposedBlock>
				<ComposedBlock ID="cblock_5" HPOS="216" VPOS="870" WIDTH="759" HEIGHT="581">
					<TextBlock ID="block_5" HPOS="218" VPOS="870" WIDTH="757" HEIGHT="304">
						<TextLine ID="line_12" HPOS="287" VPOS="870" WIDTH="687" HEIGHT="29">
							<String ID="string_97" HPOS="287" VPOS="870" WIDTH="10" HEIGHT="20" WC="0.96" CONTENT="I"/><SP WIDTH="15" VPOS="870" HPOS="297"/>
							<String ID="string_98" HPOS="312" VPOS="870" WIDTH="136" HEIGHT="23" WC="0.92" CONTENT="förestående"/><SP WIDTH="16" VPOS="870" HPOS="448"/>
							<String ID="string_99" HPOS="464" VPOS="872" WIDTH="214" HEIGHT="27" WC="0.42" CONTENT="petitionsmemoria]"/><SP WIDTH="15" VPOS="872" HPOS="678"/>
							<String ID="string_100" HPOS="693" VPOS="872" WIDTH="62" HEIGHT="26" WC="0.96" CONTENT="ingår"/><SP WIDTH="16" VPOS="872" HPOS="755"/>
							<String ID="string_101" HPOS="771" VPOS="878" WIDTH="25" HEIGHT="15" WC="0.97" CONTENT="en"/><SP WIDTH="17" VPOS="878" HPOS="796"/>
							<String ID="string_102" HPOS="813" VPOS="871" WIDTH="161" HEIGHT="27" WC="0.94" CONTENT="framställning"/>
						</TextLine>
						<TextLine ID="line_13" HPOS="219" VPOS="904" WIDTH="754" HEIGHT="29">
							<String ID="string_103" HPOS="219" VPOS="904" WIDTH="24" HEIGHT="21" WC="0.94" CONTENT="af"/><SP WIDTH="21" VPOS="904" HPOS="243"/>
							<String ID="string_104" HPOS="264" VPOS="905" WIDTH="27" HEIGHT="21" WC="0.93" CONTENT="de"/><SP WIDTH="23" VPOS="905" HPOS="291"/>
							<String ID="string_105" HPOS="314" VPOS="904" WIDTH="78" HEIGHT="22" WC="0.92" CONTENT="skiften"/><SP WIDTH="18" VPOS="904" HPOS="392"/>
							<String ID="string_106" HPOS="410" VPOS="905" WIDTH="76" HEIGHT="28" WC="0.91" CONTENT="frägan"/><SP WIDTH="16" VPOS="905" HPOS="486"/>
							<String ID="string_107" HPOS="502" VPOS="913" WIDTH="35" HEIGHT="14" WC="0.93" CONTENT="om"/><SP WIDTH="15" VPOS="913" HPOS="537"/>
							<String ID="string_108" HPOS="552" VPOS="906" WIDTH="135" HEIGHT="22" WC="0.91" CONTENT="inrättandet"/><SP WIDTH="15" VPOS="906" HPOS="687"/>
							<String ID="string_109" HPOS="702" VPOS="906" WIDTH="25" HEIGHT="21" WC="0.96" CONTENT="af"/><SP WIDTH="13" VPOS="906" HPOS="727"/>
							<String ID="string_110" HPOS="740" VPOS="912" WIDTH="27" HEIGHT="15" WC="0.93" CONTENT="en"/><SP WIDTH="16" VPOS="912" HPOS="767"/>
							<String ID="string_111" HPOS="783" VPOS="905" WIDTH="110" HEIGHT="27" WC="0.93" CONTENT="professur"/><SP WIDTH="13" VPOS="905" HPOS="893"/>
							<String ID="string_112" HPOS="906" VPOS="906" WIDTH="8" HEIGHT="20" WC="0.93" CONTENT="i"/><SP WIDTH="16" VPOS="906" HPOS="914"/>
							<String ID="string_113" HPOS="930" VPOS="913" WIDTH="43" HEIGHT="13" WC="0.89" CONTENT="mo-"/>
						</TextLine>
						<TextLine ID="line_14" HPOS="219" VPOS="938" WIDTH="755" HEIGHT="29">
							<String ID="string_114" HPOS="219" VPOS="938" WIDTH="67" HEIGHT="22" WC="0.88" CONTENT="derna"/><SP WIDTH="16" VPOS="938" HPOS="286"/>
							<String ID="string_115" HPOS="302" VPOS="939" WIDTH="66" HEIGHT="27" WC="0.88" CONTENT="spräk"/><SP WIDTH="15" VPOS="939" HPOS="368"/>
							<String ID="string_116" HPOS="383" VPOS="939" WIDTH="78" HEIGHT="22" WC="0.92" CONTENT="hittills"/><SP WIDTH="15" VPOS="939" HPOS="461"/>
							<String ID="string_117" HPOS="476" VPOS="941" WIDTH="131" HEIGHT="26" WC="0.87" CONTENT="genomgätt."/><SP WIDTH="31" VPOS="941" HPOS="607"/>
							<String ID="string_118" HPOS="638" VPOS="941" WIDTH="76" HEIGHT="21" WC="0.87" CONTENT="Säsom"/><SP WIDTH="16" VPOS="941" HPOS="714"/>
							<String ID="string_119" HPOS="730" VPOS="940" WIDTH="65" HEIGHT="21" WC="0.91" CONTENT="därur"/><SP WIDTH="16" VPOS="940" HPOS="795"/>
							<String ID="string_120" HPOS="811" VPOS="939" WIDTH="96" HEIGHT="28" WC="0.92" CONTENT="framgär"/><SP WIDTH="10" VPOS="939" HPOS="907"/>
							<String ID="string_121" HPOS="917" VPOS="939" WIDTH="57" HEIGHT="21" WC="0.96" CONTENT="hade"/>
						</TextLine>
						<TextLine ID="line_15" HPOS="218" VPOS="973" WIDTH="756" HEIGHT="29">
							<String ID="string_122" HPOS="218" VPOS="974" WIDTH="26" HEIGHT="20" WC="0.95" CONTENT="de"/><SP WIDTH="16" VPOS="974" HPOS="244"/>
							<String ID="string_123" HPOS="260" VPOS="973" WIDTH="92" HEIGHT="28" WC="0.96" CONTENT="tidigare"/><SP WIDTH="16" VPOS="973" HPOS="352"/>
							<String ID="string_124" HPOS="368" VPOS="974" WIDTH="28" HEIGHT="28" WC="0.93" CONTENT="pä"/><SP WIDTH="15" VPOS="974" HPOS="396"/>
							<String ID="string_125" HPOS="411" VPOS="974" WIDTH="153" HEIGHT="22" WC="0.92" CONTENT="företrädesvis"/><SP WIDTH="14" VPOS="974" HPOS="564"/>
							<String ID="string_126" HPOS="578" VPOS="974" WIDTH="167" HEIGHT="28" WC="0.92" CONTENT="vetenskapliga"/><SP WIDTH="15" VPOS="974" HPOS="745"/>
							<String ID="string_127" HPOS="760" VPOS="974" WIDTH="135" HEIGHT="28" WC="0.91" CONTENT="synpunkter"/><SP WIDTH="15" VPOS="974" HPOS="895"/>
							<String ID="string_128" HPOS="910" VPOS="981" WIDTH="64" HEIGHT="21" WC="0.91" CONTENT="grun-"/>
						</TextLine>
						<TextLine ID="line_16" HPOS="219" VPOS="1008" WIDTH="754" HEIGHT="28">
							<String ID="string_129" HPOS="219" VPOS="1008" WIDTH="55" HEIGHT="21" WC="0.91" CONTENT="dade"/><SP WIDTH="16" VPOS="1008" HPOS="274"/>
							<String ID="string_130" HPOS="290" VPOS="1008" WIDTH="74" HEIGHT="22" WC="0.96" CONTENT="skälen"/><SP WIDTH="15" VPOS="1008" HPOS="364"/>
							<String ID="string_131" HPOS="379" VPOS="1015" WIDTH="78" HEIGHT="21" WC="0.96" CONTENT="genom"/><SP WIDTH="16" VPOS="1015" HPOS="457"/>
							<String ID="string_132" HPOS="473" VPOS="1009" WIDTH="25" HEIGHT="21" WC="0.93" CONTENT="K."/><SP WIDTH="16" VPOS="1009" HPOS="498"/>
							<String ID="string_133" HPOS="514" VPOS="1009" WIDTH="23" HEIGHT="21" WC="0.92" CONTENT="F."/><SP WIDTH="16" VPOS="1009" HPOS="537"/>
							<String ID="string_134" HPOS="553" VPOS="1008" WIDTH="25" HEIGHT="22" WC="0.5" CONTENT="af"/><SP WIDTH="6" VPOS="1008" HPOS="578"/>
							<String ID="string_135" HPOS="584" VPOS="1010" WIDTH="41" HEIGHT="20" WC="0.5" CONTENT="den"/><SP WIDTH="17" VPOS="1010" HPOS="625"/>
							<String ID="string_136" HPOS="642" VPOS="1010" WIDTH="26" HEIGHT="21" WC="0.92" CONTENT="23"/><SP WIDTH="9" VPOS="1010" HPOS="668"/>
							<String ID="string_137" HPOS="677" VPOS="1016" WIDTH="48" HEIGHT="20" WC="0.96" CONTENT="aug."/><SP WIDTH="12" VPOS="1016" HPOS="725"/>
							<String ID="string_138" HPOS="737" VPOS="1010" WIDTH="54" HEIGHT="21" WC="0.93" CONTENT="1883"/><SP WIDTH="10" VPOS="1010" HPOS="791"/>
							<String ID="string_139" HPOS="801" VPOS="1009" WIDTH="92" HEIGHT="21" WC="0.92" CONTENT="rörande"/><SP WIDTH="9" VPOS="1009" HPOS="893"/>
							<String ID="string_140" HPOS="902" VPOS="1016" WIDTH="71" HEIGHT="14" WC="0.92" CONTENT="omor-"/>
						</TextLine>
						<TextLine ID="line_17" HPOS="218" VPOS="1042" WIDTH="756" HEIGHT="28">
							<String ID="string_141" HPOS="218" VPOS="1042" WIDTH="125" HEIGHT="26" WC="0.91" CONTENT="ganisation"/><SP WIDTH="19" VPOS="1042" HPOS="343"/>
							<String ID="string_142" HPOS="362" VPOS="1042" WIDTH="24" HEIGHT="22" WC="0.93" CONTENT="af"/><SP WIDTH="13" VPOS="1042" HPOS="386"/>
							<String ID="string_143" HPOS="399" VPOS="1043" WIDTH="246" HEIGHT="22" WC="0.91" CONTENT="elementarläroverken"/><SP WIDTH="16" VPOS="1043" HPOS="645"/>
							<String ID="string_144" HPOS="661" VPOS="1044" WIDTH="77" HEIGHT="21" WC="0.91" CONTENT="vunnit"/><SP WIDTH="16" VPOS="1044" HPOS="738"/>
							<String ID="string_145" HPOS="754" VPOS="1044" WIDTH="72" HEIGHT="20" WC="0.96" CONTENT="stödet"/><SP WIDTH="16" VPOS="1044" HPOS="826"/>
							<String ID="string_146" HPOS="842" VPOS="1042" WIDTH="25" HEIGHT="22" WC="0.96" CONTENT="af"/><SP WIDTH="12" VPOS="1042" HPOS="867"/>
							<String ID="string_147" HPOS="879" VPOS="1045" WIDTH="31" HEIGHT="19" WC="0.93" CONTENT="ett"/><SP WIDTH="15" VPOS="1045" HPOS="910"/>
							<String ID="string_148" HPOS="925" VPOS="1050" WIDTH="49" HEIGHT="20" WC="0.91" CONTENT="syn-"/>
						</TextLine>
						<TextLine ID="line_18" HPOS="219" VPOS="1076" WIDTH="755" HEIGHT="29">
							<String ID="string_149" HPOS="219" VPOS="1076" WIDTH="97" HEIGHT="28" WC="0.92" CONTENT="nerligen"/><SP WIDTH="23" VPOS="1076" HPOS="316"/>
							<String ID="string_150" HPOS="339" VPOS="1077" WIDTH="95" HEIGHT="21" WC="0.92" CONTENT="känbart"/><SP WIDTH="15" VPOS="1077" HPOS="434"/>
							<String ID="string_151" HPOS="449" VPOS="1078" WIDTH="109" HEIGHT="27" WC="0.92" CONTENT="praktiskt"/><SP WIDTH="15" VPOS="1078" HPOS="558"/>
							<String ID="string_152" HPOS="573" VPOS="1078" WIDTH="70" HEIGHT="22" WC="0.89" CONTENT="behof."/><SP WIDTH="31" VPOS="1078" HPOS="643"/>
							<String ID="string_153" HPOS="674" VPOS="1078" WIDTH="84" HEIGHT="22" WC="0.91" CONTENT="Nämda"/><SP WIDTH="16" VPOS="1078" HPOS="758"/>
							<String ID="string_154" HPOS="774" VPOS="1078" WIDTH="127" HEIGHT="26" WC="0.93" CONTENT="förordning"/><SP WIDTH="16" VPOS="1078" HPOS="901"/>
							<String ID="string_155" HPOS="917" VPOS="1078" WIDTH="57" HEIGHT="21" WC="0.92" CONTENT="stad-"/>
						</TextLine>
						<TextLine ID="line_19" HPOS="218" VPOS="1111" WIDTH="757" HEIGHT="29">
							<String ID="string_156" HPOS="218" VPOS="1117" WIDTH="40" HEIGHT="21" WC="0.96" CONTENT="gar"/><SP WIDTH="22" VPOS="1117" HPOS="258"/>
							<String ID="string_157" HPOS="280" VPOS="1111" WIDTH="111" HEIGHT="28" WC="0.93" CONTENT="nämligen"/><SP WIDTH="22" VPOS="1111" HPOS="391"/>
							<String ID="string_158" HPOS="413" VPOS="1112" WIDTH="134" HEIGHT="22" WC="0.90" CONTENT="inrättandet"/><SP WIDTH="22" VPOS="1112" HPOS="547"/>
							<String ID="string_159" HPOS="569" VPOS="1112" WIDTH="25" HEIGHT="22" WC="0.93" CONTENT="af"/><SP WIDTH="19" VPOS="1112" HPOS="594"/>
							<String ID="string_160" HPOS="613" VPOS="1112" WIDTH="92" HEIGHT="22" WC="0.92" CONTENT="lektorat"/><SP WIDTH="22" VPOS="1112" HPOS="705"/>
							<String ID="string_161" HPOS="727" VPOS="1113" WIDTH="7" HEIGHT="21" WC="0.93" CONTENT="i"/><SP WIDTH="16" VPOS="1113" HPOS="734"/>
							<String ID="string_162" HPOS="750" VPOS="1112" WIDTH="91" HEIGHT="22" WC="0.91" CONTENT="franska"/><SP WIDTH="15" VPOS="1112" HPOS="841"/>
							<String ID="string_163" HPOS="856" VPOS="1112" WIDTH="41" HEIGHT="22" WC="0.96" CONTENT="och"/><SP WIDTH="14" VPOS="1112" HPOS="897"/>
							<String ID="string_164" HPOS="911" VPOS="1112" WIDTH="64" HEIGHT="28" WC="0.96" CONTENT="tyska"/>
						</TextLine>
						<TextLine ID="line_20" HPOS="219" VPOS="1145" WIDTH="683" HEIGHT="29">
							<String ID="string_165" HPOS="219" VPOS="1145" WIDTH="94" HEIGHT="27" WC="0.92" CONTENT="spräken"/><SP WIDTH="17" VPOS="1145" HPOS="313"/>
							<String ID="string_166" HPOS="330" VPOS="1146" WIDTH="36" HEIGHT="21" WC="0.96" CONTENT="vid"/><SP WIDTH="15" VPOS="1146" HPOS="366"/>
							<String ID="string_167" HPOS="381" VPOS="1147" WIDTH="27" HEIGHT="21" WC="0.96" CONTENT="de"/><SP WIDTH="15" VPOS="1147" HPOS="408"/>
							<String ID="string_168" HPOS="423" VPOS="1147" WIDTH="67" HEIGHT="21" WC="0.96" CONTENT="sedan"/><SP WIDTH="18" VPOS="1147" HPOS="490"/>
							<String ID="string_169" HPOS="508" VPOS="1147" WIDTH="54" HEIGHT="21" WC="0.93" CONTENT="1883"/><SP WIDTH="16" VPOS="1147" HPOS="562"/>
							<String ID="string_170" HPOS="578" VPOS="1147" WIDTH="154" HEIGHT="27" WC="0.92" CONTENT="organiserade"/><SP WIDTH="17" VPOS="1147" HPOS="732"/>
							<String ID="string_171" HPOS="749" VPOS="1146" WIDTH="153" HEIGHT="28" WC="0.91" CONTENT="reallyceerna."/>
						</TextLine>
					</TextBlock>
					<TextBlock ID="block_6" HPOS="216" VPOS="1180" WIDTH="759" HEIGHT="271">
						<TextLine ID="line_21" HPOS="287" VPOS="1180" WIDTH="687" HEIGHT="29">
							<String ID="string_172" HPOS="287" VPOS="1180" WIDTH="67" HEIGHT="28" WC="0.65" CONTENT="1851"/><SP WIDTH="10" VPOS="1180" HPOS="354"/>
							<String ID="string_173" HPOS="364" VPOS="1180" WIDTH="25" HEIGHT="22" WC="0.93" CONTENT="af"/><SP WIDTH="5" VPOS="1180" HPOS="389"/>
							<String ID="string_174" HPOS="394" VPOS="1180" WIDTH="85" HEIGHT="28" WC="0.92" CONTENT="Nädiga"/><SP WIDTH="8" VPOS="1180" HPOS="479"/>
							<String ID="string_175" HPOS="487" VPOS="1181" WIDTH="174" HEIGHT="28" WC="0.92" CONTENT="Skolordningen"/><SP WIDTH="8" VPOS="1181" HPOS="661"/>
							<String ID="string_176" HPOS="669" VPOS="1181" WIDTH="24" HEIGHT="21" WC="0.96" CONTENT="af"/><SP WIDTH="8" VPOS="1181" HPOS="693"/>
							<String ID="string_177" HPOS="701" VPOS="1182" WIDTH="43" HEIGHT="20" WC="0.96" CONTENT="den"/><SP WIDTH="16" VPOS="1182" HPOS="744"/>
							<String ID="string_178" HPOS="760" VPOS="1182" WIDTH="13" HEIGHT="20" WC="0.93" CONTENT="8"/><SP WIDTH="14" VPOS="1182" HPOS="773"/>
							<String ID="string_179" HPOS="787" VPOS="1181" WIDTH="88" HEIGHT="27" WC="0.96" CONTENT="augusti"/><SP WIDTH="8" VPOS="1181" HPOS="875"/>
							<String ID="string_180" HPOS="883" VPOS="1181" WIDTH="56" HEIGHT="21" WC="0.92" CONTENT="1872"/><SP WIDTH="11" VPOS="1181" HPOS="939"/>
							<String ID="string_181" HPOS="950" VPOS="1194" WIDTH="24" HEIGHT="2" WC="0.92" CONTENT="—"/>
						</TextLine>
						<TextLine ID="line_22" HPOS="219" VPOS="1215" WIDTH="756" HEIGHT="27">
							<String ID="string_182" HPOS="219" VPOS="1215" WIDTH="89" HEIGHT="21" WC="0.93" CONTENT="hvilken"/><SP WIDTH="17" VPOS="1215" HPOS="308"/>
							<String ID="string_183" HPOS="325" VPOS="1217" WIDTH="11" HEIGHT="25" WC="0.50" CONTENT="$"/><SP WIDTH="20" VPOS="1217" HPOS="336"/>
							<String ID="string_184" HPOS="356" VPOS="1215" WIDTH="48" HEIGHT="22" WC="0.96" CONTENT="icke"/><SP WIDTH="15" VPOS="1215" HPOS="404"/>
							<String ID="string_185" HPOS="419" VPOS="1216" WIDTH="89" HEIGHT="21" WC="0.96" CONTENT="ändrats"/><SP WIDTH="16" VPOS="1216" HPOS="508"/>
							<String ID="string_186" HPOS="524" VPOS="1216" WIDTH="24" HEIGHT="21" WC="0.97" CONTENT="af"/><SP WIDTH="14" VPOS="1216" HPOS="548"/>
							<String ID="string_187" HPOS="562" VPOS="1216" WIDTH="55" HEIGHT="22" WC="0.93" CONTENT="1883"/><SP WIDTH="15" VPOS="1216" HPOS="617"/>
							<String ID="string_188" HPOS="632" VPOS="1216" WIDTH="35" HEIGHT="21" WC="0.96" CONTENT="års"/><SP WIDTH="15" VPOS="1216" HPOS="667"/>
							<String ID="string_189" HPOS="682" VPOS="1216" WIDTH="165" HEIGHT="26" WC="0.93" CONTENT="författning"/><SP WIDTH="-22" VPOS="1216" HPOS="847"/>
							<String ID="string_190" HPOS="825" VPOS="1211" WIDTH="13" HEIGHT="37" WC="0.90" CONTENT="—"/><SP WIDTH="20" VPOS="1211" HPOS="838"/>
							<String ID="string_191" HPOS="858" VPOS="1215" WIDTH="117" HEIGHT="23" WC="0.96" CONTENT="fastställes"/>
						</TextLine>
						<TextLine ID="line_23" HPOS="219" VPOS="1250" WIDTH="756" HEIGHT="28">
							<String ID="string_192" HPOS="219" VPOS="1250" WIDTH="71" HEIGHT="20" WC="0.92" CONTENT="såsom"/><SP WIDTH="19" VPOS="1250" HPOS="290"/>
							<String ID="string_193" HPOS="309" VPOS="1250" WIDTH="199" HEIGHT="28" WC="0.91" CONTENT="kompetensvilkor"/><SP WIDTH="15" VPOS="1250" HPOS="508"/>
							<String ID="string_194" HPOS="523" VPOS="1250" WIDTH="33" HEIGHT="21" WC="0.93" CONTENT="för"/><SP WIDTH="15" VPOS="1250" HPOS="556"/>
							<String ID="string_195" HPOS="571" VPOS="1250" WIDTH="134" HEIGHT="22" WC="0.92" CONTENT="erhållandet"/><SP WIDTH="16" VPOS="1250" HPOS="705"/>
							<String ID="string_196" HPOS="721" VPOS="1250" WIDTH="25" HEIGHT="22" WC="0.93" CONTENT="af"/><SP WIDTH="8" VPOS="1250" HPOS="746"/>
							<String ID="string_197" HPOS="754" VPOS="1250" WIDTH="158" HEIGHT="28" WC="0.91" CONTENT="lektorstjenst:"/><SP WIDTH="17" VPOS="1250" HPOS="912"/>
							<String ID="string_198" HPOS="929" VPOS="1252" WIDTH="46" HEIGHT="24" WC="0.90" CONTENT=",,att"/>
						</TextLine>
						<TextLine ID="line_24" HPOS="218" VPOS="1284" WIDTH="757" HEIGHT="28">
							<String ID="string_199" HPOS="218" VPOS="1284" WIDTH="113" HEIGHT="22" WC="0.96" CONTENT="sökanden"/><SP WIDTH="23" VPOS="1284" HPOS="331"/>
							<String ID="string_200" HPOS="354" VPOS="1284" WIDTH="77" HEIGHT="22" WC="0.93" CONTENT="vunnit"/><SP WIDTH="15" VPOS="1284" HPOS="431"/>
							<String ID="string_201" HPOS="446" VPOS="1284" WIDTH="250" HEIGHT="28" WC="0.75" CONTENT="filosofiekandidatgrad"/><SP WIDTH="15" VPOS="1284" HPOS="696"/>
							<String ID="string_202" HPOS="711" VPOS="1286" WIDTH="59" HEIGHT="20" WC="0.96" CONTENT="samt"/><SP WIDTH="15" VPOS="1286" HPOS="770"/>
							<String ID="string_203" HPOS="785" VPOS="1284" WIDTH="76" HEIGHT="22" WC="0.96" CONTENT="därvid"/><SP WIDTH="15" VPOS="1284" HPOS="861"/>
							<String ID="string_204" HPOS="876" VPOS="1284" WIDTH="7" HEIGHT="22" WC="0.96" CONTENT="i"/><SP WIDTH="16" VPOS="1284" HPOS="883"/>
							<String ID="string_205" HPOS="899" VPOS="1286" WIDTH="27" HEIGHT="20" WC="0.96" CONTENT="de"/><SP WIDTH="16" VPOS="1286" HPOS="926"/>
							<String ID="string_206" HPOS="942" VPOS="1285" WIDTH="33" HEIGHT="21" WC="0.96" CONTENT="till"/>
						</TextLine>
						<TextLine ID="line_25" HPOS="217" VPOS="1318" WIDTH="757" HEIGHT="28">
							<String ID="string_207" HPOS="217" VPOS="1318" WIDTH="96" HEIGHT="28" WC="0.92" CONTENT="tjensten"/><SP WIDTH="24" VPOS="1318" HPOS="313"/>
							<String ID="string_208" HPOS="337" VPOS="1319" WIDTH="97" HEIGHT="21" WC="0.90" CONTENT="hörande"/><SP WIDTH="22" VPOS="1319" HPOS="434"/>
							<String ID="string_209" HPOS="456" VPOS="1319" WIDTH="162" HEIGHT="22" WC="0.90" CONTENT="hufvudämnen"/><SP WIDTH="18" VPOS="1319" HPOS="618"/>
							<String ID="string_210" HPOS="636" VPOS="1320" WIDTH="55" HEIGHT="21" WC="0.96" CONTENT="visat"/><SP WIDTH="15" VPOS="1320" HPOS="691"/>
							<String ID="string_211" HPOS="706" VPOS="1319" WIDTH="33" HEIGHT="27" WC="0.93" CONTENT="sig"/><SP WIDTH="16" VPOS="1319" HPOS="739"/>
							<String ID="string_212" HPOS="755" VPOS="1325" WIDTH="40" HEIGHT="21" WC="0.92" CONTENT="ega"/><SP WIDTH="15" VPOS="1325" HPOS="795"/>
							<String ID="string_213" HPOS="810" VPOS="1318" WIDTH="83" HEIGHT="22" WC="0.93" CONTENT="sådana"/><SP WIDTH="16" VPOS="1318" HPOS="893"/>
							<String ID="string_214" HPOS="909" VPOS="1319" WIDTH="65" HEIGHT="27" WC="0.92" CONTENT="insig-"/>
						</TextLine>
						<TextLine ID="line_26" HPOS="216" VPOS="1352" WIDTH="758" HEIGHT="29">
							<String ID="string_215" HPOS="216" VPOS="1354" WIDTH="40" HEIGHT="26" WC="0.97" CONTENT="ter,"/><SP WIDTH="16" VPOS="1354" HPOS="256"/>
							<String ID="string_216" HPOS="272" VPOS="1354" WIDTH="33" HEIGHT="20" WC="0.96" CONTENT="att"/><SP WIDTH="16" VPOS="1354" HPOS="305"/>
							<String ID="string_217" HPOS="321" VPOS="1354" WIDTH="27" HEIGHT="21" WC="0.96" CONTENT="de"/><SP WIDTH="15" VPOS="1354" HPOS="348"/>
							<String ID="string_218" HPOS="363" VPOS="1353" WIDTH="71" HEIGHT="23" WC="0.96" CONTENT="blifvit"/><SP WIDTH="16" VPOS="1353" HPOS="434"/>
							<String ID="string_219" HPOS="450" VPOS="1354" WIDTH="49" HEIGHT="21" WC="0.95" CONTENT="med"/><SP WIDTH="15" VPOS="1354" HPOS="499"/>
							<String ID="string_220" HPOS="514" VPOS="1354" WIDTH="78" HEIGHT="27" WC="0.96" CONTENT="högsta"/><SP WIDTH="14" VPOS="1354" HPOS="592"/>
							<String ID="string_221" HPOS="606" VPOS="1354" WIDTH="81" HEIGHT="22" WC="0.96" CONTENT="vitsord"/><SP WIDTH="10" VPOS="1354" HPOS="687"/>
							<String ID="string_222" HPOS="697" VPOS="1353" WIDTH="130" HEIGHT="22" WC="0.28" CONTENT="bedömda.&quot;"/><SP WIDTH="26" VPOS="1353" HPOS="827"/>
							<String ID="string_223" HPOS="853" VPOS="1352" WIDTH="48" HEIGHT="22" WC="0.96" CONTENT="Men"/><SP WIDTH="12" VPOS="1352" HPOS="901"/>
							<String ID="string_224" HPOS="913" VPOS="1354" WIDTH="61" HEIGHT="21" WC="0.96" CONTENT="detta"/>
						</TextLine>
						<TextLine ID="line_27" HPOS="217" VPOS="1387" WIDTH="758" HEIGHT="29">
							<String ID="string_225" HPOS="217" VPOS="1388" WIDTH="122" HEIGHT="27" WC="0.96" CONTENT="stadgande"/><SP WIDTH="23" VPOS="1388" HPOS="339"/>
							<String ID="string_226" HPOS="362" VPOS="1387" WIDTH="74" HEIGHT="23" WC="0.93" CONTENT="kunna"/><SP WIDTH="23" VPOS="1387" HPOS="436"/>
							<String ID="string_227" HPOS="459" VPOS="1388" WIDTH="121" HEIGHT="28" WC="0.92" CONTENT="aspiranter"/><SP WIDTH="22" VPOS="1388" HPOS="580"/>
							<String ID="string_228" HPOS="602" VPOS="1388" WIDTH="33" HEIGHT="22" WC="0.96" CONTENT="till"/><SP WIDTH="23" VPOS="1388" HPOS="635"/>
							<String ID="string_229" HPOS="658" VPOS="1389" WIDTH="26" HEIGHT="20" WC="0.96" CONTENT="de"/><SP WIDTH="22" VPOS="1389" HPOS="684"/>
							<String ID="string_230" HPOS="706" VPOS="1394" WIDTH="44" HEIGHT="22" WC="0.93" CONTENT="nya"/><SP WIDTH="21" VPOS="1394" HPOS="750"/>
							<String ID="string_231" HPOS="771" VPOS="1387" WIDTH="204" HEIGHT="28" WC="0.92" CONTENT="lektorstjensterna"/>
						</TextLine>
						<TextLine ID="line_28" HPOS="219" VPOS="1422" WIDTH="756" HEIGHT="29">
							<String ID="string_232" HPOS="219" VPOS="1422" WIDTH="99" HEIGHT="28" WC="0.95" CONTENT="omöjligt"/><SP WIDTH="23" VPOS="1422" HPOS="318"/>
							<String ID="string_233" HPOS="341" VPOS="1422" WIDTH="105" HEIGHT="28" WC="0.95" CONTENT="uppfylla,"/><SP WIDTH="23" VPOS="1422" HPOS="446"/>
							<String ID="string_234" HPOS="469" VPOS="1425" WIDTH="23" HEIGHT="26" WC="0.96" CONTENT="ty"/><SP WIDTH="21" VPOS="1425" HPOS="492"/>
							<String ID="string_235" HPOS="513" VPOS="1423" WIDTH="36" HEIGHT="22" WC="0.96" CONTENT="vid"/><SP WIDTH="21" VPOS="1423" HPOS="549"/>
							<String ID="string_236" HPOS="570" VPOS="1423" WIDTH="148" HEIGHT="22" WC="0.95" CONTENT="universitetet"/><SP WIDTH="23" VPOS="1423" HPOS="718"/>
							<String ID="string_237" HPOS="741" VPOS="1422" WIDTH="43" HEIGHT="21" WC="0.91" CONTENT="kan"/><SP WIDTH="24" VPOS="1422" HPOS="784"/>
							<String ID="string_238" HPOS="808" VPOS="1422" WIDTH="167" HEIGHT="22" WC="0.89" CONTENT="filosofiekandi-"/>
						</TextLine>
					</TextBlock>
				</ComposedBlock>
				<ComposedBlock ID="cblock_6" HPOS="288" VPOS="1474" WIDTH="482" HEIGHT="21">
					<TextBlock ID="block_7" HPOS="288" VPOS="1474" WIDTH="482" HEIGHT="21">
						<TextLine ID="line_29" HPOS="288" VPOS="1474" WIDTH="482" HEIGHT="21">
							<String ID="string_239" HPOS="288" VPOS="1475" WIDTH="101" HEIGHT="19" WC="0.93" CONTENT="Allmänna"/><SP WIDTH="11" VPOS="1475" HPOS="389"/>
							<String ID="string_240" HPOS="400" VPOS="1475" WIDTH="173" HEIGHT="20" WC="0.91" CONTENT="Besvärsutskottets"/><SP WIDTH="11" VPOS="1475" HPOS="573"/>
							<String ID="string_241" HPOS="584" VPOS="1474" WIDTH="109" HEIGHT="20" WC="0.60" CONTENT="betänkande"/><SP WIDTH="10" VPOS="1474" HPOS="693"/>
							<String ID="string_242" HPOS="703" VPOS="1474" WIDTH="36" HEIGHT="19" WC="0.96" CONTENT="N:o"/><SP WIDTH="16" VPOS="1474" HPOS="739"/>
							<String ID="string_243" HPOS="755" VPOS="1474" WIDTH="15" HEIGHT="18" WC="0.87" CONTENT="1"/>
						</TextLine>
					</TextBlock>
				</ComposedBlock>
			</PrintSpace>
		</Page>
	</Layout>
</alto>
