1053 1670
319 114 222 23 Petitionsbetänkande
558 116 34 21 N:o
608 114 13 22 1.
785 116 28 19 87

99 176 97 20 renheten
216 176 113 25 bekräftad,
351 178 30 17 att
403 176 21 19 vi
438 176 45 19 icke
499 182 50 14 anse
565 176 71 25 nödigt
652 178 30 17 att
699 175 69 21 vidare
784 175 60 20 länka

99 206 34 20 det
151 205 128 21 hedervärda
295 205 92 21 ståndets
404 205 179 26 uppmärksamhet
597 206 70 25 härpå,
683 205 42 20 lika
740 206 45 20 litet
803 212 41 14 som

98 237 27 25 på
140 236 39 20 den
194 235 61 20 häraf
268 235 88 26 följande
372 236 112 19 slutsatsen
501 238 30 17 att
546 236 47 19 vårt
605 235 142 26 jernvägsnät,
763 235 81 20 såframt

99 266 20 19 vi
139 265 50 26 vilja
204 264 95 21 befordra
314 266 48 19 vårt
377 264 58 21 lands
452 265 132 20 ekonomiska
599 264 110 27 förkofran,
726 265 35 19 allt
776 265 68 20 fortfa-

99 295 63 20 rande
183 295 36 19 bör
239 294 98 26 utvidgas
352 295 7 19 i
375 295 39 20 den
429 302 47 12 mon
491 295 138 26 tillgångarne
645 294 35 20 det
696 294 108 26 medgifva.
835 295 10 19 I

99 324 55 20 detta
170 324 95 20 afseende
280 324 71 20 kunna
367 324 164 26 skiljaktigheter
547 325 7 19 i
570 324 104 26 åsigterna
689 325 74 25 uppstå
773 324 72 20 endast

100 354 34 20 vid
149 354 33 20 val
198 354 22 20 af
233 354 104 20 blifvande
350 354 249 26 jernvägssträckningar.
626 355 48 19 Men
690 361 31 13 om
732 361 46 13 man
788 361 56 19 opar-

99 384 50 20 tiskt
170 384 35 20 vill
221 384 107 26 tillgodose
344 384 71 26 hvarje
429 384 106 20 landsdels
549 384 71 26 fördel,
636 391 32 13 om
684 391 47 13 man
746 384 36 20 vill
795 384 49 25 jem-

99 414 54 19 sides
173 414 90 20 förkofra
283 414 54 19 olika
355 414 78 20 trakter
449 415 38 19 och
503 413 98 26 derjemte
617 414 59 19 äfven
692 416 58 23 tager
765 414 79 25 hänsyn

99 443 36 27 till,
150 443 83 20 hvilken
249 444 53 19 bana
313 450 43 13 som
366 443 31 21 för
408 445 46 18 vårt
464 444 49 20 land
523 444 7 19 i
542 444 47 19 dess
600 443 68 20 helhet
680 443 66 20 skulle
756 443 89 20 medföra

100 473 39 20 den
154 476 76 17 största
245 476 64 23 nytta,
327 475 22 18 så
364 473 87 21 behöfva
466 474 21 19 vi
503 474 35 19 vid
549 473 161 20 bestämmandet
721 473 22 20 af
751 473 95 20 framtida

99 503 240 26 jernvägssträckningar
359 504 46 19 icke
424 504 63 19 tveka
501 504 6 19 i
523 504 60 19 valet.
615 504 31 19 En
663 503 52 20 blick
732 504 26 25 på
773 503 72 20 kartan

100 533 37 20 och
156 534 63 25 något
239 533 115 26 geografisk
370 533 114 20 kännedom
500 536 52 17 samt
567 536 29 17 ett
612 532 115 21 beaktande
742 532 23 20 af
777 532 67 20 ofvan-

100 563 84 20 anförda
200 563 173 26 omständigheter
388 563 56 20 leder
461 570 34 13 oss
507 563 118 25 ovilkorligt
635 564 26 24 på
672 563 40 19 den
723 563 81 24 tanken,
816 564 30 18 att

99 594 45 18 vårt
165 593 59 20 lands
245 593 108 20 nordöstra
375 593 32 20 del
422 593 7 19 i
444 593 57 20 detta
517 593 96 20 afseende
628 593 36 19 bör
680 593 70 19 ställas
765 592 79 20 främst:

100 625 30 17 att
150 623 102 20 Karelska
272 623 67 19 banan
359 623 64 20 borde
443 623 107 20 fortsättas
571 623 45 19 från
631 622 92 20 Joensuu
739 622 31 20 till
785 622 58 20 Uleå-

99 653 128 25 borgsbanan
244 653 37 19 och
292 653 79 19 Torneå
382 655 52 18 samt
444 653 81 20 förenas
535 653 47 19 med
593 652 39 20 den
643 652 104 20 blifvande
758 652 87 20 svenska

100 682 135 20 ishafsbanan.
260 683 73 20 Denna
344 683 53 19 bana
407 683 64 19 borde
481 683 76 25 dragas
568 682 45 20 från
623 682 92 20 Joensuu
726 682 33 20 via
769 682 75 26 Juuga,

101 712 86 20 Nurmes
208 712 37 20 och
261 712 94 20 Sotkamo
372 720 48 12 norr
435 720 32 12 om
483 712 112 21 Uleåträsk
610 712 31 20 till
657 711 76 22 Waala
748 712 37 20 och
801 712 44 19 här-

100 741 52 20 ifrån
167 742 59 26 längs
242 749 25 13 en
282 742 64 20 redan
361 742 113 20 undersökt
489 742 48 20 linie
552 742 32 20 till
599 742 103 26 Uleåborg
713 742 37 20 och
761 742 83 20 Torneå.

169 772 74 20 Denna
263 772 54 20 bana
338 772 72 25 skulle,
431 772 87 20 förutom
535 774 30 18 att
581 772 39 19 den
635 772 78 20 komme
729 774 30 18 att
773 774 73 23 utgöra

100 808 25 12 en
146 801 153 27 föreningslänk
320 802 73 20 mellan
414 802 89 20 ishafvet
524 802 38 20 och
583 802 35 19 det
638 802 89 25 mäktiga
742 801 104 26 Ryssland

101 833 51 17 samt
168 832 66 19 såsom
250 832 63 19 sådan
330 832 30 19 för
376 832 54 19 visso
447 834 30 17 att
492 832 99 19 förmedla
607 838 24 13 en
647 832 92 25 ansenlig
750 831 94 20 transito-

99 860 67 25 trafik,
190 861 6 19 i
220 861 131 26 oberäknelig
371 861 52 26 grad
445 864 30 17 att
496 861 66 20 väcka
582 861 32 20 till
634 861 33 20 lifs
683 861 60 20 dessa
757 861 89 20 trakters

100 890 215 26 näringsverksamhet
339 891 37 20 och
400 891 105 26 dymedels
528 891 95 20 befordra
646 891 79 20 landets
743 890 103 21 förkofran

100 920 37 19 och
153 920 100 21 välstånd.

170 950 10 19 I
200 950 42 20 lika
265 951 40 25 hög
325 951 52 25 grad
398 958 42 13 som
462 951 38 20 den
523 947 165 24 Österbottniska
703 951 68 19 banan
785 950 61 20 väckt

99 979 103 20 åkerbruk
223 980 38 20 och
280 981 166 25 boskapsskötsel
467 981 32 19 till
521 983 47 23 nytt
589 981 24 19 lif
632 993 28 2 —
680 981 78 19 hvilket
774 983 23 16 är
812 980 34 19 all-

99 1012 55 16 mänt
175 1010 87 20 erkändt
284 1022 28 2 —
333 1010 42 20 lika
395 1010 66 20 skulle
481 1010 59 20 äfven
561 1010 66 20 denna
647 1011 53 19 bana
720 1010 79 20 komma
817 1012 29 17 att

99 1041 50 23 göra
165 1039 44 25 det;
224 1042 23 24 ty
263 1040 60 20 äfven
339 1040 7 19 i
361 1040 67 20 denna
444 1040 33 20 del
493 1040 23 20 af
529 1041 46 19 vårt
591 1040 48 20 land
654 1040 67 26 gifves
737 1040 34 20 det
781 1039 65 20 frukt-

99 1068 49 20 bara
164 1069 38 20 och
217 1069 85 26 bördiga
317 1070 86 26 marker,
419 1070 67 20 fastän
503 1070 60 20 dessa
578 1070 7 19 i
601 1070 52 20 brist
668 1071 26 25 på
709 1069 137 21 kommunika-

99 1098 65 20 tioner
180 1099 53 20 ända
248 1099 80 20 härtills
344 1099 31 20 till
391 1102 76 18 största
483 1100 60 20 delen
558 1100 55 26 legat
630 1100 72 20 orörda
717 1100 38 19 och
766 1099 25 20 de
802 1098 44 21 der-

100 1128 68 20 städes
190 1129 92 20 bedrifna
305 1129 128 26 näringarne,
457 1130 64 25 något
544 1130 108 26 åkerbruk,
675 1129 171 26 boskapsskötsel,

99 1157 74 20 handel
194 1158 37 20 och
252 1159 105 25 hemslöjd,
374 1159 23 19 af
415 1159 107 20 enahanda
538 1160 60 19 orsak
613 1160 41 19 fört
670 1162 28 17 ett
714 1159 90 26 tynande
819 1158 27 20 lif.

99 1187 77 20 Härtill
195 1188 78 20 komme
290 1191 30 17 att
335 1188 67 20 denna
418 1190 53 19 bana
487 1189 116 25 säkerligen
619 1190 66 19 skulle
700 1189 55 25 gifva
770 1188 79 26 upphof

100 1217 33 19 till
147 1224 25 12 en
188 1218 125 22 omfattande
329 1218 161 26 fabriksrörelse,
505 1221 30 24 ty,
551 1219 80 20 oafsedt
646 1219 62 20 redan
724 1218 122 25 förefintliga

101 1247 97 29 fabriker,
222 1248 209 26 (Kuokkastenkoski,
447 1248 154 27 Pankkakoski,
621 1249 122 24 Saarikoski,
760 1248 87 25 Kajana,

100 1277 78 26 Ammä,
201 1277 91 26 Kurimo,
313 1278 87 26 Jyrkkä,
421 1279 74 19 Waala
517 1279 37 19 och
575 1279 79 25 Kives),
675 1279 64 19 finnes
760 1278 7 19 i
787 1277 59 20 dessa

100 1306 78 20 trakter
194 1313 25 14 en
235 1308 62 25 otalig
312 1308 77 25 mängd
404 1308 71 26 forsar,
491 1308 106 20 malmrika
613 1308 59 26 sjöar,
684 1309 47 19 kärr
743 1308 37 19 och
791 1307 55 26 berg,

100 1343 24 12 en
145 1336 85 27 ofantlig
249 1337 122 26 myckenhet
392 1337 96 21 kalksten
509 1339 27 24 pä
557 1338 122 20 Uleäträsks
700 1345 60 13 norra
775 1337 71 20 strand

101 1366 38 19 och
160 1366 93 21 öfverallt
273 1367 62 20 rundt
356 1367 93 26 omkring
470 1367 134 26 vidsträckta,
620 1368 45 19 rika
680 1367 80 26 skogar,
776 1367 70 20 hvilka

100 1396 40 19 alla
160 1403 28 12 nu
209 1397 66 20 säsom
296 1397 49 19 dödt
365 1397 76 25 kapital
462 1397 74 20 endast
557 1397 7 20 i
580 1397 78 20 saknad
674 1397 22 20 af
709 1397 136 20 kommunika-

99 1425 65 19 tioner
184 1426 55 25 ligga
261 1427 6 18 i
287 1427 96 25 glömska.
415 1427 29 19 Af
457 1427 68 19 denna
541 1427 59 19 orsak
621 1427 61 20 hafva
703 1427 60 19 äfven
784 1426 61 20 bland

169 1465 173 25 Jernvägsutskottets
355 1466 105 18 betänkande
472 1466 36 18 N:o
521 1467 14 19 1,
