1056 1670
306 109 223 23 Petitionsbetänkande
546 109 33 22 N:o
596 109 14 21 1.
776 109 27 18 83

86 170 127 23 kommuner
234 170 34 22 till
288 170 102 26 Joensuu,
411 170 57 21 samt
489 168 24 23 af
527 176 26 15 en
569 168 142 26 fortsättning
728 168 27 26 på
770 167 63 21 Savo-

86 206 118 23 laksbanan
227 206 55 22 ifrån
303 206 85 27 Kuopio
405 211 76 21 genom
503 204 118 23 Idensalmi
643 204 38 22 och
698 202 136 23 Wuottalaks

85 242 35 22 vid
136 242 117 22 Uleåträsk
268 241 34 22 till
317 242 150 26 Uleåborgska
477 241 78 26 banan,
571 240 88 22 hvilken
676 238 92 29 petition
787 241 24 19 är
827 238 7 21 i

87 278 158 27 öfversättning
260 277 24 22 af
297 278 95 27 följande
408 277 93 28 lydelse:

240 380 51 19 Till
307 379 164 21 Hedervärda
487 379 196 21 Bondeståndet.

160 433 113 32 Åsigterna
292 439 72 26 tyckas
385 446 50 13 vara
455 439 82 26 mycket
553 439 72 20 delade
640 439 75 25 derom,
731 439 7 18 i
754 438 82 21 hvilken

89 469 93 26 riktning
198 469 98 20 Savolaks
312 469 37 20 och
364 469 103 20 Karelska
482 469 92 20 banorna
589 469 64 20 borde
664 469 45 20 med
721 468 116 20 hvarandra

89 499 105 20 förbindas
214 499 86 20 medelst
320 506 25 13 en
365 499 106 26 tvärbana,
492 499 86 20 likasom
599 499 38 19 ock
653 499 74 24 derom,
744 499 92 20 hvilken-

90 529 49 20 dera
155 529 22 20 af
190 529 60 20 dessa
265 529 70 26 banor,
352 529 99 20 Savolaks
467 529 50 20 eller
532 529 109 25 Karelska,
658 529 62 20 borde
731 528 106 21 fortsättas

90 561 53 18 emot
162 566 54 13 norr.
247 559 47 20 Men
315 566 31 13 om
372 559 63 20 saken
459 559 101 26 opartiskt
581 559 107 26 granskas,
711 559 79 20 komma
817 558 19 20 vi

90 589 31 20 till
142 589 39 20 den
202 589 129 26 slutledning,
352 591 30 18 att
397 589 114 20 tvärbanan
527 589 46 20 bäst
589 589 66 20 skulle
671 591 103 18 motsvara
789 588 45 20 hela

90 619 144 20 fosterlandets
252 619 107 26 intressen,
377 620 26 25 på
423 626 78 13 samma
521 620 55 25 gång
592 618 40 21 den
653 619 66 20 blefve
740 619 97 25 billigast,

92 656 30 13 om
143 649 67 20 banan
230 649 73 26 drages
322 649 53 20 ifrån
395 649 82 26 Kuopio
493 655 72 20 genom
581 649 120 20 Tuusniemi
716 649 38 20 och
769 649 68 19 Kuus-

89 679 54 25 järvi
164 679 118 20 kommuner
297 679 31 20 till
342 679 98 20 Joensuu.
471 679 46 20 Den
532 679 79 20 komme
627 679 101 26 nemligen
743 679 7 19 i
765 678 74 21 sådant

91 708 36 20 fall
146 711 31 18 att
197 709 72 20 beröra
285 709 89 26 sjöarna:
395 709 102 26 Juojärvi,
513 709 114 20 Rikkavesi
643 709 38 20 och
696 708 141 26 Kaavinjärvi,

92 745 44 13 men
152 738 7 19 i
182 741 63 18 annat
260 739 35 20 fall
310 738 72 27 blefve,
398 738 80 21 oafsedt
501 739 82 26 mycket
607 744 68 21 annat,
699 739 25 19 de
743 745 48 13 norr
807 745 31 13 om

92 768 60 20 dessa
168 768 54 26 sjöar
237 768 104 26 befintliga
357 771 55 18 stora
427 768 133 20 vattenfallen
577 768 30 20 för
623 775 24 13 en
664 768 104 20 obestämd
779 767 59 20 fram-

92 798 30 19 tid
143 798 137 26 obegagnade.
310 798 131 20 Beträffande
462 799 139 20 kostnaderna
622 800 32 18 mä
669 798 123 25 framhållas,
809 800 30 17 att

92 828 39 19 den
153 828 22 19 af
193 829 42 25 mig
255 829 115 25 föreslagna
384 829 119 25 riktningen
518 829 80 19 komme
614 831 30 17 att
659 828 63 20 blifva
739 829 28 18 30
783 827 12 21 &
811 828 28 18 40

92 858 66 19 kilom.
169 858 88 26 kortare,
268 858 111 26 hvarjemte
390 858 39 20 den
445 858 79 20 komme
541 860 30 18 att
586 859 27 25 gå
628 858 52 20 fram
695 858 57 20 öfver
763 858 76 20 sådana

93 887 113 26 sandmoar,
222 890 30 18 att
267 888 113 25 någonting
395 888 71 20 vidare
482 888 103 26 knappast
601 888 96 20 behöfdes
714 891 26 17 än
751 888 88 25 sleepers

94 917 36 20 och
156 917 82 25 skenor;
267 918 44 20 icke
336 918 63 20 heller
429 918 80 20 komme
538 918 302 26 expropriationskostnaderna

93 950 31 17 att
142 947 64 20 blifva
228 948 135 25 betungande.
399 948 68 25 Tagas
491 948 40 20 alla
554 948 61 20 dessa
638 948 173 25 omständigheter
833 947 7 19 i

92 977 142 26 betraktande,
258 979 22 18 så
304 978 86 20 erhålles
411 984 24 13 en
456 978 112 26 besparing
589 978 23 20 af
631 978 49 20 flere
695 978 98 25 miljoner,
809 984 31 12 om

93 1014 46 13 man
152 1007 74 25 jemför
241 1007 66 20 denna
322 1008 52 20 bana
389 1007 46 20 med
451 1008 66 20 andra
531 1008 116 25 föreslagna
663 1008 115 20 tvärbanor.
805 1007 35 19 Sä-

94 1043 42 13 som
156 1039 30 17 ett
206 1037 87 20 motskäl
314 1038 51 19 skall
385 1038 102 19 måhända
505 1037 124 25 framhållas,
653 1040 30 17 att
703 1037 137 25 öfvergången

94 1066 56 20 öfver
168 1066 106 21 Kallavesi
296 1067 94 26 erbjuder
411 1068 135 25 svårigheter;
562 1074 45 13 men
624 1068 39 19 den
679 1067 160 26 undersökning,

94 1103 42 13 som
156 1097 129 20 verkstäldes
306 1097 105 26 samtidigt
431 1097 46 20 med
501 1097 180 26 undersökningen
703 1097 22 20 af
743 1096 98 21 Savolaks

91 1126 93 27 jernväg,
209 1127 37 25 gaf
267 1127 122 27 vidhanden,
413 1129 30 17 att
467 1127 140 26 öfvergängen
630 1127 53 20 ifrån
708 1126 135 27 Puijonniemi

94 1156 56 20 öfver
172 1156 105 20 Sorsasalo
297 1157 65 19 holme
381 1157 65 19 skulle
462 1157 81 20 komma
558 1160 30 17 att
604 1157 95 25 medtaga
715 1163 23 13 en
755 1156 87 20 kostnad

94 1185 22 20 af
129 1185 61 26 högst
206 1193 24 13 en
246 1186 45 20 half
303 1186 68 26 miljon
387 1187 64 26 mark,
467 1186 82 20 hvadan
566 1187 79 20 säledes
661 1187 7 19 i
684 1187 71 25 hvarje
765 1186 35 20 fall
817 1192 25 13 en

94 1215 110 26 besparing
224 1216 22 19 af
264 1215 49 21 flera
332 1216 91 25 miljoner
444 1216 59 20 mark
523 1217 78 19 komme
623 1219 30 17 att
674 1217 59 20 ernäs
750 1223 31 13 om
796 1222 47 13 man

95 1245 63 25 väljer
174 1245 67 20 denna
256 1246 53 19 linie.

166 1274 70 21 Skulle
251 1276 39 19 den
306 1275 22 20 af
340 1275 42 25 mig
392 1275 117 26 föreslagna
520 1276 113 20 tvärbanan
645 1276 63 20 blifva
719 1282 24 14 en
755 1274 88 26 verklig-

95 1305 40 25 het,
152 1305 22 19 sä
190 1305 58 20 torde
264 1305 34 20 det
313 1305 43 20 icke
373 1312 50 12 vara
438 1305 73 21 tvifvel
527 1305 74 27 derom,
618 1308 31 18 att
665 1306 39 19 den
720 1312 15 14 s.
746 1306 19 19 k.
782 1305 61 19 Savo-

93 1334 113 20 laksbanan
222 1335 78 20 komme
315 1337 30 17 att
360 1334 107 21 fortsättas
483 1334 53 20 ifrän
552 1335 81 26 Kuopio
649 1342 73 19 genom
731 1334 112 20 Idensalmi

95 1364 77 26 köping
191 1364 32 20 till
242 1364 131 21 Wuottalaks
394 1364 35 20 vik
450 1364 37 20 vid
502 1364 111 20 Uleäträsk
630 1365 37 19 och
684 1364 69 20 vidare
769 1370 74 20 genom

95 1394 81 19 Kestilä
195 1394 96 26 kyrkoby
311 1394 59 25 längs
391 1394 99 25 Siikajoki
509 1394 30 19 till
555 1396 66 24 nägon
638 1394 84 26 lämplig
737 1394 66 26 punkt
819 1394 26 25 pä

95 1423 189 26 Uleäborgsbanan.

167 1463 172 23 Jernvägsutskottets
352 1463 107 19 betänkande
472 1464 36 18 N:o
521 1464 15 17 1.
