1073 1667
312 122 244 23 Petitionsbetänkande
571 122 36 22 N:o
623 122 34 22 20.
797 124 26 21 37

93 194 41 21 och
150 193 72 22 nedan
238 193 54 20 skall
306 192 124 27 utförligare
446 194 137 25 omnämnas,
599 192 45 21 tala
659 192 34 21 för
708 192 61 21 detta
783 192 35 21 val
832 192 24 21 af

92 228 91 27 femårig
198 227 52 22 kurs
264 227 34 22 för
312 227 26 22 de
355 227 6 21 i
376 227 61 27 fråga
453 229 58 19 satta
525 227 110 21 skolorna.
665 227 38 21 Till
720 227 65 21 dessa
800 227 53 21 mel-

93 263 113 20 lankurser
228 262 94 26 komme,
344 261 6 21 i
374 261 94 28 enlighet
491 261 50 22 med
559 261 145 22 omförmälda
719 261 133 26 uttalanden,

92 297 113 28 lyceernas
228 297 66 26 högre
316 296 83 21 klasser
422 298 31 19 att
471 296 100 21 meddela
587 303 26 14 en
628 296 81 27 treårig
723 296 130 27 komplette-

93 332 111 27 ringskurs
220 331 35 22 för
270 331 55 26 dem,
342 337 47 15 som
406 331 82 21 sträfva
501 331 30 21 till
543 331 148 22 universitetet
703 331 41 21 och
755 331 98 27 polytek-

94 367 79 20 nikum.
204 365 68 22 Ofvan
294 365 96 28 antydda
412 365 112 28 tudelning
543 365 24 21 af
587 365 27 22 de
629 366 68 27 högre
712 365 142 22 lärovärkens

94 401 76 21 kurser
185 400 130 22 omfattades
330 400 50 21 med
396 402 55 19 stort
466 400 93 21 intresse
574 399 24 22 af
613 401 56 20 1890
679 401 36 20 ärs
726 400 128 21 skollärare-

95 437 65 25 möte,
176 435 80 22 hvilket
272 435 63 21 äfven
350 435 49 21 med
416 434 161 27 öfvervägande
593 435 116 26 majoritet,
728 435 39 20 115
783 435 71 20 röster

96 472 45 19 mot
156 471 34 25 56,
206 469 70 22 beslöt
291 469 87 22 förorda
393 469 141 27 inrättandet,
546 469 31 21 till
593 475 27 15 en
635 469 77 27 början
727 469 126 26 försöksvis,

95 504 23 21 af
132 505 68 26 nägra
223 504 152 21 mellanskolor
395 504 50 21 med
466 504 69 21 sädan
556 504 148 27 organisation
725 510 48 15 som
789 503 65 22 ofvan

96 539 106 27 angifvits.

164 573 30 22 Af
210 573 137 22 minoriteten
366 573 112 21 framhölls
498 575 47 19 mot
560 573 71 22 denna
647 572 80 22 reform
743 572 111 22 förnämli-

96 610 55 24 gast,
167 610 32 18 att
214 607 120 21 folkskolan
350 609 63 25 utgör
423 607 140 21 bottenskola
574 614 49 20 nog,
636 609 31 19 att
677 607 102 27 lyceerna
789 607 65 21 hafva

97 642 35 21 sitt
148 642 115 21 bestämda
282 642 44 20 mål
346 644 31 19 att
392 641 89 28 fullfölja
497 642 42 21 och
554 641 57 28 förty
626 642 47 21 icke
689 642 74 20 kunna
779 641 75 21 samti-

97 677 45 27 digt
163 677 61 27 tjäna
240 676 72 22 såsom
332 682 28 16 en
375 678 33 19 art
423 676 25 21 af
463 676 104 27 borgare-
583 676 51 21 eller
648 676 111 27 praktiska
775 676 79 26 skolor,

98 714 30 18 att
143 711 109 22 reformen
268 711 103 21 innebure
387 717 27 15 en
429 710 132 28 försämring
576 710 33 22 för
625 710 26 22 de
663 710 76 27 elever,
751 717 47 15 som
809 710 45 21 full-

98 746 94 27 ständigt
215 746 107 27 genomgå
336 745 136 27 lärovärken,
496 746 42 20 och
561 746 76 20 endast
660 752 27 14 en
703 745 94 21 skenbar
812 744 44 22 för-

98 780 95 28 bättring
208 780 33 22 för
256 780 26 22 de
297 780 77 26 elever,
390 786 48 15 som
454 780 92 27 tidigare
555 780 54 27 afgä,
623 782 31 19 att
663 780 104 21 ehuruväl
775 780 79 27 många

96 816 70 20 elever
182 815 50 27 afgä
246 814 46 22 frän
309 814 193 22 mellanklasserna
518 815 64 21 dessa
598 815 55 21 dock
667 814 136 28 nägorlunda
813 814 42 21 lärt

96 850 32 26 sig
143 850 26 21 de
185 849 68 22 första
268 850 122 26 grunderna
406 849 23 21 af
445 849 37 21 det
502 850 69 20 andra
587 850 114 21 inhemska
716 849 94 27 spräket,
828 855 27 15 en

96 887 46 19 stor
165 884 34 22 del
221 884 24 21 af
264 884 109 27 geografin
396 886 58 19 samt
471 884 89 21 tramför
576 884 37 21 allt
629 884 22 21 af
665 884 138 21 aritmetiken
819 883 36 21 det

97 926 46 14 som
167 920 25 20 är
214 926 42 20 nog
278 918 33 22 för
334 918 26 22 de
383 918 63 22 flesta
467 919 112 27 praktiska
597 918 70 22 banor
686 921 57 19 samt
759 920 31 20 att
813 918 43 21 alla

96 954 135 26 experiment
246 954 28 26 pä
290 954 87 20 skolans
393 953 91 21 omräde
499 954 37 20 mä
552 954 65 26 göras
633 954 28 26 pä
677 953 83 21 enskild
775 954 48 26 väg.

165 988 123 26 Lösningen
311 988 23 21 af
355 988 71 21 denna
450 988 25 21 sä
494 987 119 28 mängfaldt
629 988 97 28 dryftade
742 988 60 26 fräga
818 994 37 14 om

96 1022 165 21 mellanskolors
277 1022 147 27 organisation
441 1022 75 27 ligger,
532 1023 73 20 säsom
621 1022 235 21 realskole-institutio-

96 1063 55 15 nens
167 1057 57 21 öden
239 1057 77 26 utvisa,
339 1056 47 21 icke
409 1057 7 20 i
439 1057 141 20 utstakandet
596 1056 23 22 af
632 1063 27 15 en
675 1056 100 22 bestämd
790 1057 66 26 gräns

96 1091 80 21 mellan
199 1091 30 21 till
251 1091 149 21 universitetet
422 1091 94 21 ledande
539 1091 42 21 och
603 1091 31 21 till
656 1091 145 21 förberedelse
824 1090 34 21 för

97 1125 112 28 praktiska
224 1125 154 22 lefnadsbanor
393 1125 93 22 afsedda
501 1125 108 27 lärovärk,
625 1132 50 15 men
690 1125 48 22 icke
749 1125 67 22 heller
826 1125 31 20 uti

98 1160 42 21 den
155 1162 105 19 motsatta
282 1160 128 27 ytterlighet,
427 1166 50 15 som
500 1160 6 20 i
528 1160 169 27 skolordningen
713 1160 26 21 af
760 1160 25 21 år
802 1159 55 22 1883

96 1195 40 26 gör
151 1194 32 27 sig
198 1194 106 27 gällande,
320 1194 30 27 ity
365 1196 31 19 att
412 1194 28 21 de
456 1195 7 20 i
480 1195 93 26 enlighet
589 1195 49 20 med
655 1195 128 20 densamma
794 1199 64 21 orga-

98 1228 100 21 niserade
222 1229 182 21 mellanskolorna
427 1230 39 20 äro
484 1229 24 21 så
523 1229 72 20 intimt
610 1229 82 21 knutna
707 1229 36 20 vid
758 1228 100 27 lycei-in-

98 1263 133 26 stitutionen,
248 1265 31 18 att
294 1263 26 21 de
336 1262 88 21 faktiskt
445 1265 80 25 utgöra
545 1263 77 22 endast
641 1263 172 27 parallelklasser
828 1262 31 21 till

98 1297 64 22 dessa
178 1297 113 22 lärovärks
306 1297 70 27 lägsta
391 1297 91 22 klasser.
506 1298 47 21 Den
569 1298 138 27 ståndpunkt,
719 1298 140 21 läraremötet

98 1333 60 26 intog
174 1332 6 21 i
196 1332 72 21 denna
284 1331 70 28 fråga,
370 1332 68 27 ligger
454 1333 80 20 mellan
549 1333 81 20 nämda
653 1332 147 27 ytterligheter
815 1331 42 22 och

98 1367 62 20 torde
176 1366 56 27 förty
248 1366 48 21 dess
317 1372 112 21 program:
453 1373 29 15 en
497 1366 42 21 fast
554 1367 141 26 organiserad
710 1366 149 26 mellanskola,

99 1401 153 21 motsvarande
275 1401 111 27 lyceernas
408 1401 45 21 fem
477 1401 59 27 lägre
557 1401 89 27 klasser,
663 1401 48 22 med
727 1400 132 27 fullständigt

99 1435 105 22 afslutade
220 1436 75 21 kurser
318 1435 6 20 i
347 1435 101 27 samtliga
468 1436 133 26 läroämnen,
621 1442 53 15 vara
689 1435 80 27 egnadt
785 1437 31 18 att
831 1435 29 27 på

167 1474 99 18 Allmänna
278 1474 176 18 Besvärsutskottets
466 1474 110 18 betänkande
588 1474 36 18 N:o
637 1475 29 18 21.
