1064 1661
240 119 13 20 2
421 117 245 23 Petitionsbetänkande
682 117 36 23 N:o
734 116 29 23 10.

210 187 74 26 gande,
309 187 37 20 och
368 189 30 18 att
421 187 77 20 sådana
517 187 96 20 inrättats
634 191 52 16 samt
702 187 126 20 fortfarande
844 187 87 20 inrättas
947 188 25 24 på

210 215 49 20 flere
282 215 54 20 olika
354 216 74 19 ställen
447 216 23 19 af
483 216 76 25 landet,
577 216 42 19 ofta
634 216 47 19 med
696 219 56 16 stora
766 215 142 26 uppoffringar
924 215 47 20 från

210 245 97 25 upplysta
328 245 144 25 medborgares
491 245 50 20 sida.
571 245 37 20 Att
624 245 57 19 detta
697 248 21 16 är
733 244 33 20 till
781 247 59 23 nytta
854 244 33 20 för
902 245 70 20 landet

210 273 59 19 torde
285 280 84 12 numera
383 273 62 26 ingen
457 274 50 25 vilja
517 273 90 20 förneka.
631 274 58 19 Utan
699 276 30 16 att
739 273 108 19 framhålla
858 273 63 20 andra
931 273 40 19 för-

211 302 57 20 delar
288 308 44 14 som
347 302 188 26 privatläroverken
551 302 98 25 medföra,
666 302 75 20 betona
756 302 21 19 vi
792 302 38 19 här
845 302 72 20 endast
932 302 39 20 den

211 330 185 26 omständigheten,
420 334 31 16 att
473 331 65 24 dessa,
563 331 64 19 äfven
649 331 7 19 i
676 330 98 20 händelse
789 330 25 20 de
829 331 143 25 understödjas

210 359 48 20 från
280 362 78 17 statens
380 360 43 19 sida
444 360 47 20 med
513 360 72 25 högsta
608 359 75 20 hittills
705 359 85 26 möjliga
807 359 118 25 understöd,
940 359 32 20 för

211 388 49 20 vida
275 389 95 25 billigare
386 389 42 26 pris
443 389 108 26 uppfostra
565 390 22 18 åt
602 389 69 19 landet
686 389 90 25 kunniga
790 375 135 39 medborgare
934 389 37 19 och

210 417 182 26 medborgarinnor
415 421 26 16 än
464 418 57 19 detta
543 420 23 17 är
588 417 81 26 möjligt
688 417 7 20 i
713 417 25 20 de
750 400 79 47 skolor,
844 424 45 13 som
904 420 67 17 staten

210 446 130 20 underhåller
362 448 27 24 på
411 453 52 19 egen
485 447 61 20 hand.
576 447 38 18 Att
636 447 108 19 resultatet
759 446 23 19 af
794 446 176 25 privatskolornas

211 475 70 20 arbete
296 475 36 19 har
348 475 112 26 berättigat
475 475 47 20 dem
537 475 32 19 till
584 475 26 19 all
626 475 40 20 den
677 475 122 20 subvention
810 475 25 20 de
846 475 47 20 från
903 478 67 17 staten

210 503 74 26 hittills
299 503 87 26 erhållit,
403 504 58 19 torde
475 504 46 20 icke
536 504 103 19 förnekas.

279 533 42 19 Det
344 536 23 16 är
388 533 105 25 naturligt,
517 536 30 16 att
566 533 39 19 den
626 532 116 25 framgång,
759 533 45 19 med
819 533 85 19 hvilken
920 534 49 18 våra

210 560 82 26 privata
307 562 144 26 läroanstalter
471 562 84 24 arbetat,
571 562 60 19 beror
645 562 28 24 på
688 560 121 20 medverkan
826 562 22 18 af
860 561 49 20 flere
926 562 43 19 fak-

210 592 61 18 torer.
302 586 107 29 Öfverallt,
434 590 37 20 där
493 590 56 20 detta
571 590 56 24 slags
650 590 68 19 skolor
736 590 57 26 spela
812 596 24 13 en
852 592 65 18 större
932 591 36 24 rol,

210 619 125 25 exempelvis
351 619 6 19 i
372 619 71 25 Norge
459 619 36 20 och
511 619 112 25 Danmark,
634 619 38 19 har
685 625 46 13 man
742 618 66 20 funnit
818 621 31 17 att
859 619 25 20 de
896 626 73 18 genom

210 647 32 19 sin
266 647 61 20 friare
350 648 139 25 organisation
508 648 26 19 ha
551 648 72 19 lättare
639 650 26 17 än
680 650 77 17 statens
772 647 75 20 fastare
862 654 46 14 men
924 651 45 16 tun-

210 683 49 18 gare
278 676 144 20 läroanstalter
437 680 30 16 att
483 676 121 26 genomföra
619 676 149 25 förbättringar
783 676 7 19 i
806 676 63 26 detalj
885 677 84 19 likasom

210 704 146 26 förändringar
370 705 24 19 af
406 706 107 25 principiel
528 709 65 16 natur.
616 705 48 19 Men
675 705 87 19 likasom
772 705 40 19 den
822 706 69 24 gamla
900 708 69 17 satsen

210 736 31 17 att
261 734 94 24 ,läraren
370 737 36 23 gör
421 734 86 20 skolan”
523 734 66 26 aldrig
603 734 85 20 förlorat
703 734 37 20 och
756 734 68 25 aldrig
839 734 40 20 kan
894 734 75 20 förlora

210 762 32 20 sin
258 762 103 26 giltighet,
377 762 100 20 likaledes
492 763 36 19 har
543 770 46 12 man
605 762 97 20 öfverallt
717 762 115 26 medgifvit,
849 766 30 16 att
893 763 25 20 de
928 764 41 25 pri-

210 794 48 16 vata
280 792 106 19 skolornas
407 793 64 24 något
493 792 100 25 rörligare
613 792 127 25 läraretropp
764 792 6 18 i
790 791 45 20 icke
856 792 113 25 oväsentlig

209 820 52 24 grad
284 820 127 26 möjliggjort
433 821 25 19 de
481 827 121 19 gynsamma
622 820 86 20 resultat
726 820 26 19 de
766 820 7 19 i
789 820 70 25 regeln
875 822 92 24 uppnått.

208 848 46 20 Den
270 856 44 12 mer
329 849 49 19 eller
394 849 78 20 mindre
487 850 88 25 prekära
590 849 105 25 ställning,
711 856 44 12 som
769 849 81 19 läraren
865 850 7 18 i
888 856 24 13 en
927 850 40 26 pri-

209 877 95 20 vatskola
322 878 68 20 städse
411 878 59 25 intar,
486 878 83 26 tvingar
583 878 74 20 honom
675 878 31 19 till
722 881 29 16 ett
766 877 101 26 oaflåtligt
882 879 86 25 uppbju-

209 906 66 20 dande
298 906 24 19 af
338 906 40 20 alla
396 907 46 19 sina
457 906 78 20 krafter
550 907 37 19 och
602 906 43 21 lika
660 906 70 20 säkert
745 912 44 14 som
804 906 35 20 det
854 910 30 21 är,
898 911 30 15 att
944 914 24 13 en

209 934 42 25 god
265 934 67 20 lärare
348 938 22 16 är
385 936 100 19 eftersökt
500 936 7 18 i
521 936 81 26 privata
617 935 75 25 skolor,
708 935 43 19 lika
766 935 70 19 säkert
852 938 23 16 är
890 936 34 19 det
939 938 29 17 att

209 970 26 12 en
254 963 58 25 dålig
326 964 66 20 lärare
407 964 37 20 har
459 967 64 17 större
539 964 88 26 utsigter
643 967 30 17 att
688 964 63 20 vinna
766 964 125 25 anställning
906 964 6 20 i
927 968 40 16 sta-

209 994 46 17 tens
278 992 71 20 skolor
366 995 25 17 än
407 993 7 19 i
429 993 88 25 privata.
546 993 41 19 Det
602 994 68 24 någon
685 994 57 24 gång
757 993 141 25 supponerade
913 996 54 17 anta-

208 1021 84 25 gandet,
308 1024 30 16 att
353 1022 164 25 privatskolorna
531 1022 70 19 kunde
616 1022 65 19 räkna
696 1022 27 25 på
738 1022 72 18 endast
824 1022 77 19 sådana
913 1022 54 20 kraf-

209 1052 37 22 ter,
271 1056 45 13 som
338 1051 27 25 på
388 1050 67 25 grund
473 1050 24 20 af
510 1050 79 20 mindre
605 1051 91 24 förmåga
711 1050 47 19 icke
773 1050 68 20 kunna
856 1050 62 20 vinna
933 1058 35 12 an-

208 1078 100 25 ställning
328 1078 8 20 i
351 1079 128 25 statsskolor,
495 1079 82 25 förbigå
593 1079 21 20 vi
629 1079 36 20 här
680 1078 91 26 alldeles,
788 1080 26 18 då
828 1080 139 19 erfarenheten

208 1107 6 18 i
230 1107 47 19 vårt
292 1107 49 19 land
355 1107 102 20 måhända
467 1107 113 26 kraftigare
592 1110 25 17 än
629 1107 134 20 annorstädes
771 1107 67 25 jäfvat
848 1107 119 20 detsamma.

277 1135 121 20 Emellertid
419 1136 40 20 kan
475 1137 34 19 det
524 1136 46 20 icke
585 1136 70 25 nekas,
672 1138 30 17 att
718 1135 146 26 privatskolan,
881 1143 32 13 om
928 1137 40 20 den

208 1163 62 20 äfven
286 1164 7 19 i
308 1165 76 24 många
398 1164 38 20 fall
451 1165 38 19 och
504 1165 105 26 tilläggom
625 1165 7 19 i
647 1166 97 24 mångens
760 1165 59 25 tycke
832 1167 23 17 är
866 1167 29 18 ett
906 1172 61 19 ange-

208 1195 83 16 nämare
307 1193 108 20 arbetsfält
430 1196 26 17 än
471 1194 130 25 statsskolan,
617 1193 46 20 icke
679 1193 41 20 kan
736 1193 84 26 erbjuda
832 1201 78 12 samma
921 1195 46 19 eko-

207 1221 95 20 nomiska
325 1221 101 20 förmåner
448 1229 44 13 som
511 1225 72 17 staten.
613 1222 95 20 Lönerna
724 1225 34 16 äro
775 1222 7 19 i
797 1222 70 25 regeln
883 1223 83 24 mindre,

207 1249 38 20 och
268 1249 118 26 pensionen,
411 1251 56 19 detta
489 1252 22 18 så
533 1251 238 25 välsignelsebringande
794 1251 110 20 understöd
925 1258 43 13 som

205 1281 69 17 staten
289 1279 91 19 skänker
394 1279 46 20 sina
455 1280 66 19 lärare
537 1279 52 21 efter
604 1279 68 21 slutad
688 1279 101 20 mödofull
804 1279 106 26 arbetstid,
927 1281 41 19 kan

206 1313 25 13 en
247 1307 135 26 privatlärare
398 1308 68 26 aldrig
481 1308 64 20 räkna
559 1310 32 25 pä.
621 1308 26 20 Se
663 1308 36 20 der
712 1315 26 13 en
749 1308 23 20 af
780 1308 116 26 orsakerna,
908 1309 60 20 hvar-

205 1335 33 20 för
254 1336 25 20 de
294 1336 59 20 flesta
368 1337 66 19 lärare
451 1337 72 20 endast
538 1344 25 13 en
575 1337 153 26 jemförelsevis
743 1337 47 19 kort
805 1337 31 19 tid
850 1337 71 20 kunna
936 1340 31 18 stå

206 1370 52 19 qvar
274 1365 7 19 i
296 1365 152 25 privatskolans
463 1366 68 25 tjenst.

276 1393 42 20 Det
332 1393 40 20 kan
388 1394 132 25 naturligtvis
535 1394 46 20 icke
593 1394 83 19 komma
687 1394 7 19 i
704 1393 65 26 fråga,
781 1396 30 17 att
821 1397 69 17 staten
900 1395 67 20 skulle

276 1434 106 19 Allmänna
397 1434 190 20 Besvärsutskottets
602 1435 119 19 betänkande
737 1434 37 20 N:o
791 1435 18 18 7.
