1073 1667
291 170 233 22 Petitionbetänkande
539 169 37 22 N:o
592 168 36 23 20.
785 169 28 21 49

450 404 22 21 IL.

151 461 33 22 Då
207 461 48 22 vårt
276 461 51 22 land
343 461 68 22 redan
426 462 62 21 torde
504 461 66 22 hafva
586 468 45 15 mer
647 463 29 20 än
691 467 43 22 nog
750 461 23 22 af
786 461 57 21 klas-

83 497 61 21 siska
166 496 106 27 läroverk,
296 496 42 21 och
360 495 102 22 särskildt
484 497 7 20 i
511 496 70 21 Wasa
595 496 36 21 län
647 496 67 21 redan
729 496 68 21 finnes
814 497 30 20 ett

83 531 27 22 fin
116 531 122 28 skspräkigt
260 531 102 20 klassiskt
384 531 85 27 lyceum
485 531 6 20 i
507 531 123 27 Jyväskylä,
646 537 51 15 men
712 531 97 20 deremot
824 530 18 27 ej

83 573 27 15 en
126 566 59 22 enda
201 564 143 28 finskspräkig
367 565 61 21 skola
449 565 49 22 med
518 571 28 16 en
561 565 34 21 för
610 565 36 21 det
661 565 110 27 praktiska
786 564 58 21 lifvet

82 607 62 15 mera
160 600 79 21 afsedd
254 599 224 27 undervisningsplan,
495 600 25 21 sä
535 600 40 21 har
583 599 38 27 jag
632 600 18 26 ej
663 601 41 20 sett
714 599 58 27 mig
765 595 12 36 i
781 599 64 21 ständ

84 636 30 20 att
132 634 87 22 ansluta
235 634 44 26 mig
293 634 31 20 till
338 634 118 20 utskottets
471 633 81 27 förslag
567 636 32 18 att
615 635 71 19 staten
696 634 67 20 mätte
775 633 69 21 öfver-

83 671 51 25 taga
157 669 35 21 det
218 668 85 28 privata
325 668 69 21 finska
416 668 72 28 lyceet
509 669 7 20 i
538 668 69 22 Wasa
621 668 7 21 i
643 668 50 22 dess
708 668 137 21 närvarande

85 703 62 21 form.
171 703 103 21 Deremot
290 703 66 21 skulle
370 703 38 27 jag
423 703 19 27 ej
458 702 66 22 hafva
534 703 120 27 nägonting
664 704 65 24 emot,
741 705 31 19 att
780 705 65 19 stats-

83 738 75 21 verket
175 738 69 21 skulle
268 737 92 21 bekosta
382 737 73 21 denna
478 737 68 27 skola,
569 737 44 21 ifall
635 737 128 21 densamma
778 737 67 21 skulle

86 772 178 27 omorganiseras
286 772 31 20 tili
336 778 26 15 en
378 772 125 27 femklassig
518 772 142 21 mellanskola
676 772 49 21 med
740 772 105 21 afslutade

86 806 196 22 elementarkurser
305 806 6 21 i
327 806 228 22 öfverensstämmelse
570 806 50 22 med
635 806 27 21 de
672 806 113 28 principer,
797 813 48 15 som

87 841 117 21 Allmänna
226 840 199 22 Besvärsutskottet
447 841 80 21 uttalat
549 841 8 20 i
579 841 36 21 sitt
637 840 146 28 föreliggande
807 840 39 21 be-

84 875 119 22 tänkande.

155 910 95 21 Dermed
273 910 67 21 skulle
360 910 18 26 ej
394 910 68 21 heller
478 910 160 27 omöjliggöras,
655 911 30 19 att
701 909 43 21 ifall
759 909 87 21 elevan-

85 944 53 21 talet
154 944 42 22 och
213 944 210 22 ortsförhällandena
438 944 80 21 sädant
533 944 67 22 skulle
616 944 78 26 fordra,
711 944 71 21 denna
793 943 53 21 fem-

86 978 97 26 klassiga
198 979 62 21 skola
274 978 7 21 i
296 984 27 16 en
339 978 86 21 framtid
441 979 73 21 kunde
528 979 82 21 erhålla
625 985 28 15 en
667 978 112 27 tillökning
781 974 13 35 i
793 978 53 20 sitt

86 1013 127 27 klassantal,
230 1013 42 21 och
287 1013 91 21 sålunda
394 1014 138 26 småningom
549 1014 98 26 utvidgas
663 1013 30 21 till
708 1015 30 19 ett
747 1012 97 22 fullstän-

88 1047 45 27 digt
148 1047 152 27 finskspräkigt
314 1047 137 28 reallyceum.

157 1082 31 21 På
211 1081 91 22 anförda
325 1082 47 21 skäl
394 1081 32 22 får
446 1083 40 26 jag
508 1082 132 27 följaktligen
661 1083 54 26 göra
730 1082 36 21 det
780 1080 65 22 vörd-

87 1123 89 15 samma
191 1116 87 27 förslag:

363 1159 31 18 att
410 1157 176 28 ifrågavarande
598 1157 114 27 petitioner
721 1163 33 14 om
764 1156 33 20 det
808 1162 38 13 nu-

294 1191 94 20 varande
401 1191 90 27 privata
502 1191 74 27 finska
592 1191 73 28 lyceets
681 1192 7 19 i
702 1190 63 21 Wasa
776 1190 69 27 öfver-

296 1225 92 27 tagande
403 1225 31 28 af
446 1228 70 19 staten
526 1232 19 21 ej
557 1226 62 20 måtte
629 1226 70 27 någon
707 1224 77 29 åtgärd
788 1224 56 27 från

295 1259 136 21 Ständernas
446 1260 49 21 sida
507 1260 125 27 föranleda.

532 1305 49 22 Otto
596 1306 36 21 Im.
649 1305 128 29 Appelberg.

90 1356 40 22 Om
146 1357 150 28 slutyrkandet
313 1357 7 21 i
338 1357 140 22 förestående
496 1358 134 21 reservation
645 1357 75 22 förena
735 1358 41 26 sig:

157 1409 55 28 Aug.
228 1408 98 28 Ramsay.
579 1409 23 22 F.
617 1409 34 22 W.
668 1408 109 23 Sundvall.

157 1443 77 21 Theod.
250 1442 76 22 Lindh.
578 1443 67 22 Arvid
660 1443 90 28 Nyberg.

159 1521 99 19 Allmänna
270 1522 174 19 Besvärsutskottets
456 1523 109 18 betänkande
577 1523 34 18 N:o
623 1524 28 16 21.
767 1524 10 15 4
