1064 1659
245 106 13 20 2
363 104 85 23 Ständ.
464 105 54 22 Pet.
534 117 28 3 —
577 104 152 23 Petionsbet.
745 104 46 23 N:o
807 104 22 22 2.

216 167 96 29 delning
327 167 9 21 i
350 175 48 21 nya
412 174 86 22 grenar
512 174 50 14 som
578 167 43 21 ock
637 167 134 21 samhällets
787 166 107 22 växande
907 166 73 22 behof

216 201 84 27 fordra,
320 204 35 19 att
370 202 174 21 universitetets
560 201 292 29 undervisningsprogram
868 201 35 21 tid
919 201 59 21 efter

218 243 76 14 annan
323 236 117 28 utvidgas,
466 236 172 28 behöfligheten
661 236 26 21 af
706 244 29 13 en
757 236 97 21 lärostol
877 236 8 21 i
904 243 71 14 roma-

217 270 53 21 nisk
286 270 42 21 och
344 270 133 28 germanisk
492 270 88 28 filologi
596 270 80 21 blifvit
689 270 147 27 framhållen,
849 270 128 28 hvarjemte

217 304 169 29 upplysningar
402 304 129 21 meddelats
547 311 37 14 om
600 304 28 21 de
644 303 168 28 bemödanden,
828 311 48 14 som
888 303 89 22 härför-

217 339 72 20 innan
304 338 75 29 gjorts
394 339 36 20 för
446 340 35 19 att
495 339 25 20 få
535 338 72 29 sagda
622 338 73 22 behof
707 338 159 29 tillgodosedt.

286 372 82 21 Redan
382 373 24 21 år
419 374 54 20 1879
484 372 60 22 hade
554 373 173 21 universitetets
739 372 165 21 konsistorium
915 372 63 29 gjort

219 414 28 13 en
270 406 146 29 underdånig
439 407 173 28 framställning
627 414 37 14 om
680 407 97 28 delning
792 406 27 21 af
831 406 146 29 professuren

220 441 8 21 i
239 441 84 21 estetik
342 441 98 21 sålunda
458 443 35 19 att
508 441 44 21 den
563 441 146 28 germaniska
725 441 43 21 och
786 441 45 21 den
846 440 133 22 romaniska

221 475 228 29 spräkvetenskapen
460 475 152 22 tillsammans
625 475 53 22 med
694 475 44 22 den
754 483 17 14 s.
784 475 21 21 k.
819 482 72 21 nyare
902 475 77 21 litera-

219 511 67 20 turen
298 509 74 22 skulle
384 509 87 22 erhälla
482 517 28 14 en
522 517 58 21 egen
588 509 115 22 ordinarie
711 511 168 27 representant.
895 509 83 21 Denna

219 543 83 29 åtgärd
318 544 73 28 ansåg
406 544 164 21 konsistorium
586 544 110 28 påkallad
711 543 71 22 redan
798 551 27 14 ur
837 545 52 20 rent
900 546 78 18 veten-

219 578 92 29 skaplig
326 578 120 29 synpunkt
468 578 43 21 och
526 578 115 21 dessutom
658 578 70 21 äfven
743 577 136 29 nödvändig
894 577 84 27 derför,

220 614 35 19 att
270 612 44 21 den
330 612 26 21 af
368 613 174 21 universitetets
558 613 100 21 lektorer
670 612 135 21 meddelade
815 611 164 22 undervisnin-

220 654 46 21 gen
288 647 51 21 icke
361 654 42 14 var
426 647 43 21 och
491 647 51 21 icke
563 654 40 14 ens
619 647 77 21 kunde
711 654 56 14 vara
782 647 9 20 i
805 646 174 28 vetenskapligt

220 681 131 21 hänseende
374 681 128 28 tillräcklig
523 681 36 21 för
578 681 136 22 utbildande
730 681 27 21 af
769 681 116 28 skickliga
900 680 79 29 spräk-

220 715 74 22 lärare
309 715 37 22 till
362 715 28 22 de
405 715 66 22 lärda
486 715 108 22 skolorna
609 716 7 21 i
628 716 52 21 värt
690 715 61 22 land.
782 715 123 28 Förslaget
915 715 64 21 med-

220 749 66 22 förde
309 750 20 28 ej
353 749 77 22 denna
450 750 64 28 gäng
536 750 72 27 nägot
622 749 105 22 resultat.
757 749 37 22 Dä
809 749 83 28 frägan
908 749 71 21 sedan

221 784 61 28 ånyo
297 784 111 27 förekom,
419 791 43 14 var
472 783 44 22 den
526 783 122 22 föranledd
659 783 164 22 företrädesvis
835 783 26 22 af
869 785 33 20 ett
912 783 67 28 prak-

221 818 58 21 tiskt
302 818 76 22 behof.
409 812 33 27 Är
466 819 54 21 1888
536 818 104 21 erinrade
656 817 159 30 pedagogiska
830 817 149 29 föreningens

222 852 211 29 centralafdelning
456 853 41 21 hos
520 852 231 29 skolöfverstyrelsen
773 852 44 22 och
839 852 76 21 denna
931 852 49 21 äter

222 887 42 21 hos
286 887 173 26 konsistorium,
481 889 35 19 att
536 887 36 21 för
594 887 87 21 sädana
695 893 116 22 personer,
828 886 81 21 hvilka
924 890 56 17 ärna

221 921 92 21 utbilda
328 921 36 28 sig
379 921 37 21 till
431 921 74 21 lärare
520 921 8 21 i
543 921 109 22 moderna
662 921 69 28 spräk
742 921 40 21 vid
793 921 92 21 landets
895 921 84 28 lyceer,

222 955 52 22 icke
289 955 40 22 vid
344 955 160 22 universitetet
519 955 94 22 beredes
628 955 93 22 tillfälle
737 955 37 21 till
789 955 126 28 grundliga
933 957 47 18 stu-

223 989 50 22 dier
294 990 8 21 i
325 989 67 22 dessa
415 993 83 18 ämnen
522 989 42 22 och
587 989 20 29 ej
623 989 73 22 heller
711 989 37 22 till
763 989 88 22 sådana
867 989 112 23 examina,

222 1023 82 22 hvilka
325 1023 9 22 i
353 1023 73 22 andra
447 1023 153 28 vetenskaper
618 1027 39 18 äro
672 1023 96 28 vanliga
783 1023 44 22 och
842 1023 8 21 i
865 1023 40 28 lag
920 1022 60 22 före-

223 1057 95 22 skrifna.
350 1057 70 22 Svärt
442 1057 59 22 hade
524 1057 64 22 detta
606 1057 202 22 missförhällande
824 1057 79 22 blifvit
918 1057 63 28 isyn-

223 1092 83 21 nerhet
322 1091 71 22 sedan
412 1091 39 22 det
466 1092 26 21 år
508 1093 53 20 1883
577 1091 129 29 stadgades,
723 1093 35 20 att
773 1091 185 29 lektorstjenster
973 1091 8 21 i

223 1126 69 28 tyska
315 1126 43 21 och
378 1125 96 22 franska
496 1126 98 28 spräken
617 1126 75 21 skulle
713 1126 98 21 inrättas
834 1125 41 22 vid
890 1125 91 22 landets

223 1160 134 28 reallyceer.
388 1160 46 21 Det
456 1162 79 26 syntes
557 1160 123 28 pätagligt,
703 1162 36 19 att
753 1159 145 22 inrättandet
913 1159 27 21 af
953 1166 28 14 en

223 1193 207 30 professorstjenst,
446 1193 56 22 eller
517 1194 110 28 möjligen
643 1194 40 21 tvä
698 1193 93 26 sädana,
806 1201 56 14 vore
873 1193 39 22 det
923 1193 59 21 enda

224 1228 87 21 medlet
325 1228 37 21 till
378 1227 149 30 aflägsnande
542 1228 26 21 af
580 1228 102 21 nämnda
693 1228 104 21 känbara
808 1228 65 21 brist.
903 1227 79 22 Histo-

224 1262 191 29 risk-filologiska
431 1262 127 26 sektionen,
574 1262 69 21 hvars
658 1261 110 29 yttrande
779 1262 8 21 i
798 1261 82 29 frågan
892 1262 26 21 af
926 1261 56 22 kon-

225 1296 118 22 sistorium
358 1296 133 27 infordrats,
507 1296 101 29 föreslog
622 1296 38 21 för
674 1296 36 21 sin
726 1296 38 21 del
780 1295 115 29 enhälligt
908 1297 36 20 att
954 1303 29 14 en

224 1330 119 29 professur
357 1330 9 21 i
380 1330 118 21 romanisk
514 1330 43 21 och
572 1330 132 29 germanisk
719 1330 90 29 filologi
825 1330 72 21 mätte
912 1330 71 21 inrät-

224 1366 43 19 tas.
298 1364 128 21 Sektionen
441 1364 82 28 gjorde
537 1364 137 28 visserligen
684 1364 78 21 tillika
772 1364 45 21 den
829 1364 155 28 anmärkning

223 1400 37 20 att
275 1398 40 22 det
328 1405 28 14 ur
370 1398 163 28 vetenskaplig
548 1398 119 28 synpunkt
681 1398 52 21 icke
748 1405 41 15 var
804 1398 56 21 fullt
875 1398 109 21 tillfreds-
