1056 1670
331 102 225 23 Petitionsbetänkande
573 103 34 21 N:o
623 101 15 23 1.
802 104 25 19 71

175 292 59 21 Ifrån
258 291 167 22 Bondeständet
447 298 27 16 en
490 292 93 27 petition
600 292 24 21 af
637 292 57 22 Herr
708 292 64 22 Antti
786 292 71 21 Kana-

104 334 44 15 nen
170 328 113 26 angående
303 328 138 21 anställande
466 327 24 22 af
504 328 129 22 ekonomisk
649 328 41 21 och
706 327 152 22 instrumental

104 363 164 26 undersökning
283 363 67 21 innan
367 364 182 21 nästkommande
560 364 106 26 landtdag
681 363 24 21 af
714 370 26 15 en
749 364 108 26 jernvägs-

104 400 60 27 linie,
181 406 46 15 som
244 399 56 21 ifrån
316 399 77 21 Iisvesi
409 399 54 22 eller
478 399 133 27 Suonenjoki
627 400 83 21 station
720 400 14 21 &
744 399 113 22 Savolaks-

105 435 70 21 banan
200 434 71 22 skulle
295 435 78 26 dragas
397 435 35 21 till
456 435 58 21 Sievi
531 435 82 22 station
630 436 13 20 ä
660 434 197 27 Uleäborgsbanan,

105 471 87 22 hvilken
208 471 94 27 petition
318 471 7 21 i
341 470 171 28 öfversätttning
528 473 24 19 är
566 471 25 21 af
604 471 97 27 följande
716 471 90 27 lydelse:

241 578 55 20 Till
311 578 175 21 Hedervärda
501 579 214 20 Bondeständet.

177 638 42 25 Jag
240 637 90 20 anhäller
350 637 117 26 ödmjukast
482 641 32 17 att
529 639 37 19 hos
582 638 35 20 det
632 637 131 22 hedervärda
778 637 79 20 Bonde-

108 667 82 20 ständet
205 667 20 20 fä
240 667 112 20 framställa
368 667 77 26 förslag
460 668 32 19 till
508 675 25 13 en
548 667 87 26 petition
656 675 32 13 om
707 667 111 21 förenande
837 667 23 20 af

108 697 113 25 Uleåborgs
237 697 38 20 och
290 697 99 20 Savolaks
397 697 113 26 jernvägar
520 697 87 20 medelst
617 704 26 13 en
652 697 204 26 förbindningsbana.

177 727 67 20 Sedan
259 727 132 25 Regeringen
414 727 47 20 med
484 727 122 21 samverkan
628 727 23 20 af
671 727 80 20 landets
770 727 87 20 Ständer

104 756 49 20 lätit
172 757 71 26 bygga
261 756 113 26 jernvägar
393 757 8 19 i
421 757 26 20 de
468 757 57 20 delar
546 757 22 20 af
581 758 47 19 värt
647 757 55 26 land,
718 757 72 20 hvilka
805 759 52 17 mest

105 786 55 19 varit
179 786 8 19 i
207 786 101 20 afsaknad
327 786 20 20 af
362 786 126 21 förbättrade
504 787 202 26 kommunikationer,
722 787 38 20 har
775 787 35 19 det
826 793 31 13 re-

104 816 63 19 sultat
175 817 104 24 uppnätts,
288 818 30 17 att
328 816 81 20 landets
418 816 125 26 aflägsnaste
553 817 57 19 delar
620 823 86 13 numera
716 820 35 16 äro
761 815 96 21 förenade

104 844 76 21 medels
191 846 122 19 stambanor.
330 846 50 19 Men
389 845 32 20 för
432 848 31 17 att
474 846 60 20 dessa
544 846 65 20 banor
620 846 59 20 skola
689 846 70 20 kunna
769 846 31 19 för
811 846 47 19 värt

104 874 49 20 land
168 874 91 20 medföra
275 875 35 19 det
320 882 55 19 gagn
386 882 43 13 som
440 876 46 19 med
497 876 46 20 dem
554 876 94 26 äsyftats,
662 879 22 16 är
696 876 34 20 det
741 876 64 24 enligt
815 875 41 19 min

104 904 82 26 mening
201 904 128 26 nödvändigt
344 908 30 17 att
390 906 145 19 stambanorna
551 905 105 20 förbindas
677 906 46 19 med
740 905 117 20 hvarandra

103 934 86 20 medelst
199 934 116 20 tvärbanor.
332 935 56 19 Utan
399 935 72 20 tvifvel
482 942 48 13 vore
542 942 26 13 en
578 936 107 25 tvärbana,
697 942 49 20 som,
754 934 103 26 utgående

103 964 98 25 antingen
212 964 46 19 från
268 964 75 20 Iisvesi
359 964 50 20 eller
425 965 124 25 Suonenjoki
564 965 76 19 station
656 966 12 18 &
684 965 172 25 Savolaksbanan,

104 993 73 25 droges
187 1000 74 19 genom
271 994 137 26 Rautalampi,
425 994 127 24 Wiitasaari,
568 994 124 26 Pihtipudas
702 994 38 20 och
750 994 105 26 Reisjärvi

104 1022 150 28 församlingar,
276 1024 32 20 för
328 1026 31 18 att
379 1024 37 20 vid
437 1024 55 20 Sievi
508 1024 78 20 station
601 1024 71 20 förena
688 1024 32 26 sig
734 1024 48 20 med
796 1023 60 20 Uleå-

104 1053 138 26 borgsbanan,
264 1053 23 20 af
305 1056 42 17 stor
363 1054 119 20 ekonomisk
498 1054 108 26 betydelse
621 1054 31 20 för
668 1054 60 20 dessa
744 1053 112 20 församlin-

104 1089 39 19 gar
166 1083 38 19 och
224 1083 67 19 tillika
311 1083 30 19 för
357 1084 47 19 hela
419 1084 75 20 landet.
526 1084 79 26 Banan,
621 1084 63 20 hvars
700 1084 64 25 längd
778 1083 79 20 komme

105 1114 31 18 att
157 1112 65 20 blifva
245 1113 94 25 omkring
355 1114 26 18 21
404 1114 41 24 mil,
466 1114 66 19 skulle
554 1115 26 24 gä
596 1114 57 20 öfver
666 1114 68 25 jemna
750 1112 107 21 sandmoar

105 1142 38 19 och
158 1142 89 20 likartad
263 1142 64 27 mark,
343 1144 12 18 &
371 1143 71 20 hvilka
457 1143 121 26 byggandet
594 1143 22 20 af
629 1150 25 13 en
662 1144 89 25 jernväg
762 1142 17 26 ej
791 1144 66 18 stöter

104 1171 26 25 pä
145 1172 66 25 nägra
226 1172 133 25 svärigheter.

175 1201 130 20 Skärskädar
329 1209 48 12 man
401 1202 218 20 trafikförhällandena
642 1203 12 19 &
678 1202 39 20 den
739 1202 118 25 föreslagna

103 1225 144 37 Suonenjoki—
260 1231 55 20 Sievi
337 1231 75 27 banan,
437 1231 66 21 finner
525 1239 47 12 man
595 1234 31 18 att
650 1232 117 20 densamma
791 1231 66 20 skulle

104 1259 87 20 likasom
206 1260 191 27 Jyväskyläbanan,
413 1262 73 19 beröra
501 1262 132 25 Rautalampi
648 1262 38 19 och
701 1261 97 20 Laukkas
813 1262 44 18 vat-

104 1289 89 25 tendrag
203 1290 105 20 äfvensom
323 1290 88 26 Keitele,
427 1290 40 20 den
482 1291 130 20 sistnämnda
627 1291 45 25 sjön
688 1291 52 19 dock
751 1290 45 20 icke
807 1290 48 19 alle-

105 1321 48 17 nast
175 1320 27 24 pä
222 1326 32 20 en,
276 1322 50 18 utan
341 1321 27 25 pä
383 1320 50 20 flere
449 1321 97 26 punkter,
563 1321 38 19 sist
616 1321 36 20 vid
668 1320 47 20 dess
730 1320 127 25 nordligaste

104 1348 61 26 ända,
182 1349 105 20 hvarifrån
303 1350 68 19 banan
382 1350 79 20 komme
473 1353 30 17 att
514 1350 83 20 sträcka
608 1350 32 26 sig
651 1350 59 26 längs
720 1350 83 20 Kolima
813 1351 44 18 vat-

105 1378 95 26 tendrag,
221 1379 63 20 hvars
300 1386 25 12 en
340 1379 34 19 mil
391 1380 62 25 långa
469 1380 65 20 delvis
550 1380 122 26 tvägreniga
686 1380 70 26 utlopp
772 1382 23 17 är
811 1378 46 20 fullt

106 1406 24 20 af
143 1408 124 27 vattenrika,
283 1409 74 19 branta
377 1408 86 27 forssar,
482 1410 68 19 såsom
565 1412 14 17 t.
596 1416 30 13 ex.
642 1410 74 26 Kymö,
731 1409 72 20 Kellas
819 1408 38 20 och

175 1448 174 23 Jernvägsutskottets
361 1448 108 19 betänkande
481 1448 35 19 N:o
528 1450 15 18 1.
