1073 1675
252 142 25 20 10
425 140 245 22 Petitionsbetänkande
685 139 37 23 N:o
739 138 29 24 31.

221 209 151 28 ningsanstalt,
389 210 36 20 det
444 209 112 21 allmänna
572 210 50 20 drar
636 208 84 28 försorg
737 215 35 15 om
788 210 34 20 att
838 209 64 21 dessa
918 208 64 27 anlag

220 244 19 27 ej
261 244 29 27 gå
311 243 108 22 förlorade
442 250 79 21 genom
544 244 54 21 brist
616 244 29 27 på
662 243 79 25 medel,
757 243 41 22 har
813 243 107 22 utskottet
934 242 48 23 icke

221 278 85 21 kunnat
321 278 79 22 förbise
416 279 42 21 den
475 278 53 26 fara,
545 285 46 14 som
606 277 116 22 innebäres
737 277 7 22 i
761 285 26 14 en
804 277 38 22 allt
858 277 34 22 för
906 277 76 22 liberal

220 312 108 28 reglering
343 313 25 21 af
382 313 150 28 friplatsernas
556 312 62 22 antal
640 313 5 20 i
668 313 52 20 våra
736 312 79 21 skolor.
846 312 31 28 Ty
892 319 34 14 om
942 311 40 22 ock

221 354 27 14 en
264 348 56 20 sund
335 347 125 28 skolpolitik
475 347 19 28 ej
511 347 40 21 bör
566 347 40 27 sky
621 349 33 20 att
669 347 66 21 ställa
750 347 33 27 sig
794 347 8 20 i
813 346 168 22 ståndscirkula-

220 381 86 22 tionens
329 381 68 28 tjänst
414 381 7 21 i
441 382 43 21 den
504 382 58 27 män,
578 384 33 19 att
626 381 102 21 tillHödet
743 381 26 21 af
781 381 57 27 goda
854 381 64 27 anlag
933 380 48 21 från

220 417 26 20 de
269 416 83 21 mindre
375 416 87 21 bildade
483 415 42 22 och
549 416 84 21 mindre
654 415 129 22 bemedlade
802 415 179 27 samhällslagren

220 450 33 21 till
269 450 41 21 den
330 457 58 14 mera
410 450 87 22 bildade
515 450 88 21 klassen
618 449 120 26 befordras,
754 450 59 27 gifva
830 450 56 21 dock
901 449 81 22 förhål-

220 484 96 21 landena
334 484 7 21 i
357 485 46 21 vårt
421 485 59 26 land,
497 485 73 21 såsom
586 485 26 21 de
630 484 34 21 för
680 485 138 21 närvarande
834 485 92 26 gestalta
941 485 40 26 sig,

220 518 67 27 enligt
310 519 116 21 utskottets
449 519 95 27 mening,
561 519 119 27 ingalunda
699 519 37 21 vid
757 519 95 27 handen,
868 521 32 19 att
916 519 18 27 ej
951 526 30 13 nu

220 553 101 28 gällande
341 554 136 27 stadganden
496 554 29 27 på
541 554 61 21 detta
617 554 88 21 område
721 553 71 22 skulle
808 553 49 22 fullt
872 556 108 19 motsvara

220 588 102 21 behofvet
337 588 25 22 af
374 588 73 28 statlig
466 588 153 22 mellankomst
634 588 36 22 vid
686 588 112 21 bristande
814 588 166 22 öfverensstäm-

219 622 67 21 melse
308 622 80 22 mellan
408 623 26 21 de
457 623 57 27 goda
536 623 93 27 anlagen
649 622 40 22 och
708 623 27 21 de
758 622 112 22 materiela
893 622 87 28 tillgån-

218 664 75 19 garna.
324 657 34 21 Då
378 657 109 27 nämligen
506 658 27 20 de
551 658 28 20 20
594 660 91 24 procent
700 657 25 21 af
738 657 50 21 hela
803 657 176 22 elevnumerären

220 691 48 21 från
285 692 40 20 och
344 692 49 21 med
413 692 69 21 andra
501 691 93 26 klassen,
610 691 74 22 hvilka
699 692 69 27 enligt
783 692 81 21 nämda
878 692 100 27 stadgan-

220 726 42 20 den
285 726 75 21 kunna
383 726 78 21 befrias
484 726 47 21 från
551 726 85 21 direkta
658 726 90 27 utgifter
767 726 34 21 för
819 728 33 19 sin
868 726 110 28 skolgång,

220 760 35 21 väl
270 761 7 20 i
292 761 74 27 regeln
380 761 107 28 inrymma
501 761 44 21 alla
561 761 26 21 de
602 761 56 27 goda
674 761 73 27 anlag,
764 768 46 14 som
824 761 8 20 i
842 762 37 20 det
890 761 89 22 allmän-

220 801 40 15 nas
274 795 93 22 intresse
382 795 53 22 böra
450 795 49 22 från
514 795 79 28 fattiga
608 795 49 22 hem
672 795 86 22 inledas
773 796 7 21 i
796 796 43 21 den
854 795 62 22 lärda
931 795 48 22 sko-

219 829 37 21 lan
276 829 40 22 och
338 837 77 20 genom
435 831 49 25 den,
499 830 71 21 såsom
586 829 61 22 fallet
662 830 102 27 vanligen
780 831 31 26 är,
828 831 30 26 på
872 830 107 21 särskilda

220 863 239 26 embetsmannabanor,
471 871 63 20 synas
545 871 30 14 nu
588 864 117 21 bestående
716 864 153 22 restriktioner
879 865 29 27 på
919 865 60 21 detta

220 899 89 20 område
324 898 56 21 blott
395 899 45 21 afse
456 901 33 19 att
503 899 33 20 till
552 898 82 22 båtnad
649 898 33 21 för
692 899 61 21 såväl
764 899 37 21 det
812 899 111 21 allmänna
933 906 45 14 som

220 933 123 26 ungdomen
359 933 52 28 själf
423 933 79 21 hindra
517 934 77 25 elever,
610 933 74 21 hvilka
696 935 70 19 sakna
777 933 55 22 både
842 934 84 26 andligt
937 933 42 22 och

219 967 109 21 materielt
348 967 91 28 kapital,
455 970 32 19 att
503 967 97 22 inlockas
615 968 29 27 på
659 967 75 28 banor,
751 967 33 22 för
799 967 75 22 hvilka
890 969 26 20 de
931 968 47 21 icke

220 1002 38 20 äro
274 1003 91 26 egnade.
971 1025 2 2 N

288 1036 34 21 Dä
342 1037 107 27 därjämte
470 1037 8 20 i
500 1037 44 21 alla
566 1039 84 19 statens
672 1037 71 27 lyceer
762 1038 50 20 med
829 1038 113 27 undantag
958 1037 24 22 af

220 1069 121 29 Uleäborgs
356 1071 69 22 finska
440 1071 85 28 lyceum
541 1071 41 21 och
597 1071 147 22 Tammerfors
760 1071 135 28 reallyceum,
906 1071 73 22 hvilka

220 1105 90 22 alldeles
325 1105 86 29 nyligen
427 1106 110 27 inrättats,
552 1106 120 28 stipendier
688 1106 40 21 och
744 1106 95 28 premier
849 1105 82 28 årligen
945 1108 35 19 ut-

220 1139 62 21 delas
297 1140 35 20 till
352 1140 83 28 ganska
450 1140 123 28 betydande
588 1140 80 28 belopp
684 1153 28 3 —
728 1141 71 21 under
814 1140 94 22 läseäret
926 1141 52 21 1888

219 1174 58 22 —89
292 1174 78 22 inalles
384 1176 79 26 27,463
478 1174 37 22 mk
530 1188 27 2 —
573 1174 40 22 har
627 1174 108 22 utskottet
750 1177 73 19 ansett
838 1175 33 27 sig
884 1174 53 22 böra
948 1175 31 21 af-

219 1208 75 28 styrka
314 1210 41 20 den
378 1209 111 21 allmänna
509 1210 129 27 utvidgning
653 1209 25 21 af
690 1209 142 27 möjligheten
848 1212 33 18 att
897 1210 83 21 erhålla

218 1242 88 29 friplats
321 1244 8 21 i
343 1244 86 22 landets
445 1244 79 27 skolor,
540 1251 46 15 som
602 1244 7 21 i
625 1245 37 20 det
677 1245 71 21 andra
762 1244 26 21 af
795 1244 137 21 förestäende
943 1251 37 21 pe-

219 1278 192 22 titionsmemorial
433 1279 87 28 åsyftas.
551 1279 81 21 Härvid
654 1278 40 21 har
716 1278 108 22 utskottet
848 1278 55 22 dock
922 1279 58 22 velat

219 1312 67 22 hafva
300 1313 111 27 betonadt,
427 1316 34 18 att
476 1313 144 28 kungörelsen
636 1313 26 21 af
674 1313 42 21 den
732 1313 29 22 22
776 1313 87 27 augusti
876 1313 54 22 1889
940 1313 40 22 bör

218 1346 71 27 gifvas
304 1354 29 14 en
348 1347 8 21 i
371 1348 71 27 nägon
458 1349 49 20 män
524 1348 36 21 vid
574 1347 100 28 tolkning
688 1347 90 26 derhän,
789 1350 33 19 att
832 1354 27 15 en
870 1347 52 26 elev,
934 1354 46 15 som

219 1388 27 15 en
265 1382 58 27 gäng
345 1381 91 22 befriats
457 1382 47 21 frän
525 1382 123 27 skolafgifts
663 1381 139 28 erläggande,
820 1383 19 26 ej
856 1383 36 20 mä
906 1381 74 22 kunna

219 1417 54 20 utan
288 1416 64 27 giltig
366 1417 65 21 orsak
446 1417 99 21 beröfvas
556 1417 72 21 denna
638 1417 92 26 förmän,
741 1417 64 22 äfven
814 1423 34 15 om
860 1418 36 20 det
907 1417 7 20 i
925 1416 55 22 kun-

218 1450 100 27 görelsen
330 1451 113 22 faststälda
453 1451 145 28 procenttalet
609 1451 126 28 härigenom
746 1451 71 22 blefve
832 1450 147 23 öfverskridet.

288 1490 101 19 Allmänna
400 1491 173 18 Besvärsutskottets
584 1491 109 18 betänkande
706 1491 35 18 N:o
750 1491 31 18 24.
