1056 1678
288 132 25 19 12

598 197 28 20 29
643 195 19 28 &.

326 237 12 20 I
353 236 159 28 hufvudsaklig
527 236 231 23 öfverensstämmelse
774 237 49 22 med
839 237 62 22 Hans
916 236 89 28 Kejser-

254 272 46 27 liga
315 272 116 27 Majestäts
447 273 81 27 nådiga
543 273 136 26 proposition
696 272 66 22 hafva
777 273 29 21 Vi
822 273 86 26 antagit
923 272 84 22 sådana

254 307 155 28 förordningar
424 308 115 27 angående
555 308 111 22 särskilda
681 307 137 28 ändringar
807 303 12 37 i
831 308 129 27 strafflagen
971 307 35 22 för

254 342 213 23 Storfurstendömet
488 343 97 21 Finland
608 343 25 21 af
653 343 43 22 den
721 344 26 20 19
763 343 123 22 December
903 345 56 19 1889
975 342 31 22 äf-

255 384 91 17 vensom
362 379 114 27 angående
492 379 95 28 ändring
603 378 24 22 af
640 380 28 20 45
681 378 13 30 &
705 379 8 21 i
723 378 158 28 förordningen
892 378 25 22 af
925 384 81 17 samma

254 413 44 28 dag
318 420 34 15 om
372 414 116 23 införande
509 415 25 21 af
547 421 30 21 ny
593 415 81 21 allmän
689 414 103 27 strafflag
807 414 36 22 för
859 414 146 22 Storfursten-

254 449 74 22 dömet
350 449 95 22 Finland
469 450 40 21 och
524 450 59 22 hvad
598 450 8 21 i
622 450 104 22 afseende
742 450 54 21 derä
812 450 59 22 skall
885 450 119 27 iakttagas,

254 491 47 15 som
323 485 42 22 vär
388 485 71 22 denne
475 485 43 28 dag
533 485 81 22 aflätna
629 486 152 27 underdäniga
797 485 185 23 svarsskrifvelse
998 486 6 21 i

254 522 75 20 ämnet
344 521 35 21 till
394 521 62 22 Hans
472 521 127 28 Kejserliga
613 521 105 28 Majestät
733 521 92 28 utvisar,
842 521 95 22 hvarhos
953 521 29 22 Vi
997 521 8 21 i

254 555 177 29 underdånighet
453 557 112 28 hemstält,
585 559 38 25 att,
641 557 7 22 i
663 557 108 22 händelse
785 557 167 27 bestämningar
967 563 38 15 an-

254 591 86 27 gående
363 592 172 28 verkställighet
558 593 8 21 i
589 593 96 21 Finland
703 593 8 21 i
726 593 61 22 vissa
802 592 165 27 undantagsfall
983 592 25 21 af

255 626 106 23 domstols
384 628 8 21 i
407 628 168 27 Kejsaredömet
591 629 49 21 dom
661 629 8 20 i
684 629 104 21 brottmål
803 629 94 27 ansåges
913 634 54 16 vara
983 628 25 21 af

254 663 106 21 behofvet
382 664 124 27 påkallade,
530 664 62 22 Hans
615 664 105 27 Majestät
740 665 87 21 täcktes
843 665 46 21 låta
903 665 103 20 utarbeta

254 698 41 21 och
310 700 52 20 näst
376 700 205 21 sammanträdande
597 699 95 22 Ständer
707 700 36 21 till
757 700 99 26 lagenlig
871 699 134 27 behandling

254 732 116 29 förelägga
392 734 85 28 förslag
500 736 36 20 till
559 735 130 27 förordning
711 736 8 20 i
741 737 82 25 ämnet;
840 735 68 27 jemte
924 735 38 21 det
976 734 29 22 Vi

253 770 82 20 uttalat
350 770 42 22 Oss
409 771 114 27 angående
538 770 159 28 förändringen
711 770 23 22 af
742 771 110 21 terminen
863 770 34 22 för
908 770 43 22 den
961 776 44 21 nya

254 804 145 28 Strafflagens
423 806 39 22 och
485 806 76 22 dertill
583 806 98 22 hörande
697 806 166 28 förordningars
879 806 25 21 af
917 806 43 22 den
977 807 26 19 19

253 840 123 23 December
393 843 56 20 1889
465 842 108 22 trädande
589 842 8 21 i
613 842 103 27 gällande
732 841 67 28 kraft,
811 841 67 23 hafva
893 841 28 22 Vi
931 841 74 22 tillika

253 875 128 29 framhållit,
397 879 34 20 att
446 877 28 22 Vi
489 877 29 27 på
533 877 28 22 de
576 878 8 21 i
595 877 68 28 sagda
674 877 119 22 skrifvelse
805 877 92 22 anförda
907 877 98 27 grunder

253 912 51 21 med
318 911 121 23 förtröstan
455 915 89 25 emotse,
561 915 33 19 att
610 913 37 22 det
663 913 35 22 må
713 913 77 21 täckas
806 913 62 21 Hans
879 913 127 27 Kejserliga

253 947 105 27 Majestät
381 949 33 20 att
437 948 7 21 i
459 948 70 21 nåder
545 948 108 22 stadfästa
669 948 159 22 ofvanstående
844 947 25 22 af
882 947 123 22 Ständerna

253 984 97 25 antagna
372 982 165 28 författningar,
561 984 26 21 så
609 986 34 19 att
665 983 170 27 tillämpningen
858 982 25 22 af
903 983 43 22 den
961 989 45 20 nya

254 1017 130 28 strafflagen
399 1018 74 22 kunde
489 1021 53 19 utan
559 1019 104 27 dröjsmål
678 1019 95 27 vidtaga.

599 1086 28 19 30
643 1084 19 28 8.

324 1124 79 27 Enligt
424 1125 58 22 hvad
505 1125 29 22 Vi
557 1126 34 20 uti
606 1125 137 27 underdånig
759 1124 121 22 skrifvelse
895 1124 25 22 af
933 1124 72 22 denne

252 1158 44 28 dag
310 1159 40 22 hos
370 1160 63 22 Hans
456 1160 125 28 Kejserliga
603 1160 104 28 Majestät
722 1161 89 27 anmält,
828 1160 67 22 hafva
911 1160 28 22 Vi
955 1160 50 21 med

252 1194 112 22 särskilda
378 1195 8 21 i
402 1195 95 22 berörda
519 1195 121 23 skrifvelse
663 1195 90 28 angifna
769 1196 121 26 ändringar
905 1195 100 27 godkänt

251 1229 63 22 Hans
330 1230 117 27 Majestäts
471 1231 80 27 nådiga
574 1232 137 26 proposition
734 1231 114 27 angående
871 1230 84 22 ändrad
971 1231 33 26 ly-

251 1265 62 22 delse
329 1265 25 21 af
367 1266 112 22 särskilda
493 1266 148 28 paragrafer
635 1261 13 37 i
652 1266 217 28 Värnepligtslagen,
881 1266 124 28 hvarjemte

251 1300 30 22 Vi
295 1301 9 21 i
319 1301 178 28 underdänighet
520 1303 94 21 anhållit
637 1309 34 15 om
692 1302 195 27 åvägabringande
911 1301 24 22 af
953 1303 51 20 när-

251 1342 61 16 mare
327 1337 126 28 utredning,
469 1338 110 22 huruvida
593 1339 51 21 icke
659 1339 8 20 i
677 1338 218 27 värnepligtsåldern
905 1337 99 22 varande

250 1372 127 28 ynglingar,
399 1378 46 16 som
467 1374 8 21 i
489 1373 56 28 följd
561 1374 25 21 af
599 1374 64 21 svårt
677 1374 132 26 kroppslyte
825 1373 56 22 eller
896 1373 109 22 vansinne

250 1409 39 19 äro
306 1408 36 21 till
363 1408 133 28 krigstjenst
516 1409 124 27 uppenbart
663 1409 109 27 oduglige,
795 1408 75 22 kunde
885 1408 50 22 från
951 1414 54 21 upp-
