1067 1675
764 133 27 20 21

74 196 50 27 mål,
140 197 57 20 samt
213 197 32 19 att
261 195 105 28 derefter,
382 195 50 22 med
449 196 49 21 stöd
513 196 23 21 af
547 196 92 21 sålunda
648 202 89 16 vunnen
747 196 74 22 utred-

74 232 59 26 ning,
157 230 150 28 stadgandena
329 230 8 22 i
359 230 81 28 nådiga
462 231 149 27 kungörelsen
627 231 25 21 af
665 231 42 21 den
726 233 25 19 19
767 231 54 21 Juni

76 267 56 20 1884
155 266 114 27 angående
290 266 126 21 inrättande
440 266 24 21 af
481 272 27 16 en
524 266 140 27 arkeologisk
679 267 142 21 kommission

74 302 40 21 och
136 301 81 27 nådiga
239 301 163 22 instruktionen
424 301 36 22 för
484 302 191 27 statsarkeologen
696 301 25 22 af
735 302 43 21 den
795 303 26 19 17

73 337 122 22 December
220 337 55 20 1885
299 336 145 22 underkastas
463 337 67 27 nödig
544 337 104 27 revision,
665 337 61 27 eller,
744 337 8 21 i
768 337 53 21 hän-

74 372 61 22 delse
151 371 80 22 sådant
245 371 59 22 visat
319 372 34 27 sig
368 371 111 28 behöfligt,
497 372 105 27 åtgärder
616 372 101 27 vidtagas
733 372 36 21 till
780 372 42 21 den

74 407 155 27 arkeologiska
243 407 169 27 myndighetens
426 408 9 21 i
450 408 75 21 landet
540 407 144 28 fullständiga
699 407 121 28 omorgani-

74 443 78 26 sation,
173 442 114 22 äfvensom
309 444 33 20 att
365 443 123 22 emellertid
510 443 34 22 för
559 443 122 27 främjande
697 443 24 21 af
734 443 87 21 landets

74 478 155 27 arkeologiska
248 477 165 28 undersökning
428 479 40 21 och
484 479 84 21 vården
583 478 25 21 af
622 480 83 20 statens
721 478 99 21 arkeolo-

74 514 65 27 giska
161 514 120 27 samlingar
303 515 33 20 ett
359 513 67 22 ökadt
450 514 60 21 antal
533 514 111 21 ordinarie
659 513 162 22 arbetskrafter

75 549 68 23 måtte
163 549 77 22 ställas
261 549 35 22 till
315 549 155 27 arkeologiska
485 549 181 22 kommissionens
682 549 139 27 förfogande;

146 586 48 20 12:e
217 586 34 20 att
272 584 62 22 Hans
357 584 126 28 Kejserliga
502 584 105 28 Majestät
621 585 88 21 täcktes
724 585 46 21 låta
785 590 38 16 un-

76 620 104 22 derkasta
205 620 78 27 frågan
307 626 34 16 om
363 620 37 27 lag
415 621 114 27 angående
544 620 166 27 sparbankerna
726 620 8 21 i
749 619 75 22 landet

75 662 28 16 en
118 656 126 26 sakkunnig
259 656 122 27 beredning
396 658 55 19 samt
468 656 98 22 derefter
582 656 64 21 aflåta
661 656 67 27 nådig
743 661 79 21 propo-

76 691 65 22 sition
156 691 8 21 i
179 693 74 19 ämnet
268 691 35 21 till
318 691 180 22 nästkommande
514 692 116 26 landtdag;

147 728 46 20 13:e
209 728 32 20 att
256 726 81 28 nådiga
351 727 149 27 kungörelsen
516 726 25 22 af
554 727 43 21 den
614 728 13 20 6
643 726 54 22 Juni
714 727 57 21 1864
787 732 36 15 an-

76 762 84 27 gående
183 762 58 22 hvad
256 762 36 21 till
307 762 177 22 förekommande
500 763 40 21 och
557 762 128 22 hämmande
701 762 25 21 af
739 762 84 22 smitto-

76 804 81 14 samma
173 797 229 28 kreaturssjukdomar
416 798 112 27 iakttagas
542 798 41 21 bör
598 798 69 21 måtte
677 798 146 21 underkastas

76 833 67 26 nödig
165 833 97 21 revision
278 835 55 19 samt
349 835 33 19 att
396 834 88 21 landets
500 833 94 22 Ständer
609 833 68 21 måtte
693 832 106 22 försättas
815 832 8 21 i

76 867 91 22 tillfällé
182 869 33 20 att
229 867 8 22 i
253 868 92 21 ärendet
360 868 70 21 uttala
445 869 45 26 sig;

149 905 46 20 14:e
218 905 33 20 att
273 903 61 22 Hans
356 903 126 28 Kejserliga
502 904 104 27 Majestät
621 903 54 22 ville
694 903 4 21 i
713 903 70 21 nåder
798 908 26 15 ur

77 939 110 21 allmänna
211 939 72 21 medel
311 939 62 22 anslå
396 945 27 16 en
446 945 84 16 summa
554 939 24 21 af
600 941 79 25 25,000
704 938 62 21 mark
790 939 33 20 att

76 974 125 22 tillsvidare
216 974 85 27 årligen
317 975 97 21 tilldelas
429 975 108 21 Finlands
553 973 198 28 Exportförening
744 969 10 37 ;

132 1014 2 2 *
148 1011 47 20 15:e
216 1011 33 20 att
263 1010 68 27 nådig
345 1010 135 27 proposition
496 1016 34 15 om
545 1009 127 28 byggandet
687 1009 25 21 af
725 1015 27 15 en
765 1008 60 27 jern-

77 1047 45 25 väg
143 1045 94 22 emellan
259 1045 104 22 städerna
383 1045 113 28 Uleäborg
519 1045 40 22 och
583 1045 85 21 Torneä
684 1045 7 20 i
707 1045 70 21 sinom
791 1043 34 20 tid

77 1080 74 22 blefve
175 1080 123 22 Ständerna
317 1081 106 27 förelagd,
439 1081 122 23 hvarjemto
577 1080 123 18 Ständerna
715 1077 60 21 velat
791 1078 32 19 ut-

76 1116 47 22 tala
137 1116 43 22 den
195 1115 148 25 förhoppning
357 1118 33 16 att
405 1114 42 20 den
463 1113 25 21 af
501 1113 62 21 Hans
579 1112 125 28 Kejserliga
719 1112 104 27 Majestät

76 1148 117 22 aubefalda
207 1148 195 27 undersökningen
417 1148 25 22 af
455 1148 95 22 nämnda
562 1148 160 27 jernvägslinie
737 1148 86 21 komme

77 1186 33 19 att
124 1184 135 22 verkställas
275 1183 67 21 innan
357 1185 64 20 nästa
436 1184 119 26 landtdag
544 1179 15 36 ;

146 1221 39 25 att,
202 1218 35 22 för
252 1219 42 21 den
309 1219 106 22 händelse
429 1219 83 21 Raumo
524 1218 49 22 stad
584 1218 55 22 eller
650 1218 97 22 enskildt
757 1218 65 26 bolag

77 1255 67 21 innan
159 1256 65 20 nästa
238 1254 106 27 landidag
359 1254 104 22 utverkat
479 1254 35 27 sig
529 1254 130 21 koncession
674 1254 13 21 ä
697 1253 128 27 byggandet

78 1289 25 22 af
124 1296 26 16 en
171 1290 96 27 jernväg
286 1289 50 22 från
351 1290 72 26 någon
438 1290 72 26 punkt
526 1290 14 20 &
556 1288 268 27 Tammerfors-—-Björne-

78 1325 66 27 borgs
159 1325 72 21 banan
246 1324 36 22 till
296 1324 82 22 Raumo
394 1324 55 28 stad,
466 1324 36 22 för
512 1324 38 21 det
559 1324 197 21 koncessionerade
767 1323 58 21 före-

78 1362 61 25 taget
153 1360 76 27 mätte,
245 1360 28 26 pä
289 1359 24 22 af
327 1360 110 26 styrelsen
452 1362 102 18 närmare
569 1358 114 22 bestämda
698 1358 79 28 vilkor,
789 1358 36 22 be-

78 1395 64 27 viljas
159 1401 27 16 en
202 1395 131 21 subvention
347 1395 36 21 till
398 1395 78 26 belopp
494 1394 24 21 af
531 1395 39 21 tvä
585 1394 130 21 femtedelar
730 1393 50 22 utaf
788 1393 38 21 det
