1061 1656
306 134 244 22 Petitionsbetänkande
565 133 37 23 N:o
618 132 18 23 7.
809 134 12 19 3

92 205 33 17 det
142 204 67 18 tionde
228 202 31 18 till
277 202 32 18 det
328 202 94 18 sextonde
437 202 47 22 året,
496 202 110 18 utsträcker
618 202 38 18 den
668 208 82 12 numera
762 202 44 18 från
820 202 32 18 det

92 233 80 18 åttonde
184 232 31 18 till
227 232 33 17 det
272 231 95 18 sextonde
379 231 46 21 året,
438 237 45 12 men
496 231 24 17 då
532 231 37 17 den
582 231 60 23 högre
650 230 122 19 folkskolans
780 231 72 17 lärotid

93 262 50 18 blott
161 263 21 16 är
200 260 91 24 fyraårig,
309 266 60 17 synes
387 260 33 18 det
438 259 31 19 för
487 260 43 18 vårt
546 260 91 17 ändamål
652 265 47 12 vara
710 260 94 23 rigtigare
816 260 36 17 och

93 290 76 18 mindre
185 289 133 18 vilseledande
335 290 29 16 att
375 289 63 17 räkna
449 288 59 18 äfven
521 288 111 18 skolåldern
644 288 50 18 blott
706 294 43 12 som
761 288 91 23 fyraårig,

93 319 52 18 ifrån
164 319 32 17 det
213 318 80 18 åttonde
309 317 31 18 till
352 317 34 18 det
397 317 58 18 tolfte
467 317 111 18 åldersåret.
602 317 10 17 I
624 317 64 18 denna
700 317 54 18 ålder
766 316 86 19 befunno

94 348 31 23 sig
136 347 38 18 den
186 347 21 17 31
220 346 107 28 December
340 346 44 16 1887
397 345 29 18 uti
439 345 93 18 Finlands
540 345 173 18 landskommuner
721 346 132 18 tillsammans

95 376 73 23 185,739
185 376 53 17 barn.
262 375 28 17 År
302 374 45 18 1888
359 374 81 18 besökte
452 374 22 18 af
484 374 57 18 dessa
553 374 62 22 29,816
628 374 47 18 eller
687 375 51 22 16%/,
751 374 101 20 folkskola,

95 406 56 17 dessa
168 403 132 24 naturligtvis,
319 403 45 17 med
381 402 20 17 få
418 402 105 23 undantag,
539 403 78 17 hemma
629 402 43 18 från
686 404 120 22 kommuner,
820 404 34 16 där

95 433 56 19 skola
166 432 113 19 existerade.
297 431 30 18 De
335 431 53 22 barn,
402 437 43 12 som
457 431 17 23 ej
488 431 79 18 besökte
580 431 65 23 nägon
653 431 102 23 folkskola,
764 432 90 23 utgjorde

96 463 58 17 alltså
165 462 51 21 84%,
229 461 47 18 eller
289 461 79 21 155,923,
382 459 57 18 däraf
450 461 61 21 14,012
524 460 7 17 i
544 460 23 17 de
577 460 120 23 kommuner,
709 466 43 12 som
764 466 46 12 voro
820 461 34 17 all-

96 491 53 18 deles
161 493 49 15 utan
222 489 102 18 folkskola.
348 489 54 18 Utan
418 488 71 19 tvifvel
502 491 21 15 är
535 488 60 19 äfven
607 489 37 17 den
657 488 119 19 sistanförda
786 488 69 19 siffran

96 520 7 17 i
122 520 35 17 och
174 519 31 18 för
220 519 31 23 sig
269 517 137 19 skrämmande
424 519 46 19 stor,
489 523 44 12 men
550 517 85 24 jämförd
654 518 43 17 med
716 518 47 17 talet
782 519 71 21 141,911

97 549 17 18 d.
123 554 18 12 v.
153 554 14 12 s.
180 547 74 18 antalet
267 546 22 18 af
299 547 23 17 de
335 547 53 22 barn,
401 546 68 18 hvilka
480 546 33 18 vid
526 546 86 17 nämnda
623 546 29 17 tid
664 546 42 18 icke
719 547 75 23 ätnjöto
807 547 49 18 folk-

97 575 203 24 skoleundervisning,
313 574 65 19 fastän
391 575 23 18 de
426 575 62 18 bodde
501 575 7 18 i
520 576 115 17 komniuner
647 575 44 18 med
704 581 49 18 egen
765 576 60 23 skola,
834 578 22 15 är

98 606 37 17 den
148 605 79 18 relativt
239 604 56 23 ringa
308 604 36 18 och
357 604 76 18 bevisar
445 604 95 23 tydligen,
553 606 29 15 att
594 610 24 11 en
631 605 37 22 lag,
681 610 41 12 som
735 605 79 18 kräfver
822 611 33 11 en-

98 635 43 18 dast
160 640 23 12 en
198 633 55 18 skola
265 633 32 18 för
308 633 67 23 hvarje
388 633 156 20 landskommun,
558 633 42 17 icke
617 635 22 15 är
653 633 31 18 för
698 633 158 24 folkbildningen

100 663 21 18 af
132 662 117 18 nämnvärdt
267 668 57 17 gagn.
353 661 41 18 Och
414 661 99 18 dessutom
532 661 64 18 skulle
614 661 34 18 allt
661 661 97 24 framgent
770 663 38 17 den
822 669 34 11 an-

100 691 104 23 märkning
221 691 7 18 i
247 690 64 24 nägon
326 690 44 17 män
384 696 36 17 ega
432 691 139 22 berättigande,
584 692 42 16 mot
638 691 79 17 hvilken
730 691 94 24 förslaget
836 692 22 17 är

100 721 44 17 1877
164 719 108 23 strandade,
291 721 29 16 att
338 719 33 18 det
389 719 100 23 nämligen
507 721 22 16 är
544 719 77 24 obilligt
633 721 29 16 att
674 719 85 24 betunga
771 726 24 11 en
808 720 49 18 liten

100 750 95 17 kommun
212 748 45 18 med
269 754 74 12 samma
356 748 113 23 skyldighet
481 753 42 13 som
535 754 25 11 en
572 750 46 20 stor,
632 749 34 16 och
679 750 28 16 att
720 749 33 17 det
765 749 61 18 likasä
840 749 17 23 ej

101 781 21 15 är
134 777 121 24 fullkomligt
266 777 81 18 rättvist
358 778 30 16 att
400 777 65 22 nödga
474 776 84 18 flertalet
566 776 22 18 af
594 777 129 18 kommunens
732 777 128 18 medlemmar

100 809 30 16 att
142 806 115 18 underhälla
269 811 24 12 en
306 805 116 24 inrättning,
435 805 68 18 hvaraf
516 805 68 18 endast
593 811 25 12 en
626 805 56 24 ringa
690 806 101 18 minoritet
800 807 58 22 droge

102 835 68 18 fördel.

172 864 40 17 Vill
230 869 45 12 man
293 863 58 18 alltsä
369 863 101 24 verkligen
489 869 70 17 genom
577 862 103 19 införande
698 863 22 18 af
735 864 61 23 tväng
814 864 45 17 med

104 893 51 18 kraft
180 893 91 17 utveckla
289 893 44 17 värt
351 891 193 23 folkskoleväsende,
564 892 34 17 bör
613 898 45 11 man
676 892 54 17 finna
748 898 24 12 en
788 893 70 23 grund,

103 922 80 17 hvilken
201 922 22 17 sä
240 921 43 17 vidt
298 920 78 24 möjligt
394 920 99 24 utjämnar
509 920 73 18 bördan
601 920 35 18 och
653 920 96 23 öfverallt;
766 921 34 17 där
816 921 44 18 icke

103 950 169 23 oöfvervinneliga
284 949 69 18 hinder
365 951 59 20 möta,
432 951 36 21 gör
477 949 68 18 skolan
555 949 112 23 tillgänglig
675 949 30 17 för
715 950 66 23 hvarje
790 950 70 24 familj.

103 979 46 18 Med
164 979 61 17 andra
241 978 38 23 ord,
292 984 47 12 man
351 978 62 18 mäste
425 978 74 23 utreda,
512 978 75 18 hvilket
599 978 32 18 det
644 978 77 18 omräde
734 980 26 22 är,
773 984 42 12 som
828 985 32 17 ge-

104 1014 48 12 nom
164 1008 31 18 sin
213 1007 141 18 vidsträckthet
372 1006 16 24 ej
402 1007 80 17 hindrar
494 1007 54 17 inom
560 1007 87 18 området
659 1007 73 18 boende
745 1009 28 16 att
785 1008 79 23 betjena

104 1038 31 22 sig
147 1036 22 18 af
179 1036 74 22 skolan,
269 1042 44 12 men
326 1036 76 18 hvilket
413 1036 63 17 likväl
488 1038 22 15 är
521 1041 39 18 nog
572 1037 50 17 stort
634 1037 30 17 för
677 1038 29 16 att
717 1036 20 18 ät
750 1036 69 18 skolan
832 1042 28 12 er-

105 1066 59 24 bjuda
176 1067 29 16 ett
216 1064 115 24 tillräckligt
343 1064 103 18 elevanta].
471 1064 40 18 Det
521 1066 22 16 är
555 1064 75 18 således
642 1065 96 18 områdets
751 1065 110 23 ytinnehäll

105 1095 36 18 och
154 1094 110 20 folktäthet,
277 1099 43 13 som
332 1094 48 18 böra
392 1093 86 18 beaktas.
550 1112 2 2 |

175 1123 44 18 Den
237 1122 76 24 dagliga
329 1122 137 18 erfarenheten
483 1122 43 18 frän
539 1122 23 18 de
574 1122 52 18 olika
638 1122 78 18 delarne
728 1122 22 18 af
760 1123 44 17 vårt
816 1123 46 17 land

106 1153 59 19 visar,
177 1154 30 16 att
218 1151 83 24 ungefär
313 1152 22 22 !/,
347 1151 35 17 mil
390 1153 22 15 är
420 1151 33 17 det
462 1151 78 23 längsta
548 1150 82 24 afständ,
640 1152 25 22 på
673 1151 75 18 hvilket
756 1150 105 19 folkskole-

107 1181 44 18 elev
162 1181 40 17 kan
213 1180 44 18 från.
269 1180 85 18 hemmet
366 1180 73 18 besöka
451 1180 60 22 skola,
525 1181 48 16 utan
587 1181 29 16 att
628 1180 62 17 anlita
704 1180 93 18 särskildt
812 1182 52 16 natt-

108 1211 83 22 qvarter.
215 1209 28 17 På
255 1209 54 17 detta
321 1208 78 18 afstånd
411 1208 31 18 stå
454 1208 97 21 skolorna,
564 1208 34 18 där
610 1208 16 24 ej
636 1208 61 18 strida
705 1208 117 24 vattendrag
828 1209 36 17 och

107 1238 90 18 ofarbara
213 1238 44 17 kärr
269 1239 52 16 sätta
333 1237 69 17 hinder
414 1237 7 17 i
435 1238 70 22 vägen,
519 1236 59 19 äfven
592 1237 31 17 till
637 1237 37 18 den
688 1237 101 23 fattigares
804 1236 60 19 förfo-

108 1266 68 24 gande,
196 1266 93 18 ehuruväl
308 1266 133 23 regelbunden
459 1266 96 24 skolgång
571 1266 25 23 på
612 1268 28 16 ett
654 1266 78 18 afstånd
744 1265 22 19 af
776 1265 40 18 fem
828 1266 36 17 och

109 1295 77 19 ställvis
199 1296 12 16 t.
221 1301 16 11 o.
247 1301 24 11 m.
283 1294 60 18 redan
355 1294 45 24 fyra
412 1294 104 19 kilometer
527 1297 22 15 är
560 1295 50 18 svår.
630 1295 125 23 Rigtigheten
768 1294 22 18 af
800 1294 65 18 denna

109 1324 100 18 allmänna
226 1324 116 23 iakttagelse
360 1324 79 22 intygar
457 1322 60 19 äfven
534 1324 162 17 skolstatistiken.
720 1324 29 17 Af
759 1323 23 18 de
794 1323 71 23 elever,

110 1358 43 13 som
165 1352 37 18 den
216 1353 8 16 1
238 1352 37 24 Maj
290 1352 43 18 1889
347 1352 79 18 besökte
439 1352 108 18 folkskolor
559 1352 7 18 i
578 1352 204 22 landskommunerna,
794 1352 72 18 bodde:

183 1485 98 18 Allmänna
294 1484 174 19 Besvärsutskottets
480 1484 108 18 betänkande
603 1485 33 17 N:o
650 1484 30 17 20.
