1056 1673
313 102 224 22 Petitionsbetänkande
553 103 34 21 N:o
603 102 14 22 1.
781 104 28 19 43

161 163 120 20 Emellertid
300 169 62 19 synes
384 169 33 13 oss
433 170 28 12 nu
476 163 57 19 tiden
549 170 50 13 vara
614 162 95 20 kommen
723 165 32 17 att
770 162 70 21 skrida

89 192 33 20 till
138 192 148 21 förberedande
302 192 96 26 åtgärder
413 192 32 20 för
463 192 148 20 realiserandet
627 192 23 20 af
663 192 57 20 detta
733 192 107 26 jernvägs-

90 222 85 26 företag.
208 222 44 20 Och
272 222 7 19 i
298 222 57 20 detta
376 222 53 26 syfte
444 222 59 20 torde
519 228 26 14 en
560 228 73 20 genom
649 222 136 20 statsverkets
801 222 39 20 för-

91 259 48 19 sorg
154 252 109 20 verkstäld
277 251 122 26 fullständig
413 252 145 19 instrumental
573 251 155 26 undersökning
739 251 22 21 af
767 252 73 26 banan,

90 282 8 19 i
117 281 148 25 hufvudsaklig
286 281 209 20 öfverensstämmelse
515 281 46 20 med
576 281 41 20 den
632 281 23 19 af
667 281 174 25 Borgareståndet

90 314 70 17 senast
176 310 110 26 godkända
301 311 147 25 sträckningen
468 314 53 16 samt
536 310 143 27 uppgörandet
694 310 23 20 af
729 314 30 17 ett
776 311 65 25 härpå

90 340 106 26 grundadt
210 340 177 26 kostnadsförslag
402 348 51 12 vara
462 341 109 25 högeligen
582 340 113 26 påkallade.
711 341 33 25 Ty
753 341 88 20 förutom

91 373 31 17 att
143 370 57 20 detta
220 370 103 20 förarbete
343 373 61 23 utgör
419 370 40 20 den
475 370 132 26 nödvändiga
621 370 174 26 förutsättningen
810 370 31 20 för

88 400 128 26 jernvägens
239 400 109 20 utförande
370 400 31 20 för
426 403 79 17 statens
528 400 96 25 räkning,
647 400 66 20 skulle
737 407 25 13 en
783 400 58 26 dylik

90 430 158 26 undersökning
271 430 37 20 och
328 430 215 26 kostnadsberäkning
556 430 77 25 jemväl
648 437 50 13 vara
714 432 30 18 ett
759 430 82 25 mycket

91 460 77 25 vigtigt
188 460 47 20 stöd
256 460 30 19 för
307 462 29 18 ett
357 460 90 20 enskildt
467 460 80 25 företag
563 460 7 19 i
586 460 67 19 denna
669 460 98 25 riktning,
783 460 7 19 i
807 459 34 20 det

90 492 32 17 att
144 489 61 20 häraf
224 490 66 19 skulle
305 490 73 20 vinnas
394 496 25 13 en
435 490 58 26 långt
516 489 153 26 tillförlitligare
691 490 38 19 bas
753 489 31 20 för
799 489 41 20 den

90 519 76 26 nödiga
181 519 76 26 vädjan
272 519 31 20 till
318 519 211 26 kapitalmarknaden,
545 523 26 16 än
587 519 24 20 af
623 526 26 13 en
664 519 52 20 blott
731 520 27 25 på
772 519 69 26 privat

91 552 42 23 väg
147 549 126 20 tillkommen
288 549 76 26 kalkyl.

162 579 42 20 Vid
227 579 162 20 verkställandet
409 579 22 20 af
449 579 68 20 denna
532 579 155 25 undersökning
701 578 64 21 borde
781 579 59 20 emel-

91 608 62 20 lertid
168 609 93 25 beaktas,
277 611 30 17 att
322 609 157 25 ifrågavarande
494 609 109 25 kustbana,
618 609 32 19 för
661 611 30 17 att
701 609 140 20 åstadkomma

93 638 27 19 all
142 638 39 20 den
197 641 65 22 nytta,
279 645 43 13 som
336 638 47 20 med
397 639 82 25 hänsyn
494 639 53 19 både
562 639 32 19 till
610 639 47 19 dess
673 639 99 25 ställning
787 639 54 19 inom

93 667 83 20 landets
194 667 135 26 jernvägsnät
349 668 8 19 i
377 668 109 20 allmänhet
507 669 38 19 och
560 668 99 20 särskildt
674 668 47 20 dess
735 668 106 26 betydelse

94 697 32 19 för
142 697 176 20 transitotrafiken
333 698 42 19 kan
391 698 60 19 deraf
463 698 86 25 fordras,
565 698 37 19 bör
617 699 80 24 byggas
713 699 24 19 så
752 700 31 17 att
793 697 48 20 den-

93 733 77 14 samma
185 727 42 20 kan
242 727 108 20 trafikeras
365 727 46 20 med
427 727 40 20 den
482 730 76 17 största
574 728 106 25 snabbhet,
697 735 42 12 som
754 728 37 19 hos
807 734 34 13 oss

90 756 42 20 kan
146 757 152 25 ifrågakomma.

160 787 31 19 På
211 793 28 13 nu
260 787 85 20 anförda
360 787 45 20 skäl
420 787 21 20 få
456 787 21 20 vi
493 787 37 20 hos
545 787 175 26 Borgareståndet
736 786 105 21 vördsamt

93 815 107 21 hemställa
216 823 32 13 om
264 816 47 21 dess
326 817 125 20 medverkan
467 817 84 20 derhän:

306 865 31 20 att
359 863 126 22 Ständerna
500 863 69 22 skulle
585 864 37 21 hos
638 863 64 22 Hans
717 863 124 27 Kejserliga

235 893 104 28 Majestät
359 893 90 21 anhålla
471 901 33 13 om
525 893 160 21 verkställande
700 893 27 27 af
738 892 103 28 fullstän-

233 923 37 28 dig
293 922 85 22 teknisk
400 923 165 33 undersökning
581 923 66 27 jemte
663 923 140 28 uppgörande
818 922 28 27 af

234 952 223 30 kostnadsberäkning
471 953 36 27 för
515 960 27 14 en
550 953 93 27 jernväg
653 953 46 21 med
710 954 54 26 tung
773 952 68 27 öfver-

234 982 100 28 byggnad
343 982 60 27 från
418 976 45 28 Åbo
483 982 60 28 öfver
559 982 52 22 Salo
627 982 34 22 till
676 982 70 22 Karis
761 982 80 21 station

234 1013 56 20 samt
304 1012 82 27 vidare,
395 1012 48 21 med
454 1012 51 22 eller
516 1014 56 20 utan
583 1012 138 28 begagnande
731 1011 31 27 af
768 1012 72 27 någon

234 1042 34 21 del
290 1042 30 26 af
338 1042 81 28 Hangö
439 1042 78 26 banan,
531 1049 76 21 genom
623 1042 170 21 kustsocknarna
809 1041 33 21 till

234 1071 145 28 Helsingfors.

162 1120 132 25 Helsingfors
309 1120 40 19 den
367 1120 11 19 7
394 1120 101 20 Februari
513 1120 62 20 1891.

163 1171 60 21 Leon.
239 1176 37 16 von
294 1171 70 22 Pfaler.
592 1171 55 22 Ferd.
662 1172 91 21 Juselius.

163 1201 59 21 Ernst
238 1201 112 21 Rönnbäck.
589 1201 58 21 Leon.
665 1201 119 27 Borgström.

164 1230 81 22 Mauritz
262 1231 90 27 Hallberg
589 1231 44 21 Carl
651 1231 112 21 Nummelin.

163 1260 70 21 Rudolf
248 1260 79 27 Elfving.
589 1261 18 21 F.
624 1260 26 22 W.
667 1260 98 22 Sundvall.

162 1290 46 21 Axel
226 1290 52 21 Lille.
591 1290 19 21 E.
626 1285 81 27 Öhman.

163 1319 52 21 Alex.
232 1319 80 22 Kumlin.
589 1320 66 21 Viktor
671 1320 107 21 Forselius.

164 1349 18 21 E.
200 1349 118 22 Dahlström.
590 1349 20 21 K.
627 1350 20 20 H.
665 1349 92 21 Renlund.

163 1379 55 21 AA.
236 1379 18 21 F.
272 1378 102 28 Lindberg.
585 1379 62 21 Julian
664 1379 119 21 Serlachius.

164 1408 51 21 Felix
232 1408 74 22 Heikel.
587 1409 20 21 A.
623 1409 19 21 F.
658 1408 111 22 Wasenius.

163 1448 176 24 Jernvägsutskottets
350 1449 107 19 betänkande
469 1449 36 19 N:o
518 1450 15 17 1.
