1073 1678
261 137 26 21 18
422 136 279 24 Petitionsbetänkande
715 137 46 23 N:o
776 137 39 23 39.

597 268 28 22 IL.

300 331 33 21 De
347 332 100 27 grunder,
469 332 27 27 på
510 332 72 21 hvilka
597 332 102 21 utskottet
720 331 140 22 understöder
874 332 116 27 petitionen

232 368 30 19 att
277 365 109 28 Styrelsen
401 366 50 21 ville
467 366 108 28 öfvertaga
590 359 48 28 Åbo
654 366 81 28 privata
752 365 70 22 finska
836 365 154 22 fruntimmers-

231 400 66 27 skola,
312 402 36 19 äro
364 400 66 28 enligt
445 400 38 21 vår
497 401 88 27 mening
598 400 50 21 fullt
663 401 76 27 riktiga
751 400 40 21 och
801 399 113 28 bindande,
930 400 60 21 hvar-

231 435 33 21 för
279 435 22 20 vi
314 435 9 20 i
337 434 42 21 allo
393 435 74 21 förena
482 441 34 15 oss
532 441 35 15 om
582 435 113 21 utskottets
709 434 80 28 förslag
803 434 24 21 så
842 434 44 21 vidt
901 434 36 22 det
946 435 44 28 gäl-

231 469 32 21 ler
284 469 91 21 berörda
396 469 93 28 petition.
520 469 49 22 Men
590 469 27 28 på
639 469 88 22 alldeles
747 475 81 15 samma
843 469 93 28 grunder
950 470 40 21 och

231 503 50 22 med
296 510 82 15 samma
392 503 46 21 skäl
454 503 53 22 hade
523 503 101 22 utskottet
639 503 66 28 enligt
720 503 39 21 vår
773 503 63 22 tanke
851 503 47 21 bort
912 503 78 22 under-

232 537 61 22 stöda
313 537 64 22 äfven
398 538 141 27 petitionerna
560 545 35 14 om
615 538 82 27 privata
712 537 70 22 finska
796 537 194 22 fruntimmerssko-

231 572 71 21 lornas
316 572 8 21 i
339 571 98 22 Joensuu
452 572 40 21 och
506 572 31 21 S:t
552 572 78 21 Michel
645 572 152 28 öfvertagande
812 572 22 21 af
845 574 74 25 staten,
935 572 55 21 helst

231 606 64 21 äfven
317 607 102 20 utskottet
440 607 87 27 medger
549 609 30 18 att
600 606 93 22 nämnda
714 607 72 21 skolor
807 606 96 28 betingas
924 606 21 21 af
960 609 30 19 ett

231 642 48 19 sant
301 641 174 27 bildningsbehof
488 641 40 21 och
544 641 35 21 det
593 643 24 18 är
633 641 34 21 väl
681 641 86 27 bekant,
783 642 29 19 att
828 640 35 21 det
878 641 32 20 för
924 641 65 21 Joen-

232 680 41 15 suu
295 675 40 21 och
358 674 31 22 S:t
411 674 89 22 Michels
515 674 154 28 jämförelsevis
684 675 46 21 små
745 675 126 21 kommuner
886 674 40 22 blir
940 675 49 21 med

231 708 59 22 tiden
307 709 135 28 betungande
466 711 30 19 att
511 709 125 21 underhålla
651 709 64 28 sagda
731 709 76 21 skolor.
837 708 32 22 De
884 709 105 21 öfverhöf-

232 749 42 14 van
295 743 56 28 höga
373 743 172 28 terminsafgifter
567 743 99 21 eleverna
686 743 75 21 hittills
783 743 44 21 haft
847 745 30 19 att
905 743 84 28 erlägga

231 777 76 21 hindra
322 777 92 28 mången
430 777 126 22 obemedlad
570 779 31 20 att
616 777 78 22 besöka
709 777 81 22 skolan.

300 811 64 21 Hvad
380 811 45 22 åter
439 811 99 22 beträffar
552 812 117 27 petitionen
684 812 80 27 därom,
782 813 29 20 att
826 818 26 15 en
868 811 122 28 femklassig

232 845 56 22 finsk
310 846 206 21 fruntimmersskola
537 846 67 21 redan
620 846 182 21 förstkommande
816 846 48 21 höst
878 846 64 21 måtte
957 846 32 20 in-

231 881 64 20 rättas
318 880 8 21 i
346 880 138 27 Nikolaistad,
506 880 75 21 kunna
603 881 21 20 vi
646 880 125 28 visserligen
793 880 47 21 icke
858 880 87 21 förneka
960 882 30 19 att

231 914 64 21 äfven
310 914 71 21 denna
395 915 88 27 petition
498 914 107 21 förefaller
619 921 35 14 oss
669 915 81 27 ganska
765 914 92 28 naturlig
872 914 39 21 och
921 914 69 21 berät-

229 948 64 27 tigad,
309 948 101 22 eftersom
424 949 8 20 i
454 949 47 21 hela
516 949 36 20 det
567 948 128 22 vidsträckta
709 945 135 25 Österbotten
859 948 43 21 tills
916 949 72 20 vidare

230 981 70 22 finnes
315 982 76 22 endast
406 989 27 15 en
448 983 56 21 finsk
514 983 210 27 fruntimmersskola,
740 982 107 28 nämligen
857 982 42 21 den
908 983 8 20 i
926 982 64 21 Uleå-

231 1016 58 28 borg.
320 1016 51 21 Men
394 1016 27 21 då
443 1017 22 20 vi
484 1016 112 28 godkänna
611 1016 42 22 den
669 1016 22 22 af
705 1016 103 22 utskottet
822 1016 93 22 uttalade
930 1016 59 28 åsigt,

230 1052 31 19 att
283 1052 70 20 staten
374 1050 36 22 må
430 1051 108 27 öfvertaga
558 1051 52 21 eller
628 1051 78 21 inrätta
721 1057 28 15 en
764 1050 60 22 skola
838 1050 52 22 först
905 1050 31 27 då,
952 1052 38 19 när

230 1084 43 21 den
295 1084 110 22 befunnits
426 1092 51 14 vara
498 1085 22 21 af
542 1084 99 22 behofvet
656 1084 105 28 påkallad,
776 1085 72 20 kunna
863 1084 47 22 icke
924 1084 66 22 heller

230 1118 23 21 vi
268 1118 123 28 obetingadt
406 1119 130 21 understöda
551 1119 117 27 petitionen
682 1119 8 21 i
705 1119 73 21 denna
792 1118 59 22 form.

299 1180 12 21 I
326 1180 47 22 stöd
388 1181 61 21 häraf
464 1181 39 21 och
518 1181 27 27 på
560 1181 26 21 de
600 1181 8 21 i
623 1181 238 27 petitionsmemorialen
873 1180 117 29 framlagda

231 1214 48 20 skäl
293 1216 50 26 taga
358 1215 21 20 vi
394 1222 34 14 oss
444 1215 91 21 friheten
551 1215 120 27 ödmjukast
685 1215 85 27 föreslå,

507 1297 34 19 att
566 1296 84 20 landets
676 1295 119 28 höglofliga
821 1294 94 22 Ständer
938 1295 52 21 ville

438 1329 78 27 förena
524 1330 35 27 sig
569 1337 36 13 om
615 1336 28 14 en
653 1329 141 27 underdånig
801 1329 96 28 petition
906 1329 82 26 därom,

507 1365 33 19 att
563 1363 111 28 Styrelsen
696 1363 53 21 ville
770 1362 113 28 öfvertäga
899 1362 91 28 privata

439 1397 72 27 finska
532 1397 261 28 fruntimmersskolorna
813 1397 10 21 i
837 1396 99 22 Joensuu
951 1397 39 21 och

440 1431 36 21 S:t
496 1431 81 21 Michel
598 1434 60 19 samt
678 1432 93 27 utvidga
791 1432 49 20 dem
855 1431 36 21 till
904 1431 86 21 sådana

300 1471 103 17 Allmänna
416 1470 168 18 Besvärsuiskottets
597 1471 110 17 betänkande
719 1471 37 17 N:o
769 1470 30 18 29.
