1064 1661
276 137 29 20 30
458 136 244 22 Petitionsbetänkande
717 135 36 22 N:o
771 135 17 22 7.

247 206 57 19 samt
326 205 137 27 undanrödja
485 205 26 20 de
536 205 83 26 hinder,
641 205 76 21 hvilka
738 205 60 21 ställt
816 205 32 27 sig
863 205 8 21 i
889 205 68 26 vägen
973 203 34 22 för

247 239 127 22 detsamma.

315 273 38 21 Ett
377 274 78 20 sådant
478 273 77 21 hinder
577 273 87 21 beröres
679 274 7 20 i
701 273 53 21 n:ris
769 274 14 21 3
799 273 40 21 och
854 275 14 21 4
883 273 23 21 af
921 273 84 27 förelig-

247 308 71 26 gande
340 308 190 27 petitionsförslag.
564 307 91 21 Jämlikt
676 309 10 25 8
711 308 40 21 119
766 308 7 20 i
789 308 80 27 nådiga
884 307 121 22 förordnin-

246 348 41 20 gen
303 341 25 21 af
341 342 42 21 den
400 343 24 21 11
441 342 42 27 Maj
502 343 55 21 1866
579 342 113 27 angående
709 342 148 27 organisation
873 342 24 21 af
911 342 95 21 folksko-

246 375 126 22 leväsendet
395 376 119 27 berättigas
537 378 32 20 ett
593 376 52 21 eller
667 376 51 22 flere
743 376 78 27 byalag
841 376 112 22 äfvensom
969 384 38 14 en-

246 410 70 21 skilde
332 411 179 27 fastighetsegare
527 413 32 18 att
575 410 60 21 bilda
650 413 49 24 eget
711 411 40 20 och
761 410 90 22 afskildt
862 411 143 21 skoldistrikt.

245 444 76 21 Redan
338 445 72 21 denna
425 448 18 24 $,
459 452 46 14 som
521 447 53 19 utan
590 445 74 21 tvifvel
680 445 126 21 tillkommit
821 445 8 21 i
843 445 86 21 liberalt
941 445 63 28 syfte,

246 478 41 21 har
301 479 7 20 i
324 479 54 27 följd
393 479 25 21 af
437 479 32 21 sin
493 480 66 27 något
580 479 77 22 oklara
673 479 134 28 ordalydelse
823 479 81 22 tolkats
921 479 84 28 mycket

246 513 59 21 olika
321 513 36 21 vid
373 515 42 20 den
437 514 114 27 praktiska
570 514 172 27 tillämpningen.
773 514 49 21 Men
837 515 59 20 ännu
913 514 92 21 betänk-

245 547 68 27 ligare
328 548 139 27 kringskäres
483 549 41 20 den
540 549 7 20 i
570 549 92 20 anförda
677 549 84 27 lagrum
776 549 111 27 medgifna
902 549 103 26 rättighe-

245 584 38 19 ten
306 582 24 21 af
351 584 14 25 &
388 584 13 20 6
416 583 7 21 i
439 583 79 27 nådiga
533 582 154 28 förordningen
703 582 25 22 af
741 583 42 21 den
799 584 12 20 6
827 582 105 22 Februari
949 583 57 21 1865

246 617 112 27 angående
374 617 258 27 kommunalförvaltning
648 618 29 26 på
691 617 82 28 landet,
789 617 87 22 hvilken
892 616 113 22 tillerkän-

247 658 37 14 ner
300 651 219 22 kommunalstämma
534 652 130 27 befogenhet
675 654 32 19 att
723 652 44 28 ,till
783 652 164 27 öfverläggning
962 652 41 21 och

245 685 119 27 afgörande
379 688 98 25 upptaga
492 687 95 20 ärenden
605 687 91 20 rörande
711 686 136 21 inrättandet
869 686 26 21 af
908 686 96 21 folksko-

245 720 44 21 lor”
312 721 41 21 och
376 722 29 26 på
426 722 71 26 grund
519 721 78 21 hvaraf
611 720 118 22 folkskolas
745 721 124 21 inrättande
885 720 120 22 förklarats

245 762 52 14 vara
313 762 26 14 en
356 755 142 22 kommunens
515 762 160 20 gemensamma
691 755 164 27 angelägenhet,
871 755 34 21 för
915 755 88 21 hvilken

245 788 128 26 kostnaden,
391 790 66 27 enligt
473 791 10 26 $
499 790 28 22 54
543 790 6 20 i
565 797 82 13 samma
663 790 126 27 förordning
799 789 40 22 bör
849 789 84 22 drabba
943 789 61 21 kom-

244 830 92 15 munens
352 824 44 21 alla
411 824 158 27 skattskyldige
584 824 146 21 medlemmar.

312 858 89 21 Hvilket
423 859 91 20 afbräck
537 859 7 20 i
560 859 42 20 den
620 859 76 27 jämna
711 858 152 27 utvecklingen
879 858 25 21 af
917 858 87 21 landets

241 892 206 22 folkskoleväsende
463 893 61 21 detta
540 894 120 26 stadgande
676 893 73 26 vållat,
760 892 125 21 framhålles
897 891 104 22 särskildt

241 932 7 21 i
265 927 37 21 det
319 927 57 27 3:dje
391 927 244 27 petitionsmemorialet.
664 927 80 27 Många
759 927 184 27 folkskoleplaner
958 926 44 21 hai

241 961 56 28 följd
313 961 64 22 däraf
391 961 44 22 helt
451 962 40 21 och
508 962 66 21 hållet
589 961 169 28 omintetgjorts,
770 962 69 21 andra
849 962 48 20 åter
908 961 28 21 ha
946 961 57 21 först

241 995 55 22 efter
318 996 149 27 mångfaldiga
489 997 118 26 omgångar
631 996 40 21 och
694 996 143 21 trakasserier
858 995 85 22 kunnat
959 995 43 21 för-

241 1030 116 27 verkligas.
387 1031 34 20 Då
436 1031 109 27 nämligen
561 1031 129 20 kommunen
707 1030 112 22 samfälldt
831 1030 92 21 inrättat
934 1037 26 14 en
971 1029 31 22 el-

243 1064 32 21 ler
291 1072 40 20 par
346 1065 125 26 folkskolor,
487 1065 75 21 hvilka
577 1065 91 26 förlagts
683 1065 33 21 till
731 1060 112 32 kyrkobyn
859 1065 53 21 eller
927 1072 73 14 annan

241 1099 93 21 centralt
350 1099 91 27 belägen
457 1099 67 25 trakt,
541 1099 40 21 har
596 1101 41 19 den
653 1099 25 21 af
690 1099 141 27 egennyttiga
841 1099 48 21 skäl
899 1099 101 27 vanligen

240 1133 48 21 icke
311 1134 58 20 velat
393 1134 72 27 lyssna
489 1134 33 20 till
545 1134 26 20 de
586 1133 121 28 aflägsnare
723 1133 117 27 byalagens
854 1134 98 26 yrkande
968 1136 34 18 att

240 1168 105 27 antingen
362 1168 30 27 på
407 1168 143 21 kommunens
565 1175 162 20 gemensamma
737 1168 121 21 bekostnad
869 1174 26 15 en
908 1175 27 19 ny
946 1168 55 21 folk-

240 1202 62 21 skola
323 1203 68 21 måtte
414 1204 115 26 uppsättas
552 1204 29 26 på
603 1210 27 14 en
649 1205 39 25 ort,
705 1203 40 20 där
760 1202 178 27 vägalängderna
953 1202 49 21 icke

239 1236 80 22 hindra
335 1238 48 20 dem
399 1239 32 19 att
447 1237 99 27 begagna
561 1238 33 26 sig
609 1237 25 21 af
647 1238 133 24 densamma,
797 1236 52 21 eller
865 1237 40 21 ock
922 1237 26 21 de
963 1236 39 22 be-

239 1271 93 27 rättigas
355 1273 33 19 att
410 1272 87 27 afskilja
521 1273 32 26 sig
575 1272 33 20 till
632 1274 31 18 ett
679 1274 50 24 eget
745 1271 47 21 från
807 1270 132 22 kommunen
955 1271 45 21 oaf-

238 1305 94 27 hängigt
355 1305 201 23 folkskoledistrikt.
596 1306 69 21 Dessa
687 1306 132 21 innevånare
834 1305 7 21 i
856 1305 146 21 kommunens

239 1340 105 21 utkanter
359 1340 30 21 ha
405 1341 92 21 sälunda
514 1341 167 27 mängenstädes
697 1340 63 28 ringa
775 1340 91 26 utsigter
882 1342 33 18 att
931 1339 22 21 fä
963 1340 38 20 sitt

239 1374 181 27 bildningsbehof
433 1375 146 26 tillgodosedt,
595 1382 48 14 men
660 1375 86 26 tvingas
757 1374 119 21 emellertid
888 1376 33 18 att
932 1374 68 27 draga

239 1407 60 22 skatt
315 1409 33 20 till
364 1409 138 22 underhället
524 1409 24 21 af
569 1409 78 27 skolor,
664 1409 33 20 till
713 1408 74 21 hvilka
803 1409 26 20 de
844 1407 33 22 för
893 1409 26 20 de
934 1408 68 27 länga

237 1442 130 22 afständens
383 1443 57 22 skull
455 1443 48 22 icke
519 1443 76 22 kunna
609 1444 69 20 sända
694 1443 49 21 sina
758 1443 60 20 barn.

308 1483 101 18 Allmänna
421 1483 172 18 Besvärsutskottets
605 1483 110 18 betänkande
728 1482 34 18 N:o
774 1483 32 17 20.
