1064 1659
301 133 245 23 Petitionsbetänkande
560 133 37 22 N:o
613 132 19 23 7.
798 134 13 21 3

84 204 93 20 berörda
199 202 80 28 vigtiga
298 202 62 28 fråga
378 202 47 22 icke
440 203 70 21 måtte
525 202 45 22 helt
586 202 40 22 och
641 202 68 22 hållet
723 202 94 28 förfalla,
835 202 8 21 i

86 239 71 20 denna
173 237 70 28 punkt
258 238 109 20 vördsamt
383 236 84 27 föreslå,
484 238 33 20 att
528 236 101 28 samtliga
637 238 64 20 stånd
709 237 49 22 ville
767 237 76 21 förena

87 272 32 27 sig
135 278 34 15 om
185 278 26 15 en
227 272 135 26 underdånig
377 271 92 28 petition
486 271 94 22 därhän:

363 336 34 20 att
410 334 68 22 Hans
489 334 121 29 Kejserliga
621 334 106 28 Majestät
737 334 35 22 till
781 335 63 21 näst-

293 370 210 22 sammanträdande
519 369 105 28 landtdag
640 369 78 21 täcktes
733 369 68 27 aflåta
817 375 28 15 en

294 404 67 28 nådig
372 404 141 28 proposition
529 411 33 14 om
577 404 71 21 sådan
659 403 98 29 ändring
767 403 28 28 af
802 403 42 21 nå-

295 439 51 28 diga
361 438 160 28 förordningen
540 438 28 28 af
579 438 42 22 den
637 438 14 21 6
665 438 110 22 Februari
791 438 56 21 1865

295 474 112 28 angående
422 472 295 29 kommunalförvaltningen
723 472 32 28 på
766 472 81 26 landet,

296 510 34 20 att
343 508 100 22 enskilda
460 514 104 22 personer
585 507 37 22 och
637 507 77 28 byalag
729 507 57 29 finge
800 508 47 21 rätt

296 544 35 21 att
352 542 113 22 oberoende
489 543 27 27 af
535 542 143 22 kommunens
700 541 147 29 medgifvande

297 578 88 21 inrätta
407 577 96 28 afskilda
521 576 134 22 skoldistrikt
672 576 42 26 och,
730 576 29 22 då
774 576 24 21 de
813 576 34 21 så-

298 613 55 21 dant
375 614 60 26 göra,
458 612 70 22 varda
551 611 94 28 befriade
663 611 55 27 från
737 610 112 28 utskylder

299 647 34 22 till
351 647 24 22 de
394 647 77 27 skolor,
491 646 25 28 af
536 646 73 22 hvilka
624 646 25 21 de
664 646 44 21 icke
723 646 78 21 kunna
817 644 32 22 be-

296 688 74 22 gagna
392 682 38 27 sig,
455 688 49 15 men
527 681 96 21 däremot
641 687 38 21 ega
699 678 152 30 delaktighet
839 674 16 40 i

299 717 119 21 inkomster
433 716 14 21 &
462 716 25 21 de
502 716 83 27 fonder,
602 722 43 14 som
662 715 34 21 till
709 714 142 22 kommunens

298 758 159 22 gemensamma
467 750 208 28 folkskoleändamål
685 751 39 20 äro
733 748 118 31 anslagna.

168 873 139 27 Helsingfors,
319 872 114 22 Allmänna
441 871 202 23 Besvärsutskottet
651 872 41 20 den
701 871 26 21 25
737 870 43 27 Maj
792 870 60 21 1891.

633 1438 9 10 w

175 1487 100 19 Allmänna
286 1486 173 19 Besvärsutskottets
472 1484 109 19 betänkande
592 1484 34 18 N:o
639 1485 31 16 20.
