1061 1664
266 141 25 19 12
416 139 283 22 Petitionsbetänkande
714 139 46 22 N:o
776 139 37 22 13.

235 197 119 28 varaktigt
376 197 51 21 icke
451 204 82 21 genom
550 196 196 29 reglementering
762 196 26 21 af
801 196 193 21 kreditformerna

236 230 36 21 för
296 231 75 21 skilda
386 231 140 21 folkklasser
543 234 57 18 utan
616 238 83 21 genom
716 230 82 29 sjelfva
814 230 43 21 den
874 230 71 21 bittra
960 237 33 13 er-

235 264 136 22 farenheten
395 273 37 14 om
457 266 135 21 lättsinnets
614 265 85 29 följder
722 265 43 21 och
788 265 67 21 deraf
872 265 63 21 inom
951 264 43 21 allt

236 299 168 22 vidsträcktare
427 300 90 21 kretsar
542 299 145 22 frammanad
710 299 76 22 bättre
808 299 78 28 insigt.
924 298 68 22 Hvad

236 333 148 28 lagstiftaren
406 334 86 22 förmär
513 337 88 18 uträtta
620 334 36 21 till
671 334 173 21 inskränkande
860 333 26 21 af
899 333 94 21 vexelns

236 368 152 29 användning
410 369 41 21 vid
474 377 56 13 rena
545 369 199 28 försträckningar
760 372 24 17 är
800 369 8 20 i
823 368 95 21 främsta
933 375 60 14 rum-

236 405 48 18 met
300 405 34 18 att
350 403 68 21 äfven
434 403 37 22 för
486 403 71 22 andra
573 403 223 21 skuldförbindelser
816 403 70 28 skapa
902 405 34 19 ett
951 403 41 21 lät-

236 439 56 23 tare,
308 437 112 22 snabbare
444 438 42 21 och
502 438 200 28 eftertryckligare
718 437 122 22 exekutivt
854 437 138 22 förfarande.

236 471 84 21 Dertill
337 475 31 22 är,
385 473 75 20 säsom
476 472 93 27 bekant,
586 472 36 21 för
637 472 69 29 länge
722 472 71 21 sedan
811 472 103 21 initiativ
929 474 65 26 taget

237 505 43 22 och
302 506 88 29 förslag
410 507 139 26 utarbetadt,
566 507 90 21 hvilket
673 506 152 22 tvifvelsutan
840 506 103 21 kommer
959 509 34 18 att

237 540 131 22 Ständerna
383 541 40 21 vid
439 544 67 19 nästa
522 541 112 28 landtdag
650 541 137 28 föreläggas.
818 541 86 21 Härom
913 540 79 21 behöf-

236 581 41 14 ver
301 575 88 21 således
412 575 52 21 icke
486 576 157 28 petitionoras.
679 576 43 20 Att
745 575 68 21 äfven
830 575 70 21 andra
917 575 75 21 förän-

237 607 95 29 dringar
347 609 8 21 i
370 610 42 20 vär
427 610 226 28 kreditlagstiftning
669 609 77 22 kunde
761 609 72 21 varda
848 609 144 21 verksamma

236 642 8 21 i
260 650 87 14 samma
362 644 106 28 riktning
484 647 59 19 samt
559 644 115 22 måhända
687 644 87 28 jemväl
787 644 96 28 bidraga
895 643 37 21 till
942 647 50 17 rän-

237 676 99 22 tefotens
350 678 142 28 nedgäende,
508 679 40 21 vill
562 679 42 28 jag
619 679 37 21 för
671 679 71 28 ingen
760 678 38 22 del
816 678 107 25 bestrida,
940 685 52 13 men

237 710 30 22 dä
288 712 155 28 lagutskottet
464 714 51 20 icke
537 714 79 20 inlätit
635 714 36 28 sig
685 714 30 28 pä
730 713 78 28 nägon
824 712 129 22 diskussion
969 711 26 22 af

237 746 28 21 de
288 747 113 28 ätgärder,
426 755 48 13 som
495 748 8 20 i
525 748 63 21 detta
604 748 143 21 omfattande
764 751 66 17 ämne
845 747 76 21 kunde
938 754 55 13 vara

237 783 35 19 att
292 781 137 28 tillstyrkas,
453 785 59 18 samt
532 782 25 22 af
577 782 257 29 petitionsmemorialet
848 782 89 27 knappt
952 788 40 14 ens

236 815 91 22 kunnat
343 818 54 26 taga
413 817 35 28 sig
465 817 126 29 anledning
606 817 85 25 dertill,
703 824 67 14 anser
777 816 42 29 jag
830 818 33 19 ett
873 815 119 22 uttalande

236 850 8 21 i
261 850 63 21 detta
340 851 62 28 syfte
418 851 19 28 ej
454 851 73 21 heller
542 852 55 20 böra
612 852 41 21 hos
669 851 131 22 Ständerna
815 850 102 24 föresläs.

306 885 34 21 Pä
362 885 76 28 grund
460 886 69 21 häraf
545 886 42 21 och
603 886 8 21 i
627 886 172 28 ötvertygelsen
816 887 34 19 att
866 885 27 21 de
909 885 83 21 ekono-

237 919 75 21 miska
327 920 225 26 missförhällanden,
569 928 49 13 som
633 921 8 21 i
656 919 224 30 petitionsförslaget
897 919 95 26 beröras,

237 953 73 21 ehuru
321 953 211 29 behjertansvärda,
543 958 38 18 äro
593 954 26 22 af
625 954 43 22 den
681 957 35 19 art
728 956 34 19 att
773 954 28 21 de
810 961 83 21 genom
902 953 91 21 enskild

237 987 191 28 förtänksamhet,
445 996 83 21 genom
544 989 60 21 ökad
620 988 198 30 kapitalbildning
832 988 9 21 i
856 988 79 21 landet
951 988 41 21 och

237 1029 84 21 genom
347 1022 111 29 lämpliga
480 1023 195 27 kreditanstalter,
691 1023 102 21 fallande
809 1023 62 21 inom
887 1022 44 21 den
946 1022 47 28 pri-

236 1058 57 19 vata
316 1056 223 29 företagsamhetens
562 1058 99 26 omräde,
677 1058 79 20 kunna
772 1056 122 22 efterhand
911 1056 81 29 afhjel-

237 1097 49 21 pas,
302 1090 75 22 finner
389 1092 42 28 jag
447 1092 47 28 mig
509 1092 55 21 böra
579 1092 169 21 vördsammast
761 1091 122 21 hemställa
895 1098 36 14 om
942 1090 51 22 icke

236 1125 146 21 memorialet
397 1125 77 22 kunde
490 1126 87 21 lemnas
593 1128 56 20 utan
665 1126 80 21 vidare
761 1125 82 29 ätgärd
859 1125 51 21 frän
927 1125 66 21 Stän-

237 1158 84 22 dernas
337 1159 56 21 sida.

307 1199 147 29 Helsingfors
471 1200 44 22 den
531 1202 26 20 23
573 1201 62 21 Mars
653 1202 60 20 1891.

480 1252 86 23 Robert
585 1252 174 28 Montgomery.

306 1292 11 20 I
334 1291 167 22 ofvanstäende
517 1292 141 21 reservation
674 1292 80 21 förena
770 1292 36 27 sig

322 1332 54 23 Ferd.
392 1332 92 33 Jusölius.
729 1332 67 28 Ludvig
813 1331 97 28 Glouberg.

533 1367 56 22 Josef
604 1367 99 23 Stenbäck.

411 1446 99 17 Helsingfors,
521 1446 94 17 Helsingfors
625 1436 153 27 Contral-Tryckeri,
783 1445 39 14 1891.
