1056 1670
319 112 225 23 Petitionsbetänkande
560 113 34 22 N:o
610 111 14 23 1.
774 113 42 22 109

96 173 51 21 böra
162 173 39 22 hos
217 172 121 22 Ständerna
354 173 80 20 föreslå
450 174 33 20 ett
499 173 114 21 uttalande
629 172 82 22 derhän
723 174 39 25 att,
774 173 72 21 derest

95 209 144 22 statsverkets
261 208 116 27 tillgångar
397 209 79 20 sådant
497 208 119 27 medgåfve,
638 209 41 20 den
696 215 30 14 nu
742 208 103 28 ifrågava-

95 245 67 21 rande
183 244 138 21 hamnbanan
343 244 56 26 finge
421 245 67 20 redan
508 243 46 22 före
569 245 65 20 nästa
649 244 105 27 landtdag
770 245 7 20 i
792 244 53 21 fort-

96 280 98 27 sättning
211 279 49 22 med
276 279 154 22 hufvudbanan
447 280 50 21 med
513 279 74 22 arbete
604 279 111 27 beläggas.

167 315 130 22 Utförandet
317 315 24 21 af
360 316 41 20 den
420 321 29 15 nu
471 315 129 27 ifrägasatta
619 315 71 21 banan
711 315 135 26 förutsätter,

96 352 71 21 säsom
184 351 64 21 ofvan
263 351 66 21 redan
341 351 92 26 anförts,
444 351 124 26 byggandet
579 351 37 21 vid
627 351 136 26 Mäntyluoto
775 351 71 21 holme

96 386 24 22 af
136 393 27 15 en
183 387 92 26 kajarm,
296 386 87 21 hvilken
404 387 29 26 pä
453 393 84 14 samma
558 387 57 26 gäng
636 387 86 20 komme
739 388 33 19 att
788 387 58 26 tjena

96 428 46 16 som
167 422 134 27 vägbrytare,
325 423 38 21 och
387 422 64 21 hvars
475 422 93 21 kostnad
590 422 70 26 enligt
675 422 171 26 approximativa

96 458 145 27 beräkningar
256 459 83 25 uppgär
355 458 34 21 till
405 458 97 27 400,000
519 458 68 20 mark.
612 457 41 21 Till
670 458 61 21 detta
746 458 100 21 ändamäl

96 494 40 21 har
155 493 145 27 Björneborgs
321 494 49 20 stad
391 493 113 22 förbundit
525 493 34 27 sig
578 494 34 20 att
627 493 110 27 tillskjuta
752 494 95 26 300,000

97 530 68 21 mark.
196 530 115 21 Utskottet
331 529 92 21 utbeder
444 530 34 26 sig
500 531 34 19 att
549 530 50 20 med
616 529 117 27 anledning
749 529 63 21 häraf
826 529 21 21 fä

97 565 122 27 framhälla,
236 567 33 19 att
284 564 35 22 vid
335 565 26 21 de
377 564 64 22 flesta
457 565 7 21 i
481 565 74 21 landet
571 564 88 22 utförda
674 565 118 27 hamnspär
808 565 38 21 och

97 601 7 21 i
120 601 106 21 samband
241 601 88 21 dermed
345 601 90 21 stäende
445 601 169 27 kajbyggnader,
626 600 146 22 förhällandet
782 601 64 21 emel-

97 637 37 21 lan
158 636 132 22 statsverket
313 636 38 22 och
375 643 57 21 resp.
457 637 75 21 städer
551 636 58 21 varit
630 638 33 19 ett
684 636 103 22 omvändt
802 639 46 19 mot

97 672 56 21 hvad
169 672 36 22 vid
221 672 132 26 beviljandet
369 672 23 21 af
406 673 95 20 nämnda
517 672 78 26 bidrag
610 671 24 22 af
643 672 144 27 Björneborgs
798 672 49 21 stad

98 708 122 27 förutsatts,
241 708 7 21 i
269 708 37 21 det
327 709 32 20 att
380 709 72 20 säsom
474 708 59 26 regel
553 708 62 26 gällt,
631 709 33 19 att
680 708 112 26 byggande
808 708 39 21 och

98 744 113 21 underhåll
227 743 24 21 af
264 744 88 26 kajerna
367 743 122 22 ankommit
505 745 13 20 å
533 750 56 20 resp.
602 744 79 24 städer,
692 744 78 21 medan
781 746 65 19 stats-

98 780 76 21 verket
194 779 73 21 dertill
287 779 82 21 lemnat
387 780 79 20 endast
482 781 33 19 ett
530 779 39 21 fixt
583 779 77 27 bidrag
676 779 39 21 och
732 779 65 27 nödig
813 786 34 14 ar-

98 815 144 26 detsledning.
273 815 39 21 Ett
331 814 132 27 frångående
484 816 23 20 af
525 816 73 20 denna
612 815 93 27 princip,
720 815 87 22 hvilken
823 818 24 18 är

98 851 51 21 fullt
169 851 98 26 sakenlig
287 851 66 21 redan
372 852 28 25 på
421 852 42 20 den
486 851 70 27 grund
581 853 33 19 att
630 851 102 22 städerna
748 851 100 28 tillgodo-

98 887 62 26 njuta
176 887 26 21 de
218 887 33 21 för
261 887 104 21 hamnens
377 886 39 22 och
428 887 102 26 kajernas
541 887 141 26 begagnande
692 888 72 20 åsatta
774 887 74 21 hamn-

100 923 39 22 och
160 923 164 27 broafgifterna,
347 926 24 18 är
387 923 7 21 i
409 923 143 22 förevarande
568 923 39 22 fall
624 925 24 20 så
664 924 85 26 mycket
764 923 84 22 mindre

99 959 130 22 motiveradt
245 965 46 15 som
307 959 227 27 hamnanläggoingen
551 959 39 21 och
606 959 191 27 kajbyggnaderna
812 959 35 21 vid

98 995 135 27 Mäntyluoto
257 995 6 21 i
288 995 67 21 minst
375 995 52 26 lika,
450 1001 35 15 om
506 995 19 27 ej
547 995 67 26 högre
634 995 54 26 grad
708 995 98 27 päkallas
828 995 23 21 af

100 1030 147 28 Björneborgs
263 1031 60 21 stads
339 1033 76 24 export
431 1031 40 21 och
488 1031 87 26 import,
592 1037 47 15 som
655 1031 34 21 för
698 1031 37 21 det
745 1031 47 21 inre
803 1030 46 21 lan-

100 1067 49 22 dets
160 1067 24 21 af
190 1068 117 26 jernvägen
319 1067 134 21 förmedlade
463 1067 90 21 rörelse.
576 1067 116 21 Utskottet
702 1073 64 15 anser
776 1066 74 21 derför

100 1103 80 27 skäligt
201 1105 34 20 att
249 1103 146 27 Björneborgs
411 1103 50 21 stad
476 1103 69 21 borde
560 1103 92 21 bekosta
668 1103 39 21 och
723 1102 127 22 underhälla

100 1139 41 21 den
160 1139 37 21 vid
217 1139 136 26 Mäntyluoto
373 1139 139 26 nödvändiga
528 1138 57 21 molo
602 1139 40 20 och
658 1138 69 27 öfriga
743 1137 106 23 erforder-

99 1173 45 28 liga
166 1175 197 26 hamnbyggnader,
386 1180 50 15 men
459 1176 35 19 att
524 1174 133 21 statsverket
680 1174 73 21 härtill
780 1173 70 22 skulle

99 1210 73 21 lemna
190 1212 33 19 ett
242 1210 77 27 bidrag
339 1209 23 22 af
379 1209 126 28 förslagsvis
523 1209 96 28 100,000
634 1209 62 22 mark
712 1211 57 20 samt
784 1209 66 26 nödig

101 1245 169 27 arbetsledning.

170 1280 51 22 Med
236 1281 48 21 stöd
300 1280 23 22 af
336 1280 56 22 hvad
408 1281 110 21 utskottet
533 1280 93 22 sälunda
641 1280 48 22 haft
704 1282 52 20 äran
772 1279 75 22 anföra

100 1316 34 22 fär
149 1316 109 22 utskottet
273 1317 110 21 vördsamt
398 1316 81 22 föreslä

314 1383 32 20 att
366 1380 127 23 Ständerna
513 1381 51 21 ville
584 1381 38 22 hos
642 1380 65 23 Hans
728 1380 122 28 Kejserliga

246 1417 101 28 Majestät
362 1417 9 21 i
385 1416 176 28 underdänighet
577 1416 101 22 anhälla:

172 1458 175 24 Jernvägsutskottets
359 1458 108 18 betänkande
479 1458 35 18 N:o
526 1459 15 17 1.
