1070 1673
302 121 244 22 Petitionsbetänkande
560 121 38 22 N:o
614 119 33 23 27.
796 120 26 21 29

367 366 228 27 Reservationer.

470 436 15 20 1.

168 499 56 22 Herr
245 499 26 21 L.
294 499 117 21 Mechelins
431 499 91 27 petition
544 506 34 14 om
594 499 135 20 inrättandet
745 498 24 21 af
781 498 71 21 landt-

100 541 88 15 manna-
198 534 40 21 och
250 533 198 27 husmoderskolor,
462 534 24 21 sä
496 533 191 28 behjärtansvärdt
699 534 27 20 än
740 534 48 20 dess
798 532 55 28 syfte

100 571 26 19 är
148 571 32 19 att
202 569 84 21 utöfver
309 568 136 21 folkskolans
465 568 52 21 kurs
536 569 79 21 bereda
637 568 216 26 landtbefolkningen

102 603 85 22 tillfälle
207 606 32 18 att
255 603 98 21 inhämta
369 603 152 22 företrädesvis
537 603 114 27 praktiska
666 603 131 27 kunskaper,
821 609 33 20 sy-

102 645 37 14 nes
162 638 43 27 mig
228 638 56 21 dock
304 638 7 21 i
332 638 33 21 sin
384 639 125 20 nuvarande
533 638 55 21 form
606 637 47 22 icke
669 644 52 14 vara
737 637 70 27 egnad
822 638 32 19 att

101 672 89 27 päkalla
206 675 30 18 ett
253 673 71 21 direkt
340 673 128 26 ingripande
485 673 48 20 frän
550 672 133 21 Ständernas
699 672 52 21 sida.

170 707 58 21 Frän
252 707 133 27 pedagogisk
408 707 131 21 fackmanna
562 707 111 28 synpunkt
689 706 39 21 har
744 713 50 14 man
810 708 44 19 mot

102 742 156 27 petitionärens
276 749 100 20 program
391 742 7 20 i
413 742 62 27 fråga
492 749 36 14 om
543 742 259 26 undervisningsämnena
817 748 37 14 an-

102 776 71 22 märkt
188 776 106 28 följande:

171 814 32 18 att
228 814 123 24 programet
369 811 36 21 väl
419 814 107 25 upptager
543 811 155 27 undervisning
716 811 6 20 i
738 810 116 28 agronomi,

102 845 184 28 husdjursskötsel
309 846 40 21 och
372 845 128 28 mejerilära,
527 853 49 14 men
592 846 63 27 ingen
671 845 92 21 särskild
778 845 77 21 under-

101 880 85 27 visning
201 881 7 20 i
228 881 84 26 zoologi
329 881 40 20 och
385 881 89 20 botanik
491 881 55 21 eller
562 881 146 20 elementerna
723 880 7 21 i
745 879 55 28 fysik
816 879 40 21 och

103 915 67 26 kemi;

170 951 34 19 att
215 949 66 27 ingen
298 950 153 27 undervisning
466 951 25 20 är
506 949 123 27 föreslagen
646 950 5 20 i
663 949 132 27 matematik,
811 955 45 15 som

102 983 55 21 dock
173 983 66 22 borde
255 991 53 14 vara
324 986 31 19 ett
370 984 146 21 hufvudämne
533 984 40 21 och
589 984 102 21 särskildt
707 985 76 26 utgöra
792 990 64 21 grun-

103 1018 41 21 den
160 1017 33 21 för
208 1018 141 27 fältmätning
365 1019 41 21 och
421 1019 125 27 bokföring;

171 1055 33 18 att
216 1054 77 20 endast
303 1053 33 21 för
347 1054 42 20 den
400 1053 156 28 förutsättning
568 1055 32 19 att
611 1053 110 28 uttrycket
734 1053 123 26 ,fädernes-

102 1086 85 22 landets
210 1087 121 22 litteratur*
357 1087 33 22 fär
413 1088 71 21 tolkas
506 1089 25 20 sä
556 1087 107 22 vidsträkt
682 1090 32 19 att
732 1087 85 26 läsning
835 1086 25 21 af

103 1121 72 20 denna
195 1121 40 21 och
251 1129 27 14 en
295 1122 102 22 öfversikt
412 1123 25 21 af
450 1124 48 20 dess
514 1123 116 27 viktigaste
645 1122 125 21 företeelser
788 1121 69 21 skulle

103 1155 7 20 i
125 1155 26 21 de
171 1155 124 28 föreslagna
311 1157 102 21 skolorna
428 1157 140 26 förekomma,
584 1157 189 28 undervisningen
791 1157 7 20 i
814 1163 42 14 mo-

103 1190 115 21 dersmälet
238 1198 50 14 vore
304 1191 126 28 tillräckligt
446 1192 150 27 tillgodosedd,
612 1192 55 21 dock
682 1193 49 19 med
746 1192 112 25 undantag

104 1223 24 22 af
146 1225 47 20 dess
218 1225 109 28 skriftliga
349 1225 140 28 behandling,
516 1233 44 14 som
584 1233 29 14 nu
629 1228 52 19 utan
697 1226 73 22 tvifvel
786 1227 24 20 är
825 1224 33 23 för

103 1258 115 22 inskränkt
234 1261 101 26 angifven
353 1262 48 20 med
417 1261 110 27 uttrycket
544 1261 209 27 ,korrespondens*;

172 1296 32 19 att
228 1295 62 21 dessa
310 1295 179 28 bristfälligheter
508 1296 8 21 i
536 1298 123 25 programet
674 1297 61 20 torde
752 1295 104 28 uppkom-

103 1328 39 20 mit
165 1328 34 21 till
220 1331 46 19 stor
288 1329 33 21 del
341 1330 65 21 däraf
422 1332 32 19 att
470 1331 146 26 petitionären
632 1331 71 26 utgätt
719 1331 48 20 frän
783 1331 27 20 de
824 1329 34 22 för

103 1362 149 23 folkskolorna
276 1364 116 22 utfärdade
415 1372 15 14 s.
453 1365 19 21 k.
497 1366 196 25 normalkurserna,
711 1365 73 22 hvilka
803 1365 55 21 dock

103 1398 48 22 icke
174 1400 60 20 torde
259 1406 51 14 vara
328 1400 166 26 genomförbara
510 1400 8 20 i
534 1401 70 26 någon
620 1401 56 20 enda
692 1400 165 21 landskommun

103 1436 53 17 utan
172 1432 110 28 betydliga
299 1433 141 21 reduktioner
455 1435 25 20 så
495 1434 35 21 väl
545 1434 25 21 af
581 1434 150 22 läroämnenas
742 1434 60 22 antal
812 1440 46 15 som

173 1472 99 18 Allmänna
284 1473 173 18 Besvärsutskottets
468 1473 110 19 betänkande
590 1474 33 18 N:o
637 1474 27 17 18.
