1070 1670
249 133 26 20 16
430 132 244 23 Petitionsbetänkande
690 132 35 23 N:o
741 131 29 23 19.

218 199 94 22 hvarvid
329 201 152 28 nybörjarena
496 202 76 21 städse
588 204 56 19 stätt
662 202 73 21 under
749 209 48 13 mer
812 201 102 22 förfarna
928 209 48 21 per-

218 241 77 14 soners
310 235 100 28 ledning,
426 239 59 18 samt
500 238 35 19 att
550 236 107 21 särskildt
671 236 193 28 konserveringen
880 236 26 21 af
914 236 59 21 forn-

218 268 87 29 fynden
320 269 120 22 bedrifvits
456 271 72 28 enligt
542 271 28 21 de
585 274 82 25 nyaste
681 271 9 20 i
699 271 105 21 utlandet
814 271 105 21 använda
929 278 45 14 me-

218 303 72 22 toder.

286 339 110 22 Däremot
411 347 67 21 synes
494 340 39 21 det
548 340 50 21 icke
612 347 56 14 vara
682 342 71 25 nägot
768 339 82 22 tvifvel
865 339 110 22 underka-

218 372 67 27 stadt,
302 376 33 19 att
349 377 88 18 museot
453 377 24 19 är
492 375 7 21 i
515 375 126 28 trängande
657 374 73 21 bohof
743 373 26 22 af
782 376 62 20 såväl
860 373 72 22 Ökade
943 385 32 10 w-

218 407 138 22 betskrafter
371 416 48 14 som
435 412 71 18 större
521 409 67 21 lokal.
625 409 53 21 Med
693 409 119 27 undantag
827 409 26 21 af
866 416 29 13 en
910 411 64 19 extra

218 449 129 19 amanuens,
363 446 56 18 utan
434 444 45 26 lön,
495 444 94 21 hvilken
604 444 95 20 sälunda
709 443 19 28 ej
742 444 88 20 kunnat
840 443 93 28 äläggas
943 450 33 14 re-

217 476 126 27 gelbundet
358 478 84 26 arbete,
458 478 40 21 har
513 480 89 19 museet
616 478 7 21 i
639 478 34 21 sin
689 478 72 28 tjänst
775 477 100 22 förutom
886 479 89 19 statsar-

217 510 111 28 keologen
339 512 60 21 blott
410 520 28 14 en
449 520 123 14 amanuens
583 513 52 21 med
646 520 28 14 en
684 513 39 21 lön
734 512 26 21 af
769 513 63 25 1,200
841 512 45 21 mk.
903 512 72 21 Muse-

217 547 34 19 ets
266 545 60 22 lokal
342 546 7 21 i
364 547 102 21 kemiska
476 548 158 20 laboratoriets
646 548 62 20 äldre
718 547 110 29 byggnad
840 550 25 18 är
876 548 24 20 sä
910 546 63 26 liten,

217 582 34 18 att
266 580 44 21 alla
325 581 123 29 samlingar
463 582 50 21 icke
528 582 78 21 kunna
617 582 48 21 däri
675 582 131 28 inrymmas,
818 581 94 21 hvarför
921 588 53 14 man

216 614 97 28 nödgats
329 615 36 21 för
381 616 27 20 de
423 616 122 21 utländska
560 616 154 28 etnografiska
729 616 125 23 föremälen
868 616 106 28 upphyra

217 656 28 13 en
268 649 111 22 skärskild
402 650 67 22 lokal.
499 651 53 20 Med
575 650 123 28 anledning
717 650 26 21 af
755 650 66 21 dessa
835 650 138 21 missförhäl-

215 684 83 20 landen
320 684 75 21 beslöt
417 685 169 21 universitetets
610 685 162 21 konsistorium
794 685 71 21 redan
887 684 44 22 den
948 686 26 20 19

215 718 100 21 februari
332 720 53 20 1887
403 722 34 18 att
451 719 124 28 hembjuda
590 722 88 18 museet
693 722 23 18 ät
732 722 84 24 staten;
833 719 82 28 frägan
924 719 49 21 här-

216 760 36 13 om
276 753 153 21 behandlades
452 754 7 21 i
480 754 125 21 november
627 761 86 14 samma
731 756 25 19 är
771 754 26 21 af
810 756 93 19 senaten
918 761 53 14 men

215 787 116 21 lämnades
346 788 120 26 beroende,
482 788 46 21 tills
544 791 35 18 att
594 791 52 25 eget
661 788 42 21 hus
719 788 36 21 för
770 793 98 17 museets
885 788 89 22 samlin-

214 828 42 21 gar
271 821 76 22 blefve
363 822 116 28 uppfördt.
510 823 133 20 Sedermera
657 823 42 20 har
714 823 112 28 styrelsen
841 823 52 20 med
904 823 70 21 stads-

215 855 144 29 fullmäktige
375 856 8 21 i
397 857 143 28 Helsingfors
556 857 72 21 inledt
642 857 210 28 underhandlingar
868 864 35 14 om
919 865 55 20 upp-

214 890 91 21 lätande
328 891 26 20 af
370 894 59 18 tomt
447 892 35 20 för
498 891 44 21 den
557 891 120 21 tillärnade
691 891 213 28 museibyggnaden
919 899 53 14 men

215 924 34 21 till
264 927 71 26 nägot
349 925 115 22 definitivt
479 926 125 27 afgörande
618 926 41 21 har
675 926 74 21 denna
764 926 66 27 fräga
846 929 61 18 ännu
921 926 51 21 icke

214 959 101 22 kommit.
347 959 100 22 Senaten
469 960 41 21 har
532 960 125 21 emellertid
679 960 35 21 för
732 960 144 21 betäckande
900 961 25 20 af
941 961 28 20 de

214 996 65 18 extra
293 994 102 27 utgifter,
411 995 78 21 hvilka
504 997 98 18 museets
613 995 70 21 ofvan
693 995 84 21 nämda
788 1003 75 13 annex
874 997 59 19 samt
943 995 28 21 de

214 1027 5 20 i
236 1026 241 31 hufvudafdelningen
496 1029 118 28 pägäende
633 1029 108 21 arbetena
762 1029 119 26 erfordrat,
900 1029 73 21 under

214 1064 53 19 ären
285 1063 108 22 1888—91
411 1063 96 28 beviljat
521 1063 80 22 inaller
619 1065 78 24 31,000
712 1063 47 22 mk.

283 1097 67 21 Hvad
370 1100 48 19 äter
435 1098 109 21 beträffar
559 1098 162 28 petitionärens
738 1097 74 28 öfriga
828 1097 142 22 anmärknin-

212 1138 42 20 gar
276 1134 48 19 mot
347 1132 28 21 de
397 1133 158 27 arkeologiska
581 1132 202 29 myndigheternas
812 1132 161 28 organisation,

213 1165 65 21 torde
294 1173 28 14 en
334 1166 132 28 jämförelse
481 1167 53 20 med
548 1167 159 21 motsvarande
718 1166 177 22 förhållanden
884 1161 16 37 i
910 1166 64 22 Sver-

211 1207 35 20 ge,
270 1200 40 21 där
329 1201 132 28 arkeologin
476 1203 50 19 nätt
541 1209 28 13 en
585 1201 45 28 hög
645 1201 56 28 grad
716 1201 26 21 af
755 1201 141 28 utveckling,
914 1208 55 14 vara

212 1235 75 27 egnad
302 1237 35 18 att
351 1235 107 21 befordra
473 1243 29 13 en
517 1236 103 27 sakenlig
635 1235 151 29 uppfattning
796 1235 26 21 af
830 1235 66 21 dessa
906 1235 8 21 i
924 1235 47 21 viss

211 1270 54 19 män
280 1269 130 28 personliga
425 1270 155 28 tvistefrägor.

281 1303 90 28 Högsta
386 1304 108 28 tillsynen
510 1304 26 21 af
548 1304 211 28 fornlämningarna
773 1304 8 20 i
794 1304 86 28 Sverge
898 1304 69 20 hand-

210 1336 81 22 hafves
314 1337 24 21 af
359 1338 127 22 Vitterhets
509 1338 100 22 Historie
624 1339 43 21 och
681 1338 143 28 Antigvitets
839 1338 129 21 Akademin

210 1371 8 20 i
233 1370 140 23 Stockholm.
404 1372 80 28 Enligt
502 1373 27 21 de
547 1380 46 21 nya
608 1372 122 28 stadgarna
746 1372 36 22 för
798 1372 74 21 denna
888 1372 79 21 akade-

210 1405 37 26 mi,
270 1406 79 21 hvilka
371 1406 80 28 gifvits
474 1408 72 20 under
566 1410 76 18 senast
657 1407 109 21 förflutna
782 1409 25 19 år
822 1406 43 22 och
881 1406 86 21 således

212 1443 37 18 äro
265 1440 106 28 lämpade
390 1441 59 21 efter
466 1442 80 20 nutida
565 1441 169 21 förhällandens
750 1441 58 26 kraf,
824 1441 101 21 besättas
942 1440 29 22 le-

284 1480 99 18 Allmänna
395 1481 174 18 Besvärsutskottets
580 1481 109 18 betänkande
701 1481 34 17 N:o
749 1482 30 17 15.
