1056 1670
313 111 225 22 Petitionsbetänkande
554 111 34 22 N:o
604 111 14 22 1.
773 112 42 21 147

95 171 126 26 produkter,
237 171 71 21 såsom
324 171 117 26 terpentin,
453 172 91 26 träsyra,
556 171 43 27 kol,
611 177 27 16 m.
650 177 28 15 m.
688 170 157 28 tillvaratagas.

96 206 43 21 För
161 208 33 20 att
215 206 63 21 dessa
293 206 143 27 biprodukter
452 207 36 20 mä
503 207 75 21 kunna
594 207 49 21 med
659 207 71 21 fördel
744 207 101 28 tillgodo-

98 244 70 25 göras,
185 242 85 21 fordras
286 242 108 27 nemligen
404 243 73 21 bättre
485 242 202 21 kommunikations
696 242 150 22 förhällanden

98 280 28 19 än
141 285 30 14 nu
187 278 102 21 rådande.
309 277 100 22 Erhällas
426 279 89 26 sådana,
531 279 43 20 kan
591 285 49 14 man
656 278 54 27 hysa
720 279 52 26 godt
788 279 57 26 hopp

97 320 35 15 om
156 313 207 22 ästadkommandet
385 314 24 21 af
431 321 26 15 en
479 313 70 28 vigtig
572 314 170 27 omgestaltning
762 314 23 21 af
797 314 50 21 hela

99 349 160 27 tjärindustrin,
283 349 91 22 sålunda
396 351 34 20 att
454 351 41 20 den
517 351 13 20 &
551 356 41 15 ena
615 350 62 21 sidan
701 350 97 21 kommer
813 351 34 20 att

100 385 110 22 förarbeta
225 391 29 15 nu
269 385 111 22 värdelöst
395 385 66 28 affall,
478 387 71 20 säsom
563 387 70 20 rötter
648 386 40 21 och
699 386 97 27 stubbar,
807 386 39 21 och

98 422 14 20 å
127 422 67 20 andra
209 420 63 22 sidan
287 420 166 28 fullständigare
469 423 28 19 än
512 421 88 22 härtills
618 421 138 27 tillvarataga
766 421 43 22 alla
820 422 27 21 de

98 457 97 21 erhällna
210 457 154 27 produkterna.

176 492 49 22 Den
253 492 105 28 ofantliga
384 493 136 21 vattenkraft
544 499 46 15 som
614 492 116 22 förefinnes
758 493 7 21 i
793 493 54 21 Uleä

98 528 40 22 elfs
158 529 75 26 forsar,
253 528 8 22 i
275 528 85 22 hvilkas
377 528 139 22 omedelbara
531 529 77 21 närhet
623 528 71 22 banan
710 530 86 20 komme
812 532 33 18 att

99 564 67 28 ledas,
188 564 83 22 lemnar
293 564 68 28 utsigt
385 564 33 22 för
441 566 33 20 att
497 565 40 21 här
561 566 32 20 ett
614 566 48 26 nytt
678 565 127 21 industrielt
822 564 27 22 lif

101 600 55 22 skall
171 600 111 28 uppspira.
313 600 108 22 Särskildt
436 601 58 22 talar
509 601 30 22 all
555 601 138 22 sannolikhet
709 600 34 23 för
753 601 94 22 tillkom-

98 638 48 20 sten
173 637 23 20 af
217 637 142 26 träsliperier,
375 639 52 19 enär
441 637 129 21 Uleäträsks
586 637 146 27 omgifningar
747 639 37 20 äro
799 637 48 22 rika

99 673 27 26 pä
141 672 34 21 för
191 673 70 21 denna
277 673 93 21 industri
386 673 108 27 behöfliga
511 673 140 27 granskogar.

169 709 44 20 Det
228 711 23 18 är
267 709 79 26 tydligt
361 711 34 19 att
405 709 63 21 äfven
478 709 34 21 för
524 709 29 21 all
564 715 72 15 annan
645 709 128 22 samfärdsel
782 709 65 22 emel-

99 744 36 21 lan
158 744 109 27 Uleäborg
290 745 39 21 och
353 745 50 21 dess
426 745 136 21 vidsträckta
585 745 181 21 handelsomräde
783 744 65 27 kring

98 779 118 22 Uleäträsk
232 780 41 21 den
289 787 29 14 nu
334 779 128 28 ifrägasatta
478 780 107 22 bandelen
601 781 88 20 komma
705 782 33 19 att
748 780 67 21 blifva
826 779 23 22 af

98 815 122 27 väsendtlig
235 817 68 25 nytta.
334 815 33 21 En
382 816 84 26 ganska
480 815 99 27 betydlig
594 815 64 22 trafik
674 816 68 21 borde
752 817 39 19 här
799 816 48 21 der-

98 850 34 22 för
154 851 74 21 kunna
250 851 115 27 päräknas.
395 851 116 21 Utskottet
534 852 43 20 kan
600 852 28 26 pä
650 852 69 21 sädan
742 852 70 26 grund
828 851 19 26 ej

98 886 59 22 finna
179 888 74 26 annat,
269 889 28 19 än
313 889 33 19 att
361 888 71 20 denna
448 887 56 21 bana
520 887 8 21 i
544 893 26 15 en
586 887 82 27 ganska
684 890 53 18 nära
752 887 95 26 framtid,

99 923 24 20 sä
138 924 61 20 snart
214 922 85 22 landets
315 922 118 28 tillgängar
449 923 37 21 det
502 923 115 27 medgifva,
633 923 67 21 borde
716 923 87 21 komma
814 922 34 22 till

101 958 122 22 utförande.
254 958 73 27 Några
343 958 108 22 särskilda
467 958 187 27 undersökningar
670 965 50 15 vore
736 958 40 22 här
791 958 19 27 ej
827 958 24 21 af

98 994 77 27 nöden,
192 996 52 20 enär
259 995 82 21 sådana
357 994 67 22 redan
441 994 59 22 förut
516 996 37 25 egt
568 1001 55 15 rum.

168 1030 51 21 Med
234 1030 50 22 stöd
299 1030 24 21 af
332 1030 37 21 det
379 1030 92 21 anförda
480 1030 35 22 får
523 1030 109 22 utskottet
640 1030 111 22 vördsamt
759 1029 89 22 föreslå:

311 1073 32 20 att
366 1071 126 22 Ständerna
516 1072 50 21 ville
589 1072 37 21 hos
645 1071 65 22 Hans
726 1071 123 27 Kejserliga

244 1107 103 28 Majestät
362 1107 9 21 i
386 1107 175 28 underdänighet
578 1107 98 21 anhålla:

312 1144 32 20 att
359 1143 122 21 ekonomisk
496 1142 164 29 undersökning
668 1143 42 27 för
725 1142 90 22 ledande
826 1142 27 27 af

240 1186 27 14 en
279 1179 94 27 jernväg
383 1178 60 28 från
457 1179 101 21 Joensuu
574 1179 60 27 öfver
649 1178 96 22 Nurmes
756 1179 36 21 och
801 1178 48 21 Sot-

241 1214 62 22 kamo
318 1222 53 14 norr
387 1222 32 14 om
440 1214 117 22 Uleåträsk
573 1214 33 22 till
628 1214 74 22 Waala
712 1215 66 21 måtte
788 1214 61 20 verk-

241 1250 76 21 ställas
322 1257 7 20 ;
345 1252 54 19 samt

312 1287 31 20 att
364 1286 25 21 så
410 1288 64 19 snart
498 1285 288 28 kommunikationsfondens
808 1284 41 21 till-

240 1322 88 28 gångar
333 1322 79 21 sådant
419 1321 111 29 medgifva
536 1321 126 23 Ständerna
663 1321 112 28 förelades
783 1320 67 28 nådig

237 1357 135 27 proposition
395 1364 33 14 om
449 1358 112 27 byggande
582 1357 27 27 af
628 1364 26 15 en
669 1358 56 21 bana
750 1356 100 22 Waala--

245 1392 108 28 Uleåborg.

169 1458 174 22 Jernvägsutskottets
355 1458 108 18 betänkande
475 1458 36 18 N:o
525 1459 14 17 1.
