1014 1675
263 162 282 24 Petitionsbetänkande
560 162 46 23 N:o
622 162 42 23 40.
803 163 11 20 5

83 224 39 23 till
142 224 96 22 hvilken
260 225 32 28 på
314 226 111 27 agentens
447 224 143 29 beställning
605 224 65 22 såväl
685 224 160 29 utställnings-

85 258 141 29 byggnaden
249 266 48 14 som
321 258 271 29 expositionsartiklarna
619 258 38 22 för
679 258 45 22 den
746 258 100 22 svenska

85 292 151 29 afdelningen
259 292 107 23 afsändes
389 300 84 21 genom
495 292 234 30 exportföreningens
747 292 97 29 försorg.

154 338 90 22 Genom
260 338 76 22 denna
351 338 108 29 förening
471 338 88 22 lemnas
571 338 91 29 jämväl
677 338 119 29 uppgifter
808 340 37 19 rö-

85 372 73 23 rande
172 372 125 22 utländska
311 372 90 22 firmors
417 372 104 22 soliditet
543 372 44 22 och
601 372 126 22 utländska
742 371 102 22 tidskrif-

85 408 42 24 ter,
150 413 49 15 som
222 406 115 22 behandla
354 406 253 29 exportförhällanden,
622 413 30 15 m.
668 413 29 15 m.
728 406 116 28 Slutligen

86 442 120 27 upprättas
229 440 26 22 af
272 440 139 29 föreningen
431 440 34 29 pä
481 440 110 29 engelska
606 440 44 22 och
665 440 101 29 spanska
781 440 64 28 sprä-

85 474 47 22 ken
153 482 29 14 en
200 474 132 23 illustrerad
354 474 184 30 exportkatalog,
566 482 49 14 som
636 476 116 28 upptager
774 481 70 15 namn

87 508 42 23 och
144 509 48 29 pris
208 509 13 22 &
236 508 36 22 för
287 511 81 27 export
383 508 90 29 egnade
487 508 99 22 svenska
602 508 96 22 artiklar
714 508 44 22 och
772 511 26 19 är
812 508 32 22 af-

86 543 57 22 sedd
158 545 36 20 att
207 550 85 22 genom
306 543 73 29 gratis
394 542 123 29 utdelning
533 543 13 22 &
556 542 126 23 utländska
693 542 79 26 hotell,
789 542 55 29 äng-

86 577 66 22 bätar
168 577 43 22 och
223 577 226 29 järnvägsstationer
464 577 79 29 sprida
557 577 145 22 allmännare
713 576 131 23 kännedom

86 618 37 15 om
145 611 276 23 handelsförhällandena
436 613 60 20 samt
511 611 106 22 enskilda
631 611 105 22 fabriker
751 611 43 22 och
806 610 38 22 fir-

85 653 50 14 mor
149 646 8 21 i
174 646 101 29 Sverige.

154 691 52 22 Den
220 691 133 28 betydande
368 693 82 26 export
464 691 9 21 i
488 691 63 22 olika
562 691 120 27 brancher,
699 698 49 15 som
761 697 83 22 genom

86 725 44 22 den
151 725 100 23 svenska
271 725 234 29 exportföreningens
523 725 151 22 verksamhet
688 725 73 22 redan
775 724 69 22 fram-

85 759 92 26 kallats,
200 759 42 22 har
263 759 116 23 föranledt
401 759 139 29 föreningen
555 761 36 20 att
605 759 43 22 hos
663 759 126 28 konungen
805 766 39 14 an-

85 793 63 22 hällä
171 800 37 15 om
230 793 144 29 proposition
397 793 36 22 till
451 793 126 29 riksdagen
592 801 38 14 om
646 793 198 22 statssubvention

85 827 36 23 för
137 827 205 23 ästadkommande
357 827 26 23 af
396 827 100 29 regulier
507 827 242 29 ängbätsförbindelse
759 827 85 22 mellan

86 862 96 29 Sverige
198 862 43 22 och
255 862 35 22 La
304 862 68 22 Plata
387 864 109 20 staterna.
517 862 55 22 Men
584 862 74 29 jämte
674 862 67 22 dessa
752 861 92 29 utvidg-

85 896 222 29 ningssträfvanden
319 896 43 23 har
372 895 69 23 äfven
451 896 155 29 vidtagandet
616 896 27 22 af
650 896 87 29 nödiga
747 895 97 29 skydds-

85 930 109 29 åtgärder
208 930 37 22 för
260 930 98 22 svenska
373 930 154 22 varumärken
542 930 63 29 legat
617 931 64 21 inom
694 930 104 22 området
808 929 37 22 för

85 964 151 29 föreningens
260 964 153 22 verksamhet.
449 964 103 22 Sälunda
576 964 43 22 har
642 965 32 29 pä
695 964 103 22 initiativ
820 964 25 22 af

86 1003 100 24 agenten
208 998 9 22 i
240 998 135 22 Ost-Indien
398 998 43 22 och
461 998 36 22 till
512 998 59 29 följd
587 998 26 22 af
626 998 58 22 hans
700 997 144 30 ätgöranden

86 1032 100 22 svenska
200 1032 137 29 regeringen
352 1032 146 22 underrättat
513 1033 220 29 exportföreningen
752 1040 37 14 om
804 1035 40 18 nö-

85 1066 55 29 diga
154 1066 104 22 befunna
273 1066 107 29 åtgärder
395 1066 36 22 för
447 1068 35 20 att
500 1066 4 22 i
519 1066 85 22 nämda
616 1067 56 21 land
682 1066 84 22 bereda
778 1073 67 14 sven-

85 1100 42 22 ska
149 1101 159 25 varumärken,
334 1100 109 23 särskildt
467 1100 233 28 tändsticksmärken,
727 1100 117 22 verksamt

85 1134 77 29 skydd
176 1137 50 20 mot
240 1135 28 21 de
283 1135 190 28 förfalskningar,
489 1135 36 22 för
540 1135 79 23 hvilka
635 1135 115 22 desamma
765 1134 80 22 blifvit

85 1168 52 22 från
150 1169 112 28 japanskt
276 1169 48 22 håll
339 1171 94 21 utsatta.

153 1213 53 22 Den
221 1214 146 29 mångsidiga
381 1215 44 21 och
439 1215 126 28 gagneliga
574 1215 149 22 verksamhet
736 1215 106 28 Sveriges

85 1247 119 22 allmänna
219 1248 190 29 exportförening
424 1249 91 22 kunnat
529 1249 110 22 utveckla
653 1249 74 22 under
738 1249 36 21 sin
784 1248 60 22 blott

85 1281 73 30 några
180 1281 24 22 få
225 1283 25 20 år
270 1282 119 22 räknande
411 1283 93 21 tillvaro
526 1283 43 21 har
588 1283 158 29 möjliggjorts
762 1281 83 23 endast

85 1323 85 21 genom
192 1316 40 21 det
252 1316 104 29 kraftiga
373 1316 127 22 understöd
515 1317 139 28 föreningen
670 1317 102 28 ätnjutit.
804 1316 41 21 Sä-

85 1357 50 14 som
149 1349 9 22 i
173 1349 160 30 föreliggande
348 1350 231 28 petitionsmemorial
590 1351 141 25 framhålles,
747 1351 43 21 har
800 1350 45 21 den

85 1383 100 22 svenska
207 1383 137 30 föreningen
366 1384 120 29 nämligen
507 1385 52 22 icke
574 1385 61 21 blott
649 1385 92 28 lyckats
757 1384 88 21 erhålla

85 1418 133 29 betydande
240 1418 138 22 donationer
399 1418 26 22 af
445 1419 106 22 enskilda
570 1426 109 22 personer
702 1419 44 22 och
761 1419 83 28 korpo-

84 1452 103 22 rationer
208 1455 57 19 utan
288 1452 112 29 därjämte
423 1460 28 14 en
474 1453 205 28 statssubvention,
705 1460 51 15 som
771 1452 75 22 under

155 1491 141 18 Statsuiskottets
308 1492 110 18 betänkande
430 1493 35 16 N:o
477 1493 30 17 10.
