1064 1673
259 155 27 21 22
434 154 245 22 Petitionsbetänkande
695 154 37 22 N:o
749 152 32 23 27.

229 223 84 21 variera
328 223 79 21 mellan
424 223 27 21 30
467 222 40 22 och
523 224 27 20 80
566 222 39 26 kr.,
620 222 76 27 bidrag
711 222 47 21 från
767 222 117 28 landsting,
893 222 94 22 hushåll-

229 257 166 27 ningssällskap,
412 257 127 21 kommuner
555 260 56 18 samt
627 257 100 27 slutligen
743 259 80 25 staten,
844 264 45 14 som
905 257 82 21 lemnar

229 292 38 20 sitt
287 292 118 20 understöd
427 292 68 20 under
514 292 36 20 det
573 291 69 21 vilkor
665 294 46 25 ,att
727 291 117 28 landsting,
861 291 126 21 kommuner

229 326 52 21 eller
295 326 105 28 enskilda,
425 326 53 21 hvar
499 326 34 21 för
556 326 31 27 sig
604 326 51 21 eller
670 328 141 24 gemensamt,
828 326 72 21 därtill
915 326 72 21 lemna

230 360 82 28 bidrag,
328 360 79 26 hvilka,
423 360 144 22 inberäknadt
583 360 140 27 skolafgifter,
740 360 159 27 sammanlagdt
914 361 73 27 uppgå

229 395 34 21 till
278 395 65 21 minst
359 395 115 21 enahanda
490 394 85 28 belopp,
599 402 44 14 som
664 394 161 27 statsbidraget,
842 394 81 22 hvilket
939 395 48 21 sist-

229 429 95 21 nämnda
340 429 55 21 dock
418 429 18 27 ej
461 429 34 20 må
519 429 116 27 öfverstiga
651 429 64 26 2,000
731 428 32 21 kr.
781 429 34 20 till
830 429 74 28 hvarje
919 429 67 25 skola,

228 463 36 21 vid
279 463 88 22 hvilken
382 463 127 22 lärokursen
525 464 116 26 genomgås
664 464 29 26 på
713 465 31 19 ett
759 463 78 26 läseår,
853 466 55 19 samt
923 464 64 27 3,000

228 498 31 21 kr.
276 498 33 21 för
325 499 75 26 hvarje
416 498 66 26 skola,
506 498 36 21 vid
561 498 87 21 hvilken
664 505 26 14 en
707 499 68 20 andra
791 498 111 27 afdelning
917 498 70 21 blifvit

227 533 103 25 inrättad,
348 533 39 21 och
403 533 86 21 hvarest
504 535 31 18 ett
550 533 60 20 antal
627 532 77 27 elever,
721 533 152 20 motsvarande
884 533 65 20 minst
960 533 27 26 !/,

229 567 25 21 af
267 568 54 26 dem,
339 574 46 14 som
400 568 69 20 under
480 568 96 20 närmast
587 567 130 27 föregående
728 567 71 21 läseår
809 568 124 26 genomgått
945 567 41 20 den

229 601 68 21 första
313 601 122 27 årskursen,
451 601 134 22 fortfarande
601 601 110 27 begagnar
721 601 204 27 undervisningen".

298 635 64 22 Såväl
375 636 7 20 i
395 636 102 21 afseende
510 636 13 20 å
534 635 123 28 uppkomst,
671 635 147 28 organisation
826 635 41 21 och
875 636 72 21 metod
956 635 30 21 fö-

229 672 47 19 rete
292 671 27 20 de
335 671 92 20 svenska
442 670 191 27 folkhögskolorna
647 670 48 21 icke
711 670 22 21 få
747 669 115 22 afvikelser
877 670 47 21 från
940 670 47 21 sina

228 704 117 21 förebilder
359 705 3 20 i
372 704 119 22 Danmark.
519 705 41 20 Det
569 704 104 21 förökade
681 704 119 27 inflytande
809 705 28 26 på
845 705 142 20 kommunens

229 739 40 21 och
284 739 67 21 rikets
367 739 186 27 angelägenheter,
577 746 46 14 som
646 739 97 27 Sveriges
760 739 135 21 bondestånd
910 739 77 20 tillför-

228 773 104 21 säkrades
347 780 79 21 genom
441 775 26 20 de
483 774 28 27 på
528 773 116 22 1860:talet
660 774 128 21 emanerade
800 781 42 20 nya
853 773 133 21 kommunal-

228 807 183 28 författningarna
426 808 41 21 och
490 808 226 27 riksdagsordningen,
738 808 50 21 kom
812 809 26 20 de
862 815 58 14 mera
937 809 49 20 tän-

228 842 72 21 kande
332 842 186 28 allmogemännen
549 845 32 19 att
604 843 45 21 inse
673 842 101 22 behofvet
799 843 24 21 af
847 843 56 21 ökad
928 844 57 20 med-

228 876 108 28 borgerlig
359 877 105 27 bildning.
493 877 10 21 I
523 877 222 21 öfverensstämmelse
769 878 50 20 med
841 878 145 26 anledningen

228 911 34 20 till
285 911 112 21 skolornas
421 911 118 27 uppkomst
562 912 83 26 inslogo
675 912 62 20 dessa
767 912 56 20 ifrån
854 912 75 27 början
958 919 27 14 en

228 951 60 15 mera
310 945 99 27 praktisk
425 945 100 28 riktning.
555 945 46 22 Den
625 945 259 28 mytologisk-historiska
907 947 77 20 under-

229 979 111 27 visningen
357 993 28 2 —
400 979 156 22 hufvudämnet
572 980 7 20 i
603 981 25 20 de
647 980 84 21 danska
749 980 194 27 folkhögskolorna
959 993 26 2 —

228 1014 43 21 fick
292 1015 63 20 träda
375 1014 92 21 tillbaka
488 1014 33 21 för
544 1015 182 26 undervisningen
748 1015 7 20 i
777 1015 102 26 geografi,
897 1015 89 27 specielt

227 1048 189 21 fäderneslandets
438 1049 101 26 geografi,
561 1049 121 27 hvarjämte
705 1049 158 26 modersmålet,
887 1053 98 18 naturve-

228 1082 149 28 tenskaperna
399 1086 56 18 samt
478 1086 63 30 stats-
565 1083 39 22 och
629 1083 256 28 kommunalförfattning
910 1084 75 21 främst

227 1117 53 26 ingå
295 1117 6 20 i
318 1117 255 28 undervisningsplanen;
590 1118 74 21 vidare
680 1118 134 21 förekomma
827 1119 39 20 där
877 1119 108 26 åtskilliga

228 1150 172 28 öfningsämnen,
417 1153 70 20 såsom
501 1152 100 27 räkning,
623 1152 118 27 bokföring,
762 1152 114 27 kalligrafi,
892 1153 93 21 fältmät-

229 1185 60 27 ning,
304 1185 81 28 ritning
407 1186 41 21 och
464 1187 53 26 sång
532 1189 61 22 samt,
613 1187 6 20 i
636 1187 26 20 de
678 1187 96 26 qvinliga
790 1187 195 26 folkhögskolorna,

227 1219 158 22 handarbeten.
423 1222 72 19 Sättet
518 1221 33 20 för
576 1221 193 27 undervisningens
795 1221 142 22 meddelande
962 1223 24 20 är

225 1254 83 27 jämväl
324 1254 39 21 här
383 1255 7 20 i
414 1255 57 27 regel
496 1256 36 20 det
555 1255 41 21 fria
618 1255 131 27 föredraget;
775 1255 56 22 dock
855 1261 24 16 är
900 1256 85 21 lärobo-

227 1287 43 21 ken
286 1288 47 21 icke
350 1289 132 27 uudanlagd,
499 1289 67 21 ehuru
583 1290 41 20 den
635 1289 46 21 icke
692 1291 111 20 användes
814 1290 33 21 till
857 1290 127 27 läxläsning,

227 1324 53 19 utan
297 1323 70 20 såsom
390 1323 112 27 hjelpreda
525 1323 32 21 för
579 1324 82 21 minnet
684 1324 41 21 och
748 1324 33 21 för
805 1327 33 18 att
853 1325 132 20 understöda

227 1356 112 21 elevernas
362 1357 131 27 själfarbete.
523 1357 40 22 Ett
582 1358 143 21 utmärkande
743 1359 54 26 drag
812 1359 39 20 hos
867 1359 41 20 den
925 1365 60 14 sven-

227 1390 40 21 ska
282 1391 123 22 folkskolan
429 1393 24 20 är
475 1393 41 20 den
539 1392 118 27 förtroliga,
674 1394 78 19 nästan
773 1393 130 27 kamratliga
920 1394 64 26 anda,

227 1431 46 14 som
289 1432 51 20 eger
356 1433 46 13 rum
410 1426 80 21 mellan
505 1427 48 20 dess
564 1426 70 21 lärare
645 1427 41 21 och
697 1427 76 25 elever,
785 1429 52 19 utan
847 1429 32 19 att
892 1427 92 27 discipli-

227 1465 43 14 nen
292 1460 65 20 däraf
379 1460 46 20 lidit
449 1461 71 27 någon
543 1460 74 22 skada.
647 1460 66 22 Detta
734 1461 136 21 förhållande
886 1461 97 21 framträ-

285 1498 100 19 Allmänna
408 1500 164 18 besvärsutskottets
583 1500 109 18 betänkande
703 1500 36 18 N:o
752 1502 29 16 18.
