1067 1667
275 154 243 22 Petitionsbetänkande
533 153 36 23 N:o
584 152 31 23 18.
799 154 25 20 11

97 224 96 26 diktning
215 226 46 19 mot
284 223 142 27 bakgrunden
446 223 24 21 af
488 222 207 22 tidsförhållandena
710 222 5 21 i
731 222 123 24 allmänhet;

97 258 41 21 och
153 258 34 21 för
201 260 32 18 att
247 258 67 21 vinna
329 264 28 15 en
373 258 69 21 sådan
457 258 114 27 bakgrund
586 257 34 21 för
635 257 32 21 sin
682 257 98 21 litterära
790 256 65 21 värk-

94 292 85 22 samhet
195 292 68 22 finnes
278 293 53 21 intet
349 292 127 28 lämpligare
494 292 69 21 medel
579 294 28 19 än
622 292 81 22 resor."
733 291 64 21 Detta
811 292 42 26 ytt-

95 327 67 21 rande
179 326 24 22 af
216 333 27 15 en
258 327 65 21 bland
339 327 85 21 landets
439 329 177 25 representanter
631 326 35 21 vid
682 328 87 20 senaste
784 325 71 22 landt-

97 362 41 26 dag
153 361 70 22 måste
237 362 36 20 väl
287 362 34 21 för
335 362 54 21 våra
404 361 150 22 förhållanden
570 368 40 21 ega
626 361 36 22 full
676 361 102 27 giltighet,
790 359 27 22 då
828 360 27 20 de

96 396 169 21 skandinaviska
287 396 91 22 landens
401 396 91 21 främsta
515 396 83 22 diktare
621 402 65 21 synas
707 396 51 20 stält
775 395 34 21 för
823 394 32 28 sig

97 431 49 21 dess
162 431 105 22 innebörd
283 432 74 20 såsom
373 431 64 27 regel.
467 431 62 21 Hvad
545 432 47 20 åter
607 431 102 21 beträffar
723 431 40 21 vår
775 431 80 20 störste

97 465 67 26 skald,
180 465 42 22 kan
244 466 35 21 väl
297 466 66 27 ingen
377 465 99 22 bestrida
490 466 140 27 möjligheten
647 465 22 21 af
682 467 31 20 att
728 465 56 21 hans
800 464 54 21 dikt-

96 500 58 27 ning,
175 506 35 15 om
229 500 81 21 honom
326 500 87 21 beredts
429 500 81 22 tillfälle
524 501 31 20 till
570 507 62 15 resor
647 500 40 21 och
704 500 81 21 studier
799 500 6 20 i
821 501 33 19 ut-

97 535 79 26 landet,
193 535 67 21 skulle
275 535 84 21 kunnat
373 535 121 21 framträda
509 536 5 20 i
531 537 59 19 ännu
600 535 71 21 rikare
681 535 62 25 form,
755 533 100 22 särskildt

98 569 59 21 inom
173 569 134 22 dramatiken
323 570 42 21 och
379 576 112 15 romanen.

165 603 70 22 Faran
251 603 39 27 för,
307 606 31 19 att
354 604 99 21 diktaren
474 605 53 20 skall
542 605 44 20 låta
601 604 102 21 missleda
718 604 33 27 sig
766 603 23 21 af
802 603 53 20 tids-

98 639 183 26 strömningarna,
297 638 116 22 förefinnes
425 639 25 26 ju
461 639 66 26 alltid,
538 645 52 16 vare
601 639 33 27 sig
644 639 42 20 han
697 638 99 21 studerar
807 637 48 22 dem

98 672 5 20 i
127 672 96 22 utlandet
246 672 50 21 eller
314 673 94 21 hemma.
440 673 50 21 Men
511 679 35 15 om
565 673 44 21 han
625 672 62 22 äfven
703 673 6 20 i
725 672 58 22 förra
798 672 54 21 fallet

98 707 72 26 någon
192 707 57 27 gång
272 707 66 21 skulle
357 707 46 21 visa
422 708 33 26 sig
477 708 98 21 starkare
590 707 112 27 mottaglig
717 707 32 21 för
765 707 90 27 intryck,

98 742 25 20 så
138 741 53 21 skall
207 740 13 22 å
235 741 68 21 andra
319 741 62 21 sidan
397 748 27 15 en
439 742 72 22 rikare
527 742 103 27 diktning,
646 748 47 15 som
707 741 76 28 skjutit
793 741 63 21 äfven

99 776 140 26 vattenskott,
263 776 59 21 alltid
344 776 58 27 gifva
426 778 70 20 större
520 777 66 21 löften
606 776 32 22 för
655 776 114 21 framtiden
785 777 28 20 än
829 781 26 16 cn

99 816 105 21 magrare,
228 817 47 14 som
298 811 68 21 håller
386 811 32 26 sig
438 813 85 25 strängt
542 811 59 21 inom
620 811 36 21 det
671 810 185 22 konventionellas

98 845 121 21 råmärken.
249 845 128 28 Inflytandet
400 845 23 22 af
444 846 93 21 kritiken
556 846 41 21 och
613 846 156 21 allmänhetens
785 845 69 21 sunda

98 879 102 22 omdöme
216 879 52 22 skall
283 880 36 21 väl
334 880 6 20 i
356 880 27 21 de
398 880 63 22 flesta
476 881 35 20 fall
526 887 53 14 vara
594 880 86 28 kraftigt
696 887 43 20 nog
749 883 31 18 att
790 886 65 16 rensa

99 915 81 26 slagget
195 914 48 21 från
258 915 41 21 den
314 915 97 27 värkliga
426 915 90 21 kärnan.

167 948 62 22 Hvad
247 949 99 27 slutligen
361 949 137 22 vidkommer
513 949 116 22 utskottets
644 949 91 27 fruktan,
745 952 31 19 att
792 951 64 26 ingen

99 983 97 27 opartisk
211 983 211 28 granskningsnämd
438 984 54 21 skall
507 984 76 26 finnas,
600 983 23 22 åt
633 985 84 21 hvilken
729 984 127 27 pröfningen

99 1017 23 21 al
132 1017 139 22 författarnes
286 1018 90 21 arbeten
392 1018 72 21 kunde
480 1018 114 27 anförtros,
611 1021 24 18 är
647 1019 38 27 jag
700 1019 23 21 af
736 1019 42 21 den
794 1019 61 27 åsigt,

99 1054 31 19 att
149 1053 22 20 åt
192 1052 83 22 landets
291 1053 58 21 båda
364 1053 202 27 litteratursällskap
581 1055 53 19 utan
649 1053 46 21 fara
710 1053 33 22 för
757 1053 49 21 väld
821 1054 35 20 vid

99 1087 147 21 bedömandet
261 1093 28 15 en
305 1087 68 21 sådan
390 1087 102 28 pröfning
507 1089 57 26 trygt
579 1087 43 22 kan
638 1087 148 22 öfverlämnas.
807 1087 50 22 Man

99 1121 43 21 kan
176 1121 56 22 sluta
263 1122 58 21 detta
348 1121 68 22 redan
443 1121 24 22 af
490 1122 64 21 dessa
579 1123 105 26 sällskaps
709 1123 82 27 uppgift
816 1123 42 21 och

100 1157 202 26 sammansättning,
321 1163 50 15 men
387 1157 6 20 i
410 1158 60 19 ännu
486 1157 66 27 högre
568 1157 53 27 grad
636 1156 23 21 af
670 1157 26 22 de
707 1157 152 22 skönlitterära

101 1189 178 28 prisbelöningar,
296 1197 47 15 som
358 1191 93 27 tidigare
468 1191 23 21 af
504 1191 65 21 dessa
584 1191 97 22 utdelats.
704 1191 73 22 Under
792 1191 67 22 förut-

100 1225 101 27 sättning,
218 1228 31 18 att
271 1225 26 22 de
318 1225 31 21 till
370 1225 124 22 belönande
510 1226 123 21 inlämnade
649 1227 92 20 svenska
757 1226 103 21 arbetena

101 1260 106 26 granskas
230 1260 23 21 af
273 1260 93 22 svenska
388 1261 226 27 litteratursällskapet
637 1261 41 21 och
700 1261 25 21 de
748 1261 69 21 finska
839 1261 24 21 af

101 1294 69 21 finska
185 1295 223 27 litteratursällskapet
424 1297 58 19 samt
498 1297 31 19 att
539 1295 125 27 regeringen
676 1296 139 26 ovilkorligen
826 1298 34 18 ut-

102 1328 67 28 gifver
192 1330 71 26 prisen
285 1330 6 20 i
314 1329 41 21 den
377 1329 95 27 ordning
488 1330 26 20 de
531 1330 130 21 förordande
675 1329 141 22 utlätandena
831 1330 30 20 till

102 1364 71 20 denna
195 1363 118 27 inkomma,
337 1365 24 20 är
380 1364 38 26 jag
434 1364 127 27 öfvertygad
578 1370 36 15 om
629 1366 32 19 att
675 1364 118 22 rättvisans
807 1364 49 22 kraf

102 1399 24 20 sä
144 1398 45 20 vidt
205 1398 66 21 under
286 1398 122 27 mänskliga
424 1398 151 21 förhällanden
591 1400 25 19 är
631 1399 87 27 möjligt,
732 1399 53 21 skall
796 1399 64 21 blifva

100 1432 142 27 tillgodosedt.

172 1466 49 22 Med
235 1466 102 22 afseende
355 1466 13 22 å
383 1467 58 21 hvad
456 1467 42 21 här
513 1466 65 22 ofvan
593 1466 82 22 anförts
691 1468 41 21 och
748 1468 27 21 dä
791 1468 35 22 det
838 1470 24 19 är

173 1506 99 19 Allmänna
283 1506 177 19 Besvärsutskottets
472 1506 108 18 betänkande
592 1506 37 18 N:o
641 1506 26 18 14.
