1064 1664
249 123 13 19 8
424 122 244 22 Petitionsbetänkande
684 122 38 22 N:o
738 120 30 24 14.

288 196 41 21 Att
351 197 71 21 såsom
444 196 7 21 i
474 198 37 20 det
534 203 77 15 senare
627 196 207 28 petitionsförslaget
850 196 125 22 framhålles

220 236 26 15 en
270 230 143 22 handelskola
435 238 51 14 vore
509 231 24 21 af
547 230 100 22 behofvet
663 230 103 28 påkallad
782 230 62 22 äfven
860 231 8 21 i
883 231 92 28 Björne-

221 264 52 27 borg
289 264 97 22 betviflar
401 266 108 20 utskottet
523 265 54 21 icke.
610 265 48 21 Men
675 265 48 21 med
740 264 145 22 fasthållande
900 265 25 21 af
943 272 31 14 re-

220 300 42 20 dan
278 300 96 27 antydda
390 300 135 27 synpunkter
540 306 65 15 anser
621 301 36 20 det
674 300 138 27 regeringens
822 300 152 21 mellankomst

219 334 40 21 här
281 334 51 22 böra
356 334 157 28 ifrågakomma
537 334 53 22 först
613 336 35 24 då,
664 336 40 20 när
719 341 26 15 en
762 335 67 21 sådan
846 334 62 22 skola
924 342 51 14 vare

220 369 32 27 sig
275 376 77 20 genom
374 369 319 28 kommunalmyndigheternas
715 369 85 27 försorg
822 369 54 21 eller
890 370 85 20 enskild

220 403 168 28 företagsamhet
403 405 14 20 å
433 407 60 18 orten
510 404 89 21 kommit
615 404 33 21 till
663 404 71 21 stånd.
752 424 6 6 ,

287 438 49 21 Med
351 438 102 22 afseende
469 440 14 20 å
497 438 56 22 hvad
570 438 91 22 sålunda
679 438 83 22 anförts
778 438 40 21 och
834 439 53 20 enär
904 439 70 27 någon

220 472 127 28 öfverhetlig
370 473 129 28 kungörelse
523 474 112 26 angående
658 473 97 22 vilkoren
772 473 33 21 för
821 473 85 28 privata
922 473 53 22 han-

219 507 130 22 delsskolors
372 508 185 27 understödjande
573 509 48 20 med
645 507 126 22 statsmedel
793 508 47 21 icke
856 510 117 23 emanerat,

220 543 33 20 får
268 543 113 25 utskottet,
397 550 46 14 som
459 543 70 21 håller
543 543 52 25 före,
612 545 33 19 att
660 545 31 19 ett
700 542 92 22 allmänt
802 542 114 22 uttalande
928 543 45 20 från

220 578 128 21 ständernas
371 578 47 21 sida
441 579 85 20 komme
549 579 33 20 att
603 577 114 28 tillgodose
740 578 27 20 de
787 577 71 26 behof,
874 585 46 14 som
944 577 31 21 uti

219 612 166 27 ifrågavarande
402 612 101 21 afseende
518 612 75 21 kunna
608 613 13 20 å
636 612 108 21 särskilda
759 614 58 19 orter
832 613 68 20 redan
919 612 54 21 före-

221 646 71 21 finnas
307 648 53 19 eller
375 647 115 21 framdeles
507 647 84 27 uppstå,
612 647 110 21 vördsamt
738 646 80 21 föreslå
832 648 34 19 att
889 646 86 21 landets

219 681 116 26 höglofliga
358 681 93 21 Ständer
473 681 49 22 ville
545 681 118 27 godkänna
686 687 26 15 en
728 681 137 26 underdånig
882 681 91 26 petition

220 716 48 20 med
284 717 36 20 det
336 715 61 28 syfte,

494 757 34 21 att
542 756 128 28 regeringen
684 757 66 21 mätte
765 756 99 28 fullfölja
876 757 100 26 systemet

427 792 35 20 att
484 791 127 28 tillräckligt
632 791 168 21 subventionera
812 792 92 25 privata
919 791 56 21 han-

425 825 122 26 delsskolor,
571 825 73 22 hvilka
667 825 99 27 befinnas
788 825 187 28 ändamålsenligt

427 860 160 27 organiserade.

290 975 126 27 Helsigfors,
432 976 25 21 af
470 976 115 21 Allmänna
600 976 200 21 Besvärsutskottet
816 976 41 20 den
874 976 27 21 23
917 976 57 20 Mars

220 1010 62 21 1891.

287 1132 36 21 Uti
340 1133 103 20 ärendets
459 1132 87 28 slutliga
554 1132 231 27 handläggning
729 1127 49 37 inom
794 1131 106 21 utskottet
912 1132 63 21 hafva

220 1167 92 27 deltagit
327 1167 146 21 ordföranden
489 1167 100 28 Ramsay,
603 1167 147 21 ledamöterne
766 1166 89 21 friherre
870 1173 41 14 von
923 1166 51 21 Wil-

220 1201 98 28 lebrand,
343 1202 24 20 K.
391 1202 25 20 G.
439 1202 19 20 J.
483 1202 126 26 Grotenfelt,
633 1201 120 27 Nordlund,
774 1200 66 28 Bäck,
858 1200 115 26 Melander,

217 1236 115 27 Bergroth,
348 1236 113 25 Sundvall,
477 1236 61 26 Lille,
555 1236 78 23 Lindh,
650 1236 93 27 Nyberg,
755 1235 91 27 Ojanen,
858 1235 116 21 Danielson

218 1271 39 20 och
275 1270 89 21 Bremer
380 1275 56 17 samt
447 1270 168 28 suppleanterne
631 1270 154 27 Wasastjerna
801 1270 39 20 och
857 1269 107 21 Punttala.

286 1482 100 18 Allmänna
398 1482 174 19 Besvärsutskottets
583 1482 111 18 betänkande
705 1482 35 18 N:o
753 1483 27 16 10.
