1073 1673
277 135 234 22 Petitionbetänkande
526 135 38 22 N:o
580 134 30 23 31.
792 138 12 19 3

70 195 62 19 vinna
147 194 78 20 inträde
240 194 6 19 i
262 195 47 18 våra
324 194 66 19 skolor
405 193 33 20 för
454 197 29 16 att
497 201 53 18 egna
564 195 32 24 sig
612 196 20 17 åt
648 194 80 25 studier,
740 198 20 23 ty
772 195 58 19 dessa

70 224 71 19 hinder
156 225 25 17 ha
196 223 64 18 under
270 223 38 18 den
319 225 66 17 senast
395 222 100 19 förflutna
505 223 55 19 tiden
570 224 111 24 aflägsnats.
707 224 48 19 Men
765 225 7 18 i
784 224 45 19 stäl-

69 255 27 18 let
110 254 36 18 har
160 252 41 19 helt
216 251 82 26 nyligen
312 253 89 24 uppstått
417 255 27 15 ett
457 251 77 26 hinder,
547 259 42 12 som
600 252 89 19 kommer
700 253 38 18 den
748 252 79 26 fattiges

69 283 51 18 barn
134 284 28 16 att
183 280 44 19 med
249 283 76 22 sorgset
346 281 57 18 sinne
418 281 68 18 vända
500 281 82 18 tillbaka
597 280 45 19 från
658 281 80 19 skolans
753 281 74 20 tröskel

69 311 30 19 till
114 311 35 19 sitt
164 309 50 20 hem.
244 309 108 19 Törhända
366 309 89 19 kommer
471 311 87 24 mången
572 309 92 20 Lönnrot
678 309 38 20 och
731 310 97 25 Agrikola

70 343 27 16 att
112 340 6 19 i
134 338 51 26 följd
200 337 22 20 af
238 337 52 20 detta
312 338 68 19 hinder
398 337 65 20 blifva
485 338 107 25 utestängd
610 337 48 20 från
673 339 38 18 den
725 339 56 19 lärda
795 340 33 18 ba-

69 375 47 13 nan.
147 368 39 18 Det
207 367 75 23 hinder,
294 366 35 26 jag
350 368 35 17 här
401 365 59 26 afser,
477 369 22 16 är
513 367 33 19 det
560 374 29 12 nu
604 367 92 25 gällande
710 368 119 25 stadgandet

70 405 32 12 om
123 394 195 27 terminsafgifterna,
341 402 43 12 som
405 396 83 25 ålägger
510 396 59 19 äfven
586 395 40 20 den
641 395 99 26 fattigaste
755 400 29 15 att
799 403 28 12 er-

68 427 60 24 lägga
149 423 141 26 terminsafgift
310 426 11 17 &
341 425 80 18 skolans
445 425 62 18 första
529 425 59 19 klass.
619 424 43 20 Och
676 425 60 19 likväl
750 425 78 19 känner

68 461 52 19 man,
136 454 54 19 huru
206 453 100 26 obetydlig
324 453 7 18 i
353 453 80 19 skolans
457 453 222 20 underhällskostnader
695 454 38 19 den
747 461 80 12 summa

68 486 28 23 är,
112 490 44 13 som
170 483 78 25 inflyter
263 488 73 19 genom
351 483 102 18 elevernas
469 481 129 26 skolafgifter.
622 482 71 19 Ehuru
704 483 32 19 det
746 484 79 25 belopp,

69 519 42 13 som
127 512 67 25 hvarje
210 512 42 18 elev
267 511 49 18 skall
331 511 86 25 erlägga,
433 511 17 24 ej
467 513 22 17 är
504 513 57 22 stort,
578 514 22 16 är
614 511 32 19 det
656 511 60 20 likväl
726 515 49 16 stort
785 519 41 18 nog

68 541 33 20 för
116 548 25 13 en
157 540 58 25 fattig
229 546 53 18 man,
296 546 43 12 som
354 540 36 18 har
405 539 50 20 fullt
474 546 41 19 upp
531 539 24 20 af
567 543 29 16 att
610 540 82 19 bekosta
706 541 30 25 sig
750 541 76 24 bostad,

68 570 47 20 föda
137 571 37 18 och
197 569 73 20 kläder.
300 569 33 18 Då
354 575 47 12 man
419 570 93 17 närmare
530 568 118 20 eftersinnar
664 569 64 19 denna
743 570 83 19 bestäm-

67 600 55 25 ning,
138 598 53 19 erfar
205 604 48 12 man
263 603 26 14 en
299 597 69 19 känsla
383 597 22 19 af
413 597 60 25 djupt
480 598 130 19 medlidande.
626 597 70 26 Enligt
711 599 113 18 densamma

68 634 48 13 vore
131 627 103 24 nämligen
249 627 38 18 den
301 625 69 26 fattige
384 627 92 18 bestämd
491 630 27 15 att
533 627 31 19 för
580 626 54 19 alltid
650 627 110 19 kvarblifva
774 627 8 19 i
795 627 31 19 sin

68 657 104 24 ställning,
188 662 46 13 men
249 656 69 18 endast
332 656 38 18 den
385 655 43 19 rike
444 655 59 19 hafva
518 658 65 23 vägen
598 658 66 23 öppen
678 656 30 19 till
718 657 61 24 högre
790 656 37 19 lär-

68 686 45 20 dom
136 685 102 19 äfvensom
257 684 30 19 till
302 684 221 25 tjenstemannabanan.
553 685 47 19 Den
621 685 111 19 önskvärda
749 686 78 18 ständs-

69 714 147 20 cirkulationen
235 720 47 12 vore
300 713 85 19 sålunda
401 713 46 19 icke
463 713 76 25 möjlig,
554 716 21 23 ty
590 714 38 18 den
644 720 28 12 nu
687 714 92 25 gällande
794 715 32 18 be-

68 744 127 24 stämningen
214 748 58 20 synes
290 744 73 22 utgöra
382 743 23 17 sä
425 744 28 16 att
476 744 49 23 säga
543 749 25 12 en
586 742 102 25 skiljemur
703 743 84 19 emellan
802 743 24 19 de

68 772 54 19 olika
143 770 199 21 samhällsklasserna.
379 770 33 19 Då
434 770 62 20 likväl
517 772 94 18 nutidens
632 772 105 18 teoretiska
759 772 66 18 ständ-

67 801 65 25 punkt
150 801 7 18 i
172 800 107 19 allmänhet
294 799 17 25 ej
327 799 116 25 godkänner
459 806 26 12 en
505 800 101 25 skiljemur
625 799 23 19 af
664 800 52 20 detta
730 800 43 25 slag
788 801 37 19 och

65 832 55 17 ännu
136 829 76 20 mindre
228 828 42 20 skäl
285 828 106 20 förefinnes
409 830 30 17 att
461 831 78 23 antaga,
559 829 33 19 det
609 829 119 19 hedervärda
743 829 81 19 Bonde-

65 859 78 19 ståndet
160 857 64 20 skulle
240 857 106 26 godkänna
361 863 25 13 en
402 857 70 25 sådan,
489 859 61 24 vågar
561 858 36 25 jag
612 858 115 25 ödmjukast
741 858 86 25 utbedja

64 888 41 25 mig
120 887 121 20 hedervärda
255 886 158 19 Bondeståndets
429 887 87 18 medhåll
531 887 29 18 till
576 887 33 18 det
624 887 157 25 önskningsmål,
794 889 31 18 att

64 917 62 25 ingen
141 915 33 20 för
188 915 115 25 fattigdoms
318 915 52 19 skull
385 916 62 18 måtte
462 917 117 23 utestängas
594 915 47 19 från
655 916 64 25 lyceer
733 919 52 16 samt
796 919 28 16 att

64 945 136 26 friplatsernas
223 945 55 18 antal
300 944 16 25 ej
340 949 37 14 ens
398 945 11 17 å
428 944 25 19 de
468 945 61 24 högre
544 944 102 19 klasserna
660 945 52 25 finge
727 951 49 13 vara
790 945 32 19 be-

64 974 101 25 gränsadt.
197 973 39 25 Jag
257 971 85 21 föreslår
359 972 88 19 sålunda
461 975 28 16 att
504 973 78 19 ståndet
597 973 47 19 ville
659 972 69 21 förena
742 974 31 25 sig
789 980 32 13 om

66 1009 26 14 en
105 1003 84 26 petition
204 1002 31 19 till
250 1001 58 20 Hans
323 1001 113 26 Kejserliga
451 1001 95 26 Majestät
560 1002 7 19 i
583 1001 51 26 syfte

340 1049 30 18 att
390 1048 57 24 ingen
467 1048 34 24 för
515 1047 115 26 fattigdoms
644 1048 51 20 skull
708 1048 60 20 måtte
782 1050 38 18 ute-

272 1077 79 24 stängas
366 1076 49 25 från
431 1076 74 20 landets
521 1077 67 24 lyceer,
603 1077 83 24 hvarför
701 1077 35 20 den
751 1077 74 25 obliga-

272 1105 74 20 toriska
366 1105 165 25 terminsafgiften
549 1105 13 20 å
576 1106 98 24 lyceernas
688 1106 65 24 första
767 1106 57 20 klass

272 1134 58 20 borde
350 1133 100 25 afskaffas
466 1134 33 19 och
513 1134 140 25 friplatsernas
668 1135 54 20 antal
736 1135 58 24 äfven
812 1135 12 20 å

274 1163 22 20 de
310 1163 58 25 högre
382 1163 105 20 klasserna
500 1169 50 14 vara
566 1163 133 25 obegränsadt.

139 1209 127 27 Helsingfors
282 1210 40 20 den
338 1209 27 21 26
380 1209 89 21 Januari
486 1210 62 20 1891.

622 1255 21 23 J.
658 1254 104 22 Koivisto.

512 1290 112 16 Representant
632 1289 24 14 för
664 1290 78 13 Ilomants'
752 1289 81 16 domsaga.

134 1489 100 19 Allmänna
246 1490 179 18 Besvärsutskottets
437 1489 111 19 betänkande
560 1490 34 18 N:o
606 1490 30 18 24.
