<?xml version="1.0" encoding="UTF-8"?>
<alto xmlns="http://www.loc.gov/standards/alto/ns-v3#" xmlns:xlink="http://www.w3.org/1999/xlink" xmlns:xsi="http://www.w3.org/2001/XMLSchema-instance" xsi:schemaLocation="http://www.loc.gov/standards/alto/ns-v3# http://www.loc.gov/alto/v3/alto-3-0.xsd">
	<Description>
		<MeasurementUnit>pixel</MeasurementUnit>
		<sourceImageInformation>
			<fileName>/tmp/tess_midvbel1_input.PNG</fileName>
		</sourceImageInformation>
		<OCRProcessing ID="OCR_0">
			<ocrProcessingStep>
				<processingSoftware>
					<softwareName>tesseract 5.3.4</softwareName>
				</processingSoftware>
			</ocrProcessingStep>
		</OCRProcessing>
	</Description>
	<Layout>
		<Page WIDTH="1064" HEIGHT="1675" PHYSICAL_IMG_NR="0" ID="page_0">
			<PrintSpace HPOS="0" VPOS="0" WIDTH="1064" HEIGHT="1675">
				<ComposedBlock ID="cblock_0" HPOS="299" VPOS="138" WIDTH="531" HEIGHT="24">
					<TextBlock ID="block_0" HPOS="299" VPOS="138" WIDTH="531" HEIGHT="24">
						<TextLine ID="line_0" HPOS="299" VPOS="138" WIDTH="531" HEIGHT="24">
							<String ID="string_0" HPOS="299" VPOS="138" WIDTH="262" HEIGHT="23" WC="0.89" CONTENT="Motionsbetänkande"/><SP WIDTH="15" VPOS="138" HPOS="561"/>
							<String ID="string_1" HPOS="576" VPOS="139" WIDTH="46" HEIGHT="23" WC="0.96" CONTENT="N:o"/><SP WIDTH="16" VPOS="139" HPOS="622"/>
							<String ID="string_2" HPOS="638" VPOS="140" WIDTH="22" HEIGHT="22" WC="0.96" CONTENT="3."/><SP WIDTH="157" VPOS="140" HPOS="660"/>
							<String ID="string_3" HPOS="817" VPOS="140" WIDTH="13" HEIGHT="20" WC="0.96" CONTENT="5"/>
						</TextLine>
					</TextBlock>
				</ComposedBlock>
				<ComposedBlock ID="cblock_1" HPOS="520" VPOS="204" WIDTH="60" HEIGHT="23">
					<TextBlock ID="block_1" HPOS="520" VPOS="204" WIDTH="60" HEIGHT="23">
						<TextLine ID="line_1" HPOS="520" VPOS="204" WIDTH="60" HEIGHT="23">
							<String ID="string_4" HPOS="520" VPOS="204" WIDTH="10" HEIGHT="23" WC="0.88" CONTENT="8"/><SP WIDTH="18" VPOS="204" HPOS="530"/>
							<String ID="string_5" HPOS="548" VPOS="204" WIDTH="32" HEIGHT="19" WC="0.95" CONTENT="17."/>
						</TextLine>
					</TextBlock>
				</ComposedBlock>
				<ComposedBlock ID="cblock_2" HPOS="237" VPOS="248" WIDTH="622" HEIGHT="799">
					<TextBlock ID="block_2" HPOS="240" VPOS="248" WIDTH="619" HEIGHT="193">
						<TextLine ID="line_2" HPOS="308" VPOS="248" WIDTH="551" HEIGHT="26">
							<String ID="string_6" HPOS="308" VPOS="248" WIDTH="76" HEIGHT="21" WC="0.90" CONTENT="Redare"/><SP WIDTH="15" VPOS="248" HPOS="384"/>
							<String ID="string_7" HPOS="399" VPOS="255" WIDTH="45" HEIGHT="13" WC="0.93" CONTENT="vare"/><SP WIDTH="16" VPOS="255" HPOS="444"/>
							<String ID="string_8" HPOS="460" VPOS="249" WIDTH="70" HEIGHT="25" WC="0.90" CONTENT="pliktig"/><SP WIDTH="15" VPOS="249" HPOS="530"/>
							<String ID="string_9" HPOS="545" VPOS="251" WIDTH="29" HEIGHT="18" WC="0.96" CONTENT="att"/><SP WIDTH="15" VPOS="251" HPOS="574"/>
							<String ID="string_10" HPOS="589" VPOS="250" WIDTH="127" HEIGHT="24" WC="0.96" CONTENT="personligen"/><SP WIDTH="15" VPOS="250" HPOS="716"/>
							<String ID="string_11" HPOS="731" VPOS="256" WIDTH="84" HEIGHT="13" WC="0.96" CONTENT="ansvara"/><SP WIDTH="15" VPOS="256" HPOS="815"/>
							<String ID="string_12" HPOS="830" VPOS="250" WIDTH="29" HEIGHT="19" WC="0.96" CONTENT="för"/>
						</TextLine>
						<TextLine ID="line_3" HPOS="240" VPOS="277" WIDTH="619" HEIGHT="26">
							<String ID="string_13" HPOS="240" VPOS="277" WIDTH="38" HEIGHT="19" WC="0.96" CONTENT="alla"/><SP WIDTH="22" VPOS="277" HPOS="278"/>
							<String ID="string_14" HPOS="300" VPOS="277" WIDTH="24" HEIGHT="19" WC="0.96" CONTENT="de"/><SP WIDTH="22" VPOS="277" HPOS="324"/>
							<String ID="string_15" HPOS="346" VPOS="277" WIDTH="134" HEIGHT="25" WC="0.94" CONTENT="förbindelser,"/><SP WIDTH="22" VPOS="277" HPOS="480"/>
							<String ID="string_16" HPOS="502" VPOS="284" WIDTH="43" HEIGHT="13" WC="0.93" CONTENT="som"/><SP WIDTH="15" VPOS="284" HPOS="545"/>
							<String ID="string_17" HPOS="560" VPOS="277" WIDTH="52" HEIGHT="26" WC="0.92" CONTENT="angå"/><SP WIDTH="15" VPOS="277" HPOS="612"/>
							<String ID="string_18" HPOS="627" VPOS="278" WIDTH="88" HEIGHT="25" WC="0.96" CONTENT="fartyget"/><SP WIDTH="15" VPOS="278" HPOS="715"/>
							<String ID="string_19" HPOS="730" VPOS="278" WIDTH="37" HEIGHT="19" WC="0.96" CONTENT="och"/><SP WIDTH="14" VPOS="278" HPOS="767"/>
							<String ID="string_20" HPOS="781" VPOS="278" WIDTH="78" HEIGHT="25" WC="0.95" CONTENT="grunda"/>
						</TextLine>
						<TextLine ID="line_4" HPOS="242" VPOS="305" WIDTH="617" HEIGHT="26">
							<String ID="string_21" HPOS="242" VPOS="305" WIDTH="30" HEIGHT="25" WC="0.96" CONTENT="sig"/><SP WIDTH="22" VPOS="305" HPOS="272"/>
							<String ID="string_22" HPOS="294" VPOS="305" WIDTH="25" HEIGHT="25" WC="0.95" CONTENT="på"/><SP WIDTH="21" VPOS="305" HPOS="319"/>
							<String ID="string_23" HPOS="340" VPOS="306" WIDTH="51" HEIGHT="19" WC="0.95" CONTENT="hans"/><SP WIDTH="23" VPOS="306" HPOS="391"/>
							<String ID="string_24" HPOS="414" VPOS="308" WIDTH="44" HEIGHT="23" WC="0.93" CONTENT="eget"/><SP WIDTH="18" VPOS="308" HPOS="458"/>
							<String ID="string_25" HPOS="476" VPOS="307" WIDTH="52" HEIGHT="24" WC="0.91" CONTENT="aftal,"/><SP WIDTH="16" VPOS="307" HPOS="528"/>
							<String ID="string_26" HPOS="544" VPOS="307" WIDTH="102" HEIGHT="24" WC="0.96" CONTENT="samtycke"/><SP WIDTH="15" VPOS="307" HPOS="646"/>
							<String ID="string_27" HPOS="661" VPOS="307" WIDTH="47" HEIGHT="19" WC="0.95" CONTENT="eller"/><SP WIDTH="16" VPOS="307" HPOS="708"/>
							<String ID="string_28" HPOS="724" VPOS="306" WIDTH="96" HEIGHT="25" WC="0.96" CONTENT="vållande,"/><SP WIDTH="16" VPOS="306" HPOS="820"/>
							<String ID="string_29" HPOS="836" VPOS="306" WIDTH="23" HEIGHT="20" WC="0.96" CONTENT="så"/>
						</TextLine>
						<TextLine ID="line_5" HPOS="242" VPOS="334" WIDTH="615" HEIGHT="26">
							<String ID="string_30" HPOS="242" VPOS="334" WIDTH="35" HEIGHT="19" WC="0.96" CONTENT="ock"/><SP WIDTH="22" VPOS="334" HPOS="277"/>
							<String ID="string_31" HPOS="299" VPOS="334" WIDTH="29" HEIGHT="19" WC="0.96" CONTENT="för"/><SP WIDTH="21" VPOS="334" HPOS="328"/>
							<String ID="string_32" HPOS="349" VPOS="335" WIDTH="128" HEIGHT="25" WC="0.96" CONTENT="betalningen"/><SP WIDTH="19" VPOS="335" HPOS="477"/>
							<String ID="string_33" HPOS="496" VPOS="335" WIDTH="20" HEIGHT="19" WC="0.96" CONTENT="af"/><SP WIDTH="19" VPOS="335" HPOS="516"/>
							<String ID="string_34" HPOS="535" VPOS="335" WIDTH="33" HEIGHT="20" WC="0.96" CONTENT="lön"/><SP WIDTH="21" VPOS="335" HPOS="568"/>
							<String ID="string_35" HPOS="589" VPOS="335" WIDTH="21" HEIGHT="19" WC="0.92" CONTENT="åt"/><SP WIDTH="18" VPOS="335" HPOS="610"/>
							<String ID="string_36" HPOS="628" VPOS="335" WIDTH="130" HEIGHT="20" WC="0.91" CONTENT="befälhafvare"/><SP WIDTH="15" VPOS="335" HPOS="758"/>
							<String ID="string_37" HPOS="773" VPOS="335" WIDTH="37" HEIGHT="19" WC="0.91" CONTENT="och"/><SP WIDTH="15" VPOS="335" HPOS="810"/>
							<String ID="string_38" HPOS="825" VPOS="336" WIDTH="32" HEIGHT="19" WC="0.90" CONTENT="be-"/>
						</TextLine>
						<TextLine ID="line_6" HPOS="241" VPOS="359" WIDTH="617" HEIGHT="30">
							<String ID="string_39" HPOS="241" VPOS="363" WIDTH="94" HEIGHT="25" WC="0.91" CONTENT="sättning."/><SP WIDTH="30" VPOS="363" HPOS="335"/>
							<String ID="string_40" HPOS="365" VPOS="359" WIDTH="96" HEIGHT="30" WC="0.89" CONTENT="Öfvergår"/><SP WIDTH="15" VPOS="359" HPOS="461"/>
							<String ID="string_41" HPOS="476" VPOS="363" WIDTH="66" HEIGHT="26" WC="0.96" CONTENT="fartyg"/><SP WIDTH="15" VPOS="363" HPOS="542"/>
							<String ID="string_42" HPOS="557" VPOS="364" WIDTH="47" HEIGHT="19" WC="0.93" CONTENT="eller"/><SP WIDTH="15" VPOS="364" HPOS="604"/>
							<String ID="string_43" HPOS="619" VPOS="364" WIDTH="110" HEIGHT="25" WC="0.92" CONTENT="fartygsdel"/><SP WIDTH="15" VPOS="364" HPOS="729"/>
							<String ID="string_44" HPOS="744" VPOS="364" WIDTH="31" HEIGHT="21" WC="0.96" CONTENT="till"/><SP WIDTH="12" VPOS="364" HPOS="775"/>
							<String ID="string_45" HPOS="787" VPOS="370" WIDTH="71" HEIGHT="16" WC="0.96" CONTENT="annan,"/>
						</TextLine>
						<TextLine ID="line_7" HPOS="240" VPOS="391" WIDTH="617" HEIGHT="26">
							<String ID="string_46" HPOS="240" VPOS="397" WIDTH="46" HEIGHT="14" WC="0.96" CONTENT="vare"/><SP WIDTH="14" VPOS="397" HPOS="286"/>
							<String ID="string_47" HPOS="300" VPOS="391" WIDTH="51" HEIGHT="20" WC="0.93" CONTENT="förre"/><SP WIDTH="14" VPOS="391" HPOS="351"/>
							<String ID="string_48" HPOS="365" VPOS="399" WIDTH="72" HEIGHT="18" WC="0.92" CONTENT="egaren"/><SP WIDTH="15" VPOS="399" HPOS="437"/>
							<String ID="string_49" HPOS="452" VPOS="392" WIDTH="42" HEIGHT="19" WC="0.96" CONTENT="icke"/><SP WIDTH="15" VPOS="392" HPOS="494"/>
							<String ID="string_50" HPOS="509" VPOS="393" WIDTH="115" HEIGHT="24" WC="0.96" CONTENT="därigenom"/><SP WIDTH="14" VPOS="393" HPOS="624"/>
							<String ID="string_51" HPOS="638" VPOS="393" WIDTH="74" HEIGHT="19" WC="0.94" CONTENT="befriad"/><SP WIDTH="15" VPOS="393" HPOS="712"/>
							<String ID="string_52" HPOS="727" VPOS="392" WIDTH="43" HEIGHT="19" WC="0.92" CONTENT="från"/><SP WIDTH="16" VPOS="392" HPOS="770"/>
							<String ID="string_53" HPOS="786" VPOS="393" WIDTH="71" HEIGHT="19" WC="0.92" CONTENT="förbin-"/>
						</TextLine>
						<TextLine ID="line_8" HPOS="240" VPOS="420" WIDTH="372" HEIGHT="21">
							<String ID="string_54" HPOS="240" VPOS="420" WIDTH="64" HEIGHT="19" WC="0.90" CONTENT="delser"/><SP WIDTH="15" VPOS="420" HPOS="304"/>
							<String ID="string_55" HPOS="319" VPOS="421" WIDTH="19" HEIGHT="18" WC="0.96" CONTENT="af"/><SP WIDTH="15" VPOS="421" HPOS="338"/>
							<String ID="string_56" HPOS="353" VPOS="427" WIDTH="28" HEIGHT="13" WC="0.92" CONTENT="nu"/><SP WIDTH="15" VPOS="427" HPOS="381"/>
							<String ID="string_57" HPOS="396" VPOS="421" WIDTH="60" HEIGHT="20" WC="0.92" CONTENT="nämd"/><SP WIDTH="15" VPOS="421" HPOS="456"/>
							<String ID="string_58" HPOS="471" VPOS="421" WIDTH="141" HEIGHT="20" WC="0.95" CONTENT="beskaffenhet."/>
						</TextLine>
					</TextBlock>
					<TextBlock ID="block_3" HPOS="240" VPOS="449" WIDTH="618" HEIGHT="341">
						<TextLine ID="line_9" HPOS="308" VPOS="449" WIDTH="549" HEIGHT="26">
							<String ID="string_59" HPOS="308" VPOS="449" WIDTH="36" HEIGHT="20" WC="0.93" CONTENT="För"/><SP WIDTH="14" VPOS="449" HPOS="344"/>
							<String ID="string_60" HPOS="358" VPOS="449" WIDTH="128" HEIGHT="25" WC="0.91" CONTENT="bodmerilån,"/><SP WIDTH="15" VPOS="449" HPOS="486"/>
							<String ID="string_61" HPOS="501" VPOS="450" WIDTH="137" HEIGHT="25" WC="0.91" CONTENT="haveribidrag"/><SP WIDTH="14" VPOS="450" HPOS="638"/>
							<String ID="string_62" HPOS="652" VPOS="450" WIDTH="37" HEIGHT="19" WC="0.96" CONTENT="och"/><SP WIDTH="15" VPOS="450" HPOS="689"/>
							<String ID="string_63" HPOS="704" VPOS="451" WIDTH="49" HEIGHT="18" WC="0.93" CONTENT="utan"/><SP WIDTH="12" VPOS="451" HPOS="753"/>
							<String ID="string_64" HPOS="765" VPOS="450" WIDTH="92" HEIGHT="19" WC="0.90" CONTENT="redarens"/>
						</TextLine>
						<TextLine ID="line_10" HPOS="240" VPOS="477" WIDTH="618" HEIGHT="26">
							<String ID="string_65" HPOS="240" VPOS="479" WIDTH="45" HEIGHT="23" WC="0.92" CONTENT="eget"/><SP WIDTH="23" VPOS="479" HPOS="285"/>
							<String ID="string_66" HPOS="308" VPOS="477" WIDTH="117" HEIGHT="26" WC="0.89" CONTENT="tillgörande"/><SP WIDTH="25" VPOS="477" HPOS="425"/>
							<String ID="string_67" HPOS="450" VPOS="478" WIDTH="105" HEIGHT="20" WC="0.92" CONTENT="äsamkade"/><SP WIDTH="22" VPOS="478" HPOS="555"/>
							<String ID="string_68" HPOS="577" VPOS="479" WIDTH="107" HEIGHT="19" WC="0.96" CONTENT="kostnader"/><SP WIDTH="21" VPOS="479" HPOS="684"/>
							<String ID="string_69" HPOS="705" VPOS="479" WIDTH="30" HEIGHT="19" WC="0.93" CONTENT="för"/><SP WIDTH="20" VPOS="479" HPOS="735"/>
							<String ID="string_70" HPOS="755" VPOS="479" WIDTH="103" HEIGHT="24" WC="0.92" CONTENT="bergning,"/>
						</TextLine>
						<TextLine ID="line_11" HPOS="241" VPOS="506" WIDTH="616" HEIGHT="26">
							<String ID="string_71" HPOS="241" VPOS="508" WIDTH="51" HEIGHT="17" WC="0.96" CONTENT="samt"/><SP WIDTH="20" VPOS="508" HPOS="292"/>
							<String ID="string_72" HPOS="312" VPOS="506" WIDTH="29" HEIGHT="19" WC="0.96" CONTENT="för"/><SP WIDTH="14" VPOS="506" HPOS="341"/>
							<String ID="string_73" HPOS="355" VPOS="507" WIDTH="113" HEIGHT="25" WC="0.95" CONTENT="ersättning"/><SP WIDTH="14" VPOS="507" HPOS="468"/>
							<String ID="string_74" HPOS="482" VPOS="507" WIDTH="19" HEIGHT="19" WC="0.96" CONTENT="af"/><SP WIDTH="15" VPOS="507" HPOS="501"/>
							<String ID="string_75" HPOS="516" VPOS="507" WIDTH="60" HEIGHT="20" WC="0.96" CONTENT="skada"/><SP WIDTH="15" VPOS="507" HPOS="576"/>
							<String ID="string_76" HPOS="591" VPOS="513" WIDTH="72" HEIGHT="19" WC="0.93" CONTENT="genom"/><SP WIDTH="15" VPOS="513" HPOS="663"/>
							<String ID="string_77" HPOS="678" VPOS="507" WIDTH="113" HEIGHT="25" WC="0.88" CONTENT="bristfälligt"/><SP WIDTH="16" VPOS="507" HPOS="791"/>
							<String ID="string_78" HPOS="807" VPOS="513" WIDTH="50" HEIGHT="19" WC="0.92" CONTENT="upp-"/>
						</TextLine>
						<TextLine ID="line_12" HPOS="240" VPOS="535" WIDTH="617" HEIGHT="26">
							<String ID="string_79" HPOS="240" VPOS="535" WIDTH="87" HEIGHT="25" WC="0.92" CONTENT="fyllande"/><SP WIDTH="22" VPOS="535" HPOS="327"/>
							<String ID="string_80" HPOS="349" VPOS="535" WIDTH="19" HEIGHT="19" WC="0.93" CONTENT="af"/><SP WIDTH="22" VPOS="535" HPOS="368"/>
							<String ID="string_81" HPOS="390" VPOS="535" WIDTH="100" HEIGHT="20" WC="0.93" CONTENT="fraktaftal"/><SP WIDTH="14" VPOS="535" HPOS="490"/>
							<String ID="string_82" HPOS="504" VPOS="536" WIDTH="48" HEIGHT="19" WC="0.89" CONTENT="eller"/><SP WIDTH="16" VPOS="536" HPOS="552"/>
							<String ID="string_83" HPOS="568" VPOS="536" WIDTH="179" HEIGHT="25" WC="0.92" CONTENT="sammanstötning"/><SP WIDTH="16" VPOS="536" HPOS="747"/>
							<String ID="string_84" HPOS="763" VPOS="536" WIDTH="44" HEIGHT="19" WC="0.93" CONTENT="med"/><SP WIDTH="16" VPOS="536" HPOS="807"/>
							<String ID="string_85" HPOS="823" VPOS="542" WIDTH="34" HEIGHT="13" WC="0.92" CONTENT="an-"/>
						</TextLine>
						<TextLine ID="line_13" HPOS="240" VPOS="564" WIDTH="617" HEIGHT="26">
							<String ID="string_86" HPOS="240" VPOS="565" WIDTH="34" HEIGHT="17" WC="0.92" CONTENT="nat"/><SP WIDTH="22" VPOS="565" HPOS="274"/>
							<String ID="string_87" HPOS="296" VPOS="564" WIDTH="71" HEIGHT="25" WC="0.95" CONTENT="fartyg,"/><SP WIDTH="23" VPOS="564" HPOS="367"/>
							<String ID="string_88" HPOS="390" VPOS="570" WIDTH="44" HEIGHT="14" WC="0.91" CONTENT="som"/><SP WIDTH="22" VPOS="570" HPOS="434"/>
							<String ID="string_89" HPOS="456" VPOS="564" WIDTH="130" HEIGHT="20" WC="0.78" CONTENT="befälhafvare"/><SP WIDTH="14" VPOS="564" HPOS="586"/>
							<String ID="string_90" HPOS="600" VPOS="565" WIDTH="48" HEIGHT="19" WC="0.93" CONTENT="eller"/><SP WIDTH="14" VPOS="565" HPOS="648"/>
							<String ID="string_91" HPOS="662" VPOS="565" WIDTH="115" HEIGHT="25" WC="0.96" CONTENT="besättning"/><SP WIDTH="14" VPOS="565" HPOS="777"/>
							<String ID="string_92" HPOS="791" VPOS="564" WIDTH="66" HEIGHT="22" WC="0.94" CONTENT="vållat,"/>
						</TextLine>
						<TextLine ID="line_14" HPOS="240" VPOS="592" WIDTH="617" HEIGHT="26">
							<String ID="string_93" HPOS="240" VPOS="592" WIDTH="102" HEIGHT="20" WC="0.92" CONTENT="äfvensom"/><SP WIDTH="15" VPOS="592" HPOS="342"/>
							<String ID="string_94" HPOS="357" VPOS="593" WIDTH="29" HEIGHT="19" WC="0.96" CONTENT="för"/><SP WIDTH="14" VPOS="593" HPOS="386"/>
							<String ID="string_95" HPOS="400" VPOS="593" WIDTH="62" HEIGHT="19" WC="0.93" CONTENT="andra"/><SP WIDTH="15" VPOS="593" HPOS="462"/>
							<String ID="string_96" HPOS="477" VPOS="594" WIDTH="134" HEIGHT="19" WC="0.91" CONTENT="förbindelser,"/><SP WIDTH="19" VPOS="594" HPOS="611"/>
							<String ID="string_97" HPOS="630" VPOS="594" WIDTH="67" HEIGHT="18" WC="0.93" CONTENT="hvilka"/><SP WIDTH="15" VPOS="594" HPOS="697"/>
							<String ID="string_98" HPOS="712" VPOS="594" WIDTH="59" HEIGHT="19" WC="0.93" CONTENT="desse"/><SP WIDTH="15" VPOS="594" HPOS="771"/>
							<String ID="string_99" HPOS="786" VPOS="599" WIDTH="71" HEIGHT="19" WC="0.96" CONTENT="genom"/>
						</TextLine>
						<TextLine ID="line_15" HPOS="240" VPOS="621" WIDTH="617" HEIGHT="26">
							<String ID="string_100" HPOS="240" VPOS="621" WIDTH="26" HEIGHT="19" WC="0.95" CONTENT="fel"/><SP WIDTH="15" VPOS="621" HPOS="266"/>
							<String ID="string_101" HPOS="281" VPOS="621" WIDTH="6" HEIGHT="19" WC="0.96" CONTENT="i"/><SP WIDTH="15" VPOS="621" HPOS="287"/>
							<String ID="string_102" HPOS="302" VPOS="621" WIDTH="86" HEIGHT="25" WC="0.93" CONTENT="tjänsten"/><SP WIDTH="16" VPOS="621" HPOS="388"/>
							<String ID="string_103" HPOS="404" VPOS="622" WIDTH="77" HEIGHT="25" WC="0.92" CONTENT="ädragit"/><SP WIDTH="14" VPOS="622" HPOS="481"/>
							<String ID="string_104" HPOS="495" VPOS="622" WIDTH="87" HEIGHT="24" WC="0.93" CONTENT="redaren,"/><SP WIDTH="15" VPOS="622" HPOS="582"/>
							<String ID="string_105" HPOS="597" VPOS="622" WIDTH="47" HEIGHT="20" WC="0.93" CONTENT="eller"/><SP WIDTH="10" VPOS="622" HPOS="644"/>
							<String ID="string_106" HPOS="654" VPOS="622" WIDTH="144" HEIGHT="20" WC="0.93" CONTENT="befälhafvaren"/><SP WIDTH="10" VPOS="622" HPOS="798"/>
							<String ID="string_107" HPOS="808" VPOS="622" WIDTH="6" HEIGHT="19" WC="0.93" CONTENT="i"/><SP WIDTH="11" VPOS="622" HPOS="814"/>
							<String ID="string_108" HPOS="825" VPOS="622" WIDTH="32" HEIGHT="19" WC="0.93" CONTENT="sä-"/>
						</TextLine>
						<TextLine ID="line_16" HPOS="240" VPOS="650" WIDTH="617" HEIGHT="26">
							<String ID="string_109" HPOS="240" VPOS="650" WIDTH="38" HEIGHT="19" WC="0.93" CONTENT="dan"/><SP WIDTH="17" VPOS="650" HPOS="278"/>
							<String ID="string_110" HPOS="295" VPOS="650" WIDTH="107" HEIGHT="26" WC="0.93" CONTENT="egenskap,"/><SP WIDTH="17" VPOS="650" HPOS="402"/>
							<String ID="string_111" HPOS="419" VPOS="652" WIDTH="49" HEIGHT="18" WC="0.93" CONTENT="utan"/><SP WIDTH="16" VPOS="652" HPOS="468"/>
							<String ID="string_112" HPOS="484" VPOS="651" WIDTH="92" HEIGHT="19" WC="0.92" CONTENT="redarens"/><SP WIDTH="16" VPOS="651" HPOS="576"/>
							<String ID="string_113" HPOS="592" VPOS="651" WIDTH="96" HEIGHT="19" WC="0.93" CONTENT="särskilda"/><SP WIDTH="16" VPOS="651" HPOS="688"/>
							<String ID="string_114" HPOS="704" VPOS="651" WIDTH="107" HEIGHT="25" WC="0.92" CONTENT="samtycke,"/><SP WIDTH="16" VPOS="651" HPOS="811"/>
							<String ID="string_115" HPOS="827" VPOS="650" WIDTH="30" HEIGHT="20" WC="0.92" CONTENT="in-"/>
						</TextLine>
						<TextLine ID="line_17" HPOS="240" VPOS="678" WIDTH="617" HEIGHT="29">
							<String ID="string_116" HPOS="240" VPOS="678" WIDTH="148" HEIGHT="25" WC="0.48" CONTENT="gätt,iansvaro"/><SP WIDTH="15" VPOS="678" HPOS="388"/>
							<String ID="string_117" HPOS="403" VPOS="679" WIDTH="65" HEIGHT="19" WC="0.96" CONTENT="denne"/><SP WIDTH="15" VPOS="679" HPOS="468"/>
							<String ID="string_118" HPOS="483" VPOS="680" WIDTH="71" HEIGHT="19" WC="0.96" CONTENT="endast"/><SP WIDTH="15" VPOS="680" HPOS="554"/>
							<String ID="string_119" HPOS="569" VPOS="680" WIDTH="43" HEIGHT="19" WC="0.93" CONTENT="med"/><SP WIDTH="17" VPOS="680" HPOS="612"/>
							<String ID="string_120" HPOS="629" VPOS="680" WIDTH="66" HEIGHT="27" WC="0.96" CONTENT="fartyg"/><SP WIDTH="15" VPOS="680" HPOS="695"/>
							<String ID="string_121" HPOS="710" VPOS="680" WIDTH="37" HEIGHT="19" WC="0.92" CONTENT="och"/><SP WIDTH="15" VPOS="680" HPOS="747"/>
							<String ID="string_122" HPOS="762" VPOS="680" WIDTH="57" HEIGHT="24" WC="0.96" CONTENT="frakt,"/><SP WIDTH="16" VPOS="680" HPOS="819"/>
							<String ID="string_123" HPOS="835" VPOS="679" WIDTH="22" HEIGHT="19" WC="0.97" CONTENT="sä"/>
						</TextLine>
						<TextLine ID="line_18" HPOS="240" VPOS="707" WIDTH="617" HEIGHT="26">
							<String ID="string_124" HPOS="240" VPOS="707" WIDTH="56" HEIGHT="25" WC="0.93" CONTENT="långt"/><SP WIDTH="20" VPOS="707" HPOS="296"/>
							<String ID="string_125" HPOS="316" VPOS="708" WIDTH="46" HEIGHT="24" WC="0.92" CONTENT="gäld"/><SP WIDTH="18" VPOS="708" HPOS="362"/>
							<String ID="string_126" HPOS="380" VPOS="708" WIDTH="79" HEIGHT="19" WC="0.93" CONTENT="därmed"/><SP WIDTH="16" VPOS="708" HPOS="459"/>
							<String ID="string_127" HPOS="475" VPOS="708" WIDTH="74" HEIGHT="20" WC="0.95" CONTENT="betalas"/><SP WIDTH="16" VPOS="708" HPOS="549"/>
							<String ID="string_128" HPOS="565" VPOS="708" WIDTH="43" HEIGHT="19" WC="0.96" CONTENT="kan."/><SP WIDTH="31" VPOS="708" HPOS="608"/>
							<String ID="string_129" HPOS="639" VPOS="709" WIDTH="27" HEIGHT="18" WC="0.92" CONTENT="År"/><SP WIDTH="14" VPOS="709" HPOS="666"/>
							<String ID="string_130" HPOS="680" VPOS="708" WIDTH="88" HEIGHT="25" WC="0.93" CONTENT="fartyget"/><SP WIDTH="15" VPOS="708" HPOS="768"/>
							<String ID="string_131" HPOS="783" VPOS="708" WIDTH="74" HEIGHT="20" WC="0.93" CONTENT="försäk-"/>
						</TextLine>
						<TextLine ID="line_19" HPOS="240" VPOS="736" WIDTH="616" HEIGHT="26">
							<String ID="string_132" HPOS="240" VPOS="736" WIDTH="48" HEIGHT="24" WC="0.93" CONTENT="radt,"/><SP WIDTH="10" VPOS="736" HPOS="288"/>
							<String ID="string_133" HPOS="298" VPOS="742" WIDTH="59" HEIGHT="13" WC="0.93" CONTENT="anses"/><SP WIDTH="8" VPOS="742" HPOS="357"/>
							<String ID="string_134" HPOS="365" VPOS="736" WIDTH="17" HEIGHT="25" WC="0.93" CONTENT="ej"/><SP WIDTH="11" VPOS="736" HPOS="382"/>
							<String ID="string_135" HPOS="393" VPOS="736" WIDTH="131" HEIGHT="26" WC="0.92" CONTENT="godtgörelse,"/><SP WIDTH="9" VPOS="736" HPOS="524"/>
							<String ID="string_136" HPOS="533" VPOS="743" WIDTH="43" HEIGHT="13" WC="0.92" CONTENT="som"/><SP WIDTH="11" VPOS="743" HPOS="576"/>
							<String ID="string_137" HPOS="587" VPOS="737" WIDTH="197" HEIGHT="25" WC="0.92" CONTENT="försäkringsgifvare"/><SP WIDTH="10" VPOS="737" HPOS="784"/>
							<String ID="string_138" HPOS="794" VPOS="737" WIDTH="62" HEIGHT="25" WC="0.93" CONTENT="erläg-"/>
						</TextLine>
						<TextLine ID="line_20" HPOS="240" VPOS="764" WIDTH="473" HEIGHT="26">
							<String ID="string_139" HPOS="240" VPOS="770" WIDTH="39" HEIGHT="19" WC="0.95" CONTENT="ger,"/><SP WIDTH="15" VPOS="770" HPOS="279"/>
							<String ID="string_140" HPOS="294" VPOS="765" WIDTH="63" HEIGHT="19" WC="0.93" CONTENT="under"/><SP WIDTH="15" VPOS="765" HPOS="357"/>
							<String ID="string_141" HPOS="372" VPOS="764" WIDTH="63" HEIGHT="20" WC="0.93" CONTENT="sädan"/><SP WIDTH="15" VPOS="764" HPOS="435"/>
							<String ID="string_142" HPOS="450" VPOS="766" WIDTH="128" HEIGHT="24" WC="0.92" CONTENT="ansvarighet"/><SP WIDTH="14" VPOS="766" HPOS="578"/>
							<String ID="string_143" HPOS="592" VPOS="766" WIDTH="121" HEIGHT="24" WC="0.92" CONTENT="inbegripen."/>
						</TextLine>
					</TextBlock>
					<TextBlock ID="block_4" HPOS="239" VPOS="793" WIDTH="620" HEIGHT="106">
						<TextLine ID="line_21" HPOS="307" VPOS="793" WIDTH="549" HEIGHT="26">
							<String ID="string_144" HPOS="307" VPOS="793" WIDTH="58" HEIGHT="19" WC="0.93" CONTENT="Föres"/><SP WIDTH="16" VPOS="793" HPOS="365"/>
							<String ID="string_145" HPOS="381" VPOS="794" WIDTH="71" HEIGHT="19" WC="0.93" CONTENT="befälet"/><SP WIDTH="15" VPOS="794" HPOS="452"/>
							<String ID="string_146" HPOS="467" VPOS="794" WIDTH="12" HEIGHT="19" WC="0.93" CONTENT="&amp;"/><SP WIDTH="15" VPOS="794" HPOS="479"/>
							<String ID="string_147" HPOS="494" VPOS="794" WIDTH="66" HEIGHT="25" WC="0.96" CONTENT="fartyg"/><SP WIDTH="15" VPOS="794" HPOS="560"/>
							<String ID="string_148" HPOS="575" VPOS="794" WIDTH="19" HEIGHT="18" WC="0.93" CONTENT="af"/><SP WIDTH="15" VPOS="794" HPOS="594"/>
							<String ID="string_149" HPOS="609" VPOS="794" WIDTH="66" HEIGHT="24" WC="0.93" CONTENT="någon"/><SP WIDTH="15" VPOS="794" HPOS="675"/>
							<String ID="string_150" HPOS="690" VPOS="794" WIDTH="119" HEIGHT="24" WC="0.91" CONTENT="medredare,"/><SP WIDTH="18" VPOS="794" HPOS="809"/>
							<String ID="string_151" HPOS="827" VPOS="794" WIDTH="29" HEIGHT="19" WC="0.92" CONTENT="ät-"/>
						</TextLine>
						<TextLine ID="line_22" HPOS="239" VPOS="822" WIDTH="618" HEIGHT="25">
							<String ID="string_152" HPOS="239" VPOS="822" WIDTH="56" HEIGHT="25" WC="0.92" CONTENT="njute"/><SP WIDTH="14" VPOS="822" HPOS="295"/>
							<String ID="string_153" HPOS="309" VPOS="822" WIDTH="39" HEIGHT="19" WC="0.96" CONTENT="han"/><SP WIDTH="14" VPOS="822" HPOS="348"/>
							<String ID="string_154" HPOS="362" VPOS="822" WIDTH="40" HEIGHT="19" WC="0.93" CONTENT="lika"/><SP WIDTH="20" VPOS="822" HPOS="402"/>
							<String ID="string_155" HPOS="422" VPOS="822" WIDTH="82" HEIGHT="25" WC="0.93" CONTENT="förmän,"/><SP WIDTH="23" VPOS="822" HPOS="504"/>
							<String ID="string_156" HPOS="527" VPOS="822" WIDTH="66" HEIGHT="20" WC="0.93" CONTENT="säsom"/><SP WIDTH="18" VPOS="822" HPOS="593"/>
							<String ID="string_157" HPOS="611" VPOS="829" WIDTH="28" HEIGHT="12" WC="0.96" CONTENT="nu"/><SP WIDTH="23" VPOS="829" HPOS="639"/>
							<String ID="string_158" HPOS="662" VPOS="828" WIDTH="32" HEIGHT="13" WC="0.96" CONTENT="om"/><SP WIDTH="15" VPOS="828" HPOS="694"/>
							<String ID="string_159" HPOS="709" VPOS="829" WIDTH="66" HEIGHT="12" WC="0.93" CONTENT="annan"/><SP WIDTH="15" VPOS="829" HPOS="775"/>
							<String ID="string_160" HPOS="790" VPOS="823" WIDTH="67" HEIGHT="18" WC="0.90" CONTENT="redare"/>
						</TextLine>
						<TextLine ID="line_23" HPOS="240" VPOS="850" WIDTH="619" HEIGHT="26">
							<String ID="string_161" HPOS="240" VPOS="850" WIDTH="57" HEIGHT="25" WC="0.92" CONTENT="sagdt"/><SP WIDTH="21" VPOS="850" HPOS="297"/>
							<String ID="string_162" HPOS="318" VPOS="852" WIDTH="27" HEIGHT="23" WC="0.95" CONTENT="är,"/><SP WIDTH="21" VPOS="852" HPOS="345"/>
							<String ID="string_163" HPOS="366" VPOS="850" WIDTH="26" HEIGHT="19" WC="0.92" CONTENT="dä"/><SP WIDTH="20" VPOS="850" HPOS="392"/>
							<String ID="string_164" HPOS="412" VPOS="850" WIDTH="62" HEIGHT="25" WC="0.92" CONTENT="nägot"/><SP WIDTH="15" VPOS="850" HPOS="474"/>
							<String ID="string_165" HPOS="489" VPOS="851" WIDTH="87" HEIGHT="25" WC="0.91" CONTENT="anspräk"/><SP WIDTH="14" VPOS="851" HPOS="576"/>
							<String ID="string_166" HPOS="590" VPOS="851" WIDTH="42" HEIGHT="19" WC="0.91" CONTENT="icke"/><SP WIDTH="15" VPOS="851" HPOS="632"/>
							<String ID="string_167" HPOS="647" VPOS="853" WIDTH="56" HEIGHT="22" WC="0.92" CONTENT="göres"/><SP WIDTH="16" VPOS="853" HPOS="703"/>
							<String ID="string_168" HPOS="719" VPOS="851" WIDTH="25" HEIGHT="25" WC="0.96" CONTENT="pä"/><SP WIDTH="15" VPOS="851" HPOS="744"/>
							<String ID="string_169" HPOS="759" VPOS="851" WIDTH="66" HEIGHT="25" WC="0.96" CONTENT="grund"/><SP WIDTH="14" VPOS="851" HPOS="825"/>
							<String ID="string_170" HPOS="839" VPOS="851" WIDTH="20" HEIGHT="19" WC="0.96" CONTENT="af"/>
						</TextLine>
						<TextLine ID="line_24" HPOS="239" VPOS="879" WIDTH="274" HEIGHT="20">
							<String ID="string_171" HPOS="239" VPOS="879" WIDTH="49" HEIGHT="19" WC="0.96" CONTENT="hans"/><SP WIDTH="16" VPOS="879" HPOS="288"/>
							<String ID="string_172" HPOS="304" VPOS="879" WIDTH="97" HEIGHT="19" WC="0.93" CONTENT="särskilda"/><SP WIDTH="15" VPOS="879" HPOS="401"/>
							<String ID="string_173" HPOS="416" VPOS="879" WIDTH="97" HEIGHT="20" WC="0.93" CONTENT="vällande."/>
						</TextLine>
					</TextBlock>
					<TextBlock ID="block_5" HPOS="237" VPOS="907" WIDTH="621" HEIGHT="140">
						<TextLine ID="line_25" HPOS="307" VPOS="907" WIDTH="551" HEIGHT="26">
							<String ID="string_174" HPOS="307" VPOS="907" WIDTH="79" HEIGHT="24" WC="0.90" CONTENT="Redare,"/><SP WIDTH="27" VPOS="907" HPOS="386"/>
							<String ID="string_175" HPOS="413" VPOS="914" WIDTH="43" HEIGHT="13" WC="0.89" CONTENT="som"/><SP WIDTH="25" VPOS="914" HPOS="456"/>
							<String ID="string_176" HPOS="481" VPOS="909" WIDTH="91" HEIGHT="18" WC="0.85" CONTENT="utsänder"/><SP WIDTH="25" VPOS="909" HPOS="572"/>
							<String ID="string_177" HPOS="597" VPOS="909" WIDTH="43" HEIGHT="19" WC="0.83" CONTENT="eller"/><SP WIDTH="24" VPOS="909" HPOS="640"/>
							<String ID="string_178" HPOS="664" VPOS="909" WIDTH="87" HEIGHT="24" WC="0.87" CONTENT="försöker"/><SP WIDTH="23" VPOS="909" HPOS="751"/>
							<String ID="string_179" HPOS="774" VPOS="909" WIDTH="84" HEIGHT="18" WC="0.88" CONTENT="utsända"/>
						</TextLine>
						<TextLine ID="line_26" HPOS="239" VPOS="937" WIDTH="619" HEIGHT="26">
							<String ID="string_180" HPOS="239" VPOS="937" WIDTH="69" HEIGHT="24" WC="0.90" CONTENT="fartyg,"/><SP WIDTH="16" VPOS="937" HPOS="308"/>
							<String ID="string_181" HPOS="324" VPOS="943" WIDTH="42" HEIGHT="12" WC="0.96" CONTENT="som"/><SP WIDTH="15" VPOS="943" HPOS="366"/>
							<String ID="string_182" HPOS="381" VPOS="937" WIDTH="23" HEIGHT="18" WC="0.96" CONTENT="är"/><SP WIDTH="14" VPOS="937" HPOS="404"/>
							<String ID="string_183" HPOS="418" VPOS="937" WIDTH="9" HEIGHT="18" WC="0.93" CONTENT="i"/><SP WIDTH="14" VPOS="937" HPOS="427"/>
							<String ID="string_184" HPOS="441" VPOS="937" WIDTH="70" HEIGHT="19" WC="0.92" CONTENT="sädant"/><SP WIDTH="15" VPOS="937" HPOS="511"/>
							<String ID="string_185" HPOS="526" VPOS="937" WIDTH="56" HEIGHT="24" WC="0.92" CONTENT="skick,"/><SP WIDTH="17" VPOS="937" HPOS="582"/>
							<String ID="string_186" HPOS="599" VPOS="939" WIDTH="27" HEIGHT="17" WC="0.96" CONTENT="att"/><SP WIDTH="15" VPOS="939" HPOS="626"/>
							<String ID="string_187" HPOS="641" VPOS="938" WIDTH="28" HEIGHT="19" WC="0.94" CONTENT="det"/><SP WIDTH="16" VPOS="938" HPOS="669"/>
							<String ID="string_188" HPOS="685" VPOS="939" WIDTH="22" HEIGHT="17" WC="0.93" CONTENT="är"/><SP WIDTH="10" VPOS="939" HPOS="707"/>
							<String ID="string_189" HPOS="717" VPOS="937" WIDTH="88" HEIGHT="26" WC="0.92" CONTENT="förenadt"/><SP WIDTH="10" VPOS="937" HPOS="805"/>
							<String ID="string_190" HPOS="815" VPOS="937" WIDTH="43" HEIGHT="19" WC="0.97" CONTENT="med"/>
						</TextLine>
						<TextLine ID="line_27" HPOS="239" VPOS="965" WIDTH="619" HEIGHT="26">
							<String ID="string_191" HPOS="239" VPOS="965" WIDTH="78" HEIGHT="24" WC="0.48" CONTENT="lifsfara"/><SP WIDTH="22" VPOS="965" HPOS="317"/>
							<String ID="string_192" HPOS="339" VPOS="967" WIDTH="27" HEIGHT="17" WC="0.96" CONTENT="att"/><SP WIDTH="21" VPOS="967" HPOS="366"/>
							<String ID="string_193" HPOS="387" VPOS="965" WIDTH="80" HEIGHT="19" WC="0.92" CONTENT="därmed"/><SP WIDTH="21" VPOS="965" HPOS="467"/>
							<String ID="string_194" HPOS="488" VPOS="965" WIDTH="74" HEIGHT="25" WC="0.91" CONTENT="färdas,"/><SP WIDTH="24" VPOS="965" HPOS="562"/>
							<String ID="string_195" HPOS="586" VPOS="966" WIDTH="39" HEIGHT="19" WC="0.91" CONTENT="böte"/><SP WIDTH="13" VPOS="966" HPOS="625"/>
							<String ID="string_196" HPOS="638" VPOS="966" WIDTH="47" HEIGHT="25" WC="0.96" CONTENT="från"/><SP WIDTH="12" VPOS="966" HPOS="685"/>
							<String ID="string_197" HPOS="697" VPOS="967" WIDTH="34" HEIGHT="18" WC="0.96" CONTENT="och"/><SP WIDTH="14" VPOS="967" HPOS="731"/>
							<String ID="string_198" HPOS="745" VPOS="967" WIDTH="44" HEIGHT="18" WC="0.93" CONTENT="med"/><SP WIDTH="14" VPOS="967" HPOS="789"/>
							<String ID="string_199" HPOS="803" VPOS="966" WIDTH="55" HEIGHT="25" WC="0.53" CONTENT="tjugu"/>
						</TextLine>
						<TextLine ID="line_28" HPOS="239" VPOS="993" WIDTH="618" HEIGHT="27">
							<String ID="string_200" HPOS="239" VPOS="993" WIDTH="28" HEIGHT="19" WC="0.96" CONTENT="till"/><SP WIDTH="14" VPOS="993" HPOS="267"/>
							<String ID="string_201" HPOS="281" VPOS="993" WIDTH="33" HEIGHT="20" WC="0.93" CONTENT="och"/><SP WIDTH="14" VPOS="993" HPOS="314"/>
							<String ID="string_202" HPOS="328" VPOS="993" WIDTH="44" HEIGHT="20" WC="0.93" CONTENT="med"/><SP WIDTH="14" VPOS="993" HPOS="372"/>
							<String ID="string_203" HPOS="386" VPOS="993" WIDTH="118" HEIGHT="26" WC="0.95" CONTENT="femhundra"/><SP WIDTH="21" VPOS="993" HPOS="504"/>
							<String ID="string_204" HPOS="525" VPOS="995" WIDTH="56" HEIGHT="18" WC="0.96" CONTENT="mark"/><SP WIDTH="22" VPOS="995" HPOS="581"/>
							<String ID="string_205" HPOS="603" VPOS="995" WIDTH="43" HEIGHT="18" WC="0.92" CONTENT="eller"/><SP WIDTH="20" VPOS="995" HPOS="646"/>
							<String ID="string_206" HPOS="666" VPOS="995" WIDTH="74" HEIGHT="25" WC="0.88" CONTENT="straffes"/><SP WIDTH="14" VPOS="995" HPOS="740"/>
							<String ID="string_207" HPOS="754" VPOS="995" WIDTH="44" HEIGHT="19" WC="0.93" CONTENT="med"/><SP WIDTH="13" VPOS="995" HPOS="798"/>
							<String ID="string_208" HPOS="811" VPOS="995" WIDTH="46" HEIGHT="25" WC="0.92" CONTENT="fän-"/>
						</TextLine>
						<TextLine ID="line_29" HPOS="237" VPOS="1021" WIDTH="353" HEIGHT="26">
							<String ID="string_209" HPOS="237" VPOS="1022" WIDTH="48" HEIGHT="25" WC="0.92" CONTENT="gelse"/><SP WIDTH="13" VPOS="1022" HPOS="285"/>
							<String ID="string_210" HPOS="298" VPOS="1021" WIDTH="48" HEIGHT="26" WC="0.96" CONTENT="från"/><SP WIDTH="14" VPOS="1021" HPOS="346"/>
							<String ID="string_211" HPOS="360" VPOS="1029" WIDTH="24" HEIGHT="12" WC="0.96" CONTENT="en"/><SP WIDTH="16" VPOS="1029" HPOS="384"/>
							<String ID="string_212" HPOS="400" VPOS="1022" WIDTH="28" HEIGHT="19" WC="0.93" CONTENT="till"/><SP WIDTH="15" VPOS="1022" HPOS="428"/>
							<String ID="string_213" HPOS="443" VPOS="1023" WIDTH="38" HEIGHT="24" WC="0.73" CONTENT="tolf"/><SP WIDTH="11" VPOS="1023" HPOS="481"/>
							<String ID="string_214" HPOS="492" VPOS="1023" WIDTH="98" HEIGHT="19" WC="0.95" CONTENT="månader."/>
						</TextLine>
					</TextBlock>
				</ComposedBlock>
				<ComposedBlock ID="cblock_3" HPOS="522" VPOS="1081" WIDTH="60" HEIGHT="23">
					<TextBlock ID="block_6" HPOS="522" VPOS="1081" WIDTH="60" HEIGHT="23">
						<TextLine ID="line_30" HPOS="522" VPOS="1081" WIDTH="60" HEIGHT="23">
							<String ID="string_215" HPOS="522" VPOS="1081" WIDTH="10" HEIGHT="23" WC="0.74" CONTENT="s"/><SP WIDTH="18" VPOS="1081" HPOS="532"/>
							<String ID="string_216" HPOS="550" VPOS="1081" WIDTH="32" HEIGHT="19" WC="0.81" CONTENT="34."/>
						</TextLine>
					</TextBlock>
				</ComposedBlock>
				<ComposedBlock ID="cblock_4" HPOS="236" VPOS="1119" WIDTH="621" HEIGHT="332">
					<TextBlock ID="block_7" HPOS="236" VPOS="1119" WIDTH="621" HEIGHT="332">
						<TextLine ID="line_31" HPOS="307" VPOS="1119" WIDTH="549" HEIGHT="27">
							<String ID="string_217" HPOS="307" VPOS="1119" WIDTH="29" HEIGHT="19" WC="0.93" CONTENT="Då"/><SP WIDTH="11" VPOS="1119" HPOS="336"/>
							<String ID="string_218" HPOS="347" VPOS="1119" WIDTH="131" HEIGHT="20" WC="0.64" CONTENT="befälhafvare"/><SP WIDTH="11" VPOS="1119" HPOS="478"/>
							<String ID="string_219" HPOS="489" VPOS="1120" WIDTH="31" HEIGHT="19" WC="0.93" CONTENT="sin"/><SP WIDTH="15" VPOS="1120" HPOS="520"/>
							<String ID="string_220" HPOS="535" VPOS="1120" WIDTH="111" HEIGHT="26" WC="0.96" CONTENT="befattning"/><SP WIDTH="15" VPOS="1120" HPOS="646"/>
							<String ID="string_221" HPOS="661" VPOS="1121" WIDTH="101" HEIGHT="25" WC="0.96" CONTENT="tillträder,"/><SP WIDTH="15" VPOS="1121" HPOS="762"/>
							<String ID="string_222" HPOS="777" VPOS="1122" WIDTH="35" HEIGHT="19" WC="0.93" CONTENT="bör"/><SP WIDTH="14" VPOS="1122" HPOS="812"/>
							<String ID="string_223" HPOS="826" VPOS="1122" WIDTH="30" HEIGHT="18" WC="0.92" CONTENT="in-"/>
						</TextLine>
						<TextLine ID="line_32" HPOS="240" VPOS="1148" WIDTH="617" HEIGHT="26">
							<String ID="string_224" HPOS="240" VPOS="1148" WIDTH="103" HEIGHT="25" WC="0.91" CONTENT="ventering"/><SP WIDTH="15" VPOS="1148" HPOS="343"/>
							<String ID="string_225" HPOS="358" VPOS="1148" WIDTH="19" HEIGHT="19" WC="0.93" CONTENT="af"/><SP WIDTH="14" VPOS="1148" HPOS="377"/>
							<String ID="string_226" HPOS="391" VPOS="1148" WIDTH="99" HEIGHT="25" WC="0.93" CONTENT="fartygets"/><SP WIDTH="16" VPOS="1148" HPOS="490"/>
							<String ID="string_227" HPOS="506" VPOS="1148" WIDTH="142" HEIGHT="26" WC="0.92" CONTENT="tillhörigheter"/><SP WIDTH="14" VPOS="1148" HPOS="648"/>
							<String ID="string_228" HPOS="662" VPOS="1150" WIDTH="97" HEIGHT="24" WC="0.93" CONTENT="förrättas,"/><SP WIDTH="17" VPOS="1150" HPOS="759"/>
							<String ID="string_229" HPOS="776" VPOS="1150" WIDTH="36" HEIGHT="19" WC="0.96" CONTENT="och"/><SP WIDTH="15" VPOS="1150" HPOS="812"/>
							<String ID="string_230" HPOS="827" VPOS="1152" WIDTH="30" HEIGHT="18" WC="0.97" CONTENT="ett"/>
						</TextLine>
						<TextLine ID="line_33" HPOS="238" VPOS="1177" WIDTH="617" HEIGHT="25">
							<String ID="string_231" HPOS="238" VPOS="1177" WIDTH="101" HEIGHT="25" WC="0.96" CONTENT="exemplar"/><SP WIDTH="20" VPOS="1177" HPOS="339"/>
							<String ID="string_232" HPOS="359" VPOS="1177" WIDTH="19" HEIGHT="19" WC="0.93" CONTENT="af"/><SP WIDTH="15" VPOS="1177" HPOS="378"/>
							<String ID="string_233" HPOS="393" VPOS="1177" WIDTH="225" HEIGHT="25" WC="0.92" CONTENT="inventeringslängden"/><SP WIDTH="15" VPOS="1177" HPOS="618"/>
							<String ID="string_234" HPOS="633" VPOS="1179" WIDTH="45" HEIGHT="19" WC="0.92" CONTENT="med"/><SP WIDTH="21" VPOS="1179" HPOS="678"/>
							<String ID="string_235" HPOS="699" VPOS="1179" WIDTH="156" HEIGHT="19" WC="0.55" CONTENT="befälhafvarens"/>
						</TextLine>
						<TextLine ID="line_34" HPOS="238" VPOS="1205" WIDTH="618" HEIGHT="25">
							<String ID="string_236" HPOS="238" VPOS="1205" WIDTH="145" HEIGHT="25" WC="0.95" CONTENT="godkännande"/><SP WIDTH="23" VPOS="1205" HPOS="383"/>
							<String ID="string_237" HPOS="406" VPOS="1205" WIDTH="30" HEIGHT="19" WC="0.93" CONTENT="till"/><SP WIDTH="15" VPOS="1205" HPOS="436"/>
							<String ID="string_238" HPOS="451" VPOS="1206" WIDTH="84" HEIGHT="19" WC="0.93" CONTENT="rederiet"/><SP WIDTH="22" VPOS="1206" HPOS="535"/>
							<String ID="string_239" HPOS="557" VPOS="1206" WIDTH="136" HEIGHT="20" WC="0.62" CONTENT="öfverlämnas."/><SP WIDTH="31" VPOS="1206" HPOS="693"/>
							<String ID="string_240" HPOS="724" VPOS="1208" WIDTH="71" HEIGHT="19" WC="0.96" CONTENT="Förrän"/><SP WIDTH="22" VPOS="1208" HPOS="795"/>
							<String ID="string_241" HPOS="817" VPOS="1208" WIDTH="39" HEIGHT="18" WC="0.96" CONTENT="last"/>
						</TextLine>
						<TextLine ID="line_35" HPOS="237" VPOS="1234" WIDTH="618" HEIGHT="27">
							<String ID="string_242" HPOS="237" VPOS="1234" WIDTH="85" HEIGHT="24" WC="0.92" CONTENT="intages,"/><SP WIDTH="22" VPOS="1234" HPOS="322"/>
							<String ID="string_243" HPOS="344" VPOS="1240" WIDTH="47" HEIGHT="18" WC="0.90" CONTENT="eger"/><SP WIDTH="14" VPOS="1240" HPOS="391"/>
							<String ID="string_244" HPOS="405" VPOS="1234" WIDTH="40" HEIGHT="19" WC="0.93" CONTENT="han"/><SP WIDTH="15" VPOS="1234" HPOS="445"/>
							<String ID="string_245" HPOS="460" VPOS="1240" WIDTH="52" HEIGHT="19" WC="0.92" CONTENT="noga"/><SP WIDTH="15" VPOS="1240" HPOS="512"/>
							<String ID="string_246" HPOS="527" VPOS="1235" WIDTH="71" HEIGHT="19" WC="0.92" CONTENT="efterse"/><SP WIDTH="15" VPOS="1235" HPOS="598"/>
							<String ID="string_247" HPOS="613" VPOS="1237" WIDTH="29" HEIGHT="17" WC="0.93" CONTENT="att"/><SP WIDTH="15" VPOS="1237" HPOS="642"/>
							<String ID="string_248" HPOS="657" VPOS="1236" WIDTH="86" HEIGHT="24" WC="0.93" CONTENT="fartyget"/><SP WIDTH="16" VPOS="1236" HPOS="743"/>
							<String ID="string_249" HPOS="759" VPOS="1238" WIDTH="22" HEIGHT="17" WC="0.96" CONTENT="är"/><SP WIDTH="14" VPOS="1238" HPOS="781"/>
							<String ID="string_250" HPOS="795" VPOS="1236" WIDTH="6" HEIGHT="19" WC="0.93" CONTENT="i"/><SP WIDTH="16" VPOS="1236" HPOS="801"/>
							<String ID="string_251" HPOS="817" VPOS="1236" WIDTH="38" HEIGHT="25" WC="0.93" CONTENT="sjö-"/>
						</TextLine>
						<TextLine ID="line_36" HPOS="239" VPOS="1262" WIDTH="617" HEIGHT="25">
							<String ID="string_252" HPOS="239" VPOS="1262" WIDTH="83" HEIGHT="25" WC="0.92" CONTENT="mässigt"/><SP WIDTH="20" VPOS="1262" HPOS="322"/>
							<String ID="string_253" HPOS="342" VPOS="1262" WIDTH="61" HEIGHT="24" WC="0.92" CONTENT="skick,"/><SP WIDTH="15" VPOS="1262" HPOS="403"/>
							<String ID="string_254" HPOS="418" VPOS="1262" WIDTH="104" HEIGHT="20" WC="0.89" CONTENT="äfvensom"/><SP WIDTH="10" VPOS="1262" HPOS="522"/>
							<String ID="string_255" HPOS="532" VPOS="1265" WIDTH="30" HEIGHT="17" WC="0.96" CONTENT="att"/><SP WIDTH="8" VPOS="1265" HPOS="562"/>
							<String ID="string_256" HPOS="570" VPOS="1264" WIDTH="33" HEIGHT="18" WC="0.93" CONTENT="det"/><SP WIDTH="7" VPOS="1264" HPOS="603"/>
							<String ID="string_257" HPOS="610" VPOS="1264" WIDTH="62" HEIGHT="19" WC="0.92" CONTENT="innan"/><SP WIDTH="8" VPOS="1264" HPOS="672"/>
							<String ID="string_258" HPOS="680" VPOS="1270" WIDTH="43" HEIGHT="14" WC="0.93" CONTENT="resa"/><SP WIDTH="7" VPOS="1270" HPOS="723"/>
							<String ID="string_259" HPOS="730" VPOS="1264" WIDTH="93" HEIGHT="20" WC="0.93" CONTENT="anträdes"/><SP WIDTH="11" VPOS="1264" HPOS="823"/>
							<String ID="string_260" HPOS="834" VPOS="1266" WIDTH="22" HEIGHT="18" WC="0.96" CONTENT="är"/>
						</TextLine>
						<TextLine ID="line_37" HPOS="239" VPOS="1290" WIDTH="615" HEIGHT="27">
							<String ID="string_261" HPOS="239" VPOS="1290" WIDTH="73" HEIGHT="20" WC="0.93" CONTENT="försedt"/><SP WIDTH="15" VPOS="1290" HPOS="312"/>
							<String ID="string_262" HPOS="327" VPOS="1291" WIDTH="44" HEIGHT="19" WC="0.93" CONTENT="med"/><SP WIDTH="11" VPOS="1291" HPOS="371"/>
							<String ID="string_263" HPOS="382" VPOS="1291" WIDTH="60" HEIGHT="25" WC="0.96" CONTENT="nödig"/><SP WIDTH="16" VPOS="1291" HPOS="442"/>
							<String ID="string_264" HPOS="458" VPOS="1292" WIDTH="92" HEIGHT="24" WC="0.96" CONTENT="proviant"/><SP WIDTH="15" VPOS="1292" HPOS="550"/>
							<String ID="string_265" HPOS="565" VPOS="1292" WIDTH="36" HEIGHT="19" WC="0.93" CONTENT="och"/><SP WIDTH="15" VPOS="1292" HPOS="601"/>
							<String ID="string_266" HPOS="616" VPOS="1292" WIDTH="61" HEIGHT="25" WC="0.96" CONTENT="öfriga"/><SP WIDTH="15" VPOS="1292" HPOS="677"/>
							<String ID="string_267" HPOS="692" VPOS="1293" WIDTH="95" HEIGHT="19" WC="0.92" CONTENT="tillbehör."/><SP WIDTH="22" VPOS="1293" HPOS="787"/>
							<String ID="string_268" HPOS="809" VPOS="1293" WIDTH="45" HEIGHT="19" WC="0.92" CONTENT="Fin-"/>
						</TextLine>
						<TextLine ID="line_38" HPOS="237" VPOS="1319" WIDTH="618" HEIGHT="28">
							<String ID="string_269" HPOS="237" VPOS="1325" WIDTH="35" HEIGHT="13" WC="0.30" CONTENT="ves"/><SP WIDTH="12" VPOS="1325" HPOS="272"/>
							<String ID="string_270" HPOS="284" VPOS="1319" WIDTH="40" HEIGHT="19" WC="0.96" CONTENT="däri"/><SP WIDTH="16" VPOS="1319" HPOS="324"/>
							<String ID="string_271" HPOS="340" VPOS="1319" WIDTH="66" HEIGHT="25" WC="0.96" CONTENT="någon"/><SP WIDTH="15" VPOS="1319" HPOS="406"/>
							<String ID="string_272" HPOS="421" VPOS="1320" WIDTH="51" HEIGHT="19" WC="0.96" CONTENT="brist"/><SP WIDTH="16" VPOS="1320" HPOS="472"/>
							<String ID="string_273" HPOS="488" VPOS="1320" WIDTH="36" HEIGHT="19" WC="0.97" CONTENT="och"/><SP WIDTH="16" VPOS="1320" HPOS="524"/>
							<String ID="string_274" HPOS="540" VPOS="1320" WIDTH="34" HEIGHT="19" WC="0.93" CONTENT="vill"/><SP WIDTH="14" VPOS="1320" HPOS="574"/>
							<String ID="string_275" HPOS="588" VPOS="1320" WIDTH="17" HEIGHT="26" WC="0.95" CONTENT="ej"/><SP WIDTH="17" VPOS="1320" HPOS="605"/>
							<String ID="string_276" HPOS="622" VPOS="1321" WIDTH="81" HEIGHT="19" WC="0.96" CONTENT="redaren"/><SP WIDTH="14" VPOS="1321" HPOS="703"/>
							<String ID="string_277" HPOS="717" VPOS="1322" WIDTH="37" HEIGHT="19" WC="0.93" CONTENT="den"/><SP WIDTH="11" VPOS="1322" HPOS="754"/>
							<String ID="string_278" HPOS="765" VPOS="1322" WIDTH="90" HEIGHT="25" WC="0.93" CONTENT="afhjälpa,"/>
						</TextLine>
						<TextLine ID="line_39" HPOS="240" VPOS="1348" WIDTH="615" HEIGHT="26">
							<String ID="string_279" HPOS="240" VPOS="1354" WIDTH="46" HEIGHT="13" WC="0.92" CONTENT="vare"/><SP WIDTH="20" VPOS="1354" HPOS="286"/>
							<String ID="string_280" HPOS="306" VPOS="1348" WIDTH="146" HEIGHT="19" WC="0.90" CONTENT="befälhafvaren"/><SP WIDTH="22" VPOS="1348" HPOS="452"/>
							<String ID="string_281" HPOS="474" VPOS="1348" WIDTH="109" HEIGHT="26" WC="0.95" CONTENT="berättigad"/><SP WIDTH="21" VPOS="1348" HPOS="583"/>
							<String ID="string_282" HPOS="604" VPOS="1351" WIDTH="30" HEIGHT="17" WC="0.93" CONTENT="att"/><SP WIDTH="15" VPOS="1351" HPOS="634"/>
							<String ID="string_283" HPOS="649" VPOS="1350" WIDTH="67" HEIGHT="19" WC="0.92" CONTENT="aftalet"/><SP WIDTH="21" VPOS="1350" HPOS="716"/>
							<String ID="string_284" HPOS="737" VPOS="1350" WIDTH="59" HEIGHT="24" WC="0.96" CONTENT="bryta"/><SP WIDTH="23" VPOS="1350" HPOS="796"/>
							<String ID="string_285" HPOS="819" VPOS="1350" WIDTH="36" HEIGHT="19" WC="0.96" CONTENT="och"/>
						</TextLine>
						<TextLine ID="line_40" HPOS="237" VPOS="1376" WIDTH="618" HEIGHT="27">
							<String ID="string_286" HPOS="237" VPOS="1376" WIDTH="81" HEIGHT="24" WC="0.93" CONTENT="fartyget"/><SP WIDTH="20" VPOS="1376" HPOS="318"/>
							<String ID="string_287" HPOS="338" VPOS="1376" WIDTH="34" HEIGHT="19" WC="0.91" CONTENT="mä"/><SP WIDTH="22" VPOS="1376" HPOS="372"/>
							<String ID="string_288" HPOS="394" VPOS="1377" WIDTH="18" HEIGHT="24" WC="0.91" CONTENT="ej"/><SP WIDTH="22" VPOS="1377" HPOS="412"/>
							<String ID="string_289" HPOS="434" VPOS="1377" WIDTH="83" HEIGHT="18" WC="0.86" CONTENT="anträda"/><SP WIDTH="21" VPOS="1377" HPOS="517"/>
							<String ID="string_290" HPOS="538" VPOS="1384" WIDTH="56" HEIGHT="12" WC="0.91" CONTENT="resan"/><SP WIDTH="21" VPOS="1384" HPOS="594"/>
							<String ID="string_291" HPOS="615" VPOS="1378" WIDTH="70" HEIGHT="24" WC="0.94" CONTENT="förrän"/><SP WIDTH="17" VPOS="1378" HPOS="685"/>
							<String ID="string_292" HPOS="702" VPOS="1378" WIDTH="71" HEIGHT="19" WC="0.96" CONTENT="bristen"/><SP WIDTH="15" VPOS="1378" HPOS="773"/>
							<String ID="string_293" HPOS="788" VPOS="1380" WIDTH="23" HEIGHT="17" WC="0.93" CONTENT="är"/><SP WIDTH="14" VPOS="1380" HPOS="811"/>
							<String ID="string_294" HPOS="825" VPOS="1379" WIDTH="30" HEIGHT="24" WC="0.91" CONTENT="af-"/>
						</TextLine>
						<TextLine ID="line_41" HPOS="237" VPOS="1404" WIDTH="618" HEIGHT="28">
							<String ID="string_295" HPOS="237" VPOS="1404" WIDTH="65" HEIGHT="25" WC="0.83" CONTENT="hjälpt."/><SP WIDTH="31" VPOS="1404" HPOS="302"/>
							<String ID="string_296" HPOS="333" VPOS="1404" WIDTH="52" HEIGHT="19" WC="0.83" CONTENT="Utan"/><SP WIDTH="16" VPOS="1404" HPOS="385"/>
							<String ID="string_297" HPOS="401" VPOS="1405" WIDTH="42" HEIGHT="19" WC="0.96" CONTENT="skäl"/><SP WIDTH="19" VPOS="1405" HPOS="443"/>
							<String ID="string_298" HPOS="462" VPOS="1405" WIDTH="32" HEIGHT="19" WC="0.96" CONTENT="må"/><SP WIDTH="15" VPOS="1405" HPOS="494"/>
							<String ID="string_299" HPOS="509" VPOS="1405" WIDTH="42" HEIGHT="20" WC="0.93" CONTENT="icke"/><SP WIDTH="15" VPOS="1405" HPOS="551"/>
							<String ID="string_300" HPOS="566" VPOS="1406" WIDTH="144" HEIGHT="19" WC="0.91" CONTENT="befälhafvaren"/><SP WIDTH="15" VPOS="1406" HPOS="710"/>
							<String ID="string_301" HPOS="725" VPOS="1407" WIDTH="84" HEIGHT="25" WC="0.96" CONTENT="fördröja"/><SP WIDTH="14" VPOS="1407" HPOS="809"/>
							<String ID="string_302" HPOS="823" VPOS="1407" WIDTH="32" HEIGHT="19" WC="0.97" CONTENT="sin"/>
						</TextLine>
						<TextLine ID="line_42" HPOS="236" VPOS="1433" WIDTH="68" HEIGHT="18">
							<String ID="string_303" HPOS="236" VPOS="1433" WIDTH="68" HEIGHT="18" WC="0.89" CONTENT="afresa."/>
						</TextLine>
					</TextBlock>
				</ComposedBlock>
				<ComposedBlock ID="cblock_5" HPOS="171" VPOS="1480" WIDTH="333" HEIGHT="23">
					<TextBlock ID="block_8" HPOS="171" VPOS="1480" WIDTH="333" HEIGHT="23">
						<TextLine ID="line_43" HPOS="171" VPOS="1480" WIDTH="333" HEIGHT="23">
							<String ID="string_304" HPOS="171" VPOS="1480" WIDTH="131" HEIGHT="23" WC="0.89" CONTENT="Lagutskottets"/><SP WIDTH="12" VPOS="1480" HPOS="302"/>
							<String ID="string_305" HPOS="314" VPOS="1481" WIDTH="110" HEIGHT="18" WC="0.96" CONTENT="betänkande"/><SP WIDTH="13" VPOS="1481" HPOS="424"/>
							<String ID="string_306" HPOS="437" VPOS="1482" WIDTH="37" HEIGHT="17" WC="0.96" CONTENT="N:o"/><SP WIDTH="14" VPOS="1482" HPOS="474"/>
							<String ID="string_307" HPOS="488" VPOS="1483" WIDTH="16" HEIGHT="16" WC="0.94" CONTENT="9."/>
						</TextLine>
					</TextBlock>
				</ComposedBlock>
			</PrintSpace>
		</Page>
	</Layout>
</alto>
