1061 1661
229 128 283 23 Petitionsbetänkande
528 128 45 23 N:o
589 128 37 22 13.
769 129 23 20 11

364 260 161 28 Reservation.

135 328 62 21 Ense
219 327 53 22 med
293 327 167 29 lagutskottets
483 327 75 29 öfriga
581 327 149 22 medlemmar
745 327 79 22 derom

67 364 35 19 att
117 362 29 21 de
161 362 8 21 i
184 362 147 21 förestående
345 362 234 29 petitionsmemorial
586 361 141 22 framhällna
737 361 88 22 kredit-

66 396 116 22 missbruk
197 397 52 21 icke
273 397 37 20 stä
325 398 34 19 att
382 396 117 29 afhjelpas
515 403 85 22 genom
615 403 29 14 en
660 396 113 29 återgång
787 395 38 22 till

66 433 96 19 räntans
178 430 159 29 begränsande
352 430 70 22 äfven
437 430 37 22 för
489 431 93 21 kortare
594 430 229 27 skuldförbindelser,

66 465 43 22 har
129 465 42 28 jag
193 465 51 22 icke
259 465 73 21 heller
346 465 91 21 kunnat
452 465 124 28 öfvertyga
591 465 49 28 mig
655 472 38 14 om
709 467 34 19 att
759 464 65 22 dessa

67 499 117 22 missbruk
205 507 55 14 vore
283 500 26 21 sä
327 499 97 22 allmänt
439 499 103 22 rädande
558 499 56 22 eller
630 499 8 21 i
653 499 72 29 öfrigt
741 499 26 21 af
780 499 45 22 den

67 533 161 22 beskaffenhet
238 536 35 19 att
284 533 160 29 lagstiftarens
455 534 56 21 eller
519 533 125 29 styrelsens
655 533 170 26 mellankomst,

68 567 78 27 borde,
170 568 30 29 pä
222 570 47 20 sätt
291 568 114 22 utskottet
419 568 104 25 föreslär,
539 568 105 28 päkallas
659 567 37 22 för
711 568 66 21 deras
793 567 33 22 af-

67 602 135 29 lägsnande.
233 602 48 22 Och
297 602 30 22 dä
341 602 166 29 lagutskottets
517 606 171 25 räsonnemang
698 610 68 21 synes
777 602 49 28 mig

68 636 79 22 kunna
163 637 66 29 gifva
243 636 127 29 anledning
385 637 37 21 till
438 637 46 21 den
496 637 153 29 uppfattning
661 639 35 19 att
708 636 118 22 botemed-

67 671 34 21 let
123 678 55 15 vore
197 674 35 18 att
246 671 63 21 finna
325 671 9 21 i
348 671 135 22 restriktiva
498 671 215 29 lagbestämningar
727 670 99 22 rörande

68 705 96 22 vexelns
187 705 158 29 användning,
366 708 17 19 t.
399 713 35 14 ex.
450 706 84 21 förbud
550 705 36 22 för
600 712 109 22 personer
725 705 26 22 af
763 705 63 21 vissa

69 739 199 22 samhällsklasser
283 742 35 19 att
332 740 80 21 ikläda
427 740 37 29 sig
475 739 223 22 vexelförbindelser
707 739 57 22 eller
774 739 52 22 des-

68 781 37 14 sas
127 773 174 22 inskränkande
319 774 36 21 till
370 774 122 21 bestämda
507 777 61 18 arter
584 774 26 21 af
622 773 143 26 kreditaftal,
780 773 46 22 för-

69 808 90 21 anlätes
177 808 42 28 jag
237 810 35 20 att
286 808 37 22 för
337 809 47 20 min
401 808 38 22 del
454 808 42 22 hos
512 809 132 21 Ständerna
658 808 119 22 vördsamt
792 807 34 22 af-

69 842 81 28 styrka
165 842 46 22 alla
225 842 137 22 uttalanden
377 843 9 21 i
402 842 77 22 denna
493 843 113 28 riktning.

137 876 36 22 De
187 876 132 30 förgängna
334 877 66 27 tider,
417 876 31 22 dä
462 877 164 29 begagnandet
642 877 26 21 af
680 877 84 21 vexeln
774 876 52 22 icke

68 910 106 30 medgafs
197 911 36 21 för
255 911 72 21 andra
350 915 29 17 än
399 912 103 28 köpmän
518 912 43 21 och
576 912 9 21 i
600 911 107 22 handels-
723 912 56 21 eller
793 911 33 21 fa-

68 945 157 28 briksaffärer,
241 946 117 21 urmärkte
374 946 36 28 sig
424 946 130 28 ingalunda
568 953 84 22 genom
667 946 67 29 billig
749 945 77 22 kredit

67 980 37 22 för
126 980 73 22 andra
213 980 198 22 samhällsklasser
430 980 43 22 och
490 980 19 29 ej
526 980 73 22 heller
614 980 65 22 torde
695 980 63 22 inom
774 980 52 21 dem

68 1015 155 28 procenteriet
233 1014 30 22 dä
273 1015 60 21 varit
342 1014 90 22 mindre
439 1015 95 21 utbredt
542 1018 29 18 än
581 1022 33 14 nu
623 1014 39 22 för
673 1014 71 28 tiden,
753 1014 73 22 hellre

68 1051 108 19 tvärtom.
207 1049 43 21 Att
271 1049 40 21 vid
327 1050 44 21 den
387 1050 138 28 utveckling
540 1049 138 22 affärslifvet
692 1049 8 21 i
714 1050 56 20 vära
786 1048 42 22 da-

68 1090 42 21 gar
124 1083 61 28 tagit
200 1083 120 29 uppdraga
330 1084 80 28 dylika
420 1084 142 28 gränslinier
572 1084 36 21 för
620 1084 95 21 vexelns
724 1082 103 23 använd-

68 1117 65 28 ning,
157 1124 55 15 vore
227 1120 57 19 utan
303 1117 44 22 den
362 1120 86 19 största
463 1117 180 29 godtycklighet
657 1117 90 29 knappt
760 1117 67 21 verk-

69 1151 113 24 ställbart,
205 1152 73 21 skulle
299 1152 60 21 blott
379 1152 53 21 leda
447 1152 38 21 till
500 1151 160 30 kringgäende
683 1152 26 21 af
722 1151 37 29 lag
783 1151 44 22 och

68 1185 93 22 komme
176 1185 49 22 helt
240 1186 78 21 säkert
333 1189 34 19 att
382 1186 38 22 för
435 1186 28 21 de
472 1186 230 27 kreditbehöfvande,
713 1193 49 15 som
773 1193 54 14 man

69 1219 142 23 härmedelst
225 1221 102 21 önskade
340 1221 98 28 skydda,
454 1221 73 28 skapa
543 1224 62 18 ännu
620 1223 73 19 större
709 1220 118 29 svärighe-

68 1257 37 19 ter
127 1258 30 18 än
180 1255 52 22 dem
248 1263 53 14 man
317 1263 84 21 genom
417 1255 85 22 sädant
517 1255 192 29 förmynderskap
724 1255 57 21 ville
795 1254 33 21 fö-

69 1289 125 22 rekomma.

136 1323 53 22 Den
210 1324 138 22 ruinerande
366 1324 184 28 skuldsättning,
566 1324 124 21 hvaröfver
705 1331 54 14 man
774 1323 53 21 frän

68 1357 62 21 vissa
146 1357 65 22 delar
225 1358 26 22 af
263 1358 80 22 landet
357 1358 89 29 klagar,
462 1358 43 22 har
520 1358 37 22 sin
572 1358 106 28 verkliga
687 1357 76 29 grund
775 1356 52 22 icke

68 1391 9 21 i
91 1391 249 30 vexellagstiftningen
355 1394 56 19 utan
427 1392 8 21 i
451 1391 180 30 befolkningens
644 1391 129 29 sorglöshet
783 1389 44 22 och

71 1425 86 29 böjelse
183 1428 34 19 att
241 1426 62 22 lefva
326 1426 65 21 öfver
412 1426 164 29 tillgängarna.
615 1426 51 21 Den
686 1425 140 22 motarbetas

137 1466 130 22 Lagutskottets
279 1466 110 18 betänkande
401 1466 38 18 N:o
455 1467 16 16 7.
