1070 1670
207 132 374 25 Petitionsbetänkande
601 133 57 24 N:o
673 135 52 22 25.

369 507 122 24 Allmänna
520 507 261 24 Besvärsutskottets
811 506 37 24 he-

301 541 124 24 tänkande
448 541 29 24 N:o
497 541 20 24 16
540 541 6 24 i
557 541 99 29 anledning
671 541 20 24 af
705 541 29 24 ett
756 542 7 23 i
778 541 70 24 Bonde-

301 575 77 24 ståndet
393 575 104 25 inlämnadt
516 576 163 29 petitionsförslag
702 583 27 17 om
745 575 103 29 anläggan-

302 609 31 25 det
348 610 21 23 af
382 617 21 17 on
418 610 114 24 modellfarm
547 611 6 23 i
569 610 74 25 Kittilä,

167 696 71 21 Jämte
259 695 195 27 protokollsutdrag
469 696 21 21 af
505 697 39 21 den
561 697 26 20 12
603 696 103 22 Februari
723 696 39 22 har
776 696 74 21 heder-

97 730 65 21 värda
182 730 159 21 Bondeständet
356 730 32 21 till
403 730 112 22 Alimänna
530 731 205 22 Besvärsutskottets
758 730 93 22 behand-

97 764 44 27 ling
155 764 118 27 hänskjutit
288 766 31 20 ett
334 765 23 21 sä
372 765 90 27 lydande
478 765 217 27 petitionsmemorial:

168 847 171 30 (Öfversättning.)

259 943 52 19 Till
327 944 160 19 Hedervärda
502 943 193 21 Bondeständet.

170 1034 10 19 I
194 1034 148 25 Lappmarkens
355 1035 62 19 härad
433 1034 36 20 och
486 1035 62 19 andra
562 1035 54 23 längt
631 1041 39 18 upp
686 1035 7 19 i
708 1040 47 14 norr
770 1034 84 24 belägna

103 1064 61 23 orter,
187 1064 79 19 hvarest
281 1070 44 13 man
341 1066 52 16 ännu
408 1064 52 18 blott
475 1063 45 24 föga
535 1063 74 20 förstär
627 1064 29 23 sig
671 1064 26 24 pä
711 1066 29 17 ett
755 1064 99 23 rationelt,

103 1092 51 19 efter
176 1092 209 20 naturförhällandena
408 1092 88 24 lämpadt
509 1092 104 24 jordbruk,
636 1092 39 20 kan
693 1098 44 13 man
753 1093 18 23 ej
792 1093 64 19 häller

104 1123 59 17 vänta
184 1121 29 23 sig
229 1121 58 19 dessa
310 1121 71 23 rikliga
397 1121 91 25 skördar,
504 1126 42 14 som
561 1121 71 19 belöna
647 1122 30 18 ett
691 1121 106 25 äkerbruk,
821 1121 33 19 be-

105 1149 71 19 drifvet
192 1150 62 23 enligt
269 1150 143 23 vetenskapens
428 1150 86 23 grunder
529 1148 38 21 och
578 1150 53 19 stödt
646 1150 26 23 pä
688 1150 37 19 den
736 1149 119 24 erfarenhet,

105 1183 40 14 som
161 1178 69 19 vinnes
246 1178 6 18 i
265 1178 184 23 jordbruksskolor.
479 1178 9 19 I
504 1179 75 18 saknad
594 1177 21 20 af
629 1178 65 19 bättre
709 1178 84 19 insikter
808 1179 48 18 ned-

105 1207 67 23 lägger
194 1212 44 14 man
254 1207 62 24 därpä
332 1207 67 19 arbete
416 1207 36 18 och
478 1206 108 20 kostnader
602 1207 25 24 pä
649 1208 29 17 ett
693 1209 40 17 sätt
749 1213 40 13 som
812 1207 44 19 icke

105 1234 77 20 medför
196 1235 65 23 någon
277 1235 58 19 vinst.
360 1235 61 19 Detta
436 1237 22 17 är
473 1241 44 13 man
523 1230 12 33 i
533 1235 94 19 tillfälle
643 1237 29 17 att
687 1235 89 23 iakttaga
788 1235 70 19 främst

105 1264 6 18 i
130 1264 109 23 Lappland,
261 1264 79 19 hvarest
353 1264 119 24 jordbruket
490 1266 52 16 ännu
558 1263 87 19 befinner
661 1264 28 23 sig
705 1264 25 24 pä
746 1270 24 13 en
784 1265 74 23 ytterst

106 1292 31 23 läg
151 1292 128 25 ständpunkt,
295 1292 25 19 dä
334 1293 21 23 ju
365 1292 137 24 inbyggarne
498 1288 15 34 i
517 1292 148 24 Lappmarkens
681 1292 68 26 härad,
766 1292 30 19 till
809 1292 49 26 följd

106 1320 21 20 af
148 1321 127 19 landsdelens
298 1321 91 24 nordliga
404 1320 51 25 läge,
478 1321 44 19 icke
538 1323 34 17 äro
588 1321 6 18 i
613 1320 78 20 tillfälle
707 1322 29 18 att
759 1321 100 20 förvärfva

107 1350 29 23 sig
156 1349 112 19 kännedom
290 1354 30 14 om
336 1350 112 23 grunderna
472 1348 31 20 för
520 1351 30 17 ett
564 1350 119 18 rationelare
702 1350 98 23 jordbruk
823 1351 36 19 och

107 1384 24 13 en
154 1383 54 14 mera
223 1378 128 24 inbringande
375 1378 169 24 boskapsskötsel.
575 1378 70 19 Denna
661 1378 107 19 sistnämda
790 1380 70 23 näring

107 1406 36 19 har
154 1406 25 24 pä
195 1409 77 17 senaste
284 1407 51 19 tider
351 1406 64 20 blifvit
427 1406 143 19 förhärskande
580 1407 6 17 i
602 1407 24 18 de
635 1406 98 24 sydligare
749 1407 112 20 socknarna

108 1434 21 20 af
140 1435 147 23 Lappmarkens
298 1435 70 23 härad,
383 1435 99 23 nämligen
496 1435 5 18 i
514 1435 119 25 Sodankylä,
650 1435 70 19 Kittilä
731 1436 36 18 och
778 1436 83 20 Muonio

176 1473 103 17 Allmänna
291 1473 167 18 Besvärsutskottets
471 1473 111 17 betänkande
594 1474 37 16 N:o
644 1474 28 16 16.
