<?xml version="1.0" encoding="UTF-8"?>
<alto xmlns="http://www.loc.gov/standards/alto/ns-v3#" xmlns:xlink="http://www.w3.org/1999/xlink" xmlns:xsi="http://www.w3.org/2001/XMLSchema-instance" xsi:schemaLocation="http://www.loc.gov/standards/alto/ns-v3# http://www.loc.gov/alto/v3/alto-3-0.xsd">
	<Description>
		<MeasurementUnit>pixel</MeasurementUnit>
		<sourceImageInformation>
			<fileName>/tmp/tess_hlao3q3l_input.PNG</fileName>
		</sourceImageInformation>
		<OCRProcessing ID="OCR_0">
			<ocrProcessingStep>
				<processingSoftware>
					<softwareName>tesseract 5.3.4</softwareName>
				</processingSoftware>
			</ocrProcessingStep>
		</OCRProcessing>
	</Description>
	<Layout>
		<Page WIDTH="1061" HEIGHT="1656" PHYSICAL_IMG_NR="0" ID="page_0">
			<PrintSpace HPOS="0" VPOS="0" WIDTH="1061" HEIGHT="1656">
				<ComposedBlock ID="cblock_0" HPOS="318" VPOS="144" WIDTH="500" HEIGHT="25">
					<TextBlock ID="block_0" HPOS="318" VPOS="144" WIDTH="500" HEIGHT="25">
						<TextLine ID="line_0" HPOS="318" VPOS="144" WIDTH="500" HEIGHT="25">
							<String ID="string_0" HPOS="318" VPOS="145" WIDTH="210" HEIGHT="24" WC="0.87" CONTENT="Petitionsbetänkande"/><SP WIDTH="16" VPOS="145" HPOS="528"/>
							<String ID="string_1" HPOS="544" VPOS="144" WIDTH="33" HEIGHT="24" WC="0.72" CONTENT="N:o"/><SP WIDTH="15" VPOS="144" HPOS="577"/>
							<String ID="string_2" HPOS="592" VPOS="144" WIDTH="22" HEIGHT="24" WC="0.96" CONTENT="4:"/><SP WIDTH="177" VPOS="144" HPOS="614"/>
							<String ID="string_3" HPOS="791" VPOS="145" WIDTH="27" HEIGHT="19" WC="0.95" CONTENT="19"/>
						</TextLine>
					</TextBlock>
				</ComposedBlock>
				<ComposedBlock ID="cblock_1" HPOS="85" VPOS="206" WIDTH="773" HEIGHT="1291">
					<TextBlock ID="block_1" HPOS="85" VPOS="206" WIDTH="762" HEIGHT="169">
						<TextLine ID="line_1" HPOS="154" VPOS="206" WIDTH="693" HEIGHT="31">
							<String ID="string_4" HPOS="154" VPOS="209" WIDTH="35" HEIGHT="21" WC="0.96" CONTENT="Af"/><SP WIDTH="20" VPOS="209" HPOS="189"/>
							<String ID="string_5" HPOS="209" VPOS="209" WIDTH="75" HEIGHT="28" WC="0.95" CONTENT="öfriga"/><SP WIDTH="21" VPOS="209" HPOS="284"/>
							<String ID="string_6" HPOS="305" VPOS="208" WIDTH="71" HEIGHT="28" WC="0.96" CONTENT="ryska"/><SP WIDTH="17" VPOS="208" HPOS="376"/>
							<String ID="string_7" HPOS="393" VPOS="214" WIDTH="70" HEIGHT="15" WC="0.96" CONTENT="varor"/><SP WIDTH="15" VPOS="214" HPOS="463"/>
							<String ID="string_8" HPOS="478" VPOS="211" WIDTH="39" HEIGHT="17" WC="0.96" CONTENT="äro"/><SP WIDTH="16" VPOS="211" HPOS="517"/>
							<String ID="string_9" HPOS="533" VPOS="206" WIDTH="83" HEIGHT="22" WC="0.96" CONTENT="endast"/><SP WIDTH="14" VPOS="206" HPOS="616"/>
							<String ID="string_10" HPOS="630" VPOS="206" WIDTH="160" HEIGHT="29" WC="0.15" CONTENT="följande”"/><SP WIDTH="-38" VPOS="206" HPOS="790"/>
							<String ID="string_11" HPOS="752" VPOS="202" WIDTH="40" HEIGHT="39" WC="0.15" CONTENT="vid"/><SP WIDTH="12" VPOS="202" HPOS="792"/>
							<String ID="string_12" HPOS="804" VPOS="206" WIDTH="43" HEIGHT="21" WC="0.92" CONTENT="im-"/>
						</TextLine>
						<TextLine ID="line_2" HPOS="85" VPOS="240" WIDTH="761" HEIGHT="32">
							<String ID="string_13" HPOS="85" VPOS="246" WIDTH="54" HEIGHT="26" WC="0.96" CONTENT="port"/><SP WIDTH="22" VPOS="246" HPOS="139"/>
							<String ID="string_14" HPOS="161" VPOS="243" WIDTH="37" HEIGHT="21" WC="0.96" CONTENT="till"/><SP WIDTH="25" VPOS="243" HPOS="198"/>
							<String ID="string_15" HPOS="223" VPOS="242" WIDTH="102" HEIGHT="22" WC="0.96" CONTENT="Finland"/><SP WIDTH="14" VPOS="242" HPOS="325"/>
							<String ID="string_16" HPOS="339" VPOS="241" WIDTH="172" HEIGHT="22" WC="0.92" CONTENT="underkastade"/><SP WIDTH="15" VPOS="241" HPOS="511"/>
							<String ID="string_17" HPOS="526" VPOS="240" WIDTH="175" HEIGHT="29" WC="0.90" CONTENT="införselafgift,"/><SP WIDTH="15" VPOS="240" HPOS="701"/>
							<String ID="string_18" HPOS="716" VPOS="240" WIDTH="130" HEIGHT="29" WC="0.90" CONTENT="nemligen:"/>
						</TextLine>
						<TextLine ID="line_3" HPOS="87" VPOS="275" WIDTH="760" HEIGHT="31">
							<String ID="string_19" HPOS="87" VPOS="278" WIDTH="28" HEIGHT="21" WC="0.96" CONTENT="de"/><SP WIDTH="14" VPOS="278" HPOS="115"/>
							<String ID="string_20" HPOS="129" VPOS="278" WIDTH="9" HEIGHT="20" WC="0.93" CONTENT="i"/><SP WIDTH="15" VPOS="278" HPOS="138"/>
							<String ID="string_21" HPOS="153" VPOS="277" WIDTH="170" HEIGHT="29" WC="0.92" CONTENT="kejsaredömet"/><SP WIDTH="14" VPOS="277" HPOS="323"/>
							<String ID="string_22" HPOS="337" VPOS="276" WIDTH="53" HEIGHT="22" WC="0.95" CONTENT="med"/><SP WIDTH="16" VPOS="276" HPOS="390"/>
							<String ID="string_23" HPOS="406" VPOS="276" WIDTH="61" HEIGHT="22" WC="0.95" CONTENT="accis"/><SP WIDTH="16" VPOS="276" HPOS="467"/>
							<String ID="string_24" HPOS="483" VPOS="275" WIDTH="99" HEIGHT="29" WC="0.96" CONTENT="belagda"/><SP WIDTH="14" VPOS="275" HPOS="582"/>
							<String ID="string_25" HPOS="596" VPOS="282" WIDTH="100" HEIGHT="14" WC="0.96" CONTENT="varorna"/><SP WIDTH="14" VPOS="282" HPOS="696"/>
							<String ID="string_26" HPOS="710" VPOS="275" WIDTH="78" HEIGHT="27" WC="0.87" CONTENT="tobak,"/><SP WIDTH="10" VPOS="275" HPOS="788"/>
							<String ID="string_27" HPOS="798" VPOS="282" WIDTH="49" HEIGHT="14" WC="0.87" CONTENT="soc-"/>
						</TextLine>
						<TextLine ID="line_4" HPOS="85" VPOS="309" WIDTH="762" HEIGHT="31">
							<String ID="string_28" HPOS="85" VPOS="312" WIDTH="48" HEIGHT="28" WC="0.93" CONTENT="ker,"/><SP WIDTH="22" VPOS="312" HPOS="133"/>
							<String ID="string_29" HPOS="155" VPOS="311" WIDTH="157" HEIGHT="29" WC="0.91" CONTENT="maltdrycker"/><SP WIDTH="22" VPOS="311" HPOS="312"/>
							<String ID="string_30" HPOS="334" VPOS="313" WIDTH="60" HEIGHT="19" WC="0.96" CONTENT="samt"/><SP WIDTH="22" VPOS="313" HPOS="394"/>
							<String ID="string_31" HPOS="416" VPOS="310" WIDTH="118" HEIGHT="22" WC="0.96" CONTENT="dessutom"/><SP WIDTH="22" VPOS="310" HPOS="534"/>
							<String ID="string_32" HPOS="556" VPOS="309" WIDTH="74" HEIGHT="28" WC="0.94" CONTENT="viner,"/><SP WIDTH="22" VPOS="309" HPOS="630"/>
							<String ID="string_33" HPOS="652" VPOS="309" WIDTH="46" HEIGHT="21" WC="0.96" CONTENT="salt"/><SP WIDTH="24" VPOS="309" HPOS="698"/>
							<String ID="string_34" HPOS="722" VPOS="309" WIDTH="44" HEIGHT="21" WC="0.93" CONTENT="och"/><SP WIDTH="22" VPOS="309" HPOS="766"/>
							<String ID="string_35" HPOS="788" VPOS="316" WIDTH="59" HEIGHT="14" WC="0.89" CONTENT="mar-"/>
						</TextLine>
						<TextLine ID="line_5" HPOS="87" VPOS="346" WIDTH="73" HEIGHT="29">
							<String ID="string_36" HPOS="87" VPOS="346" WIDTH="73" HEIGHT="29" WC="0.90" CONTENT="garin."/>
						</TextLine>
					</TextBlock>
					<TextBlock ID="block_2" HPOS="87" VPOS="376" WIDTH="769" HEIGHT="751">
						<TextLine ID="line_6" HPOS="156" VPOS="376" WIDTH="691" HEIGHT="32">
							<String ID="string_37" HPOS="156" VPOS="379" WIDTH="149" HEIGHT="23" WC="0.96" CONTENT="Beträffande"/><SP WIDTH="22" VPOS="379" HPOS="305"/>
							<String ID="string_38" HPOS="327" VPOS="379" WIDTH="56" HEIGHT="29" WC="0.96" CONTENT="rysk"/><SP WIDTH="22" VPOS="379" HPOS="383"/>
							<String ID="string_39" HPOS="405" VPOS="379" WIDTH="73" HEIGHT="21" WC="0.96" CONTENT="tobak"/><SP WIDTH="21" VPOS="379" HPOS="478"/>
							<String ID="string_40" HPOS="499" VPOS="379" WIDTH="43" HEIGHT="21" WC="0.96" CONTENT="har"/><SP WIDTH="15" VPOS="379" HPOS="542"/>
							<String ID="string_41" HPOS="557" VPOS="377" WIDTH="161" HEIGHT="22" WC="0.93" CONTENT="erfarenheten"/><SP WIDTH="15" VPOS="377" HPOS="718"/>
							<String ID="string_42" HPOS="733" VPOS="376" WIDTH="114" HEIGHT="29" WC="0.92" CONTENT="bestyrkt,"/>
						</TextLine>
						<TextLine ID="line_7" HPOS="88" VPOS="411" WIDTH="759" HEIGHT="31">
							<String ID="string_43" HPOS="88" VPOS="416" WIDTH="35" HEIGHT="19" WC="0.93" CONTENT="att"/><SP WIDTH="15" VPOS="416" HPOS="123"/>
							<String ID="string_44" HPOS="138" VPOS="414" WIDTH="160" HEIGHT="28" WC="0.91" CONTENT="afsättningen"/><SP WIDTH="15" VPOS="414" HPOS="298"/>
							<String ID="string_45" HPOS="313" VPOS="413" WIDTH="8" HEIGHT="21" WC="0.96" CONTENT="i"/><SP WIDTH="15" VPOS="413" HPOS="321"/>
							<String ID="string_46" HPOS="336" VPOS="413" WIDTH="103" HEIGHT="21" WC="0.96" CONTENT="Finland"/><SP WIDTH="15" VPOS="413" HPOS="439"/>
							<String ID="string_47" HPOS="454" VPOS="413" WIDTH="52" HEIGHT="21" WC="0.96" CONTENT="icke"/><SP WIDTH="15" VPOS="413" HPOS="506"/>
							<String ID="string_48" HPOS="521" VPOS="412" WIDTH="103" HEIGHT="21" WC="0.96" CONTENT="hämmas"/><SP WIDTH="16" VPOS="412" HPOS="624"/>
							<String ID="string_49" HPOS="640" VPOS="419" WIDTH="84" HEIGHT="21" WC="0.96" CONTENT="genom"/><SP WIDTH="16" VPOS="419" HPOS="724"/>
							<String ID="string_50" HPOS="740" VPOS="412" WIDTH="29" HEIGHT="21" WC="0.93" CONTENT="de"/><SP WIDTH="16" VPOS="412" HPOS="769"/>
							<String ID="string_51" HPOS="785" VPOS="412" WIDTH="13" HEIGHT="21" WC="0.88" CONTENT="å"/><SP WIDTH="15" VPOS="412" HPOS="798"/>
							<String ID="string_52" HPOS="813" VPOS="411" WIDTH="34" HEIGHT="21" WC="0.91" CONTENT="in-"/>
						</TextLine>
						<TextLine ID="line_8" HPOS="87" VPOS="447" WIDTH="761" HEIGHT="30">
							<String ID="string_53" HPOS="87" VPOS="449" WIDTH="87" HEIGHT="21" WC="0.91" CONTENT="förseln"/><SP WIDTH="15" VPOS="449" HPOS="174"/>
							<String ID="string_54" HPOS="189" VPOS="448" WIDTH="70" HEIGHT="29" WC="0.93" CONTENT="lagda"/><SP WIDTH="16" VPOS="448" HPOS="259"/>
							<String ID="string_55" HPOS="275" VPOS="447" WIDTH="131" HEIGHT="30" WC="0.90" CONTENT="afgifterna,"/><SP WIDTH="16" VPOS="447" HPOS="406"/>
							<String ID="string_56" HPOS="422" VPOS="447" WIDTH="82" HEIGHT="22" WC="0.96" CONTENT="hvilka"/><SP WIDTH="15" VPOS="447" HPOS="504"/>
							<String ID="string_57" HPOS="519" VPOS="451" WIDTH="39" HEIGHT="18" WC="0.96" CONTENT="äro"/><SP WIDTH="15" VPOS="451" HPOS="558"/>
							<String ID="string_58" HPOS="573" VPOS="447" WIDTH="64" HEIGHT="28" WC="0.96" CONTENT="lägre"/><SP WIDTH="16" VPOS="447" HPOS="637"/>
							<String ID="string_59" HPOS="653" VPOS="450" WIDTH="29" HEIGHT="17" WC="0.93" CONTENT="än"/><SP WIDTH="16" VPOS="450" HPOS="682"/>
							<String ID="string_60" HPOS="698" VPOS="447" WIDTH="150" HEIGHT="21" WC="0.91" CONTENT="tullsatserna"/>
						</TextLine>
						<TextLine ID="line_9" HPOS="88" VPOS="480" WIDTH="760" HEIGHT="32">
							<String ID="string_61" HPOS="88" VPOS="484" WIDTH="31" HEIGHT="28" WC="0.95" CONTENT="på"/><SP WIDTH="21" VPOS="484" HPOS="119"/>
							<String ID="string_62" HPOS="140" VPOS="483" WIDTH="111" HEIGHT="21" WC="0.95" CONTENT="utländsk"/><SP WIDTH="23" VPOS="483" HPOS="251"/>
							<String ID="string_63" HPOS="274" VPOS="482" WIDTH="77" HEIGHT="22" WC="0.93" CONTENT="tobak."/><SP WIDTH="30" VPOS="482" HPOS="351"/>
							<String ID="string_64" HPOS="381" VPOS="482" WIDTH="112" HEIGHT="27" WC="0.92" CONTENT="Deremot"/><SP WIDTH="20" VPOS="482" HPOS="493"/>
							<String ID="string_65" HPOS="513" VPOS="481" WIDTH="42" HEIGHT="22" WC="0.96" CONTENT="har"/><SP WIDTH="15" VPOS="481" HPOS="555"/>
							<String ID="string_66" HPOS="570" VPOS="481" WIDTH="40" HEIGHT="21" WC="0.96" CONTENT="det"/><SP WIDTH="15" VPOS="481" HPOS="610"/>
							<String ID="string_67" HPOS="625" VPOS="481" WIDTH="61" HEIGHT="22" WC="0.96" CONTENT="visat"/><SP WIDTH="15" VPOS="481" HPOS="686"/>
							<String ID="string_68" HPOS="701" VPOS="481" WIDTH="36" HEIGHT="28" WC="0.96" CONTENT="sig"/><SP WIDTH="16" VPOS="481" HPOS="737"/>
							<String ID="string_69" HPOS="753" VPOS="483" WIDTH="35" HEIGHT="20" WC="0.96" CONTENT="att"/><SP WIDTH="14" VPOS="483" HPOS="788"/>
							<String ID="string_70" HPOS="802" VPOS="480" WIDTH="46" HEIGHT="21" WC="0.96" CONTENT="den"/>
						</TextLine>
						<TextLine ID="line_10" HPOS="88" VPOS="515" WIDTH="759" HEIGHT="30">
							<String ID="string_71" HPOS="88" VPOS="517" WIDTH="203" HEIGHT="28" WC="0.90" CONTENT="tullnedsättning,"/><SP WIDTH="24" VPOS="517" HPOS="291"/>
							<String ID="string_72" HPOS="315" VPOS="523" WIDTH="48" HEIGHT="14" WC="0.96" CONTENT="som"/><SP WIDTH="23" VPOS="523" HPOS="363"/>
							<String ID="string_73" HPOS="386" VPOS="515" WIDTH="80" HEIGHT="22" WC="0.93" CONTENT="blifvit"/><SP WIDTH="21" VPOS="515" HPOS="466"/>
							<String ID="string_74" HPOS="487" VPOS="515" WIDTH="109" HEIGHT="22" WC="0.92" CONTENT="faststäld"/><SP WIDTH="22" VPOS="515" HPOS="596"/>
							<String ID="string_75" HPOS="618" VPOS="515" WIDTH="36" HEIGHT="22" WC="0.96" CONTENT="för"/><SP WIDTH="24" VPOS="515" HPOS="654"/>
							<String ID="string_76" HPOS="678" VPOS="515" WIDTH="67" HEIGHT="28" WC="0.96" CONTENT="ryskt"/><SP WIDTH="15" VPOS="515" HPOS="745"/>
							<String ID="string_77" HPOS="760" VPOS="515" WIDTH="87" HEIGHT="26" WC="0.96" CONTENT="socker,"/>
						</TextLine>
						<TextLine ID="line_11" HPOS="89" VPOS="549" WIDTH="759" HEIGHT="30">
							<String ID="string_78" HPOS="89" VPOS="551" WIDTH="51" HEIGHT="22" WC="0.96" CONTENT="icke"/><SP WIDTH="15" VPOS="551" HPOS="140"/>
							<String ID="string_79" HPOS="155" VPOS="551" WIDTH="62" HEIGHT="22" WC="0.96" CONTENT="varit"/><SP WIDTH="15" VPOS="551" HPOS="217"/>
							<String ID="string_80" HPOS="232" VPOS="551" WIDTH="127" HEIGHT="28" WC="0.95" CONTENT="tillräcklig"/><SP WIDTH="16" VPOS="551" HPOS="359"/>
							<String ID="string_81" HPOS="375" VPOS="552" WIDTH="35" HEIGHT="19" WC="0.96" CONTENT="att"/><SP WIDTH="14" VPOS="552" HPOS="410"/>
							<String ID="string_82" HPOS="424" VPOS="550" WIDTH="75" HEIGHT="21" WC="0.96" CONTENT="under"/><SP WIDTH="15" VPOS="550" HPOS="499"/>
							<String ID="string_83" HPOS="514" VPOS="550" WIDTH="46" HEIGHT="21" WC="0.95" CONTENT="alla"/><SP WIDTH="20" VPOS="550" HPOS="560"/>
							<String ID="string_84" HPOS="580" VPOS="549" WIDTH="162" HEIGHT="22" WC="0.93" CONTENT="förhållanden"/><SP WIDTH="16" VPOS="549" HPOS="742"/>
							<String ID="string_85" HPOS="758" VPOS="549" WIDTH="90" HEIGHT="28" WC="0.89" CONTENT="möjlig-"/>
						</TextLine>
						<TextLine ID="line_12" HPOS="89" VPOS="583" WIDTH="759" HEIGHT="30">
							<String ID="string_86" HPOS="89" VPOS="589" WIDTH="57" HEIGHT="24" WC="0.96" CONTENT="göra"/><SP WIDTH="22" VPOS="589" HPOS="146"/>
							<String ID="string_87" HPOS="168" VPOS="585" WIDTH="52" HEIGHT="22" WC="0.96" CONTENT="dess"/><SP WIDTH="22" VPOS="585" HPOS="220"/>
							<String ID="string_88" HPOS="242" VPOS="585" WIDTH="144" HEIGHT="24" WC="0.95" CONTENT="konkurrens"/><SP WIDTH="23" VPOS="585" HPOS="386"/>
							<String ID="string_89" HPOS="409" VPOS="585" WIDTH="54" HEIGHT="20" WC="0.96" CONTENT="med"/><SP WIDTH="14" VPOS="585" HPOS="463"/>
							<String ID="string_90" HPOS="477" VPOS="584" WIDTH="122" HEIGHT="21" WC="0.96" CONTENT="utländskt"/><SP WIDTH="15" VPOS="584" HPOS="599"/>
							<String ID="string_91" HPOS="614" VPOS="584" WIDTH="86" HEIGHT="21" WC="0.96" CONTENT="socker."/><SP WIDTH="30" VPOS="584" HPOS="700"/>
							<String ID="string_92" HPOS="730" VPOS="584" WIDTH="12" HEIGHT="21" WC="0.93" CONTENT="I"/><SP WIDTH="15" VPOS="584" HPOS="742"/>
							<String ID="string_93" HPOS="757" VPOS="583" WIDTH="91" HEIGHT="22" WC="0.92" CONTENT="betrak-"/>
						</TextLine>
						<TextLine ID="line_13" HPOS="89" VPOS="617" WIDTH="759" HEIGHT="30">
							<String ID="string_94" HPOS="89" VPOS="619" WIDTH="71" HEIGHT="22" WC="0.96" CONTENT="tande"/><SP WIDTH="16" VPOS="619" HPOS="160"/>
							<String ID="string_95" HPOS="176" VPOS="619" WIDTH="27" HEIGHT="22" WC="0.96" CONTENT="af"/><SP WIDTH="12" VPOS="619" HPOS="203"/>
							<String ID="string_96" HPOS="215" VPOS="619" WIDTH="44" HEIGHT="22" WC="0.96" CONTENT="den"/><SP WIDTH="16" VPOS="619" HPOS="259"/>
							<String ID="string_97" HPOS="275" VPOS="619" WIDTH="68" HEIGHT="28" WC="0.93" CONTENT="plats,"/><SP WIDTH="26" VPOS="619" HPOS="343"/>
							<String ID="string_98" HPOS="369" VPOS="619" WIDTH="253" HEIGHT="22" WC="0.90" CONTENT="sockerfabrikationen"/><SP WIDTH="14" VPOS="619" HPOS="622"/>
							<String ID="string_99" HPOS="636" VPOS="618" WIDTH="62" HEIGHT="21" WC="0.96" CONTENT="intar"/><SP WIDTH="14" VPOS="618" HPOS="698"/>
							<String ID="string_100" HPOS="712" VPOS="618" WIDTH="72" HEIGHT="21" WC="0.93" CONTENT="bland"/><SP WIDTH="15" VPOS="618" HPOS="784"/>
							<String ID="string_101" HPOS="799" VPOS="617" WIDTH="49" HEIGHT="29" WC="0.92" CONTENT="kej-"/>
						</TextLine>
						<TextLine ID="line_14" HPOS="90" VPOS="651" WIDTH="759" HEIGHT="29">
							<String ID="string_102" HPOS="90" VPOS="654" WIDTH="141" HEIGHT="21" WC="0.90" CONTENT="saredömets"/><SP WIDTH="15" VPOS="654" HPOS="231"/>
							<String ID="string_103" HPOS="246" VPOS="653" WIDTH="132" HEIGHT="27" WC="0.96" CONTENT="industrier,"/><SP WIDTH="17" VPOS="653" HPOS="378"/>
							<String ID="string_104" HPOS="395" VPOS="660" WIDTH="68" HEIGHT="14" WC="0.95" CONTENT="anser"/><SP WIDTH="14" VPOS="660" HPOS="463"/>
							<String ID="string_105" HPOS="477" VPOS="653" WIDTH="116" HEIGHT="21" WC="0.95" CONTENT="utskottet"/><SP WIDTH="15" VPOS="653" HPOS="593"/>
							<String ID="string_106" HPOS="608" VPOS="654" WIDTH="35" HEIGHT="20" WC="0.96" CONTENT="att"/><SP WIDTH="15" VPOS="654" HPOS="643"/>
							<String ID="string_107" HPOS="658" VPOS="652" WIDTH="44" HEIGHT="21" WC="0.96" CONTENT="den"/><SP WIDTH="8" VPOS="652" HPOS="702"/>
							<String ID="string_108" HPOS="710" VPOS="652" WIDTH="90" HEIGHT="27" WC="0.96" CONTENT="förlust,"/><SP WIDTH="10" VPOS="652" HPOS="800"/>
							<String ID="string_109" HPOS="810" VPOS="651" WIDTH="39" HEIGHT="22" WC="0.96" CONTENT="det"/>
						</TextLine>
						<TextLine ID="line_15" HPOS="90" VPOS="686" WIDTH="760" HEIGHT="30">
							<String ID="string_110" HPOS="90" VPOS="688" WIDTH="76" HEIGHT="21" WC="0.93" CONTENT="skulle"/><SP WIDTH="14" VPOS="688" HPOS="166"/>
							<String ID="string_111" HPOS="180" VPOS="687" WIDTH="129" HEIGHT="29" WC="0.92" CONTENT="tillskynda"/><SP WIDTH="14" VPOS="687" HPOS="309"/>
							<String ID="string_112" HPOS="323" VPOS="687" WIDTH="76" HEIGHT="22" WC="0.96" CONTENT="finska"/><SP WIDTH="15" VPOS="687" HPOS="399"/>
							<String ID="string_113" HPOS="414" VPOS="687" WIDTH="144" HEIGHT="22" WC="0.96" CONTENT="statskassan"/><SP WIDTH="15" VPOS="687" HPOS="558"/>
							<String ID="string_114" HPOS="573" VPOS="689" WIDTH="36" HEIGHT="19" WC="0.95" CONTENT="att"/><SP WIDTH="13" VPOS="689" HPOS="609"/>
							<String ID="string_115" HPOS="622" VPOS="687" WIDTH="137" HEIGHT="28" WC="0.96" CONTENT="ytterligare"/><SP WIDTH="18" VPOS="687" HPOS="759"/>
							<String ID="string_116" HPOS="777" VPOS="686" WIDTH="73" HEIGHT="21" WC="0.96" CONTENT="sänka"/>
						</TextLine>
						<TextLine ID="line_16" HPOS="90" VPOS="720" WIDTH="760" HEIGHT="31">
							<String ID="string_117" HPOS="90" VPOS="722" WIDTH="197" HEIGHT="29" WC="0.92" CONTENT="införselafgiften"/><SP WIDTH="22" VPOS="722" HPOS="287"/>
							<String ID="string_118" HPOS="309" VPOS="721" WIDTH="36" HEIGHT="22" WC="0.97" CONTENT="för"/><SP WIDTH="21" VPOS="721" HPOS="345"/>
							<String ID="string_119" HPOS="366" VPOS="721" WIDTH="67" HEIGHT="29" WC="0.96" CONTENT="ryskt"/><SP WIDTH="20" VPOS="721" HPOS="433"/>
							<String ID="string_120" HPOS="453" VPOS="722" WIDTH="87" HEIGHT="24" WC="0.96" CONTENT="socker,"/><SP WIDTH="16" VPOS="722" HPOS="540"/>
							<String ID="string_121" HPOS="556" VPOS="722" WIDTH="20" HEIGHT="28" WC="0.96" CONTENT="ej"/><SP WIDTH="17" VPOS="722" HPOS="576"/>
							<String ID="string_122" HPOS="593" VPOS="721" WIDTH="70" HEIGHT="22" WC="0.96" CONTENT="borde"/><SP WIDTH="15" VPOS="721" HPOS="663"/>
							<String ID="string_123" HPOS="678" VPOS="721" WIDTH="84" HEIGHT="21" WC="0.96" CONTENT="hindra"/><SP WIDTH="15" VPOS="721" HPOS="762"/>
							<String ID="string_124" HPOS="777" VPOS="720" WIDTH="73" HEIGHT="22" WC="0.96" CONTENT="sådan"/>
						</TextLine>
						<TextLine ID="line_17" HPOS="91" VPOS="754" WIDTH="759" HEIGHT="31">
							<String ID="string_125" HPOS="91" VPOS="757" WIDTH="153" HEIGHT="28" WC="0.95" CONTENT="nedsättning"/><SP WIDTH="23" VPOS="757" HPOS="244"/>
							<String ID="string_126" HPOS="267" VPOS="756" WIDTH="26" HEIGHT="21" WC="0.96" CONTENT="af"/><SP WIDTH="20" VPOS="756" HPOS="293"/>
							<String ID="string_127" HPOS="313" VPOS="756" WIDTH="77" HEIGHT="21" WC="0.93" CONTENT="denna"/><SP WIDTH="21" VPOS="756" HPOS="390"/>
							<String ID="string_128" HPOS="411" VPOS="755" WIDTH="175" HEIGHT="29" WC="0.91" CONTENT="införselafgift,"/><SP WIDTH="26" VPOS="755" HPOS="586"/>
							<String ID="string_129" HPOS="612" VPOS="763" WIDTH="48" HEIGHT="14" WC="0.96" CONTENT="som"/><SP WIDTH="16" VPOS="763" HPOS="660"/>
							<String ID="string_130" HPOS="676" VPOS="755" WIDTH="75" HEIGHT="21" WC="0.93" CONTENT="skulle"/><SP WIDTH="15" VPOS="755" HPOS="751"/>
							<String ID="string_131" HPOS="766" VPOS="754" WIDTH="84" HEIGHT="22" WC="0.92" CONTENT="tillför-"/>
						</TextLine>
						<TextLine ID="line_18" HPOS="92" VPOS="789" WIDTH="758" HEIGHT="30">
							<String ID="string_132" HPOS="92" VPOS="791" WIDTH="67" HEIGHT="21" WC="0.96" CONTENT="säkra"/><SP WIDTH="17" VPOS="791" HPOS="159"/>
							<String ID="string_133" HPOS="176" VPOS="791" WIDTH="28" HEIGHT="21" WC="0.96" CONTENT="de"/><SP WIDTH="15" VPOS="791" HPOS="204"/>
							<String ID="string_134" HPOS="219" VPOS="790" WIDTH="70" HEIGHT="29" WC="0.91" CONTENT="ryska"/><SP WIDTH="15" VPOS="790" HPOS="289"/>
							<String ID="string_135" HPOS="304" VPOS="789" WIDTH="257" HEIGHT="22" WC="0.91" CONTENT="sockerfabrikanterna"/><SP WIDTH="15" VPOS="789" HPOS="561"/>
							<String ID="string_136" HPOS="576" VPOS="789" WIDTH="122" HEIGHT="29" WC="0.96" CONTENT="möjlighet"/><SP WIDTH="15" VPOS="789" HPOS="698"/>
							<String ID="string_137" HPOS="713" VPOS="792" WIDTH="35" HEIGHT="19" WC="0.96" CONTENT="att"/><SP WIDTH="10" VPOS="792" HPOS="748"/>
							<String ID="string_138" HPOS="758" VPOS="789" WIDTH="44" HEIGHT="22" WC="0.96" CONTENT="öka"/><SP WIDTH="12" VPOS="789" HPOS="802"/>
							<String ID="string_139" HPOS="814" VPOS="789" WIDTH="36" HEIGHT="21" WC="0.96" CONTENT="sin"/>
						</TextLine>
						<TextLine ID="line_19" HPOS="92" VPOS="823" WIDTH="759" HEIGHT="30">
							<String ID="string_140" HPOS="92" VPOS="825" WIDTH="131" HEIGHT="28" WC="0.92" CONTENT="afsättning"/><SP WIDTH="12" VPOS="825" HPOS="223"/>
							<String ID="string_141" HPOS="235" VPOS="825" WIDTH="30" HEIGHT="28" WC="0.96" CONTENT="på"/><SP WIDTH="15" VPOS="825" HPOS="265"/>
							<String ID="string_142" HPOS="280" VPOS="825" WIDTH="45" HEIGHT="20" WC="0.97" CONTENT="den"/><SP WIDTH="14" VPOS="825" HPOS="325"/>
							<String ID="string_143" HPOS="339" VPOS="824" WIDTH="76" HEIGHT="22" WC="0.96" CONTENT="finska"/><SP WIDTH="15" VPOS="824" HPOS="415"/>
							<String ID="string_144" HPOS="430" VPOS="825" WIDTH="150" HEIGHT="20" WC="0.96" CONTENT="marknaden."/><SP WIDTH="30" VPOS="825" HPOS="580"/>
							<String ID="string_145" HPOS="610" VPOS="824" WIDTH="28" HEIGHT="29" WC="0.95" CONTENT="Ej"/><SP WIDTH="17" VPOS="824" HPOS="638"/>
							<String ID="string_146" HPOS="655" VPOS="824" WIDTH="72" HEIGHT="21" WC="0.94" CONTENT="heller"/><SP WIDTH="7" VPOS="824" HPOS="727"/>
							<String ID="string_147" HPOS="734" VPOS="823" WIDTH="67" HEIGHT="22" WC="0.93" CONTENT="torde"/><SP WIDTH="8" VPOS="823" HPOS="801"/>
							<String ID="string_148" HPOS="809" VPOS="823" WIDTH="42" HEIGHT="21" WC="0.90" CONTENT="nå-"/>
						</TextLine>
						<TextLine ID="line_20" HPOS="91" VPOS="858" WIDTH="761" HEIGHT="29">
							<String ID="string_149" HPOS="91" VPOS="867" WIDTH="48" HEIGHT="20" WC="0.93" CONTENT="gon"/><SP WIDTH="16" VPOS="867" HPOS="139"/>
							<String ID="string_150" HPOS="155" VPOS="859" WIDTH="126" HEIGHT="28" WC="0.91" CONTENT="afgörande"/><SP WIDTH="15" VPOS="859" HPOS="281"/>
							<String ID="string_151" HPOS="296" VPOS="859" WIDTH="162" HEIGHT="28" WC="0.91" CONTENT="betänklighet"/><SP WIDTH="16" VPOS="859" HPOS="458"/>
							<String ID="string_152" HPOS="474" VPOS="860" WIDTH="36" HEIGHT="20" WC="0.96" CONTENT="stå"/><SP WIDTH="14" VPOS="860" HPOS="510"/>
							<String ID="string_153" HPOS="524" VPOS="859" WIDTH="8" HEIGHT="21" WC="0.96" CONTENT="i"/><SP WIDTH="15" VPOS="859" HPOS="532"/>
							<String ID="string_154" HPOS="547" VPOS="863" WIDTH="77" HEIGHT="24" WC="0.96" CONTENT="vägen"/><SP WIDTH="14" VPOS="863" HPOS="624"/>
							<String ID="string_155" HPOS="638" VPOS="858" WIDTH="36" HEIGHT="22" WC="0.96" CONTENT="för"/><SP WIDTH="16" VPOS="858" HPOS="674"/>
							<String ID="string_156" HPOS="690" VPOS="866" WIDTH="28" HEIGHT="14" WC="0.93" CONTENT="en"/><SP WIDTH="8" VPOS="866" HPOS="718"/>
							<String ID="string_157" HPOS="726" VPOS="858" WIDTH="126" HEIGHT="21" WC="0.96" CONTENT="reduktion"/>
						</TextLine>
						<TextLine ID="line_21" HPOS="93" VPOS="892" WIDTH="759" HEIGHT="30">
							<String ID="string_158" HPOS="93" VPOS="893" WIDTH="26" HEIGHT="21" WC="0.90" CONTENT="af"/><SP WIDTH="12" VPOS="893" HPOS="119"/>
							<String ID="string_159" HPOS="131" VPOS="893" WIDTH="150" HEIGHT="21" WC="0.90" CONTENT="tullsatserna"/><SP WIDTH="15" VPOS="893" HPOS="281"/>
							<String ID="string_160" HPOS="296" VPOS="894" WIDTH="31" HEIGHT="28" WC="0.96" CONTENT="på"/><SP WIDTH="15" VPOS="894" HPOS="327"/>
							<String ID="string_161" HPOS="342" VPOS="893" WIDTH="70" HEIGHT="28" WC="0.96" CONTENT="ryska"/><SP WIDTH="15" VPOS="893" HPOS="412"/>
							<String ID="string_162" HPOS="427" VPOS="893" WIDTH="74" HEIGHT="27" WC="0.96" CONTENT="viner,"/><SP WIDTH="16" VPOS="893" HPOS="501"/>
							<String ID="string_163" HPOS="517" VPOS="897" WIDTH="29" HEIGHT="17" WC="0.96" CONTENT="än"/><SP WIDTH="16" VPOS="897" HPOS="546"/>
							<String ID="string_164" HPOS="562" VPOS="893" WIDTH="89" HEIGHT="21" WC="0.95" CONTENT="mindre"/><SP WIDTH="15" VPOS="893" HPOS="651"/>
							<String ID="string_165" HPOS="666" VPOS="892" WIDTH="36" HEIGHT="22" WC="0.96" CONTENT="för"/><SP WIDTH="10" VPOS="892" HPOS="702"/>
							<String ID="string_166" HPOS="712" VPOS="892" WIDTH="140" HEIGHT="28" WC="0.90" CONTENT="fullständig"/>
						</TextLine>
						<TextLine ID="line_22" HPOS="93" VPOS="926" WIDTH="759" HEIGHT="30">
							<String ID="string_167" HPOS="93" VPOS="928" WIDTH="116" HEIGHT="21" WC="0.96" CONTENT="tullfrihet"/><SP WIDTH="14" VPOS="928" HPOS="209"/>
							<String ID="string_168" HPOS="223" VPOS="927" WIDTH="36" HEIGHT="22" WC="0.96" CONTENT="för"/><SP WIDTH="15" VPOS="927" HPOS="259"/>
							<String ID="string_169" HPOS="274" VPOS="928" WIDTH="45" HEIGHT="20" WC="0.96" CONTENT="salt"/><SP WIDTH="15" VPOS="928" HPOS="319"/>
							<String ID="string_170" HPOS="334" VPOS="927" WIDTH="52" HEIGHT="22" WC="0.93" CONTENT="från"/><SP WIDTH="16" VPOS="927" HPOS="386"/>
							<String ID="string_171" HPOS="402" VPOS="928" WIDTH="174" HEIGHT="28" WC="0.91" CONTENT="kejsaredömet."/><SP WIDTH="22" VPOS="928" HPOS="576"/>
							<String ID="string_172" HPOS="598" VPOS="928" WIDTH="54" HEIGHT="21" WC="0.93" CONTENT="Men"/><SP WIDTH="16" VPOS="928" HPOS="652"/>
							<String ID="string_173" HPOS="668" VPOS="927" WIDTH="103" HEIGHT="21" WC="0.93" CONTENT="deremot"/><SP WIDTH="15" VPOS="927" HPOS="771"/>
							<String ID="string_174" HPOS="786" VPOS="926" WIDTH="66" HEIGHT="21" WC="0.95" CONTENT="torde"/>
						</TextLine>
						<TextLine ID="line_23" HPOS="95" VPOS="961" WIDTH="758" HEIGHT="29">
							<String ID="string_175" HPOS="95" VPOS="962" WIDTH="51" HEIGHT="21" WC="0.96" CONTENT="skäl"/><SP WIDTH="23" VPOS="962" HPOS="146"/>
							<String ID="string_176" HPOS="169" VPOS="962" WIDTH="19" HEIGHT="28" WC="0.95" CONTENT="ej"/><SP WIDTH="23" VPOS="962" HPOS="188"/>
							<String ID="string_177" HPOS="211" VPOS="961" WIDTH="143" HEIGHT="22" WC="0.95" CONTENT="förekomma"/><SP WIDTH="22" VPOS="961" HPOS="354"/>
							<String ID="string_178" HPOS="376" VPOS="964" WIDTH="36" HEIGHT="19" WC="0.96" CONTENT="att"/><SP WIDTH="22" VPOS="964" HPOS="412"/>
							<String ID="string_179" HPOS="434" VPOS="962" WIDTH="74" HEIGHT="21" WC="0.96" CONTENT="sänka"/><SP WIDTH="22" VPOS="962" HPOS="508"/>
							<String ID="string_180" HPOS="530" VPOS="962" WIDTH="55" HEIGHT="21" WC="0.93" CONTENT="eller"/><SP WIDTH="25" VPOS="962" HPOS="585"/>
							<String ID="string_181" HPOS="610" VPOS="961" WIDTH="108" HEIGHT="29" WC="0.92" CONTENT="borttaga"/><SP WIDTH="14" VPOS="961" HPOS="718"/>
							<String ID="string_182" HPOS="732" VPOS="961" WIDTH="75" HEIGHT="21" WC="0.96" CONTENT="tullen"/><SP WIDTH="15" VPOS="961" HPOS="807"/>
							<String ID="string_183" HPOS="822" VPOS="961" WIDTH="31" HEIGHT="28" WC="0.97" CONTENT="på"/>
						</TextLine>
						<TextLine ID="line_24" HPOS="94" VPOS="995" WIDTH="760" HEIGHT="29">
							<String ID="string_184" HPOS="94" VPOS="996" WIDTH="163" HEIGHT="28" WC="0.90" CONTENT="maltdrycker,"/><SP WIDTH="16" VPOS="996" HPOS="257"/>
							<String ID="string_185" HPOS="273" VPOS="996" WIDTH="53" HEIGHT="21" WC="0.96" CONTENT="med"/><SP WIDTH="15" VPOS="996" HPOS="326"/>
							<String ID="string_186" HPOS="341" VPOS="995" WIDTH="109" HEIGHT="22" WC="0.93" CONTENT="afseende"/><SP WIDTH="17" VPOS="995" HPOS="450"/>
							<String ID="string_187" HPOS="467" VPOS="996" WIDTH="13" HEIGHT="21" WC="0.92" CONTENT="å"/><SP WIDTH="15" VPOS="996" HPOS="480"/>
							<String ID="string_188" HPOS="495" VPOS="996" WIDTH="28" HEIGHT="21" WC="0.96" CONTENT="de"/><SP WIDTH="16" VPOS="996" HPOS="523"/>
							<String ID="string_189" HPOS="539" VPOS="996" WIDTH="151" HEIGHT="28" WC="0.96" CONTENT="synpunkter,"/><SP WIDTH="21" VPOS="996" HPOS="690"/>
							<String ID="string_190" HPOS="711" VPOS="1003" WIDTH="49" HEIGHT="14" WC="0.95" CONTENT="som"/><SP WIDTH="23" VPOS="1003" HPOS="760"/>
							<String ID="string_191" HPOS="783" VPOS="995" WIDTH="71" HEIGHT="21" WC="0.95" CONTENT="ofvan"/>
						</TextLine>
						<TextLine ID="line_25" HPOS="95" VPOS="1030" WIDTH="759" HEIGHT="28">
							<String ID="string_192" HPOS="95" VPOS="1030" WIDTH="139" HEIGHT="22" WC="0.88" CONTENT="framhållits"/><SP WIDTH="23" VPOS="1030" HPOS="234"/>
							<String ID="string_193" HPOS="257" VPOS="1030" WIDTH="144" HEIGHT="21" WC="0.90" CONTENT="beträffande"/><SP WIDTH="24" VPOS="1030" HPOS="401"/>
							<String ID="string_194" HPOS="425" VPOS="1030" WIDTH="311" HEIGHT="28" WC="0.90" CONTENT="rusdryckslagstiftningen,"/><SP WIDTH="17" VPOS="1030" HPOS="736"/>
							<String ID="string_195" HPOS="753" VPOS="1030" WIDTH="56" HEIGHT="20" WC="0.96" CONTENT="eller"/><SP WIDTH="14" VPOS="1030" HPOS="809"/>
							<String ID="string_196" HPOS="823" VPOS="1030" WIDTH="31" HEIGHT="28" WC="0.96" CONTENT="på"/>
						</TextLine>
						<TextLine ID="line_26" HPOS="96" VPOS="1063" WIDTH="760" HEIGHT="29">
							<String ID="string_197" HPOS="96" VPOS="1064" WIDTH="125" HEIGHT="28" WC="0.95" CONTENT="margarin,"/><SP WIDTH="22" VPOS="1064" HPOS="221"/>
							<String ID="string_198" HPOS="243" VPOS="1064" WIDTH="96" HEIGHT="22" WC="0.93" CONTENT="hvilken"/><SP WIDTH="21" VPOS="1064" HPOS="339"/>
							<String ID="string_199" HPOS="360" VPOS="1072" WIDTH="68" HEIGHT="13" WC="0.92" CONTENT="varas"/><SP WIDTH="22" VPOS="1072" HPOS="428"/>
							<String ID="string_200" HPOS="450" VPOS="1064" WIDTH="97" HEIGHT="22" WC="0.95" CONTENT="införsel"/><SP WIDTH="23" VPOS="1064" HPOS="547"/>
							<String ID="string_201" HPOS="570" VPOS="1064" WIDTH="36" HEIGHT="22" WC="0.96" CONTENT="till"/><SP WIDTH="20" VPOS="1064" HPOS="606"/>
							<String ID="string_202" HPOS="626" VPOS="1064" WIDTH="189" HEIGHT="22" WC="0.96" CONTENT="förekommande"/><SP WIDTH="15" VPOS="1064" HPOS="815"/>
							<String ID="string_203" HPOS="830" VPOS="1063" WIDTH="26" HEIGHT="22" WC="0.96" CONTENT="af"/>
						</TextLine>
						<TextLine ID="line_27" HPOS="95" VPOS="1098" WIDTH="731" HEIGHT="29">
							<String ID="string_204" HPOS="95" VPOS="1098" WIDTH="220" HEIGHT="28" WC="0.88" CONTENT="smörförfalskning"/><SP WIDTH="15" VPOS="1098" HPOS="315"/>
							<String ID="string_205" HPOS="330" VPOS="1100" WIDTH="87" HEIGHT="20" WC="0.96" CONTENT="ansetts"/><SP WIDTH="17" VPOS="1100" HPOS="417"/>
							<String ID="string_206" HPOS="434" VPOS="1098" WIDTH="56" HEIGHT="22" WC="0.93" CONTENT="böra"/><SP WIDTH="15" VPOS="1098" HPOS="490"/>
							<String ID="string_207" HPOS="505" VPOS="1098" WIDTH="77" HEIGHT="22" WC="0.92" CONTENT="såvidt"/><SP WIDTH="15" VPOS="1098" HPOS="582"/>
							<String ID="string_208" HPOS="597" VPOS="1098" WIDTH="91" HEIGHT="29" WC="0.96" CONTENT="möjligt"/><SP WIDTH="15" VPOS="1098" HPOS="688"/>
							<String ID="string_209" HPOS="703" VPOS="1098" WIDTH="123" HEIGHT="21" WC="0.96" CONTENT="försvåras."/>
						</TextLine>
					</TextBlock>
					<TextBlock ID="block_3" HPOS="96" VPOS="1132" WIDTH="762" HEIGHT="337">
						<TextLine ID="line_28" HPOS="165" VPOS="1132" WIDTH="689" HEIGHT="29">
							<String ID="string_210" HPOS="165" VPOS="1133" WIDTH="85" HEIGHT="21" WC="0.96" CONTENT="Medan"/><SP WIDTH="15" VPOS="1133" HPOS="250"/>
							<String ID="string_211" HPOS="265" VPOS="1132" WIDTH="98" HEIGHT="22" WC="0.96" CONTENT="sålunda"/><SP WIDTH="15" VPOS="1132" HPOS="363"/>
							<String ID="string_212" HPOS="378" VPOS="1133" WIDTH="71" HEIGHT="28" WC="0.96" CONTENT="ryska"/><SP WIDTH="15" VPOS="1133" HPOS="449"/>
							<String ID="string_213" HPOS="464" VPOS="1140" WIDTH="74" HEIGHT="19" WC="0.96" CONTENT="varor,"/><SP WIDTH="16" VPOS="1140" HPOS="538"/>
							<String ID="string_214" HPOS="554" VPOS="1132" WIDTH="53" HEIGHT="22" WC="0.96" CONTENT="med"/><SP WIDTH="15" VPOS="1132" HPOS="607"/>
							<String ID="string_215" HPOS="622" VPOS="1132" WIDTH="70" HEIGHT="22" WC="0.78" CONTENT="ofvan"/><SP WIDTH="13" VPOS="1132" HPOS="692"/>
							<String ID="string_216" HPOS="705" VPOS="1132" WIDTH="98" HEIGHT="22" WC="0.89" CONTENT="anförda"/><SP WIDTH="9" VPOS="1132" HPOS="803"/>
							<String ID="string_217" HPOS="812" VPOS="1140" WIDTH="42" HEIGHT="13" WC="0.89" CONTENT="un-"/>
						</TextLine>
						<TextLine ID="line_29" HPOS="96" VPOS="1167" WIDTH="758" HEIGHT="28">
							<String ID="string_218" HPOS="96" VPOS="1167" WIDTH="95" HEIGHT="28" WC="0.91" CONTENT="dantag,"/><SP WIDTH="24" VPOS="1167" HPOS="191"/>
							<String ID="string_219" HPOS="215" VPOS="1167" WIDTH="40" HEIGHT="21" WC="0.96" CONTENT="vid"/><SP WIDTH="22" VPOS="1167" HPOS="255"/>
							<String ID="string_220" HPOS="277" VPOS="1167" WIDTH="86" HEIGHT="28" WC="0.96" CONTENT="import"/><SP WIDTH="23" VPOS="1167" HPOS="363"/>
							<String ID="string_221" HPOS="386" VPOS="1167" WIDTH="38" HEIGHT="21" WC="0.96" CONTENT="till"/><SP WIDTH="23" VPOS="1167" HPOS="424"/>
							<String ID="string_222" HPOS="447" VPOS="1167" WIDTH="102" HEIGHT="21" WC="0.96" CONTENT="Finland"/><SP WIDTH="21" VPOS="1167" HPOS="549"/>
							<String ID="string_223" HPOS="570" VPOS="1167" WIDTH="90" HEIGHT="28" WC="0.96" CONTENT="åtnjuta"/><SP WIDTH="16" VPOS="1167" HPOS="660"/>
							<String ID="string_224" HPOS="676" VPOS="1167" WIDTH="122" HEIGHT="26" WC="0.96" CONTENT="tullfrihet,"/><SP WIDTH="17" VPOS="1167" HPOS="798"/>
							<String ID="string_225" HPOS="815" VPOS="1170" WIDTH="39" HEIGHT="18" WC="0.96" CONTENT="äro"/>
						</TextLine>
						<TextLine ID="line_30" HPOS="98" VPOS="1200" WIDTH="758" HEIGHT="29">
							<String ID="string_226" HPOS="98" VPOS="1201" WIDTH="104" HEIGHT="21" WC="0.92" CONTENT="deremot"/><SP WIDTH="18" VPOS="1201" HPOS="202"/>
							<String ID="string_227" HPOS="220" VPOS="1201" WIDTH="41" HEIGHT="21" WC="0.96" CONTENT="vid"/><SP WIDTH="15" VPOS="1201" HPOS="261"/>
							<String ID="string_228" HPOS="276" VPOS="1201" WIDTH="96" HEIGHT="21" WC="0.96" CONTENT="införsel"/><SP WIDTH="15" VPOS="1201" HPOS="372"/>
							<String ID="string_229" HPOS="387" VPOS="1201" WIDTH="37" HEIGHT="21" WC="0.95" CONTENT="till"/><SP WIDTH="15" VPOS="1201" HPOS="424"/>
							<String ID="string_230" HPOS="439" VPOS="1201" WIDTH="119" HEIGHT="28" WC="0.96" CONTENT="Ryssland"/><SP WIDTH="16" VPOS="1201" HPOS="558"/>
							<String ID="string_231" HPOS="574" VPOS="1201" WIDTH="28" HEIGHT="21" WC="0.96" CONTENT="de"/><SP WIDTH="15" VPOS="1201" HPOS="602"/>
							<String ID="string_232" HPOS="617" VPOS="1202" WIDTH="64" HEIGHT="20" WC="0.96" CONTENT="flesta"/><SP WIDTH="15" VPOS="1202" HPOS="681"/>
							<String ID="string_233" HPOS="696" VPOS="1201" WIDTH="76" HEIGHT="21" WC="0.93" CONTENT="finska"/><SP WIDTH="17" VPOS="1201" HPOS="772"/>
							<String ID="string_234" HPOS="789" VPOS="1200" WIDTH="67" HEIGHT="22" WC="0.92" CONTENT="indu-"/>
						</TextLine>
						<TextLine ID="line_31" HPOS="97" VPOS="1228" WIDTH="760" HEIGHT="35">
							<String ID="string_235" HPOS="97" VPOS="1235" WIDTH="114" HEIGHT="22" WC="0.92" CONTENT="strialster"/><SP WIDTH="14" VPOS="1235" HPOS="211"/>
							<String ID="string_236" HPOS="225" VPOS="1235" WIDTH="98" HEIGHT="28" WC="0.96" CONTENT="belagda"/><SP WIDTH="15" VPOS="1235" HPOS="323"/>
							<String ID="string_237" HPOS="338" VPOS="1235" WIDTH="52" HEIGHT="21" WC="0.96" CONTENT="med"/><SP WIDTH="16" VPOS="1235" HPOS="390"/>
							<String ID="string_238" HPOS="406" VPOS="1235" WIDTH="51" HEIGHT="28" WC="0.95" CONTENT="tull,"/><SP WIDTH="16" VPOS="1235" HPOS="457"/>
							<String ID="string_239" HPOS="473" VPOS="1243" WIDTH="37" HEIGHT="13" WC="0.96" CONTENT="om"/><SP WIDTH="13" VPOS="1243" HPOS="510"/>
							<String ID="string_240" HPOS="523" VPOS="1236" WIDTH="43" HEIGHT="21" WC="0.96" CONTENT="ock"/><SP WIDTH="12" VPOS="1236" HPOS="566"/>
							<String ID="string_241" HPOS="578" VPOS="1235" WIDTH="64" HEIGHT="21" WC="0.96" CONTENT="inom"/><SP WIDTH="10" VPOS="1235" HPOS="642"/>
							<String ID="string_242" HPOS="652" VPOS="1236" WIDTH="61" HEIGHT="20" WC="0.96" CONTENT="vissa"/><SP WIDTH="10" VPOS="1236" HPOS="713"/>
							<String ID="string_243" HPOS="723" VPOS="1236" WIDTH="87" HEIGHT="20" WC="0.65" CONTENT="limiter"/><SP WIDTH="10" VPOS="1236" HPOS="810"/>
							<String ID="string_244" HPOS="820" VPOS="1228" WIDTH="37" HEIGHT="28" WC="0.96" CONTENT="till"/>
						</TextLine>
						<TextLine ID="line_32" HPOS="97" VPOS="1269" WIDTH="759" HEIGHT="29">
							<String ID="string_245" HPOS="97" VPOS="1269" WIDTH="65" HEIGHT="29" WC="0.96" CONTENT="lägre"/><SP WIDTH="15" VPOS="1269" HPOS="162"/>
							<String ID="string_246" HPOS="177" VPOS="1269" WIDTH="84" HEIGHT="29" WC="0.96" CONTENT="belopp"/><SP WIDTH="16" VPOS="1269" HPOS="261"/>
							<String ID="string_247" HPOS="277" VPOS="1273" WIDTH="30" HEIGHT="17" WC="0.96" CONTENT="än"/><SP WIDTH="16" VPOS="1273" HPOS="307"/>
							<String ID="string_248" HPOS="323" VPOS="1269" WIDTH="121" HEIGHT="21" WC="0.96" CONTENT="enahanda"/><SP WIDTH="16" VPOS="1269" HPOS="444"/>
							<String ID="string_249" HPOS="460" VPOS="1277" WIDTH="68" HEIGHT="14" WC="0.96" CONTENT="varor"/><SP WIDTH="14" VPOS="1277" HPOS="528"/>
							<String ID="string_250" HPOS="542" VPOS="1269" WIDTH="40" HEIGHT="21" WC="0.93" CONTENT="vid"/><SP WIDTH="12" VPOS="1269" HPOS="582"/>
							<String ID="string_251" HPOS="594" VPOS="1269" WIDTH="179" HEIGHT="29" WC="0.91" CONTENT="kejsaredömets"/><SP WIDTH="13" VPOS="1269" HPOS="773"/>
							<String ID="string_252" HPOS="786" VPOS="1272" WIDTH="70" HEIGHT="26" WC="0.95" CONTENT="gräns"/>
						</TextLine>
						<TextLine ID="line_33" HPOS="98" VPOS="1303" WIDTH="758" HEIGHT="22">
							<String ID="string_253" HPOS="98" VPOS="1306" WIDTH="50" HEIGHT="19" WC="0.96" CONTENT="mot"/><SP WIDTH="21" VPOS="1306" HPOS="148"/>
							<String ID="string_254" HPOS="169" VPOS="1304" WIDTH="113" HEIGHT="21" WC="0.95" CONTENT="utlandet."/><SP WIDTH="30" VPOS="1304" HPOS="282"/>
							<String ID="string_255" HPOS="312" VPOS="1303" WIDTH="96" HEIGHT="22" WC="0.96" CONTENT="Liksom"/><SP WIDTH="23" VPOS="1303" HPOS="408"/>
							<String ID="string_256" HPOS="431" VPOS="1304" WIDTH="41" HEIGHT="21" WC="0.92" CONTENT="det"/><SP WIDTH="19" VPOS="1304" HPOS="472"/>
							<String ID="string_257" HPOS="491" VPOS="1304" WIDTH="155" HEIGHT="21" WC="0.91" CONTENT="öfverhufvud"/><SP WIDTH="15" VPOS="1304" HPOS="646"/>
							<String ID="string_258" HPOS="661" VPOS="1304" WIDTH="50" HEIGHT="21" WC="0.96" CONTENT="icke"/><SP WIDTH="16" VPOS="1304" HPOS="711"/>
							<String ID="string_259" HPOS="727" VPOS="1304" WIDTH="74" HEIGHT="20" WC="0.93" CONTENT="finnes"/><SP WIDTH="16" VPOS="1304" HPOS="801"/>
							<String ID="string_260" HPOS="817" VPOS="1310" WIDTH="39" HEIGHT="14" WC="0.91" CONTENT="an-"/>
						</TextLine>
						<TextLine ID="line_34" HPOS="98" VPOS="1338" WIDTH="760" HEIGHT="28">
							<String ID="string_261" HPOS="98" VPOS="1338" WIDTH="97" HEIGHT="28" WC="0.96" CONTENT="ledning"/><SP WIDTH="16" VPOS="1338" HPOS="195"/>
							<String ID="string_262" HPOS="211" VPOS="1340" WIDTH="34" HEIGHT="19" WC="0.96" CONTENT="att"/><SP WIDTH="15" VPOS="1340" HPOS="245"/>
							<String ID="string_263" HPOS="260" VPOS="1338" WIDTH="49" HEIGHT="20" WC="0.96" CONTENT="låta"/><SP WIDTH="14" VPOS="1338" HPOS="309"/>
							<String ID="string_264" HPOS="323" VPOS="1338" WIDTH="126" HEIGHT="20" WC="0.96" CONTENT="utländska"/><SP WIDTH="15" VPOS="1338" HPOS="449"/>
							<String ID="string_265" HPOS="464" VPOS="1346" WIDTH="75" HEIGHT="19" WC="0.95" CONTENT="varor,"/><SP WIDTH="16" VPOS="1346" HPOS="539"/>
							<String ID="string_266" HPOS="555" VPOS="1346" WIDTH="49" HEIGHT="14" WC="0.96" CONTENT="som"/><SP WIDTH="14" VPOS="1346" HPOS="604"/>
							<String ID="string_267" HPOS="618" VPOS="1338" WIDTH="136" HEIGHT="28" WC="0.95" CONTENT="importeras"/><SP WIDTH="15" VPOS="1338" HPOS="754"/>
							<String ID="string_268" HPOS="769" VPOS="1338" WIDTH="37" HEIGHT="21" WC="0.95" CONTENT="till"/><SP WIDTH="12" VPOS="1338" HPOS="806"/>
							<String ID="string_269" HPOS="818" VPOS="1338" WIDTH="40" HEIGHT="20" WC="0.96" CONTENT="det"/>
						</TextLine>
						<TextLine ID="line_35" HPOS="97" VPOS="1371" WIDTH="760" HEIGHT="29">
							<String ID="string_270" HPOS="97" VPOS="1379" WIDTH="46" HEIGHT="14" WC="0.96" CONTENT="ena"/><SP WIDTH="23" VPOS="1379" HPOS="143"/>
							<String ID="string_271" HPOS="166" VPOS="1372" WIDTH="85" HEIGHT="28" WC="0.95" CONTENT="landet,"/><SP WIDTH="15" VPOS="1372" HPOS="251"/>
							<String ID="string_272" HPOS="266" VPOS="1371" WIDTH="52" HEIGHT="22" WC="0.96" CONTENT="fritt"/><SP WIDTH="23" VPOS="1371" HPOS="318"/>
							<String ID="string_273" HPOS="341" VPOS="1372" WIDTH="114" HEIGHT="21" WC="0.96" CONTENT="cirkulera"/><SP WIDTH="24" VPOS="1372" HPOS="455"/>
							<String ID="string_274" HPOS="479" VPOS="1373" WIDTH="37" HEIGHT="21" WC="0.95" CONTENT="till"/><SP WIDTH="22" VPOS="1373" HPOS="516"/>
							<String ID="string_275" HPOS="538" VPOS="1372" WIDTH="40" HEIGHT="22" WC="0.96" CONTENT="det"/><SP WIDTH="20" VPOS="1372" HPOS="578"/>
							<String ID="string_276" HPOS="598" VPOS="1372" WIDTH="78" HEIGHT="28" WC="0.95" CONTENT="andra,"/><SP WIDTH="16" VPOS="1372" HPOS="676"/>
							<String ID="string_277" HPOS="692" VPOS="1376" WIDTH="25" HEIGHT="17" WC="0.96" CONTENT="är"/><SP WIDTH="15" VPOS="1376" HPOS="717"/>
							<String ID="string_278" HPOS="732" VPOS="1372" WIDTH="40" HEIGHT="21" WC="0.96" CONTENT="det"/><SP WIDTH="16" VPOS="1372" HPOS="772"/>
							<String ID="string_279" HPOS="788" VPOS="1372" WIDTH="69" HEIGHT="21" WC="0.95" CONTENT="äfven"/>
						</TextLine>
						<TextLine ID="line_36" HPOS="98" VPOS="1406" WIDTH="760" HEIGHT="28">
							<String ID="string_280" HPOS="98" VPOS="1406" WIDTH="139" HEIGHT="27" WC="0.92" CONTENT="förklarligt,"/><SP WIDTH="30" VPOS="1406" HPOS="237"/>
							<String ID="string_281" HPOS="267" VPOS="1407" WIDTH="36" HEIGHT="20" WC="0.96" CONTENT="att"/><SP WIDTH="29" VPOS="1407" HPOS="303"/>
							<String ID="string_282" HPOS="332" VPOS="1406" WIDTH="145" HEIGHT="28" WC="0.95" CONTENT="obegränsad"/><SP WIDTH="31" VPOS="1406" HPOS="477"/>
							<String ID="string_283" HPOS="508" VPOS="1406" WIDTH="43" HEIGHT="21" WC="0.93" CONTENT="och"/><SP WIDTH="31" VPOS="1406" HPOS="551"/>
							<String ID="string_284" HPOS="582" VPOS="1406" WIDTH="74" HEIGHT="21" WC="0.88" CONTENT="tullfri"/><SP WIDTH="28" VPOS="1406" HPOS="656"/>
							<String ID="string_285" HPOS="684" VPOS="1406" WIDTH="97" HEIGHT="21" WC="0.96" CONTENT="införsel"/><SP WIDTH="25" VPOS="1406" HPOS="781"/>
							<String ID="string_286" HPOS="806" VPOS="1406" WIDTH="52" HEIGHT="21" WC="0.96" CONTENT="icke"/>
						</TextLine>
						<TextLine ID="line_37" HPOS="99" VPOS="1439" WIDTH="759" HEIGHT="30">
							<String ID="string_287" HPOS="99" VPOS="1439" WIDTH="38" HEIGHT="22" WC="0.96" CONTENT="till"/><SP WIDTH="15" VPOS="1439" HPOS="137"/>
							<String ID="string_288" HPOS="152" VPOS="1439" WIDTH="155" HEIGHT="29" WC="0.95" CONTENT="kejsardömet"/><SP WIDTH="15" VPOS="1439" HPOS="307"/>
							<String ID="string_289" HPOS="322" VPOS="1440" WIDTH="98" HEIGHT="29" WC="0.96" CONTENT="beviljas"/><SP WIDTH="15" VPOS="1440" HPOS="420"/>
							<String ID="string_290" HPOS="435" VPOS="1439" WIDTH="38" HEIGHT="22" WC="0.96" CONTENT="för"/><SP WIDTH="15" VPOS="1439" HPOS="473"/>
							<String ID="string_291" HPOS="488" VPOS="1440" WIDTH="86" HEIGHT="21" WC="0.96" CONTENT="sådana"/><SP WIDTH="15" VPOS="1440" HPOS="574"/>
							<String ID="string_292" HPOS="589" VPOS="1440" WIDTH="75" HEIGHT="21" WC="0.93" CONTENT="finska"/><SP WIDTH="14" VPOS="1440" HPOS="664"/>
							<String ID="string_293" HPOS="678" VPOS="1439" WIDTH="135" HEIGHT="28" WC="0.92" CONTENT="fabrikater,"/><SP WIDTH="8" VPOS="1439" HPOS="813"/>
							<String ID="string_294" HPOS="821" VPOS="1439" WIDTH="37" HEIGHT="22" WC="0.97" CONTENT="till"/>
						</TextLine>
					</TextBlock>
					<TextBlock ID="block_4" HPOS="171" VPOS="1479" WIDTH="346" HEIGHT="18">
						<TextLine ID="line_38" HPOS="171" VPOS="1479" WIDTH="346" HEIGHT="18">
							<String ID="string_295" HPOS="171" VPOS="1479" WIDTH="142" HEIGHT="18" WC="0.85" CONTENT="Statsutskoltets"/><SP WIDTH="12" VPOS="1479" HPOS="313"/>
							<String ID="string_296" HPOS="325" VPOS="1479" WIDTH="112" HEIGHT="18" WC="0.96" CONTENT="betänkande"/><SP WIDTH="12" VPOS="1479" HPOS="437"/>
							<String ID="string_297" HPOS="449" VPOS="1479" WIDTH="39" HEIGHT="18" WC="0.96" CONTENT="N:o"/><SP WIDTH="12" VPOS="1479" HPOS="488"/>
							<String ID="string_298" HPOS="500" VPOS="1480" WIDTH="17" HEIGHT="17" WC="0.96" CONTENT="2."/>
						</TextLine>
					</TextBlock>
				</ComposedBlock>
			</PrintSpace>
		</Page>
	</Layout>
</alto>
