1064 1678
247 152 13 20 6
412 149 262 26 Motlonsbetänkande
689 152 46 23 N:o
750 152 23 23 3.

636 219 10 22 8
666 218 33 19 50.

423 268 82 21 Pröfvas
528 269 34 20 det
576 271 30 18 att
621 269 130 20 befälhafvare
774 269 117 20 försummat
912 270 60 25 nödig

356 303 80 20 omsorg
450 297 32 20 vid
496 298 144 25 undersökning
654 298 26 25 af
690 299 91 24 fartygets
795 298 116 25 sjömässiga
921 298 52 19 skick

356 325 44 20 eller
422 326 34 19 vid
471 327 97 25 fartygets
584 327 117 25 utrustning
716 327 37 19 och
767 327 149 25 proviantering
931 327 42 19 eller

355 354 98 25 förseende
474 355 44 19 med
540 355 62 19 andra
622 356 144 24 förnödenheter
798 355 110 19 —vanvärdat
934 356 38 19 den

356 383 102 25 egendom,
480 390 44 13 som
543 384 74 19 honom
639 384 115 20 ombetrodd
769 386 26 22 är,
810 384 47 19 eller
872 384 26 25 pä
912 385 61 18 annat

356 413 41 18 sätt
416 411 97 20 åsidosatt
528 412 84 25 redares,
627 412 113 26 lastegares,
755 412 217 25 inteckningshafvares

356 440 48 19 eller
425 441 151 25 besättningens
592 443 39 18 rätt
650 441 37 20 och
701 442 62 23 bästa,
779 447 46 13 vare
839 441 39 19 han
893 441 80 25 skyldig

357 470 30 18 att
407 471 75 18 ersätta
497 469 75 20 skadan
588 472 52 17 samt
656 470 88 19 förfallen
759 471 30 18 att
810 470 45 19 böta
870 469 43 20 frän
936 469 37 20 och

357 497 45 20 med
417 497 58 26 tjugu
491 498 29 19 till
536 498 36 19 och
587 499 45 19 med
647 499 117 19 femhundra
779 498 55 19 mark
853 498 47 19 eller
915 498 57 19 straf-

357 526 29 19 fes
401 527 45 18 med
461 526 88 25 fängelse
564 527 43 19 frän
628 527 36 20 och
680 527 44 20 med
739 533 24 13 en
782 527 29 19 till
827 527 36 19 och
879 527 44 19 med
938 527 36 19 tolf

359 554 98 21 mänader.
486 555 41 20 Har
540 555 40 20 han
596 555 127 26 uppsätligen
739 555 120 26 förskingrat
873 555 48 20 eller
935 555 37 20 för-

358 583 68 20 snillat
439 584 79 19 redares
533 584 47 20 eller
595 585 107 24 lastegares
717 584 103 25 egendom,
841 584 60 19 varde
915 584 58 19 dömd

358 612 30 19 till
403 613 85 19 tukthus
503 613 64 20 under
582 613 38 19 lika
635 613 47 26 läng
697 613 34 20 tid.

638 688 10 23 S
668 688 32 19 70.

433 744 47 20 Rätt
504 746 29 18 att
555 746 36 18 när
613 750 43 14 som
678 744 53 20 hälst
752 750 72 19 genom
847 744 127 26 uppsägning

358 772 59 20 häfva
438 772 96 26 ingånget
554 773 47 19 aftal
623 779 31 13 om
670 773 118 25 förhyrning
803 773 118 19 tillkommer
936 772 37 26 sjö-

360 807 51 18 man,
432 801 25 19 dä
477 801 81 26 fartyget
572 803 24 17 är
609 802 9 18 i
632 801 69 20 sådant
712 802 58 23 skick,
786 803 27 17 att
827 802 29 18 det
871 802 33 19 bör
918 808 57 12 anses

360 830 100 25 Ufsfarligt
478 832 27 17 att
527 830 79 20 därmed
626 830 69 25 färdas
715 830 44 20 eller
776 830 25 19 dä
816 830 39 19 han
874 830 20 19 af
914 830 59 19 befäl-

359 858 93 20 hafvaren
471 858 65 20 blifvit
550 859 136 19 misshandlad
700 859 47 19 eller
762 859 45 19 med
823 858 91 26 obehörig
928 859 46 19 kost

359 886 136 26 underhållen,
515 888 37 19 och
567 887 71 20 sådant
653 888 50 19 inför
717 887 88 22 domstol
819 887 48 19 eller
876 887 37 19 hos
925 887 48 19 kon-

360 915 32 19 sul
414 916 91 25 utredes;
521 916 26 20 då
561 916 87 25 fartyget
662 916 89 25 försäljes
767 916 30 19 till
812 916 95 19 utländsk
921 921 52 19 man;

360 946 52 17 samt
432 944 26 20 då
479 944 75 26 sjöman
574 945 39 19 kan
628 945 61 19 vinna
700 944 124 25 anställning
839 944 66 20 såsom
921 945 52 24 styr-

360 978 45 14 man
420 972 48 20 eller
482 973 136 25 befälhafvare,
633 974 48 19 eller
695 974 66 19 träder
775 973 6 19 i
793 972 49 26 gifte
852 973 36 19 och
900 972 7 20 i
916 972 58 20 hvar-

359 1001 46 20 dera
420 1001 54 20 fallet
489 1002 72 19 skaffar
575 1007 66 14 annan
656 1002 69 25 duglig
740 1007 46 13 man
801 1002 6 18 i
823 1001 36 20 sitt
874 1001 63 20 ställe.

428 1059 124 25 Helsingfors
568 1059 38 20 den
621 1059 13 20 4
649 1059 85 20 februari
751 1059 60 19 1891.

683 1128 59 20 Elis
764 1127 143 26 Bergroth.

291 1337 47 21 Det
352 1337 151 28 förhållande,
519 1345 49 14 som
580 1339 9 20 i
601 1338 166 22 ofvanstående
780 1337 89 22 motion
879 1337 96 27 beröres,

223 1374 25 18 är
263 1373 57 19 utan
336 1371 83 21 tvifvel
435 1372 67 21 värdt
516 1372 158 28 lagstiftarens
691 1371 211 30 uppmärksamhet.
932 1372 44 21 Ne-

223 1405 41 21 kas
286 1406 47 20 kan
355 1406 118 28 nämligen
496 1406 57 26 icke,
576 1409 36 19 att
629 1406 44 22 den
689 1406 58 22 brist
761 1406 8 22 i
785 1406 42 21 vår
842 1405 135 29 sjölagstift-

222 1439 64 29 ning,
302 1439 209 29 förslagsställaren
526 1440 41 22 har
582 1440 136 29 förtjänsten
734 1440 27 22 af
773 1442 36 20 att
823 1439 70 22 hafva
907 1440 70 22 väckt

292 1490 130 24 Lagutskottets
436 1487 110 23 betänkande
557 1491 38 18 N:o
608 1492 17 19 9.
