1067 1667
291 130 245 24 Petitionsbetänkande
550 130 38 22 N:o
604 129 30 23 19.
785 132 24 20 11

440 190 10 19 &
463 190 16 16 6.

148 229 116 22 Aktuarien,
283 234 42 12 som
345 230 58 22 utgör
420 228 184 22 Statsarkeologens
622 230 98 15 närmaste
738 228 77 18 biträde
833 228 7 17 i

80 258 82 18 embets-
175 257 35 18 och
222 258 139 23 vetenskaplig
373 257 157 23 korrespondens
543 259 51 15 samt
606 256 34 18 vid
652 256 37 18 den
703 256 136 24 systematiska

80 286 148 23 beskrifningen
249 286 22 18 af
287 287 77 17 landets
377 286 161 22 fornlemningar,
551 285 90 17 handhar
652 285 138 23 registraturet
803 286 36 17 och

80 315 236 23 sekreteraregöromålen
334 315 34 17 vid
386 314 68 23 byrån,
473 314 96 18 förvaltar
587 314 31 17 till
631 314 72 23 byråns
722 314 117 23 disposition

79 343 72 18 ställda
164 344 63 17 medel
246 343 37 17 och
301 344 78 17 affattar
398 343 38 17 den
454 342 64 24 årliga
530 342 153 23 redovisningen
696 342 31 17 för
740 343 99 17 desamma

80 372 103 18 äfvensom
195 372 138 18 årsberättelse
345 372 57 18 öfver
414 372 74 22 byråns
500 371 133 17 verksamhet.

443 431 9 20 8
466 430 16 17 7.

148 470 131 18 Intendenten
298 470 89 17 handhar
406 470 37 17 den
462 469 94 24 speciella
573 470 75 17 vården
664 470 21 17 af
696 469 143 18 museisamlin-

80 505 65 17 garna,
164 504 104 18 omsorgen
288 504 32 12 om
339 499 109 17 desammas
464 499 92 17 riktande
569 501 51 15 samt
632 499 119 18 hithörande
763 499 76 17 korres-

80 528 87 23 pondens
181 527 36 18 och
230 527 151 23 arkivgöromäl.

442 573 38 21 58.

148 614 150 17 Konservatorn
316 613 75 23 åligger
413 615 29 15 att
464 619 72 18 genom
556 614 127 23 preparering
703 613 63 24 enligt
786 613 54 18 bästa

80 643 64 17 kända
157 642 88 17 metoder
256 642 62 17 verka
329 641 32 18 för
374 641 86 23 fyndens
472 642 38 17 och
522 642 64 23 öfriga
601 642 117 23 samlingars
733 642 106 18 konserve-

80 671 45 23 ring
137 673 53 15 emot
202 671 124 17 förstörande
338 671 96 16 inverkan
446 671 22 16 af
479 671 43 22 luft,
536 671 51 22 dam,
599 671 39 17 mal
651 671 48 17 eller
711 671 62 17 andra
785 676 52 12 orsa-

81 700 34 17 ker
133 702 51 15 samt
203 699 30 18 för
251 699 61 22 öfrigt
328 699 75 18 biträda
415 699 35 18 vid
463 699 143 23 samlingarnas
618 700 49 17 vård
679 699 36 18 och
728 700 61 17 andra
801 699 35 18 vid

82 727 60 24 byrän
155 728 131 17 förefallande
299 728 85 18 arbeten.

464 770 8 19 s
486 769 16 16 9.

149 808 74 23 Byrän,
235 808 57 17 hvari
302 808 62 23 jämte
377 808 174 23 Statsarkeologen
564 809 64 17 säsom
641 808 117 17 ordförande
766 808 73 17 Aktua-

79 837 48 22 rien,
144 837 134 22 Intendenten,
297 837 36 17 och
350 837 150 17 Konservatorn
513 837 60 18 hafva
586 839 42 16 säte
640 837 36 17 och
689 839 87 19 stämma,
789 842 50 12 sam-

78 865 115 20 manträder
208 865 25 23 pä
245 865 142 18 ordförandens
399 865 83 18 kallelse
495 866 22 17 sä
530 866 41 17 ofta
583 865 94 18 behofvet
689 865 94 23 päkallar.

146 893 40 18 För
203 894 110 23 gltigheten
326 894 23 17 af
371 894 79 22 Byräns
463 895 65 17 beslut
540 895 105 21 erfordras,
658 895 28 16 att
698 894 61 17 minst
771 896 29 15 tre
813 893 25 18 le-

80 923 87 17 damöter
185 922 38 23 sigi
235 923 67 17 därom
314 923 83 17 förenat.
421 923 75 17 Stanna
508 923 32 17 vid
554 923 122 22 omröstning
688 923 33 17 tvä
733 923 108 17 ledamöter

79 954 54 15 emot
144 951 39 21 två,
199 952 21 17 sä
232 951 35 18 har
280 951 133 18 ordföranden
426 951 108 23 afgörande
548 953 44 16 röst.

432 1011 9 19 8
455 1009 28 18 10.

149 1049 78 23 Byräns
245 1049 92 23 samtlige
350 1050 117 23 tjenstemän
481 1050 77 23 ätnjuta
570 1050 32 17 lön
616 1049 36 18 och
664 1049 107 18 innehafva
783 1055 55 17 rang,

80 1077 172 24 Statsarkeologen
266 1078 7 17 i
285 1078 76 23 sjunde,
376 1078 114 21 Aktuarien,
503 1079 131 17 Intendenten
647 1078 35 17 och
691 1078 150 17 Konservatorn

79 1102 7 17 i
102 1107 79 17 åttonde
195 1107 80 17 klassen
287 1107 22 17 af
321 1107 38 18 den
371 1107 31 18 för
415 1107 69 18 landet
495 1107 91 23 gällande
599 1107 139 23 rangordning,
751 1113 36 16 ega
803 1106 38 18 del-

80 1135 88 23 aktighet
181 1136 6 17 i
200 1135 124 18 civilstatens
337 1136 58 17 enke-
408 1136 34 17 och
456 1136 128 23 pupillkassa,
597 1138 50 15 samt
659 1137 33 16 äro
705 1135 33 18 vid
751 1135 88 18 afskeds-

80 1163 83 24 tagande
183 1164 122 23 berättigade
325 1164 30 17 till
374 1165 88 22 pension,
482 1165 62 22 enligt
556 1165 24 17 de
592 1165 31 17 för
635 1164 56 19 civile
703 1164 118 23 tjenstemän
833 1163 6 18 i

79 1192 108 18 allmänhet
199 1193 92 22 gällande
305 1193 93 22 grunder.

438 1241 9 19 8
461 1239 28 17 11.

147 1278 41 18 För
206 1279 133 23 tjensteresor,
358 1279 68 18 hvilka
438 1280 159 22 tjenstemännen
610 1279 61 23 enligt
683 1279 78 23 Byräns
773 1278 64 18 beslut

78 1312 36 17 ega
133 1308 28 17 att
180 1307 95 23 företaga,
295 1308 120 17 tillkommer
433 1308 46 17 dem
497 1308 109 23 ersättning
624 1308 22 17 af
656 1308 98 17 allmänna
767 1307 69 23 medel,

79 1335 172 24 Statsarkeologen
269 1336 62 23 enligt
349 1336 65 22 femte,
434 1336 115 22 Aktuarien,
561 1336 130 18 Intendenten
704 1336 37 18 och
753 1336 85 18 Konser-

79 1365 69 16 vatorn
168 1364 62 23 enligt
248 1364 58 24 sjette
325 1364 78 18 klassen
421 1365 23 17 af
461 1365 91 23 gällande
570 1365 169 23 resereglemente.
763 1364 76 23 Hvarje

79 1392 117 23 tjensteman
210 1395 21 15 är
242 1393 109 23 förpligtad
364 1395 29 15 att
404 1393 78 23 årligen
495 1399 45 11 resa
552 1393 117 18 åtminstone
681 1399 23 12 en
717 1393 81 18 månads
811 1393 29 18 tid

78 1420 31 18 för
127 1420 140 23 betecknande,
279 1421 140 18 beskrifvande
432 1422 38 17 och
482 1421 148 24 undersökning
642 1422 22 17 af
680 1421 157 23 fornlemningar

79 1448 7 18 i
98 1449 24 17 de
137 1450 117 22 landsorter,
267 1450 34 17 där
315 1450 73 17 sädana
400 1450 83 18 arbeten
493 1450 88 17 befinnas
593 1456 47 11 vara
652 1450 21 17 af
684 1450 69 18 nöden.

147 1483 98 19 Allmänna
257 1484 175 18 Besvärsutskottets
443 1484 117 20 betänkande
572 1484 36 18 N:o
620 1485 28 17 15.
