1056 1670
309 123 225 23 Petitionsbetänkande
550 124 34 21 N:o
600 123 15 22 1.
781 125 28 20 67

87 186 53 18 samt
159 187 95 23 uppgöra
273 184 180 26 kostnadsförslag
474 184 31 20 för
524 184 48 20 dess
587 184 117 26 byggande,
719 184 123 26 uppgäende

87 214 31 20 till
134 220 25 14 en
175 215 121 19 slutsumma
311 214 23 20 af
347 214 95 25 omkring
457 214 119 24 8,500,000
591 214 65 19 mark.

158 244 33 20 Då
212 244 79 19 banans
311 243 111 26 byggande
443 243 8 19 i
471 244 47 19 hela
540 244 48 19 dess
608 244 148 25 utsträckning
776 244 66 20 under

87 276 104 17 närmaste
206 273 83 20 framtid
305 273 22 20 af
340 273 115 20 finansiella
466 273 45 20 skäl
522 273 45 20 icke
578 273 43 20 kan
631 273 153 26 ifrägakomma,
795 280 46 14 men

88 303 40 20 den
148 303 82 27 handel,
250 309 43 13 som
314 304 61 24 utgår
396 303 46 19 från
463 303 125 25 Suonenjoki
609 303 76 20 station
707 304 12 19 &
742 303 100 21 Savolaks

88 333 68 19 banan
172 333 38 19 och
226 332 93 21 sträcker
334 333 33 25 sig
382 333 31 19 till
429 333 99 19 stranden
544 332 23 20 af
580 332 81 20 Keitele
677 333 35 26 sjö,
729 333 66 20 skulle
810 332 33 20 för

88 362 62 20 trafik
165 365 68 23 öppna
249 364 66 18 större
330 362 59 20 delen
406 362 23 20 af
442 362 25 20 de
477 363 87 25 trakter,
576 369 43 13 som
630 363 212 25 sammanhbindnings-

89 393 68 19 banan
177 392 54 20 afser
251 394 31 18 att
297 392 82 26 betjena
395 392 37 20 och
448 392 48 20 dess
512 392 126 26 sträckning,
655 392 65 20 sädan
736 393 39 19 den
791 392 51 20 före-

90 421 71 26 slagits
183 421 22 20 af
217 421 132 20 förenämnda
365 422 81 25 komitö,
462 422 95 25 betingas
573 422 23 19 af
608 422 92 20 rådande
716 421 126 26 terrängför-

89 451 109 20 hällanden
215 453 22 18 sä
252 451 32 20 fär
299 451 105 20 vördsamt
417 451 37 26 jag
470 452 90 20 anhälla:

305 499 32 20 att
347 498 109 28 vällojliga
472 498 185 28 Borgareständet
667 498 50 21 ville
727 497 115 22 medverka

233 528 33 20 till
287 534 26 15 en
334 528 139 28 underdänig
490 528 94 27 petition
599 528 73 21 derom
688 529 31 20 att
735 527 107 22 nästkom-

233 558 78 21 mande
326 557 95 22 Ständer
436 557 66 27 blefve
517 558 99 27 förelagd
626 564 28 15 en
661 557 138 28 proposition
810 564 33 14 om

234 587 111 28 byggande
363 587 29 27 af
403 594 26 14 en
445 587 280 27 sammanbindningsbana,
742 594 50 20 som,
808 588 35 20 ut-

233 616 142 29 gäendefrän
383 616 133 28 Suonenjoki
523 617 81 22 station
612 618 14 20 ä
635 616 105 23 Savolaks
743 617 102 27 jernväg,

235 647 69 21 skulle
319 646 120 28 framföras
449 647 9 21 i
468 646 87 22 trakten
566 647 28 27 af
602 646 145 28 Rautalampi
757 646 87 22 sockens

235 676 70 28 kyrka
319 676 37 22 och
366 677 75 21 vidare
453 676 58 28 öfver
522 676 118 22 Kivisalmi
650 677 59 21 sund
720 676 27 28 af
755 676 89 22 Konne-

235 706 44 22 vesi
301 706 74 22 beröra
397 706 84 22 Keitele
501 706 32 28 sjö
553 706 9 22 i
582 706 79 27 nejden
677 706 27 28 af
717 706 74 22 Kuhio
808 706 37 21 och

230 736 108 27 fortsätta
358 736 35 22 till
409 736 87 28 lämplig
509 736 74 28 punkt
605 737 7 21 å
634 736 62 22 Wasa
710 737 80 26 banan,
807 735 38 22 och

236 768 33 20 att
289 766 144 22 bansträckan
455 766 240 28 Suonenjoki—Kuhio
717 765 129 29 uppgående

236 796 8 21 i
260 796 66 28 längd
342 796 33 21 till
391 796 99 28 omkring
506 796 30 21 40
551 796 109 22 kilometer
676 796 66 27 blefve
752 796 47 21 med
810 795 36 21 det

229 826 77 27 första
325 826 74 27 belagd
417 826 47 21 med
482 826 70 21 arbete
574 826 37 21 och
631 828 32 19 att
683 825 73 28 derför
778 824 68 27 erfor-

237 855 69 28 derlig
325 855 92 22 kostnad
435 856 118 27 2,500,000
571 855 63 22 mark
654 856 67 21 mätte
736 855 37 21 vid
788 855 59 20 detta

239 886 142 21 ständermöte
396 885 93 28 beviljas.

166 934 137 27 Helsingfors,
319 935 40 20 den
376 935 28 19 30
419 935 87 20 Januari
524 935 62 19 1891.

607 993 44 21 Carl
668 992 108 22 Sundman.

119 1106 7 8 *
453 1107 42 18 30.

167 1159 56 21 Frän
243 1158 166 22 Bondeständet
427 1162 32 19 ett
474 1160 24 21 af
512 1160 82 21 Herrar
610 1159 54 21 Abel
680 1158 110 28 Häyrinen
807 1158 40 22 och

95 1193 72 22 Johan
183 1194 122 22 Konttinen
317 1194 121 22 inlemnadt
448 1195 188 27 petitionsförslag
648 1201 34 15 om
694 1194 155 27 föreläggande

97 1229 23 21 af
143 1230 66 26 nädig
232 1230 137 26 proposition
393 1230 34 22 till
448 1233 50 19 näst
519 1231 205 21 sammanträdande
744 1230 106 25 landtdag

95 1271 34 15 om
138 1264 115 27 byggande
261 1265 24 21 af
292 1272 27 15 en
328 1265 273 28 sammanbindningsbana
610 1265 47 22 frän
667 1265 131 27 Suonenjoki
807 1266 44 20 sta-

95 1301 55 26 tion,
165 1300 57 22 förbi
238 1301 140 27 Rautalampi
395 1302 105 27 kyrkoby,
521 1302 60 21 öfver
596 1301 116 22 Kivisalmi
728 1301 34 22 till
778 1300 74 22 Särki-

95 1336 55 21 lahti
165 1336 38 22 vid
218 1337 87 21 Keitele
321 1337 39 22 och
377 1337 95 22 derifrän
488 1337 36 22 till
539 1337 138 22 Wasabanan
696 1339 56 19 samt
768 1343 34 15 om
815 1335 38 22 be-

95 1371 96 27 viljande
211 1372 36 21 vid
268 1378 30 15 nu
319 1373 112 26 pägäende
453 1373 106 26 landtdag
579 1373 25 21 af
622 1373 143 26 erforderliga
782 1371 71 22 medel

95 1407 35 21 för
150 1407 116 22 utförande
289 1408 23 21 af
331 1408 107 22 bandelen
459 1408 289 28 Suonenjoki—Särkilahti,
764 1407 89 22 hvilken

95 1442 99 27 petition
210 1443 8 21 i
235 1443 158 27 öfversättning
409 1444 40 20 har
464 1444 96 26 följande
576 1443 94 27 lydelse:

170 1484 176 22 Jernvägsutskottets
359 1484 107 18 betänkande
478 1484 36 18 N:o
527 1485 15 16 1.
