1070 1667
285 139 242 22 Petitionsbetänkande
542 138 36 23 N:o
595 138 28 22 31.
779 140 26 20 31

148 208 81 22 Härvid
244 208 40 22 bör
300 208 98 28 tilläggas
414 210 32 20 att
461 208 35 22 det
512 208 79 27 högsta
606 208 86 27 belopp,
703 208 85 21 hvartill
798 207 37 21 be-

78 243 66 21 rörda
167 243 93 21 kostnad
280 243 68 21 under
364 243 67 27 något
446 242 23 21 af
483 242 65 22 ofvan
564 244 111 25 upptagna
691 242 72 22 skolår
779 242 57 27 stigit

79 277 6 21 i
101 283 28 16 en
144 278 118 26 tväklassig
277 277 67 27 skola,
360 279 24 19 är
400 276 56 22 1484
471 277 42 27 mk,
522 283 51 15 men
583 277 6 21 i
597 277 153 27 lyceigruppen
760 276 76 22 endast

79 311 81 22 hälften
176 312 23 21 af
212 312 71 21 denna
299 318 85 15 summa
400 312 50 21 eller
466 312 41 20 742
523 311 42 21 mk.

148 346 29 21 Af
190 346 64 22 dessa
269 346 29 21 tal
314 346 101 27 framgår,
432 348 31 19 att
477 346 75 27 hvarje
569 346 46 21 elev
630 346 7 20 i
660 346 26 21 de
704 346 132 26 tväklassiga

79 380 103 22 skolorna
205 381 74 21 kostar
302 383 72 19 staten
397 380 130 28 ojämförligt
551 386 61 15 mera
635 382 28 19 än
678 380 74 27 hvarje
768 380 67 22 elev
821 376 16 37 i

80 414 69 28 öfriga
164 415 146 27 skolgrupper,
320 415 42 21 och
372 417 31 19 att
411 415 84 21 således
504 415 26 21 de
539 415 28 26 pä
577 415 64 20 dessa
648 414 74 21 skolor
730 414 105 27 nedlagda

80 449 67 22 totala
170 449 152 27 kostnaderna,
347 449 64 22 äfven
433 449 68 22 under
523 449 155 27 förutsättning
698 451 32 19 att
746 449 26 21 de
787 449 7 20 i
809 449 26 20 de

80 484 132 27 tväklassiga
233 484 102 21 skolorna
357 484 126 21 meddelade
505 483 153 28 kunskaperna
676 483 56 27 finge
753 484 82 21 äsättas

80 525 84 15 samma
186 519 44 27 pris
246 525 48 15 som
316 519 112 21 resultatet
446 518 23 21 af
482 518 69 27 öfriga
567 518 83 21 skolors
666 517 80 27 arbete,
763 518 6 20 i
785 517 50 21 vida

79 553 85 22 mindre
179 553 53 27 grad
248 555 28 19 än
292 553 147 22 kostnaderna
454 553 33 21 för
497 552 68 28 öfriga
575 553 141 27 skolgrupper
725 554 110 19 motsvara

82 588 37 21 sitt
135 587 108 22 ändamål,

149 685 47 21 Den
218 686 100 20 närmare
341 683 128 28 pröfningen
491 684 24 21 af
529 684 26 22 de
572 684 193 27 reformyrkanden
781 684 6 21 i
803 683 32 22 af-

81 719 80 22 seende
183 720 13 20 å
219 719 26 22 de
260 719 132 27 tväklassiga
407 719 230 26 elementärskolorna,
652 725 48 15 som
716 719 120 21 innehällas

81 755 7 20 i
103 753 244 28 petitionsmemorialen
363 753 70 27 1—IV,
449 753 62 22 torde
526 755 118 26 yttermera
654 753 54 21 böra
719 752 84 28 föregås
815 752 23 22 af

83 795 26 15 en
131 788 133 27 granskning
286 787 23 22 af
328 787 106 22 särskilda
454 787 149 22 förhällanden
618 787 35 22 vid
668 787 84 22 landets
768 787 68 27 öfriga

83 822 226 23 elementarlärovärk.

152 857 31 21 En
198 857 76 21 kritisk
289 857 130 27 behandling
434 856 23 22 af
469 857 126 27 tillgängligt
611 856 115 22 statistiskt
741 856 98 22 material

83 891 93 22 rörande
192 891 64 22 dessa
271 891 100 21 lärovärk
386 897 38 22 ger
438 891 109 27 nämligen
563 891 36 21 vid
614 891 92 26 handen,
716 892 32 20 att
758 891 27 21 de
793 892 46 19 mot

84 927 26 21 de
125 926 133 27 tväklassiga
273 926 220 21 elementarskolorna
503 925 127 22 framstälda
641 925 198 27 anmärkningarna

84 962 7 20 i
113 961 108 21 särskilda
240 961 92 27 punkter
344 961 82 27 jämväl
441 961 63 21 träffa
519 960 70 27 öfriga
607 959 132 22 skolformer.
769 959 70 22 Päfal-

84 995 63 22 lande
157 997 24 20 är
196 995 76 22 härvid
287 995 155 27 proportionen
458 995 78 21 mellan
553 995 82 21 antalet
650 995 77 26 elever,
744 1001 47 14 som
807 993 32 22 af-

84 1031 46 26 gätt
146 1029 46 22 före
208 1030 70 21 slutad
294 1029 104 27 skolkurs,
415 1029 41 22 och
473 1029 48 22 dem
532 1036 47 15 som
597 1029 53 22 efter
665 1029 84 21 slutade
765 1029 74 21 kurser

85 1064 153 22 utdimitterats
253 1063 48 22 frän
311 1064 134 22 lärovärken.
466 1064 45 21 Här
519 1066 107 25 upptagas
635 1063 48 22 frän
691 1064 26 21 de
732 1063 107 26 lärovärk,

85 1105 47 15 som
155 1099 110 27 samtidigt
287 1105 52 15 voro
362 1098 132 27 fullständigt
517 1098 155 27 organiserade
691 1098 41 21 och
748 1097 90 22 sälunda

85 1133 113 27 samtidigt
214 1133 102 22 arbetade
331 1133 69 21 under
415 1133 43 21 lika
473 1132 151 23 förhällanden
634 1133 57 21 hvad
699 1132 141 21 klassantalet

85 1167 141 27 vidkommer,
240 1167 136 28 jämförande
391 1167 76 27 siffror,
484 1167 71 22 hvilka
579 1168 71 21 utvisa
669 1167 81 21 antalet
770 1167 70 21 elever

85 1203 7 20 i
109 1203 26 20 de
153 1202 57 21 olika
225 1202 175 27 skolgrupperna,
415 1208 48 15 som
479 1201 67 28 afgått
563 1201 46 22 före
624 1201 93 22 afslutad
732 1201 51 21 kurs
798 1201 41 21 och

85 1236 48 22 från
143 1237 79 26 högsta
232 1237 86 21 klassen
333 1237 50 21 med
398 1237 197 27 dimissionsbetyg:

157 1488 98 18 Allmänna
266 1487 173 18 Besvärsutskottets
451 1487 110 19 betänkande
573 1487 34 18 N:o
620 1488 31 17 21.
