1056 1673
302 115 225 23 Petitionsbetänkande
544 116 34 21 N:o
594 115 14 21 1.
765 117 42 20 189

84 175 125 22 Ständerna
228 181 53 16 vore
297 175 63 22 svärt
375 177 34 20 att
423 177 54 20 utan
495 181 28 16 en
539 175 149 27 förutgängen
702 175 138 28 jemförande

84 211 129 22 ekonomisk
228 211 167 28 undersökning
409 212 123 21 bestämma
550 211 35 27 sig
596 211 34 21 för
640 211 28 22 de
678 210 74 29 linier,
763 211 78 22 hvilka

83 248 69 21 borde
167 247 102 22 tekniskt
284 247 144 22 undersökas.

157 283 45 22 Till
217 283 53 22 fullo
286 283 44 21 kan
343 283 40 27 jag
398 283 49 22 icke
463 283 73 22 heller
552 283 77 21 förena
644 283 45 27 mig
706 289 33 15 om
755 283 85 21 utskot-

85 321 45 20 tets
145 319 120 27 uttalande,
280 320 33 20 att
329 319 27 21 de
371 319 202 27 undersökningar,
585 318 77 22 hvilka
678 318 113 22 erfordras
808 319 34 21 för

85 355 122 27 belysande
231 354 23 22 af
272 354 131 22 hithörande
423 354 84 28 frägor,
528 354 69 22 borde
618 354 92 21 omfatta
730 354 51 22 hela
804 354 38 22 det

87 391 94 21 emellan
205 390 115 23 Savolaks-
344 391 40 21 och
407 390 112 22 Karelska
543 391 98 21 banorna
660 390 104 27 liggande
780 390 62 22 land-

88 427 84 26 skapet.
204 427 44 27 Jag
268 427 67 26 hyser
355 426 111 27 nemligen
490 426 43 22 den
548 426 66 28 åsigt,
631 427 34 21 att
678 426 163 27 förbindnings-

87 463 73 20 banan
175 463 94 21 emellan
285 462 116 22 Savolaks-
417 462 41 22 och
473 462 113 22 Karelska
601 463 99 20 banorna
709 462 41 21 bör
762 462 80 27 dragas

88 499 8 20 i
111 499 73 26 någon
203 499 24 21 af
240 498 27 22 de
282 498 117 28 riktnigar,
415 498 78 22 hvilka
509 498 96 22 föreslås
621 498 8 21 i
644 497 146 23 förevarande
806 504 36 21 pe-

88 534 168 28 titionsförslag,
273 535 55 20 eller
348 534 132 21 åtminstone
497 534 7 21 i
521 540 27 15 en
564 533 108 28 riktning,
690 539 46 16 som
754 533 36 22 till
806 539 36 16 en-

90 570 73 21 skilda
183 570 63 21 delar
267 570 160 21 sammanfaller
447 569 50 22 med
513 569 27 22 de
557 576 30 15 nu
602 569 133 28 föreslagna,
752 569 91 22 hvarför

87 606 39 27 jag
146 606 69 21 också
231 611 65 16 anser
311 611 27 16 en
355 605 128 22 ekonomisk
499 605 168 27 undersökning
682 605 77 27 möjlig
774 605 69 22 redan

90 642 67 21 innan
172 641 111 22 Karelska
299 641 71 22 banan
385 641 75 22 blifvit
476 641 131 22 fullbordad.

161 677 33 22 På
215 677 72 27 grund
307 677 23 21 af
349 676 159 23 ofvanstående
524 677 35 21 får
572 676 40 28 jag
628 677 87 21 således
730 677 114 22 vördsamt

91 713 92 22 föreslå:

307 774 32 20 att
353 779 27 15 en
396 772 123 22 ekonomisk
534 772 164 28 undersökning
716 772 72 22 innan
804 774 40 19 nä-

236 810 34 20 sta
285 808 102 28 landtdag
403 808 65 21 måtte
483 807 130 23 verkställas
628 808 14 21 &
652 808 26 21 de
686 808 159 27 petitionerade

234 844 201 29 jernvägslinierna
458 843 63 28 ifrån
546 843 177 22 Savolaksbanan
743 844 33 21 till
798 843 46 22 Ka-

237 879 71 23 relska
323 880 78 22 banan.

598 928 60 21 Juuso
676 927 97 28 Hedberg.

165 993 12 21 I
193 993 157 22 ofvanstäende
365 993 138 22 reservation
520 993 77 22 förena
613 993 35 27 sig

167 1059 20 21 K.
203 1059 14 22 J.
235 1059 93 28 Högman.
609 1059 48 22 Juho
674 1058 100 22 Pitkänen.

632 1101 19 21 E.
668 1101 12 21 1.
696 1101 60 21 Roini.

166 1167 100 22 Härmed
281 1167 40 22 ber
333 1167 39 27 jag
387 1168 33 20 att
436 1167 22 22 fä
473 1167 95 28 anmäla,
581 1169 32 20 att
626 1167 40 27 jag
681 1167 49 21 icke
745 1158 103 30 närvarit

95 1202 38 23 vid
147 1203 165 28 behandlingen
325 1203 23 22 af
357 1203 78 27 frägan
445 1209 34 16 om
490 1210 28 15 en
531 1203 211 27 förbindningsbana
752 1202 95 22 emellan

96 1238 107 23 Savolaks
219 1239 40 21 och
275 1239 109 22 Karelska
397 1238 158 29 jernvägarna.

598 1293 19 20 A.
633 1292 14 22 J.
664 1291 111 22 Pulkkinen.

167 1470 176 24 Jernvägsutskottets
355 1469 106 19 betänkande
473 1470 36 18 N:o
522 1470 16 17 1.
