1067 1675
301 120 254 22 Motionsbetänkande
570 119 41 22 N:o
626 119 22 22 6.
801 121 23 19 13

96 190 45 22 ning
156 189 81 18 utlemna
250 189 56 18 sådan
321 195 44 12 vara
379 189 31 18 vid
425 189 80 22 tillfälle,
520 189 24 17 då
559 188 232 24 försäljningsrättigheten
801 188 15 23 ej
829 188 26 17 får

96 218 78 18 utöfvas.

166 246 20 18 3.
216 246 94 24 Rusdryck
333 246 28 18 må
380 246 16 23 ej
415 246 92 18 utlemnas
522 247 29 17 till
566 246 42 21 den,
624 252 39 12 som
679 248 20 16 är
714 246 80 18 drucken
810 246 45 17 eller

96 276 16 22 ej
128 275 42 24 fyllt
184 275 69 19 femton
269 275 25 18 år.

166 303 19 19 4.
215 304 41 18 Den
277 310 38 12 som
334 304 11 17 å
362 304 189 22 utskänkningsställe
567 306 20 15 är
601 304 21 17 så
637 304 87 21 drucken,
741 305 28 16 att
783 302 35 18 han
834 304 20 16 är

96 333 6 17 i
117 333 57 17 behof
187 333 20 17 af
219 333 71 23 tillsyn,
305 333 30 17 må
349 333 16 23 ej
381 333 70 17 lemnas
466 335 45 15 utan
527 332 56 23 nödig
598 332 50 18 vård.

445 395 10 22 s
472 394 33 19 20.

165 441 116 22 Handlande,
304 441 33 18 och
360 441 63 22 andra,
443 447 40 12 som
503 442 49 17 hålla
567 442 61 22 öppna
643 441 103 22 salubodar,
761 446 43 12 vare
819 440 35 18 för-

95 470 65 23 bjudet
182 472 28 16 att
232 470 94 18 derstädes
348 470 59 18 såsom
430 470 54 23 gåfva
505 470 29 18 till
552 470 90 23 förtäring
657 470 24 23 på
696 470 62 17 stället
774 470 80 17 utlemna

96 499 88 23 rusdryck
206 499 20 17 af
246 499 46 17 hvad
315 499 38 23 slag
376 499 31 17 det
426 505 43 11 vara
488 499 40 21 må;
544 499 16 23 ej
576 499 58 17 heller
649 499 29 17 må
693 499 11 17 å
719 498 67 24 apotek
801 498 53 18 dessa

96 528 77 23 drycker
188 528 42 18 med
245 528 44 18 eller
303 530 44 16 utan
363 528 88 18 tillsatser
466 528 100 18 utskänkas
581 528 28 17 för
623 530 28 15 att
666 528 33 17 der
713 527 85 18 förtäras.

441 591 10 22 $
467 589 35 20 21.

164 637 94 23 Rusdryck
281 637 28 17 må
332 637 30 18 vid
382 637 133 23 utminutering
529 637 46 18 eller
589 637 125 22 utskänkning
728 637 82 18 hvarken
825 639 27 15 ut-

96 666 72 22 borgas,
188 666 28 17 till
231 665 89 24 förtäring
334 666 24 23 på
373 666 63 17 stället
451 666 58 18 såsom
525 666 53 23 gåfva
593 666 70 22 aflåtas,
678 666 60 18 såsom
753 666 30 17 lån
798 665 54 23 utgif-

95 700 33 12 vas
142 695 45 17 eller
202 700 64 17 genom
283 695 118 23 byteshandel
417 695 44 17 eller
477 697 38 16 mot
530 697 45 21 pant
589 694 93 23 föryttras.

444 757 9 22 $
470 755 33 21 22.

169 803 18 18 1.
216 803 87 18 Förutom
323 803 46 22 dem,
386 803 61 18 hvilka
460 803 73 23 jemlikt
548 803 126 23 stadgandena
688 803 6 17 i
709 803 60 18 denna
784 802 69 18 förord-

99 832 44 22 ning
165 833 31 17 äro
214 832 114 22 berättigade
344 834 27 15 att
386 832 74 23 försälja
475 832 45 18 eller
535 832 90 17 utskänka
641 832 113 22 rusdrycker,
770 831 85 17 fördriste

99 861 28 22 sig
149 860 39 18 icke
211 861 66 22 någon,
296 860 57 18 under
367 860 74 18 hvilken
457 860 132 23 förevändning
604 866 39 12 som
658 860 54 22 helst,
728 862 28 16 att
771 860 20 17 af
803 860 52 17 dessa

100 890 76 22 drycker
192 889 28 17 till
235 890 58 17 större
309 890 44 17 eller
368 890 71 17 mindre
454 890 68 22 belopp
537 889 28 18 för
581 895 45 17 egen
642 890 46 17 eller
698 894 70 12 annans
778 888 78 22 räkning

99 918 79 23 försälja.
209 918 122 23 Byteshandel
347 918 41 18 med
403 918 87 23 rusdryck
506 924 43 12 vare
564 918 37 18 lika
611 916 42 19 med
663 918 108 22 försäljning
781 917 75 18 ansedd.

169 945 18 19 2.
218 947 38 17 Vill
272 947 58 23 någon
347 947 58 18 såsom
421 947 54 23 gäfva
490 947 45 17 eller
549 947 106 23 undfägnad
669 947 11 17 &
695 948 58 16 annat
767 946 53 18 ställe
836 947 22 16 än

100 975 94 18 ofvanföre
216 976 5 16 i
245 975 20 22 $$
289 974 32 23 20,
341 974 24 20 21
387 976 33 17 och
437 974 25 19 22
479 976 122 21 omförmäles,
616 976 60 17 säsom
692 975 30 18 vid
737 975 73 23 bröllop
825 974 33 18 och

100 1004 57 18 andra
178 1004 90 22 gästabud
290 1004 90 18 utskänka
398 1004 114 24 rusdryoker,
532 1005 30 17 mä
576 1004 117 23 godtgörelse
708 1004 21 17 af
741 1004 48 17 hvad
805 1009 54 12 namn

100 1033 35 17 den
151 1038 44 12 vara
210 1033 36 21 mä,
261 1033 60 17 derför
336 1033 81 18 hvarken
433 1034 91 22 betingas,
540 1033 77 18 utfästas
633 1033 44 18 eller
692 1034 108 22 emottagas,
810 1032 7 18 i
828 1038 30 11 an-

101 1064 31 15 nat
151 1061 31 17 fall
201 1062 47 17 skall
264 1062 51 17 äfven
331 1062 35 18 slik
382 1062 126 23 utskänkning
523 1062 28 18 till
567 1062 62 23 olofiig
643 1062 108 22 försäljning
766 1060 92 19 hänföras.

448 1125 9 21 $
474 1123 33 20 23.

171 1170 18 19 1.
219 1171 43 18 Med
285 1171 94 23 rusdryck,
401 1171 74 18 hvilken
495 1171 61 18 blifvit
576 1173 53 21 tagen
645 1171 6 17 i
667 1173 38 15 mät
720 1171 34 18 och
769 1170 91 18 förklarad

102 1199 101 23 förbruten,
226 1199 46 18 skall
295 1199 75 18 förfaras
388 1200 59 23 enligt
465 1200 23 17 de
504 1201 83 16 närmare
602 1199 119 22 föreskrifter,
736 1205 39 12 som
790 1199 28 18 för
833 1199 27 17 sä-

102 1229 48 16 dana
171 1228 32 17 fall
225 1229 45 17 böra
293 1229 86 21 utfärdas,
399 1229 33 17 och
451 1229 36 17 kan
503 1229 64 17 härvid
584 1229 50 17 såväl
649 1228 108 23 försäljning
772 1227 21 18 af
804 1233 56 12 varan

103 1263 38 12 som
164 1257 42 17 dess
224 1257 105 18 uthällande
345 1257 24 23 pä
384 1257 75 18 marken
474 1257 137 23 ifrägakomma.
641 1257 27 18 Pä
682 1257 64 18 landet
760 1257 30 17 mä
804 1256 56 18 likväl

102 1285 108 23 försäljning
232 1286 5 17 i
262 1286 47 17 intet
325 1285 31 18 fall
372 1286 32 17 ske
419 1288 57 16 annat
492 1288 22 16 än
530 1286 19 17 ät
564 1286 138 23 vederbörligen
719 1287 79 21 antagna
813 1285 48 17 äter-

103 1314 99 23 försäljare,
226 1315 5 16 i
254 1315 41 17 stad
317 1314 53 18 äfven
392 1320 66 17 genom
476 1315 83 22 offentlig
578 1315 81 22 auktion,
675 1315 47 17 dock
737 1315 16 22 ej
770 1314 6 17 i
791 1314 69 17 mindre

103 1345 63 21 poster
182 1344 23 17 än
222 1341 26 19 25
265 1343 48 22 liter,
328 1343 61 18 sävidt
404 1344 87 23 beloppet
507 1344 61 17 dertill
583 1344 77 22 uppgär.

172 1370 18 19 2.
221 1372 37 17 Det
272 1372 98 23 inflytasde
385 1372 176 23 försäljningspriset
575 1373 111 17 inlevereras
701 1372 28 17 till
745 1372 59 17 länets
819 1372 42 16 rän-

103 1400 34 17 teri
153 1401 33 16 och
202 1402 90 21 upptages
307 1401 5 16 i
327 1401 148 23 räkenskaperna
491 1401 50 18 öfver
557 1401 166 18 bränvinsmedlen.

171 1442 188 19 Ekonomiutskottets
373 1443 118 18 betänkande
504 1443 35 18 N:o
551 1444 17 17 5.

867 249 65 14 Maltdr.
944 249 10 13 i.
965 249 6 16 $
983 249 19 13 17.

876 440 25 13 Br.
911 439 41 13 kom.
963 439 31 13 bot.

933 457 22 12 25.

913 657 7 17 8
950 667 2 2 25.

872 675 61 13 Maltdr.
945 675 10 12 f.
966 674 7 17 $
983 674 20 13 15.

871 835 61 13 Maltdr.
938 827 16 20 f.
966 834 6 17 $
985 834 22 13 15.

882 1168 26 13 Br.
918 1168 41 13 kom.
970 1167 31 13 bet.

924 1185 7 16 $
941 1185 21 13 28.
