1064 1661
288 116 244 22 Petitionsbetänkande
547 116 36 23 N:o
600 115 20 23 9.
795 118 12 20 7

82 185 146 27 åskådningar
250 186 29 26 på
301 185 113 26 särskilda,
438 185 34 21 för
487 185 129 22 åhörarenes
632 185 207 27 omdömesförmåga

81 219 110 22 måhända
206 219 49 28 föga
270 219 100 28 lämpade
386 220 110 21 områden.
526 219 149 27 Fördenskull,
692 220 40 21 och
749 221 28 20 då
791 221 46 20 där-

80 254 69 28 jämte
171 255 63 20 dessa
256 253 100 27 föredrag
378 254 48 21 icke
448 254 8 21 i
479 261 83 14 samma
584 255 50 20 mån
650 261 45 15 som
711 254 128 22 elementar-

81 288 105 21 kurserna
213 288 75 21 kunna
313 288 143 21 underkastas
484 288 96 28 offentlig
608 288 100 29 kontroll,
737 288 40 22 har
808 291 31 19 ut-

83 322 82 22 skottet
180 322 47 22 icke
242 322 58 22 velat
315 322 87 22 förorda
418 322 103 28 förslaget
537 323 6 21 i
560 324 72 20 denna
647 324 76 26 punkt.

153 357 10 21 1
188 357 101 21 afseende
312 358 13 20 &
347 357 137 27 lämpligaste
507 358 83 21 formen
613 358 33 21 för
662 358 36 21 det
713 358 126 27 nnderstöd,

84 399 46 14 som
152 391 48 21 frän
224 392 36 20 det
282 391 121 22 allmännas
419 392 47 21 sida
482 392 66 22 borde
564 392 87 22 komma
666 392 175 28 undervisnings-

83 426 106 21 kurserna
212 426 32 21 till
266 426 40 29 del,
330 426 66 23 hafva
411 427 111 27 äsigterna
536 427 58 21 inom
611 427 106 22 utskottet
732 428 58 21 varit
805 429 35 20 de-

84 461 55 21 lade.
169 460 42 22 Det
233 461 39 21 har
293 461 89 28 anförts,
406 463 33 20 att
454 461 164 27 kommunerna,
635 461 84 22 hvilkas
734 463 106 20 intressen

85 497 96 20 närmast
203 495 123 28 tillgodoses
348 503 79 20 genom
442 497 63 21 dessa
520 497 250 27 undervisningskurser,
786 497 55 21 bäde

85 530 72 21 kunde
173 529 40 22 och
229 530 65 21 borde
310 533 52 18 utan
379 531 138 27 regeringens
533 531 151 22 mellankomst
700 539 93 14 ansvara
809 531 33 22 för

85 565 63 21 deras
173 564 141 22 ekonomiska
340 565 177 27 säkerställande,
540 565 57 21 hälst
619 572 26 14 en
668 565 103 22 afvikelse
794 566 47 21 frän

86 600 71 20 denna
172 599 84 28 princip
272 599 69 22 skulle
357 600 66 21 bland
438 602 83 20 statens
536 600 91 28 utgifter
642 600 96 22 etablera
753 602 31 20 ett
795 602 47 26 nytt

86 634 66 20 konto
168 635 49 20 med
233 634 89 22 tendens
338 634 33 22 till
386 634 69 22 snabb
472 635 102 27 stegring.
603 634 112 28 Därjämte
728 635 40 21 har
779 634 63 22 fram-

86 668 79 26 hällits,
188 670 33 20 att
243 669 144 27 petitionären
410 676 78 20 genom
504 670 35 21 sin
554 669 112 22 definition
683 670 23 21 af
719 670 124 21 ändamälet

86 704 49 20 med
150 703 278 28 undervisningskurserna,
444 704 108 28 nämligen
569 706 33 19 att
614 705 36 25 ,ät
661 704 114 22 arbetaren
787 704 56 21 skall

86 738 91 21 beredas
201 738 84 22 tillfälle
308 738 33 22 till
363 739 141 21 inhämtande
525 739 25 21 af
566 741 30 19 ett
612 739 7 21 i
635 746 82 14 samma
732 740 50 20 män
798 746 45 14 som

87 772 42 22 den
151 772 111 22 allmänna
285 774 151 27 utvecklingen
460 774 99 21 växande
582 774 54 21 mätt
658 774 24 21 af
700 773 143 22 humanistisk

88 808 120 26 bildning",
225 808 28 21 dä
265 808 25 28 ju
307 809 37 25 ,så
360 808 34 22 väl
408 808 134 22 folkskolans
558 816 46 14 som
620 809 27 20 de
663 808 66 27 högre
744 808 101 21 tekniska

88 842 140 21 lärovärkens
243 843 153 27 undervisning
411 843 86 21 kräfver
512 842 162 28 komplettering
690 843 39 21 och
745 842 100 28 fortsätt-

89 879 76 27 ning",
188 877 48 22 icke
256 877 7 21 i
286 877 191 28 tillfyllesgörande
500 879 54 20 mått
577 877 105 28 klargjort
697 879 36 20 det
750 877 94 27 omfång,

89 913 58 22 inom
163 913 82 22 hvilket
260 913 43 21 han
319 912 49 22 ville
385 913 107 27 begränsa
508 912 181 28 undervisningen
705 912 6 21 i
723 913 62 21 dessa
797 911 48 22 kur-

90 956 39 14 ser.
159 948 50 21 Med
224 948 81 27 hänsyn
322 947 74 21 härtill
412 947 39 21 och
468 949 52 20 enär
535 947 91 22 sålunda
641 947 77 27 själfva
730 948 36 20 det
780 948 66 20 ända-

89 982 50 26 mål,
154 982 33 22 för
201 982 85 22 hvilket
300 985 83 19 statens
399 982 59 28 hjälp
476 982 113 28 påkallats,
606 982 19 27 ej
638 984 25 19 är
676 982 49 21 fullt
735 982 58 21 klart
806 981 40 21 och

90 1017 143 28 petitionären
250 1017 19 27 ej
286 1016 68 22 häller
370 1017 88 21 förmått
473 1017 79 25 bevisa,
566 1018 35 20 det
612 1018 26 20 de
650 1016 32 22 för
692 1017 67 21 redan
770 1016 76 21 existe-

90 1052 67 21 rande
180 1052 76 21 kurser
278 1052 12 21 å
312 1051 50 22 flere
386 1054 57 19 orter
466 1051 106 28 beviljade
589 1050 138 22 kommunala
743 1050 103 27 anslagen

90 1094 50 15 vore
164 1086 33 22 för
220 1087 70 27 knapi
312 1086 109 27 tillmätta,
445 1086 40 22 har
500 1094 26 14 en
543 1086 110 21 minoritet
667 1086 57 21 inom
740 1085 107 21 utskottet

90 1124 72 19 ansett
177 1121 33 28 sig
225 1121 52 22 böra
292 1121 98 28 afstyrka
406 1120 216 28 petitionsförslaget.

159 1156 121 21 Utskottets
295 1155 71 22 flertal
381 1155 40 22 har
436 1155 121 22 emellertid
572 1155 48 21 icke
636 1154 83 22 kunnat
729 1154 118 28 godkänna

90 1191 120 28 principen,
234 1193 32 19 att
286 1197 112 20 omsorgen
420 1197 34 14 om
479 1189 283 27 arbetareundervisningen
780 1188 67 21 borde

91 1225 44 22 helt
161 1225 40 22 och
225 1225 67 22 hållet
317 1225 112 22 åhvälfvas
455 1225 163 27 kommunerna,
642 1225 59 20 detta
723 1224 24 21 så
763 1223 84 28 mycket

91 1260 84 21 mindre
197 1267 44 14 som
262 1261 70 20 denna
348 1259 85 28 princip
449 1259 34 21 för
499 1259 135 22 närvarande
649 1259 8 20 i
672 1259 47 21 vårt
733 1258 53 21 land
801 1257 47 21 fak-

91 1295 52 21 tiskt
166 1295 48 21 icke
236 1296 24 20 är
284 1295 161 27 normgifvande
464 1294 33 21 för
513 1296 82 19 statens
611 1293 136 21 förhållande
762 1292 33 21 till
811 1293 37 20 det

91 1329 111 22 allmänna
217 1329 245 28 folkbildningsarbetet.
489 1329 31 27 Ty
530 1329 28 20 då
570 1328 154 21 kommunerna
735 1327 113 27 tillgodose

91 1366 48 20 sina
157 1364 215 27 bildningsintressen
388 1370 79 20 genom
482 1363 133 21 inrättandet
631 1362 24 21 af
668 1361 125 27 folkskolor,
809 1361 40 21 har

91 1400 42 21 den
155 1399 71 22 finska
248 1400 70 20 staten
342 1399 66 20 redan
430 1398 65 27 länge
511 1397 71 21 funnit
598 1396 64 22 äfven
678 1396 47 22 sina
740 1396 108 21 intressen

91 1434 64 22 häraf
175 1435 24 20 så
215 1434 93 21 känbart
323 1433 98 26 berörda,
438 1434 33 19 att
487 1433 41 20 den
545 1432 18 27 ej
580 1431 75 22 tvekat
670 1433 32 20 att
717 1431 66 21 bland
799 1430 48 21 sina

160 1474 99 18 Allmänna
270 1473 172 18 Besvärsutskottets
454 1472 110 18 betänkande
576 1471 34 19 N:o
623 1472 16 17 6.
