1056 1673
245 114 28 18 88
437 111 225 23 Petitionsbetänkande
680 112 34 22 N:o
730 111 14 22 1.

215 172 138 26 nyssnämnda
382 173 89 20 fabriker
500 173 124 25 Saarikoski,
650 169 80 29 Ämmä,
758 172 92 25 Kurimo,
877 172 88 26 Jyrkkä,

215 202 74 20 Waala
309 202 38 20 och
366 203 65 20 Kives
448 203 103 26 jernbruk
570 203 69 20 blifvit
654 205 95 23 tvungna
765 204 31 18 att
812 202 92 26 upphöra
920 202 45 20 med

215 232 32 20 sin
269 232 134 26 verksamhet,
424 232 85 21 emedan
530 232 113 21 forslandet
663 232 46 21 med
729 233 48 19 häst
798 232 23 20 af
840 232 25 20 de
886 231 80 26 färdiga

214 262 140 26 produkterna
375 263 44 20 blef
439 264 23 19 sä
485 262 49 26 dyrt
557 265 30 17 att
610 262 171 21 fabriksrörelsen
804 262 46 20 icke
870 262 37 20 bar
928 261 37 26 sig,

215 292 65 20 ehuru
299 292 87 26 tillgång
405 294 26 25 pä
453 292 147 21 rämaterialier
620 292 32 20 för
667 292 60 26 ringa
742 292 90 20 kostnad
846 292 53 20 hade
915 292 51 20 stått

215 322 31 20 till
262 322 58 20 buds.

286 363 44 20 Här
345 364 38 20 har
399 364 59 20 äfven
475 364 36 20 sitt
527 366 44 18 säte
587 364 47 20 vårt
644 364 60 19 lands
716 363 103 26 egentliga
830 363 135 26 tjärindustri,

215 394 62 20 hvars
292 394 123 26 produktion
431 394 60 20 äfven
507 394 30 20 för
549 393 129 21 närvarande
689 396 23 17 är
722 393 56 20 känd
790 400 42 14 som
842 393 122 26 betydande,

215 430 46 14 men
283 430 42 14 som
346 424 52 20 dock
419 424 7 19 i
447 424 80 20 saknad
548 424 23 20 af
583 423 199 21 kommunikationer
798 423 52 20 lider
865 423 100 26 ofantligt.

214 453 99 20 Moderna
333 453 106 26 tjärugnar
459 454 67 20 finnas
547 454 38 19 här
606 453 7 20 i
634 453 132 21 verksamhet
782 453 32 20 till
829 456 29 17 ett
874 454 55 19 antal
945 454 23 19 af

217 484 26 18 10
259 483 38 20 och
312 490 73 18 genom
399 484 61 20 dessa
475 484 38 19 har
528 484 32 19 till
575 483 145 25 tjärindustrin
736 483 116 20 tillkommit
868 483 40 20 den
923 483 43 20 lika

215 513 79 26 vigtiga
309 513 160 26 tillverkningen
485 513 22 20 af
520 513 140 26 biprodukter,
672 513 102 26 nemligen
784 513 110 27 terpentin,
905 514 60 19 beck-

215 543 45 25 olja,
276 546 81 23 träsyra
373 544 37 19 och
425 544 42 24 kol;
479 550 45 14 men
536 544 68 19 denna
614 543 90 20 industri
714 545 53 18 samt
778 543 117 25 derigenom
906 543 59 20 äfven

214 573 82 20 landets
312 573 95 20 välstånd
423 574 66 19 skulle
511 574 7 19 i
540 573 132 26 oberäknelig
691 573 53 25 grad
759 574 26 25 gå
801 574 63 25 uppåt
880 580 31 13 om
927 573 39 19 den

213 610 73 18 genom
309 603 110 26 tidsenliga
441 603 198 21 kommunikationer
660 603 66 19 skulle
747 603 103 26 upplifvas
871 603 37 19 och
930 603 35 19 fri-

214 636 61 22 göras
296 633 45 20 från
357 633 25 20 de
398 633 59 26 band,
474 633 7 19 i
497 633 70 20 hvilka
583 633 46 25 den,
646 633 7 19 i
669 633 79 20 saknad
764 633 22 19 af
800 632 165 21 samfärdsmedel

214 670 28 12 nu
259 666 22 16 är
297 663 88 25 fjettrad.

286 699 26 19 Vi
335 697 89 22 behöfva
446 699 45 20 icke
515 699 50 19 efter
587 699 36 19 allt
644 698 58 20 detta
722 705 56 13 mera
799 699 79 25 påpeka
906 698 59 21 dessa

215 728 90 20 trakters
326 728 105 27 betydliga
451 728 119 26 folkmängd
592 729 37 19 och
646 728 233 26 produktionsförmåga,
895 729 70 19 hvilka

214 758 61 20 äfven
298 758 60 20 dessa
378 760 12 18 &
411 758 32 20 sin
464 758 45 20 sida
529 758 46 20 med
596 758 45 20 skäl
660 758 72 20 kunna
747 758 103 26 berättiga
865 758 31 20 till
909 758 55 26 jern-

214 788 175 26 vägsförbindelse
411 789 84 19 emellan
511 788 68 20 denna
594 788 94 20 landsdel
706 788 37 20 och
759 788 35 20 det
810 788 65 26 öfriga
890 788 74 25 landet,

214 818 6 19 i
237 818 112 26 synnerhet
356 825 32 13 om
396 825 46 14 man
452 821 57 23 tager
517 818 7 20 i
532 818 136 21 betraktande
679 818 26 20 de
715 818 46 21 usla
771 818 192 21 kommunikations-

213 848 148 27 förhållanden,
381 848 7 20 i
408 849 71 20 hvilka
505 849 60 20 dessa
588 849 91 19 trakters
702 849 38 19 och
764 848 98 21 särskildt
884 849 81 25 Kajana

214 878 127 21 vidsträckta
361 878 75 21 härads
456 879 119 25 befolkning
596 885 28 13 nu
646 881 22 17 är
692 881 92 23 tvungen
807 880 31 18 att
852 878 56 20 finna
924 878 38 27 sig,

214 911 49 16 enär
279 908 35 20 det
329 908 18 26 ej
363 908 66 20 finnes
445 908 64 21 andra
524 908 254 20 kommunikationsmedel
794 911 26 17 än
836 908 126 26 landsvägen

214 941 53 16 samt
287 945 26 13 en
333 938 104 26 besvärlig
453 939 37 19 och
505 938 61 26 farlig
582 938 72 25 sjöväg
670 938 86 20 allenast
772 939 22 18 åt
808 938 104 25 Uleåborg
927 938 37 25 till,

213 968 96 19 hvarföre
330 975 46 13 man
397 971 23 16 är
440 970 92 24 tvungen
552 970 31 18 att
598 968 148 20 frambefordra
760 968 54 19 båda
830 968 81 25 import-
926 968 37 19 och

213 1000 134 23 exportvaror
375 998 87 20 medelst
489 999 55 19 häst-
571 998 50 19 eller
648 998 105 25 båtskjuts
780 998 37 19 och
844 1000 30 17 att
900 998 64 19 under

213 1027 97 21 brådaste
339 1028 100 20 arbetstid
467 1028 68 19 dertill
562 1027 94 26 uppoffra
682 1029 75 24 många
784 1027 30 19 för
841 1027 123 20 åkerbruket

213 1057 102 26 behöfliga
337 1057 128 26 dagsverken
489 1060 52 18 samt
565 1057 72 20 dervid
660 1058 107 19 bortkasta
788 1057 45 20 sina
853 1057 111 20 mödosamt

213 1086 97 26 förtjenta
330 1087 114 26 penningar
464 1087 31 20 till
514 1087 128 20 betäckande
662 1087 23 20 af
707 1087 139 20 kostnaderna
871 1087 31 19 för
924 1086 40 20 den

213 1116 62 26 långa
290 1123 65 20 resan,
371 1129 29 3 —
416 1116 79 21 hvilket
510 1117 36 20 allt
562 1116 23 20 af
597 1117 39 20 lätt
650 1117 87 20 insedda
752 1117 47 20 skäl
815 1116 93 20 förlamar
929 1120 35 16 nä-

213 1146 216 26 ringsverksamheten
449 1147 37 19 och
507 1147 27 20 all
554 1146 126 27 utveckling,
702 1146 32 20 för
754 1149 31 17 att
806 1146 44 20 icke
872 1153 35 13 ens
923 1146 41 20 tala

214 1183 32 13 om
267 1179 30 17 att
317 1176 27 20 all
362 1176 129 21 konkurrens
507 1176 46 20 med
569 1176 137 26 importvaror
721 1176 35 20 vid
772 1176 50 20 slikt
837 1176 126 20 förhällande

213 1208 24 17 är
253 1206 86 26 omöjlig.

286 1242 37 20 Om
333 1242 142 20 lokaltrafiken
489 1243 12 19 &
513 1242 68 20 denna
591 1242 90 26 jernväg
695 1242 58 20 torde
767 1242 20 20 vi
801 1248 35 13 ens
851 1242 17 24 ej
878 1242 86 19 behöfva

213 1272 101 26 päminna,
330 1274 23 24 ty
368 1272 54 20 inom
437 1272 67 20 denna
519 1272 64 20 banas
600 1272 81 20 omräde
696 1272 60 20 faller
771 1278 24 14 en
812 1273 22 18 sä
850 1271 114 20 vidsträckt

213 1302 100 26 landsdel,
330 1308 25 13 en
371 1303 22 18 sä
409 1302 67 26 talrik,
493 1302 96 25 energisk
604 1302 38 20 och
657 1302 113 26 produktiv
786 1301 118 25 befolkning
918 1301 45 19 med

213 1331 41 25 håg
270 1332 31 19 för
316 1331 79 26 handel,
412 1334 31 18 att
458 1332 56 20 detta
529 1334 61 24 utgör
606 1338 25 14 en
647 1332 82 26 garanti
745 1332 31 19 för
787 1338 25 14 en
823 1331 63 20 sådan
897 1330 65 22 trafik,

285 1367 64 27 Djupt
369 1367 134 26 öfvertygade
519 1375 32 13 om
566 1367 36 21 det
616 1368 130 20 hedervärda
761 1367 93 21 ständets
875 1367 87 19 intresse

213 1396 32 20 för
265 1398 47 18 värt
331 1397 60 20 lands
412 1397 95 26 allsidiga
526 1397 120 26 utveckling
665 1399 54 24 väga
740 1398 21 18 vi
782 1397 79 20 derföre
883 1396 81 20 anhälla

213 1434 32 12 om
261 1426 92 21 ständets
369 1427 123 21 medverkan
508 1427 85 20 derhän:

285 1467 172 23 Jernvägsutskottets
470 1468 106 18 betänkande
589 1468 35 18 N:o
637 1468 16 17 1.
