1034 1675
210 142 13 20 8
387 141 265 23 Motionsbetänkande
667 142 45 22 N:o
728 142 22 22 8.

181 204 48 20 mål.
261 204 49 21 Och
325 204 28 21 dä
369 204 42 21 den
423 204 123 28 föreslagna
558 205 189 27 lagförändringen
758 204 46 21 icke
812 204 56 21 blott
876 203 67 21 skulle

180 238 89 21 komma
292 242 31 18 att
344 239 67 20 införa
427 242 32 18 ett
474 242 49 24 nytt
539 240 47 26 slag
601 240 24 20 af
638 243 46 23 tyst
699 239 142 25 förmänsrätt,
857 237 87 21 hvilken

182 272 29 21 alt
232 272 55 22 efter
311 273 38 21 det
364 280 48 14 som
427 273 225 27 utmätningsärendet
667 273 126 21 fortskrider
808 273 53 21 först
876 271 67 21 skulle

182 306 92 22 omfatta
302 307 41 21 den
368 307 166 21 underordnade
559 308 243 26 förrättningsmannens
826 306 46 21 lösa
901 306 43 20 och

183 340 56 21 fasta
262 341 55 27 gods
338 341 41 21 och
401 342 68 20 sedan
485 341 124 26 exekutors,
626 345 51 18 utan
692 344 32 18 att
739 341 68 27 tredje
822 348 49 13 man
887 340 56 27 egde

182 374 64 21 säker
261 375 67 27 utväg
343 378 32 18 att
390 376 21 20 fä
427 379 56 22 veta,
500 376 38 20 när
554 376 43 21 den
613 383 51 14 enes
680 376 50 20 eller
741 376 42 20 den
793 375 77 21 andres
879 382 64 20 egen-

182 408 52 22 dom
250 409 91 21 därifrän
362 410 95 26 befriats,
479 410 39 21 har
539 410 116 22 Utskottet
676 413 71 18 ansett
762 410 102 26 förslaget
880 409 63 21 äfven

183 450 24 14 ur
222 444 44 20 den
281 444 104 21 allmänna
400 444 110 22 kreditens
526 444 111 28 synpunkt
652 445 48 20 icke
714 444 71 21 kunna
800 444 104 21 förordas.

257 478 76 21 Härtill
348 478 97 22 kommer
461 479 106 27 slutligen,
584 482 32 18 att
632 486 27 14 en
667 479 68 21 sädan
745 478 137 21 förmänsrätt
891 478 52 21 kun-

185 511 27 21 de
228 511 87 22 komma
331 516 32 18 att
378 513 82 27 ganska
475 516 63 24 tungt
554 514 42 20 och
612 513 66 27 ojämt
694 513 81 21 drabba
787 512 101 21 särskildt
895 512 49 20 kro-

183 546 179 21 nolänsmännens
379 546 140 22 ekonomiska
528 548 100 27 ställning
640 548 41 20 och
692 546 154 28 ofördelaktigt
857 546 86 21 inverka

183 581 29 26 pä
224 580 65 21 deras
303 581 76 26 kredit,
396 582 55 21 helst
467 582 38 21 det
520 582 48 21 icke
583 582 63 21 beror
663 583 28 26 pä
707 582 50 20 dem
772 581 80 27 själfva,
869 583 6 19 i
891 580 52 21 hvil-

182 614 43 21 ken
241 615 50 21 män
306 615 27 21 de
349 616 24 20 af
385 615 152 28 kronofogden
548 616 32 21 för
592 616 227 27 utmätningsärenden
829 615 70 21 kunna
911 618 32 18 ta-

184 655 39 20 gas
240 649 12 20 å
268 650 99 27 anspråk.

256 684 29 21 På
305 685 68 26 grund
395 685 25 20 af
432 685 57 20 hvad
508 684 89 21 sålunda
613 684 81 21 anförts
710 684 32 21 får
758 683 120 26 Utskottet,
895 690 47 14 som

183 720 96 18 emotser
300 721 31 18 att
354 718 42 21 den
419 722 58 17 snart
493 719 137 20 förestående
648 719 107 20 reformen
770 718 24 21 af
806 717 136 28 utsöknings-

183 751 107 22 väsendet
305 752 54 21 skall
374 753 99 27 afhjälpa
485 753 81 26 jämväl
582 753 37 21 det
634 753 191 25 missförhållande,
841 759 47 14 som
903 752 40 27 gif-

183 787 31 20 vit
230 786 115 28 anledning
359 787 32 21 till
406 787 206 28 motionsförslaget,
629 788 111 21 vördsamt
755 787 84 25 föreslå,

461 858 32 18 att
515 855 124 21 Ständerna
661 856 50 20 ville
732 855 46 21 låta
793 854 150 28 förevaraude

384 890 93 27 förslag
484 890 106 27 förfalla.

258 1038 38 21 Uti
321 1038 100 22 ärendets
447 1039 131 27 behandling
600 1040 65 20 hafva
688 1039 91 27 deltagit
799 1038 144 22 ordföranden

184 1072 161 27 Montgomery,
362 1072 147 22 ledamöterne
525 1074 126 20 friherrarne
666 1074 26 20 R.
708 1074 28 20 A.
753 1073 81 21 Wrede
850 1074 41 20 och
899 1080 43 14 von

184 1106 66 25 Born,
273 1106 82 27 Jaakko
378 1108 111 25 Forsman,
513 1108 169 29 Schwartzberg,
705 1108 27 21 H.
754 1108 24 21 E.
802 1108 139 25 Schroderus,

184 1139 127 26 Serlachius,
331 1141 114 28 Clouberg,
461 1142 18 27 J.
495 1142 116 27 Stenbäck,
628 1142 97 27 Juselius,
743 1142 94 25 Castrén,
854 1143 88 26 Leppä-

184 1181 48 18 nen,
244 1175 130 21 Tensikkala
389 1176 43 21 och
447 1177 108 21 Teittinen
571 1177 112 21 äfvensom
699 1177 166 27 suppleanterne
876 1177 66 20 Cron-

184 1209 62 21 stedt
263 1209 40 21 och
319 1210 124 27 Karlsberg.

257 1277 134 28 Helsingfors
407 1279 42 20 den
466 1283 9 22 5
493 1279 41 27 maj
553 1280 59 25 1891.

258 1482 129 23 Lagutskottets
399 1483 109 18 betänkande
520 1483 38 18 N:o
570 1484 28 17 13.
