<?xml version="1.0" encoding="UTF-8"?>
<alto xmlns="http://www.loc.gov/standards/alto/ns-v3#" xmlns:xlink="http://www.w3.org/1999/xlink" xmlns:xsi="http://www.w3.org/2001/XMLSchema-instance" xsi:schemaLocation="http://www.loc.gov/standards/alto/ns-v3# http://www.loc.gov/alto/v3/alto-3-0.xsd">
	<Description>
		<MeasurementUnit>pixel</MeasurementUnit>
		<sourceImageInformation>
			<fileName>/tmp/tess_b1gxg78e_input.PNG</fileName>
		</sourceImageInformation>
		<OCRProcessing ID="OCR_0">
			<ocrProcessingStep>
				<processingSoftware>
					<softwareName>tesseract 5.3.4</softwareName>
				</processingSoftware>
			</ocrProcessingStep>
		</OCRProcessing>
	</Description>
	<Layout>
		<Page WIDTH="1070" HEIGHT="1675" PHYSICAL_IMG_NR="0" ID="page_0">
			<PrintSpace HPOS="0" VPOS="0" WIDTH="1070" HEIGHT="1675">
				<ComposedBlock ID="cblock_0" HPOS="256" VPOS="141" WIDTH="516" HEIGHT="23">
					<TextBlock ID="block_0" HPOS="256" VPOS="141" WIDTH="516" HEIGHT="23">
						<TextLine ID="line_0" HPOS="256" VPOS="141" WIDTH="516" HEIGHT="23">
							<String ID="string_0" HPOS="256" VPOS="144" WIDTH="26" HEIGHT="20" WC="0.96" CONTENT="18"/><SP WIDTH="147" VPOS="144" HPOS="282"/>
							<String ID="string_1" HPOS="429" VPOS="142" WIDTH="243" HEIGHT="22" WC="0.90" CONTENT="Petitionsbetänkande"/><SP WIDTH="15" VPOS="142" HPOS="672"/>
							<String ID="string_2" HPOS="687" VPOS="142" WIDTH="35" HEIGHT="22" WC="0.96" CONTENT="N:o"/><SP WIDTH="16" VPOS="142" HPOS="722"/>
							<String ID="string_3" HPOS="738" VPOS="141" WIDTH="34" HEIGHT="23" WC="0.94" CONTENT="28."/>
						</TextLine>
					</TextBlock>
				</ComposedBlock>
				<ComposedBlock ID="cblock_1" HPOS="224" VPOS="211" WIDTH="758" HEIGHT="339">
					<TextBlock ID="block_1" HPOS="224" VPOS="211" WIDTH="758" HEIGHT="235">
						<TextLine ID="line_1" HPOS="224" VPOS="211" WIDTH="756" HEIGHT="29">
							<String ID="string_4" HPOS="224" VPOS="212" WIDTH="57" HEIGHT="26" WC="0.96" CONTENT="rade,"/><SP WIDTH="24" VPOS="212" HPOS="281"/>
							<String ID="string_5" HPOS="305" VPOS="212" WIDTH="105" HEIGHT="28" WC="0.93" CONTENT="nämligen"/><SP WIDTH="23" VPOS="212" HPOS="410"/>
							<String ID="string_6" HPOS="433" VPOS="212" WIDTH="66" HEIGHT="26" WC="0.91" CONTENT="6,000"/><SP WIDTH="17" VPOS="212" HPOS="499"/>
							<String ID="string_7" HPOS="516" VPOS="212" WIDTH="67" HEIGHT="25" WC="0.93" CONTENT="mark,"/><SP WIDTH="16" VPOS="212" HPOS="583"/>
							<String ID="string_8" HPOS="599" VPOS="212" WIDTH="109" HEIGHT="21" WC="0.90" CONTENT="fixerades."/><SP WIDTH="30" VPOS="212" HPOS="708"/>
							<String ID="string_9" HPOS="738" VPOS="212" WIDTH="76" HEIGHT="28" WC="0.85" CONTENT="Enligt"/><SP WIDTH="15" VPOS="212" HPOS="814"/>
							<String ID="string_10" HPOS="829" VPOS="211" WIDTH="56" HEIGHT="22" WC="0.93" CONTENT="hvad"/><SP WIDTH="17" VPOS="211" HPOS="885"/>
							<String ID="string_11" HPOS="902" VPOS="211" WIDTH="78" HEIGHT="22" WC="0.92" CONTENT="utskot-"/>
						</TextLine>
						<TextLine ID="line_2" HPOS="224" VPOS="244" WIDTH="758" HEIGHT="30">
							<String ID="string_12" HPOS="224" VPOS="249" WIDTH="42" HEIGHT="19" WC="0.92" CONTENT="tets"/><SP WIDTH="16" VPOS="249" HPOS="266"/>
							<String ID="string_13" HPOS="282" VPOS="246" WIDTH="132" HEIGHT="22" WC="0.96" CONTENT="betänkande"/><SP WIDTH="14" VPOS="246" HPOS="414"/>
							<String ID="string_14" HPOS="428" VPOS="254" WIDTH="37" HEIGHT="20" WC="0.96" CONTENT="ger"/><SP WIDTH="16" VPOS="254" HPOS="465"/>
							<String ID="string_15" HPOS="481" VPOS="246" WIDTH="35" HEIGHT="21" WC="0.96" CONTENT="vid"/><SP WIDTH="15" VPOS="246" HPOS="516"/>
							<String ID="string_16" HPOS="531" VPOS="246" WIDTH="90" HEIGHT="26" WC="0.96" CONTENT="handen,"/><SP WIDTH="17" VPOS="246" HPOS="621"/>
							<String ID="string_17" HPOS="638" VPOS="244" WIDTH="63" HEIGHT="23" WC="0.96" CONTENT="hafva"/><SP WIDTH="15" VPOS="244" HPOS="701"/>
							<String ID="string_18" HPOS="716" VPOS="246" WIDTH="26" HEIGHT="21" WC="0.96" CONTENT="de"/><SP WIDTH="15" VPOS="246" HPOS="742"/>
							<String ID="string_19" HPOS="757" VPOS="246" WIDTH="33" HEIGHT="22" WC="0.96" CONTENT="för"/><SP WIDTH="15" VPOS="246" HPOS="790"/>
							<String ID="string_20" HPOS="805" VPOS="246" WIDTH="132" HEIGHT="21" WC="0.96" CONTENT="närvarande"/><SP WIDTH="12" VPOS="246" HPOS="937"/>
							<String ID="string_21" HPOS="949" VPOS="246" WIDTH="33" HEIGHT="22" WC="0.96" CONTENT="till"/>
						</TextLine>
						<TextLine ID="line_3" HPOS="224" VPOS="276" WIDTH="757" HEIGHT="33">
							<String ID="string_22" HPOS="224" VPOS="276" WIDTH="182" HEIGHT="32" WC="0.91" CONTENT="Öfverstyrelsens"/><SP WIDTH="27" VPOS="276" HPOS="406"/>
							<String ID="string_23" HPOS="433" VPOS="280" WIDTH="32" HEIGHT="22" WC="0.96" CONTENT="för"/><SP WIDTH="25" VPOS="280" HPOS="465"/>
							<String ID="string_24" HPOS="490" VPOS="276" WIDTH="148" HEIGHT="26" WC="0.19" CONTENT="skolväsendet"/><SP WIDTH="22" VPOS="276" HPOS="638"/>
							<String ID="string_25" HPOS="660" VPOS="280" WIDTH="124" HEIGHT="29" WC="0.93" CONTENT="disposition"/><SP WIDTH="23" VPOS="280" HPOS="784"/>
							<String ID="string_26" HPOS="807" VPOS="280" WIDTH="68" HEIGHT="22" WC="0.91" CONTENT="stälda"/><SP WIDTH="22" VPOS="280" HPOS="875"/>
							<String ID="string_27" HPOS="897" VPOS="280" WIDTH="84" HEIGHT="22" WC="0.96" CONTENT="medlen"/>
						</TextLine>
						<TextLine ID="line_4" HPOS="227" VPOS="314" WIDTH="754" HEIGHT="29">
							<String ID="string_28" HPOS="227" VPOS="314" WIDTH="127" HEIGHT="29" WC="0.93" CONTENT="möjliggjort"/><SP WIDTH="14" VPOS="314" HPOS="354"/>
							<String ID="string_29" HPOS="368" VPOS="315" WIDTH="132" HEIGHT="22" WC="0.90" CONTENT="utbildandet"/><SP WIDTH="15" VPOS="315" HPOS="500"/>
							<String ID="string_30" HPOS="515" VPOS="314" WIDTH="23" HEIGHT="22" WC="0.96" CONTENT="af"/><SP WIDTH="12" VPOS="314" HPOS="538"/>
							<String ID="string_31" HPOS="550" VPOS="315" WIDTH="7" HEIGHT="21" WC="0.96" CONTENT="i"/><SP WIDTH="16" VPOS="315" HPOS="557"/>
							<String ID="string_32" HPOS="573" VPOS="315" WIDTH="99" HEIGHT="22" WC="0.96" CONTENT="medeltal"/><SP WIDTH="16" VPOS="315" HPOS="672"/>
							<String ID="string_33" HPOS="688" VPOS="315" WIDTH="74" HEIGHT="21" WC="0.96" CONTENT="endast"/><SP WIDTH="9" VPOS="315" HPOS="762"/>
							<String ID="string_34" HPOS="771" VPOS="316" WIDTH="28" HEIGHT="21" WC="0.93" CONTENT="36"/><SP WIDTH="10" VPOS="316" HPOS="799"/>
							<String ID="string_35" HPOS="809" VPOS="314" WIDTH="172" HEIGHT="22" WC="0.92" CONTENT="småskolelärare"/>
						</TextLine>
						<TextLine ID="line_5" HPOS="225" VPOS="349" WIDTH="755" HEIGHT="29">
							<String ID="string_36" HPOS="225" VPOS="356" WIDTH="35" HEIGHT="14" WC="0.96" CONTENT="om"/><SP WIDTH="22" VPOS="356" HPOS="260"/>
							<String ID="string_37" HPOS="282" VPOS="349" WIDTH="51" HEIGHT="22" WC="0.95" CONTENT="året."/><SP WIDTH="32" VPOS="349" HPOS="333"/>
							<String ID="string_38" HPOS="365" VPOS="349" WIDTH="46" HEIGHT="22" WC="0.96" CONTENT="Och"/><SP WIDTH="23" VPOS="349" HPOS="411"/>
							<String ID="string_39" HPOS="434" VPOS="349" WIDTH="26" HEIGHT="22" WC="0.96" CONTENT="då"/><SP WIDTH="18" VPOS="349" HPOS="460"/>
							<String ID="string_40" HPOS="478" VPOS="349" WIDTH="23" HEIGHT="22" WC="0.96" CONTENT="af"/><SP WIDTH="13" VPOS="349" HPOS="501"/>
							<String ID="string_41" HPOS="514" VPOS="357" WIDTH="80" HEIGHT="14" WC="0.95" CONTENT="samma"/><SP WIDTH="15" VPOS="357" HPOS="594"/>
							<String ID="string_42" HPOS="609" VPOS="349" WIDTH="134" HEIGHT="22" WC="0.96" CONTENT="betänkande"/><SP WIDTH="15" VPOS="349" HPOS="743"/>
							<String ID="string_43" HPOS="758" VPOS="349" WIDTH="97" HEIGHT="29" WC="0.96" CONTENT="framgår,"/><SP WIDTH="16" VPOS="349" HPOS="855"/>
							<String ID="string_44" HPOS="871" VPOS="352" WIDTH="32" HEIGHT="19" WC="0.93" CONTENT="att"/><SP WIDTH="14" VPOS="352" HPOS="903"/>
							<String ID="string_45" HPOS="917" VPOS="357" WIDTH="63" HEIGHT="20" WC="0.91" CONTENT="unge-"/>
						</TextLine>
						<TextLine ID="line_6" HPOS="226" VPOS="383" WIDTH="755" HEIGHT="29">
							<String ID="string_46" HPOS="226" VPOS="383" WIDTH="34" HEIGHT="22" WC="0.96" CONTENT="fär"/><SP WIDTH="16" VPOS="383" HPOS="260"/>
							<String ID="string_47" HPOS="276" VPOS="386" WIDTH="31" HEIGHT="19" WC="0.96" CONTENT="ett"/><SP WIDTH="14" VPOS="386" HPOS="307"/>
							<String ID="string_48" HPOS="321" VPOS="386" WIDTH="33" HEIGHT="20" WC="0.96" CONTENT="tre"/><SP WIDTH="14" VPOS="386" HPOS="354"/>
							<String ID="string_49" HPOS="368" VPOS="384" WIDTH="78" HEIGHT="28" WC="0.96" CONTENT="gånger"/><SP WIDTH="21" VPOS="384" HPOS="446"/>
							<String ID="string_50" HPOS="467" VPOS="384" WIDTH="23" HEIGHT="21" WC="0.95" CONTENT="så"/><SP WIDTH="15" VPOS="384" HPOS="490"/>
							<String ID="string_51" HPOS="505" VPOS="386" WIDTH="52" HEIGHT="20" WC="0.96" CONTENT="stort"/><SP WIDTH="19" VPOS="386" HPOS="557"/>
							<String ID="string_52" HPOS="576" VPOS="384" WIDTH="57" HEIGHT="21" WC="0.93" CONTENT="antal"/><SP WIDTH="15" VPOS="384" HPOS="633"/>
							<String ID="string_53" HPOS="648" VPOS="384" WIDTH="172" HEIGHT="21" WC="0.92" CONTENT="småskolelärare"/><SP WIDTH="15" VPOS="384" HPOS="820"/>
							<String ID="string_54" HPOS="835" VPOS="383" WIDTH="81" HEIGHT="29" WC="0.96" CONTENT="årligen"/><SP WIDTH="16" VPOS="383" HPOS="916"/>
							<String ID="string_55" HPOS="932" VPOS="391" WIDTH="49" HEIGHT="14" WC="0.96" CONTENT="vore"/>
						</TextLine>
						<TextLine ID="line_7" HPOS="226" VPOS="418" WIDTH="753" HEIGHT="28">
							<String ID="string_56" HPOS="226" VPOS="418" WIDTH="24" HEIGHT="22" WC="0.96" CONTENT="af"/><SP WIDTH="13" VPOS="418" HPOS="250"/>
							<String ID="string_57" HPOS="263" VPOS="418" WIDTH="76" HEIGHT="26" WC="0.95" CONTENT="nöden,"/><SP WIDTH="11" VPOS="418" HPOS="339"/>
							<String ID="string_58" HPOS="350" VPOS="426" WIDTH="62" HEIGHT="20" WC="0.96" CONTENT="synes"/><SP WIDTH="10" VPOS="426" HPOS="412"/>
							<String ID="string_59" HPOS="422" VPOS="419" WIDTH="41" HEIGHT="21" WC="0.97" CONTENT="den"/><SP WIDTH="10" VPOS="419" HPOS="463"/>
							<String ID="string_60" HPOS="473" VPOS="420" WIDTH="71" HEIGHT="20" WC="0.93" CONTENT="senast"/><SP WIDTH="9" VPOS="420" HPOS="544"/>
							<String ID="string_61" HPOS="553" VPOS="418" WIDTH="86" HEIGHT="28" WC="0.92" CONTENT="angifna"/><SP WIDTH="13" VPOS="418" HPOS="639"/>
							<String ID="string_62" HPOS="652" VPOS="426" WIDTH="97" HEIGHT="14" WC="0.96" CONTENT="summan"/><SP WIDTH="11" VPOS="426" HPOS="749"/>
							<String ID="string_63" HPOS="760" VPOS="421" WIDTH="106" HEIGHT="19" WC="0.93" CONTENT="motsvara"/><SP WIDTH="9" VPOS="421" HPOS="866"/>
							<String ID="string_64" HPOS="875" VPOS="418" WIDTH="104" HEIGHT="22" WC="0.92" CONTENT="behofvet."/>
						</TextLine>
					</TextBlock>
					<TextBlock ID="block_2" HPOS="224" VPOS="452" WIDTH="756" HEIGHT="98">
						<TextLine ID="line_8" HPOS="293" VPOS="452" WIDTH="687" HEIGHT="29">
							<String ID="string_65" HPOS="293" VPOS="453" WIDTH="32" HEIGHT="21" WC="0.96" CONTENT="På"/><SP WIDTH="22" VPOS="453" HPOS="325"/>
							<String ID="string_66" HPOS="347" VPOS="453" WIDTH="67" HEIGHT="28" WC="0.96" CONTENT="grund"/><SP WIDTH="23" VPOS="453" HPOS="414"/>
							<String ID="string_67" HPOS="437" VPOS="453" WIDTH="23" HEIGHT="21" WC="0.93" CONTENT="af"/><SP WIDTH="20" VPOS="453" HPOS="460"/>
							<String ID="string_68" HPOS="480" VPOS="452" WIDTH="56" HEIGHT="22" WC="0.96" CONTENT="hvad"/><SP WIDTH="23" VPOS="452" HPOS="536"/>
							<String ID="string_69" HPOS="559" VPOS="452" WIDTH="21" HEIGHT="22" WC="0.90" CONTENT="vi"/><SP WIDTH="23" VPOS="452" HPOS="580"/>
							<String ID="string_70" HPOS="603" VPOS="452" WIDTH="88" HEIGHT="22" WC="0.93" CONTENT="sålunda"/><SP WIDTH="22" VPOS="452" HPOS="691"/>
							<String ID="string_71" HPOS="713" VPOS="452" WIDTH="111" HEIGHT="26" WC="0.93" CONTENT="framstält,"/><SP WIDTH="22" VPOS="452" HPOS="824"/>
							<String ID="string_72" HPOS="846" VPOS="452" WIDTH="22" HEIGHT="22" WC="0.95" CONTENT="få"/><SP WIDTH="16" VPOS="452" HPOS="868"/>
							<String ID="string_73" HPOS="884" VPOS="452" WIDTH="21" HEIGHT="23" WC="0.93" CONTENT="vi"/><SP WIDTH="15" VPOS="452" HPOS="905"/>
							<String ID="string_74" HPOS="920" VPOS="453" WIDTH="60" HEIGHT="21" WC="0.93" CONTENT="vörd-"/>
						</TextLine>
						<TextLine ID="line_9" HPOS="224" VPOS="486" WIDTH="756" HEIGHT="46">
							<String ID="string_75" HPOS="224" VPOS="491" WIDTH="54" HEIGHT="18" WC="0.92" CONTENT="samt"/><SP WIDTH="22" VPOS="491" HPOS="278"/>
							<String ID="string_76" HPOS="300" VPOS="487" WIDTH="82" HEIGHT="25" WC="0.92" CONTENT="föreslä,"/><SP WIDTH="23" VPOS="487" HPOS="382"/>
							<String ID="string_77" HPOS="405" VPOS="488" WIDTH="36" HEIGHT="22" WC="0.93" CONTENT="det"/><SP WIDTH="21" VPOS="488" HPOS="441"/>
							<String ID="string_78" HPOS="462" VPOS="487" WIDTH="81" HEIGHT="22" WC="0.93" CONTENT="landets"/><SP WIDTH="21" VPOS="487" HPOS="543"/>
							<String ID="string_79" HPOS="564" VPOS="487" WIDTH="111" HEIGHT="28" WC="0.91" CONTENT="höglofliga"/><SP WIDTH="15" VPOS="487" HPOS="675"/>
							<String ID="string_80" HPOS="690" VPOS="486" WIDTH="91" HEIGHT="46" WC="0.44" CONTENT="Stunder"/><SP WIDTH="16" VPOS="486" HPOS="781"/>
							<String ID="string_81" HPOS="797" VPOS="487" WIDTH="50" HEIGHT="22" WC="0.96" CONTENT="ville"/><SP WIDTH="15" VPOS="487" HPOS="847"/>
							<String ID="string_82" HPOS="862" VPOS="487" WIDTH="72" HEIGHT="22" WC="0.96" CONTENT="förena"/><SP WIDTH="15" VPOS="487" HPOS="934"/>
							<String ID="string_83" HPOS="949" VPOS="487" WIDTH="31" HEIGHT="28" WC="0.96" CONTENT="sig"/>
						</TextLine>
						<TextLine ID="line_10" HPOS="224" VPOS="521" WIDTH="421" HEIGHT="29">
							<String ID="string_84" HPOS="224" VPOS="529" WIDTH="34" HEIGHT="14" WC="0.95" CONTENT="om"/><SP WIDTH="18" VPOS="529" HPOS="258"/>
							<String ID="string_85" HPOS="276" VPOS="530" WIDTH="25" HEIGHT="13" WC="0.92" CONTENT="en"/><SP WIDTH="17" VPOS="530" HPOS="301"/>
							<String ID="string_86" HPOS="318" VPOS="521" WIDTH="130" HEIGHT="29" WC="0.92" CONTENT="underdånig"/><SP WIDTH="15" VPOS="521" HPOS="448"/>
							<String ID="string_87" HPOS="463" VPOS="522" WIDTH="88" HEIGHT="28" WC="0.96" CONTENT="petition"/><SP WIDTH="16" VPOS="522" HPOS="551"/>
							<String ID="string_88" HPOS="567" VPOS="522" WIDTH="78" HEIGHT="27" WC="0.96" CONTENT="därom,"/>
						</TextLine>
					</TextBlock>
				</ComposedBlock>
				<ComposedBlock ID="cblock_2" HPOS="428" VPOS="585" WIDTH="552" HEIGHT="164">
					<TextBlock ID="block_3" HPOS="428" VPOS="585" WIDTH="552" HEIGHT="164">
						<TextLine ID="line_11" HPOS="497" VPOS="585" WIDTH="482" HEIGHT="28">
							<String ID="string_89" HPOS="497" VPOS="587" WIDTH="31" HEIGHT="19" WC="0.95" CONTENT="att"/><SP WIDTH="21" VPOS="587" HPOS="528"/>
							<String ID="string_90" HPOS="549" VPOS="585" WIDTH="33" HEIGHT="21" WC="0.96" CONTENT="det"/><SP WIDTH="23" VPOS="585" HPOS="582"/>
							<String ID="string_91" HPOS="605" VPOS="585" WIDTH="71" HEIGHT="28" WC="0.95" CONTENT="årliga"/><SP WIDTH="19" VPOS="585" HPOS="676"/>
							<String ID="string_92" HPOS="695" VPOS="585" WIDTH="77" HEIGHT="28" WC="0.96" CONTENT="anslag"/><SP WIDTH="20" VPOS="585" HPOS="772"/>
							<String ID="string_93" HPOS="792" VPOS="586" WIDTH="31" HEIGHT="27" WC="0.92" CONTENT="af"/><SP WIDTH="10" VPOS="586" HPOS="823"/>
							<String ID="string_94" HPOS="833" VPOS="587" WIDTH="65" HEIGHT="25" WC="0.92" CONTENT="2,000"/><SP WIDTH="14" VPOS="587" HPOS="898"/>
							<String ID="string_95" HPOS="912" VPOS="586" WIDTH="67" HEIGHT="25" WC="0.96" CONTENT="mark,"/>
						</TextLine>
						<TextLine ID="line_12" HPOS="430" VPOS="615" WIDTH="550" HEIGHT="33">
							<String ID="string_96" HPOS="430" VPOS="627" WIDTH="43" HEIGHT="14" WC="0.96" CONTENT="som"/><SP WIDTH="20" VPOS="627" HPOS="473"/>
							<String ID="string_97" HPOS="493" VPOS="620" WIDTH="42" HEIGHT="27" WC="0.91" CONTENT="för"/><SP WIDTH="21" VPOS="620" HPOS="535"/>
							<String ID="string_98" HPOS="556" VPOS="620" WIDTH="136" HEIGHT="21" WC="0.96" CONTENT="närvarande"/><SP WIDTH="22" VPOS="620" HPOS="692"/>
							<String ID="string_99" HPOS="714" VPOS="620" WIDTH="63" HEIGHT="27" WC="0.95" CONTENT="utgår"/><SP WIDTH="15" VPOS="620" HPOS="777"/>
							<String ID="string_100" HPOS="792" VPOS="621" WIDTH="33" HEIGHT="20" WC="0.93" CONTENT="till"/><SP WIDTH="16" VPOS="621" HPOS="825"/>
							<String ID="string_101" HPOS="841" VPOS="615" WIDTH="139" HEIGHT="33" WC="0.92" CONTENT="Öfverstyrel-"/>
						</TextLine>
						<TextLine ID="line_13" HPOS="428" VPOS="654" WIDTH="552" HEIGHT="28">
							<String ID="string_102" HPOS="428" VPOS="661" WIDTH="37" HEIGHT="14" WC="0.95" CONTENT="sen"/><SP WIDTH="18" VPOS="661" HPOS="465"/>
							<String ID="string_103" HPOS="483" VPOS="655" WIDTH="42" HEIGHT="26" WC="0.96" CONTENT="för"/><SP WIDTH="21" VPOS="655" HPOS="525"/>
							<String ID="string_104" HPOS="546" VPOS="654" WIDTH="144" HEIGHT="21" WC="0.95" CONTENT="skolväsendet"/><SP WIDTH="22" VPOS="654" HPOS="690"/>
							<String ID="string_105" HPOS="712" VPOS="655" WIDTH="8" HEIGHT="20" WC="0.95" CONTENT="i"/><SP WIDTH="22" VPOS="655" HPOS="720"/>
							<String ID="string_106" HPOS="742" VPOS="654" WIDTH="37" HEIGHT="21" WC="0.95" CONTENT="och"/><SP WIDTH="11" VPOS="654" HPOS="779"/>
							<String ID="string_107" HPOS="790" VPOS="655" WIDTH="42" HEIGHT="27" WC="0.93" CONTENT="för"/><SP WIDTH="17" VPOS="655" HPOS="832"/>
							<String ID="string_108" HPOS="849" VPOS="655" WIDTH="131" HEIGHT="21" WC="0.91" CONTENT="utbildandet"/>
						</TextLine>
						<TextLine ID="line_14" HPOS="428" VPOS="689" WIDTH="551" HEIGHT="28">
							<String ID="string_109" HPOS="428" VPOS="689" WIDTH="31" HEIGHT="27" WC="0.96" CONTENT="af"/><SP WIDTH="22" VPOS="689" HPOS="459"/>
							<String ID="string_110" HPOS="481" VPOS="689" WIDTH="72" HEIGHT="20" WC="0.94" CONTENT="lärare"/><SP WIDTH="24" VPOS="689" HPOS="553"/>
							<String ID="string_111" HPOS="577" VPOS="689" WIDTH="35" HEIGHT="20" WC="0.93" CONTENT="vid"/><SP WIDTH="16" VPOS="689" HPOS="612"/>
							<String ID="string_112" HPOS="628" VPOS="689" WIDTH="122" HEIGHT="26" WC="0.90" CONTENT="småskolor,"/><SP WIDTH="25" VPOS="689" HPOS="750"/>
							<String ID="string_113" HPOS="775" VPOS="690" WIDTH="64" HEIGHT="20" WC="0.96" CONTENT="måtte"/><SP WIDTH="24" VPOS="690" HPOS="839"/>
							<String ID="string_114" HPOS="863" VPOS="689" WIDTH="61" HEIGHT="28" WC="0.96" CONTENT="höjas"/><SP WIDTH="22" VPOS="689" HPOS="924"/>
							<String ID="string_115" HPOS="946" VPOS="690" WIDTH="33" HEIGHT="20" WC="0.94" CONTENT="till"/>
						</TextLine>
						<TextLine ID="line_15" HPOS="428" VPOS="723" WIDTH="147" HEIGHT="26">
							<String ID="string_116" HPOS="428" VPOS="723" WIDTH="67" HEIGHT="26" WC="0.92" CONTENT="6,000"/><SP WIDTH="13" VPOS="723" HPOS="495"/>
							<String ID="string_117" HPOS="508" VPOS="723" WIDTH="67" HEIGHT="22" WC="0.95" CONTENT="mark."/>
						</TextLine>
					</TextBlock>
				</ComposedBlock>
				<ComposedBlock ID="cblock_3" HPOS="290" VPOS="785" WIDTH="619" HEIGHT="87">
					<TextBlock ID="block_4" HPOS="290" VPOS="785" WIDTH="619" HEIGHT="87">
						<TextLine ID="line_16" HPOS="290" VPOS="785" WIDTH="619" HEIGHT="30">
							<String ID="string_118" HPOS="290" VPOS="786" WIDTH="65" HEIGHT="22" WC="0.93" CONTENT="Gösta"/><SP WIDTH="15" VPOS="786" HPOS="355"/>
							<String ID="string_119" HPOS="370" VPOS="787" WIDTH="125" HEIGHT="22" WC="0.91" CONTENT="Grotentelt."/><SP WIDTH="255" VPOS="787" HPOS="495"/>
							<String ID="string_120" HPOS="750" VPOS="785" WIDTH="66" HEIGHT="23" WC="0.90" CONTENT="Ernst"/><SP WIDTH="15" VPOS="785" HPOS="816"/>
							<String ID="string_121" HPOS="831" VPOS="786" WIDTH="78" HEIGHT="29" WC="0.90" CONTENT="Lagus."/>
						</TextLine>
						<TextLine ID="line_17" HPOS="517" VPOS="848" WIDTH="167" HEIGHT="24">
							<String ID="string_122" HPOS="517" VPOS="849" WIDTH="76" HEIGHT="23" WC="0.92" CONTENT="Theod."/><SP WIDTH="15" VPOS="849" HPOS="593"/>
							<String ID="string_123" HPOS="608" VPOS="848" WIDTH="76" HEIGHT="23" WC="0.96" CONTENT="Lindh."/>
						</TextLine>
					</TextBlock>
				</ComposedBlock>
				<ComposedBlock ID="cblock_4" HPOS="264" VPOS="1493" WIDTH="663" HEIGHT="26">
					<TextBlock ID="block_5" HPOS="264" VPOS="1493" WIDTH="663" HEIGHT="26">
						<TextLine ID="line_18" HPOS="264" VPOS="1493" WIDTH="663" HEIGHT="26">
							<String ID="string_124" HPOS="264" VPOS="1493" WIDTH="122" HEIGHT="24" WC="0.96" CONTENT="Helsingfors,"/><SP WIDTH="12" VPOS="1493" HPOS="386"/>
							<String ID="string_125" HPOS="398" VPOS="1495" WIDTH="17" HEIGHT="17" WC="0.93" CONTENT="J."/><SP WIDTH="13" VPOS="1495" HPOS="415"/>
							<String ID="string_126" HPOS="428" VPOS="1495" WIDTH="68" HEIGHT="18" WC="0.93" CONTENT="Simelii"/><SP WIDTH="13" VPOS="1495" HPOS="496"/>
							<String ID="string_127" HPOS="509" VPOS="1496" WIDTH="102" HEIGHT="23" WC="0.92" CONTENT="arfvingars"/><SP WIDTH="12" VPOS="1496" HPOS="611"/>
							<String ID="string_128" HPOS="623" VPOS="1496" WIDTH="117" HEIGHT="23" WC="0.92" CONTENT="boktryckeri"/><SP WIDTH="13" VPOS="1496" HPOS="740"/>
							<String ID="string_129" HPOS="753" VPOS="1496" WIDTH="110" HEIGHT="23" WC="0.96" CONTENT="aktiebolag,"/><SP WIDTH="15" VPOS="1496" HPOS="863"/>
							<String ID="string_130" HPOS="878" VPOS="1497" WIDTH="49" HEIGHT="18" WC="0.81" CONTENT="1891."/>
						</TextLine>
					</TextBlock>
				</ComposedBlock>
			</PrintSpace>
		</Page>
	</Layout>
</alto>
