1056 1673
244 107 28 19 50
422 105 223 22 Petitionsbetänkande
662 106 34 21 N:o
713 105 14 22 1.

284 166 77 19 Härtill
376 166 31 20 får
419 167 38 26 jag
472 166 106 20 vördsamt
593 167 93 25 bilägga:

287 195 20 26 1)
322 196 81 25 Utdrag
417 203 25 13 ur
451 197 114 19 förstärkta
575 196 198 25 stadsfullmägtiges
784 196 8 19 i
801 195 161 20 Fredrikshamn

213 226 101 25 protokoll
334 226 31 20 för
384 226 39 20 den
444 227 28 19 22
491 226 86 20 oktober
595 227 62 24 1890,
674 225 107 26 angående
796 227 75 24 åtagen
886 225 75 20 förbin-

214 255 56 20 delse
285 258 31 17 att
330 256 8 19 i
352 256 97 20 händelse
463 256 90 19 bibanan
569 255 298 21 Tavastila—Fredrikshamn
882 255 79 20 komme

214 288 30 17 att
264 287 81 24 byggas
360 287 12 18 &
387 286 135 20 statsverkets
538 286 120 25 bekostnad,
674 285 147 20 kostnadsfritt
835 286 84 25 upplåta
934 285 28 20 all

213 315 73 21 staden
306 316 90 25 tillhörig
415 316 38 20 och
473 316 31 19 för
522 316 114 25 jernvägen
653 315 64 26 nödig
731 315 64 26 mark,
811 316 104 19 äfvensom
930 315 31 20 till

213 346 111 25 företagets
338 346 136 20 realiserande
489 346 86 25 bidraga
590 346 46 19 med
652 353 25 12 en
696 352 79 13 summa
795 345 24 20 af
836 348 29 17 ett
881 345 81 20 hundra

213 378 60 17 tusen
288 376 64 19 mark.

285 405 23 28 2)
323 405 170 20 Fredrikshamns
506 405 181 26 jernvägsprojekt
705 406 62 25 1890,
779 405 123 20 omfattande
913 406 47 25 plan

213 436 38 19 och
269 435 87 26 profiler,
372 435 113 26 uppgjorda
500 436 24 19 af
536 436 96 25 Ingeniör
647 436 20 19 J.
685 436 22 19 T.
724 435 113 26 Smedberg
851 437 26 24 på
893 435 68 26 grund

214 465 22 20 af
249 472 25 13 en
289 465 46 20 utaf
347 466 73 19 honom
435 466 105 20 verkstäld
555 465 302 26 instrumentalundersökning
868 465 22 20 af
897 465 63 20 linien

213 495 299 21 Fredrikshamn
377 491 16 35 —
403 495 109 21 Tavastila.

285 524 23 29 3)
328 525 183 26 Kostnadsförslag
531 525 32 20 för
578 525 67 20 denna
661 525 58 26 bana,
737 525 110 26 uppgjordt
863 525 22 20 af
897 525 61 25 Inge-

212 555 46 20 niör
272 555 20 20 J.
309 556 23 19 T.
348 555 116 26 Smedberg.

284 585 24 25 4)
323 585 181 26 Kostnadsförslag
519 585 32 20 för
567 592 75 14 samma
653 585 59 26 bana,
723 585 98 26 uppgjort
832 585 23 20 af
862 585 98 25 Ingeniör

213 615 52 20 Karl
280 616 122 25 Appelberg.
930 617 7 4 N

285 645 22 27 5)
327 645 123 26 Motivering
465 645 22 21 af
500 645 25 20 de
541 645 22 20 af
576 645 97 26 Ingeniör
688 645 53 20 Karl
756 645 118 26 Appelberg
888 644 72 26 gjorda

213 675 111 26 ändringar
342 676 29 19 uti
390 676 33 20 det
441 676 23 20 af
479 676 97 25 Ingeniör
594 675 113 26 Smedberg
726 675 115 26 uppgjorda
856 675 104 25 förslaget.

563 831 42 18 20.

280 884 57 21 Frän
360 884 161 21 Bondeständet
545 886 33 19 ett
593 883 24 22 af
631 884 56 21 Herr
702 883 59 22 Juho
778 883 73 21 Klami
867 883 91 27 ingifvet

210 919 185 28 petitionsförslag
411 926 34 15 om
461 919 112 28 byggande
581 920 50 21 med
639 921 85 20 statens
733 919 71 22 medel
813 919 23 21 af
843 925 26 15 en
877 919 79 21 bibana

211 955 47 22 från
274 955 169 22 Fredrikshamn
458 956 34 21 till
508 956 110 21 Tavastila
634 955 83 22 station
741 957 6 20 &
765 955 90 22 Kouvola
876 951 81 36 Kotka

208 992 98 27 jernväg;
323 992 7 21 i
346 991 157 27 öfversättning
519 993 24 20 sä
558 991 103 28 lydande:

348 1094 49 19 Till
415 1093 174 21 Hedervärda
605 1093 215 20 Bondeständet.

283 1153 12 19 I
310 1153 40 20 alla
370 1153 141 20 kulturländer
527 1156 22 17 är
565 1153 34 20 det
615 1159 24 14 en
654 1153 57 19 känd
727 1153 39 19 och
781 1151 78 20 erkänd
874 1152 37 19 sak
927 1154 30 17 att

206 1182 139 26 jernvägarne
368 1185 34 17 äro
418 1183 35 20 det
467 1183 60 20 bästa
542 1183 37 20 och
595 1182 206 25 ändamälsenligaste
816 1181 140 20 kommunika-

209 1212 125 26 tionsmedel,
355 1213 52 19 bäde
427 1213 32 20 för
479 1213 51 25 gods
551 1213 38 19 och
608 1212 147 26 persontrafik;
774 1211 67 20 derför
857 1211 37 20 har
909 1218 47 13 man

209 1242 60 20 äfven
288 1242 7 20 i
310 1243 88 19 Finland
413 1243 65 20 under
493 1243 25 19 de
534 1243 50 19 sista
600 1242 136 20 decennierna
751 1242 67 25 byggt
833 1241 51 20 bäde
895 1244 60 17 stam-

209 1272 38 20 och
269 1272 91 26 bibanor,
383 1279 72 19 genom
475 1273 70 20 hvilka
563 1272 26 20 de
603 1272 8 20 i
626 1273 100 19 närheten
742 1272 23 19 af
775 1271 88 26 jernväg
877 1270 78 20 boende

208 1302 62 20 hafva
285 1302 84 26 ätnjutit
384 1302 131 26 synnerligen
531 1305 42 17 stor
589 1302 118 20 ekonomisk
722 1301 71 20 fördel.
824 1301 32 19 Då
871 1300 35 20 det
915 1300 43 20 blef

208 1331 59 25 fråga
282 1339 31 13 om
328 1332 138 26 anläggandet
481 1332 23 20 af
516 1332 195 20 Kotka—Kouvola
724 1331 95 25 jernväg,
834 1331 59 25 hyste
909 1337 46 13 man

208 1361 6 19 i
237 1361 160 21 Fredrikshamn
415 1362 38 20 och
467 1362 119 20 landsorten
601 1362 133 24 deromkring
749 1360 159 26 förhoppningar
923 1367 32 12 om

208 1397 25 13 en
248 1391 86 20 bibanas
349 1392 109 26 samtidiga
473 1392 109 25 byggande
597 1392 45 19 från
659 1390 107 21 Tavastila
781 1390 75 20 station
872 1392 7 18 å
885 1390 70 20 Kotka

208 1421 124 20 —Kouvola
354 1422 62 19 linien
434 1422 32 20 till
480 1422 165 25 Fredrikshamn,
661 1420 133 21 alldenstund
810 1422 29 18 ett
854 1419 100 21 trafiktill-

279 1461 174 23 Jernvägsutskottets
465 1462 107 18 betänkande
584 1461 35 19 N:o
631 1462 15 17 1.
