1067 1675
286 120 253 22 Motionsbetänkande
554 120 41 22 N:o
611 120 22 22 6.
796 122 10 19 3

80 189 62 21 tande,
157 194 33 12 ens
204 194 29 12 om
249 194 62 16 varan,
326 195 38 12 som
380 189 55 23 säljes
450 190 58 17 under
523 195 54 12 namn
593 190 20 16 af
626 190 37 22 vin,
679 190 5 16 i
699 189 64 23 sjelfva
774 190 64 16 verket

80 219 21 15 är
116 218 68 17 beredd
200 218 29 17 till
244 216 129 24 hufvudsaklig
387 218 30 17 del
432 218 21 17 af
465 224 43 12 oren
525 218 51 23 sprit,
592 218 20 17 så
627 220 28 15 att
665 224 68 12 samma
743 224 43 11 vara
797 218 39 18 från

80 248 29 15 att
129 252 43 11 vara
186 246 125 18 underkastad
325 247 152 21 bränvinslagens
492 248 75 21 stränga
582 247 137 22 bestämningar
733 252 65 18 genom
814 252 22 12 en

80 275 94 23 obetydlig
197 275 132 17 vattentillsats
347 275 36 18 kan
399 276 104 17 förvandlas
518 276 29 17 till
562 281 22 12 en
601 276 62 21 sådan,
679 281 38 12 som
733 278 44 15 utan
793 276 45 17 kon-

81 304 43 17 troll
139 303 27 17 får
181 304 83 22 försäljas
279 305 34 16 när
327 304 34 18 och
376 304 45 17 hvar
436 310 38 12 som
490 304 53 18 helst.

150 332 43 18 Men
215 333 41 17 icke
273 338 36 17 nog
327 333 41 17 med
383 335 30 15 att
427 333 76 17 sålunda
518 339 23 12 en
556 333 84 23 ytterligt
655 336 39 14 stor
709 333 69 17 olikhet
792 333 6 17 i
813 332 26 18 af-

81 361 67 17 seende
172 361 10 17 &
202 359 23 19 de
245 361 64 22 vilkor,
325 367 38 12 som
379 362 49 22 gälla
442 362 28 17 för
484 362 131 22 försäljningen
631 362 20 17 af
664 367 22 12 en
701 362 88 22 rnsdryck
804 362 34 17 och

81 396 23 11 en
120 396 66 15 annan,
201 392 20 15 är
236 390 86 22 rådande,
338 396 23 12 en
377 390 70 18 olikhet
461 396 38 12 som
514 391 25 23 på
553 391 48 17 intet
616 392 37 16 sätt
667 391 98 17 motiveras
780 390 20 17 af
807 390 32 18 nå-

81 425 36 16 gon
140 419 129 17 motsvarande
289 419 70 17 olikhet
377 420 5 16 i
398 420 22 16 de
436 420 111 22 verkningar
561 420 23 17 de
599 419 70 22 utöfva,
684 419 53 18 äfven
753 421 85 15 ansvaret

81 448 28 17 för
131 448 142 17 öfverträdelser
294 448 21 17 af
333 448 24 17 de
376 448 117 22 föreskrifter,
509 454 39 12 som
563 448 49 22 gälla
627 448 28 18 för
669 448 66 18 handel
751 448 41 17 med
807 448 31 17 det

82 482 34 12 ena
138 476 45 18 eller
202 477 58 17 andra
279 476 58 23 slaget
352 477 20 17 af
384 477 113 23 rusdrycker,
513 477 91 17 beräknas
619 477 46 17 efter
679 476 40 18 helt
733 476 33 18 och
781 476 60 18 hållet

82 506 49 17 olika
146 506 86 22 grunder,
248 505 20 17 så
283 508 28 14 att
326 506 28 17 till
370 506 82 23 exempel
467 506 32 17 det
514 512 53 12 anses
577 506 111 22 ojemförligt
699 506 70 17 mindre
780 506 57 17 straff-

82 535 42 17 bart
141 536 29 16 att
184 534 49 18 hålla
248 534 90 22 lönnkrog
353 535 41 17 med
409 535 18 17 öl
442 535 45 17 eller
503 532 26 20 24
545 535 64 22 gradig
624 534 69 24 punsch
709 536 23 16 än
747 540 30 12 om
792 540 47 17 puu-

82 564 62 22 schen,
166 569 39 12 som
228 563 20 18 af
267 563 95 18 kunderna
383 564 122 23 inmundigas,
529 564 58 17 skulle
605 565 47 21 stiga
667 564 28 17 till
711 560 26 21 25
753 566 87 20 procents

83 593 69 22 styrka;
168 593 6 16 i
189 598 35 11 ena
239 592 51 17 fallet
305 592 58 23 aldrig
377 595 57 15 annat
449 594 23 16 än
488 599 22 11 en
526 594 59 16 större
600 593 45 17 eller
658 593 70 16 mindre
739 593 100 22 penninge-

82 621 54 24 plikt,
159 621 74 18 hvilken
257 621 52 18 alltid
325 621 36 18 kan
380 621 27 17 fäs
423 623 58 16 ersatt
495 627 66 17 genom
576 621 75 18 fortsatt
666 621 79 22 krögeri;
761 621 6 17 i
783 621 57 17 andra

82 650 52 17 fallet
156 652 50 15 utom
224 650 49 23 plikt
291 650 64 22 beslag
370 650 33 17 och
419 650 30 17 vid
465 650 85 18 iteration
566 650 81 23 fängelse
663 650 47 17 ända
725 650 28 17 till
769 652 28 15 ett
811 650 27 17 är.

83 679 28 17 En
134 679 56 17 sådan
213 679 136 22 disproportion
372 679 67 17 mellan
459 679 54 17 straff
525 679 27 17 för
567 679 6 17 i
588 679 63 22 sjelfva
668 679 63 17 verket
745 679 95 17 enahanda

83 708 51 17 brott
148 707 96 18 befordrar
258 707 41 18 icke
314 707 35 18 den
365 707 47 23 höga
425 707 118 24 uppfattning
558 713 29 12 om
603 708 62 22 lagens
680 707 61 23 helgd,
756 707 23 23 på
794 707 44 17 hvil-

83 737 35 16 ken
134 738 28 16 ett
176 736 48 18 folks
239 736 70 17 välfärd
324 737 5 16 i
345 736 20 17 så
379 736 37 23 hög
430 737 45 22 grad
489 737 61 17 beror.

152 765 141 22 Förhållanden,
315 765 67 17 sådana
402 771 38 12 som
459 765 58 21 dessa,
533 765 62 18 kunna
609 765 40 17 icke
665 765 60 22 undgå
740 766 27 16 att
783 765 57 16 väcka

84 793 160 24 uppmärksamhet
259 793 34 18 och
309 794 56 17 väcka
380 794 97 22 ogillande,
493 794 34 17 och
542 794 33 17 allt
589 794 44 17 flera
648 795 59 16 röster
722 793 23 18 ha
759 793 39 22 höjt
813 793 29 22 sig

84 824 50 16 emot
148 824 28 16 ett
190 823 68 17 sådant
272 823 120 22 särskiljande
408 823 66 17 mellan
489 823 108 22 rusdrycker
611 823 33 17 och
655 822 114 23 rusdrycker.
794 822 44 16 Der-

84 851 62 17 ibland
165 851 29 17 må
212 851 49 17 blott
276 852 75 16 nämnas
367 851 35 17 den
417 850 74 23 komité,
507 857 45 17 som,
569 851 144 17 sammankallad
728 850 20 18 af
760 850 80 22 regerin-

84 885 40 17 gen,
148 880 88 22 uppgjort
257 879 68 23 förslag
342 880 29 17 till
387 880 35 17 den
437 880 125 23 bränvinslag,
579 885 38 12 som
633 881 64 16 väntas
712 879 56 17 blifva
783 879 58 17 under

84 909 123 17 innevarande
230 908 88 23 landtdag
336 909 99 17 ständerna
449 908 88 23 förelagd.
567 908 86 18 Komitén
669 908 104 18 framhåller
787 908 6 17 i
808 908 33 17 gitt

84 937 116 18 betänkande
216 937 89 22 enhälligt
319 937 128 23 önskligheten
463 938 19 16 af
495 940 28 14 att
539 950 4 8 ,
545 937 92 22 åtgärder
651 937 58 17 måtte
724 936 20 18 af
751 936 89 23 styrelsen

85 966 83 22 vidtagas
189 966 28 17 för
239 966 171 18 åstadkommandet
429 966 6 17 i
450 971 23 12 en
489 972 42 12 snar
546 966 73 17 framtid
635 966 20 17 af
667 971 22 12 en
704 966 80 17 handeln
799 965 41 17 med

84 995 84 22 samtliga
185 995 41 22 slag
244 994 20 18 af
276 995 108 23 rusdrycker
399 995 112 17 omfattande
526 994 137 23 lagstiftning".
693 990 54 22 Ännu
761 994 80 18 bestäm-

84 1024 43 17 dare
143 1024 82 17 uttalade
240 1024 28 22 sig
283 1024 162 22 köpmannamötet
460 1024 6 16 i
481 1023 120 18 Tammerfors
616 1024 36 16 den
668 1022 11 18 7
695 1021 79 25 Ångusti
789 1028 51 12 sena-

84 1055 28 15 ste
134 1052 26 22 år,
184 1052 91 18 anseende
294 1054 28 16 att
339 1052 40 22 ,för
393 1052 89 22 rättighet
497 1052 29 18 till
541 1052 66 18 handel
623 1052 41 18 med
679 1052 36 17 alla
730 1051 111 18 alkoholhal-

85 1081 38 23 tiga
144 1080 76 24 drycker
240 1083 51 16 utom
313 1081 84 21 bränvin,
420 1081 64 17 dervid
503 1080 124 24 maltdrycker
641 1080 54 18 äfven
710 1080 129 20 inberäknade,

84 1110 58 17 borde
157 1110 103 23 uppställas
275 1115 69 12 samma
359 1110 65 22 vilkor,
440 1115 38 13 som
494 1116 24 11 nu
533 1110 49 23 gälla
597 1110 76 23 drycker
688 1109 20 18 af
716 1109 50 18 öfver
777 1107 26 20 25
812 1105 29 28 9/4

85 1138 124 18 alkoholhalt"
228 1140 47 16 samt
290 1141 28 15 att
334 1139 101 22 ,,rättighet
450 1139 29 17 till
495 1138 168 23 minutförsäljning
677 1138 19 17 af
709 1139 36 16 alla
759 1138 39 22 slag
813 1138 27 17 så-

85 1168 47 17 dana
152 1167 77 23 drycker
247 1167 73 24 gjordes
335 1168 91 17 beroende
442 1167 20 17 af
474 1167 87 18 särskildt
575 1167 33 18 hos
623 1167 23 18 de
661 1167 115 18 kommunala
791 1172 51 17 myn-

85 1196 108 23 digheterna
215 1196 99 17 utverkadt
335 1196 105 18 tillstånd".
470 1196 9 17 I
501 1196 58 17 bredd
582 1196 41 17 med
645 1196 52 17 detta
716 1196 93 17 uttalande
825 1195 21 17 af

83 1225 74 26 landets
179 1225 142 22 köpmannakår,
344 1225 55 18 hvars
420 1225 90 17 intressen
533 1225 21 17 så
572 1226 44 16 nära
633 1226 32 16 äro
683 1224 103 18 förbundna
801 1224 40 17 med

85 1253 184 24 rusdryckshandeln,
286 1255 46 21 väga
345 1253 133 23 jemförelsevis
493 1253 76 21 mindre,
585 1259 41 12 men
641 1253 79 23 förtjena
735 1253 56 18 likväl
801 1253 42 16 follt

86 1282 90 21 afseende,
192 1283 22 17 de
230 1283 67 17 talrika
311 1282 108 18 uttalanden
435 1282 20 17 af
467 1282 108 18 kommuner
589 1282 34 18 och
638 1282 92 17 valmöten
746 1282 58 17 uuder
815 1287 28 11 se-

86 1313 52 16 naste
160 1311 48 22 höst,
229 1311 33 18 der
279 1311 72 17 landets
365 1313 150 21 representanter
529 1311 48 22 lagts
592 1311 24 22 pä
631 1311 68 22 bjertat
713 1310 20 17 af
746 1312 27 16 att
789 1310 52 17 äfven

85 1341 23 16 de
127 1345 75 17 svagare
218 1340 133 23 rusdryckerna
365 1339 120 18 underkastas
500 1345 69 12 samma
584 1340 136 22 bestämningar
735 1345 38 12 som
789 1339 53 22 sprit-

85 1369 108 22 dryckerna.
222 1369 10 17 I
250 1374 69 12 samma
337 1368 83 23 riktning
435 1368 80 23 afgåfvos
531 1368 108 18 uttalanden
654 1368 56 18 redan
725 1368 30 17 vid
770 1370 72 15 senaste

85 1397 95 22 landtdag.

154 1439 190 18 Ekonomiutskottets
357 1439 118 19 betänkande
487 1439 36 18 N:o
535 1440 16 17 5.
