1048 1673
252 99 28 22 12
434 100 224 24 Petitionsbetänkande
675 101 34 23 N:o
725 100 34 22 24.

221 158 36 22 vid
282 159 115 23 arbetenas
418 160 117 23 utförande
550 162 71 26 någon
638 160 108 28 sänkning
761 162 33 20 att
810 160 139 22 vattennivån
966 160 7 22 i

222 201 26 15 en
273 195 34 22 del
331 196 66 28 sjöar,
420 198 28 26 på
469 198 45 21 sätt
529 197 94 27 tidigare
639 197 56 22 varit
710 196 123 28 ifrågasatt,
851 197 18 27 ej
886 197 87 21 komme

221 232 34 20 att
271 238 39 21 ega
326 238 55 16 rum.

292 267 38 22 Uti
346 270 34 20 ett
395 269 49 21 med
460 269 117 27 anledning
594 269 24 22 af
632 269 166 27 ifrågavarande
814 269 158 22 komitébetän-

220 303 72 22 kande
314 303 90 28 afgifvet
424 306 102 26 yttrande
547 305 62 22 anför
631 300 171 32 Öfverstyrelsen
818 305 33 22 för
866 307 50 25 väg-
933 305 39 22 och

220 338 228 29 vattenbyggnaderna
463 340 66 22 bland
545 342 74 21 annat:

293 375 57 27 »Det
372 376 70 28 ligger
458 378 59 21 utom
535 377 40 21 allt
590 376 82 28 tvifvel,
688 378 34 20 att
737 383 27 15 en
781 377 67 21 sådan
864 377 107 21 kanalise-

219 410 49 27 ring
284 411 56 22 skall
356 412 83 22 tillföra
455 412 104 22 Savolaks
576 412 70 22 banan
663 419 26 15 en
705 414 47 20 stor
763 412 117 28 tillökning
891 412 6 22 i
906 412 65 22 trafik

217 446 69 27 jemte
303 448 38 21 det
357 448 41 22 den
414 449 28 26 på
458 450 32 20 ett
505 448 133 28 väsendtligt
654 449 39 21 och
705 448 51 22 fullt
767 448 204 22 tillfredsställande

220 484 45 19 sätt
280 482 57 22 skall
353 483 108 23 förbättra
475 484 290 22 kommunikationsmedlen
776 484 34 22 för
821 484 26 22 de
856 484 35 22 vid
901 484 70 22 denna

220 519 58 20 stråt
300 518 102 28 liggande
426 520 141 28 Suonenjoki,
583 520 112 28 Wesanto,
710 520 103 22 Karttula
828 520 85 22 Keitele
930 520 40 22 och

219 553 107 23 Pielavesi
342 555 135 23 kommuner.
501 556 34 22 En
549 556 90 28 jernväg
655 556 7 22 i
678 556 75 22 stället
768 556 34 22 för
817 556 101 22 kanalled
927 556 43 21 kan

219 590 115 23 härstädes
358 592 48 22 icke
429 593 88 21 komma
541 593 68 27 ifråga
633 592 67 22 redan
717 592 24 22 af
755 593 37 21 det
807 592 55 28 skäl,
879 594 33 20 att
928 592 41 22 den

219 626 112 22 medförde
355 634 27 15 en
405 628 67 22 minst
496 628 29 22 12
541 630 80 26 gånger
637 630 70 20 större
724 628 245 27 anläggningskostnad,

218 663 28 20 än
262 663 140 22 vattenleden
418 670 47 16 som
480 664 119 22 beräknats
615 664 34 22 till
666 664 96 28 693,050
777 663 82 22 mark.*

290 694 172 33 Öfverstyrelsen
482 702 68 26 ansåg
568 702 29 26 på
615 701 67 21 sådan
698 700 71 28 grund
784 700 61 22 detta
860 700 108 21 kanalise-

217 733 137 28 ringsarbete
377 742 52 16 vara
448 736 22 22 af
485 737 41 21 den
543 736 52 28 vigt,
612 738 33 20 att
661 737 37 21 det
714 736 122 22 oberoende
855 735 24 22 af
893 736 75 26 frågan

218 769 7 21 i
250 770 50 22 dess
323 771 74 22 helhet
418 772 111 27 angående
551 772 143 22 förbindande
716 772 49 22 med
778 772 91 26 jernväg
885 771 23 22 af
921 773 46 20 vat-

218 806 120 28 tendragen
357 814 51 15 norr
432 814 34 15 om
490 808 97 28 Päijäne,
610 808 67 22 borde
701 807 68 22 skildt
789 807 120 22 behandlas
928 807 40 22 och

218 842 135 23 omedelbart
368 843 35 22 till
418 844 116 22 utförande
550 843 127 23 anbefallas.

288 879 86 27 Frågan
392 885 33 16 om
442 880 148 27 kanalisering
605 880 24 22 af
642 880 158 27 vattendragen
811 885 52 16 norr
873 885 34 16 om
918 879 49 22 Päi-

214 913 52 27 jäne
281 916 25 19 är
321 914 47 22 icke
384 921 35 21 ny.
449 916 75 21 Redan
541 915 35 22 vid
594 916 57 22 1882
667 917 35 20 års
718 915 105 27 landtdag
839 915 74 28 delgaf
925 915 42 22 Re-

216 949 103 28 geringen
343 950 122 23 Ständerna
486 951 34 22 sin
541 951 74 28 afsigt,
636 953 33 20 att
687 951 87 27 vidtaga
789 951 50 22 med
855 950 89 23 arbeten
960 951 7 20 i

216 985 65 22 dessa
296 987 136 28 vattendrag,
448 987 90 22 hvarvid
554 987 27 22 då
596 987 72 28 afsågs
684 987 205 22 åstadkommandet
905 987 24 21 af
940 993 27 15 en

216 1021 115 23 oafbruten
348 1023 95 26 segelled
458 1023 48 21 från
522 1023 106 21 Pielavesi
645 1023 42 21 ned
697 1023 35 21 till
743 1022 76 22 Iisvesi
827 1024 58 20 samt
892 1022 74 22 vidare

215 1063 79 21 genom
310 1058 124 22 Konnevesi
451 1059 39 21 och
507 1058 85 22 Keitele
608 1059 57 21 ända
675 1058 34 22 till
720 1058 96 28 Päijäne.
840 1058 69 22 Dessa
920 1058 46 27 pla-

214 1098 40 16 ner
277 1093 65 22 hafva
362 1094 56 22 dock
438 1095 57 21 ända
514 1094 34 22 till
569 1095 134 21 närvarande
722 1094 33 22 tid
771 1094 72 22 blifvit
858 1094 108 28 hvilande,

214 1128 48 22 dels
278 1130 50 20 med
344 1130 118 27 anledning
478 1130 24 21 af
516 1130 26 22 de
558 1130 131 22 tvifvelsmäl
699 1130 94 22 rörande
803 1130 26 21 de
838 1129 128 27 ifrägasatta

214 1164 275 28 kanaliseringsarbetenas
505 1166 211 27 ändamälsenlighet
731 1172 47 15 som
794 1165 58 22 inom
865 1165 100 23 Ständer-

213 1206 29 15 na
264 1200 100 28 uttalats,
387 1202 45 21 dels
454 1202 65 21 ocksä
540 1202 79 27 derför,
636 1203 33 20 att
684 1202 124 27 byggandet
824 1201 23 21 af
861 1201 104 23 Savolaks

210 1235 93 28 jernväg
326 1238 25 20 sä
366 1238 122 26 väsendtlig
504 1237 113 22 förändrat
632 1237 231 22 trafikförhällandena
878 1236 8 22 i
902 1238 63 21 dessa

212 1272 82 26 nejder,
318 1274 34 20 att
375 1273 27 21 de
423 1273 92 27 tidigare
539 1273 120 27 uppgjorda
682 1272 110 28 förslagen
816 1274 70 20 mäste
910 1274 54 26 änyo

212 1307 140 22 skärskädas.

283 1343 66 22 Klart
372 1346 25 19 är
418 1344 65 22 ocksä
503 1344 7 22 i
527 1344 77 28 sjelfva
619 1344 82 28 verket,
717 1345 34 21 att
767 1344 67 22 sedan
850 1343 115 23 Savolaks-

210 1378 73 22 banan
298 1379 72 22 blifvit
386 1381 25 21 sä
426 1380 52 22 ledd
493 1382 34 20 att
542 1380 42 22 den
595 1380 8 22 i
613 1380 106 22 närheten
729 1379 23 22 af
759 1379 134 27 Suonenjoki
901 1379 64 23 berör

210 1414 77 22 Tisvesi
311 1415 39 27 sjö,
374 1416 50 21 hela
443 1416 76 27 frågan
535 1422 35 16 om
587 1416 64 22 dessa
666 1416 140 26 vattendrags
821 1415 143 23 förbindande

282 1455 178 24 Jernvägsutskottets
472 1457 107 18 betänkande
591 1456 34 19 N:o
638 1458 16 16 3.
