1045 1673
251 99 14 18 4
430 98 225 22 Petitionsbetänkande
671 98 33 22 N:o
721 97 34 22 24.

580 159 24 17 4.

292 212 56 21 Från
365 212 162 22 Bondeståndet
538 219 26 15 en
580 212 92 28 petition
689 212 23 22 af
726 212 81 22 Herrar
818 213 24 21 A.
858 212 108 28 Häyrinen

221 248 39 20 och
283 248 69 21 Johan
374 248 119 22 Konttinen
514 249 81 27 derom,
617 250 33 20 att
669 248 95 22 farleden
784 248 92 22 emellan
892 248 74 22 Tisvesi

221 283 40 21 och
277 283 105 22 Pielavesi
398 285 67 20 måtte
482 284 111 27 fördjupas
610 286 31 25 så,
658 286 33 19 att
702 284 41 21 den
755 284 70 22 blefve
841 284 73 22 farbar
934 284 32 21 för

222 319 66 21 minst
304 319 12 22 5
332 319 33 22 fot
381 320 134 28 djupgående
532 320 81 28 fartyg;
627 320 86 21 hvilken
730 320 92 27 petition
835 320 4 21 i
853 320 113 21 öfversätt-

221 354 53 28 ning
289 357 24 19 är
328 355 24 21 af
366 356 93 26 följande
476 356 90 27 lydelse:

353 458 54 20 Till
422 458 179 20 Hedervärda
617 458 212 20 Bondeståndet.

293 518 113 26 Glädjande
422 522 22 16 är
460 518 38 20 den
514 518 121 26 lifaktighet,
652 519 45 19 med
713 518 83 20 hvilken
813 520 50 18 våra
878 519 88 19 kommu-

221 548 115 20 nikationer
358 549 26 25 på
405 551 81 17 senaste
509 548 30 20 tid
558 548 121 27 utvecklats,
701 555 46 13 men
767 548 114 26 medgifvas
896 550 70 24 måste,

221 580 31 17 att
273 578 21 20 vi
313 581 55 17 ännu
384 581 34 17 äro
433 578 58 26 långt
507 578 52 20 ifrån
574 579 67 19 målet.
673 579 26 19 Så
715 578 64 20 sakna
795 581 14 17 t.
825 585 30 13 ex.
871 582 54 16 ännu
941 578 25 20 de

221 608 124 26 vattendrag
360 608 94 20 inbördes
470 608 129 26 förbindelse,
614 608 70 20 hvilka
700 608 35 20 vid
750 608 75 20 Tisvesi
840 608 75 20 station
931 615 34 13 an-

221 638 55 20 sluta
292 638 31 26 sig
338 638 31 20 till
385 638 171 20 Savolaksbanan.
587 638 72 20 Denna
682 638 33 20 idé
731 642 23 16 är
769 638 45 20 icke
830 646 34 18 ny,
880 641 23 23 ty
919 638 47 20 dess

221 668 165 25 förverkligande
402 668 37 20 har
454 668 63 20 redan
532 668 56 20 förut
603 669 54 19 varit
672 668 87 26 påtänkt
774 668 55 20 inom
844 670 49 18 våra
909 675 57 19 rege-

221 698 144 25 ringskretsar.
396 698 89 21 Sålunda
508 702 59 22 säges
589 698 6 20 i
618 699 40 19 den
681 698 32 20 till
739 699 55 19 1885
818 700 33 18 års
867 698 99 26 landtdag

221 728 77 25 afgifna
318 728 76 26 nådiga
409 729 151 25 propositionen
583 728 104 26 angående
713 728 178 20 Savolaksbanans
914 729 51 25 byg-

221 758 76 24 gande:
321 758 47 24 ,det
383 758 126 20 vidsträckta
525 761 153 24 vattensystem,
695 758 31 20 till
742 758 78 20 hvilket
835 758 50 20 höra
899 758 65 20 Piela-

221 788 52 26 vesi,
293 788 79 27 Iisvesi,
393 788 117 20 Konnevesi
532 796 24 12 m.
578 788 18 20 fl.
613 789 60 25 sjöar,
689 788 37 20 och
742 788 31 20 för
789 788 62 20 hvars
866 788 99 22 kanalise-

221 818 47 25 ring
291 820 29 18 ett
340 818 130 26 fullständigt
493 818 77 26 förslag
594 819 119 25 utarbetats,
737 824 62 20 synes
820 825 49 14 vara
891 818 22 20 af
926 818 39 20 den

220 848 132 27 betydenhet,
369 851 29 17 att
414 849 166 20 Savolaksbanan
596 849 63 20 borde
675 849 72 20 beröra
759 848 131 26 detsamma";
901 848 65 20 likaså

221 881 60 22 säger
291 878 203 25 Jernvägsutskottet
509 879 7 19 i
532 879 36 20 sitt
583 879 137 20 betänkande:
752 895 8 11 ,
765 878 41 20 Det
821 879 64 19 måste
900 878 66 20 finnas

220 907 82 26 mycket
317 908 82 20 talande
415 909 44 19 skäl
475 909 31 19 för
522 911 28 17 ett
566 908 125 26 frängäende
707 908 23 20 af
743 915 25 13 en
785 908 126 25 sträckning,
922 915 43 13 som

220 938 61 19 berör
296 938 25 19 de
336 938 135 25 vidsträckta,
485 938 23 20 af
520 938 107 26 Pielavesi,
644 938 120 21 Konnevesi
778 938 38 19 och
826 938 73 20 Iisvesi
910 945 24 12 m.
945 937 19 20 fl.

221 967 54 26 sjöar
295 968 110 20 bestående
424 969 154 26 vattendragen,
595 969 139 25 synnerligast
750 968 26 19 dä
792 968 138 25 kanalisering
945 968 23 19 af

221 997 101 20 desamma
338 997 45 20 icke
398 998 59 25 länge
474 999 57 19 torde
546 998 103 20 uteblifva.
680 998 92 20 Beredas
788 998 39 19 alla
843 997 26 20 de
882 998 84 26 trakter,

221 1034 42 12 som
284 1027 88 25 omgifva
393 1028 60 20 dessa
474 1030 75 24 vatten,
570 1035 24 12 en
616 1028 120 25 anslutning
751 1027 30 20 till
795 1027 93 25 jernväg,
903 1028 64 18 måste

221 1056 34 20 det
271 1056 88 21 förutses
376 1059 30 18 att
421 1057 45 20 frän
482 1058 101 20 desamma
599 1064 25 13 en
640 1057 116 26 betydande
772 1057 62 19 trafik
850 1057 52 19 skall
918 1064 48 18 upp-

221 1087 81 19 samlas.
334 1087 37 19 Om
387 1087 59 20 äfven
463 1094 24 13 en
503 1087 75 20 station
594 1087 35 20 vid
645 1087 122 25 Suonenjoki
785 1086 48 20 eller
849 1086 34 20 vid
894 1086 73 20 Iisvesi

219 1116 46 20 icke
281 1116 67 20 skulle
364 1117 69 20 kunna
448 1117 21 20 fä
484 1117 39 20 den
539 1117 105 26 betydelse
660 1124 42 13 som
719 1116 111 26 Wesijärvi
847 1116 74 20 station
932 1116 35 20 vid

221 1146 68 20 ändan
310 1146 22 20 af
350 1147 84 25 Päijäne
454 1147 64 20 farled
539 1154 53 18 eger,
613 1147 59 19 torde
693 1146 52 20 dock
766 1147 6 19 i
788 1146 43 20 viss
853 1147 46 19 män
921 1153 45 13 ena-

220 1176 69 20 handa
304 1176 141 20 förhällanden
461 1177 105 20 framkalla
581 1177 122 20 ätminstone
718 1176 102 20 likartade
835 1175 105 21 resultat.*

292 1206 32 20 Då
344 1213 28 13 nu
392 1207 165 20 Savolaksbanan
573 1213 72 19 genom
661 1213 25 13 en
702 1206 74 20 bibana
791 1206 68 20 blifvit
873 1206 47 20 ledd
936 1206 31 20 till

220 1236 81 25 Tisvesi,
327 1236 37 20 har
392 1237 73 19 sådant
491 1237 55 20 skett
571 1237 65 19 under
661 1236 154 25 förutsättning,
840 1238 31 18 att
895 1236 72 20 Iisvesi

220 1266 86 20 medelst
327 1266 141 26 kanalisering
488 1267 65 19 skulle
574 1266 80 20 förenas
670 1266 46 20 med
732 1266 100 20 Niinivesi
848 1266 36 20 och
900 1266 67 20 Piela-

220 1296 50 20 vesi.
300 1296 74 20 Denna
388 1296 140 26 kanalisering
544 1299 85 17 emotses
645 1296 46 20 med
706 1296 83 26 mycket
799 1296 88 20 intresse
897 1295 23 20 af
928 1296 39 19 alla

219 1325 37 20 vid
272 1325 60 21 dessa
348 1326 124 26 vattendrag
486 1326 79 20 boende
579 1326 146 26 innebyggare,
742 1326 70 20 hvilka
823 1326 80 19 härtills
913 1326 54 19 varit

219 1355 7 19 i
243 1355 101 20 afsaknad
360 1355 22 20 af
395 1356 125 20 förbättrade
536 1356 37 20 och
588 1356 109 26 tidsenliga
712 1356 202 20 kommunikationer.

292 1385 152 21 Frambärande
463 1386 54 20 mina
544 1386 91 20 valmäns
655 1386 134 25 innerligaste
815 1385 152 25 önskningsmäl

220 1416 65 24 vägar
298 1415 37 25 jag
350 1415 79 20 säledes
444 1416 32 19 för
491 1416 34 20 det
540 1416 127 20 hedervärda
683 1415 155 21 Bondeständet
854 1415 82 19 föreslä:

292 1455 174 23 Ternvägsutskottets
478 1456 106 18 betänkande
596 1456 35 18 N:o
645 1457 16 17 3.
