1067 1675
86 566 25 13 Br.
122 566 40 14 kom.
168 566 32 14 bet.
206 566 16 17 $5

127 584 21 15 54,
156 584 22 12 56.

95 768 25 13 Br.
130 768 41 13 kom.
182 768 32 13 bet.

136 785 6 16 8
152 785 22 13 57.

95 940 25 13 Br.
131 941 40 12 kom.
182 940 31 13 bet.

161 958 8 9 S.

152 958 21 13 58.

94 1198 26 13 Br.
130 1199 41 13 kom.
181 1198 32 14 bet.

134 1216 6 16 8
150 1216 22 13 50.

86 1232 61 14 Maltär.
157 1233 11 13 f.
180 1232 6 17 $
196 1233 22 13 24.

94 1341 25 14 Br.
130 1341 41 14 kom.
181 1341 32 14 bet.

134 1359 7 16 $
151 1359 22 13 60.

265 126 24 19 18
437 124 250 23 Motionsbetänkande
702 125 41 22 N:o
759 124 21 22 6.

234 192 33 18 och
283 193 100 21 underhåll,
399 194 14 22 ej
429 194 103 18 fosterbarn
547 197 50 15 emot
611 194 145 18 fosterföräldrar
772 195 34 17 oeh
822 195 16 22 ej
850 195 56 17 heller
916 195 71 23 tjenare

234 224 49 15 emot
298 222 94 18 husbonde
407 223 58 17 under
479 223 36 17 den
531 224 27 16 tid
574 224 22 17 de
612 225 31 16 äro
659 224 5 16 i
679 224 87 22 tjensten.

304 249 18 20 2.
353 251 40 18 Ifall
415 252 6 17 i
443 252 41 17 stad
507 252 44 17 eller
573 252 24 23 pä
619 252 62 18 landet
701 252 66 18 talrika
782 252 142 18 öfverträdelser
939 256 49 15 emot

234 280 60 17 denna
309 280 106 23 förordning
430 281 117 22 förekomma,
563 281 62 18 hvilka
640 282 88 22 antingen
744 281 23 23 på
777 282 59 22 grund
848 282 19 17 af
874 282 60 17 alltför
944 287 45 18 svag

234 309 99 23 polismakt
348 309 43 17 eller
407 310 83 23 slapphet
505 310 32 17 hos
553 310 105 17 densamma
673 311 39 16 icke
728 311 93 16 verksamt
837 311 65 17 beifras
913 311 33 17 och
958 317 30 11 an-

234 338 61 17 mälan
310 338 62 17 härom
388 344 65 17 genom
468 339 164 22 stadsfullmäktige
646 339 44 17 eller
701 339 182 18 kommunalstämma
893 341 53 21 göres
956 340 32 17 hos

234 367 125 22 länestyrelse,
380 367 29 17 må
428 368 59 17 denna
505 368 63 17 härom
584 368 77 17 anställa
676 368 137 23 undersökning
828 368 39 21 och,
883 374 29 12 om
928 369 61 22 klago-

234 395 57 18 målet
313 397 81 16 befinnes
416 397 96 22 grundadt,
532 397 85 17 ditsända
637 399 50 15 extra
702 397 51 17 fiskal
769 397 46 17 eller
829 397 82 17 länsman
926 397 28 17 för
969 398 20 17 så

234 425 44 22 lång
300 425 27 17 tid
349 425 136 18 förhållandena
506 425 78 23 påkalla,
603 425 32 18 och
655 426 33 17 bör
703 426 56 17 sådan
775 427 51 16 extra
841 426 109 23 tjensteman
966 427 24 22 på

234 454 142 22 länestyrelsens
397 454 133 23 framställning
550 455 68 16 erhålla
637 461 21 10 ur
673 455 91 17 sllmänna
779 455 59 17 medel
854 455 40 17 fullt
909 455 80 17 tillräck-

234 483 34 22 ligt
284 483 72 17 arvode.

581 523 10 22 8
607 522 33 19 37.

304 570 95 22 Rättighet
421 571 27 16 att
471 570 98 17 verkställa
590 570 63 22 beslag
673 570 110 17 tillkommer
797 570 22 17 de
835 570 5 16 i
856 569 10 21 &
882 568 26 19 36
924 570 66 17 omför-

234 599 61 17 mälda
310 599 91 17 allmänna
416 599 83 22 åklagare
515 599 33 17 och
566 599 22 17 de
604 599 127 20 kontrollörer,
742 604 39 12 som
791 599 58 21 enligt
859 598 129 22 förordningen

234 628 95 22 angående
351 628 107 22 försäljning
478 628 19 16 af
509 627 79 18 bränvin
603 628 93 23 tillsättas,
712 628 28 16 för
755 629 28 15 att
798 627 97 17 öfvervaka
910 628 79 16 handeln

234 658 43 16 med
292 656 129 24 spritdrycker.
452 657 66 22 Beslag
533 657 46 17 skall
594 658 53 20 göras
662 657 5 16 i
683 656 31 17 två
729 656 82 17 vittnens
827 658 83 16 närvaro.

584 725 9 21 $
610 724 32 18 38.

304 771 10 18 I
337 771 35 18 alla
394 772 21 17 de
435 772 38 21 fall,
489 772 23 17 då
527 771 37 18 åtal
580 771 85 18 anställes
680 771 27 18 för
723 771 60 22 oloflig
797 771 108 22 försäljning
920 771 19 17 af
952 777 38 11 rus-

234 800 86 22 gifvande
341 800 81 23 drycker,
438 801 35 16 kan
490 801 85 22 köparen,
591 800 74 17 såframt
679 801 35 16 han
729 800 29 17 för
773 800 55 22 öfrigt
842 801 58 16 finnes
916 800 71 23 ojäfvig,

235 829 89 22 åberopas
340 829 27 17 till
383 829 58 17 vittne
457 829 33 18 och
505 829 59 18 såsom
580 829 56 17 sådan
651 829 71 22 edligen
739 829 60 18 höras,

584 897 9 22 $
611 897 32 18 39.

306 943 18 19 1.
355 945 41 17 Med
411 945 93 22 undantag
519 944 20 17 af
551 944 22 17 de
589 944 30 17 fall
635 944 22 17 då
673 944 94 22 magistrat
782 943 34 18 och
827 943 163 22 stadsfullmäktige

235 975 31 15 äro
283 979 44 12 ense
342 973 6 18 i
363 973 82 22 ärender,
461 979 38 12 som
515 973 114 18 omförmälas
643 973 6 16 i
665 972 20 22 $$
702 971 11 19 3
730 972 35 18 och
781 971 18 23 5,
816 972 29 17 må
860 972 65 17 besvär
940 972 51 17 öfver

235 1003 105 22 magistrats
355 1002 64 22 åtgärd
435 1003 26 16 uti
477 1002 56 22 öfriga
547 1002 6 17 i
569 1002 59 17 denna
643 1001 108 22 författning
768 1001 80 17 nämnda
862 1001 80 17 ärenden
957 1001 33 17 hos

235 1031 119 23 länestyrelse
370 1031 5 17 i
392 1031 61 22 vanlig
467 1031 77 22 ordning
559 1031 79 17 anföras.

306 1058 19 20 2.
355 1060 32 17 Uti
402 1060 127 23 länestyrelses
544 1059 61 18 beslut
620 1059 5 17 i
640 1059 36 17 alla
685 1058 110 18 hithörande
806 1057 61 23 frågor
877 1058 27 17 får
914 1058 77 21 ändring

236 1089 53 17 sökas
312 1089 5 17 i
338 1089 89 17 Senatens
441 1088 228 23 Ekonomiedepartement
684 1088 48 17 inom
749 1087 58 17 sextio
822 1087 56 22 dagar
893 1087 45 17 efter
953 1087 38 16 del-

234 1118 75 17 fåendet
325 1117 56 19 deraf.

583 1157 10 21 s
609 1156 33 19 40.

306 1205 53 17 Hvad
373 1205 34 17 här
421 1204 82 18 ofvanför
518 1205 19 16 är
553 1203 84 22 stadgadt
652 1208 29 12 om
697 1202 101 23 magistrat,
810 1202 48 22 gälle
869 1202 33 17 ock
912 1201 28 17 för
950 1201 42 17 ord-

236 1234 93 22 ningsrätt
343 1234 6 16 i
364 1234 47 21 stad,
427 1234 32 16 der
473 1232 96 23 magistrat
583 1232 16 22 ej
615 1232 64 17 finnes.

584 1301 10 22 $
609 1300 34 18 41.

306 1350 125 23 Förbrytelser
454 1350 48 17 emot
520 1349 60 16 denna
594 1347 105 22 förordning
713 1346 60 17 åtalas
789 1345 30 18 vid
834 1344 137 18 underdomstol
986 1344 6 17 i

234 1375 142 27 gärningsorten
398 1379 33 17 och
453 1378 56 21 skola,
532 1377 23 17 dä
573 1377 22 16 de
610 1376 24 23 pä
649 1375 60 18 laadet
723 1375 114 17 förekomma
852 1373 34 18 och
901 1373 90 17 ordinarie

235 1409 41 22 ting
291 1408 16 23 ej
324 1408 91 22 snarligen
429 1407 76 20 infaller,
522 1406 29 17 vid
567 1405 66 17 urtima
647 1405 40 22 ting
703 1403 96 18 derstädes
814 1398 106 32 behandlas.

305 1450 188 19 Ekonomiutskotteis
505 1447 118 20 betänkande
635 1447 35 18 N:o
681 1447 17 18 5.
