1070 1673
261 149 12 19 2
359 145 83 23 Ständ.
458 146 54 22 Pet.
528 158 27 4 —
571 146 173 22 Petitionsbet.
760 145 46 23 N:o
821 145 39 23 22.

231 209 75 27 ålagda
320 211 30 19 att
365 216 76 20 genom
457 209 68 21 direkt
540 209 169 27 korrespondens
724 209 47 21 med
783 209 158 21 vederbörande
951 216 35 21 pa-

232 244 151 20 storsembeten
405 244 93 20 utfordra
521 244 128 27 frejdebevis
671 244 33 20 för
722 244 89 21 häktade
827 250 105 22 personer,
948 244 38 21 och

232 280 30 19 att
276 278 125 21 fribrefsrätt
416 278 63 22 måtte
495 278 6 21 i
517 278 76 21 sådant
608 278 100 22 afseende
723 279 48 21 dem
787 279 141 21 tillerkännas.

300 312 81 21 Genom
398 312 75 28 nådiga
489 312 82 22 brefvet
586 312 21 21 af
622 313 41 21 den
679 313 26 21 29
721 312 118 22 December
856 313 54 21 1859
925 313 63 21 hafva

232 346 156 22 vederbörande
404 347 154 21 underdomare
574 348 38 20 och
623 348 128 20 exekutorer
761 347 122 27 berättigats
898 349 29 19 att
937 349 50 19 utan

235 381 107 22 anlitande
361 381 21 21 af
396 382 163 26 länestyrelsens
575 382 71 27 åtgärd
663 382 48 21 med
727 382 117 21 hvarandra
860 382 129 21 omedelbart

232 416 116 27 brefvexla,
370 416 27 21 då
418 416 75 27 frågan
513 416 66 27 angår
599 418 80 25 parters
702 416 39 21 och
760 416 91 21 vittnens
867 416 120 21 inkallande

231 450 52 21 eller
292 450 126 21 inställande
433 451 32 20 till
480 451 143 20 domstolarna
638 451 53 20 eller
706 451 177 20 inbekommande
899 451 21 20 af
935 457 52 21 upp-

231 485 115 26 lysningar,
365 485 146 27 embetsbetyg
525 485 39 20 och
580 485 66 20 andra
661 485 130 27 handlingar,
808 485 48 21 med
875 491 58 15 mera
948 485 38 26 dy-

231 519 49 26 likt;
296 519 54 20 dock
365 519 55 27 med,
435 519 63 21 bland
514 521 70 25 annat,
600 519 41 21 den
656 519 155 28 inskränkning
827 521 30 20 att
873 519 65 21 sådan
956 519 29 20 di-

232 553 46 22 rekt
293 553 168 28 korrespondens
477 554 18 27 ej
509 554 32 21 får
551 560 44 23 ega
601 561 47 13 rum
658 554 49 21 med
718 554 125 27 tjensteman
856 555 57 20 utom
924 553 63 32 länet,

232 587 86 21 såframt
340 588 46 21 icke
410 589 70 20 ortens
495 588 46 27 läge
557 590 38 25 gör
609 588 75 21 sådant
699 588 95 27 lämpligt
809 588 39 21 och
864 588 75 21 sakens
952 587 35 22 be-

232 621 116 22 skaffenhet
364 622 93 27 påkallar
471 624 66 19 större
553 622 157 27 skyndsamhet.

301 657 42 20 Vid
365 657 126 27 pröfningen
511 657 20 20 af
552 657 88 21 anförda
656 657 177 27 petitionsförslag
848 657 63 20 hafva
926 656 60 21 Stän-

232 691 66 20 derna
319 693 68 19 ansett
407 691 35 22 det
463 692 50 21 böra
528 692 81 27 tagas
600 687 15 37 i
624 692 143 26 betraktande,
783 694 30 19 att
828 692 91 27 mycken
936 692 51 21 tids-

233 725 85 28 utdrägt
340 725 70 22 kunde
434 726 103 21 undvikas
560 727 38 20 och
621 727 62 20 äfven
707 726 167 27 rättskipningen
897 726 90 27 mången

233 759 57 28 gång
313 760 129 27 väsentligen
465 761 118 26 befrämjas,
605 761 69 20 derest
698 761 157 20 vederbörande
871 761 115 20 underord-

234 794 54 21 nade
311 794 132 21 embetsmän
459 795 6 20 i
482 795 150 20 vidsträcktare
655 795 48 20 mån
722 797 27 18 än
764 801 29 14 nu
809 797 23 18 är
847 794 140 21 förhållandet

234 828 40 21 och
297 829 98 21 särskildt
414 829 7 20 i
442 829 78 21 sådana
543 829 42 27 fall,
609 835 45 15 som
666 829 31 21 uti
712 829 100 27 förslaget
827 829 86 27 berörts,
929 829 58 27 egde,

236 863 48 20 med
316 863 136 27 förbigående
485 864 20 20 af
537 864 66 20 andra
635 863 153 27 myndigheter,
818 863 81 21 direkte
928 863 57 21 med-

235 896 48 21 dela
298 897 31 27 sig
344 897 49 21 med
409 898 117 20 hvarandra
541 898 32 20 för
588 898 136 20 inhemtande
740 897 21 21 af
775 897 78 27 nödiga
866 898 123 26 upplysnin-

234 937 39 21 gar
289 933 54 19 samt
358 931 134 21 anskaffande
508 932 21 20 af
543 932 60 20 bevis
618 932 38 20 och
670 932 66 26 öfriga
748 932 141 26 handlingar
881 927 14 35 i
900 932 89 20 embets-

235 965 99 21 ärenden.
364 965 33 21 En
413 966 64 20 sådan
493 966 119 27 anordning
628 966 72 20 kunde
715 965 34 21 väl
764 966 6 20 i
786 965 115 21 allmänhet
912 966 79 20 införas

235 999 66 21 redan
316 999 113 21 förmedels
444 1000 148 20 utsträckande
607 1000 21 20 af
644 1000 40 20 den
700 1006 29 14 nu
745 1000 100 27 temligen
861 1000 129 26 begränsade

237 1033 160 27 fribrefsrätten,
420 1034 86 20 såframt
529 1034 46 21 icke
591 1034 40 21 den
649 1034 133 27 uppfattning
797 1034 87 20 allmänt
896 1034 54 27 gjort
960 1034 32 27 sig

238 1067 104 28 gällande,
365 1070 30 19 att
414 1068 137 27 embetsmän,
569 1070 58 19 utom
642 1069 8 19 i
665 1068 26 21 de
707 1068 30 21 uti
754 1068 181 27 ofvanåberopade
950 1068 41 21 för-

239 1101 92 28 fattning
353 1102 93 21 nämnda
461 1102 42 26 fall,
519 1104 36 19 äro
571 1102 120 21 förbundna
706 1104 30 19 att
751 1102 88 21 besvara
854 1102 137 27 tjensteskrif-

239 1135 70 21 velser
324 1136 74 22 endast
414 1136 71 21 såvida
501 1136 60 21 dessa
577 1136 84 21 komma
676 1136 46 20 från
739 1136 140 20 öfverordnad
894 1136 98 28 myndig-

237 1169 41 21 het.
309 1170 30 20 På
360 1170 70 27 grund
452 1170 21 21 af
496 1170 69 21 denna
580 1171 72 27 praxis
666 1170 60 21 torde
742 1170 35 21 det
791 1176 51 14 vara
857 1170 135 27 nödvändigt,

238 1205 35 25 att,
295 1204 100 26 jemsides
417 1204 47 21 med
485 1204 151 28 tillstädjandet
651 1204 21 21 af
687 1204 123 28 portofrihet
825 1204 32 20 för
872 1204 121 21 skrifvelser

238 1238 22 20 af
275 1238 160 27 ifrågavarande
451 1239 44 27 slag
510 1239 162 21 underordnade
687 1238 148 28 myndigheter
845 1238 97 27 emellan,
952 1240 41 19 rät-

237 1272 94 26 tigheten
354 1272 32 21 till
408 1273 121 21 omedelbar
546 1273 134 27 brefvexling
695 1272 69 21 blefve
785 1272 97 21 bemälda
896 1272 97 28 myndig-

237 1306 61 21 heter
318 1306 143 28 uttryckligen
482 1307 126 27 medgifven.

307 1340 45 21 Och
375 1347 34 14 om
432 1341 56 21 detta
510 1341 95 21 befinnes
628 1342 120 26 önskvärdt,
773 1341 68 21 såvidt
867 1340 66 28 angår
955 1347 38 14 un-

238 1375 125 21 derdomare
386 1376 39 20 och
440 1376 163 20 kronolänsman
618 1378 55 18 samt
687 1376 170 27 pastorsembete,
873 1381 63 20 synes
952 1374 40 21 den

240 1409 160 28 ifrågavarande
423 1410 125 28 rättigheten
564 1410 31 22 till
610 1410 122 21 omedelbar
747 1410 134 26 brefvexling
895 1409 98 21 inbördes
