1064 1661
262 113 27 21 12
371 112 82 23 Ständ.
468 113 51 22 Pet.
535 126 29 3 —
580 111 171 24 Petitionsbet.
766 111 45 23 N:o
827 112 18 21 1.

302 179 218 26 Kostnadsförslaget
535 178 34 21 för
585 179 26 21 de
622 179 96 26 kanaler,
729 178 75 21 hvilka
815 178 55 21 hade
881 178 34 21 till
927 178 55 28 syfte

231 216 34 20 att
280 215 49 21 med
346 215 123 21 hvarandra
485 214 101 22 förbinda
601 215 84 26 Iisvesi,
701 214 131 27 Konnevesi,
843 214 86 22 Keitele
941 215 40 21 och

230 250 105 27 Päijänne
351 251 58 26 sjöar
425 251 40 20 och
480 250 74 21 hvilka
573 250 65 21 alltså
654 256 76 21 genom
747 250 116 21 utförande
875 250 24 21 af
908 250 73 21 ofvan-

230 286 95 20 nämnda
343 286 117 26 jernvägar
480 285 70 22 skulle
570 286 74 21 kunna
664 286 114 26 undvaras,
793 285 88 27 belöpte
898 286 33 26 sig
946 286 35 21 till

231 321 99 27 omkring
346 322 50 28 41/,
413 322 103 26 miljoner
531 321 69 21 mark.

301 357 75 21 Under
396 357 158 26 förutsättning
569 359 33 19 att
618 363 26 15 en
658 357 91 26 jernväg
765 357 48 21 frän
829 357 66 21 Wasa
911 357 70 21 banan

230 392 35 22 till
280 393 117 27 Jyväskylä
406 393 100 21 kommer
517 392 34 22 till
562 392 123 28 utförande,
697 393 100 27 erbjuder
814 393 41 21 den
867 393 24 21 af
906 392 75 22 ofvan-

230 430 95 20 nämnda
350 429 104 22 bandelar
480 431 158 19 sammansatta
664 429 246 27 jernvägsträckningen
939 430 42 21 den

230 465 86 26 mycket
332 464 176 22 beaktansvärda
524 464 104 26 fördelen,
638 466 41 26 att,
687 465 69 26 jemte
768 465 37 21 det
815 465 93 21 sålunda
916 465 65 22 Savo-

230 499 48 22 laks
302 501 40 20 och
365 501 67 21 Wasa
453 500 97 21 banorna
571 500 87 21 förenas
682 501 48 21 med
754 501 127 26 hvarandra,
905 501 75 27 frågan

230 542 35 14 om
282 537 169 25 vattendragens
468 543 50 14 norr
534 542 34 14 om
585 536 105 26 Päijänne
705 536 144 21 förbindande
864 537 48 21 med
921 537 58 26 jern-

229 573 116 24 vägsnätet
367 572 70 20 blefve
458 571 118 27 lämpligen
597 572 49 20 löst.
677 572 38 20 Att
736 578 27 14 en
779 572 98 27 jernväg,
892 572 88 20 hvilken

229 606 43 22 kan
289 606 113 22 trafikeras
418 607 51 21 hela
484 608 48 20 året
548 613 42 21 om,
607 607 101 27 erbjuder
724 610 78 24 mänga
813 607 95 21 fördelar
916 607 63 21 fram-

229 642 34 21 för
278 642 96 28 kanaler,
391 643 27 21 de
434 643 38 21 der
489 642 6 22 i
512 643 64 21 dessa
591 642 100 27 nordliga
706 643 85 21 trakter
807 649 46 15 mer
869 645 26 19 än
907 642 73 22 halfva

230 679 47 20 året
297 680 38 19 äro
358 678 158 27 oanvändbara,
538 678 69 27 ligger
627 678 33 21 för
679 680 69 25 öppen
765 679 49 26 dag,
831 678 97 22 särdeles
945 679 34 27 dä,

230 715 70 20 såsom
323 714 97 21 komitén
442 714 126 26 framhållit,
590 714 63 21 äfven
674 716 127 19 trävarorna
817 714 48 21 från
881 715 99 21 området

229 749 64 27 kring
314 750 85 21 Keitele
423 750 33 26 sjö
479 750 85 20 komme
588 751 34 19 att
644 756 39 20 per
703 750 92 26 jernväg
817 749 113 22 befordras
945 750 35 21 till

229 786 110 20 närmaste
350 786 65 20 hamn
424 785 106 27 billigare,
536 787 28 19 än
575 791 76 21 genom
664 786 32 20 ett
706 785 147 27 kanalsystem
863 785 60 21 öfver
931 786 48 20 Päi-

226 820 68 26 jänne
304 821 33 20 till
346 820 115 27 Wesijärvi
471 820 39 21 och
520 820 94 21 derifrän
623 827 38 18 per
669 821 91 26 jernväg
774 821 33 20 till
819 821 79 21 Sörnäs
907 822 72 20 hamn.

301 856 34 21 Dä
351 856 143 21 omförmälda
508 856 89 27 jernväg
612 856 48 21 frän
674 856 116 27 Jyväskylä
801 857 35 20 till
847 857 133 26 Suonenjoki

229 891 93 21 sälunda
344 893 38 25 gör
402 891 124 27 byggandet
546 891 24 21 af
589 891 26 21 de
636 892 63 27 länge
719 892 107 26 pätänkta
844 892 136 22 kostsamma

229 926 119 22 kanalerna
372 927 126 27 umbärligt;
522 928 27 20 dä
570 928 26 20 de
617 928 90 26 trakter,
729 934 46 14 som
797 928 24 21 af
835 928 42 21 den
893 928 86 22 komme

230 964 33 19 att
279 962 95 28 beröras,
391 963 102 21 utmärka
509 963 33 26 sig
556 969 77 21 genom
645 970 27 14 en
683 963 139 27 temmeligen
833 963 147 22 framskriden

230 998 84 26 odling;
331 998 27 21 dä
373 1000 53 19 nära
443 998 58 21 invid
517 998 70 22 banan
603 998 69 22 finnes
689 1000 32 20 ett
736 999 61 21 antal
807 999 34 21 för
852 999 129 21 industriela

230 1034 103 20 ändamål
350 1034 82 26 egnade
448 1034 71 21 forsar
535 1036 57 19 samt
608 1035 26 20 dä
650 1034 89 21 härmed
755 1040 82 15 vunnes
852 1041 26 14 en
889 1035 90 26 begväm

229 1068 133 22 förbindelse
382 1070 92 20 emellan
495 1065 139 26 Österbotten
654 1070 39 21 och
709 1069 112 27 Savolaks,
837 1070 64 21 hafva
917 1070 62 21 Stän-

230 1104 67 21 derna
308 1104 78 27 funnit,
398 1107 33 19 att
442 1105 116 26 Jyväskylä
568 1106 83 21 banans
664 1106 142 26 fortsättning
817 1107 85 19 österut
912 1106 67 21 borde

229 1139 61 21 ledas
307 1140 7 21 i
330 1147 30 14 nu
376 1141 96 20 nämnda
487 1140 104 27 riktning.

300 1175 51 22 Med
368 1176 102 21 afseende
487 1176 120 21 emellertid
624 1177 58 24 derä,
697 1179 33 19 att
741 1177 124 26 byggandet
875 1176 24 21 af
909 1176 70 21 denna

224 1210 94 28 jernväg
334 1211 56 22 först
405 1213 69 20 under
490 1219 26 14 en
532 1212 130 21 kommande
678 1212 145 27 finansperiod
840 1212 43 21 kan
899 1211 79 28 ifräga-

228 1246 88 21 komma
333 1247 40 21 och
388 1249 34 19 att
438 1246 106 22 definitivt
560 1248 113 21 uttalande
689 1248 7 21 i
713 1248 67 21 saken
796 1247 66 22 alltsä
880 1247 33 20 för
930 1249 49 19 när-

228 1283 95 20 varande
343 1283 48 20 icke
409 1285 25 18 är
452 1283 118 26 päkalladt,
589 1283 64 22 hafva
674 1283 122 22 Ständerna
812 1284 74 20 ansett
901 1282 34 27 sig
950 1289 29 14 nu

229 1317 78 22 endast
324 1318 52 21 böra
391 1318 39 21 hos
447 1318 68 21 Eders
531 1318 121 27 Kejserliga
668 1319 103 26 Majestät
788 1319 6 20 i
806 1317 174 27 underdänighet

228 1353 95 26 anhälla,
345 1356 33 19 att
399 1354 67 26 nädig
483 1354 135 27 proposition
638 1355 6 20 i
660 1356 74 20 ämnet
750 1354 7 21 i
774 1354 69 21 sinom
861 1353 32 21 tid
909 1353 70 22 blefve

228 1387 123 23 Ständerna
367 1388 102 28 förelagd.
