1064 1664
245 130 13 21 6
430 131 245 23 Petitionsbetänkande
690 131 36 23 N:o
742 131 25 22 11.

217 191 45 28 slag
283 192 32 21 till
337 193 63 21 deras
423 194 92 27 lösning,
535 195 85 22 hvilken
643 195 79 21 komite
742 196 68 21 under
828 195 145 22 instundande

218 233 93 15 sommar
326 227 97 22 kommer
438 231 33 19 att
486 229 113 22 härstädes
615 230 168 21 sammanträda.

284 261 31 22 På
336 263 71 26 grund
430 263 25 21 af
472 264 41 21 den
534 264 116 27 utredning
670 264 106 21 utskottet
792 264 6 21 i
815 264 67 22 saken
899 265 74 21 vunnit

216 295 40 21 och
276 295 40 22 här
330 296 64 21 ofvan
412 297 110 22 meddelat
539 299 32 20 får
585 299 114 25 utskottet,
715 306 45 14 som
778 299 71 21 funnit
864 299 47 21 skäl
927 299 46 21 icke

216 329 103 28 föreligga
338 333 32 19 att
391 331 34 22 för
445 333 136 21 närvarande
602 333 109 28 tillstyrka
729 334 41 21 den
790 333 24 22 af
827 333 145 28 petitionären

217 363 122 29 föreslagna
354 366 113 28 åtgärden,
483 368 109 21 vördsamt
607 367 122 22 hemställa:

491 427 31 19 att
548 425 81 22 landets
653 425 124 29 Höglofliga
806 426 92 21 Ständer
925 427 48 20 ville

421 459 68 21 lemna
505 460 154 27 ofvanstäende
675 461 187 28 petitionsförslag
876 463 52 18 utan
936 461 36 27 af-

420 495 78 20 seende.

283 617 140 30 Helsingfors,
448 620 115 22 Allmänna
583 617 199 26 Besvärsutskottet
802 621 43 22 den
866 623 26 20 12
916 629 55 14 mars

215 658 60 21 1891.

280 779 10 20 I
306 778 101 21 ärendets
429 777 130 27 behandling
578 777 65 22 hafva
659 777 92 27 deltagit
766 777 118 21 utskottets
899 777 72 21 ordfö-

217 813 67 20 rande
299 813 99 27 Ramsay,
420 811 178 22 medlemmarne:
608 811 90 22 friherre
706 819 42 14 von
757 811 113 28 Knorring,
880 811 90 22 friherre

213 854 41 14 von
268 847 145 26 Willebrand,
424 846 120 26 Nordlund,
563 846 67 26 Bäck,
646 846 118 25 Melander,
780 846 112 27 Bergroth,
908 846 61 27 Lille,

213 881 77 26 Lindh,
310 881 92 28 Nyberg,
423 881 92 29 Ojanen,
534 881 116 21 Danielson
670 881 40 21 och
726 880 97 28 Bremer,
840 883 56 19 samt
905 888 64 20 supp-

212 915 125 22 leanterne:
355 915 156 28 Wasastjerna,
527 915 102 22 Renlund
639 915 41 22 och
691 915 111 21 Punttala.

243 1467 132 23 Helsingtors,
388 1468 19 18 J.
420 1467 76 18 Simelii
508 1468 110 23 arfvingars
630 1468 126 23 boktryckeri
768 1459 115 32 aktiebolag,
897 1459 49 26 1891.
959 1459 8 1 -
