1067 1675
416 130 253 23 Motionsbetänkande
684 131 42 21 N:o
741 130 22 22 6.

569 198 12 24 $
595 194 21 35 5.

419 250 105 24 Rättighet
546 250 29 20 till
590 250 143 20 minuthandel
747 250 48 19 med
809 249 58 21 viner
882 250 36 20 och
933 256 36 14 an-

352 284 40 19 dra
407 289 88 20 svagare
509 285 126 24 rusdrycker
649 284 104 19 meddelas
765 284 36 25 för
816 289 24 14 en
856 284 29 19 tid
899 284 26 25 af
938 283 33 21 två

351 317 31 26 är,
397 319 36 18 och
448 317 37 21 må
505 319 103 24 förnyelse
623 319 26 24 af
660 319 121 24 rättigheten
795 319 43 19 icke
850 319 120 24 förvägras,

351 351 73 21 såvida
449 353 106 20 sökanden
578 353 43 20 icke
636 353 128 20 missbrukat
779 353 129 24 densamma,
925 353 45 19 bru-

352 387 22 19 tit
388 388 43 19 mot
443 387 182 25 förordningarna
639 387 90 20 rörande
737 385 127 27 försäljning
879 387 26 24 af
912 387 59 24 sprit-

352 421 46 19 eller
412 421 145 26 maltdrycker,
573 421 47 20 eller
643 427 81 14 annars
738 420 46 21 låtit
798 421 68 20 oskick
881 421 34 20 vid
928 421 44 25 för-

353 455 117 25 säljningen
484 456 85 19 komma
585 456 31 24 sig
632 455 29 20 till
675 456 45 19 last.

570 525 13 22 $
598 524 19 19 6.

422 575 123 21 Tillverkare
568 576 25 24 af
615 576 34 19 vin
673 576 46 19 eller
735 581 73 14 annan
824 581 87 19 svagare
925 581 45 14 rus-

351 610 70 24 dryck,
448 615 45 14 som
517 610 34 19 vid
575 610 76 20 handel
672 610 99 25 försäljer
796 610 46 20 eller
867 610 105 19 utlemnar

351 644 82 19 mindre
447 645 30 19 än
492 644 29 19 till
537 644 129 26 försäljning
680 644 109 25 medgifvet
802 644 78 20 minsta
895 644 74 25 belopp,

352 678 42 20 vöte
407 678 68 25 första
495 677 83 26 gången
594 678 53 26 från
662 680 35 18 och
712 679 47 19 med
774 678 101 26 tjugufem
891 678 29 19 till
934 678 36 20 och

351 712 47 20 med
413 712 180 26 etthundrafemtio
607 713 64 19 mark
688 714 36 18 och
739 713 70 19 andra
824 712 82 25 gängen
918 711 53 26 frän

351 747 36 19 och
405 747 47 19 med
467 746 110 26 sjuttiofem
593 748 29 19 till
643 748 36 19 och
701 748 47 19 med
768 747 114 20 trehundra
900 747 68 19 mark.

353 781 52 20 Sker
420 782 32 18 det
467 781 62 25 tredje
551 781 81 25 gängen
655 782 46 20 eller
724 782 71 24 oftare,
811 786 49 15 vare
875 781 31 19 bot
918 780 53 26 frän

351 816 36 18 och
409 816 47 19 med
478 816 179 24 etthundrafemtio
681 816 29 20 till
732 816 36 19 och
782 816 48 19 med
842 816 129 24 femhundra

351 849 68 20 mark.

419 884 120 19 Fördristar
563 885 32 23 sig
618 883 70 26 någon
710 885 30 18 att
754 883 56 25 sälja
824 884 36 19 vin
874 883 46 20 eller
935 889 36 14 an-

351 923 43 14 nan
419 923 86 20 svagare
529 919 103 24 rusdryck
649 919 52 19 utan
725 919 35 24 att,
780 917 32 25 pä
827 919 40 18 sätt
880 918 8 19 i
903 918 69 19 denna

349 953 125 24 förordning
488 953 90 25 stadgas,
595 959 52 14 vara
662 953 67 20 dertill
743 953 121 24 berättigad,
876 952 41 19 böte
927 957 45 15 som

351 987 62 24 ofvan
428 989 56 22 sagts
500 988 35 19 och
550 993 48 14 vare
613 988 72 19 derhos
701 987 58 20 alltid
773 987 47 20 hela
834 987 33 19 det
881 987 36 19 hos
932 987 40 18 den

351 1021 102 24 brotislige
468 1021 133 25 öfverkomna
613 1021 76 25 förråd
704 1022 26 24 af
741 1021 39 20 slik
790 1027 54 14 vara
848 1021 64 24 jemte
922 1021 48 19 kärl

348 1055 106 24 fördrutet.

424 1089 79 20 Varder
527 1089 74 26 någon,
618 1090 81 20 hvilken
723 1090 63 19 idkar
804 1089 128 25 försäljning
948 1089 26 24 af

351 1124 58 19 viner
425 1124 47 20 eller
496 1125 70 19 andra
591 1130 86 19 svagare
701 1124 131 25 rusdrycker,
853 1124 118 24 förvunnen

351 1162 34 16 om
399 1160 33 18 att
447 1159 6 19 i
466 1159 97 24 förening
585 1159 84 19 dermed
691 1159 50 19 idka
762 1158 66 25 oloflig
840 1158 131 25 försäljning

351 1193 25 23 af
388 1192 95 25 bränvin,
499 1193 74 23 dömes,
589 1194 56 18 utom
659 1193 30 19 till
699 1193 70 24 derför
778 1192 98 24 stadgadt
884 1197 85 19 ansvar,

350 1227 32 19 sin
405 1226 181 26 försäljningsrätt
611 1228 48 24 efter
684 1228 69 18 denna
772 1226 125 25 förordning
928 1226 42 24 för-

350 1260 67 25 lustig.

569 1318 48 23 $7.

417 1369 68 25 Böter,
508 1374 43 15 som
574 1370 49 24 efter
645 1370 68 19 denna
733 1369 126 25 förordning
874 1367 93 25 ddömas,

349 1403 106 24 äfvensom
470 1403 101 24 förbrutet
585 1403 50 24 gods
651 1403 81 24 tillfalla
747 1403 88 19 kronan.

279 1445 190 19 Ekonomiutskottets
481 1446 118 18 betänkande
611 1446 36 18 N:o
658 1447 17 17 5.
