1056 1673
237 103 29 19 40
431 101 224 22 Petitionsbetänkande
672 102 34 21 N:o
722 101 14 22 1.

206 162 175 20 kommunikation
397 162 89 20 derifrån
502 165 88 23 öppnats
605 162 32 20 till
652 162 142 26 Köpenhamn,
810 162 67 20 Norra
887 163 67 25 Tysk-

206 192 55 25 land,
282 192 101 26 England,
403 192 88 26 Spanien
512 192 38 19 och
565 192 122 26 Frankrike,
700 192 23 25 ja
738 195 14 16 t.
768 198 17 13 o.
801 199 26 14 m.
858 193 97 19 Amerika

206 228 26 13 m.
248 221 19 19 fl.
284 221 77 27 länder,
375 222 96 19 hvarföre
486 221 61 20 äfven
562 221 98 20 behofvet
677 225 22 16 är
710 223 52 18 stort
773 221 37 30 och
820 221 67 20 blifvit
897 224 56 17 ännu

207 253 67 18 större
288 251 32 20 för
335 253 50 18 våra
399 251 85 20 främsta
499 251 71 20 städer
584 251 132 26 Helsingfors
727 251 38 20 och
780 252 45 19 Abo
836 254 31 17 att
877 251 77 20 erhålla

206 281 84 20 kortare
301 281 37 20 och
348 281 100 20 snabbare
459 281 175 20 kommunikation
644 281 47 20 med
701 281 93 20 utlandet
808 281 57 20 öfver
874 281 82 26 Hangö,

207 311 38 19 och
265 311 44 25 just
329 311 67 20 denna
417 311 22 20 af
457 311 41 25 mig
513 311 143 26 projekterade
671 311 49 19 linie
735 311 102 19 förkortar
852 311 104 20 afständet

207 340 86 20 emellan
314 341 129 25 Helsingfors
464 341 37 20 och
524 341 75 25 Hangö
622 341 48 19 med
695 339 25 29 1/,
744 340 23 20 af
780 340 40 20 den
835 341 120 19 nuvarande

203 370 169 25 jernvägslinien,
387 373 52 17 samt
456 370 85 20 emellan
558 364 45 26 Äbo
619 371 39 19 och
673 371 75 24 Hangö
763 370 46 19 med
825 377 25 13 en
865 371 22 18 sä
895 371 58 25 bety-

207 399 68 20 dande
290 400 88 19 skillnad
394 403 31 17 att
439 401 40 19 den
494 407 42 18 nya
551 403 68 22 vägen
634 400 68 20 blefve
717 400 65 29 knapt
798 398 27 29 1/,
841 400 33 19 del
884 400 23 19 af
915 400 41 20 den

206 436 20 13 n
249 436 20 13 v.
293 433 106 22 omvägen;
422 430 85 20 emellan
527 429 131 26 Helsingfors
682 430 38 19 och
743 430 45 19 Åbo
811 429 66 20 blefve
893 429 60 20 äfven

206 459 104 20 afständet
326 458 26 29 !/,
369 459 23 20 af
404 467 19 12 n.
440 467 18 12 v.
474 460 46 19 hela
535 459 143 27 projekterade
693 459 63 20 linien
772 459 76 26 H:fors,
859 459 96 27 Wirkby,

207 489 67 26 (Lojo)
290 489 38 20 och
343 489 63 20 sedan
416 489 64 20 Karis
495 489 80 26 (altern.
592 489 80 25 Svartä,
682 489 91 26 Ekenäs)
789 489 66 20 skulle
870 489 85 20 tillsam-

205 525 59 13 mans
280 521 73 23 utgöra
370 520 42 19 140
428 521 12 18 å
457 519 41 20 150
514 522 57 17 verst
587 519 38 20 och
640 519 59 20 torde
714 519 71 19 kunna
800 519 79 25 byggas
893 519 32 19 för
941 519 14 19 8

206 549 13 18 å
241 549 128 25 10,000,000
390 549 43 20 Fm.
455 551 51 17 samt
521 549 57 25 gifva
594 555 25 13 en
634 549 125 19 årsinkomst
775 548 23 20 af
810 551 57 17 netto
883 549 12 19 6
911 550 12 18 a
939 549 14 19 8

205 581 92 23 procent,
313 579 64 25 enligt
391 579 95 25 kalkyler
501 578 108 26 grundade
624 580 27 24 pä
661 579 217 24 Jernvägsstyrelsens
888 579 67 19 berät-

205 608 52 19 telse
281 611 52 16 samt
356 609 65 19 andra
443 609 114 19 statistiska
582 608 54 26 data,
656 608 60 20 alltså
736 615 37 13 ren
792 608 114 25 beräkning
921 608 32 19 för

206 638 125 20 statsverket
354 641 31 17 att
404 639 69 25 bygga
488 638 68 20 denna
571 638 54 20 bana
640 638 52 26 sjelf.
722 638 42 25 Jag
779 638 36 19 ber
830 637 21 20 fä
866 638 86 20 hänvisa

205 667 33 20 till
258 668 54 19 mina
327 668 108 25 petitioner
451 668 7 19 i
473 671 68 17 ämnet
556 668 35 19 vid
609 668 57 19 1885
682 668 38 20 och
738 668 56 19 1888
810 669 33 18 ärs
859 668 93 19 landtda-

205 704 44 18 gar,
270 700 53 17 samt
347 698 31 19 till
403 698 127 20 sistnämnda
549 698 111 25 landtdags
682 698 123 25 protokoller
820 698 55 19 inom
899 699 55 18 stän-

205 727 41 19 den
262 728 38 18 och
315 727 203 25 Jernvägsutskottet
534 728 38 19 och
587 727 67 20 tillika
669 727 149 20 vördsammast
828 727 81 20 anhälla
919 734 32 12 om

205 756 36 20 det
260 756 110 26 höglofliga
390 757 152 25 Ridderskapet
562 757 38 19 och
620 757 68 19 Adeln
704 758 87 24 benäget
807 757 47 19 ville
869 760 80 22 antaga,

205 789 54 17 samt
278 786 85 26 inbjuda
378 786 133 20 medständen
527 789 30 17 att
573 787 49 25 ingä
637 787 31 19 till
684 787 58 19 Hans
757 786 117 26 Kejserliga
888 787 63 25 Maje-

206 818 41 17 stät
262 816 47 20 med
324 823 25 13 en
365 816 128 25 underdänig
508 816 108 26 petition
632 816 78 21 derom:

421 883 32 19 att
472 881 64 21 Hans
556 880 124 29 Kejserliga
702 880 103 28 Muajestät
824 880 49 22 ville
888 881 64 21 anbe-

341 910 61 27 falla
413 910 163 28 undersökning
586 910 26 27 af
621 911 43 21 den
673 910 126 28 föreslagna
809 910 74 28 linien,
894 912 57 20 samt

349 940 33 21 till
402 942 65 19 nästa
486 940 144 21 ständermöte
650 939 68 27 afläta
733 940 68 27 nädig
812 940 133 27 proposition

348 977 32 14 om
396 970 145 28 anläggandet
557 971 23 26 af
596 977 27 14 en
634 970 96 27 Jernväg
744 969 53 27 från
812 969 138 28 Helsingfors

347 999 34 21 till
391 999 55 27 Lojo
456 999 32 28 sjö
502 999 110 27 (Wirkby)
623 1001 55 20 samt
687 999 62 28 ifrän
764 999 70 21 Karis
849 999 98 28 (Ekenäs

347 1029 52 21 eller
409 1029 88 27 Svartä)
513 1029 59 26 öfver
587 1029 51 22 Salo
654 1029 34 21 till
703 1023 45 27 Äbo
762 1031 56 19 sami
833 1030 30 20 att
877 1029 75 21 denna

347 1058 57 22 vana
414 1058 62 28 finge
488 1059 102 27 påbörjas
606 1059 46 21 med
667 1058 71 22 arbete
754 1058 126 21 omedelbart
895 1058 54 27 efter

347 1088 98 21 Joensuu
461 1089 83 20 banans
559 1088 141 27 slutförande.

275 1154 130 25 Helsingfors
421 1154 39 20 den
477 1155 11 19 7
504 1155 100 19 Februari
622 1155 64 19 1891.

688 1218 192 27 Högaktningsfullt

701 1277 79 22 Walfrid
796 1274 68 30 Späre.

274 1448 174 23 Jernvägsutskottets
460 1448 106 19 betänkande
578 1448 36 18 N:o
626 1450 15 16 1.
