1064 1656
209 114 84 22 Ständ.
310 114 52 22 Pet.
379 128 29 2 —
424 114 171 23 Petitionsbet.
611 114 43 22 N:o
671 115 21 21 1.
769 116 27 21 19

143 180 32 22 På
198 181 71 26 grund
293 180 24 22 af
340 181 37 21 det
398 180 92 22 anförda
510 181 23 21 få
555 180 121 22 Ständerna
697 181 39 21 hos
758 180 68 22 Eders

73 215 123 28 Kejserliga
211 216 106 28 Majestät
334 216 6 21 i
356 216 174 28 underdånighet
546 216 97 22 anhålla:

287 287 22 29 1)
326 288 32 20 att
379 287 69 28 nådig
466 287 136 28 proposition
618 294 32 14 om
666 287 122 28 byggandet
804 286 26 28 af

217 330 27 14 en
255 322 96 28 jernväg
368 322 91 22 emellan
475 324 104 21 städerna
598 322 106 29 Uleåborg
720 323 37 21 och
775 322 52 22 Tor-

215 359 42 21 neå
272 359 9 21 i
297 358 70 22 sinom
383 358 33 22 tid
432 358 64 28 blefve
512 358 127 22 Ständerna
648 358 103 28 förelagd,
764 358 62 22 hvar-

211 394 65 27 jemte
299 394 127 21 Ständerna
447 394 57 21 velat
524 394 72 21 uttala
617 394 41 21 den
673 394 154 28 förhoppning,

217 431 33 20 att
265 430 43 21 den
324 429 28 27 af
364 429 71 22 Eders
450 429 125 28 Kejserliga
592 429 103 28 Majestät
710 429 117 27 anbefalda

218 465 193 28 undersökningen
426 465 27 27 af
465 465 98 22 nämnda
574 465 159 28 jernvägslinie
748 465 80 22 komme

218 502 31 21 att
265 501 129 22 verkställas
409 501 73 22 innan
497 503 66 19 nästa
579 501 114 28 landtdag;

288 548 24 29 2)
329 550 39 25 att,
378 548 36 27 för
430 549 42 21 den
488 549 102 21 händelse
606 548 86 22 Raumo
707 549 50 21 stad
772 548 52 22 eller

218 584 93 22 enskildt
334 583 60 29 bolag
418 585 72 21 innan
513 585 65 21 nästa
601 584 103 28 landtdag
724 584 103 22 utverkat

218 620 33 28 sig
272 620 125 21 koncession
414 621 13 21 &
443 620 120 28 byggandet
584 619 28 28 af
625 627 27 14 en
662 620 95 28 jernväg
771 620 54 27 från

216 656 74 27 någon
303 655 73 28 punkt
391 657 14 20 å
422 655 321 29 Tammerfors—Björneborgs
754 656 72 21 banan

217 691 34 22 till
268 691 87 22 Raumo
371 691 54 27 stad,
432 691 35 28 för
478 691 35 22 det
524 692 187 21 koncessionerade
714 691 112 29 företaget

217 728 70 27 måtte,
297 728 29 27 på
342 727 27 28 af
382 727 112 28 Styrelsen
509 729 104 20 närmare
628 727 108 22 bestämda
750 728 75 25 vilkor,

217 763 89 28 beviljas
322 770 26 15 en
364 763 128 22 subvention
503 763 33 22 till
547 763 71 28 belopp
628 763 28 28 af
663 763 163 28 tvåfemtedelar

217 799 54 27 utaf
283 799 35 21 det
334 799 36 22 vid
386 799 163 22 koncessionens
567 799 131 27 utfärdande
708 799 117 27 faststälda

217 834 218 29 kostnadsförslagets
461 835 80 28 belopp,
566 835 50 22 dock
642 835 20 28 ej
686 835 86 27 utöfver
798 842 27 14 en

217 870 77 28 miljon
309 871 75 26 mark;

289 918 24 27 3)
330 919 32 20 att
377 918 9 21 i
402 919 30 20 ett
452 918 102 22 samband
574 918 47 22 med
642 918 84 22 Imatra
742 918 85 22 banans

217 953 113 29 byggande
354 960 26 15 en
403 953 146 28 fortsättning
569 953 66 27 deraf
652 954 58 21 ända
729 954 34 21 till
779 954 46 22 Ha-

218 989 71 21 rakka
308 989 140 28 lastageplats
463 989 37 22 vid
516 989 76 22 Saima
607 989 32 27 sjö
654 990 64 20 måtte
732 989 94 28 utföras,

218 1025 69 22 derest
302 1025 58 21 detta
375 1025 45 21 kan
436 1024 37 22 ske
489 1026 54 21 utan
560 1025 176 27 öfverskridande
752 1024 28 28 af
786 1032 40 14 an-

218 1060 69 28 slaget
309 1060 36 27 för
360 1060 41 22 den
418 1060 111 22 Karelska
545 1060 73 22 banan
634 1060 53 22 eller
702 1060 37 22 ock
754 1060 71 22 under

218 1096 120 22 anvisande
360 1096 35 27 för
418 1096 124 22 ändamålet
564 1096 27 27 af
611 1096 72 22 andra
705 1096 121 27 disponibla

217 1132 77 26 medel;

289 1180 25 24 4)
330 1181 38 25 att,
385 1181 54 20 enär
455 1179 127 23 omedelbart
598 1179 53 27 efter
666 1186 32 15 nu
710 1179 115 28 pågående

215 1215 204 29 jernvägsarbetens
442 1215 137 27 slutförande
602 1215 67 29 enligt
688 1215 137 22 Ständernas

219 1250 56 28 äsigt
293 1258 27 14 en
336 1250 58 22 bana
408 1250 64 22 borde
488 1250 79 29 byggas
582 1250 53 28 frän
650 1250 80 22 Keuru
746 1250 79 22 station

219 1287 14 21 å
253 1286 62 22 Wasa
326 1286 96 28 jernväg
437 1286 35 21 till
487 1286 121 28 Jyväskylä
619 1286 53 27 stad,
684 1286 72 22 denna
762 1286 64 28 jern-

218 1322 182 28 vägssträckning
420 1322 68 21 måtte
502 1322 72 22 innan
590 1324 65 19 nästa
671 1322 105 27 landtdag
792 1322 34 21 de-

214 1356 87 28 finitivt
323 1358 83 27 uppgäs
427 1359 57 19 samt
502 1357 36 27 för
560 1357 70 22 arbete
648 1357 126 29 uppläggas,
793 1357 33 27 äf-

219 1399 85 14 vensom
319 1392 186 28 kostnadsförslag
519 1392 35 27 för
570 1393 72 21 banan
658 1395 117 25 uppgöras:
