1073 1678
287 150 11 18 2
431 148 279 22 Petitionsbetänkande
725 148 45 23 N:o
786 148 40 22 40.
838 160 3 1 -

315 211 37 20 Om
368 212 34 20 det
417 212 59 20 äfven
492 212 5 19 i
512 212 83 20 främsta
609 215 87 17 rummet
711 212 29 20 för
755 218 34 14 oss
804 212 62 25 gäller
880 214 30 18 att
922 212 92 20 utveckla

257 240 37 20 och
317 241 66 19 stärka
404 241 73 19 folkets
499 241 80 25 andliga
600 247 107 18 ressurser,
723 240 22 20 sä
760 240 30 20 fär
804 241 50 19 dock
869 241 43 19 icke
927 241 85 25 förgätas

257 270 30 18 att
309 269 126 19 ekonomiskt
454 269 94 19 välständ
564 270 71 24 skapar
651 270 108 19 oberoende
774 269 42 19 icke
832 269 50 19 blott
897 270 29 18 för
941 270 71 19 indivi-

255 297 44 21 den,
314 299 49 17 utan
378 298 7 18 i
400 298 31 19 sin
446 298 48 19 män
508 298 59 19 äfven
582 299 59 23 utgör
655 300 29 17 ett
699 297 108 25 väsentligt
823 298 44 19 stöd
882 298 30 19 för
921 300 29 17 ett
960 298 52 20 folks

257 326 134 24 själfbeständ.
421 326 38 19 Det
480 328 21 17 är
520 326 45 19 med
582 326 91 19 afseende
688 326 48 19 härä
752 326 19 19 vi
786 326 51 25 våga
852 326 66 19 vända
932 332 34 13 oss
982 326 30 19 till

256 353 79 20 landets
358 354 84 19 Ständer
465 354 45 20 med
524 353 94 20 anhållan
637 360 31 13 om
684 354 110 19 understöd
809 354 29 19 för
852 355 159 24 exportförenin-

255 388 38 19 gen
308 382 6 19 i
329 382 84 19 Finland
428 383 64 19 under
506 383 123 19 hänvisande
645 383 30 19 till
690 383 53 19 hvad
757 389 47 12 man
818 383 7 18 i
840 382 46 19 värt
900 383 111 24 grannland

255 410 81 25 Sverige
358 411 44 19 frän
424 413 77 18 statens
520 411 43 19 sida
577 411 52 25 gjort
645 411 28 20 för
688 411 117 25 främjandet
819 411 20 19 af
854 411 39 19 den
908 411 102 20 därstädes

253 439 126 20 existerande
394 439 93 20 liknande
502 439 121 25 föreningen.

325 467 10 20 I
358 467 86 26 Sverige,
467 473 43 14 som
533 468 50 19 dock
601 474 46 19 eger
661 468 96 19 konsuler
771 467 6 20 i
793 467 23 20 de
831 468 58 19 flesta
904 468 107 19 utländska

254 496 67 19 städer
343 496 29 19 för
392 497 124 19 bevakandet
538 496 19 19 af
579 497 46 19 dess
649 497 96 19 särskilda
766 496 189 25 handelsintressen,
975 497 35 19 har

253 530 46 13 man
323 525 61 18 sedan
405 524 22 20 år
443 525 53 19 1887
512 525 62 19 bildat
589 531 25 13 en
629 525 167 25 exportförening,
812 530 44 14 som
870 524 65 20 under
948 531 61 13 namn

253 553 20 18 af
294 567 9 10 ,
306 553 91 25 Sveriges
413 553 106 20 Allmänna
533 553 180 26 Exportförening'
728 553 44 19 från
788 553 66 25 början
869 553 20 19 af
904 553 45 20 dess
966 553 42 20 stif-

253 581 50 20 telse
325 581 82 26 ätnjutit
429 582 103 25 ansenliga
555 582 125 25 statsbidrag.
711 581 88 20 Sälunda
818 581 190 20 subventionerades

253 609 115 26 föreningen
383 610 64 19 under
463 610 21 19 är
500 611 53 18 1887
570 611 45 18 med
628 611 75 24 35,000
717 612 52 18 samt
779 610 22 19 är
812 611 54 18 1888
877 610 44 19 med
933 611 75 23 50,000

252 638 78 19 kronor.
360 638 99 25 Därjemte
481 639 35 18 har
533 639 116 19 densamma
663 639 42 19 haft
720 639 72 24 lyckan
807 638 75 19 erhålla
896 639 112 24 betydande

254 666 117 20 donationer
393 667 20 18 af
433 667 91 19 enskilde
541 667 37 19 och
593 667 154 25 korporationer.
778 667 86 19 Försedd
879 667 45 19 med
939 667 70 25 rikliga

253 694 64 20 medel
339 694 36 20 har
397 695 115 25 föreningen
527 695 78 19 kunnat
619 696 103 19 utsträcka
737 696 32 18 sin
785 695 125 19 verksamhet
926 695 29 19 till
970 695 38 19 alla

254 722 122 20 världsdelar
398 724 37 18 och
451 723 84 19 sälunda
551 725 50 18 satts
617 724 6 18 i
639 724 59 19 ständ
713 725 30 18 att
758 723 82 24 kraftigt
855 724 89 18 befordra
959 723 48 19 Sve-

251 751 52 24 riges
325 751 110 25 afsättning
458 751 25 25 pä
502 751 96 20 utlandet.
628 751 45 20 Med
687 752 55 19 detta
758 752 37 19 och
808 751 94 20 liknande
916 751 91 25 exempel

251 779 44 19 frän
317 779 62 20 andra
401 780 69 19 länder
485 780 28 19 för
528 782 77 23 ögonen
621 786 62 19 synes
699 782 66 17 staten
780 780 36 19 hos
832 786 34 13 oss
882 780 42 19 icke
939 780 68 19 kunna

252 807 58 20 ställa
333 808 32 25 sig
387 808 121 19 främmande
523 808 48 20 eller
585 809 85 24 likgiltig
685 809 29 19 för
729 809 24 19 de
769 808 105 25 uppgifter,
890 808 66 19 hvilka
971 814 35 13 ex-

249 836 163 25 portföreningen
427 837 53 19 afser
494 838 29 18 att
538 837 95 19 befordra.
657 837 28 20 De
700 843 108 18 ressurser,
823 837 55 19 öfver
890 837 66 18 hvilka
968 837 37 18 för-

249 864 87 25 eningen
360 865 28 19 för
410 865 122 19 närvarande
554 865 89 25 förfogar,
659 865 68 26 uppgä
743 865 30 20 till
788 865 38 19 den
841 865 57 24 ringa
913 871 93 13 summan

249 893 19 18 af
292 893 74 24 16,350
389 893 56 19 mark
465 893 6 19 i
492 893 179 25 medlemsafgifter.
701 894 46 19 Med
762 893 58 20 dessa
835 893 64 20 medel
914 893 37 19 kan
967 893 38 20 för-

249 921 87 24 eningen
351 921 100 26 knappast
466 921 105 26 tillgodose
586 921 67 26 nägon
669 922 42 19 sida
726 922 20 19 af
761 922 36 19 sitt
812 921 120 20 omfattande
948 921 56 20 verk-

248 949 175 20 samhetsomräde.
446 949 24 20 Vi
485 949 51 26 väga
551 950 69 25 därför,
640 951 45 18 fullt
699 950 110 20 förvissade
824 956 32 13 om
872 951 29 18 att
910 950 94 19 Finlands

249 977 144 25 borgareständ
407 979 46 19 bäst
468 979 49 18 skall
532 979 54 24 fatta,
601 979 52 18 hvad
668 985 25 13 en
703 979 169 24 exportförening,
882 978 123 19 understödd

249 1006 45 18 med
316 1006 73 25 nödiga
411 1007 171 24 penningemedel,
605 1007 50 19 skall
675 1007 69 19 kunna
759 1007 59 19 verka
833 1007 7 18 i
856 1007 149 23 ofvanantydda

249 1034 116 25 riktningar,
390 1034 79 20 anhålla
492 1036 30 18 att
547 1034 80 20 ståndet
652 1035 46 19 ville
723 1035 122 19 understöda
869 1040 25 14 en
920 1034 84 26 petition

246 1062 79 19 därom:

523 1103 29 19 det
575 1103 67 19 täcktes
662 1103 57 19 Hans
742 1103 106 25 Kejserliga
870 1102 89 26 Majestät
980 1103 26 25 af

456 1131 63 24 medel,
544 1131 63 19 hvilka
631 1132 109 19 Ständerna
763 1132 32 24 för
809 1130 110 20 ändamålet
936 1131 66 19 kunna

454 1160 62 24 anslå,
539 1162 40 17 mot
600 1160 238 25 redovisningsskyldighet
851 1160 26 24 af
888 1159 113 25 Fnportför-

455 1188 91 25 eningens
569 1188 97 25 bestyrelse
687 1188 81 25 årligen,
787 1188 39 19 tills
840 1189 58 18 nästa
912 1188 90 24 landtdag

454 1217 160 23 sammanträder,
638 1216 69 20 tilldela
728 1216 189 25 Emportföreningen
931 1216 8 18 i
953 1216 47 19 Fin-

454 1245 45 19 land
518 1245 33 25 för
565 1245 130 25 fullföljandet
709 1245 26 25 af
746 1245 42 19 dess
803 1244 90 26 syftemäl
907 1246 23 17 ett
945 1246 55 17 stats-

453 1274 67 24 anslag
534 1274 26 24 af
572 1274 116 19 trettiotusen
704 1274 93 24 (30,000)
812 1273 66 25 finska
891 1273 61 19 mark.

245 1333 44 22 Karl
306 1333 56 23 Göös.
437 1334 43 23 Axel
496 1334 49 23 Lille.
620 1334 55 23 Frith.
693 1334 86 23 Neovius.
842 1334 18 22 K.
878 1334 18 22 H.
913 1334 87 23 Renlund.

315 1485 139 19 Statsutskottets
467 1486 108 18 betänkande
587 1486 36 18 N:o
636 1487 29 17 10.
