1064 1661
215 121 13 20 8
424 121 245 22 Petitionsbetänkande
684 121 36 24 N:o
736 121 19 22 6.

215 189 40 22 och
271 190 60 21 detta
348 189 42 22 kan
406 191 49 20 med
471 189 49 22 fullt
536 190 47 21 skäl
599 197 63 15 anses
677 198 51 14 vara
744 190 60 22 fallet
815 190 78 21 endast
903 189 32 22 uti
946 190 28 21 de

215 223 24 22 af
259 223 93 22 komitén
376 224 7 21 i
405 225 174 26 underdånighet
602 225 123 28 föreslagna
740 225 107 28 lyceerna,
863 226 49 20 med
927 231 46 19 sex,

215 259 47 20 åtta
277 257 51 22 eller
344 259 29 21 tio
390 259 89 25 klasser,
490 261 57 19 samt
558 259 31 21 uti
600 259 140 27 fullständiga
756 259 123 21 realskolor.
902 259 10 21 I
930 259 45 21 alla

215 292 69 28 öfriga
299 292 154 22 läroanstalter
468 293 66 22 borde
546 293 85 22 således
643 294 71 22 rektor
725 294 149 21 tillförordnas
885 293 24 21 af
917 292 56 22 skol-

215 326 124 29 styrelsen''.

284 362 23 26 »I
330 361 144 23 betraktande
497 362 24 22 af
542 363 36 21 det
602 363 136 27 synnerligen
753 362 94 28 menliga
862 362 7 20 i
886 364 30 19 ett
931 362 44 20 tätt

215 396 85 28 ombyte
316 396 25 21 af
354 396 149 22 föreståndare
518 397 39 21 har
569 397 95 21 komitén
676 398 110 21 dessutom
796 397 51 28 hyst
858 397 40 21 den
911 396 63 27 åsigt,

215 432 33 19 att
270 430 58 22 valet
348 431 47 21 icke
416 431 66 22 borde
501 431 37 22 ske
559 431 33 22 för
611 431 98 22 bestämd
729 432 38 25 tid,
783 434 53 19 utan
853 433 41 20 den
910 431 65 21 valde

216 465 87 21 rektorn
328 467 88 26 qvarstå
439 467 7 20 i
468 466 37 21 sitt
526 466 50 26 kall,
597 467 56 20 intill
673 468 48 20 dess
737 466 154 28 skolstyrelsen
907 465 68 22 funne

217 500 51 27 godt
283 501 33 20 att
332 507 34 14 om
382 501 146 21 anställandet
544 501 24 21 af
582 503 46 26 nytt
644 501 35 21 val
694 501 110 22 förordna.
843 501 130 26 Härigenom

217 534 65 21 borde
298 534 107 27 nemligen
421 535 45 21 alla
480 537 26 19 de
522 535 80 27 vigtiga
618 535 95 22 fördelar
728 536 83 24 vinnas,
827 542 45 14 som
883 535 48 20 med
943 534 30 21 lä-

216 568 110 22 roverkets
341 568 89 28 ledning
453 569 24 21 af
490 569 128 28 beständiga
634 570 148 21 föreståndare
798 569 175 27 ovedersägligen

215 604 37 20 äro
276 602 110 27 förenade,
409 604 69 21 under
493 604 36 21 det
544 606 33 19 att
593 605 87 21 dermed
696 604 124 21 förbundna
835 604 140 27 olägenheter

215 636 69 22 blefve
300 638 133 22 undvikna'',

284 672 48 26 »Då
354 672 164 28 skolstyrelsens
541 673 54 27 pligt
618 675 32 19 att
674 673 116 22 öfvervaka
809 673 88 21 skolans
913 672 61 22 verk-

217 706 83 21 samhet
321 708 165 26 nödvändigtvis
507 707 127 22 förutsätter
653 708 71 26 någon
748 708 43 20 rätt
809 710 34 18 att
858 706 117 22 medverka

217 740 33 21 till
265 740 57 22 valet
340 741 24 21 af
381 741 154 27 föreståndare,
555 748 63 21 synes
634 742 36 21 det
690 742 100 26 slutligen
807 741 116 28 sjelffallet,
941 743 33 19 att

216 774 58 22 valet
288 775 35 21 vid
340 775 122 22 läroverket
478 777 76 21 endast
569 776 110 22 betraktas
695 777 70 21 såsom
781 778 32 19 ett
828 776 101 27 förslag."

286 810 64 26 »Med
366 810 102 22 afseende
486 812 13 20 å
514 811 143 21 rektorsvalet
672 810 90 22 utbeder
777 811 33 26 sig
825 811 94 21 särdeles
935 810 37 21 ko-

217 843 65 22 mitén
299 846 33 19 att
347 844 21 21 få
384 845 81 27 afgifva
480 845 144 27 underdånigt
639 845 79 27 förslag
729 844 33 21 till
773 844 96 28 följande
881 845 92 20 bestäm-

217 878 86 27 ningar:

287 914 39 21 1:0.
364 913 34 22 Då
420 914 152 28 skolstyrelsen
589 915 77 21 sådant
682 914 121 25 förordnar,
819 913 103 22 anställes
937 913 36 21 vid

215 947 84 27 lyceum
322 949 48 20 med
394 955 45 19 sex,
459 950 45 20 åtta
522 948 52 22 eller
593 949 29 21 tio
641 948 82 22 klasser
743 948 110 22 äfvensom
873 948 36 20 vid
924 947 49 21 full-

216 982 86 27 ständig
318 982 114 26 realskola,
456 983 34 21 val
511 983 24 21 af
548 983 73 21 rektor
636 983 97 25 sålunda,
750 984 33 20 att
799 982 74 28 hvarje
890 982 35 20 vid
942 981 30 21 lä-

216 1016 99 21 roverket
335 1017 7 21 i
362 1017 143 27 vetenskaper
523 1017 52 21 eller
590 1018 65 26 språk
670 1017 95 21 anställd
781 1016 71 22 lärare
869 1017 48 20 med
933 1016 40 21 slu-

215 1052 37 20 ten
276 1051 57 21 sedel
357 1051 90 27 afgifver
462 1052 33 20 sin
511 1053 44 19 röst
570 1052 22 20 åt
608 1054 82 24 trenne,
706 1051 110 21 hvarefter
831 1052 26 20 de
873 1053 39 23 tre,
927 1057 46 14 som

215 1084 86 22 erhållit
317 1086 26 21 de
359 1086 61 21 flesta
436 1087 104 25 rösterna,
556 1086 103 27 uppföras
676 1086 27 27 pä
719 1086 86 26 förslag.
844 1085 41 21 Till
901 1084 74 22 rektor

215 1119 77 21 valbar
315 1121 24 20 är
361 1120 75 27 hvarje
451 1121 35 21 vid
502 1120 122 22 läroverket
640 1120 130 21 ordinariter
785 1119 96 22 anställd
897 1119 76 25 lärare,

215 1154 49 21 med
280 1155 114 26 undantag
410 1156 77 20 endast
502 1155 24 21 af
540 1155 203 21 exercitiemästare.

284 1189 41 20 2:0.
356 1188 71 21 Sedan
451 1189 35 22 val
508 1189 120 27 försiggätt,
644 1189 40 21 och
700 1189 82 26 förslag
797 1188 71 21 blifvit
883 1189 90 26 upprät-

215 1223 54 25 tadt,
285 1224 116 20 utnämner
416 1223 152 28 skolstyrelsen
584 1223 32 21 till
632 1223 73 21 rektor
721 1223 40 21 den
775 1222 24 21 af
807 1223 27 20 de
845 1222 128 27 föreslagne,

215 1263 45 15 som
284 1257 72 22 dertill
378 1257 98 22 befinnes
495 1258 130 27 lämpligast,
642 1260 55 19 samt
713 1257 34 21 till
764 1257 113 28 prorektor
893 1257 81 26 nägon-

215 1291 52 21 dera
283 1292 24 21 af
320 1293 26 20 de
362 1292 75 27 öfriga.

284 1327 41 21 3:0.
356 1326 97 22 Sälunda
475 1327 105 20 utnämnd
603 1326 74 21 rektor
699 1326 52 21 eller
774 1325 114 28 prorektor
911 1332 63 21 gvar-

215 1360 45 21 stär
275 1360 7 21 i
298 1360 37 21 sitt
352 1361 84 21 embete
452 1361 56 21 intill
524 1362 48 20 dess
595 1361 154 27 skolstyrelsen
765 1367 35 15 om
816 1362 48 25 nytt
880 1360 35 21 val
931 1360 42 21 för-

214 1394 101 21 ordnar."

283 1429 9 20 I
308 1429 72 21 denna
396 1429 80 21 komité
491 1431 57 19 sutto
564 1429 7 21 i
582 1429 92 27 sanning
684 1429 64 21 äfven
761 1429 148 27 pedagogiska
919 1429 55 21 auk-

284 1468 101 19 Allmänna
397 1469 174 18 Besvärsutskottets
583 1469 109 18 betänkande
703 1469 38 18 N:o
753 1469 18 18 4.
