1067 1675
269 159 279 24 Petitionsbetänkande
563 160 45 22 N:o
624 160 38 22 41.
804 160 12 21 9

157 222 173 29 Lagutskottet,
342 230 49 14 som
401 223 31 28 på
442 222 76 30 grund
529 222 26 22 af
563 222 39 22 det
612 222 122 22 Utskottet
745 222 26 22 af
779 222 67 22 Stän-

90 256 70 22 derna
171 256 133 22 meddelade
314 256 131 30 uppdraget
456 256 43 22 och
510 256 45 22 den
565 257 9 21 i
585 256 84 22 sådant
677 256 107 22 afseende
795 256 52 22 åbe-

89 290 86 29 ropade
190 292 27 20 34
233 291 15 27 &
262 290 9 22 i
286 290 266 30 Landtdagsordningen
570 293 78 20 ansett
662 290 40 22 det
718 291 77 29 åligga
805 290 43 23 Ut-

90 325 88 21 skottet
186 327 35 19 att
227 324 165 22 företrädesvis
400 326 83 28 pröfva
492 325 42 21 och
542 325 77 21 uttala
627 326 36 28 sig
674 332 36 14 om
720 325 62 22 hvad
792 325 56 21 våra

91 359 142 29 grundlagar
255 359 8 21 i
286 358 76 23 denna
384 359 66 29 fråga
465 359 125 26 innehålla,
606 359 46 22 kan
668 359 8 21 i
691 359 83 22 sådant
789 359 59 22 afse-

91 393 59 22 ende
172 393 49 22 helt
243 393 43 22 och
308 393 74 22 hållet
404 394 91 22 ansluta
517 394 35 28 sig
575 394 37 21 till
629 393 45 22 den
688 393 159 29 uppfattning,

91 435 49 15 som
162 428 98 21 uttalats
283 428 26 21 af
320 428 60 22 både
403 428 179 22 Statsutskottet
602 428 44 22 och
660 428 188 28 petitionärerne,

92 462 44 21 och
150 462 106 22 anhåller
270 462 60 22 blott
344 465 35 19 att
394 462 24 22 få
433 462 37 22 till
483 462 52 22 stöd
547 462 36 22 för
596 462 140 27 densamma,
748 462 100 22 förutom

92 496 62 22 hvad
169 496 27 22 af
208 496 180 22 Statsutskottet
409 496 72 22 redan
504 496 96 28 anförts,
622 496 137 30 ytterligare
780 496 68 22 fram-

92 530 63 22 hålla
169 530 111 30 följande.

161 565 37 22 En
213 565 127 29 urgammal
348 565 124 29 grundsats
485 566 8 21 i
509 565 39 22 det
559 565 131 27 statsskick,
702 565 85 22 hvaraf
794 565 56 22 Fin-

93 599 55 22 land
164 600 74 21 såsom
255 607 28 14 en
299 599 37 22 del
352 599 26 22 af
392 599 107 30 Sveriges
514 600 50 21 rike
579 607 41 14 var
633 600 8 21 i
660 599 136 29 åtnjutande
807 599 43 22 och

93 633 91 22 hvilket
198 634 52 21 från
267 634 24 21 år
308 635 54 21 1809
381 634 50 28 gält
446 633 109 22 särskildt
578 633 36 22 för
635 634 108 25 Finland,
770 638 24 17 är
816 636 35 19 att

94 668 90 21 landets
200 668 145 29 förvaltning
360 669 8 20 i
384 669 45 21 alla
444 669 88 21 dennas
546 669 62 21 olika
618 669 162 28 förgreningar
791 668 60 22 skall

94 702 145 23 handhafvas
255 703 25 21 af
293 703 150 26 ämbetsmän,
459 703 81 21 hvilka
556 707 39 17 äro
611 703 91 21 landets
718 711 60 20 egna
790 702 60 22 med-

95 737 103 28 borgare.
228 737 97 22 Uttalad
340 737 8 21 i
364 737 42 21 vär
421 737 101 29 positiva
545 739 106 20 statsrätt
673 737 71 22 redan
768 744 83 21 genom

96 771 45 22 den
155 771 37 22 för
206 779 48 14 mer
270 775 29 18 än
314 774 34 19 ett
363 771 61 22 halft
439 771 123 22 årtusende
580 771 71 22 sedan
671 771 94 29 utgifna
788 771 64 22 äldre

95 805 155 29 Landslagen,
266 805 50 22 blef
329 805 77 22 denna
420 805 37 22 till
473 805 76 29 skydd
564 808 62 19 emot
644 805 122 22 utländskt
788 805 65 28 infly-

96 840 70 22 tande
188 840 124 29 uppstälda
327 840 124 28 grundsats
466 840 10 21 i
491 840 45 21 den
551 840 73 28 något
638 847 49 14 mer
709 844 29 17 än
762 842 34 19 ett
818 840 35 20 år-

96 874 120 22 hundrade
232 874 100 22 därefter
347 874 93 29 utgifna
455 882 74 21 yngre
551 874 149 29 Landslagen
722 873 131 30 preciserad

97 908 95 27 därhän,
204 911 34 20 att
248 909 134 29 Konungen
392 909 60 21 skall
466 909 41 21 sitt
521 909 51 21 rike
588 912 78 25 ,,styra
681 908 43 22 och
734 908 56 22 råda
801 908 53 22 med

97 944 94 27 infödde
206 943 98 21 svenske
319 947 55 17 män
390 943 42 21 och
448 943 20 29 ej
484 943 146 21 utländske.*
660 943 12 21 I
686 944 56 20 våra
757 950 33 14 nu
804 942 49 29 gäl-

97 977 69 22 lande
188 978 143 28 grundlagar
354 977 42 21 har
418 977 76 22 denna
517 977 63 29 regel
596 977 19 29 ej
640 977 60 21 blott
724 976 129 22 bekräftats

98 1019 84 21 genom
198 1012 171 28 hänvisningen
384 1012 9 21 i
407 1012 234 28 Regeringsformens
657 1012 11 28 $
685 1014 11 19 2
713 1011 36 21 till
764 1010 90 22 Lands-

98 1046 80 29 lagens
205 1046 179 28 Konungabalk,
408 1048 57 19 utan
488 1046 112 29 därjämte
623 1046 93 21 erhållit
738 1048 35 19 ett
794 1044 60 22 oför-

98 1080 95 29 tydbart
215 1080 94 28 uttryck
324 1080 8 22 i
347 1080 232 29 Regeringsformens
602 1081 24 27 $$
643 1081 26 21 10
694 1080 42 21 och
754 1080 25 21 13
795 1081 60 19 samt

98 1115 138 28 Förenings-
263 1114 42 22 och
333 1114 210 22 Säkerhetsaktens
568 1116 12 26 $
609 1117 17 20 1.
660 1114 34 21 Af
716 1114 67 21 dessa
807 1113 48 29 lag-

98 1157 50 14 rum
164 1149 118 29 förbjuder
297 1149 40 22 det
351 1149 60 22 först
426 1149 98 22 anförda
540 1151 34 20 att
588 1149 108 28 begagna
713 1147 142 27 ,Utländske

98 1184 68 21 Män*
183 1184 8 21 i
206 1184 78 28 nägon
303 1183 92 22 landets
417 1183 80 29 tjänst,
520 1183 52 22 med
594 1183 121 28 undantag
730 1183 26 21 af
769 1182 87 21 sädana

98 1217 41 22 vid
153 1218 145 29 Konungens
314 1217 48 27 hof,
378 1225 51 18 ,,om
444 1217 52 22 icke
512 1217 28 22 de
559 1217 79 22 kunna
654 1224 83 22 genom
759 1216 97 29 lysande

100 1252 42 22 och
167 1255 63 19 stora
252 1251 142 29 egenskaper
416 1255 57 25 göra
495 1252 73 21 Riket
592 1259 29 14 en
644 1255 47 18 stor
716 1251 70 22 heder
813 1250 43 22 och

99 1287 124 28 märkeligt
238 1289 82 26 gagn."
351 1286 89 29 Af1&
462 1286 9 21 i
493 1286 140 28 Förenings-
656 1285 43 22 och
722 1285 135 22 Säkerhets-

100 1321 68 22 akten
198 1321 108 28 framgår,
336 1323 36 18 att
402 1320 44 22 alla
476 1320 90 22 landets
593 1320 107 21 ämbeten
725 1320 65 21 skola
818 1319 39 22 be-

100 1357 72 20 sättas
202 1355 52 22 med
284 1355 110 28 infödde
426 1355 93 21 Svenske
550 1355 30 28 (d.
611 1358 19 18 ä.
658 1355 84 27 finske)
781 1354 75 21 Män."

99 1389 127 29 Undantag
248 1389 52 22 från
323 1389 76 22 denna
420 1389 65 28 regel
511 1397 60 20 eger,
589 1389 101 22 förutom
715 1388 61 22 hvad
801 1395 57 20 nyss

101 1423 113 28 anfördes,
245 1423 82 22 endast
352 1423 118 22 såtillvida
495 1431 57 19 rum,
576 1425 35 19 att
636 1423 74 28 enligt
734 1422 57 22 häfd
814 1421 44 22 Ge-

92 1458 219 29 -neralguvernören
333 1457 9 22 i
364 1457 103 22 Finland
488 1457 20 29 ej
524 1457 111 22 behöfver
650 1464 55 15 vara
720 1457 60 21 finsk
796 1456 62 21 med-

169 1498 131 23 Lagutskottets
313 1497 111 18 betänkande
436 1499 36 16 N:o
486 1498 29 17 18.
