1070 1678
266 126 12 20 6

234 192 103 20 närmare
352 190 97 22 ordnade
460 191 40 21 och
515 191 27 21 de
553 190 113 28 egentliga
677 191 143 22 ekonomiska
830 191 156 28 föreningarna

235 226 7 21 i
266 226 105 22 afseende
393 226 14 22 å
427 226 65 22 deras
508 226 56 22 både
580 226 49 22 inre
644 226 40 22 och
699 228 62 26 yttre
775 226 211 23 rättsförhållanden

235 262 128 27 reglerade;
386 268 47 16 som
456 262 41 22 ock
518 262 35 22 till
569 262 37 28 lag
621 262 115 28 angående
752 262 67 28 firma,
834 264 97 26 prokura
946 263 40 22 och

235 297 102 23 förandet
353 297 25 22 af
391 299 33 21 ett
439 298 143 27 fullständigt
599 298 196 27 handelsregister.

582 365 26 19 13
625 363 18 28 8.

307 404 62 22 Hans
382 404 127 28 Kejserliga
516 404 117 28 Majestäts
641 405 82 27 nådiga
731 405 134 27 proposition
874 405 113 27 angående

236 440 43 22 den
302 440 220 27 näringsbevillning,
548 446 46 16 som
616 440 25 21 af
653 440 149 27 utländingar,
818 440 78 22 hvilka
910 440 8 21 i
933 440 53 22 Fin-

235 476 53 21 land
303 476 53 21 idka
371 476 82 22 handel
468 476 56 22 eller
539 482 72 15 annan
627 476 86 27 näring,
731 476 58 21 skall
804 476 102 27 erläggas
917 476 70 22 under

236 512 54 21 åren
315 513 64 26 1892,
397 513 56 20 1893
470 512 40 21 och
528 513 64 26 1894,
609 511 67 22 hafva
691 512 29 21 Vi
735 512 85 27 antagit
835 511 50 23 med
900 511 26 22 de
942 511 44 22 för-

236 547 127 28 ändringar,
379 547 47 22 Vår
441 548 8 21 i
465 549 74 20 ämnet
549 547 82 22 aflåtna
640 547 152 28 underdåniga
803 547 183 23 svarsskrifvelse

236 583 26 22 af
275 583 43 22 den
334 585 27 20 21
377 583 151 23 innevarande
543 583 43 28 Maj
603 583 131 22 innehåller.

583 650 26 20 14
626 649 18 28 8.

308 690 78 28 Enligt
407 690 59 22 hvad
481 690 29 22 Vi
525 690 33 22 uti
574 690 138 28 underdånig
727 690 119 22 skrifvelse
862 690 26 21 af
900 690 42 22 den
958 692 27 20 25

236 726 150 21 innevarande
409 726 44 27 Maj
477 726 39 21 hos
539 726 63 21 Hans
625 725 128 27 Kejserliga
775 725 104 27 Majestät
897 725 88 27 anmält,

236 760 68 23 hafva
320 761 35 27 Vi,
371 761 8 21 i
394 761 120 27 anledning
530 760 25 22 af
568 761 75 21 derom
657 761 36 21 till
709 761 43 21 Oss
768 760 80 22 aflåten
861 761 66 26 nådig
936 767 50 21 pro-

236 796 103 27 position,
356 796 49 22 med
421 797 111 21 särskilda
545 797 8 20 i
563 797 94 21 berörda
668 796 121 22 skrifvelse
800 795 89 28 angifna
900 796 87 21 ändrin-

237 838 40 21 gar
300 832 87 27 antagit
409 839 28 15 en
461 832 129 27 förordning
612 839 35 14 om
669 833 111 21 allmänna
795 832 192 27 upplagsmagasin

236 868 50 21 med
302 870 47 19 rätt
364 870 33 19 att
412 868 86 27 utgifva
513 870 111 20 warrants
641 868 120 27 äfvensom,
770 868 49 21 med
834 867 116 28 afböjande
964 868 25 21 af

236 903 60 22 hvad
310 904 165 27 propositionen
490 904 8 21 i
514 904 71 22 denna
600 904 36 21 del
651 903 131 28 innehåller,
798 903 87 22 förenat
900 903 42 22 Oss
952 909 34 16 om

237 941 33 20 ett
290 938 85 29 förslag
390 939 36 22 till
441 939 136 28 förordning,
594 939 152 22 innefattande
762 939 80 27 tillägg
856 939 36 21 till
910 941 24 19 13
951 938 12 29 $
979 939 8 21 i

236 974 83 27 nådiga
333 975 159 28 förordningen
508 975 42 22 den
568 977 12 20 9
592 975 125 22 November
729 976 56 20 1868
796 981 34 15 om
841 975 145 27 borgenärers

236 1012 47 19 rätt
306 1010 40 22 och
370 1010 112 22 företräde
506 1010 36 22 för
562 1010 125 22 hvarandra
702 1010 36 22 till
753 1010 114 27 betalning
881 1016 27 15 ur
923 1016 63 21 egen-

237 1046 55 27 dom,
317 1052 46 15 som
379 1046 76 22 blifvit
468 1046 35 22 till
519 1046 98 22 konkurs
633 1046 95 27 afträdd,
743 1046 68 27 jemte
826 1046 38 21 det
879 1046 29 21 Vi
922 1045 64 28 afgif-

236 1081 34 21 vit
293 1081 80 21 äskadt
396 1082 104 26 yttrande
516 1081 63 22 öfver
595 1082 27 21 de
637 1081 8 21 i
660 1087 83 15 samma
759 1080 79 28 nådiga
853 1081 134 26 proposition

236 1116 110 27 ingående
370 1116 85 28 förslag
472 1117 36 21 till
522 1117 40 22 två
578 1117 73 21 skilda
666 1117 153 27 kungörelser,
836 1115 151 23 innefattande

236 1152 28 21 de
285 1152 138 27 stadganden
438 1152 8 22 i
462 1154 79 26 ämnet,
558 1159 46 15 som
619 1154 38 20 äro
673 1152 93 22 afsedda
780 1153 34 20 att
828 1152 8 21 i
852 1152 134 22 administra-

236 1187 34 22 tiv
285 1189 44 25 väg
344 1187 114 28 utfärdas;
473 1188 97 22 hvarhos
586 1188 28 21 Vi
629 1188 8 21 i
652 1188 178 26 underdånighet
844 1187 98 27 anhållit,
954 1189 31 19 att

236 1223 63 21 Hans
314 1223 127 28 Kejserliga
454 1224 104 27 Majestät
568 1224 93 27 täcktes,
678 1223 59 22 efter
747 1223 112 22 inhemtad
869 1223 118 27 utredning

236 1258 52 22 från
307 1259 88 22 landets
419 1260 81 27 städer,
524 1262 53 25 taga
600 1260 8 20 i
628 1258 170 28 öfvervägande,
814 1258 108 22 huruvida
937 1258 50 22 icke

236 1294 213 23 auktionsväsendet
468 1295 8 21 i
496 1295 116 27 desamma,
629 1295 50 21 med
694 1294 157 27 upphäfvande
867 1293 25 22 af
906 1294 36 21 det
957 1300 30 15 nu

235 1329 100 22 rådande
349 1330 203 27 auktionstvånget,
569 1331 74 21 kunde
659 1330 109 21 anordnas
779 1330 29 27 på
819 1332 33 19 ett
862 1335 60 16 mera
933 1329 52 21 tids-

236 1364 71 27 enligt
323 1367 51 25 sätt,
392 1368 57 20 samt
464 1368 33 20 att
510 1366 125 22 Ständerna
645 1366 127 22 sedermera
782 1365 68 21 måtte
861 1364 125 27 föreläggas

236 1400 68 27 nådig
319 1401 137 27 proposition
470 1402 9 21 i
494 1403 78 21 ämnet.
