1056 1667
297 127 245 23 Petitionsbetänkande
556 127 37 22 N:o
608 126 30 23 19.
793 128 25 21 19

83 200 74 19 såsom
179 197 54 21 chef
252 197 36 21 för
311 197 39 21 det
370 196 160 29 arkeologiska
545 199 89 19 museet
649 196 43 22 och
707 196 90 22 landets
815 204 33 14 ar-

83 231 132 29 keologiska
236 231 178 28 undersökning,
438 231 85 21 erhölle
546 231 82 29 nödigt
652 231 63 21 antal
733 230 113 26 biträden,

85 265 127 29 hvarjämte
227 266 196 28 statsarkeologen
438 266 62 21 inom
515 266 62 21 vissa
592 268 95 26 gränser
697 266 78 21 kunde
785 265 61 21 med-

84 300 76 28 gifvas
178 300 140 28 befogenhet
337 302 34 20 att
388 305 58 16 utan
461 300 189 22 kommissionens
666 300 101 22 hörande
782 300 66 21 värk-

85 335 67 21 ställa
173 335 70 28 inköp
263 335 36 21 för
314 335 101 21 ökandet
430 334 26 22 af
469 337 85 19 musets
571 334 129 28 samlingar,
717 334 36 22 för
768 334 79 21 hvilka

86 369 134 29 tillräckligt
238 369 83 29 rymlig
339 369 62 21 lokal
416 369 53 21 med
485 369 38 21 det
538 372 102 18 snaraste
656 369 70 21 borde
743 368 101 22 beredas.

154 404 53 21 Med
226 404 90 28 hänsyn
334 403 78 22 härtill
433 403 35 21 fär
485 404 115 21 utskottet
618 404 119 21 vördsamt
757 403 89 26 föreslä,

88 440 34 20 att
136 438 89 22 landets
243 438 92 22 ständer
353 438 61 26 ville,
435 438 53 21 med
502 438 149 22 förkastande
666 438 8 21 i
690 438 71 28 öfrigt
776 438 26 21 af
815 438 32 21 fö-

87 473 125 22 revarande
231 472 203 30 petitionsförslag,
455 473 80 21 förena
553 473 35 27 sig
606 480 38 14 om
662 480 28 14 en
705 472 142 28 underdänig

91 508 97 28 petition
205 507 91 26 därhän,

363 574 31 18 att
409 571 148 27 studgandena
572 572 8 20 i
596 571 88 27 Nädiga
699 570 148 28 Kungörelsen

294 606 30 26 af
336 606 39 20 den
391 606 28 20 19
430 606 55 26 juni
496 607 55 19 1884
562 606 109 27 angäende
682 612 24 14 en
716 605 132 27 arkeologisk

293 640 135 21 kommission
453 640 37 21 och
516 640 88 28 Nädiga
629 640 159 21 Instruktionen
807 640 41 27 för

293 674 179 28 statsarkeologen
499 675 30 27 af
552 675 40 20 den
619 676 28 19 17
669 674 105 21 december
795 674 53 21 1885

296 710 64 20 måtte
382 709 142 21 underkastas
548 710 89 20 revision
659 709 9 21 i
691 709 66 27 ofvan
774 708 74 28 antydt

294 744 67 27 syfte;
375 746 55 18 samt

363 780 31 18 att
413 777 43 27 för
472 778 130 27 främjande
618 778 30 26 af
661 778 81 21 landets
757 778 91 20 arkeolo-

294 812 61 26 giska
378 812 160 28 undersökning
560 812 37 21 och
618 813 80 20 vården
721 812 31 28 af
771 814 78 19 statens

295 846 148 27 arkeologiska
462 847 120 27 samlingar
597 850 26 18 ett
638 847 64 21 ökadt
716 848 61 20 antal
792 847 56 21 ordi-

297 881 62 20 narie
373 880 158 29 arbetskrafter
546 882 62 20 måtte
623 882 75 20 ställas
714 882 33 20 till
756 881 92 21 arkeolo-

295 914 61 28 giska
373 915 173 22 kommissionens
558 916 143 28 förfogande.

158 976 150 29 Helsingfors,
332 977 124 23 Allmänna
480 979 212 21 Besvärsutskottet
710 979 43 21 den
769 980 28 20 20
813 986 36 20 ap-

88 1010 27 22 ril
133 1011 61 22 1891.

158 1102 11 21 I
185 1103 104 21 ärendets
304 1104 93 28 slutliga
413 1104 141 29 behandling
569 1106 70 20 hafva
654 1104 96 28 deltagit
765 1104 85 21 utskot-

90 1138 45 20 tets
151 1137 136 22 ordförande
303 1138 107 29 Ramsay,
427 1139 158 22 ledamöterna
600 1140 96 21 friherre
712 1149 46 14 von
772 1141 78 21 Wille-

90 1170 80 27 brand,
194 1172 131 22 Grotenfelt
347 1173 34 26 G.,
405 1173 128 27 Nordlund,
552 1174 71 26 Bäck,
642 1175 123 26 Melander,
781 1176 70 27 Berg-

90 1205 58 26 roth,
164 1205 117 27 Sundvall,
297 1207 82 26 Lindh,
395 1208 104 28 Nyberg,
515 1208 94 28 Ojanen,
625 1209 86 29 Pöysti,
726 1210 125 21 Danielson

92 1240 42 21 och
156 1240 95 22 Bremer
273 1244 59 19 samt
354 1242 180 28 suppleanterna
558 1243 136 28 Tigerstedt,
715 1244 25 22 T.
763 1244 27 22 A.
808 1244 43 21 och

91 1274 140 29 Appelberg.

166 1480 98 18 Allmänna
277 1480 177 19 Besvärsutskottets
465 1481 110 19 betänkande
588 1482 35 18 N:o
634 1470 28 30 15.
