1056 1675
754 129 26 19 11

57 192 36 22 för
116 192 74 22 sävidt
214 192 65 21 dessa
301 192 93 27 utgifter
415 192 20 27 ej
451 192 106 22 betäckas
573 192 25 21 af
612 192 75 22 derför
703 192 108 22 särskildt

58 228 108 27 anslagna
181 228 78 26 medel,
276 227 19 27 ej
307 228 85 21 mindre
403 228 157 27 behällningen
570 228 8 21 i
588 228 223 27 bevillningsmedlen

57 264 39 21 vid
114 265 56 19 1891
187 264 38 20 ärs
241 264 90 26 utgäng,
347 266 28 19 än
391 263 124 22 inkomsten
529 264 71 21 under
610 264 55 21 ären
677 265 63 26 1892,
755 264 55 20 1893

59 299 41 21 och
118 300 57 20 1894
191 298 26 22 af
229 298 96 28 följande
341 299 154 27 bevillningar,
507 299 120 27 nemligen:
638 298 173 28 stämpelbevill-

58 335 60 27 ning,
135 334 216 28 näringsbevillning
367 334 26 22 af
405 335 148 27 utländingar,
569 335 124 27 bevillning
702 334 36 22 för
748 334 62 22 malt-

59 370 100 28 drycker
174 370 41 22 och
231 373 64 19 extra
309 370 124 28 bevillning
448 370 35 22 för
498 370 107 28 spelkort,
622 370 114 22 äfvensom
747 376 64 16 even-

59 406 59 22 tuelt
133 406 58 22 ända
207 406 35 21 till
258 412 28 16 en
301 406 84 22 million
400 406 63 22 mark
478 406 86 28 ärligen
579 406 26 21 af
618 406 107 22 Finlands
741 406 71 22 banks

59 438 133 25 vinstmedel
208 441 35 22 för
258 442 55 21 åren
331 443 63 26 1891,
414 444 55 19 1892
481 442 40 22 och
535 444 63 24 1893,
609 442 96 22 hvarhos
716 442 35 27 Vi,
762 441 49 22 med

59 477 161 27 godkännande
243 476 26 22 af
287 479 32 19 att
334 477 151 27 tillgångarna
499 478 9 21 i
523 478 287 27 lagmanstingsgästnings-

59 512 81 22 fonden
164 513 72 21 säsom
255 512 37 22 län
308 512 123 22 öfverföras
447 513 36 21 tlli
499 512 288 28 kommunikationsfonden,
804 512 7 21 i

58 548 178 27 underdänighet
255 548 98 27 anhållit,
369 548 38 23 det
422 548 87 23 täcktes
525 549 62 22 Hans
603 549 127 27 Kejserliga
745 548 66 27 Maje-

60 586 45 19 stät
120 585 8 20 i
143 584 70 22 näder
228 584 104 21 förordna
348 586 33 20 att
396 584 69 22 under
476 584 176 27 finansperioden
665 585 146 20 1892—1894

59 619 138 28 uppstäende
213 619 124 23 öfverskott
351 620 8 21 i
375 620 111 21 allmänna
499 620 145 27 statsfonden,
655 619 35 22 för
701 619 73 22 sävidt
784 619 27 21 de

60 655 50 22 icke
124 657 64 26 tagas
203 655 9 21 i
228 655 97 27 anspräk
340 655 36 22 för
389 656 148 21 statsverkets
548 655 72 28 behof,
632 655 64 22 skola
706 655 35 22 till
751 655 59 22 kom-

60 690 231 22 munikationsfonden
313 690 124 23 öfverföras
458 691 113 22 äfvensom
592 695 52 23 taga
664 691 7 21 i
687 691 77 27 nädigt
779 689 31 23 öf-

60 726 148 27 vervägande,
224 727 109 21 huruvida
349 727 50 22 icke
415 727 79 27 ätgärd
510 727 73 21 kunde
599 727 101 27 vidtagas
716 727 36 21 till
767 725 44 22 för-

60 761 122 22 stärkande
197 761 25 22 af
235 761 171 23 militiefondens
421 762 110 22 ordinarie
546 762 121 27 tillgångar
677 768 78 21 genom
765 761 47 22 viss

60 797 59 27 ärlig
134 797 103 22 inkomst.

405 865 27 19 27
449 863 18 29 $.

130 904 41 22 Ett
186 904 25 21 af
223 904 63 22 Hans
301 904 127 28 Kejserliga
440 905 105 27 Majestät
555 905 32 21 uti
598 905 68 27 nädig
676 904 136 28 proposition

61 940 42 22 Oss
120 939 111 28 förelagdt
246 939 85 28 förslag
345 941 36 21 till
396 940 130 28 förordning
541 940 113 28 angäende
669 940 143 27 verkställig-

60 976 39 21 het
114 976 8 20 i
138 975 97 22 Finland
251 975 25 21 af
289 976 105 22 domstols
410 976 8 21 i
433 976 168 28 Kejsaredömet
617 976 49 22 dom
681 976 8 21 i
699 976 114 22 tvistemål

60 1010 68 23 hafva
143 1011 28 21 Vi
187 1012 86 26 antagit
287 1012 50 21 med
353 1012 26 22 de
396 1011 162 28 förändringar,
576 1012 47 21 Vär
639 1012 7 21 i
657 1012 74 21 ämnet
742 1012 70 21 denne

60 1046 44 27 dag
120 1046 81 22 aflätna
217 1047 150 27 underdäniga
384 1047 186 23 svarsskrifvelse
585 1048 131 21 innehäller.

407 1114 28 20 28
451 1112 19 29 &.

130 1153 75 22 Jemte
228 1153 38 22 det
286 1154 51 21 Vii
353 1154 119 27 anledning
488 1153 25 22 af
525 1154 62 21 Hans
604 1154 126 27 Kejserliga
745 1153 67 27 Maje-

61 1190 57 20 stäts
134 1189 81 27 nädiga
231 1189 135 27 proposition
381 1190 87 27 antagit
483 1190 69 21 sädan
567 1189 137 28 förordning,
714 1189 99 22 innehäl-

61 1224 65 22 lande
149 1224 62 22 vissa
233 1224 133 23 förändrade
382 1225 137 27 stadganden
535 1232 34 15 om
585 1225 206 27 ändringssökande
806 1224 8 21 i

60 1260 112 27 brottmäl,
188 1266 47 15 som
250 1260 47 22 Vär
312 1261 152 27 underdäniga
480 1260 186 23 svarsskrifvelse
682 1261 7 21 i
706 1263 75 19 ämnet
791 1259 25 22 af

62 1295 71 22 denne
156 1295 43 28 dag
220 1296 92 27 utvisar,
334 1296 67 22 hafva
416 1297 29 21 Vi
460 1296 8 21 i
484 1296 177 27 underdänighet
676 1295 89 28 anmält,
781 1296 33 20 att

62 1330 38 22 det
122 1331 8 21 i
154 1337 82 16 samma
251 1331 81 28 nädiga
347 1332 135 27 proposition
499 1332 42 21 Oss
557 1331 67 22 äfven
640 1331 114 27 förelagda
770 1330 44 22 för-

63 1366 73 27 slaget
150 1367 36 21 till
201 1366 131 28 förordning
347 1367 114 28 angående
476 1367 125 28 utmäining
616 1367 35 22 för
664 1367 64 22 böter
738 1366 25 22 af
772 1366 42 21 Oss

62 1401 51 22 icke
128 1402 86 21 kunnat
229 1402 134 27 godkännas.
