1053 1670
317 107 223 22 Petitionsbetänkande
557 108 34 21 N:o
607 107 14 22 1.
769 109 42 19 163

97 168 107 22 svarande
227 168 38 21 det
285 167 78 27 belopp
379 166 105 23 hvarmed
499 166 148 28 Björneborgs
664 166 50 22 stad
729 166 113 23 förbundit

97 203 34 27 sig
154 205 32 20 att
209 204 91 26 bidraga
323 203 35 21 till
373 203 148 22 hamnbanans
536 203 123 27 byggande,
677 202 72 22 skulle
764 203 79 27 belöpa

97 239 34 27 sig
146 240 14 20 å
178 239 84 27 staden,
278 238 63 22 torde
357 238 65 23 äfven
443 244 53 17 vara
511 239 68 27 något
594 238 35 22 för
644 238 72 27 tidigt,
733 238 27 22 då
775 239 67 27 ingen

97 281 45 15 som
162 275 60 21 helst
241 274 101 27 kunskap
358 274 70 22 finnes
444 280 33 16 om
493 274 58 22 hvad
567 274 65 22 dessa
648 274 194 27 hamnbyggnader

97 311 74 21 kunna
186 311 85 21 komma
287 312 32 20 att
335 310 70 22 kosta.

168 346 11 21 I
201 346 146 22 betraktande
371 346 24 22 af
415 346 40 22 allt
479 346 37 22 det
531 346 66 22 ofvan
621 345 91 22 anförda
727 351 65 16 anser
806 345 38 27 jag

98 382 123 21 emellertid
244 382 68 22 saken
335 382 118 27 ingalunda
476 388 53 16 vara
544 382 8 21 i
568 382 37 21 det
621 381 94 22 utredda
731 381 63 22 skick
810 382 33 20 att

98 417 124 22 densamma
237 423 29 16 nu
281 418 44 21 kan
341 418 104 27 slutligen
456 418 93 27 afgöras.
581 417 148 22 Derförinnan
740 418 39 20 bör
791 417 52 21 ovil-

97 453 107 28 korligen,
229 453 71 22 såsom
323 453 70 28 sagdt,
418 453 142 22 förenämnda
579 454 51 26 plan
645 453 36 22 till
696 452 148 22 hamnstation

97 489 126 28 föreläggas
239 489 123 22 Ständerna
380 489 40 22 och
435 489 24 22 af
473 489 47 22 dem
538 489 128 28 godkännas
682 491 57 20 samt
753 488 91 27 Björne-

98 525 66 27 borgs
185 525 49 22 stad
249 525 84 27 afgifva
348 525 134 22 förbindelse
498 527 33 20 att
546 525 50 22 med
611 525 129 27 åtnjutande
756 524 24 21 af
794 524 49 21 skä-

97 560 32 27 lig
144 561 131 22 subvention
290 561 73 21 utföra
379 561 64 22 dessa
458 561 97 22 arbeten.

168 597 53 21 Icke
237 597 71 21 heller
323 597 44 21 kan
380 597 39 27 jag
433 603 53 16 vara
502 603 52 16 ense
570 597 49 21 med
630 597 109 21 utskottet
749 602 34 15 om
794 595 50 22 dess

98 632 147 28 uppfattning,
265 634 33 20 att
313 632 122 22 Ständerna
451 633 74 27 borde,
542 639 34 15 om
592 632 65 22 äfven
674 632 91 21 ärendet
781 631 63 21 anså-

99 674 39 21 ges
153 670 53 20 utan
221 668 141 22 infordrande
377 668 25 21 af
415 668 42 22 den
473 668 24 21 af
510 669 45 26 mig
571 668 114 27 påpekade
696 667 147 27 utredningen

98 704 75 21 kunna
188 704 94 27 afgöras,
299 704 88 21 anhålla
402 706 32 19 att
449 705 78 26 banan,
542 704 89 28 ,derest
641 703 148 22 statsverkets
799 702 45 21 till-

99 739 83 28 gångar
188 739 79 22 sådant
272 740 137 28 medgåfve",
415 740 68 21 redan
491 740 48 22 före
545 741 64 20 nästa
617 739 105 28 landtdag
728 739 39 22 och
776 745 68 21 ,ome-

99 775 86 22 delbart
205 776 8 21 i
234 776 103 21 samband
353 776 49 21 med
417 776 42 21 den
474 775 179 28 Björneborgska
668 776 83 21 banans
767 774 77 22 slutfö-

99 811 67 22 raude
181 811 74 22 blefve
271 811 48 22 med
335 812 76 21 arbete
426 812 99 26 belagd".
549 811 83 27 Hvarje
648 811 114 22 förutsedd
777 810 68 27 utgift

99 852 26 16 ur
139 846 280 23 kommunikationsfonden
434 847 40 21 bör
489 847 33 21 uti
537 847 112 27 budgeten
665 847 130 21 observeras
806 846 39 20 och

99 888 49 15 man
163 882 41 22 bör
219 882 49 22 icke
285 883 70 21 såsom
370 882 109 22 utskottet
495 882 64 28 gjort,
577 882 125 28 förutsätta,
719 884 32 20 att
762 882 81 21 oförut-

99 918 69 21 sedda
182 918 121 27 tillgångar
318 918 63 22 skola
395 924 70 22 yppas
481 918 90 22 utöfver
586 918 58 22 hvad
660 924 29 16 nu
705 918 44 21 kan
764 917 80 22 beräk-

100 960 44 15 nas.
175 954 41 21 Ett
231 954 79 21 sådant
325 956 45 20 sätt
385 956 33 20 att
433 956 98 26 uppgöra
541 954 112 27 budgeten
663 956 26 19 är
700 953 146 28 grundfalskt.

99 988 51 22 Men
166 989 14 21 å
195 990 68 21 andra
279 990 62 21 sidan
356 990 54 21 böra
421 990 128 26 Ständerna,
559 990 48 21 lika
621 990 50 21 litet
684 996 45 15 som
746 989 26 21 de
783 989 63 21 torde

99 1025 132 27 bemyndiga
249 1025 131 27 regeringen
398 1027 53 20 utan
469 1026 135 22 Ständernas
619 1025 96 22 hörande
731 1025 116 26 disponera

100 1061 137 26 uppstående
257 1061 124 23 öfverskott
395 1062 8 20 i
418 1062 228 27 bevillningsmedlen,
666 1062 76 21 anvisa
757 1060 89 28 möjliga

101 1096 135 22 öfverskotts
253 1097 127 22 statsmedel
395 1097 34 21 för
444 1097 117 22 utförande
577 1098 24 21 af
609 1097 49 22 utaf
672 1097 123 22 Ständerna
809 1096 37 22 be-

101 1132 73 21 slutna
190 1133 96 21 arbeten.
309 1133 44 21 Det
369 1139 41 15 ena
425 1133 136 22 förfarandet
577 1136 26 18 är
618 1133 46 21 lika
680 1135 57 19 orätt
753 1138 46 16 som
811 1132 37 21 det

101 1167 73 22 andra.
205 1168 11 21 I
238 1168 77 28 hvarje
338 1168 40 21 fall
400 1169 39 21 bör
463 1169 86 22 således
573 1169 135 27 proposition
731 1169 8 20 i
755 1167 93 22 ärendet

101 1202 125 29 föreläggas
242 1203 123 23 Ständerna
383 1204 40 21 och
438 1205 72 22 medel
525 1205 35 21 till
576 1205 82 21 banans
674 1203 123 28 byggande,
814 1209 34 15 om

101 1239 42 21 den
158 1239 105 28 beslutes,
280 1240 97 26 anvisas;
392 1240 49 21 icke
458 1241 72 21 såsom
545 1241 109 21 utskottet
669 1241 8 20 i
693 1240 34 22 sin
743 1239 105 22 slutkläm

101 1274 101 28 föreslår,
214 1275 27 21 då
251 1276 29 26 på
291 1282 41 15 ena
341 1275 69 21 raden
420 1276 95 27 begäres
530 1276 136 27 proposition
681 1282 34 15 om
729 1274 118 28 byggande

101 1310 25 21 af
135 1316 27 16 en
172 1311 57 21 bana
239 1311 40 21 och
290 1312 28 26 på
328 1311 42 21 den
381 1311 68 21 andra
458 1312 69 21 raden
538 1312 102 21 anhållan
651 1314 64 24 göres
727 1312 32 20 att
768 1316 81 16 samma

101 1346 49 21 icke
158 1348 59 20 ännu
224 1347 102 21 beslutna
334 1347 56 21 bana
395 1347 136 21 omedelbart
537 1347 58 21 skall
601 1347 48 21 med
656 1347 74 21 arbete
737 1346 111 26 beläggas.

172 1382 32 21 På
229 1383 72 27 grund
324 1382 24 22 af
369 1382 38 22 det
431 1383 158 23 ofvananförda
616 1383 34 21 får
674 1383 38 27 jag
737 1382 112 22 vördsamt

102 1416 92 23 föreslå:

173 1458 174 24 Jernvägsutskottets
360 1459 106 18 betänkande
478 1460 36 18 N:o
527 1460 14 17 1.
