1064 1661
292 127 243 22 Petitionsbetänkande
551 126 36 23 N:o
603 126 31 23 10.
802 129 13 21 9

85 196 81 21 nebära
182 203 27 14 en
225 195 131 28 restriktion,
373 201 61 16 mera
448 195 100 22 kännbar
563 196 28 20 än
607 197 31 20 ett
653 195 71 22 direkt
735 196 69 27 afslag
816 196 29 27 på

85 230 180 28 petitionärernes
280 229 104 22 anhållan
400 236 57 15 vore.

153 264 89 22 Jämväl
257 265 42 19 den
310 271 77 14 senare
399 263 98 28 punkten
507 264 25 21 af
539 264 182 27 petitionärernas
731 265 114 27 ändrings-

86 298 79 28 förslag
188 298 41 22 har
248 298 107 21 utskottet
374 300 55 19 trott
452 298 32 27 sig
499 298 53 21 böra
567 298 132 22 understöda
714 299 29 27 på
758 298 25 22 af
796 299 49 21 dem

85 333 130 21 framhållna
229 333 102 27 grunder.
353 332 30 21 Af
399 332 150 28 ordalydelsen
570 333 7 20 i
593 332 46 22 ofta
655 334 95 20 nämnda
765 333 80 27 nådiga

87 367 134 27 Kungörelse
243 367 94 27 framgår
353 367 112 27 nämligen
484 369 32 19 att
532 368 41 20 den
589 367 130 22 föreskrifna
734 368 111 21 undervis-

87 401 215 28 ningsskyldigheten
325 401 24 21 af
370 402 65 20 minst
455 402 29 22 20
503 402 87 21 timmar
609 402 8 20 i
631 402 82 21 veckan
729 402 68 21 måste
812 402 34 20 för

87 436 108 22 vinnande
211 436 25 21 af
249 436 238 27 tjensteårsberäkning
501 436 103 28 fullgöras
620 437 35 20 vid
671 443 26 15 en
715 437 57 21 enda
789 436 57 22 läro-

87 470 125 28 inrättning.
242 470 50 22 Men
315 471 72 21 denna
411 470 136 28 bestämning
570 471 39 21 har
627 471 8 21 i
650 472 79 26 många
744 471 38 21 fall
797 470 48 22 icke

88 505 55 21 blott
159 505 134 28 paralyserat
308 506 43 20 den
366 504 69 22 fördel
450 505 157 27 författningen
623 505 58 22 velat
696 505 88 27 bereda;
803 506 42 20 den

87 540 40 21 har
143 540 106 27 därjämte
263 540 7 20 i
281 539 115 28 praktiken
409 540 55 21 visat
475 540 31 27 sig
516 540 67 21 lända
593 540 183 27 undervisningen
787 546 59 15 mera

87 573 34 22 till
143 574 69 21 skada
232 575 28 20 än
279 581 64 20 gagn.
375 574 30 27 Ty
421 573 102 22 förutsatt
538 574 64 22 äfven
618 576 32 19 att
665 581 27 14 en
707 574 70 21 lärare
794 574 52 21 eller

87 608 111 22 lärarinna
213 609 99 27 erbjödes
328 609 85 20 tillfälle
436 612 33 18 att
484 609 35 21 vid
535 616 25 14 en
577 609 41 21 och
633 616 83 14 samma
731 609 61 21 skola
807 615 39 14 un-

88 643 83 22 dervisa
187 644 36 20 det
239 643 140 27 erforderliga
395 643 83 21 antalet
493 643 155 22 veckotimmar
659 657 26 2 —
701 643 48 22 från
764 643 82 21 hvilket

89 677 55 22 dock
159 677 137 22 lektionerna
311 677 7 22 i
333 677 110 28 teckning,
467 678 114 29 kalligrafi,
600 680 53 25 sång
668 678 40 21 och
723 677 123 28 gymnastik

89 711 53 22 böra
164 712 103 22 afräknas
281 725 29 3 —
326 713 85 26 tvingas
433 712 136 21 fackläraren
592 719 78 20 genom
689 712 157 22 ofvanberörda

88 746 145 28 begränsning
255 749 33 19 att
310 749 52 25 taga
385 747 120 27 befattning
527 747 49 21 med
592 747 107 29 biämnen,
715 747 73 21 hvilka
803 746 43 21 han

89 781 48 21 icke
153 781 101 22 omfattat
275 782 50 21 med
348 781 92 28 verkligt
460 782 92 21 intresse
568 781 52 22 eller
636 784 65 25 egnut
716 781 131 27 tillräckliga

87 815 122 21 förstudier.
240 816 66 21 Detta
328 815 136 22 förhållande
484 816 99 21 inträffar
598 816 7 20 i
621 816 116 27 synnerhet
753 817 48 19 med
817 815 30 21 lä-

89 856 48 15 rare
152 850 7 21 i
175 851 83 20 sådana
280 851 85 24 ämnen,
390 857 47 14 som
459 850 65 22 hafva
543 850 31 27 sig
591 850 110 21 tilldelade
716 852 31 19 ett
763 850 84 21 mindre

89 884 60 22 antal
163 884 162 27 veckotimmar,
341 885 71 21 såsom
427 887 15 18 t.
459 891 32 15 ex.
507 884 90 22 botanik
613 884 40 21 och
668 884 89 28 zoologi,
774 884 73 21 hvilka

90 919 78 21 ämnen
184 919 6 21 i
206 918 248 28 undervisningsplanen
474 918 33 22 för
526 919 87 27 vanliga
628 918 71 28 lyceer
713 918 134 22 förekomma

89 954 48 20 med
153 954 158 27 sammanlagdt
329 954 26 21 10
366 956 13 18 å
392 954 24 20 12
432 953 86 21 timmar
533 953 6 21 i
555 952 90 22 veckan.
672 953 79 21 Därför
761 960 63 20 synes
841 953 7 21 i

90 988 194 27 undervisningens
306 991 49 23 eget
378 988 91 21 intresse
491 988 35 20 det
546 987 150 28 medgifvande
712 988 53 21 böra
779 988 64 26 göras

91 1024 32 19 att
139 1023 36 20 det
190 1022 155 28 obligatoriska
361 1022 82 21 antalet
454 1022 254 27 undervisningstimmar
719 1022 21 21 få
751 1022 96 27 uttjenas

90 1057 110 27 samtidigt
222 1057 36 21 vid
281 1057 59 26 fera,
363 1057 53 21 eller
439 1057 130 21 åtminstone
586 1057 42 26 två,
650 1064 50 14 vare
715 1057 32 27 sig
763 1057 85 27 privata

90 1091 53 21 eller
158 1091 135 21 statsskolor.
482 1106 10 8 .

158 1131 34 21 Pä
207 1132 70 26 grund
292 1132 25 20 af
330 1132 57 21 hvad
403 1132 107 21 utskottet
530 1132 92 21 sälunda
641 1132 46 20 haft
703 1132 52 20 äran
771 1130 78 22 anföra

91 1166 40 20 och
154 1167 49 20 med
217 1166 130 27 hänvisning
363 1166 33 21 för
417 1166 66 27 öfrigt
498 1166 33 21 till
547 1167 26 20 de
589 1166 7 21 i
612 1165 237 28 petitionsmemorialet

91 1200 130 21 framhällna
236 1200 46 22 skäl
297 1200 34 22 fär
346 1200 106 21 utskottet
467 1201 111 21 vördsamt
593 1200 88 22 föreslä:

366 1265 34 20 att
422 1263 127 22 Ständerna
571 1263 50 21 ville
647 1264 52 28 ingä
725 1263 33 22 till
783 1263 66 21 Hans

297 1298 125 28 Kejserliga
438 1298 106 28 Majestät
553 1298 46 21 med
609 1298 138 28 underdänig
755 1297 94 29 petition

297 1340 33 14 om
352 1332 71 22 sädan
446 1333 98 27 ändring
559 1333 32 27 af
609 1332 120 22 innehället
745 1332 8 22 i
767 1331 82 28 nädiga

298 1367 153 28 Kungörelsen
466 1368 43 21 den
529 1368 14 20 7
563 1367 50 28 Maj
636 1367 64 26 1888,
724 1369 33 20 att
777 1367 73 21 lärare

297 1401 52 22 eller
365 1401 128 26 lärarinna,
510 1409 44 14 som
569 1402 8 20 i
593 1401 68 28 öfrigt
675 1401 116 28 uppfyller
807 1400 43 22 dei

161 1443 104 20 Allmänna
281 1442 190 21 Besvärsutskottets
488 1443 117 20 betänkande
621 1442 38 21 N:o
675 1443 19 19 7.
