1073 1678
246 175 12 19 6
405 176 277 22 Petitionsbetänkande
699 177 44 22 N:o
759 177 38 22 39.

217 240 33 18 ten
272 241 25 17 än
320 239 66 25 någon
406 240 66 25 privat
487 241 60 23 skola,
563 242 35 18 bör
612 241 58 19 äfven
686 242 6 19 i
707 248 60 13 norra
782 242 83 19 Karelen
880 248 25 12 en
921 242 55 19 flick-

216 267 56 19 skola
294 268 45 19 med
354 268 99 20 allmänna
468 269 63 19 medel
546 270 90 19 inrättas.
666 270 67 25 Några
751 270 61 19 saken
827 270 82 20 rörande
925 270 51 25 peti-

216 296 171 20 titionsmemorial
408 298 124 19 inlämnades
554 298 61 19 redan
639 298 33 20 vid
695 301 80 17 senaste
797 298 95 26 landtdag
907 299 6 19 i
929 299 47 19 flere

218 324 60 19 stånd
300 331 45 13 men
369 326 103 24 förgäfves.
502 326 60 19 Svårt
584 329 22 16 är
628 329 29 17 att
677 328 48 18 fatta
740 328 80 18 hvarför
836 327 107 19 ständerna
958 328 17 24 ej

218 353 134 20 understödde
375 354 49 19 dem.
455 355 28 19 På
505 355 142 20 ofvananförda
669 355 90 25 grunder
781 355 61 25 vågar
863 355 33 25 jag
915 355 61 20 likväl

217 383 55 17 ännu
294 382 101 20 vördsamt
418 383 90 24 anhållla,
531 385 30 18 att
581 384 120 25 högvördiga
717 383 81 20 ståndet
814 384 45 19 ville
874 384 30 19 till
920 384 55 19 Hans

219 410 109 25 Kejserliga
344 411 91 25 Majestät
450 411 48 26 ingå
513 413 45 18 med
573 419 24 13 en
614 413 84 24 petition
713 413 6 18 i
735 413 60 24 syfte,

492 477 27 17 att
534 477 61 18 staten
609 475 59 19 mätte
680 475 29 25 på
724 482 22 12 en
755 475 52 25 gång
816 476 96 24 öfrertaga
919 475 56 20 Joen-

424 510 40 12 suu
486 504 79 24 privata
585 504 108 25 flickskolas
715 504 91 25 samtliga
828 504 72 19 klasser
924 506 52 17 samt

424 533 82 18 ombilda
529 533 114 18 densamma
665 533 29 18 till
709 535 24 16 ett
747 533 71 19 sådant
832 531 27 28 af
870 534 61 17 staten
946 533 29 18 be-

424 561 74 19 kostadt
521 561 129 25 fullständigt,
673 561 140 25 finskspräkigt
836 561 84 19 läroverk
942 561 34 24 för

424 589 165 26 grinnobildning,
605 596 41 13 som
669 590 130 25 stadgandena
822 590 8 19 i
847 590 71 25 nådiga
933 589 42 25 för-

424 618 108 26 ordningen
547 619 25 24 af
583 619 35 18 den
636 619 26 18 27
677 619 100 18 november
793 619 54 18 1885
862 618 70 25 åsyfta.

286 680 130 25 Helsingfors,
432 681 38 19 den
487 682 25 19 30
528 682 80 19 Januari
627 682 60 19 1891.

262 758 7 4 a
765 749 19 23 H.
801 749 104 28 Piipponen.

320 885 49 22 IV.

334 961 58 19 Till
408 961 162 25 vällofliga
589 961 267 25 Borgareståndet.

286 1022 67 20 Under
376 1025 88 17 senaste"
478 1024 94 24 landtdag
592 1025 35 23 tog
639 1023 34 25 jag
687 1024 41 24 mig
743 1023 85 19 friheten
842 1024 30 18 att
887 1023 87 19 inlämna

216 1052 31 18 till
262 1051 100 25 vällofliga
380 1052 167 24 Borgareståndet
561 1058 25 13 en
601 1052 84 25 petition
701 1052 5 18 i
723 1052 53 24 syfte
797 1053 30 18 att
842 1052 61 18 vinna
918 1051 55 20 stån-

216 1080 44 19 dets
277 1080 89 25 benägna
382 1080 118 20 medverkan
516 1080 31 20 till
561 1086 25 14 en
598 1080 62 20 sådan
671 1080 126 25 underdånig
809 1080 165 25 ständerpetition

216 1109 37 19 hos
270 1108 55 19 Hans
341 1108 97 26 Majestät,
453 1109 78 19 landets
547 1109 116 24 Storfurste,
678 1111 29 17 att
722 1109 91 19 Joensuu
828 1108 78 26 privata
918 1108 55 20 frun-

216 1137 148 19 timmersskola
379 1137 70 25 skulle,
464 1138 42 18 icke
521 1138 85 19 allenast
621 1137 41 19 helt
678 1138 36 18 och
729 1137 62 20 hållet
805 1137 61 19 redan
877 1136 44 20 från
931 1137 42 19 bör-

215 1166 34 24 jan
271 1166 19 18 af
312 1165 85 20 läseåret
421 1166 139 20 1888—1889
581 1166 110 24 öfvertagas
708 1166 37 19 och
759 1166 94 19 bekostas
869 1165 20 19 af
903 1167 71 22 staten,

216 1196 49 17 utan
281 1194 58 19 äfven
355 1194 45 19 med
416 1200 75 13 samma
506 1194 93 25 utvidgas
615 1194 30 19 till
660 1196 29 18 ett
705 1194 22 20 så
743 1194 127 24 fullständigt
885 1194 89 19 läroverk

216 1223 30 19 för
260 1222 172 26 qvinnobildning,
448 1229 43 13 som
506 1223 6 19 i
528 1223 72 25 nådiga
615 1223 140 25 förordningen
771 1223 19 19 af
805 1223 38 19 den
858 1223 25 18 27
893 1228 81 14 novem-

216 1252 35 18 ber
275 1251 53 19 1885
346 1252 64 18 finnes
425 1252 89 24 angifvet
529 1258 32 12 om
576 1251 68 25 dylika
659 1251 181 25 läroinrättningar.
870 1250 45 20 Men
931 1257 43 13 som

216 1280 112 24 petitionen
343 1280 43 18 icke
401 1279 25 19 då
441 1280 50 19 hade
506 1280 100 19 önskvärd
621 1279 109 25 framgång,
747 1280 61 24 vågar
822 1280 32 24 jag
869 1278 43 20 åter
922 1285 51 19 upp-

216 1310 46 22 taga
284 1308 40 18 den
339 1308 29 19 för
384 1308 100 19 mellersta
499 1309 36 19 och
551 1314 58 14 norra
624 1308 84 20 Karelen
723 1308 115 19 brännande
853 1307 69 25 frågan
938 1308 36 19 och

215 1336 67 19 lemna
297 1336 39 19 den
352 1336 29 19 till
397 1336 177 24 Borgareståndets
590 1336 131 25 ompröfning.

286 1363 104 25 Qvinnans
413 1366 41 18 rätt
470 1365 29 19 till
514 1365 93 25 kunskap
623 1364 37 20 och
675 1364 73 20 allmän
763 1364 147 24 medborgerlig
925 1364 49 19 bild-

216 1392 50 25 ning
287 1394 22 17 är
332 1392 32 20 väl
386 1393 61 19 redan
470 1393 58 19 äfven
545 1393 6 19 i
573 1393 45 19 vårt
633 1393 46 19 land
694 1399 25 13 en
735 1399 54 13 mera
803 1392 75 20 erkänd
894 1392 40 24 sak,
949 1394 25 18 än

215 1422 31 18 att
267 1420 33 26 jag
316 1421 68 19 därom
399 1421 35 19 här
449 1422 66 19 vidare
531 1422 34 19 bör
580 1422 53 19 orda.
663 1422 44 18 Men
723 1422 84 18 likasom
822 1421 34 19 det
872 1420 51 20 varit
938 1422 37 18 och

216 1452 22 16 är
260 1455 25 13 en.
308 1449 149 25 nödvändighet
479 1450 29 19 för
530 1452 67 18 staten
617 1452 30 17 att
662 1450 82 19 bekosta
760 1450 117 18 lärovärken
892 1449 29 19 för
936 1450 38 19 den

215 1478 87 24 manliga
325 1478 122 24 ungdomen,
470 1478 62 20 likaså
550 1478 88 26 omöjligt
657 1479 36 18 har
707 1479 33 19 det
757 1478 52 19 visat
825 1478 31 25 sig
871 1478 60 18 blifva
946 1478 29 20 för

285 1516 105 18 Allmänna
401 1517 169 17 Besvärsutskottets
583 1517 109 17 betänkande
704 1517 37 17 N:o
755 1517 30 17 29.
