1067 1664
242 135 13 21 6
424 135 244 22 Petitionsbetänkande
684 135 36 22 N:o
736 133 28 23 12.

488 205 32 19 det
541 205 22 19 åt
581 205 83 19 lektorer
685 205 33 20 och
738 205 82 24 kolleger
834 205 33 19 vid
882 205 90 24 samtliga

422 233 91 20 läroverk
527 234 8 19 i
550 234 126 24 Helsingfors
691 234 43 19 med
749 234 91 24 afseende
854 234 14 19 å
882 234 24 19 de
916 234 56 24 högre

422 261 208 25 lefnadskostnaderna
658 262 8 20 i
690 263 142 24 hufvudstaden
856 262 116 20 tillerkända

420 291 82 20 arvodet
516 291 62 20 kunde
592 291 90 24 förhöjas
698 291 30 20 till
742 292 63 23 1,000
820 291 68 26 mark;

215 353 38 19 och
273 352 21 20 få
313 353 21 20 vi
353 353 106 20 vördsamt
478 354 86 24 anhålla,
584 357 30 17 att
630 354 35 20 det
679 354 128 25 högvördiga
822 355 149 25 presteståndet

214 381 50 20 ville
282 382 132 26 understödja
429 383 66 20 denna
510 383 86 26 petition
612 390 73 19 genom
700 383 71 20 remiss
786 383 32 20 till
833 383 138 25 vederbörligt

213 410 85 20 utskott.

282 468 136 26 Helsingfors,
435 469 39 20 den
490 470 12 19 7
518 469 91 20 februari
626 470 60 19 1891.

215 536 75 22 Alfred
305 537 107 22 Kihlman.
813 537 22 22 E.
851 537 119 22 Bonsdorff.

283 823 93 21 Jämlikt
392 831 30 14 nu
436 824 100 27 gällande
553 823 175 27 äflöningsstater
737 822 34 21 för
782 822 85 21 landets
879 822 92 22 elemen-

216 857 134 22 tarläroverk
373 857 131 22 tillkommer
526 858 86 27 kollega
633 857 36 22 vid
691 857 72 27 lyceer
785 857 41 21 och
841 857 130 21 elementar-

214 891 74 22 skolor
302 892 111 27 periodisk
428 891 217 28 arvodesförhöjning
660 891 25 22 af
698 892 42 21 600
757 891 61 21 mark
833 891 55 21 efter
902 892 20 25 5,
934 892 36 26 10,

217 927 26 20 15
267 926 41 21 och
329 927 27 21 20
379 927 35 20 ärs
429 927 67 27 tjenst
512 927 52 21 eller
578 926 160 27 sammanlagdt
754 926 64 25 2,400
834 925 66 21 mark.
931 925 39 21 Pä-

214 960 90 22 visande
328 961 36 20 det
385 961 214 21 otillfredsställande
615 961 7 20 i
637 961 72 20 denna
725 960 122 27 anordning
863 959 109 28 uppställa

215 995 173 27 petitionärerna
410 996 37 20 det
466 995 190 27 ändringsförslag,
674 997 32 19 att
721 994 135 27 kollegernes
871 995 100 20 arvodes-

216 1029 76 27 tillägg
315 1030 67 20 mätte
405 1030 53 26 utgä
480 1029 54 22 efter
556 1036 82 14 samma
661 1029 95 27 grunder
771 1035 45 14 som
832 1028 139 26 lektorernes,

216 1063 52 22 eller
284 1065 49 20 med
348 1064 42 21 800
405 1063 62 22 mark
482 1064 55 21 efter
552 1065 20 23 5,
589 1065 27 20 10
631 1063 40 22 och
688 1064 26 22 15
729 1064 35 20 ärs
780 1063 119 28 tjenstetid.
930 1063 42 21 En-

214 1097 40 28 ligt
270 1098 61 21 detta
346 1097 81 28 förslag
443 1097 92 22 erhäller
550 1105 27 14 en
593 1097 86 28 kollega
694 1098 50 21 med

266 1149 44 22 5—
326 1151 12 20 9
354 1149 105 28 tjensteär
495 1150 41 21 800
552 1149 62 22 mark
628 1149 7 21 i
651 1149 72 22 stället
739 1149 33 21 för
810 1149 42 21 —600
868 1148 67 21 mark.

254 1184 84 21 10—14
398 1201 9 8 ,
475 1185 104 25 1,600,
676 1201 10 8 »
748 1200 10 8 oo»
791 1183 63 27 1,200
891 1199 10 8 ,

254 1218 84 21 15—19
399 1235 10 8 ,
474 1219 64 25 2,400
675 1235 11 9 »
748 1235 10 8 oo»
792 1218 61 26 1,800
892 1234 9 8 ,

252 1253 29 21 20
296 1259 19 15 0.
333 1259 16 14 s.
361 1260 18 14 V.
398 1269 9 9 »
472 1253 64 27 2,400
675 1269 9 9 5
747 1269 10 9 »
789 1252 64 27 2,400
892 1269 9 8 ,

284 1304 10 21 I
310 1305 41 20 den
367 1303 69 22 första
451 1304 229 28 tjensteärskategorin
694 1303 156 28 ifrägakomme
867 1303 67 21 alltså
944 1303 29 27 pä

214 1337 75 28 hvarje
312 1338 87 27 kollega
422 1345 26 14 en
472 1338 215 27 hbudgetsförhöjning
710 1337 24 22 af
754 1339 42 20 200
818 1337 68 28 mark,
907 1337 8 21 i
930 1338 42 20 den

215 1373 70 20 andra
307 1372 25 21 af
352 1373 43 21 400
417 1373 62 21 mark
494 1373 40 21 och
549 1373 7 20 i
572 1373 41 21 den
630 1373 68 27 tredje
714 1372 25 21 af
752 1373 43 21 600
810 1371 70 27 mark;
898 1371 74 22 hvare-

216 1409 46 19 mot
285 1407 37 21 det
345 1408 126 21 nuvarande
490 1407 97 27 sakläget
603 1407 148 21 äterinträdde
766 1407 36 21 vid
818 1413 26 14 en
860 1406 111 27 tjenstetid

215 1441 25 20 af
260 1441 65 21 minst
348 1442 28 21 20
398 1442 31 21 är.
459 1442 43 21 För
522 1444 32 19 att
573 1442 74 20 kunna
662 1441 120 27 uppskatta
798 1441 41 21 den
856 1441 117 27 stegring
961 1437 15 36 i

284 1480 100 19 Allmänna
396 1481 174 19 Besvärsutskottets
582 1481 112 18 betänkande
706 1480 35 18 N:o
755 1481 16 16 9.
