1073 1670
254 153 13 20 4
405 152 283 22 Petitionsbetänkande
704 152 45 22 N:o
766 152 36 22 21.

225 215 142 21 öfverhufvud
388 222 27 14 en
437 215 88 27 uppgift
548 215 25 21 af
588 218 46 18 stor
649 215 121 27 betydelse,
786 215 160 21 beaktansvärd
962 214 18 26 ej

224 249 57 21 blott
302 249 46 21 från
370 250 138 27 synpunkten
531 250 26 20 af
571 250 28 20 de
614 250 108 20 enskildas
738 250 126 26 rättmätiga
880 249 99 28 anspråk,

224 286 52 18 utan
294 283 80 27 jämväl
396 284 50 20 med
469 284 102 20 afseende
594 285 13 19 å
622 284 124 20 samhällets
764 285 90 19 intresse
870 284 24 20 af
906 287 32 17 att
954 290 27 14 en

224 317 78 21 allmän
318 318 89 27 aktning
421 318 33 21 för
470 318 37 21 det
522 318 57 21 rätta
595 318 41 20 och
652 318 85 20 medlen
752 318 33 20 för
801 318 72 25 dettas
886 317 95 21 förverk-

223 352 87 27 ligande
329 352 163 28 upprätthålles.
523 352 75 22 Också
614 352 42 21 kan
671 352 165 21 reformarbetet
854 353 24 20 så
893 352 88 27 mycket

224 386 67 21 hellre
312 386 89 28 vidtaga
424 387 50 21 med
492 387 27 21 de
535 387 25 21 af
572 386 207 28 förslagsställarene
798 386 98 27 antydda
911 386 70 21 förän-

224 420 114 27 dringarna
353 422 6 19 i
374 421 70 21 denna
467 421 41 25 del,
532 428 48 13 som
604 421 289 26 domstolsorganisationen,
916 420 64 21 hvars

223 454 198 22 tillfredsställande
443 455 133 27 ombildning
591 455 85 21 kräfver
698 455 50 20 vida
764 462 58 13 mera
846 455 134 20 omfattande

223 488 163 27 förberedelser,
409 489 113 21 äfvensom
547 489 203 27 hufvudgrunderna
780 489 34 21 för
843 489 43 21 den
914 496 66 13 nuva-

223 523 67 20 rande
305 523 246 28 rättegångsordningen
567 523 64 21 däraf
643 523 105 21 förblefve
763 523 113 21 oberörda.

291 556 69 22 Bland
376 558 27 20 de
421 558 123 20 önskvärda
566 557 176 27 förändringarna
757 558 7 20 i
785 557 195 27 rättegångssättet

222 590 37 21 vid
274 591 112 21 underrätt
400 592 77 20 nämna
493 592 168 27 petitionärerne
674 592 75 20 främst
761 594 32 18 ett
804 591 110 21 verksamt
924 591 56 21 före-

222 624 118 28 byggande
362 625 24 21 af
405 626 167 27 svarandeparts
593 626 51 20 eller
658 627 80 19 vittnes
753 628 89 18 utevaro
858 626 46 20 från
919 626 57 20 dom-

221 659 221 21 stolssammanträde.
472 660 44 21 Det
537 660 192 24 missförhållande,
753 666 47 14 som
818 661 7 19 i
844 660 60 20 detta
927 660 52 20 hän-

220 693 82 21 seende
318 694 23 20 är
356 694 101 27 rådande,
473 695 28 26 på
516 694 69 27 grund
601 694 25 20 af
637 694 195 26 otillräckligheten
848 694 25 20 af
884 694 28 20 de
930 694 48 20 här-

221 731 60 17 emot
296 729 7 19 i
318 728 100 27 gällande
433 728 36 28 lag
484 728 127 21 föreskrifna
627 728 41 20 och
684 728 25 21 af
720 728 147 21 domstolarna
880 728 98 20 använda

219 761 145 27 korrektiven,
381 763 64 27 utgör
460 762 66 22 också
542 762 107 21 måhända
666 763 42 20 den
723 762 68 22 oftast
802 762 176 21 förekommande

220 796 144 28 anledningen
378 797 31 21 till
425 797 99 27 uppskof
535 798 6 20 i
556 797 149 27 rättegången,
721 798 29 26 på
765 804 82 13 samma
862 798 58 26 gång
930 804 48 13 sva-

220 830 81 21 randen
316 832 7 19 i
339 831 62 20 civila
423 831 43 21 mål
488 838 80 20 genom
590 832 37 19 sitt
649 831 147 21 uteblifvande
819 831 17 26 ej
854 831 67 20 sällan
936 831 42 20 kan

220 864 81 21 bereda
325 866 35 25 sig
382 872 26 13 en
429 872 151 20 gynsammare
603 865 101 27 ställning
718 867 6 18 i
740 865 133 20 förhållande
896 865 31 20 till
945 866 33 19 sin

219 901 103 24 motpart,
346 906 79 20 genom
448 903 32 17 att
502 899 278 27 bevisningsskyldigheten
806 901 6 18 i
839 899 77 21 sådant
942 899 36 20 fall

220 932 113 21 ähvälfves
357 933 76 21 denne.
469 933 182 21 Allvarsammare
667 933 106 27 päföljder
795 933 33 20 för
847 933 131 21 trädskande

219 967 157 27 svarandepart
392 971 56 17 samt
464 971 51 17 utan
529 967 71 21 förfall
615 967 112 21 uteblifvet
742 969 74 23 vittne,
834 967 27 20 än
877 968 27 20 de
926 967 52 21 obe-

219 1000 84 27 tydliga
326 1000 69 26 böter,
417 1001 32 21 till
470 1001 72 21 hvilka
564 1001 28 21 de
613 1008 27 14 nu
656 1001 113 27 äfventyra
784 1004 32 18 att
832 1001 65 21 blifva
913 1001 63 25 fälda,

219 1034 72 21 kunde
306 1034 102 28 möjligen
423 1035 133 27 undanrödja
572 1035 60 21 detta
648 1035 75 21 hinder
738 1035 32 21 för
786 1042 26 14 en
827 1035 68 21 snabb
914 1036 64 20 rätts-

219 1068 107 28 skipning.

288 1102 60 22 Utan
368 1103 75 21 tvifvel
458 1103 38 21 äro
511 1103 150 27 stadgandena
676 1103 112 27 angäende
804 1103 108 27 stämning
924 1103 54 26 jäm-

218 1136 36 20 väl
268 1138 6 19 i
290 1136 71 21 behof
379 1137 25 20 af
422 1137 125 27 förändring
568 1137 42 20 och
625 1137 221 27 förfullständigande.
876 1131 102 33 Önskligt

217 1177 53 13 vore
286 1170 95 25 sälunda,
398 1174 31 18 att
444 1171 77 21 bruket
536 1171 25 21 af
572 1171 92 27 skriftlig
679 1171 114 27 stämning,
815 1170 81 22 hvilket
912 1171 66 27 enligt

217 1204 43 20 den
282 1204 41 20 hos
346 1212 36 13 oss
403 1204 86 28 vanliga
509 1204 125 28 tolkningen
650 1205 26 20 af
687 1205 26 20 R.
729 1205 25 20 B.
772 1210 30 15 11:
818 1210 12 15 2
847 1205 23 19 är
886 1205 91 21 ovilkor-

216 1238 58 27 ligen
296 1238 137 21 föreskrifvet
456 1239 77 20 endast
555 1238 33 21 för
610 1240 53 19 tvist
685 1239 92 20 rörande
790 1239 49 26 jord
858 1238 50 21 eller
930 1239 46 24 hus,

216 1271 72 21 blefve
311 1271 106 22 utsträckt
435 1272 32 21 till
481 1272 41 21 alla
538 1272 50 21 eller
603 1273 131 20 ätminstone
750 1279 26 14 en
791 1272 69 21 större
876 1273 35 20 del
926 1273 50 24 mäl;

216 1312 27 13 en
258 1305 69 21 sädan
342 1306 120 27 anordning
477 1306 67 21 skulle
560 1306 64 21 äfven
638 1307 7 20 i
660 1307 78 26 mänga
754 1306 36 21 fall
805 1306 49 21 leda
869 1306 31 21 till
912 1307 65 20 rätte-

216 1339 98 27 gängens
336 1339 147 27 förkortande,
507 1341 28 20 dä
557 1340 99 27 uppskof
675 1341 29 26 pä
724 1341 70 26 grund
810 1340 24 21 af
846 1341 130 20 svarandens

216 1373 133 21 förfallolösa
364 1377 90 18 utevaro
469 1374 83 21 mindre
567 1374 46 21 ofta
628 1374 27 20 än
670 1381 28 14 nu
713 1374 95 21 behöfde
821 1374 95 27 beviljas.
941 1375 36 20 Li.

216 1407 90 21 kaledes
328 1407 69 21 borde
419 1415 28 14 nu
470 1408 107 27 stadgade
595 1409 152 26 stämningstid
770 1409 32 20 för
817 1410 57 19 vissa
890 1408 36 21 fall
940 1409 36 20 än-

284 1468 131 23 Lagutskottets
422 1469 110 18 betänkande
544 1469 39 17 N:o
597 1469 17 17 8.
