1056 1670
323 95 224 23 Petitionsbetänkande
564 96 35 21 N:o
614 95 15 22 1.
777 95 43 22 123

96 155 88 23 hvilken
200 156 8 21 i
224 156 37 21 det
276 161 92 16 numera
378 156 121 27 uppgjorda
510 155 111 27 förslaget,
633 155 50 22 med
694 154 155 22 ofvananförda

97 192 161 26 modifikation,
280 194 163 24 representerar
466 197 28 16 en
515 197 85 16 summa
621 191 24 21 af
665 191 96 27 115,700
781 190 68 22 mark.

97 227 71 22 Häraf
180 227 97 28 framgår
292 227 86 21 säledes
394 229 34 19 att
443 227 38 21 det
496 233 78 20 genom
591 226 80 22 liniens
682 226 169 22 instrumentala

97 263 164 26 undersökning
281 269 73 15 vunna
374 263 117 21 resultatet
507 262 7 22 i
530 263 65 27 högst
611 262 123 27 väsendtlig
749 263 53 26 grad
815 263 34 26 ju-

97 301 71 20 sterar
191 299 27 21 de
241 298 183 27 förutsättningar
447 299 93 21 rörande
563 299 41 20 den
628 298 115 21 sannolika
763 297 87 27 anlägg-

97 335 194 26 ningskostnaden,
307 334 75 21 hvilka
396 334 49 27 lågo
461 334 36 21 till
511 335 69 26 grund
591 334 34 21 för
637 336 87 20 senaste
735 333 114 27 Jernvägs-

98 370 97 21 utskotts
211 369 163 28 framställning
389 370 6 21 i
412 370 73 21 saken.

170 401 68 26 Äfven
259 405 134 22 beträffande
413 406 84 21 bavans
519 405 115 22 sannolika
653 405 142 27 rentabilitet,
817 405 34 21 för

98 440 88 22 hvilken
203 441 50 21 med
269 441 89 27 ledning
374 441 23 21 af
411 448 27 14 en
449 441 36 21 till
495 441 245 27 petitionsmemorialet
750 440 101 24 vidfogad

100 476 74 28 kalkyl
194 476 122 27 redogjorts
338 476 7 21 i
360 476 250 22 utskottsbetänkandet
625 477 36 21 vid
677 478 88 20 senaste
780 476 71 21 landt-

98 513 50 26 dag,
169 518 64 21 synes
250 512 153 22 erfarenheten
420 512 88 27 påkalla
523 514 68 25 några
606 512 179 22 modifikationer
800 512 7 21 i
824 511 28 21 då

99 548 122 27 uppgjorda
241 548 152 27 beräkningar.
424 548 76 27 Enligt
517 549 111 21 desamma
643 548 158 27 uppskattades
817 549 34 19 ut-

99 584 95 27 gifterna
210 583 34 22 för
258 584 84 21 banans
358 584 148 26 exploatering
522 584 34 21 till
573 584 81 26 23,200
669 584 62 21 mark
747 585 56 20 samt
819 583 32 21 in-

98 620 130 22 komsterna
243 619 35 21 till
289 620 95 26 följande
395 620 90 26 belopp:
497 620 87 21 direkta
594 620 122 21 inkomster
727 620 24 21 af
759 618 93 23 trafiken

99 657 13 20 &
127 656 72 21 banan
216 655 82 28 21,000
313 656 62 20 mark
391 657 57 20 samt
464 656 201 21 bruttoinkomsten
677 655 23 21 af
709 656 37 21 det
757 654 95 22 tillskott

99 691 7 21 i
123 690 71 28 trafik,
212 697 47 15 som
275 691 87 21 komme
378 693 33 19 att
427 691 94 21 tillföras
532 691 94 27 tidigare
637 691 137 22 existerande
784 691 69 21 banor

100 727 82 27 20,200
204 727 70 27 mark,
295 733 85 15 summa
399 727 83 27 41,200
503 728 69 25 mark,
594 727 85 21 hvadan
701 726 66 22 alltsä
782 725 71 22 skulle

100 762 98 22 erhällits
221 769 27 15 en
268 764 62 20 netto
351 762 125 28 behällning
497 763 24 21 af
538 762 81 28 18,000
635 763 67 27 mark,
718 764 135 26 represente-

99 798 68 21 rande
182 798 15 21 4
208 798 28 28 %,
253 799 13 20 å
282 798 37 22 det
333 798 91 27 kapital,
439 798 85 22 hvilket
537 798 134 22 statsverket
681 800 76 25 antogs
766 798 87 21 komma

100 835 33 19 att
148 834 28 25 pä
192 832 109 26 företaget
316 834 114 27 nedlägga,
446 840 50 15 men
512 834 78 21 endast
607 834 30 27 1,9
653 832 29 29 9/,
698 835 13 20 &
725 834 41 21 den
777 839 29 14 nu
817 832 36 22 be-

100 869 97 21 räknade
213 869 131 27 kostnaden,
360 869 67 21 sedan
443 869 96 22 derifrän
555 869 106 27 afdragits
673 869 180 21 Fredrikshamns

101 905 60 20 stads
177 904 78 27 bidrag
271 911 34 15 om
318 905 94 25 100,000
423 905 68 21 mark.
515 905 44 21 Det
569 904 162 22 trafiktillskott
741 904 24 21 af
774 903 80 27 20,200

100 940 69 27 mark,
186 946 46 15 som
241 940 137 22 beräknades
390 940 93 22 tillföras
495 941 26 21 de
533 941 59 20 förut
602 940 137 22 existerande
750 940 103 25 banorna,

100 976 57 21 hade
173 975 99 22 erhällits
288 977 70 20 under
373 977 41 20 den
430 976 165 26 förutsättning,
610 978 40 25 att,
667 982 34 15 om
716 976 71 21 denna
797 975 57 20 bana

101 1011 19 27 ej
137 1011 91 23 utföres,
245 1011 49 22 icke
310 1012 29 21 all
354 1011 65 22 trafik
435 1012 34 21 till
485 1012 40 21 och
542 1012 48 21 från
607 1011 167 22 Fredrikshamn
783 1010 71 21 skulle

100 1047 98 26 begagna
219 1047 33 26 sig
274 1047 24 21 af
314 1047 90 27 jernväg
424 1048 57 20 ända
497 1047 34 21 till
547 1047 117 28 Tavastila,
680 1049 53 19 utan
749 1048 33 19 att
798 1045 56 22 mili-

102 1084 173 25 tärtransporter
291 1083 40 21 och
347 1085 70 19 större
433 1083 64 22 delen
513 1083 24 21 af
551 1083 148 26 godstrafiken
711 1082 46 21 från
769 1082 40 21 och
821 1081 34 21 till

101 1119 59 20 öster
181 1118 72 21 skulle
269 1119 28 26 gå
313 1118 60 22 öfver
388 1118 59 22 Uttis
463 1119 54 21 eller
533 1119 121 21 Davidstad
670 1118 113 27 stationer,
799 1117 54 22 lika-

100 1159 46 16 som
169 1154 62 21 detta
253 1154 63 21 äfven
338 1154 69 21 blefve
427 1155 62 21 fallet
506 1155 50 21 med
571 1161 27 15 en
615 1155 35 21 del
666 1155 24 21 af
703 1160 151 22 passagerare-

100 1188 100 22 trafiken.
238 1189 44 22 Det
307 1190 62 21 torde
390 1190 121 22 emellertid
532 1191 75 21 kunna
627 1190 140 27 ifrågasättas
788 1190 67 21 huru-

101 1224 49 21 vida
166 1225 65 21 dessa
248 1225 183 27 förutsättningar
446 1227 88 20 komma
549 1228 34 20 att
598 1226 97 21 besanna
711 1226 33 27 sig
760 1226 40 21 och
816 1226 40 21 har

100 1260 38 21 det
159 1260 59 21 inom
239 1261 110 21 utskottet
369 1261 107 28 upplysts,
497 1264 34 19 att
551 1262 220 27 militärtransporter
787 1262 69 21 under

101 1296 42 21 den
159 1296 65 21 korta
240 1296 33 22 tid
289 1296 73 22 Kotka
376 1296 73 22 banan
465 1297 124 22 trafikerats
606 1298 111 21 allaredan
733 1299 48 26 gått
797 1297 59 21 öfver

100 1331 118 21 Tavastila.
253 1332 44 22 Det
316 1333 62 21 torde
397 1334 93 20 sålunda
508 1334 74 21 kunna
601 1333 86 22 befaras
708 1336 33 19 att
761 1334 42 22 den
819 1333 36 22 be-

101 1367 97 21 räknade
213 1367 157 28 behållningen
386 1368 7 22 i
408 1369 150 27 verkligheten
575 1370 56 21 skall
647 1370 86 22 komma
745 1372 33 19 att
788 1369 68 22 blifva

100 1402 75 27 betydl
184 1404 24 26 gt
223 1404 126 21 reducerad.

172 1443 177 24 Jernvägsutskottets
362 1445 107 19 betänkande
481 1446 36 18 N:o
529 1447 15 17 1.
821 1446 11 16 9
