1048 1659
231 88 15 21 4
440 88 224 24 Petitionsbetänkande
681 89 33 21 N:o
730 88 14 22 1.

233 146 163 22 Prestaständet
422 148 40 21 har
488 148 103 21 omfattat
617 155 27 15 en
668 148 116 27 sälydande
807 148 101 27 petition:
935 166 4 9 ,
940 150 41 26 att

232 183 121 21 Ständerna
369 183 51 22 ville
436 184 39 21 hos
491 184 61 21 Hans
568 184 123 27 Kejserliga
706 184 102 26 Majestät
819 184 7 20 i
838 184 143 26 underdånig-

232 219 37 21 het
291 219 86 21 anhålla
393 220 33 20 att
442 219 34 21 till
493 221 63 19 nästa
572 220 106 26 landtdag
694 221 68 20 måtte
778 220 121 26 föreläggas
915 220 66 26 nådig

232 254 135 27 proposition
386 261 34 15 om
437 255 113 26 byggande
566 254 24 21 af
604 262 26 14 en
645 256 90 25 jernväg
752 255 46 21 från
814 255 117 27 Jyväskylä
947 255 34 21 till

232 289 132 28 Suonenjoki
381 290 82 21 station
480 291 12 20 &
508 290 192 28 Savolaks-banan,
716 291 86 21 hvilken
812 291 91 26 jernväg
913 291 68 21 borde

232 325 76 22 beröra
319 325 86 22 Keitele
421 327 164 26 vattensystem,
602 325 184 28 Borgareständet
802 327 47 20 åter
859 326 40 21 har
909 326 71 22 beslu-

233 363 32 18 tat
281 362 32 20 att
324 361 170 28 ifrägavarande'
504 361 119 26 petitioner
634 362 18 26 ej
666 362 66 21 borde
743 361 110 22 föranleda
865 362 34 21 till
910 363 70 26 någon

231 397 82 26 ätgärd.

303 433 49 20 Med
369 433 103 21 afseende
488 433 53 21 härä
557 433 33 21 fär
606 433 108 21 utskottet
726 433 38 22 hos
774 431 88 24 Presta-
874 433 39 22 och
925 433 55 21 Bor-

232 468 146 27 gareständen
393 469 113 20 vördsamt
522 468 80 21 föreslä
618 470 32 19 ett
666 469 72 21 beslut
754 469 84 21 derom:

446 505 33 20 att
502 503 124 22 Ständerna
649 504 47 21 ville
714 504 38 21 hos
773 504 64 21 Hans
858 503 123 28 Kejserliga

378 539 104 28 Majestät
508 539 9 22 i
540 539 174 28 underdänighet
738 539 97 28 anhålla,
862 540 34 21 det
916 540 65 21 måtte

374 575 9 21 i
403 575 69 21 sinom
492 575 31 21 tid
539 575 128 22 Ständerna
678 575 127 28 föreläggas
823 575 67 28 nådig
902 582 77 20 propo-

375 611 66 21 sition
456 618 34 14 om
502 611 111 28 byggande
623 611 28 27 af
658 618 26 15 en
690 611 96 28 jernväg
795 610 55 27 från
860 610 121 28 Jyväskylä

375 647 35 21 till
426 647 87 28 lämplig
525 647 74 27 punki
610 647 31 27 pä
656 646 184 23 Savolaksbanan.

304 683 126 21 Utskottets
446 683 81 27 förslag
543 684 48 21 med
608 683 118 27 anledning
736 683 23 21 af
768 683 146 26 petitionerna
925 683 54 20 N:ris

234 719 87 21 10—13
345 725 34 15 om
403 719 112 27 byggande
539 719 23 21 af
583 719 68 21 banor
672 719 33 21 till
722 719 102 21 städerna
840 719 83 20 Raumo
941 718 39 21 och

232 754 83 27 Nystad
336 755 39 20 har
396 755 141 21 oförändradt
555 755 108 26 godkänts
680 755 22 21 af
717 753 171 27 Presteständet;
904 755 27 20 de
947 755 33 20 tre

233 789 69 27 öfriga
321 790 92 21 stånden
430 790 64 21 hafva
509 791 96 26 godkänt
622 788 121 23 detsamma
759 791 77 20 endast
852 789 71 22 sävidt
938 789 41 22 för-

233 825 70 27 slaget
315 826 64 21 rörde
385 826 91 26 jernväg
492 826 34 21 till
542 826 93 27 Nystad;
652 827 98 20 deremot
765 825 64 22 hafva
844 825 8 21 i
868 825 61 27 fråga
944 831 35 15 om

231 861 92 22 ledande
340 862 23 20 af
374 861 92 27 jernväg
481 861 33 21 till
531 862 83 21 Raumo

304 895 66 23 Ridd.
393 897 40 21 och
457 896 71 22 Adeln
552 897 102 21 omfattat
670 904 26 14 en
712 897 94 26 petition
828 897 82 21 derom:
928 898 51 26 ,,att,

231 933 73 20 derest
325 933 83 21 Raumo
430 933 49 21 stad
495 933 52 21 eller
563 933 96 21 enskildt
674 933 65 26 bolag
754 933 69 20 under
839 932 140 27 erforderliga

230 968 112 26 garantier
365 968 111 27 öfvertoge
499 968 122 27 byggandet
645 968 23 21 af
690 975 26 15 en
737 968 79 21 bibana
836 968 35 21 till
889 968 90 27 Raumo,

230 1003 34 21 för
287 1003 108 27 företaget
416 1005 74 24 måtte,
506 1005 27 25 på
552 1003 23 22 af
588 1004 136 27 Regeringen
740 1006 99 19 närmare
855 1003 124 22 fastställda

230 1038 76 27 vilkor,
322 1039 83 21 lemnas
422 1045 26 15 en
464 1039 129 22 subvention
609 1039 33 22 till
659 1039 77 27 belopp
753 1039 23 21 af
790 1039 64 27 högst
866 1038 26 30 ?/,
904 1039 24 22 af
937 1040 42 21 den

230 1074 34 21 för
279 1074 70 21 banan
366 1074 124 22 beräknade
506 1075 286 27 anläggningskostnaden";

301 1109 185 28 Borgareständet
506 1111 97 26 godkänt
623 1117 25 15 en
669 1110 94 27 petition
778 1110 24 21 af
816 1110 95 21 innehåll
928 1111 50 27 ,att,

229 1145 34 20 för
287 1145 40 21 den
352 1145 103 22 händelse
478 1146 83 21 Raumo
583 1146 47 21 stad
652 1146 54 21 eller
721 1147 67 26 något
804 1146 96 21 enskildt
915 1145 64 28 bolag

229 1180 112 27 öfvertoge
364 1181 126 22 utförandet
512 1181 24 21 af
557 1188 26 15 en
605 1182 91 27 jernväg
720 1182 47 21 från
788 1182 72 26 någon
880 1181 70 27 punkt
966 1183 13 20 å

228 1215 310 28 Björneborg—Tammerfors
554 1217 70 21 banan
641 1217 33 21 till
690 1217 84 21 Raumo
790 1217 50 21 stad
856 1217 39 21 och
906 1217 71 25 hamn,

229 1257 26 15 en
279 1251 34 22 för
336 1252 106 27 förtagets
462 1253 133 21 slutförande
612 1253 128 26 erforderlig
757 1253 127 21 subvention
901 1252 24 21 af
939 1253 38 20 all-

229 1293 78 15 menna
330 1288 71 21 medel
426 1288 34 21 till
479 1290 32 19 ett
527 1288 78 27 belopp
621 1289 24 21 af
659 1295 27 15 en
702 1288 75 27 miljon
794 1289 62 20 mark
872 1289 68 20 måtte
955 1289 24 20 af

227 1323 26 20 H.
265 1323 24 20 K.
296 1323 103 26 Majestät
410 1323 111 27 beviljas",
533 1324 118 26 hvarjemte
661 1324 187 26 Borgareständet
858 1325 119 25 uppmanat

227 1357 110 22 utskottet
348 1360 33 19 att
397 1358 111 22 inkomma
523 1360 49 20 med
589 1359 81 27 förslag
681 1365 34 15 om
733 1359 26 21 de
770 1359 70 21 vilkor
852 1365 45 15 som
910 1359 66 22 borde

227 1392 122 22 fastställas
365 1393 33 21 för
414 1394 169 22 subventionens
599 1395 137 27 åtnjutande;
752 1396 56 20 samt

298 1434 175 23 Jernvägsutskottets
485 1435 106 19 betänkande
602 1436 35 18 N:o
649 1436 16 18 1.
