1070 1678
228 155 15 20 4
399 155 261 24 Motionsbetänkande
675 156 46 23 N:o
737 156 23 23 4.

474 219 20 26 h)
515 220 120 25 förbrytelser
657 223 40 17 mot
711 221 119 25 legostadgan
845 223 52 17 samt
911 221 43 20 tvist

406 248 71 19 mellan
498 249 98 19 husbonde
617 249 34 20 och
665 249 113 26 tjenstehjon
792 250 9 19 i
814 249 103 26 anledning
932 250 27 25 af

407 277 173 28 legoförhällandet.

475 307 30 18 Ar
526 306 54 24 brott,
604 313 42 12 som
667 313 29 13 nu
709 308 71 23 nämts,
797 307 25 25 af
833 307 77 19 svårare
925 307 28 19 be-

407 334 102 25 skaffenhet
530 335 27 18 än
577 337 27 17 att
625 335 29 19 det
675 335 40 19 kan
733 335 43 19 med
790 335 51 19 böter
855 335 98 25 försonas,

406 362 56 20 varde
476 362 59 20 målet
548 363 94 25 förvisadt
657 363 30 19 till
700 363 62 20 sådan
773 364 99 25 afdelming
880 364 25 24 af
908 363 45 20 räd-

407 391 134 25 stufvurätten,
557 392 55 19 hvari
625 392 45 24 flere
684 392 77 19 domare
775 392 51 19 sitta.

654 455 14 18 3
683 455 20 24 $.

474 499 74 20 Finnes
569 500 84 19 särskild
673 500 98 25 afdelming
786 500 8 19 i
811 499 142 26 rädstufvurät-

407 530 30 17 ten
458 528 86 20 inrättad
560 529 33 24 för
606 529 76 19 mindre
696 529 47 24 mäl,
764 528 102 19 ankomme
881 528 33 19 ock
924 528 29 25 pä

405 556 37 20 den
463 559 28 17 att
510 559 86 23 upptaga
617 557 34 20 och
671 557 70 26 afgöra
754 557 42 19 mål
810 557 96 25 angående
921 556 32 19 sä-

405 585 52 20 dana
478 585 173 26 lagöfverirädelser
672 586 34 19 och
722 585 106 26 förseelser,
844 591 32 14 om
890 585 63 19 hvilka

402 614 151 25 poliskammare
568 614 42 20 eller
624 615 102 24 magistrat
740 614 44 25 eljes
798 620 42 19 eger
854 614 63 19 döma.

269 676 124 26 Helsingfors
409 676 38 20 den
462 677 12 19 3
490 677 85 19 februari
592 677 59 19 1891.

626 739 88 19 Julian
730 738 154 20 Serlachius.

268 857 119 22 Motionen
403 857 107 29 ätföljdes
525 856 83 22 därhos
624 856 27 22 af
663 856 39 22 det
717 857 8 21 i
741 856 133 22 densamma
888 860 65 18 näm-

199 890 30 23 da
252 891 163 25 betänkandet,
436 890 98 30 afgifvet
557 890 26 22 af
602 892 35 20 ett
651 890 54 22 utaf
717 891 147 29 Helsingfors
879 891 73 22 stads-

198 925 149 29 fullmäktige
367 925 86 22 tillsatt
474 925 91 22 utskott
586 924 52 22 med
658 925 126 29 anledning
800 925 26 21 af
838 925 114 22 samfälda

198 959 212 22 rädstufvurättens
432 960 9 21 i
456 959 72 29 sagda
543 959 52 22 stad
610 959 121 22 skrifvelse
746 959 120 29 angäende
881 960 69 22 inrät-

198 994 81 22 tandet
295 994 26 22 af
334 1002 29 14 en
378 994 74 29 fjerde
467 994 120 28 afdelning
602 993 39 22 vid
656 994 205 21 rädstufvurätten.

266 1141 43 23 Uti
330 1142 178 29 Lagutskottets
529 1142 40 21 vid
593 1142 157 23 innevarande
774 1141 114 30 landtdag
914 1142 37 22 till

198 1175 131 23 Ständerna
351 1176 87 22 aflätna
460 1176 148 22 betänkande
629 1177 9 21 i
657 1177 127 28 anledning
800 1176 26 22 af
838 1179 35 19 ett
886 1177 63 22 inom

196 1209 199 30 Borgareständet
415 1211 70 21 väckt
504 1211 199 29 petitionsförslag
723 1211 119 28 angäende
864 1211 86 28 lagför-

198 1243 133 30 ändringar,
347 1244 96 23 afsedda
457 1247 35 19 att
501 1245 107 22 befordra
616 1245 166 29 skyndsamhet
790 1245 43 22 och
842 1245 108 21 enkelhet

175 1305 4 3 —
196 1277 9 22 1
219 1279 287 28 rättegängsförfarandet,
522 1279 42 22 har
578 1279 122 23 Utskottet
714 1279 62 22 varit
790 1280 9 21 i
814 1279 93 22 tillfälle
915 1281 35 20 att

195 1311 125 24 framhälla
335 1313 186 22 önskvärdheten
536 1313 27 22 af
575 1321 28 14 en
618 1313 174 30 genomgäende
809 1313 101 22 revision
925 1313 27 22 af

195 1346 54 22 värt
263 1347 195 28 processväsende
472 1347 44 22 och
530 1347 42 22 har
586 1347 81 22 därvid
684 1349 76 21 säsom
775 1355 30 14 en
820 1347 76 29 vigtig
912 1347 37 22 del

195 1379 27 22 af
234 1380 40 22 det
289 1380 143 23 vidsträckta
441 1380 260 30 lagstiftningsomräde,
709 1389 54 16 som
773 1381 176 23 reformarbetet

194 1414 94 22 komme
311 1417 35 20 att
367 1416 103 27 omfatta,
492 1416 78 22 anfört
591 1416 187 29 organisationen
801 1416 27 22 af
848 1415 100 23 domsto-

194 1448 72 22 larna.

262 1489 131 23 Lagutskottets
405 1490 109 18 betänkande
526 1490 37 18 N:o
575 1490 29 18 12.
