1067 1673
295 143 261 23 Motionsbetänkande
572 143 45 22 N:o
632 143 39 22 10.
808 145 25 20 15

104 206 104 22 uttalade
224 206 50 21 åter
288 206 76 21 såsom
379 205 41 21 sitt
435 205 183 29 önskningsmål,
630 207 35 19 att
676 204 186 23 edsformulärets

105 240 89 21 slutord
214 240 72 20 måtte
308 239 128 29 borttagas.
466 240 52 20 Den
540 239 110 29 religiösa
674 239 68 21 delen
758 240 26 21 af
796 239 65 26 eden,

105 274 188 21 edsformulärets
316 274 150 28 begynnelse-
488 273 43 22 och
554 273 96 25 slutord,
674 274 93 27 gvarstä
788 273 74 22 likväl

106 311 62 18 ännu
183 308 8 21 i
207 308 45 28 dag
267 308 42 21 här
324 307 160 28 oförändrade,
506 308 73 21 ehuru
594 307 139 29 kyrkomöte
748 308 42 21 osh
804 308 58 20 riks-

106 342 45 28 dag
166 342 26 21 sä
207 342 49 22 ofta
272 342 99 21 anhällit
386 349 36 15 om
438 350 29 13 en
483 342 101 28 ändring
598 342 73 26 häraf,
688 342 43 21 och
746 342 72 22 ehuru
834 348 29 14 en

106 376 72 21 sädan
201 376 99 28 ändring
321 384 55 14 vore
397 377 93 27 mycket
504 376 46 21 lätt
564 378 34 19 att
612 376 131 26 verkställa,
759 383 35 15 om
809 383 54 15 man

106 410 60 22 blott
181 411 119 28 äterginge
315 411 37 21 till
368 418 29 14 en
411 410 191 29 ursprungligare
617 410 67 21 form.

174 445 35 21 Af
229 445 39 21 det
290 445 70 21 ofvan
376 445 72 28 sagda
459 445 109 28 framgär,
585 447 35 18 att
634 445 85 28 mänga
734 444 129 21 förändrin-

106 486 42 21 gar
164 479 78 21 blifvit
256 479 8 21 i
280 479 95 28 Sverige
390 479 114 28 vidtagna
515 479 9 21 i
537 479 131 28 edsfrägan,
680 479 42 21 och
734 478 26 21 af
768 478 96 29 tjenste-

107 513 151 22 manna-eder
274 514 92 27 gvarstä
382 513 40 22 der
431 521 97 14 numera
536 513 82 22 endast
627 513 103 21 domare-
740 513 42 21 och
792 515 71 25 prest-

108 547 64 22 eden.
202 548 12 21 I
228 547 102 22 Finland
344 547 43 22 har
401 547 61 22 blott
478 547 44 22 den
542 547 138 28 förändring
694 547 118 28 vidtagits,
829 549 35 18 att

108 589 83 21 genom
198 581 132 30 Kejserliga
338 581 166 29 förordningen
514 581 26 22 af
545 581 46 22 den
600 583 26 20 29
645 577 112 38 December
769 582 48 21 1877
828 581 36 20 sä-

107 616 39 21 väl
152 616 70 21 civila
230 616 144 29 tjenstemän,
383 615 80 22 hvilka
471 616 8 21 i
488 615 66 29 dylik
562 616 118 28 egenskap
689 615 70 29 aflagt
770 615 93 28 tjenste-

108 652 60 19 samt
182 653 48 18 tro-
245 650 43 21 och
303 649 146 27 huldhetsed,
466 657 38 14 om
520 650 28 21 de
564 649 101 22 derefter
680 649 37 22 till
740 657 76 14 annan
832 649 32 20 ci-

107 684 33 21 vil
155 684 133 28 befattning
304 684 102 28 öfvergä,
422 691 48 14 som
487 684 43 21 ock
545 687 69 25 prest,
638 683 95 22 hvilken
748 683 40 22 vid
803 683 60 22 ordi-

106 718 82 21 nation
211 718 95 29 tjenste-
322 723 60 16 samt
396 721 48 18 tro-
459 718 43 21 och
520 718 140 21 huldhetsed
676 719 80 24 svurit,
772 717 29 22 dä
816 717 47 21 han

108 751 128 22 sedermera
258 752 8 21 i
288 752 62 29 ledig
368 752 135 29 presttjenst
518 752 104 26 insättes,
638 752 51 21 icke
703 751 79 22 vidare
798 751 66 21 skola

108 785 99 30 förnyad
222 786 29 21 ed
266 786 98 29 aflägga.
394 787 54 21 Men
464 786 95 21 härmed
575 789 25 18 är
616 790 62 17 ännu
693 786 51 21 icke
758 785 105 29 pälängt

107 824 43 18 när
164 820 40 22 det
218 821 116 21 missbruk
349 820 26 22 af
388 821 58 21 eden
457 820 137 29 aflägsnadt,
604 827 50 15 som
671 819 132 23 framkallas
814 819 50 21 der-

108 854 29 26 af,
160 857 36 19 att
220 855 58 21 eden
301 858 63 18 ännu
385 855 8 21 i
416 855 25 21 sä
463 856 85 27 mänga
569 854 42 22 fall
627 854 121 25 användes,
764 854 40 21 der
818 854 46 20 den

107 889 78 21 kunde
207 889 43 21 och
272 889 71 22 borde
365 889 80 21 utebli.
475 889 38 21 En
534 889 95 28 mycket
644 891 48 19 stor
706 888 158 29 begränsning

109 923 25 22 af
148 924 71 21 edens
235 924 153 21 användande
403 930 55 15 vore
474 923 42 22 hos
532 930 36 14 oss
584 923 8 21 i
607 922 47 29 hög
670 922 56 29 grad
742 922 26 22 af
780 921 83 23 nöden.

108 958 86 21 Likasä
216 958 71 22 borde
310 958 183 21 edsformulären
514 957 106 28 undergä
643 964 26 14 en
693 956 100 22 revision
811 956 53 21 med

108 992 91 29 hänsyn
222 992 38 22 till
279 992 41 22 sitt
340 992 109 22 innehäll.
481 991 116 22 Särskildt
620 995 26 17 är
667 990 145 22 vittneseden
828 990 36 22 för

107 1026 63 29 läng.
200 1027 55 21 Men
270 1026 39 22 det
325 1026 99 28 oriktiga
439 1026 9 21 i
464 1026 194 21 edsformulärens
673 1025 108 28 religiösa
792 1024 37 22 del
840 1028 25 17 är

108 1060 60 22 dock
190 1060 26 22 af
235 1060 55 22 vida
312 1063 72 19 större
407 1060 127 29 betydelse,
558 1064 30 17 än
610 1060 46 20 alla
677 1059 75 29 öfriga
773 1059 91 26 brister,

108 1095 96 22 emedan
220 1095 64 21 detta
298 1094 133 22 framkallar
446 1102 29 14 en
494 1094 234 28 samvetskränkning
743 1093 26 21 af
788 1093 76 21 svära-

108 1132 34 18 ste
173 1132 42 19 art.
250 1129 52 21 Den
323 1129 74 21 finske
419 1128 168 28 medborgaren
609 1128 36 21 får
667 1131 35 18 tro
726 1128 42 21 och
792 1126 72 22 tänka

107 1162 62 22 hvad
184 1162 47 22 han
246 1163 48 26 vill,
310 1170 52 14 men
377 1170 29 14 en
421 1162 58 22 hvar
495 1166 25 18 är
534 1165 105 25 tvungen
655 1164 34 19 att
702 1161 91 29 aflägga
802 1161 63 21 vissa

108 1199 60 19 arter
184 1197 26 21 af
224 1197 34 25 ed,
274 1197 69 21 äfven
359 1204 37 14 om
411 1196 59 22 hans
481 1199 103 19 samvete
597 1199 65 25 tager
673 1198 77 19 anstöt
761 1195 26 21 af
794 1194 70 22 edens

108 1230 65 22 form.
204 1231 72 21 Detta
291 1231 173 27 samvetstvång
479 1234 25 18 är
519 1230 95 28 mycket
634 1230 98 26 svårare,
748 1233 30 17 än
793 1229 73 27 något

108 1268 72 18 annat
195 1265 63 21 inom
274 1264 158 22 fosterlandet.
463 1264 48 29 Jag
525 1264 43 21 har
586 1264 83 21 önskat
684 1271 84 21 genom
784 1263 82 21 motio-

108 1306 44 15 nen
174 1299 26 21 få
224 1299 44 21 den
290 1299 109 28 religiösa
414 1298 68 22 delen
498 1298 26 21 af
536 1298 178 22 edsformuläret
730 1298 24 21 så
770 1296 95 26 ändrad,

108 1336 35 19 att
158 1332 320 29 samvetsbetänkligheterna
494 1332 74 21 skulle
583 1332 89 21 häfvas.

176 1367 52 21 Den
244 1374 48 14 som
308 1374 31 14 nu
354 1367 42 28 går
412 1366 64 27 eden,
493 1366 73 22 måste
582 1374 24 14 se
620 1367 31 27 på
666 1366 69 21 edens
748 1365 118 29 egentliga

108 1401 114 27 ändamål,
246 1401 43 21 och
310 1400 53 22 med
386 1400 64 22 detta
467 1400 37 22 för
520 1403 91 25 ögonen
626 1400 47 21 kan
688 1400 38 21 väl
739 1399 69 22 äfven
821 1398 45 22 den

108 1437 190 26 samvetsgranne
322 1434 91 28 aflägga
436 1434 34 25 ed,
494 1441 54 14 men
566 1434 46 21 han
628 1434 79 25 måste,
723 1433 36 22 för
774 1434 26 20 så
814 1432 52 22 vidt

176 1474 132 23 Lagutskottets
320 1474 110 18 betänkande
438 1474 38 17 N:o
489 1474 33 17 20.
