1067 1675
240 135 26 19 40

414 133 255 23 Motionsbetänkande
685 134 41 22 N:o
741 133 21 22 6.

350 201 33 20 två
398 201 26 20 år
439 202 7 19 i
461 202 73 20 sender
549 202 36 20 och
597 201 38 26 får
650 202 80 25 utöfvas
745 202 73 19 endast
832 202 8 18 i
855 203 63 23 öppen
930 202 37 20 bod

351 236 32 20 vid
397 238 56 23 gata,
471 238 44 23 torg
531 236 46 20 eller
593 237 80 19 allmän
688 238 46 23 väg,
751 236 46 20 med
807 235 79 25 utgång
897 236 71 21 dertill.

422 271 53 19 Utan
498 272 147 24 magistratens
668 270 91 21 tillstånd
781 270 37 20 må
832 271 42 19 icke
887 271 82 25 försälj-

350 306 118 24 ningsställe
480 306 71 25 flyttas
566 306 47 20 eller
628 312 73 14 annan
714 306 144 24 föreståndare
872 307 95 23 antagas.

561 403 13 24 $
591 404 32 20 12.

416 457 23 29 Å
455 464 106 22 värdshus
575 465 30 27 på
620 464 81 27 landet,
717 471 43 15 som
777 464 34 22 för
825 464 144 22 tillfredsstäl-

349 498 63 22 lande
435 498 24 22 af
480 499 103 21 trafikens
602 499 66 21 behof
681 499 69 21 finnas
765 499 117 26 inrättade,
899 501 25 19 är
938 501 31 19 ut-

349 534 123 27 skänkning
483 534 24 21 af
519 534 146 27 maltdrycker
675 534 65 22 äfven
752 533 124 28 medgifven
887 534 81 26 (utesl).

347 568 44 22 För
406 568 66 27 öfrigt
487 575 52 15 vare
554 569 148 27 utskänkning
716 568 25 22 af
754 569 20 21 öl
790 569 52 21 eller
857 571 73 24 porter
940 569 27 26 på

348 603 75 21 landet
438 603 48 21 icke
497 603 92 22 tillåten.

561 703 13 23 $
591 703 32 20 14.

417 764 10 21 I
443 764 116 21 allmänhet
574 765 35 20 mä
624 764 129 28 försäljning
773 764 78 27 (utesl.)
867 763 25 22 af
904 763 20 22 öl
940 764 27 21 el-

349 799 32 21 ler
395 800 74 25 porter
491 798 33 21 till
547 798 137 29 afhemtning
705 800 57 20 samt
782 798 149 27 utskänkning
946 798 25 21 af

348 832 63 22 dessa
431 832 92 27 drycker
545 832 78 28 (utesl.)
639 832 100 28 försiggå
755 832 78 22 endast
846 832 50 22 från
910 832 58 22 kloc-

348 867 44 21 kan
407 873 38 15 sex
465 873 33 15 om
521 873 116 21 morgonen
657 866 34 22 till
706 866 93 22 klockan
815 866 35 22 nio
866 873 32 15 om
915 866 54 22 afto-

348 907 48 20 nen,
413 907 47 15 men
475 900 48 22 icke
539 900 49 22 från
599 901 111 27 sistsagde
721 900 113 28 klockslag
844 900 71 28 dagen
922 900 46 22 före

348 938 47 19 sön-
410 936 52 21 eller
484 936 107 27 helgedag
608 935 34 21 till
656 936 94 21 klockan
765 942 39 15 sex
818 935 150 27 förmiddagen

347 970 69 22 första
431 970 67 27 derpå
512 970 97 27 följande
623 970 130 27 söcknedag.
784 970 40 21 Om
840 969 38 27 tid,
892 970 28 21 då
935 972 33 19 ut-

348 1004 124 28 skänkning
497 1005 34 21 må
556 1010 42 22 ega
620 1010 47 16 rum
690 1005 13 21 å
721 1004 99 26 hoteller,
835 1004 133 22 konditorier

348 1039 39 21 och
409 1039 69 21 andra
499 1038 168 28 näringsställen
690 1039 7 21 i
719 1038 51 22 stad
788 1039 39 21 och
842 1039 29 27 på
888 1038 79 28 landet,

349 1073 38 22 der
409 1073 186 22 värdshusrörelse
617 1073 70 27 idkas,
710 1073 59 27 gälle
784 1073 58 21 hvad
858 1073 71 21 derom
944 1076 24 18 är

347 1108 52 22 eller
421 1108 114 22 framdeles
557 1108 43 21 kan
623 1108 68 22 varda
707 1107 134 22 förordnadt.
872 1101 23 28 Å
910 1109 58 26 gäst-

348 1142 79 27 gifveri
442 1143 8 21 i
465 1143 48 21 stad
531 1143 34 21 må
581 1142 149 27 utskänkning
745 1141 26 22 af
783 1142 147 27 maltärycker
944 1142 24 21 åt

348 1177 91 22 resande
455 1183 42 21 ega
511 1183 46 15 rum
573 1177 43 21 alla
631 1177 57 22 tider
703 1176 25 22 af
742 1176 87 28 dygnet.

559 1277 13 22 8
589 1277 32 19 18.

416 1337 54 27 Den,
485 1343 44 16 som
548 1337 76 27 (utesl.)
640 1337 37 22 vid
693 1337 78 22 handel
786 1337 67 27 säljer
868 1336 52 21 eller
935 1338 32 19 ut-

346 1371 82 22 lemnar
450 1371 82 22 mindre
553 1373 29 20 än
605 1371 35 22 det
662 1371 33 22 till
719 1371 130 28 försäljning
870 1371 7 21 i
892 1371 76 27 hvarje

347 1405 41 28 fall
403 1406 111 28 medgifna
535 1405 79 22 minsta
636 1405 84 28 belopp,
738 1406 54 21 eller
807 1407 45 20 mot
866 1405 102 28 stadgan-

277 1451 190 19 Ekonomiutskottets
480 1452 117 18 betänkande
609 1452 36 17 N:o
657 1452 16 17 5.
