<?xml version="1.0" encoding="UTF-8"?>
<alto xmlns="http://www.loc.gov/standards/alto/ns-v3#" xmlns:xlink="http://www.w3.org/1999/xlink" xmlns:xsi="http://www.w3.org/2001/XMLSchema-instance" xsi:schemaLocation="http://www.loc.gov/standards/alto/ns-v3# http://www.loc.gov/alto/v3/alto-3-0.xsd">
	<Description>
		<MeasurementUnit>pixel</MeasurementUnit>
		<sourceImageInformation>
			<fileName>/tmp/tess_pjd22euc_input.PNG</fileName>
		</sourceImageInformation>
		<OCRProcessing ID="OCR_0">
			<ocrProcessingStep>
				<processingSoftware>
					<softwareName>tesseract 5.3.4</softwareName>
				</processingSoftware>
			</ocrProcessingStep>
		</OCRProcessing>
	</Description>
	<Layout>
		<Page WIDTH="1064" HEIGHT="1661" PHYSICAL_IMG_NR="0" ID="page_0">
			<PrintSpace HPOS="0" VPOS="0" WIDTH="1064" HEIGHT="1661">
				<ComposedBlock ID="cblock_0" HPOS="267" VPOS="141" WIDTH="29" HEIGHT="22">
					<TextBlock ID="block_0" HPOS="267" VPOS="141" WIDTH="29" HEIGHT="22">
						<TextLine ID="line_0" HPOS="267" VPOS="141" WIDTH="29" HEIGHT="22">
							<String ID="string_0" HPOS="267" VPOS="141" WIDTH="29" HEIGHT="22" WC="0.71" CONTENT="IV"/>
						</TextLine>
					</TextBlock>
				</ComposedBlock>
				<ComposedBlock ID="cblock_1" HPOS="236" VPOS="210" WIDTH="757" HEIGHT="407">
					<TextBlock ID="block_1" HPOS="237" VPOS="210" WIDTH="756" HEIGHT="235">
						<TextLine ID="line_1" HPOS="237" VPOS="210" WIDTH="756" HEIGHT="28">
							<String ID="string_1" HPOS="237" VPOS="210" WIDTH="65" HEIGHT="27" WC="0.92" CONTENT="jemte"/><SP WIDTH="16" VPOS="210" HPOS="302"/>
							<String ID="string_2" HPOS="318" VPOS="211" WIDTH="36" HEIGHT="20" WC="0.93" CONTENT="det"/><SP WIDTH="14" VPOS="211" HPOS="354"/>
							<String ID="string_3" HPOS="368" VPOS="213" WIDTH="75" HEIGHT="19" WC="0.93" CONTENT="nästan"/><SP WIDTH="17" VPOS="213" HPOS="443"/>
							<String ID="string_4" HPOS="460" VPOS="211" WIDTH="42" HEIGHT="21" WC="0.93" CONTENT="alla"/><SP WIDTH="15" VPOS="211" HPOS="502"/>
							<String ID="string_5" HPOS="517" VPOS="211" WIDTH="173" HEIGHT="27" WC="0.92" CONTENT="införselförbud,"/><SP WIDTH="24" VPOS="211" HPOS="690"/>
							<String ID="string_6" HPOS="714" VPOS="211" WIDTH="49" HEIGHT="21" WC="0.93" CONTENT="med"/><SP WIDTH="23" VPOS="211" HPOS="763"/>
							<String ID="string_7" HPOS="786" VPOS="211" WIDTH="109" HEIGHT="27" WC="0.93" CONTENT="undantag"/><SP WIDTH="22" VPOS="211" HPOS="895"/>
							<String ID="string_8" HPOS="917" VPOS="211" WIDTH="24" HEIGHT="20" WC="0.93" CONTENT="af"/><SP WIDTH="18" VPOS="211" HPOS="941"/>
							<String ID="string_9" HPOS="959" VPOS="211" WIDTH="34" HEIGHT="20" WC="0.92" CONTENT="sä-"/>
						</TextLine>
						<TextLine ID="line_2" HPOS="240" VPOS="245" WIDTH="753" HEIGHT="28">
							<String ID="string_10" HPOS="240" VPOS="245" WIDTH="54" HEIGHT="20" WC="0.91" CONTENT="dana"/><SP WIDTH="16" VPOS="245" HPOS="294"/>
							<String ID="string_11" HPOS="310" VPOS="251" WIDTH="44" HEIGHT="15" WC="0.96" CONTENT="som"/><SP WIDTH="15" VPOS="251" HPOS="354"/>
							<String ID="string_12" HPOS="369" VPOS="251" WIDTH="25" HEIGHT="15" WC="0.93" CONTENT="ur"/><SP WIDTH="14" VPOS="251" HPOS="394"/>
							<String ID="string_13" HPOS="408" VPOS="245" WIDTH="62" HEIGHT="27" WC="0.92" CONTENT="politi"/><SP WIDTH="16" VPOS="245" HPOS="470"/>
							<String ID="string_14" HPOS="486" VPOS="246" WIDTH="107" HEIGHT="27" WC="0.93" CONTENT="synpunkt"/><SP WIDTH="15" VPOS="246" HPOS="593"/>
							<String ID="string_15" HPOS="608" VPOS="246" WIDTH="91" HEIGHT="27" WC="0.92" CONTENT="ansägos"/><SP WIDTH="16" VPOS="246" HPOS="699"/>
							<String ID="string_16" HPOS="715" VPOS="245" WIDTH="142" HEIGHT="28" WC="0.93" CONTENT="nödvändiga,"/><SP WIDTH="17" VPOS="245" HPOS="857"/>
							<String ID="string_17" HPOS="874" VPOS="245" WIDTH="69" HEIGHT="22" WC="0.91" CONTENT="säsom"/><SP WIDTH="16" VPOS="245" HPOS="943"/>
							<String ID="string_18" HPOS="959" VPOS="245" WIDTH="34" HEIGHT="20" WC="0.96" CONTENT="för"/>
						</TextLine>
						<TextLine ID="line_3" HPOS="237" VPOS="278" WIDTH="756" HEIGHT="29">
							<String ID="string_19" HPOS="237" VPOS="278" WIDTH="229" HEIGHT="28" WC="0.90" CONTENT="krigsförnödenheter,"/><SP WIDTH="16" VPOS="278" HPOS="466"/>
							<String ID="string_20" HPOS="482" VPOS="280" WIDTH="56" HEIGHT="25" WC="0.91" CONTENT="krut,"/><SP WIDTH="16" VPOS="280" HPOS="538"/>
							<String ID="string_21" HPOS="554" VPOS="280" WIDTH="49" HEIGHT="20" WC="0.93" CONTENT="med"/><SP WIDTH="16" VPOS="280" HPOS="603"/>
							<String ID="string_22" HPOS="619" VPOS="280" WIDTH="68" HEIGHT="27" WC="0.92" CONTENT="fjäder"/><SP WIDTH="11" VPOS="280" HPOS="687"/>
							<String ID="string_23" HPOS="698" VPOS="280" WIDTH="51" HEIGHT="20" WC="0.96" CONTENT="eller"/><SP WIDTH="12" VPOS="280" HPOS="749"/>
							<String ID="string_24" HPOS="761" VPOS="279" WIDTH="42" HEIGHT="21" WC="0.93" CONTENT="dun"/><SP WIDTH="11" VPOS="279" HPOS="803"/>
							<String ID="string_25" HPOS="814" VPOS="280" WIDTH="103" HEIGHT="26" WC="0.92" CONTENT="stoppade"/><SP WIDTH="13" VPOS="280" HPOS="917"/>
							<String ID="string_26" HPOS="930" VPOS="280" WIDTH="63" HEIGHT="26" WC="0.92" CONTENT="säng-"/>
						</TextLine>
						<TextLine ID="line_4" HPOS="238" VPOS="313" WIDTH="752" HEIGHT="28">
							<String ID="string_27" HPOS="238" VPOS="313" WIDTH="75" HEIGHT="21" WC="0.93" CONTENT="kläder"/><SP WIDTH="14" VPOS="313" HPOS="313"/>
							<String ID="string_28" HPOS="327" VPOS="320" WIDTH="27" HEIGHT="14" WC="0.93" CONTENT="m."/><SP WIDTH="16" VPOS="320" HPOS="354"/>
							<String ID="string_29" HPOS="370" VPOS="320" WIDTH="35" HEIGHT="19" WC="0.92" CONTENT="m.,"/><SP WIDTH="15" VPOS="320" HPOS="405"/>
							<String ID="string_30" HPOS="420" VPOS="314" WIDTH="71" HEIGHT="22" WC="0.92" CONTENT="blefvo"/><SP WIDTH="16" VPOS="314" HPOS="491"/>
							<String ID="string_31" HPOS="507" VPOS="314" WIDTH="114" HEIGHT="27" WC="0.90" CONTENT="upphäfda."/><SP WIDTH="29" VPOS="314" HPOS="621"/>
							<String ID="string_32" HPOS="650" VPOS="313" WIDTH="175" HEIGHT="23" WC="0.92" CONTENT="Utförselförbud"/><SP WIDTH="14" VPOS="313" HPOS="825"/>
							<String ID="string_33" HPOS="839" VPOS="314" WIDTH="86" HEIGHT="27" WC="0.97" CONTENT="stadgar"/><SP WIDTH="12" VPOS="314" HPOS="925"/>
							<String ID="string_34" HPOS="937" VPOS="314" WIDTH="53" HEIGHT="20" WC="0.96" CONTENT="1859"/>
						</TextLine>
						<TextLine ID="line_5" HPOS="238" VPOS="347" WIDTH="754" HEIGHT="28">
							<String ID="string_35" HPOS="238" VPOS="347" WIDTH="35" HEIGHT="21" WC="0.93" CONTENT="års"/><SP WIDTH="22" VPOS="347" HPOS="273"/>
							<String ID="string_36" HPOS="295" VPOS="348" WIDTH="59" HEIGHT="21" WC="0.84" CONTENT="tariff"/><SP WIDTH="20" VPOS="348" HPOS="354"/>
							<String ID="string_37" HPOS="374" VPOS="348" WIDTH="33" HEIGHT="21" WC="0.96" CONTENT="för"/><SP WIDTH="21" VPOS="348" HPOS="407"/>
							<String ID="string_38" HPOS="428" VPOS="349" WIDTH="12" HEIGHT="21" WC="0.90" CONTENT="8"/><SP WIDTH="24" VPOS="349" HPOS="440"/>
							<String ID="string_39" HPOS="464" VPOS="348" WIDTH="95" HEIGHT="27" WC="0.94" CONTENT="artiklar,"/><SP WIDTH="18" VPOS="348" HPOS="559"/>
							<String ID="string_40" HPOS="577" VPOS="348" WIDTH="43" HEIGHT="22" WC="0.97" CONTENT="alla"/><SP WIDTH="14" VPOS="348" HPOS="620"/>
							<String ID="string_41" HPOS="634" VPOS="350" WIDTH="51" HEIGHT="20" WC="0.93" CONTENT="utan"/><SP WIDTH="16" VPOS="350" HPOS="685"/>
							<String ID="string_42" HPOS="701" VPOS="348" WIDTH="118" HEIGHT="21" WC="0.96" CONTENT="nämnvärd"/><SP WIDTH="15" VPOS="348" HPOS="819"/>
							<String ID="string_43" HPOS="834" VPOS="348" WIDTH="109" HEIGHT="27" WC="0.96" CONTENT="betydelse"/><SP WIDTH="15" VPOS="348" HPOS="943"/>
							<String ID="string_44" HPOS="958" VPOS="347" WIDTH="34" HEIGHT="21" WC="0.96" CONTENT="för"/>
						</TextLine>
						<TextLine ID="line_6" HPOS="238" VPOS="382" WIDTH="753" HEIGHT="28">
							<String ID="string_45" HPOS="238" VPOS="382" WIDTH="101" HEIGHT="21" WC="0.96" CONTENT="Finlands"/><SP WIDTH="15" VPOS="382" HPOS="339"/>
							<String ID="string_46" HPOS="354" VPOS="382" WIDTH="82" HEIGHT="22" WC="0.92" CONTENT="handel."/><SP WIDTH="26" VPOS="382" HPOS="436"/>
							<String ID="string_47" HPOS="462" VPOS="383" WIDTH="174" HEIGHT="27" WC="0.92" CONTENT="Exporttullarne"/><SP WIDTH="15" VPOS="383" HPOS="636"/>
							<String ID="string_48" HPOS="651" VPOS="383" WIDTH="71" HEIGHT="21" WC="0.92" CONTENT="blefvo"/><SP WIDTH="11" VPOS="383" HPOS="722"/>
							<String ID="string_49" HPOS="733" VPOS="383" WIDTH="128" HEIGHT="21" WC="0.93" CONTENT="inskränkta"/><SP WIDTH="10" VPOS="383" HPOS="861"/>
							<String ID="string_50" HPOS="871" VPOS="382" WIDTH="34" HEIGHT="22" WC="0.93" CONTENT="till"/><SP WIDTH="12" VPOS="382" HPOS="905"/>
							<String ID="string_51" HPOS="917" VPOS="383" WIDTH="74" HEIGHT="27" WC="0.93" CONTENT="skogs-"/>
						</TextLine>
						<TextLine ID="line_7" HPOS="237" VPOS="417" WIDTH="480" HEIGHT="28">
							<String ID="string_52" HPOS="237" VPOS="417" WIDTH="115" HEIGHT="27" WC="0.96" CONTENT="produkter"/><SP WIDTH="16" VPOS="417" HPOS="352"/>
							<String ID="string_53" HPOS="368" VPOS="417" WIDTH="38" HEIGHT="22" WC="0.93" CONTENT="och"/><SP WIDTH="15" VPOS="417" HPOS="406"/>
							<String ID="string_54" HPOS="421" VPOS="417" WIDTH="67" HEIGHT="28" WC="0.92" CONTENT="nägra"/><SP WIDTH="15" VPOS="417" HPOS="488"/>
							<String ID="string_55" HPOS="503" VPOS="417" WIDTH="22" HEIGHT="22" WC="0.93" CONTENT="fä"/><SP WIDTH="15" VPOS="417" HPOS="525"/>
							<String ID="string_56" HPOS="540" VPOS="418" WIDTH="66" HEIGHT="21" WC="0.93" CONTENT="andra"/><SP WIDTH="15" VPOS="418" HPOS="606"/>
							<String ID="string_57" HPOS="621" VPOS="418" WIDTH="96" HEIGHT="21" WC="0.93" CONTENT="artiklar."/>
						</TextLine>
					</TextBlock>
					<TextBlock ID="block_2" HPOS="236" VPOS="451" WIDTH="756" HEIGHT="166">
						<TextLine ID="line_8" HPOS="305" VPOS="451" WIDTH="684" HEIGHT="28">
							<String ID="string_58" HPOS="305" VPOS="451" WIDTH="37" HEIGHT="22" WC="0.95" CONTENT="Tio"/><SP WIDTH="16" VPOS="451" HPOS="342"/>
							<String ID="string_59" HPOS="358" VPOS="451" WIDTH="24" HEIGHT="21" WC="0.96" CONTENT="är"/><SP WIDTH="15" VPOS="451" HPOS="382"/>
							<String ID="string_60" HPOS="397" VPOS="458" WIDTH="73" HEIGHT="15" WC="0.96" CONTENT="senare"/><SP WIDTH="16" VPOS="458" HPOS="470"/>
							<String ID="string_61" HPOS="486" VPOS="452" WIDTH="51" HEIGHT="21" WC="0.96" CONTENT="eller"/><SP WIDTH="16" VPOS="452" HPOS="537"/>
							<String ID="string_62" HPOS="553" VPOS="453" WIDTH="40" HEIGHT="20" WC="0.96" CONTENT="den"/><SP WIDTH="16" VPOS="453" HPOS="593"/>
							<String ID="string_63" HPOS="609" VPOS="454" WIDTH="26" HEIGHT="19" WC="0.96" CONTENT="29"/><SP WIDTH="14" VPOS="454" HPOS="635"/>
							<String ID="string_64" HPOS="649" VPOS="453" WIDTH="39" HEIGHT="26" WC="0.96" CONTENT="juli"/><SP WIDTH="19" VPOS="453" HPOS="688"/>
							<String ID="string_65" HPOS="707" VPOS="453" WIDTH="54" HEIGHT="20" WC="0.95" CONTENT="1869"/><SP WIDTH="17" VPOS="453" HPOS="761"/>
							<String ID="string_66" HPOS="778" VPOS="451" WIDTH="123" HEIGHT="22" WC="0.96" CONTENT="utfärdades"/><SP WIDTH="15" VPOS="451" HPOS="901"/>
							<String ID="string_67" HPOS="916" VPOS="458" WIDTH="25" HEIGHT="15" WC="0.96" CONTENT="en"/><SP WIDTH="20" VPOS="458" HPOS="941"/>
							<String ID="string_68" HPOS="961" VPOS="458" WIDTH="28" HEIGHT="21" WC="0.96" CONTENT="ny"/>
						</TextLine>
						<TextLine ID="line_9" HPOS="238" VPOS="485" WIDTH="754" HEIGHT="29">
							<String ID="string_69" HPOS="238" VPOS="485" WIDTH="96" HEIGHT="27" WC="0.89" CONTENT="tulltaxa,"/><SP WIDTH="16" VPOS="485" HPOS="334"/>
							<String ID="string_70" HPOS="350" VPOS="492" WIDTH="44" HEIGHT="15" WC="0.96" CONTENT="som"/><SP WIDTH="16" VPOS="492" HPOS="394"/>
							<String ID="string_71" HPOS="410" VPOS="486" WIDTH="7" HEIGHT="21" WC="0.93" CONTENT="i"/><SP WIDTH="15" VPOS="486" HPOS="417"/>
							<String ID="string_72" HPOS="432" VPOS="486" WIDTH="121" HEIGHT="22" WC="0.92" CONTENT="hufvudsak"/><SP WIDTH="15" VPOS="486" HPOS="553"/>
							<String ID="string_73" HPOS="568" VPOS="489" WIDTH="56" HEIGHT="19" WC="0.96" CONTENT="ännu"/><SP WIDTH="16" VPOS="489" HPOS="624"/>
							<String ID="string_74" HPOS="640" VPOS="489" WIDTH="23" HEIGHT="19" WC="0.96" CONTENT="är"/><SP WIDTH="15" VPOS="489" HPOS="663"/>
							<String ID="string_75" HPOS="678" VPOS="487" WIDTH="108" HEIGHT="27" WC="0.96" CONTENT="gällande,"/><SP WIDTH="17" VPOS="487" HPOS="786"/>
							<String ID="string_76" HPOS="803" VPOS="486" WIDTH="54" HEIGHT="21" WC="0.96" CONTENT="dock"/><SP WIDTH="16" VPOS="486" HPOS="857"/>
							<String ID="string_77" HPOS="873" VPOS="487" WIDTH="48" HEIGHT="20" WC="0.93" CONTENT="med"/><SP WIDTH="19" VPOS="487" HPOS="921"/>
							<String ID="string_78" HPOS="940" VPOS="486" WIDTH="52" HEIGHT="21" WC="0.92" CONTENT="tull-"/>
						</TextLine>
						<TextLine ID="line_10" HPOS="237" VPOS="521" WIDTH="752" HEIGHT="27">
							<String ID="string_79" HPOS="237" VPOS="521" WIDTH="106" HEIGHT="20" WC="0.91" CONTENT="satsernas"/><SP WIDTH="15" VPOS="521" HPOS="343"/>
							<String ID="string_80" HPOS="358" VPOS="521" WIDTH="112" HEIGHT="26" WC="0.92" CONTENT="lämpande"/><SP WIDTH="15" VPOS="521" HPOS="470"/>
							<String ID="string_81" HPOS="485" VPOS="521" WIDTH="33" HEIGHT="21" WC="0.93" CONTENT="till"/><SP WIDTH="15" VPOS="521" HPOS="518"/>
							<String ID="string_82" HPOS="533" VPOS="521" WIDTH="103" HEIGHT="21" WC="0.92" CONTENT="metriska"/><SP WIDTH="14" VPOS="521" HPOS="636"/>
							<String ID="string_83" HPOS="650" VPOS="521" WIDTH="56" HEIGHT="22" WC="0.92" CONTENT="mätt"/><SP WIDTH="15" VPOS="521" HPOS="706"/>
							<String ID="string_84" HPOS="721" VPOS="521" WIDTH="40" HEIGHT="21" WC="0.93" CONTENT="och"/><SP WIDTH="16" VPOS="521" HPOS="761"/>
							<String ID="string_85" HPOS="777" VPOS="521" WIDTH="70" HEIGHT="27" WC="0.92" CONTENT="vigter"/><SP WIDTH="21" VPOS="521" HPOS="847"/>
							<String ID="string_86" HPOS="868" VPOS="522" WIDTH="55" HEIGHT="19" WC="0.96" CONTENT="samt"/><SP WIDTH="17" VPOS="522" HPOS="923"/>
							<String ID="string_87" HPOS="940" VPOS="521" WIDTH="49" HEIGHT="20" WC="0.96" CONTENT="med"/>
						</TextLine>
						<TextLine ID="line_11" HPOS="237" VPOS="554" WIDTH="754" HEIGHT="28">
							<String ID="string_88" HPOS="237" VPOS="554" WIDTH="26" HEIGHT="20" WC="0.91" CONTENT="de"/><SP WIDTH="21" VPOS="554" HPOS="263"/>
							<String ID="string_89" HPOS="284" VPOS="554" WIDTH="191" HEIGHT="28" WC="0.91" CONTENT="tullförhöjningar,"/><SP WIDTH="24" VPOS="554" HPOS="475"/>
							<String ID="string_90" HPOS="499" VPOS="561" WIDTH="45" HEIGHT="15" WC="0.93" CONTENT="som"/><SP WIDTH="20" VPOS="561" HPOS="544"/>
							<String ID="string_91" HPOS="564" VPOS="555" WIDTH="106" HEIGHT="21" WC="0.93" CONTENT="faststälts"/><SP WIDTH="22" VPOS="555" HPOS="670"/>
							<String ID="string_92" HPOS="692" VPOS="562" WIDTH="77" HEIGHT="20" WC="0.93" CONTENT="genom"/><SP WIDTH="16" VPOS="562" HPOS="769"/>
							<String ID="string_93" HPOS="785" VPOS="555" WIDTH="166" HEIGHT="27" WC="0.92" CONTENT="kungörelserna"/><SP WIDTH="15" VPOS="555" HPOS="951"/>
							<String ID="string_94" HPOS="966" VPOS="554" WIDTH="25" HEIGHT="21" WC="0.96" CONTENT="af"/>
						</TextLine>
						<TextLine ID="line_12" HPOS="236" VPOS="588" WIDTH="497" HEIGHT="29">
							<String ID="string_95" HPOS="236" VPOS="588" WIDTH="40" HEIGHT="22" WC="0.96" CONTENT="den"/><SP WIDTH="17" VPOS="588" HPOS="276"/>
							<String ID="string_96" HPOS="293" VPOS="590" WIDTH="25" HEIGHT="20" WC="0.94" CONTENT="19"/><SP WIDTH="15" VPOS="590" HPOS="318"/>
							<String ID="string_97" HPOS="333" VPOS="589" WIDTH="41" HEIGHT="27" WC="0.96" CONTENT="maj"/><SP WIDTH="18" VPOS="589" HPOS="374"/>
							<String ID="string_98" HPOS="392" VPOS="590" WIDTH="53" HEIGHT="20" WC="0.96" CONTENT="1886"/><SP WIDTH="17" VPOS="590" HPOS="445"/>
							<String ID="string_99" HPOS="462" VPOS="590" WIDTH="38" HEIGHT="21" WC="0.96" CONTENT="och"/><SP WIDTH="16" VPOS="590" HPOS="500"/>
							<String ID="string_100" HPOS="516" VPOS="590" WIDTH="40" HEIGHT="21" WC="0.96" CONTENT="den"/><SP WIDTH="17" VPOS="590" HPOS="556"/>
							<String ID="string_101" HPOS="573" VPOS="591" WIDTH="26" HEIGHT="20" WC="0.96" CONTENT="30"/><SP WIDTH="15" VPOS="591" HPOS="599"/>
							<String ID="string_102" HPOS="614" VPOS="590" WIDTH="42" HEIGHT="27" WC="0.96" CONTENT="maj"/><SP WIDTH="18" VPOS="590" HPOS="656"/>
							<String ID="string_103" HPOS="674" VPOS="591" WIDTH="59" HEIGHT="21" WC="0.76" CONTENT="1883."/>
						</TextLine>
					</TextBlock>
				</ComposedBlock>
			</PrintSpace>
		</Page>
	</Layout>
</alto>
