1064 1659
262 155 11 19 6
452 153 237 23 Petitionsbetänkande
707 154 34 22 N:o
757 153 22 22 4.

392 262 51 19 Till
458 262 158 19 hedervärda
631 262 197 19 Bondeståndet.

299 330 36 19 För
342 330 95 19 Finlands
445 330 128 25 jordbrukare
580 330 59 19 hafva
648 330 24 19 de
683 331 74 18 tvänne
765 331 80 18 senaste
858 329 131 20 decennierna

231 359 52 19 varit
304 360 30 18 ett
359 359 72 24 viktigt
453 359 105 24 tidsskifte,
577 358 64 19 under
655 358 76 19 hvilket
745 364 47 13 man
807 358 75 19 försökt
901 359 30 18 att
945 357 44 26 höja

230 387 79 20 landets
334 387 141 25 modernäring
504 387 37 19 och
564 387 94 19 förbättra
685 387 153 25 jordbrukarens
861 386 128 19 ekonomiska

231 415 102 25 ställning.
362 415 146 20 Jemförelsevis
531 415 51 25 goda
603 415 82 20 skördar
707 415 25 19 ha
757 416 78 23 gynnat
857 415 54 19 detta
929 415 58 19 sträf-

231 444 64 19 vande
317 444 38 19 och
376 443 27 26 på
417 444 106 25 flerfaldigt
538 445 41 18 sätt
593 444 36 19 har
643 444 34 19 det
693 444 129 19 understödts
838 443 58 19 äfven
911 443 20 19 af
945 443 42 19 lan-

231 473 44 18 dets
290 473 97 24 regering.
416 473 45 19 Med
476 473 123 19 tacksamhet
611 473 97 19 erkänner
717 472 155 19 landtbrukaren
883 472 38 19 den
934 474 54 17 stora

229 502 66 23 nytta,
320 507 44 13 som
385 501 122 19 inrättandet
529 501 19 19 af
570 501 70 19 talrika
661 501 116 24 jordbruks-
800 501 38 18 och
853 500 135 25 mejeriskolor

230 529 52 25 gjort
304 529 79 20 honom.
414 529 109 26 Glädjande
545 530 36 18 har
595 529 63 20 likaså
673 530 51 19 varit
739 531 29 17 att
783 529 78 19 landets
878 529 108 19 skattebör-

230 558 41 24 dor,
287 557 26 26 på
327 558 56 19 Hans
399 558 108 25 Kejserliga
523 558 101 25 Majestäts
640 557 73 26 nådiga
728 557 125 25 proposition
869 557 37 20 och
915 563 72 19 genom

231 586 120 20 Ständernas
367 587 144 23 medvärkan,
507 582 12 34 i
527 587 110 24 möjligaste
651 586 64 19 måtto
731 586 90 19 lindrats.
844 586 142 19 Kommunika-

230 615 101 19 tionernas
347 615 133 19 förbättrande
495 615 36 19 har
544 615 95 25 därjemte
653 615 7 19 i
675 615 47 19 flera
734 615 106 18 afseenden
853 610 70 34 gagnat
933 614 53 25 jord-

229 643 166 25 bruksnäringen,
411 650 43 13 som
469 644 6 19 i
491 643 70 26 själfva
576 644 69 19 värket
661 643 64 20 under
740 643 65 19 denna
820 643 68 25 period
903 643 83 19 utveck-

229 671 39 20 lats
283 671 32 20 till
330 672 141 25 produktivare
483 675 25 16 än
523 672 52 19 förut
591 671 55 20 såväl
662 678 72 18 genom
748 671 103 20 införande
865 671 20 19 af
893 671 93 19 rationel-

229 700 40 19 lare
285 700 168 25 odlingsmetoder
469 707 42 12 som
526 706 71 19 genom
613 701 125 24 nyodlingar.

298 729 70 19 Denna
390 729 195 25 utvecklingsperiod
607 729 35 19 har
663 729 51 19 dock
735 729 44 18 icke
794 728 61 19 häller
871 728 51 19 varit
937 730 49 17 utan

230 757 44 19 sina
289 757 129 25 svårigheter,
432 758 97 19 beroende
544 757 6 19 i
565 757 83 20 främsta
663 759 86 17 rummet
764 757 27 24 på
805 758 30 17 att
849 757 111 19 införandet
967 757 20 18 af

229 785 25 19 de
275 791 41 19 nya
338 786 251 25 bebrukningsmetoderna
611 786 96 19 erfordrat
723 787 54 18 stora
792 785 113 24 kostnader,
919 785 68 19 hvilka

229 813 38 20 den
282 814 91 19 förökade
388 814 139 25 afkastningen
542 815 41 18 ofta
597 814 42 19 icke
654 814 81 19 förmått
749 815 79 18 ersätta.
858 813 59 20 Detta
927 813 58 20 miss-

229 842 127 25 förhållande,
383 849 44 13 som
449 843 83 19 känbart
554 843 65 18 träffat
641 843 118 24 isynnerhet
781 842 51 24 dem,
847 842 67 19 hvilka
929 842 6 19 i
951 842 36 19 sitt

227 870 96 25 jordbruk
342 871 82 25 nedlagt
438 871 70 19 lånade
524 871 68 21 medel,
608 871 38 19 kan
661 871 72 19 endast
748 870 127 25 småningom
890 870 95 25 afhjälpas

229 899 114 25 därigenom
366 901 30 18 att
418 900 56 19 drift-
496 899 47 20 eller
565 899 268 26 produktionskostnaderna
855 899 6 18 i
877 899 109 24 möjligaste

228 927 63 20 måtto
306 928 126 25 nedbringas.

297 956 36 19 Att
355 956 166 19 landtbrukarens
542 956 83 25 utgifter
645 957 6 18 i
674 956 129 25 synnerligen
823 956 39 24 hög
877 955 48 26 grad
940 956 45 19 bero

227 984 20 19 af
262 984 24 19 de
301 984 108 25 tullsatser,
424 985 40 19 han
479 984 64 20 måste
554 985 64 19 betala
628 985 29 19 för
669 985 24 19 de
703 984 138 25 mångahanda
849 984 62 24 saker,
919 984 68 19 hvilka

227 1012 40 19 han
289 1013 93 19 behöfver
405 1013 56 19 såväl
483 1013 29 20 för
531 1013 96 19 skötande
647 1013 19 19 af
682 1013 31 19 sin
729 1013 93 24 lägenhet
838 1019 43 12 som
897 1013 29 18 till
941 1013 45 24 eget

227 1041 112 24 underhåll,
354 1043 22 17 är
390 1041 52 20 klart
457 1042 28 19 för
499 1047 25 14 en
539 1042 55 18 hvar.
609 1042 46 19 Med
670 1043 42 18 stor
723 1041 162 19 tillfredställelse
893 1041 92 19 hälsades

226 1069 65 20 derför
306 1069 60 20 bland
381 1072 61 17 annat
451 1070 112 19 salttullens
572 1070 136 25 nedsättning.

296 1098 86 25 Mycken
397 1104 34 13 oro
447 1099 37 18 och
498 1099 115 24 bekymmer
627 1099 35 18 har
675 1098 64 19 därför
749 1098 122 19 framkallats
881 1098 20 19 af
912 1098 73 19 under-

227 1126 102 25 rättelsen,
352 1128 31 17 att
405 1133 46 12 man
465 1133 28 12 nu
509 1129 58 17 ärnar
581 1127 44 24 höja
639 1127 78 18 landets
733 1126 92 19 tulltaxa.
856 1125 129 26 Obestridligt

227 1155 56 19 torde
299 1161 52 18 vara,
366 1156 30 18 att
411 1161 32 13 om
458 1155 65 19 finska
538 1155 115 19 tulltariffen
669 1155 65 19 skulle
749 1155 54 24 höjas
819 1155 30 18 till
865 1161 74 12 samma
952 1155 33 18 be-
1007 1179 2 2 -

226 1182 48 25 lopp
297 1189 44 13 som
364 1183 37 19 den
421 1184 66 24 ryska,
503 1183 22 20 så
541 1183 65 20 skulle
622 1183 56 20 såväl
692 1183 49 25 järn,
757 1183 175 24 arbetsredskaper
948 1183 37 19 och

225 1211 102 19 maskiner
342 1217 43 14 som
404 1212 44 24 salt,
464 1212 55 24 kaffe,
533 1212 147 19 bomullsvaror
694 1218 26 12 m.
736 1217 31 18 m.,
782 1211 68 19 hvilka
865 1211 60 19 redan
941 1211 44 20 blif-

226 1239 29 19 vit
279 1240 220 25 nödvändighetsvaror
524 1241 6 18 i
555 1240 154 25 jordbrukarens
732 1240 97 24 ekonomi,
851 1240 7 19 i
879 1240 38 24 hög
937 1240 48 25 grad

225 1267 97 26 fördyras.

295 1296 25 19 Vi
342 1297 69 19 kunna
433 1297 42 20 icke
491 1297 48 19 fatta
553 1299 62 17 annat
629 1299 26 17 än
670 1298 30 18 att
715 1303 25 13 en
756 1297 96 24 tulltariff,
867 1297 60 19 hvars
943 1298 40 17 sat-

225 1329 33 14 ser
279 1327 34 17 äro
336 1325 111 20 beräknade
461 1325 30 20 för
505 1327 28 18 ett
548 1325 99 20 vidsträkt
662 1325 47 19 land
724 1325 45 19 med
785 1325 133 24 mångfaldiga
933 1325 51 19 rike-

224 1352 127 25 domskällor,
365 1353 42 20 helt
423 1354 37 19 och
474 1353 61 20 hållet
550 1354 64 19 skulle
630 1354 71 19 kväfva
715 1353 204 26 jordbruksnäringen
934 1353 7 19 i
955 1355 30 18 ett

224 1380 48 20 land
287 1381 80 24 hvilket,
383 1381 67 20 såsom
466 1380 89 24 Finland,
570 1382 35 18 har
621 1382 22 19 så
653 1382 123 24 begränsade
783 1381 100 25 naturliga
889 1381 95 25 hjälpkäl-

223 1408 32 20 lor
269 1409 38 19 och
322 1410 61 19 hvars
398 1410 116 25 utveckling
533 1410 64 20 därför
611 1410 7 19 i
633 1410 39 25 hög
687 1410 49 25 grad
751 1410 58 19 beror
823 1410 19 18 af
857 1410 127 24 möjligheten

223 1438 31 18 att
269 1437 29 19 för
313 1438 65 25 billigt
392 1439 42 25 pris
450 1438 78 25 tillbyta
543 1439 31 24 sig
588 1439 62 19 andra
664 1438 81 20 länders
761 1439 29 19 för
805 1444 34 13 oss
856 1438 71 25 nödiga
937 1445 46 19 pro-

224 1465 78 20 dukter.

298 1504 141 18 Statsutskottets
452 1504 109 18 betänkande
573 1504 38 18 N:o
623 1505 19 17 2.
