1056 1670
313 113 225 22 Petitionsbetänkande
554 114 34 21 N:o
604 113 14 22 1.
782 115 26 19 79

162 303 58 21 Från
242 303 164 22 Bondeståndet
426 305 33 20 ett
478 304 23 21 af
520 304 56 22 Herr
592 304 26 21 A.
634 303 22 21 J.
672 303 122 21 Pulkkinen
811 303 31 21 in-

91 339 98 21 lemnadt
208 339 187 27 petitionsförslag
416 345 34 15 om
467 339 156 22 instrumental
640 339 163 27 undersökning
823 338 23 22 af

92 380 26 16 en
134 374 274 27 sammanbindningsbana
424 374 47 22 från
488 375 138 21 Wasabanan
638 381 77 20 genom
727 374 117 28 Jyväskylä

92 410 34 21 till
149 410 138 21 Pieksämäki
310 410 53 21 eller
387 411 87 20 trakten
501 411 23 21 af
547 410 133 27 Suonenjoki
704 412 13 19 &
741 410 103 21 Savolaks

91 445 71 22 banan
182 446 40 21 och
243 446 94 21 derifrän
354 453 77 20 genom
448 446 116 27 Warkaus,
579 446 165 27 Kangaslampi,
760 445 83 27 Tappo-

91 481 63 28 virta,
176 481 72 27 Oravi,
269 482 93 27 Raikuu,
384 483 40 21 och
444 482 73 22 Puhos
538 482 35 21 till
594 482 108 21 Karelska
718 482 70 21 banan
805 481 39 22 och

92 523 34 16 om
148 518 72 21 denna
234 517 68 22 banas
318 517 112 28 byggande
446 517 33 22 för
495 520 84 19 statens
597 517 93 27 räkning
706 517 136 22 omedelbart

92 553 55 22 efter
163 554 41 21 den
220 553 108 22 Karelska
346 553 83 22 banans
446 553 157 22 fullbordande:

164 645 179 30 (Öfversättning.)

230 708 55 20 Till
300 708 179 21 Hedervärda
494 708 213 20 Bondeständet.

163 767 79 26 Hvarje
260 767 85 20 medlem
366 768 23 19 af
408 768 34 19 det
461 768 62 19 ärade
539 767 83 20 ständet
638 767 59 20 torde
712 767 62 20 hafva
789 767 54 20 klart

91 797 32 20 för
138 797 33 26 sig
186 797 96 20 behofvet
298 797 22 20 af
334 804 24 13 en
374 797 258 26 sammanbindningsbana
648 797 46 20 från
704 797 65 20 Wasa
777 797 68 19 banan

92 833 72 19 genom
184 827 116 26 Jyväskylä
318 827 31 19 till
370 827 168 20 Savolaksbanan
558 827 37 19 och
614 827 92 20 härifrän
726 827 72 19 vidare
814 826 31 19 till

91 855 105 21 Karelska
212 857 73 26 banan,
302 863 72 19 genom
389 857 85 19 hvilken
489 858 50 18 vära
558 859 72 17 trenne
646 856 117 20 stambanor
779 856 66 20 skulle

92 886 96 20 komma
178 882 13 35 i
203 889 94 17 närmare
312 886 124 20 förbindelse
451 886 47 20 med
513 886 117 21 hvarandra
646 886 38 20 och
700 886 63 20 blifva
778 888 67 17 renta-

91 916 57 20 blare
164 916 37 20 och
216 916 84 20 hvilken
320 916 66 20 skulle
401 916 117 20 underlätta
541 916 144 26 varu-utbytet
704 916 37 20 och
757 915 88 20 trafiken

91 946 75 20 mellan
182 942 137 29 Österbotten,
334 946 104 20 mellersta
454 946 38 20 och
508 949 56 17 östra
579 946 95 25 Finland,
690 958 28 2 —
734 948 30 18 ett
784 944 64 20 behof

92 982 43 13 som
155 975 65 20 redan
237 976 35 20 vid
287 976 123 26 föregående
426 976 124 25 landtdagar
566 976 67 20 blifvit
648 975 95 21 uttaladt.

162 1006 48 19 Men
231 1005 84 20 emedan
336 1006 54 19 olika
410 1006 78 25 förslag
508 1012 32 13 om
561 1006 67 19 denna
643 1006 65 19 banas
724 1004 121 25 sträckning

91 1034 115 27 uppgjorts,
227 1036 91 19 anhäller
340 1035 116 25 ödmjukast
472 1035 38 25 jag
531 1037 30 18 att
580 1035 22 19 fä
624 1035 31 19 för
672 1035 66 19 denna
752 1034 32 20 för
800 1034 47 19 värt

91 1064 59 20 lands
178 1065 120 25 utveckling
324 1066 23 18 sä
371 1065 157 25 betydelsefulla
552 1065 52 19 bana
628 1065 38 19 och
690 1064 98 20 särskildt
813 1063 31 19 för

92 1094 60 20 delen
184 1095 86 19 emellan
302 1095 103 19 Karelska
430 1095 37 19 och
498 1095 192 19 Savolaksbanorna
717 1094 74 20 föreslå
820 1099 25 13 en

91 1124 126 26 sträckning,
238 1132 43 12 som
301 1124 45 20 med
369 1124 96 20 afseende
481 1126 12 18 &
508 1124 82 27 handel,
605 1124 90 20 industri
710 1124 38 20 och
763 1122 81 20 landets

90 1153 126 26 förvaltning
232 1154 7 19 i
255 1161 25 12 en
296 1154 83 19 framtid
394 1154 66 20 blefve
477 1154 40 19 den
532 1154 130 25 lämpligaste
678 1154 23 19 af
714 1154 39 19 alla
769 1152 74 19 hittills

90 1183 117 25 föreslagna
223 1184 144 25 sträckningar
383 1184 38 19 och
436 1191 43 12 som
495 1183 36 20 vid
547 1183 117 20 utförandet
680 1183 66 20 blefve
757 1182 41 19 den
808 1181 37 20 bil-

91 1213 79 25 ligaste.

162 1242 49 20 Mitt
233 1242 77 26 förslag
333 1244 37 24 gär
392 1245 23 17 ut
437 1244 27 24 pä
486 1245 31 17 att
541 1249 26 13 en
588 1241 257 25 sammanbindningsbana

91 1272 67 20 skulle
177 1272 81 25 byggas
279 1272 45 20 frän
340 1271 136 22 Wasabanan
492 1278 73 20 genom
580 1272 118 25 Jyväskylä
714 1271 31 20 till
760 1270 87 20 Pieksä-

90 1302 55 19 mäki
164 1302 50 19 eller
236 1302 83 20 trakten
340 1302 23 20 af
381 1302 125 25 Suonenjoki
526 1303 12 18 &
553 1302 170 19 Savolaksbanan
739 1301 38 19 och
794 1299 53 20 deri-

90 1331 46 20 från
151 1331 72 20 vidare
238 1338 73 19 genom
327 1332 110 25 Warkaus,
453 1330 152 28 Kangaslampi
621 1331 75 25 kapell,
712 1330 68 25 Oravi,
796 1328 50 20 Rai-

90 1361 43 19 kuu
158 1362 38 19 och
218 1362 70 19 Puhos
311 1362 31 19 till
363 1362 103 19 Karelska
487 1362 73 19 banan.
593 1361 120 25 Terrängen
733 1361 27 25 pä
778 1359 69 19 denna

90 1391 84 19 sträcka
193 1394 23 16 är
234 1391 62 26 jemn,
320 1392 64 24 nägra
405 1394 66 17 större
490 1390 138 21 naturhinder
643 1393 57 17 utom
717 1388 128 30 Tappovirta

90 1420 38 20 och
149 1421 64 19 smala
234 1421 53 19 sund
307 1421 35 20 vid
357 1421 105 20 Warkaus
478 1421 39 19 och
533 1420 63 20 Oravi
612 1420 67 20 finnas
695 1420 49 19 icke.
776 1418 70 20 Afven

162 1460 173 24 Jernvägsutskottets
347 1460 109 19 betänkande
468 1460 36 18 N:o
513 1461 15 17 1.
