1064 1656
801 145 31 21 XI

101 213 85 22 hvilkas
208 213 98 28 giltighet
322 213 71 26 kunde
409 213 135 28 evärdeligen
567 213 102 22 fortfara*
688 219 76 21 genom
780 213 81 26 kungö-

103 247 55 22 relse
181 247 23 22 af
218 248 40 21 den
276 249 25 20 18
314 247 85 28 januari
417 249 54 20 1854
488 248 145 26 förordnades,
650 249 32 20 att
697 247 163 27 ifrägavarande

103 282 107 21 tullfrihet
228 281 112 22 efterhand
356 282 69 21 skulle
446 283 97 26 upphöra
558 282 96 26 sålunda,
671 283 32 20 att
718 281 34 22 för
768 281 25 21 de
804 281 57 21 förut

104 315 82 22 tullfria
207 322 91 15 varorna
321 316 67 21 skulle
408 316 23 21 af
445 316 186 21 fabriksidkarene
646 316 7 21 i
668 315 144 22 Tammerfors
828 321 32 15 er-

103 351 83 26 läggas:
212 351 68 21 under
304 351 24 21 är
354 351 55 21 1860
428 357 26 14 en
481 351 108 25 femtedel,
615 351 67 20 under
706 351 23 20 är
755 351 52 20 1861
825 349 36 22 tvä

104 385 131 27 femtedelar,
256 385 67 21 under
346 385 24 21 är
394 386 53 20 1862
471 388 38 24 tre,
533 385 67 22 under
615 385 24 21 är
657 386 53 20 1863
736 385 47 26 fyra
806 386 55 19 samt

104 419 68 21 under
187 419 24 21 år
228 421 54 20 1864
298 419 39 22 och
352 419 108 28 framgent
475 420 43 21 fem
534 419 126 22 femtedelar
670 419 24 21 af
702 419 99 26 gällande
811 418 49 22 tull-

105 455 44 20 sats
165 453 51 22 eller
232 453 82 22 säledes
330 453 38 22 full
384 454 46 21 tull.

174 488 50 21 Med
244 488 150 27 upphäfvande
415 488 24 21 af
460 488 56 21 hvad
532 489 89 20 sålunda
637 488 129 25 förordnats,
782 487 78 22 förkla
851 483 12 36 -

105 522 63 21 rades
193 522 117 21 emellerlid
337 529 77 20 genom
438 523 125 21 manifestet
585 523 24 20 af
629 523 40 20 den
690 523 37 26 %/o
750 522 110 21 december

107 557 61 25 1855,
185 558 33 19 att
241 557 25 20 de
282 557 143 21 Tammerfors
444 557 49 21 stad
509 557 40 21 den
567 558 8 19 1
594 557 84 27 augusti
696 557 51 21 1821
767 557 6 20 i
789 556 72 21 ofvan-

106 591 89 21 stäende
210 591 67 21 mätto
294 591 117 21 förunnade
423 592 106 21 särskilda
540 591 90 22 friheter
641 591 39 21 och
691 591 107 21 förmäner
808 591 54 21 fort-

108 624 88 22 farande
219 624 56 28 finge
297 625 162 28 tillgodonjutas
475 626 8 21 i
501 627 27 20 50
543 626 31 25 är,
589 626 93 21 räknadt
697 625 47 22 frän
760 625 39 22 och
814 625 48 21 med

106 659 23 21 är
147 660 53 21 1856
217 660 52 21 eller
284 660 89 21 sålunda
388 660 33 21 till
437 661 40 21 och
493 661 47 21 med
557 661 23 21 är
598 662 59 20 1905.

174 694 43 21 För
232 696 32 20 att
279 694 132 22 förekomma
427 695 108 21 missbruk
551 695 23 21 af
588 696 40 20 den
639 695 89 21 sälunda
739 694 123 22 bibehällna

105 728 133 22 tullfriheten
254 728 39 22 och
316 729 101 21 särskildt
440 729 66 27 stäfja
529 730 96 20 otilläten
650 729 78 21 handel
750 728 27 28 pä
796 728 67 21 andra

105 764 57 20 orter
183 763 49 21 med
252 763 26 21 de
292 763 88 21 tullfritt
396 763 124 22 inhemtade
534 770 97 20 varorna,
645 763 142 21 föreskrefvos
807 762 54 22 dock

105 803 76 21 genom
202 797 141 27 knngörelsen
365 797 40 21 den
430 798 25 21 15
477 798 84 27 augusti
583 799 53 20 1856
659 800 98 18 närmare
771 797 92 21 bestäm-

107 830 77 28 ningar
199 838 34 14 om
248 832 55 20 hvad
319 832 162 21 vederbörande
496 832 167 21 industriidkare
681 832 132 21 beträffande
827 838 36 14 va-

106 871 75 15 rornas
203 865 181 22 införskrifvande
406 866 40 22 och
470 868 109 26 transport
598 867 55 21 hade
669 868 32 20 att
716 866 97 26 iakttaga
828 865 35 21 för

108 899 146 22 tullfrihetens
270 900 132 27 ätnjutande.

176 934 125 21 Sedermera
316 934 40 21 och
372 934 27 21 dä
415 934 131 22 tvifvelsmäl
565 935 97 27 uppstått
680 934 90 22 rörande
782 933 82 22 omfän-

106 969 36 25 get
165 967 23 21 af
202 968 163 27 ifrägavarande
387 968 109 22 tullfrihet
511 968 133 22 förklarades
659 975 76 21 genom
751 968 113 27 kungörel-

107 1008 37 14 sen
160 1002 40 21 den
225 1004 24 19 12
272 1003 42 27 maj
333 1004 53 20 1858
406 1004 33 20 att
454 1004 79 26 ,under
548 1003 232 21 fabriksrudimaterier
794 1002 18 27 ej
829 1002 35 21 mä

106 1036 122 27 inbegripas
251 1039 65 19 annat
331 1039 26 19 än
374 1037 25 21 de
415 1038 154 26 grundämnen,
585 1038 83 21 hvilkas
684 1037 125 21 förädlande
824 1036 40 22 och

109 1070 117 28 beredning
246 1071 32 21 till
293 1071 53 21 visst
362 1071 97 22 fabrikat
475 1079 26 14 en
516 1072 71 21 fabrik
602 1072 39 21 har
656 1072 33 21 till
705 1072 37 21 sitt
758 1071 105 26 ändamål,

109 1104 70 22 såsom
205 1106 39 20 ock
269 1106 66 20 andra
350 1106 7 20 i
373 1106 78 21 sådant
475 1106 100 21 afseende
600 1106 139 27 erforderliga
764 1106 38 20 råa
825 1105 39 21 och

110 1139 107 21 oberedda
239 1140 145 25 naturalster*,
408 1140 56 21 dock
481 1140 68 22 skulle
565 1141 68 20 denna
648 1140 153 26 inskränkning
816 1140 47 20 icke

109 1172 47 22 afse
179 1174 25 20 de
228 1174 45 21 före
298 1175 54 20 1858
368 1174 115 22 tillkomna
503 1174 127 24 fabrikerna,
645 1174 73 21 hvilka
733 1174 132 22 fortfarande

107 1207 69 22 skulle
191 1208 119 21 bibehållas
325 1209 35 20 vid
376 1209 41 20 den
440 1209 158 21 vidsträcktare
617 1209 124 21 tullförmån
757 1215 45 14 som
818 1208 46 21 der-

109 1241 57 22 intill
192 1242 71 22 blifvit
288 1243 111 26 tillämpad
415 1243 54 21 eller
495 1243 119 25 ,tullfrihet
636 1243 33 20 för
684 1242 42 21 alla
742 1243 26 20 de
782 1244 83 25 ämnen,

107 1281 45 16 som
168 1276 33 21 till
217 1278 68 19 större
300 1277 52 20 eller
367 1277 84 20 mindre
468 1277 35 21 del
519 1277 85 26 qvarstå
619 1277 7 20 i
642 1277 25 20 de
678 1276 124 25 fabrikater,
814 1282 46 15 som

107 1309 35 21 vid
168 1310 62 21 dessa
255 1311 142 26 inrättningar
423 1311 150 27 förfärdigas,*
592 1311 48 20 med
656 1311 40 20 den
711 1310 154 27 inskränkning

107 1343 65 22 likväl
188 1346 32 19 att
236 1345 58 24 soda,
309 1345 110 25 brunsten,
444 1345 138 28 svafvelsyra,
599 1345 96 27 saltsyra,
711 1345 99 21 klorkalk
826 1345 40 20 och

108 1378 93 21 antiklor
222 1379 18 26 ej
256 1378 56 27 finge
328 1379 68 21 såsom
418 1379 151 22 rudimaterier
588 1379 33 21 för
635 1379 146 27 pappersbruk
797 1385 68 15 anses.

177 1412 105 27 Slutligen
307 1413 142 21 förordnades
471 1420 76 21 genom
568 1413 140 27 kungörelsen
730 1413 41 21 den
788 1414 24 19 12
827 1419 38 15 no-

107 1445 87 22 vember
217 1447 54 21 1873
296 1449 33 19 att
344 1447 162 22 fabriksidkare
521 1447 7 21 i
543 1447 149 26 Tammerfors,
709 1453 44 15 som
771 1447 94 21 önskade
