1061 1678
264 155 26 20 14
461 153 209 24 Petitionsbetänkande
686 154 34 23 N:o
736 153 33 24 38.

301 215 34 22 Då
356 216 67 21 saken
444 216 90 21 sålunda
552 219 23 18 är
590 219 51 19 nära
656 217 34 20 sin
705 216 110 22 definitiva
829 217 84 28 lösning
928 217 8 20 i
951 216 40 21 den

234 250 22 21 af
275 251 164 26 petitionärerne
462 251 120 28 föreslagna
604 251 100 28 riktning,
720 251 40 21 och
776 257 27 15 en
818 251 174 28 ständerpetition

235 291 86 14 snarare
344 285 84 21 komme
445 287 29 19 att
488 285 93 27 fördröja
596 287 27 19 än
638 284 111 29 påskynda
770 285 129 27 densamma,
915 285 78 21 tillåter

236 319 33 27 sig
284 319 102 21 utskottet
400 319 108 21 vördsamt
522 319 83 27 föreslå,

509 394 33 19 att
564 392 35 21 det
610 399 77 14 senare
701 392 245 27 petitionsmemorialet
957 392 36 27 för

440 426 26 21 så
488 426 47 21 vidt
554 427 35 20 det
608 427 70 27 gäller
700 433 33 14 nu
755 426 91 21 berörda
867 426 65 28 fråga
946 426 45 21 icke

441 461 67 20 måtte
530 460 54 28 från
606 460 136 21 Ständernas
760 461 50 20 sida
824 460 75 28 någon
913 460 79 28 åtgärd

441 495 121 27 föranleda.

303 567 140 28 Helsingfors,
456 569 114 20 Allmänna
580 569 188 20 besvärsutskottet
778 568 42 21 den
834 569 26 20 14
873 568 41 27 Maj
930 569 61 21 1891.

303 727 11 21 I
337 728 97 20 ärendets
458 728 84 27 slutliga
558 728 129 27 behandling
702 728 62 20 hafva
780 728 88 27 deltagit
882 728 108 21 ordföran-

235 761 42 21 den
291 761 99 28 Ramsay,
405 762 152 21 ledamöterne:
574 762 126 21 friherrarne
715 768 43 14 von
773 762 108 27 Knorring
896 762 39 21 och
948 769 42 14 von

234 795 138 27 Willebrand,
397 795 25 21 K.
447 796 24 21 G.
486 796 19 21 J.
521 796 123 26 Grotenfelt,
660 796 118 27 Nordlund,
794 796 64 27 Bäck,
873 796 116 27 Melander,

233 828 111 29 Bergroth,
360 829 109 28 Sundvall,
484 830 73 27 Lindh,
566 830 92 28 Nyberg,
666 830 124 28 Danielson,
803 830 88 28 Ojanen,
901 830 89 21 Bremer

234 863 40 21 och
289 863 73 27 Pöysti
378 866 54 19 samt
447 864 139 28 suppleanten
601 864 106 21 Renlund.

371 1437 126 33 Helsingfors,
501 1438 119 32 Helsingfors
621 1438 243 32 Central-tryckeri
794 1433 56 42 1891.
860 1433 8 42 -
