1067 1664
300 103 268 34 Petitionsbetänkande
584 103 42 24 N:o
642 103 34 21 16.

388 432 156 22 Allmänna
568 431 303 23 Besvärsutskottets

318 467 169 22 betänkande
527 473 12 16 N:o
554 465 23 24 12
586 467 7 22 i
602 467 118 28 anledning
728 467 24 21 af
762 467 31 22 ett
803 467 7 21 i
822 467 50 21 Bor-

317 501 143 30 gareståndet
479 501 92 29 ingifvet
590 501 187 29 petitionsförslag
792 508 31 15 om
839 501 33 21 ut-

318 537 113 28 gifvandet
447 536 24 22 af
484 537 36 21 lån
536 543 28 15 ur
578 536 109 22 allmänna
697 536 68 22 medel
776 536 35 21 till
822 542 52 23 upp-

319 571 101 22 förandet
436 571 22 22 at
473 571 207 22 arbetarebostäder.

182 656 77 21 Jämte
275 655 218 29 protokollsutdrag
509 655 25 21 af
547 655 45 21 den
609 656 26 21 10
651 655 102 21 februari
769 655 41 21 har
826 655 48 21 väl-

112 691 81 27 lofliga
215 689 196 29 Borgareståndet
436 690 38 21 till
497 690 125 21 Allmänna
648 690 228 21 Besvärsutskottets

113 725 145 28 behandling
273 725 134 28 hänskjutit
422 727 36 19 ett
474 725 25 21 så
514 725 101 28 lydande
630 724 245 29 petitionsmemorial:

311 823 43 21 Till
369 823 111 28 vällofliga
496 823 184 28 Borgareståndet.

184 876 122 27 Öfvertygad
324 885 32 13 om
374 882 30 16 att
421 880 101 24 vällofliga
534 881 164 22 Borgareståndet
716 881 44 17 med
775 879 58 24 lifligt
845 880 31 17 in-

113 912 62 16 tresse
188 909 93 18 omfattar
294 909 35 18 allt
342 915 42 12 som
397 910 37 17 kan
449 915 47 12 vara
509 909 71 24 egnadt
588 911 29 16 att
625 909 45 24 höja
678 909 198 18 arbetarebefolknin-

112 945 38 17 gen
163 939 7 17 i
182 938 96 22 städerna,
288 938 61 23 vågar
358 938 35 23 jag
401 938 80 23 påkalla
490 938 87 18 ståndets
586 939 115 17 samverkan
712 938 7 17 i
728 937 148 18 nedannämndt

113 967 59 24 syfte.
196 967 37 17 För
251 968 29 16 att
296 967 70 17 bereda
385 967 65 18 denna
462 966 202 24 arbetarebefolkning
676 967 88 18 fördelen
776 967 23 17 af
808 966 68 23 rymli”

114 1001 51 18 gare,
178 995 84 18 sundare
280 995 36 18 och
335 1001 98 18 snyggare
452 996 95 23 bostäder,
566 998 26 15 än
610 996 23 17 de
651 996 80 17 hvartill
744 996 113 17 densamma
872 995 6 17 i

114 1025 113 22 allmänhet,
240 1024 44 17 med
302 1023 92 19 afseende
412 1025 12 16 å
442 1025 45 17 sina
502 1025 60 17 oftast
578 1025 79 23 knappa
669 1025 113 22 inkomster,
796 1026 22 15 är
830 1024 46 17 hän-

114 1053 61 23 visad,
193 1053 59 18 hafva
270 1053 60 18 redan
348 1052 130 19 bärförinnan
496 1053 8 18 i
522 1054 60 23 några
594 1053 22 18 af
626 1053 46 18 våra
684 1055 63 16 större
759 1053 66 18 städer
837 1055 40 16 sär-

114 1081 64 18 skilda
196 1081 180 18 arbetarebostäder
393 1081 93 24 uppförts
504 1082 22 18 af
543 1082 57 23 bolag
618 1083 47 17 eller
678 1082 89 18 enskilda
778 1087 98 18 personer

114 1111 68 17 hvilka
194 1111 120 17 åtminstone
326 1110 8 17 i
346 1116 25 12 en
384 1111 31 17 del
427 1110 37 18 fall
476 1111 76 20 mindre
565 1111 60 18 afsett
637 1117 49 18 egen
698 1111 55 18 vinst
765 1113 25 15 än
802 1111 75 17 arbeta-

114 1145 57 12 renes
190 1139 68 18 fördel.
282 1139 64 18 Dessa
363 1139 92 18 bostäder
474 1139 59 19 hafva
550 1140 105 18 mestadels
673 1140 85 23 inrymts
776 1139 7 18 i
798 1140 80 23 mycket

114 1171 54 15 stora
185 1168 117 23 byggnader,
323 1168 63 18 delvis
404 1169 45 17 med
466 1175 146 17 gemensamma
630 1169 38 18 kök
684 1169 31 18 för
726 1168 47 19 flere
785 1168 91 23 familjer,

114 1197 67 17 Ehuru
201 1197 59 18 äfven
280 1197 58 18 dessa
358 1197 148 24 otvifvelaktigt
527 1198 84 23 erbjudit
631 1198 101 17 arbetaren
750 1197 89 18 fördelen
857 1197 23 17 af

114 1226 64 17 bättre
196 1226 91 17 bostäder
305 1228 26 15 än
350 1226 24 17 de
386 1226 44 18 usla
442 1225 74 24 kyffen,
529 1232 43 12 som
584 1227 73 17 kanske
670 1227 47 22 eljes
729 1227 49 17 stått
790 1226 44 17 dem
846 1225 32 18 till

114 1254 55 24 buds,
182 1254 35 18 har
230 1255 33 17 det
274 1255 50 17 dock
336 1255 60 18 äfven
408 1255 53 17 visat
474 1255 30 23 sig
516 1257 30 15 att
558 1255 179 18 sammanförandet
749 1255 23 18 af
782 1260 24 12 en
814 1256 64 16 större

115 1283 73 23 mängd
206 1283 174 24 arbetarefamiljer
398 1283 36 18 och
454 1283 89 18 enskilda
560 1284 88 17 arbetare
662 1284 8 17 i
682 1284 73 17 sådana
766 1283 112 18 kasernlika

116 1311 113 24 byggnader
242 1311 40 18 ofta
294 1312 66 17 tillika
372 1312 59 23 gifvit
443 1312 76 23 upphot
530 1313 32 17 till
574 1313 137 18 allvarsamma
722 1311 156 19 missförbållan-

115 1341 43 17 den.
181 1340 97 18 Alltmera
295 1341 35 17 har
348 1341 78 17 därföre
439 1341 39 18 den
494 1341 50 23 åsigt
555 1341 72 18 vunnit
639 1341 65 24 insteg
716 1343 29 16 ett
757 1341 38 18 den
807 1340 72 23 lyckli-

114 1371 56 21 gaste
179 1369 79 23 lösning
270 1369 23 18 af
303 1369 65 18 denna
379 1369 55 24 fråga
448 1376 52 17 vore,
514 1370 6 17 i
532 1370 36 17 fall
580 1371 31 16 till
623 1370 178 18 arbetarebostäder
813 1369 65 18 skulle

115 1398 94 23 uppföras
229 1398 76 18 mindre
323 1398 43 22 hus,
378 1399 82 17 atsedda
478 1399 67 23 hvarje
562 1399 69 18 endast
646 1399 30 18 för
692 1400 28 17 ett
731 1398 49 18 fåtal
792 1398 86 24 familjer

116 1427 35 17 och
170 1427 52 18 helst
240 1427 22 18 så
279 1427 103 23 inrättade,
398 1429 28 16 att
443 1427 67 24 hvarje
522 1427 62 24 familj
596 1428 50 17 hade
658 1428 31 17 sin
702 1427 96 18 särskilda
810 1427 67 18 bostad

186 1461 102 18 Allmänna
301 1461 175 18 Besvärsutskottets
488 1461 108 18 betänkande
608 1462 36 18 N:o
657 1463 27 17 12.
