1053 1673
213 119 372 23 Petitionsbetänkande
601 120 53 22 N:o
670 119 22 22 1.

293 493 276 28 Jernvägsutskottets
585 493 161 22 betänkande
761 493 36 22 N:o
813 493 10 21 1

223 529 7 21 i
251 528 117 28 anledning
389 528 22 22 af
426 528 110 23 särskilda
551 529 35 22 till
601 529 120 28 Höglofliga
736 529 91 22 Ständen

223 564 118 22 inlemnade
349 564 118 29 petitioner,
475 564 112 29 angående
595 565 232 29 jernvägsbyggnader.

154 637 43 21 Till
216 637 215 33 Jernvägsutskottet
451 637 66 22 hafva
537 637 95 27 följande
654 637 117 27 petitioner
791 643 37 15 an-

85 673 81 27 gäende
180 673 257 27 jernvägsanläggningar
453 673 72 21 blifvit
540 673 146 22 remitterade.

444 781 23 17 1

155 833 58 22 Frän
233 833 167 22 Presteständet
415 840 26 14 en
458 833 23 21 af
496 833 55 21 Herr
566 833 27 21 K.
610 834 24 20 A.
651 833 130 23 Schroderus
798 833 31 21 in-

86 870 85 22 lemnad
192 870 93 26 petition
307 876 33 15 om
357 870 162 26 undersökning
534 869 24 21 af
572 876 27 15 en
613 870 154 26 jernvägslinie
782 870 48 20 från

86 905 107 27 Uleäborg
212 905 35 21 till
268 905 84 21 Torneä
374 907 56 19 samt
446 911 35 15 om
498 905 153 27 föreläggande
667 905 34 21 till
719 906 110 20 nästkom-

86 942 76 20 mande
178 941 103 27 landtdag
297 941 24 21 af
334 941 135 27 proposition
486 947 35 15 om
531 940 113 28 byggande
654 941 24 21 af
688 941 69 21 denna
768 941 61 27 bana,

87 976 85 22 hvilken
188 976 92 28 petition
297 977 6 21 i
320 976 157 26 öfversättning
492 976 40 22 har
547 976 95 27 följande
658 976 91 27 lydelse:

213 1078 55 19 Till
288 1078 181 26 Högvördiga
490 1078 217 20 Presteständet.

159 1137 41 20 Vid
219 1140 80 17 senaste
320 1137 99 26 landtdag
439 1137 148 26 petitionerade
609 1137 113 20 Ständerna
737 1137 7 19 i
759 1137 73 19 under-

90 1167 97 25 dänighet
202 1168 37 19 hos
253 1168 59 19 Hans
327 1167 117 25 Kejserliga
460 1168 97 25 Majestät
573 1167 75 25 derom,
667 1170 42 22 ,att
724 1168 26 24 pä
765 1166 68 26 grund

90 1196 23 20 af
138 1196 142 21 instrumental
312 1197 155 25 undersökning
501 1197 23 20 af
551 1203 26 13 en
605 1196 148 26 jernvägslinie
788 1196 45 20 från

90 1226 102 26 Uleåborg
211 1227 32 19 till
263 1227 80 19 Torneå
363 1226 131 26 fullständigt
514 1226 77 26 förslag
611 1227 37 19 och
663 1226 170 20 kostnadsberäk-

91 1256 50 26 ning
154 1257 63 19 mätte
232 1259 107 23 upprättas
349 1256 32 20 för
391 1263 26 13 en
424 1256 228 26 jernvägsanläggning
662 1256 73 20 mellan
746 1255 88 21 nämnda

93 1288 66 18 orter
176 1298 29 3 —
222 1298 26 3 —
262 1302 9 9 ,
275 1289 51 22 samt
342 1288 30 18 att
383 1286 7 19 i
401 1286 64 20 sinom
476 1286 31 20 tid
517 1286 63 25 nådig
592 1286 124 26 proposition
727 1293 31 13 om
768 1286 67 19 denna

90 1316 63 20 banas
168 1316 107 20 utförande
290 1316 100 20 förelades
406 1314 132 22 ständerna".

159 1345 73 26 Nägon
247 1346 154 25 undersökning
417 1346 22 19 af
451 1346 90 20 nämnda
549 1346 147 25 jernvägslinie
707 1346 7 19 i
724 1345 111 25 anledning

90 1375 23 19 af
125 1375 66 19 denna
205 1376 85 25 petition
306 1375 58 20 torde
379 1375 53 20 dock
448 1376 17 25 ej
482 1375 62 20 hafva
559 1378 35 22 egt
609 1382 50 19 rum,
675 1375 82 20 hvarför
773 1374 63 26 nädig

90 1405 124 25 proposition
229 1412 32 12 om
276 1404 110 27 byggande
402 1405 23 19 af
437 1412 26 12 en
477 1405 89 25 jernväg
585 1405 74 20 mellan
678 1405 102 25 Uleäborg
798 1404 37 20 och

90 1434 79 20 Torneå
184 1434 70 20 städer
270 1435 85 19 sålunda
370 1434 46 20 icke
432 1438 23 16 är
471 1438 30 16 att.
517 1437 80 17 emotse.

160 1474 176 24 Jernvägsutskottets
348 1474 107 20 betänkande
467 1476 37 18 N:o
517 1476 14 18 1.
