<?xml version="1.0" encoding="UTF-8"?>
<alto xmlns="http://www.loc.gov/standards/alto/ns-v3#" xmlns:xlink="http://www.w3.org/1999/xlink" xmlns:xsi="http://www.w3.org/2001/XMLSchema-instance" xsi:schemaLocation="http://www.loc.gov/standards/alto/ns-v3# http://www.loc.gov/alto/v3/alto-3-0.xsd">
	<Description>
		<MeasurementUnit>pixel</MeasurementUnit>
		<sourceImageInformation>
			<fileName>/tmp/tess_6dnyywaq_input.PNG</fileName>
		</sourceImageInformation>
		<OCRProcessing ID="OCR_0">
			<ocrProcessingStep>
				<processingSoftware>
					<softwareName>tesseract 5.3.4</softwareName>
				</processingSoftware>
			</ocrProcessingStep>
		</OCRProcessing>
	</Description>
	<Layout>
		<Page WIDTH="1056" HEIGHT="1673" PHYSICAL_IMG_NR="0" ID="page_0">
			<PrintSpace HPOS="0" VPOS="0" WIDTH="1056" HEIGHT="1673">
				<ComposedBlock ID="cblock_0" HPOS="244" VPOS="110" WIDTH="500" HEIGHT="22">
					<TextBlock ID="block_0" HPOS="244" VPOS="110" WIDTH="500" HEIGHT="22">
						<TextLine ID="line_0" HPOS="244" VPOS="110" WIDTH="500" HEIGHT="22">
							<String ID="string_0" HPOS="244" VPOS="112" WIDTH="28" HEIGHT="18" WC="0.95" CONTENT="82"/><SP WIDTH="168" VPOS="112" HPOS="272"/>
							<String ID="string_1" HPOS="440" VPOS="110" WIDTH="223" HEIGHT="22" WC="0.92" CONTENT="Petitionsbetänkande"/><SP WIDTH="17" VPOS="110" HPOS="663"/>
							<String ID="string_2" HPOS="680" VPOS="110" WIDTH="34" HEIGHT="22" WC="0.95" CONTENT="N:o"/><SP WIDTH="16" VPOS="110" HPOS="714"/>
							<String ID="string_3" HPOS="730" VPOS="110" WIDTH="14" HEIGHT="21" WC="0.95" CONTENT="1."/>
						</TextLine>
					</TextBlock>
				</ComposedBlock>
				<ComposedBlock ID="cblock_1" HPOS="213" VPOS="170" WIDTH="749" HEIGHT="476">
					<TextBlock ID="block_1" HPOS="213" VPOS="170" WIDTH="749" HEIGHT="380">
						<TextLine ID="line_1" HPOS="215" VPOS="170" WIDTH="747" HEIGHT="27">
							<String ID="string_4" HPOS="215" VPOS="170" WIDTH="110" HEIGHT="21" WC="0.91" CONTENT="industriel"/><SP WIDTH="16" VPOS="170" HPOS="325"/>
							<String ID="string_5" HPOS="341" VPOS="171" WIDTH="130" HEIGHT="21" WC="0.96" CONTENT="verksamhet"/><SP WIDTH="16" VPOS="171" HPOS="471"/>
							<String ID="string_6" HPOS="487" VPOS="172" WIDTH="38" HEIGHT="19" WC="0.96" CONTENT="och"/><SP WIDTH="16" VPOS="172" HPOS="525"/>
							<String ID="string_7" HPOS="541" VPOS="171" WIDTH="62" HEIGHT="21" WC="0.93" CONTENT="trafik"/><SP WIDTH="16" VPOS="171" HPOS="603"/>
							<String ID="string_8" HPOS="619" VPOS="178" WIDTH="38" HEIGHT="19" WC="0.92" CONTENT="ega"/><SP WIDTH="21" VPOS="178" HPOS="657"/>
							<String ID="string_9" HPOS="678" VPOS="172" WIDTH="66" HEIGHT="25" WC="0.96" CONTENT="någon"/><SP WIDTH="22" VPOS="172" HPOS="744"/>
							<String ID="string_10" HPOS="766" VPOS="173" WIDTH="66" HEIGHT="18" WC="0.95" CONTENT="större"/><SP WIDTH="20" VPOS="173" HPOS="832"/>
							<String ID="string_11" HPOS="852" VPOS="171" WIDTH="110" HEIGHT="25" WC="0.96" CONTENT="betydelse."/>
						</TextLine>
						<TextLine ID="line_2" HPOS="214" VPOS="201" WIDTH="748" HEIGHT="26">
							<String ID="string_12" HPOS="214" VPOS="201" WIDTH="82" HEIGHT="21" WC="0.96" CONTENT="Sådana"/><SP WIDTH="22" VPOS="201" HPOS="296"/>
							<String ID="string_13" HPOS="318" VPOS="201" WIDTH="89" HEIGHT="26" WC="0.96" CONTENT="punkter"/><SP WIDTH="20" VPOS="201" HPOS="407"/>
							<String ID="string_14" HPOS="427" VPOS="204" WIDTH="35" HEIGHT="17" WC="0.95" CONTENT="äro"/><SP WIDTH="21" VPOS="204" HPOS="462"/>
							<String ID="string_15" HPOS="483" VPOS="201" WIDTH="98" HEIGHT="21" WC="0.96" CONTENT="städerna"/><SP WIDTH="19" VPOS="201" HPOS="581"/>
							<String ID="string_16" HPOS="600" VPOS="202" WIDTH="94" HEIGHT="20" WC="0.96" CONTENT="Joensuu"/><SP WIDTH="16" VPOS="202" HPOS="694"/>
							<String ID="string_17" HPOS="710" VPOS="201" WIDTH="37" HEIGHT="20" WC="0.96" CONTENT="och"/><SP WIDTH="15" VPOS="201" HPOS="747"/>
							<String ID="string_18" HPOS="762" VPOS="201" WIDTH="122" HEIGHT="26" WC="0.91" CONTENT="Jyväskylä."/><SP WIDTH="30" VPOS="201" HPOS="884"/>
							<String ID="string_19" HPOS="914" VPOS="201" WIDTH="48" HEIGHT="20" WC="0.95" CONTENT="Med"/>
						</TextLine>
						<TextLine ID="line_3" HPOS="213" VPOS="231" WIDTH="749" HEIGHT="27">
							<String ID="string_20" HPOS="213" VPOS="231" WIDTH="83" HEIGHT="25" WC="0.96" CONTENT="hänsyn"/><SP WIDTH="20" VPOS="231" HPOS="296"/>
							<String ID="string_21" HPOS="316" VPOS="231" WIDTH="31" HEIGHT="19" WC="0.94" CONTENT="till"/><SP WIDTH="21" VPOS="231" HPOS="347"/>
							<String ID="string_22" HPOS="368" VPOS="231" WIDTH="39" HEIGHT="20" WC="0.96" CONTENT="den"/><SP WIDTH="20" VPOS="231" HPOS="407"/>
							<String ID="string_23" HPOS="427" VPOS="231" WIDTH="141" HEIGHT="21" WC="0.96" CONTENT="förstnämnda"/><SP WIDTH="21" VPOS="231" HPOS="568"/>
							<String ID="string_24" HPOS="589" VPOS="232" WIDTH="133" HEIGHT="26" WC="0.96" CONTENT="synpunkten"/><SP WIDTH="20" VPOS="232" HPOS="722"/>
							<String ID="string_25" HPOS="742" VPOS="234" WIDTH="23" HEIGHT="16" WC="0.96" CONTENT="är"/><SP WIDTH="21" VPOS="234" HPOS="765"/>
							<String ID="string_26" HPOS="786" VPOS="231" WIDTH="40" HEIGHT="20" WC="0.96" CONTENT="den"/><SP WIDTH="16" VPOS="231" HPOS="826"/>
							<String ID="string_27" HPOS="842" VPOS="231" WIDTH="51" HEIGHT="20" WC="0.96" CONTENT="enda"/><SP WIDTH="15" VPOS="231" HPOS="893"/>
							<String ID="string_28" HPOS="908" VPOS="233" WIDTH="54" HEIGHT="17" WC="0.96" CONTENT="rätta"/>
						</TextLine>
						<TextLine ID="line_4" HPOS="214" VPOS="260" WIDTH="748" HEIGHT="27">
							<String ID="string_29" HPOS="214" VPOS="260" WIDTH="49" HEIGHT="21" WC="0.92" CONTENT="linie"/><SP WIDTH="16" VPOS="260" HPOS="263"/>
							<String ID="string_30" HPOS="279" VPOS="260" WIDTH="39" HEIGHT="21" WC="0.96" CONTENT="den"/><SP WIDTH="15" VPOS="260" HPOS="318"/>
							<String ID="string_31" HPOS="333" VPOS="268" WIDTH="44" HEIGHT="13" WC="0.96" CONTENT="som"/><SP WIDTH="14" VPOS="268" HPOS="377"/>
							<String ID="string_32" HPOS="391" VPOS="262" WIDTH="38" HEIGHT="25" WC="0.96" CONTENT="går"/><SP WIDTH="15" VPOS="262" HPOS="429"/>
							<String ID="string_33" HPOS="444" VPOS="268" WIDTH="73" HEIGHT="19" WC="0.96" CONTENT="genom"/><SP WIDTH="16" VPOS="268" HPOS="517"/>
							<String ID="string_34" HPOS="533" VPOS="261" WIDTH="117" HEIGHT="26" WC="0.96" CONTENT="Jyväskylä"/><SP WIDTH="14" VPOS="261" HPOS="650"/>
							<String ID="string_35" HPOS="664" VPOS="261" WIDTH="32" HEIGHT="20" WC="0.92" CONTENT="till"/><SP WIDTH="15" VPOS="261" HPOS="696"/>
							<String ID="string_36" HPOS="711" VPOS="260" WIDTH="129" HEIGHT="27" WC="0.91" CONTENT="Suonenjoki."/><SP WIDTH="20" VPOS="260" HPOS="840"/>
							<String ID="string_37" HPOS="860" VPOS="261" WIDTH="46" HEIGHT="20" WC="0.93" CONTENT="Den"/><SP WIDTH="10" VPOS="261" HPOS="906"/>
							<String ID="string_38" HPOS="916" VPOS="260" WIDTH="46" HEIGHT="20" WC="0.90" CONTENT="kor-"/>
						</TextLine>
						<TextLine ID="line_5" HPOS="214" VPOS="289" WIDTH="748" HEIGHT="28">
							<String ID="string_39" HPOS="214" VPOS="293" WIDTH="54" HEIGHT="18" WC="0.96" CONTENT="taste"/><SP WIDTH="21" VPOS="293" HPOS="268"/>
							<String ID="string_40" HPOS="289" VPOS="290" WIDTH="145" HEIGHT="27" WC="0.96" CONTENT="sträckningen"/><SP WIDTH="15" VPOS="290" HPOS="434"/>
							<String ID="string_41" HPOS="449" VPOS="291" WIDTH="31" HEIGHT="21" WC="0.96" CONTENT="för"/><SP WIDTH="16" VPOS="291" HPOS="480"/>
							<String ID="string_42" HPOS="496" VPOS="298" WIDTH="24" HEIGHT="13" WC="0.93" CONTENT="en"/><SP WIDTH="17" VPOS="298" HPOS="520"/>
							<String ID="string_43" HPOS="537" VPOS="290" WIDTH="133" HEIGHT="27" WC="0.92" CONTENT="förbindning"/><SP WIDTH="15" VPOS="290" HPOS="670"/>
							<String ID="string_44" HPOS="685" VPOS="290" WIDTH="23" HEIGHT="21" WC="0.96" CONTENT="af"/><SP WIDTH="13" VPOS="290" HPOS="708"/>
							<String ID="string_45" HPOS="721" VPOS="291" WIDTH="98" HEIGHT="20" WC="0.96" CONTENT="Savolaks"/><SP WIDTH="16" VPOS="291" HPOS="819"/>
							<String ID="string_46" HPOS="835" VPOS="291" WIDTH="37" HEIGHT="20" WC="0.93" CONTENT="och"/><SP WIDTH="15" VPOS="291" HPOS="872"/>
							<String ID="string_47" HPOS="887" VPOS="289" WIDTH="75" HEIGHT="22" WC="0.92" CONTENT="Karel-"/>
						</TextLine>
						<TextLine ID="line_6" HPOS="215" VPOS="320" WIDTH="747" HEIGHT="27">
							<String ID="string_48" HPOS="215" VPOS="321" WIDTH="37" HEIGHT="20" WC="0.95" CONTENT="ska"/><SP WIDTH="23" VPOS="321" HPOS="252"/>
							<String ID="string_49" HPOS="275" VPOS="321" WIDTH="91" HEIGHT="19" WC="0.95" CONTENT="banorna"/><SP WIDTH="20" VPOS="321" HPOS="366"/>
							<String ID="string_50" HPOS="386" VPOS="328" WIDTH="48" HEIGHT="13" WC="0.96" CONTENT="vore"/><SP WIDTH="25" VPOS="328" HPOS="434"/>
							<String ID="string_51" HPOS="459" VPOS="321" WIDTH="39" HEIGHT="20" WC="0.96" CONTENT="den"/><SP WIDTH="21" VPOS="321" HPOS="498"/>
							<String ID="string_52" HPOS="519" VPOS="320" WIDTH="46" HEIGHT="21" WC="0.96" CONTENT="från"/><SP WIDTH="14" VPOS="320" HPOS="565"/>
							<String ID="string_53" HPOS="579" VPOS="320" WIDTH="81" HEIGHT="27" WC="0.96" CONTENT="Kuopio"/><SP WIDTH="21" VPOS="320" HPOS="660"/>
							<String ID="string_54" HPOS="681" VPOS="320" WIDTH="32" HEIGHT="20" WC="0.96" CONTENT="till"/><SP WIDTH="20" VPOS="320" HPOS="713"/>
							<String ID="string_55" HPOS="733" VPOS="321" WIDTH="98" HEIGHT="20" WC="0.93" CONTENT="Joensuu."/><SP WIDTH="36" VPOS="321" HPOS="831"/>
							<String ID="string_56" HPOS="867" VPOS="321" WIDTH="47" HEIGHT="19" WC="0.94" CONTENT="Men"/><SP WIDTH="22" VPOS="321" HPOS="914"/>
							<String ID="string_57" HPOS="936" VPOS="320" WIDTH="26" HEIGHT="20" WC="0.96" CONTENT="då"/>
						</TextLine>
						<TextLine ID="line_7" HPOS="215" VPOS="350" WIDTH="747" HEIGHT="27">
							<String ID="string_58" HPOS="215" VPOS="352" WIDTH="139" HEIGHT="24" WC="0.88" CONTENT="ötvergängen"/><SP WIDTH="11" VPOS="352" HPOS="354"/>
							<String ID="string_59" HPOS="365" VPOS="350" WIDTH="23" HEIGHT="20" WC="0.96" CONTENT="af"/><SP WIDTH="7" VPOS="350" HPOS="388"/>
							<String ID="string_60" HPOS="395" VPOS="351" WIDTH="106" HEIGHT="20" WC="0.96" CONTENT="Kallavesi"/><SP WIDTH="11" VPOS="351" HPOS="501"/>
							<String ID="string_61" HPOS="512" VPOS="350" WIDTH="58" HEIGHT="21" WC="0.96" CONTENT="torde"/><SP WIDTH="11" VPOS="350" HPOS="570"/>
							<String ID="string_62" HPOS="581" VPOS="351" WIDTH="61" HEIGHT="19" WC="0.96" CONTENT="ställa"/><SP WIDTH="15" VPOS="351" HPOS="642"/>
							<String ID="string_63" HPOS="657" VPOS="350" WIDTH="33" HEIGHT="26" WC="0.96" CONTENT="sig"/><SP WIDTH="14" VPOS="350" HPOS="690"/>
							<String ID="string_64" HPOS="704" VPOS="350" WIDTH="80" HEIGHT="26" WC="0.96" CONTENT="ganska"/><SP WIDTH="15" VPOS="350" HPOS="784"/>
							<String ID="string_65" HPOS="799" VPOS="352" WIDTH="53" HEIGHT="25" WC="0.94" CONTENT="svår,"/><SP WIDTH="16" VPOS="352" HPOS="852"/>
							<String ID="string_66" HPOS="868" VPOS="351" WIDTH="36" HEIGHT="19" WC="0.97" CONTENT="bör"/><SP WIDTH="11" VPOS="351" HPOS="904"/>
							<String ID="string_67" HPOS="915" VPOS="357" WIDTH="47" HEIGHT="13" WC="0.96" CONTENT="man"/>
						</TextLine>
						<TextLine ID="line_8" HPOS="214" VPOS="380" WIDTH="747" HEIGHT="27">
							<String ID="string_68" HPOS="214" VPOS="382" WIDTH="51" HEIGHT="24" WC="0.96" CONTENT="utgå"/><SP WIDTH="15" VPOS="382" HPOS="265"/>
							<String ID="string_69" HPOS="280" VPOS="380" WIDTH="46" HEIGHT="20" WC="0.96" CONTENT="från"/><SP WIDTH="15" VPOS="380" HPOS="326"/>
							<String ID="string_70" HPOS="341" VPOS="382" WIDTH="67" HEIGHT="24" WC="0.96" CONTENT="någon"/><SP WIDTH="16" VPOS="382" HPOS="408"/>
							<String ID="string_71" HPOS="424" VPOS="381" WIDTH="65" HEIGHT="26" WC="0.96" CONTENT="punkt"/><SP WIDTH="16" VPOS="381" HPOS="489"/>
							<String ID="string_72" HPOS="505" VPOS="380" WIDTH="7" HEIGHT="20" WC="0.92" CONTENT="i"/><SP WIDTH="15" VPOS="380" HPOS="512"/>
							<String ID="string_73" HPOS="527" VPOS="380" WIDTH="125" HEIGHT="26" WC="0.91" CONTENT="Suonenjoki"/><SP WIDTH="15" VPOS="380" HPOS="652"/>
							<String ID="string_74" HPOS="667" VPOS="380" WIDTH="38" HEIGHT="20" WC="0.96" CONTENT="och"/><SP WIDTH="15" VPOS="380" HPOS="705"/>
							<String ID="string_75" HPOS="720" VPOS="380" WIDTH="71" HEIGHT="21" WC="0.96" CONTENT="vidare"/><SP WIDTH="10" VPOS="380" HPOS="791"/>
							<String ID="string_76" HPOS="801" VPOS="387" WIDTH="72" HEIGHT="19" WC="0.91" CONTENT="genom"/><SP WIDTH="10" VPOS="387" HPOS="873"/>
							<String ID="string_77" HPOS="883" VPOS="380" WIDTH="78" HEIGHT="26" WC="0.90" CONTENT="Leppä-"/>
						</TextLine>
						<TextLine ID="line_9" HPOS="214" VPOS="410" WIDTH="748" HEIGHT="26">
							<String ID="string_78" HPOS="214" VPOS="410" WIDTH="60" HEIGHT="26" WC="0.96" CONTENT="virta,"/><SP WIDTH="17" VPOS="410" HPOS="274"/>
							<String ID="string_79" HPOS="291" VPOS="410" WIDTH="110" HEIGHT="20" WC="0.96" CONTENT="Heinävesi"/><SP WIDTH="16" VPOS="410" HPOS="401"/>
							<String ID="string_80" HPOS="417" VPOS="411" WIDTH="36" HEIGHT="19" WC="0.96" CONTENT="och"/><SP WIDTH="16" VPOS="411" HPOS="453"/>
							<String ID="string_81" HPOS="469" VPOS="411" WIDTH="86" HEIGHT="20" WC="0.96" CONTENT="Libelits"/><SP WIDTH="15" VPOS="411" HPOS="555"/>
							<String ID="string_82" HPOS="570" VPOS="410" WIDTH="32" HEIGHT="20" WC="0.96" CONTENT="till"/><SP WIDTH="15" VPOS="410" HPOS="602"/>
							<String ID="string_83" HPOS="617" VPOS="411" WIDTH="97" HEIGHT="19" WC="0.96" CONTENT="Joensuu."/><SP WIDTH="26" VPOS="411" HPOS="714"/>
							<String ID="string_84" HPOS="740" VPOS="410" WIDTH="42" HEIGHT="26" WC="0.96" CONTENT="Jag"/><SP WIDTH="15" VPOS="410" HPOS="782"/>
							<String ID="string_85" HPOS="797" VPOS="417" WIDTH="59" HEIGHT="14" WC="0.96" CONTENT="anser"/><SP WIDTH="16" VPOS="417" HPOS="856"/>
							<String ID="string_86" HPOS="872" VPOS="410" WIDTH="34" HEIGHT="20" WC="0.95" CONTENT="det"/><SP WIDTH="10" VPOS="410" HPOS="906"/>
							<String ID="string_87" HPOS="916" VPOS="410" WIDTH="46" HEIGHT="20" WC="0.95" CONTENT="icke"/>
						</TextLine>
						<TextLine ID="line_10" HPOS="215" VPOS="440" WIDTH="746" HEIGHT="27">
							<String ID="string_88" HPOS="215" VPOS="440" WIDTH="72" HEIGHT="26" WC="0.91" CONTENT="nödigt"/><SP WIDTH="22" VPOS="440" HPOS="287"/>
							<String ID="string_89" HPOS="309" VPOS="442" WIDTH="29" HEIGHT="18" WC="0.96" CONTENT="att"/><SP WIDTH="21" VPOS="442" HPOS="338"/>
							<String ID="string_90" HPOS="359" VPOS="440" WIDTH="37" HEIGHT="20" WC="0.93" CONTENT="här"/><SP WIDTH="19" VPOS="440" HPOS="396"/>
							<String ID="string_91" HPOS="415" VPOS="440" WIDTH="48" HEIGHT="26" WC="0.93" CONTENT="ingä"/><SP WIDTH="20" VPOS="440" HPOS="463"/>
							<String ID="string_92" HPOS="483" VPOS="442" WIDTH="27" HEIGHT="25" WC="0.95" CONTENT="pä"/><SP WIDTH="21" VPOS="442" HPOS="510"/>
							<String ID="string_93" HPOS="531" VPOS="447" WIDTH="26" HEIGHT="14" WC="0.91" CONTENT="en"/><SP WIDTH="16" VPOS="447" HPOS="557"/>
							<String ID="string_94" HPOS="573" VPOS="440" WIDTH="129" HEIGHT="26" WC="0.91" CONTENT="redogörelse"/><SP WIDTH="16" VPOS="440" HPOS="702"/>
							<String ID="string_95" HPOS="718" VPOS="440" WIDTH="31" HEIGHT="20" WC="0.96" CONTENT="för"/><SP WIDTH="16" VPOS="440" HPOS="749"/>
							<String ID="string_96" HPOS="765" VPOS="440" WIDTH="26" HEIGHT="20" WC="0.93" CONTENT="de"/><SP WIDTH="15" VPOS="440" HPOS="791"/>
							<String ID="string_97" HPOS="806" VPOS="440" WIDTH="102" HEIGHT="20" WC="0.92" CONTENT="förmäner"/><SP WIDTH="16" VPOS="440" HPOS="908"/>
							<String ID="string_98" HPOS="924" VPOS="440" WIDTH="37" HEIGHT="19" WC="0.96" CONTENT="och"/>
						</TextLine>
						<TextLine ID="line_11" HPOS="215" VPOS="469" WIDTH="746" HEIGHT="26">
							<String ID="string_99" HPOS="215" VPOS="470" WIDTH="25" HEIGHT="20" WC="0.92" CONTENT="de"/><SP WIDTH="21" VPOS="470" HPOS="240"/>
							<String ID="string_100" HPOS="261" VPOS="470" WIDTH="103" HEIGHT="25" WC="0.92" CONTENT="naturliga"/><SP WIDTH="15" VPOS="470" HPOS="364"/>
							<String ID="string_101" HPOS="379" VPOS="477" WIDTH="102" HEIGHT="14" WC="0.92" CONTENT="ressurser"/><SP WIDTH="16" VPOS="477" HPOS="481"/>
							<String ID="string_102" HPOS="497" VPOS="477" WIDTH="42" HEIGHT="14" WC="0.96" CONTENT="som"/><SP WIDTH="17" VPOS="477" HPOS="539"/>
							<String ID="string_103" HPOS="556" VPOS="470" WIDTH="67" HEIGHT="20" WC="0.92" CONTENT="denna"/><SP WIDTH="15" VPOS="470" HPOS="623"/>
							<String ID="string_104" HPOS="638" VPOS="470" WIDTH="48" HEIGHT="19" WC="0.92" CONTENT="linie"/><SP WIDTH="16" VPOS="470" HPOS="686"/>
							<String ID="string_105" HPOS="702" VPOS="469" WIDTH="100" HEIGHT="26" WC="0.91" CONTENT="erbjuder,"/><SP WIDTH="16" VPOS="469" HPOS="802"/>
							<String ID="string_106" HPOS="818" VPOS="472" WIDTH="23" HEIGHT="23" WC="0.93" CONTENT="ty"/><SP WIDTH="15" VPOS="472" HPOS="841"/>
							<String ID="string_107" HPOS="856" VPOS="470" WIDTH="52" HEIGHT="20" WC="0.91" CONTENT="hvar"/><SP WIDTH="16" VPOS="470" HPOS="908"/>
							<String ID="string_108" HPOS="924" VPOS="470" WIDTH="37" HEIGHT="19" WC="0.96" CONTENT="och"/>
						</TextLine>
						<TextLine ID="line_12" HPOS="215" VPOS="499" WIDTH="746" HEIGHT="27">
							<String ID="string_109" HPOS="215" VPOS="507" WIDTH="32" HEIGHT="19" WC="0.96" CONTENT="en,"/><SP WIDTH="22" VPOS="507" HPOS="247"/>
							<String ID="string_110" HPOS="269" VPOS="507" WIDTH="42" HEIGHT="13" WC="0.96" CONTENT="som"/><SP WIDTH="16" VPOS="507" HPOS="311"/>
							<String ID="string_111" HPOS="327" VPOS="503" WIDTH="23" HEIGHT="16" WC="0.93" CONTENT="är"/><SP WIDTH="15" VPOS="503" HPOS="350"/>
							<String ID="string_112" HPOS="365" VPOS="500" WIDTH="103" HEIGHT="26" WC="0.92" CONTENT="förtrogen"/><SP WIDTH="15" VPOS="500" HPOS="468"/>
							<String ID="string_113" HPOS="483" VPOS="500" WIDTH="46" HEIGHT="20" WC="0.96" CONTENT="med"/><SP WIDTH="16" VPOS="500" HPOS="529"/>
							<String ID="string_114" HPOS="545" VPOS="500" WIDTH="99" HEIGHT="20" WC="0.93" CONTENT="Finlands"/><SP WIDTH="16" VPOS="500" HPOS="644"/>
							<String ID="string_115" HPOS="660" VPOS="500" WIDTH="97" HEIGHT="25" WC="0.92" CONTENT="geografi,"/><SP WIDTH="21" VPOS="500" HPOS="757"/>
							<String ID="string_116" HPOS="778" VPOS="500" WIDTH="55" HEIGHT="20" WC="0.93" CONTENT="inser"/><SP WIDTH="15" VPOS="500" HPOS="833"/>
							<String ID="string_117" HPOS="848" VPOS="507" WIDTH="41" HEIGHT="18" WC="0.96" CONTENT="nog"/><SP WIDTH="16" VPOS="507" HPOS="889"/>
							<String ID="string_118" HPOS="905" VPOS="499" WIDTH="56" HEIGHT="20" WC="0.97" CONTENT="detta"/>
						</TextLine>
						<TextLine ID="line_13" HPOS="215" VPOS="530" WIDTH="198" HEIGHT="20">
							<String ID="string_119" HPOS="215" VPOS="530" WIDTH="60" HEIGHT="20" WC="0.92" CONTENT="äfven"/><SP WIDTH="16" VPOS="530" HPOS="275"/>
							<String ID="string_120" HPOS="291" VPOS="530" WIDTH="122" HEIGHT="20" WC="0.92" CONTENT="derförutan."/>
						</TextLine>
					</TextBlock>
					<TextBlock ID="block_2" HPOS="214" VPOS="559" WIDTH="747" HEIGHT="87">
						<TextLine ID="line_14" HPOS="286" VPOS="559" WIDTH="675" HEIGHT="27">
							<String ID="string_121" HPOS="286" VPOS="560" WIDTH="32" HEIGHT="20" WC="0.96" CONTENT="Då"/><SP WIDTH="15" VPOS="560" HPOS="318"/>
							<String ID="string_122" HPOS="333" VPOS="560" WIDTH="35" HEIGHT="20" WC="0.96" CONTENT="det"/><SP WIDTH="15" VPOS="560" HPOS="368"/>
							<String ID="string_123" HPOS="383" VPOS="563" WIDTH="23" HEIGHT="17" WC="0.96" CONTENT="är"/><SP WIDTH="16" VPOS="563" HPOS="406"/>
							<String ID="string_124" HPOS="422" VPOS="567" WIDTH="24" HEIGHT="13" WC="0.93" CONTENT="en"/><SP WIDTH="11" VPOS="567" HPOS="446"/>
							<String ID="string_125" HPOS="457" VPOS="560" WIDTH="90" HEIGHT="26" WC="0.96" CONTENT="naturlig"/><SP WIDTH="10" VPOS="560" HPOS="547"/>
							<String ID="string_126" HPOS="557" VPOS="560" WIDTH="37" HEIGHT="20" WC="0.96" CONTENT="sak"/><SP WIDTH="12" VPOS="560" HPOS="594"/>
							<String ID="string_127" HPOS="606" VPOS="562" WIDTH="30" HEIGHT="17" WC="0.97" CONTENT="att"/><SP WIDTH="11" VPOS="562" HPOS="636"/>
							<String ID="string_128" HPOS="647" VPOS="559" WIDTH="67" HEIGHT="21" WC="0.93" CONTENT="denna"/><SP WIDTH="11" VPOS="559" HPOS="714"/>
							<String ID="string_129" HPOS="725" VPOS="560" WIDTH="99" HEIGHT="20" WC="0.92" CONTENT="tvärbana"/><SP WIDTH="11" VPOS="560" HPOS="824"/>
							<String ID="string_130" HPOS="835" VPOS="560" WIDTH="37" HEIGHT="19" WC="0.96" CONTENT="bör"/><SP WIDTH="10" VPOS="560" HPOS="872"/>
							<String ID="string_131" HPOS="882" VPOS="560" WIDTH="79" HEIGHT="19" WC="0.96" CONTENT="komma"/>
						</TextLine>
						<TextLine ID="line_15" HPOS="214" VPOS="589" WIDTH="746" HEIGHT="28">
							<String ID="string_132" HPOS="214" VPOS="590" WIDTH="73" HEIGHT="20" WC="0.96" CONTENT="främst"/><SP WIDTH="14" VPOS="590" HPOS="287"/>
							<String ID="string_133" HPOS="301" VPOS="590" WIDTH="8" HEIGHT="20" WC="0.93" CONTENT="i"/><SP WIDTH="14" VPOS="590" HPOS="309"/>
							<String ID="string_134" HPOS="323" VPOS="592" WIDTH="66" HEIGHT="25" WC="0.92" CONTENT="turen,"/><SP WIDTH="15" VPOS="592" HPOS="389"/>
							<String ID="string_135" HPOS="404" VPOS="590" WIDTH="91" HEIGHT="21" WC="0.93" CONTENT="anhäller"/><SP WIDTH="12" VPOS="590" HPOS="495"/>
							<String ID="string_136" HPOS="507" VPOS="590" WIDTH="38" HEIGHT="26" WC="0.93" CONTENT="jag"/><SP WIDTH="16" VPOS="590" HPOS="545"/>
							<String ID="string_137" HPOS="561" VPOS="589" WIDTH="116" HEIGHT="26" WC="0.92" CONTENT="ödmjukast"/><SP WIDTH="15" VPOS="589" HPOS="677"/>
							<String ID="string_138" HPOS="692" VPOS="597" WIDTH="32" HEIGHT="13" WC="0.93" CONTENT="om"/><SP WIDTH="15" VPOS="597" HPOS="724"/>
							<String ID="string_139" HPOS="739" VPOS="589" WIDTH="127" HEIGHT="21" WC="0.92" CONTENT="hedervärda"/><SP WIDTH="16" VPOS="589" HPOS="866"/>
							<String ID="string_140" HPOS="882" VPOS="589" WIDTH="78" HEIGHT="20" WC="0.92" CONTENT="Bonde-"/>
						</TextLine>
						<TextLine ID="line_16" HPOS="215" VPOS="619" WIDTH="513" HEIGHT="27">
							<String ID="string_141" HPOS="215" VPOS="620" WIDTH="92" HEIGHT="20" WC="0.91" CONTENT="ständets"/><SP WIDTH="16" VPOS="620" HPOS="307"/>
							<String ID="string_142" HPOS="323" VPOS="620" WIDTH="122" HEIGHT="20" WC="0.91" CONTENT="medverkan"/><SP WIDTH="16" VPOS="620" HPOS="445"/>
							<String ID="string_143" HPOS="461" VPOS="621" WIDTH="30" HEIGHT="19" WC="0.96" CONTENT="till"/><SP WIDTH="16" VPOS="621" HPOS="491"/>
							<String ID="string_144" HPOS="507" VPOS="627" WIDTH="25" HEIGHT="13" WC="0.93" CONTENT="en"/><SP WIDTH="14" VPOS="627" HPOS="532"/>
							<String ID="string_145" HPOS="546" VPOS="619" WIDTH="86" HEIGHT="27" WC="0.92" CONTENT="petition"/><SP WIDTH="16" VPOS="619" HPOS="632"/>
							<String ID="string_146" HPOS="648" VPOS="619" WIDTH="80" HEIGHT="21" WC="0.92" CONTENT="derom:"/>
						</TextLine>
					</TextBlock>
				</ComposedBlock>
				<ComposedBlock ID="cblock_2" HPOS="355" VPOS="678" WIDTH="606" HEIGHT="208">
					<TextBlock ID="block_3" HPOS="355" VPOS="678" WIDTH="606" HEIGHT="208">
						<TextLine ID="line_17" HPOS="429" VPOS="678" WIDTH="531" HEIGHT="29">
							<String ID="string_147" HPOS="429" VPOS="681" WIDTH="30" HEIGHT="20" WC="0.95" CONTENT="att"/><SP WIDTH="15" VPOS="681" HPOS="459"/>
							<String ID="string_148" HPOS="474" VPOS="679" WIDTH="64" HEIGHT="22" WC="0.92" CONTENT="Hans"/><SP WIDTH="15" VPOS="679" HPOS="538"/>
							<String ID="string_149" HPOS="553" VPOS="679" WIDTH="125" HEIGHT="28" WC="0.91" CONTENT="Kejserliga"/><SP WIDTH="17" VPOS="679" HPOS="678"/>
							<String ID="string_150" HPOS="695" VPOS="678" WIDTH="103" HEIGHT="29" WC="0.91" CONTENT="Majestät"/><SP WIDTH="16" VPOS="678" HPOS="798"/>
							<String ID="string_151" HPOS="814" VPOS="679" WIDTH="24" HEIGHT="21" WC="0.96" CONTENT="sä"/><SP WIDTH="10" VPOS="679" HPOS="838"/>
							<String ID="string_152" HPOS="848" VPOS="679" WIDTH="62" HEIGHT="21" WC="0.93" CONTENT="snart"/><SP WIDTH="11" VPOS="679" HPOS="910"/>
							<String ID="string_153" HPOS="921" VPOS="685" WIDTH="39" HEIGHT="14" WC="0.93" CONTENT="om-"/>
						</TextLine>
						<TextLine ID="line_18" HPOS="357" VPOS="707" WIDTH="604" HEIGHT="30">
							<String ID="string_154" HPOS="357" VPOS="709" WIDTH="174" HEIGHT="28" WC="0.87" CONTENT="ständigheterna"/><SP WIDTH="11" VPOS="709" HPOS="531"/>
							<String ID="string_155" HPOS="542" VPOS="710" WIDTH="80" HEIGHT="21" WC="0.93" CONTENT="sådant"/><SP WIDTH="11" VPOS="710" HPOS="622"/>
							<String ID="string_156" HPOS="633" VPOS="709" WIDTH="107" HEIGHT="28" WC="0.91" CONTENT="medgifva"/><SP WIDTH="10" VPOS="709" HPOS="740"/>
							<String ID="string_157" HPOS="750" VPOS="708" WIDTH="50" HEIGHT="22" WC="0.93" CONTENT="ville"/><SP WIDTH="12" VPOS="708" HPOS="800"/>
							<String ID="string_158" HPOS="812" VPOS="708" WIDTH="44" HEIGHT="22" WC="0.96" CONTENT="låta"/><SP WIDTH="10" VPOS="708" HPOS="856"/>
							<String ID="string_159" HPOS="866" VPOS="707" WIDTH="95" HEIGHT="22" WC="0.96" CONTENT="anställa"/>
						</TextLine>
						<TextLine ID="line_19" HPOS="357" VPOS="738" WIDTH="604" HEIGHT="29">
							<String ID="string_160" HPOS="357" VPOS="738" WIDTH="154" HEIGHT="23" WC="0.91" CONTENT="instrumental"/><SP WIDTH="16" VPOS="738" HPOS="511"/>
							<String ID="string_161" HPOS="527" VPOS="739" WIDTH="163" HEIGHT="28" WC="0.93" CONTENT="undersökning"/><SP WIDTH="16" VPOS="739" HPOS="690"/>
							<String ID="string_162" HPOS="706" VPOS="739" WIDTH="14" HEIGHT="21" WC="0.93" CONTENT="&amp;"/><SP WIDTH="14" VPOS="739" HPOS="720"/>
							<String ID="string_163" HPOS="734" VPOS="738" WIDTH="41" HEIGHT="22" WC="0.96" CONTENT="den"/><SP WIDTH="16" VPOS="738" HPOS="775"/>
							<String ID="string_164" HPOS="791" VPOS="745" WIDTH="32" HEIGHT="15" WC="0.96" CONTENT="nu"/><SP WIDTH="9" VPOS="745" HPOS="823"/>
							<String ID="string_165" HPOS="832" VPOS="738" WIDTH="129" HEIGHT="27" WC="0.89" CONTENT="föreslagna"/>
						</TextLine>
						<TextLine ID="line_20" HPOS="358" VPOS="768" WIDTH="603" HEIGHT="27">
							<String ID="string_166" HPOS="358" VPOS="769" WIDTH="127" HEIGHT="26" WC="0.88" CONTENT="tvärbanan,"/><SP WIDTH="16" VPOS="769" HPOS="485"/>
							<String ID="string_167" HPOS="501" VPOS="768" WIDTH="67" HEIGHT="27" WC="0.92" CONTENT="äfven"/><SP WIDTH="15" VPOS="768" HPOS="568"/>
							<String ID="string_168" HPOS="583" VPOS="770" WIDTH="15" HEIGHT="21" WC="0.93" CONTENT="&amp;"/><SP WIDTH="16" VPOS="770" HPOS="598"/>
							<String ID="string_169" HPOS="614" VPOS="769" WIDTH="41" HEIGHT="22" WC="0.96" CONTENT="den"/><SP WIDTH="15" VPOS="769" HPOS="655"/>
							<String ID="string_170" HPOS="670" VPOS="769" WIDTH="34" HEIGHT="21" WC="0.93" CONTENT="del"/><SP WIDTH="15" VPOS="769" HPOS="704"/>
							<String ID="string_171" HPOS="719" VPOS="768" WIDTH="67" HEIGHT="27" WC="0.92" CONTENT="deraf"/><SP WIDTH="12" VPOS="768" HPOS="786"/>
							<String ID="string_172" HPOS="798" VPOS="775" WIDTH="43" HEIGHT="14" WC="0.96" CONTENT="som"/><SP WIDTH="16" VPOS="775" HPOS="841"/>
							<String ID="string_173" HPOS="857" VPOS="769" WIDTH="62" HEIGHT="20" WC="0.96" CONTENT="ännu"/><SP WIDTH="16" VPOS="769" HPOS="919"/>
							<String ID="string_174" HPOS="935" VPOS="769" WIDTH="26" HEIGHT="19" WC="0.95" CONTENT="är"/>
						</TextLine>
						<TextLine ID="line_21" HPOS="357" VPOS="797" WIDTH="603" HEIGHT="28">
							<String ID="string_175" HPOS="357" VPOS="799" WIDTH="135" HEIGHT="26" WC="0.89" CONTENT="oundersökt,"/><SP WIDTH="21" VPOS="799" HPOS="492"/>
							<String ID="string_176" HPOS="513" VPOS="799" WIDTH="36" HEIGHT="22" WC="0.95" CONTENT="och"/><SP WIDTH="20" VPOS="799" HPOS="549"/>
							<String ID="string_177" HPOS="569" VPOS="799" WIDTH="35" HEIGHT="21" WC="0.96" CONTENT="till"/><SP WIDTH="20" VPOS="799" HPOS="604"/>
							<String ID="string_178" HPOS="624" VPOS="800" WIDTH="66" HEIGHT="21" WC="0.93" CONTENT="nästa"/><SP WIDTH="21" VPOS="800" HPOS="690"/>
							<String ID="string_179" HPOS="711" VPOS="798" WIDTH="104" HEIGHT="27" WC="0.92" CONTENT="landtdag"/><SP WIDTH="21" VPOS="798" HPOS="815"/>
							<String ID="string_180" HPOS="836" VPOS="797" WIDTH="50" HEIGHT="22" WC="0.93" CONTENT="ville"/><SP WIDTH="14" VPOS="797" HPOS="886"/>
							<String ID="string_181" HPOS="900" VPOS="797" WIDTH="60" HEIGHT="28" WC="0.92" CONTENT="före-"/>
						</TextLine>
						<TextLine ID="line_22" HPOS="357" VPOS="827" WIDTH="603" HEIGHT="30">
							<String ID="string_182" HPOS="357" VPOS="828" WIDTH="64" HEIGHT="29" WC="0.90" CONTENT="lägga"/><SP WIDTH="23" VPOS="828" HPOS="421"/>
							<String ID="string_183" HPOS="444" VPOS="829" WIDTH="65" HEIGHT="28" WC="0.96" CONTENT="nådig"/><SP WIDTH="17" VPOS="829" HPOS="509"/>
							<String ID="string_184" HPOS="526" VPOS="829" WIDTH="135" HEIGHT="28" WC="0.96" CONTENT="proposition"/><SP WIDTH="19" VPOS="829" HPOS="661"/>
							<String ID="string_185" HPOS="680" VPOS="835" WIDTH="33" HEIGHT="16" WC="0.96" CONTENT="om"/><SP WIDTH="20" VPOS="835" HPOS="713"/>
							<String ID="string_186" HPOS="733" VPOS="829" WIDTH="73" HEIGHT="21" WC="0.93" CONTENT="denna"/><SP WIDTH="18" VPOS="829" HPOS="806"/>
							<String ID="string_187" HPOS="824" VPOS="828" WIDTH="66" HEIGHT="22" WC="0.88" CONTENT="banas"/><SP WIDTH="22" VPOS="828" HPOS="890"/>
							<String ID="string_188" HPOS="912" VPOS="827" WIDTH="48" HEIGHT="28" WC="0.91" CONTENT="byg-"/>
						</TextLine>
						<TextLine ID="line_23" HPOS="355" VPOS="859" WIDTH="76" HEIGHT="27">
							<String ID="string_189" HPOS="355" VPOS="859" WIDTH="76" HEIGHT="27" WC="0.92" CONTENT="gande."/>
						</TextLine>
					</TextBlock>
				</ComposedBlock>
				<ComposedBlock ID="cblock_3" HPOS="286" VPOS="919" WIDTH="672" HEIGHT="169">
					<TextBlock ID="block_4" HPOS="286" VPOS="919" WIDTH="672" HEIGHT="169">
						<TextLine ID="line_24" HPOS="286" VPOS="919" WIDTH="411" HEIGHT="26">
							<String ID="string_190" HPOS="286" VPOS="919" WIDTH="130" HEIGHT="26" WC="0.81" CONTENT="Helsingfors"/><SP WIDTH="16" VPOS="919" HPOS="416"/>
							<String ID="string_191" HPOS="432" VPOS="919" WIDTH="39" HEIGHT="20" WC="0.96" CONTENT="den"/><SP WIDTH="16" VPOS="919" HPOS="471"/>
							<String ID="string_192" HPOS="487" VPOS="920" WIDTH="28" HEIGHT="19" WC="0.96" CONTENT="28"/><SP WIDTH="16" VPOS="920" HPOS="515"/>
							<String ID="string_193" HPOS="531" VPOS="919" WIDTH="86" HEIGHT="20" WC="0.96" CONTENT="Januari"/><SP WIDTH="19" VPOS="919" HPOS="617"/>
							<String ID="string_194" HPOS="636" VPOS="920" WIDTH="61" HEIGHT="19" WC="0.96" CONTENT="1891."/>
						</TextLine>
						<TextLine ID="line_25" HPOS="690" VPOS="971" WIDTH="122" HEIGHT="22">
							<String ID="string_195" HPOS="690" VPOS="972" WIDTH="14" HEIGHT="21" WC="0.95" CONTENT="J."/><SP WIDTH="17" VPOS="972" HPOS="704"/>
							<String ID="string_196" HPOS="721" VPOS="971" WIDTH="91" HEIGHT="22" WC="0.96" CONTENT="Koivisto."/>
						</TextLine>
						<TextLine ID="line_26" HPOS="531" VPOS="1013" WIDTH="427" HEIGHT="28">
							<String ID="string_197" HPOS="531" VPOS="1015" WIDTH="151" HEIGHT="26" WC="0.96" CONTENT="Representant"/><SP WIDTH="15" VPOS="1015" HPOS="682"/>
							<String ID="string_198" HPOS="697" VPOS="1015" WIDTH="31" HEIGHT="19" WC="0.96" CONTENT="för"/><SP WIDTH="15" VPOS="1015" HPOS="728"/>
							<String ID="string_199" HPOS="743" VPOS="1014" WIDTH="98" HEIGHT="20" WC="0.93" CONTENT="Ilomants"/><SP WIDTH="16" VPOS="1014" HPOS="841"/>
							<String ID="string_200" HPOS="857" VPOS="1013" WIDTH="101" HEIGHT="26" WC="0.96" CONTENT="domsaga."/>
						</TextLine>
						<TextLine ID="line_27" HPOS="286" VPOS="1061" WIDTH="354" HEIGHT="27">
							<String ID="string_201" HPOS="286" VPOS="1061" WIDTH="49" HEIGHT="21" WC="0.93" CONTENT="Med"/><SP WIDTH="16" VPOS="1061" HPOS="335"/>
							<String ID="string_202" HPOS="351" VPOS="1062" WIDTH="146" HEIGHT="21" WC="0.92" CONTENT="ofvanstäende"/><SP WIDTH="16" VPOS="1062" HPOS="497"/>
							<String ID="string_203" HPOS="513" VPOS="1063" WIDTH="70" HEIGHT="20" WC="0.92" CONTENT="förena"/><SP WIDTH="15" VPOS="1063" HPOS="583"/>
							<String ID="string_204" HPOS="598" VPOS="1062" WIDTH="42" HEIGHT="26" WC="0.96" CONTENT="sig:"/>
						</TextLine>
					</TextBlock>
				</ComposedBlock>
				<ComposedBlock ID="cblock_4" HPOS="287" VPOS="1119" WIDTH="659" HEIGHT="70">
					<TextBlock ID="block_5" HPOS="287" VPOS="1119" WIDTH="659" HEIGHT="70">
						<TextLine ID="line_28" HPOS="287" VPOS="1119" WIDTH="603" HEIGHT="29">
							<String ID="string_205" HPOS="287" VPOS="1120" WIDTH="19" HEIGHT="22" WC="0.53" CONTENT="P."/><SP WIDTH="17" VPOS="1120" HPOS="306"/>
							<String ID="string_206" HPOS="323" VPOS="1120" WIDTH="111" HEIGHT="28" WC="0.96" CONTENT="Leppänen."/><SP WIDTH="268" VPOS="1120" HPOS="434"/>
							<String ID="string_207" HPOS="702" VPOS="1121" WIDTH="62" HEIGHT="21" WC="0.96" CONTENT="Johan"/><SP WIDTH="18" VPOS="1121" HPOS="764"/>
							<String ID="string_208" HPOS="782" VPOS="1119" WIDTH="108" HEIGHT="22" WC="0.96" CONTENT="Konttinen."/>
						</TextLine>
						<TextLine ID="line_29" HPOS="635" VPOS="1163" WIDTH="311" HEIGHT="26">
							<String ID="string_209" HPOS="635" VPOS="1163" WIDTH="54" HEIGHT="20" WC="0.93" CONTENT="Frän"/><SP WIDTH="17" VPOS="1163" HPOS="689"/>
							<String ID="string_210" HPOS="706" VPOS="1163" WIDTH="124" HEIGHT="26" WC="0.93" CONTENT="Leppävirta"/><SP WIDTH="15" VPOS="1163" HPOS="830"/>
							<String ID="string_211" HPOS="845" VPOS="1163" WIDTH="101" HEIGHT="25" WC="0.92" CONTENT="domsaga."/>
						</TextLine>
					</TextBlock>
				</ComposedBlock>
				<ComposedBlock ID="cblock_5" HPOS="567" VPOS="1301" WIDTH="40" HEIGHT="18">
					<TextBlock ID="block_6" HPOS="567" VPOS="1301" WIDTH="40" HEIGHT="18">
						<TextLine ID="line_30" HPOS="567" VPOS="1301" WIDTH="40" HEIGHT="18">
							<String ID="string_212" HPOS="567" VPOS="1301" WIDTH="40" HEIGHT="18" WC="0.96" CONTENT="38."/>
						</TextLine>
					</TextBlock>
				</ComposedBlock>
				<ComposedBlock ID="cblock_6" HPOS="214" VPOS="1352" WIDTH="748" HEIGHT="138">
					<TextBlock ID="block_7" HPOS="214" VPOS="1352" WIDTH="748" HEIGHT="100">
						<TextLine ID="line_31" HPOS="287" VPOS="1352" WIDTH="674" HEIGHT="28">
							<String ID="string_213" HPOS="287" VPOS="1354" WIDTH="60" HEIGHT="22" WC="0.88" CONTENT="Ifrän"/><SP WIDTH="8" VPOS="1354" HPOS="347"/>
							<String ID="string_214" HPOS="355" VPOS="1354" WIDTH="166" HEIGHT="22" WC="0.92" CONTENT="Bondeständet"/><SP WIDTH="8" VPOS="1354" HPOS="521"/>
							<String ID="string_215" HPOS="529" VPOS="1361" WIDTH="26" HEIGHT="16" WC="0.97" CONTENT="en"/><SP WIDTH="9" VPOS="1361" HPOS="555"/>
							<String ID="string_216" HPOS="564" VPOS="1354" WIDTH="23" HEIGHT="22" WC="0.96" CONTENT="af"/><SP WIDTH="6" VPOS="1354" HPOS="587"/>
							<String ID="string_217" HPOS="593" VPOS="1354" WIDTH="57" HEIGHT="22" WC="0.93" CONTENT="Herr"/><SP WIDTH="9" VPOS="1354" HPOS="650"/>
							<String ID="string_218" HPOS="659" VPOS="1354" WIDTH="23" HEIGHT="21" WC="0.90" CONTENT="P."/><SP WIDTH="10" VPOS="1354" HPOS="682"/>
							<String ID="string_219" HPOS="692" VPOS="1353" WIDTH="116" HEIGHT="22" WC="0.93" CONTENT="Kakkinen"/><SP WIDTH="11" VPOS="1353" HPOS="808"/>
							<String ID="string_220" HPOS="819" VPOS="1352" WIDTH="94" HEIGHT="28" WC="0.92" CONTENT="ingifven"/><SP WIDTH="11" VPOS="1352" HPOS="913"/>
							<String ID="string_221" HPOS="924" VPOS="1358" WIDTH="37" HEIGHT="21" WC="0.93" CONTENT="pe-"/>
						</TextLine>
						<TextLine ID="line_32" HPOS="214" VPOS="1387" WIDTH="748" HEIGHT="30">
							<String ID="string_222" HPOS="214" VPOS="1390" WIDTH="67" HEIGHT="21" WC="0.92" CONTENT="tition"/><SP WIDTH="21" VPOS="1390" HPOS="281"/>
							<String ID="string_223" HPOS="302" VPOS="1396" WIDTH="34" HEIGHT="15" WC="0.96" CONTENT="om"/><SP WIDTH="21" VPOS="1396" HPOS="336"/>
							<String ID="string_224" HPOS="357" VPOS="1389" WIDTH="163" HEIGHT="28" WC="0.96" CONTENT="undersökning"/><SP WIDTH="20" VPOS="1389" HPOS="520"/>
							<String ID="string_225" HPOS="540" VPOS="1389" WIDTH="24" HEIGHT="22" WC="0.96" CONTENT="af"/><SP WIDTH="19" VPOS="1389" HPOS="564"/>
							<String ID="string_226" HPOS="583" VPOS="1396" WIDTH="26" HEIGHT="15" WC="0.93" CONTENT="en"/><SP WIDTH="21" VPOS="1396" HPOS="609"/>
							<String ID="string_227" HPOS="630" VPOS="1389" WIDTH="105" HEIGHT="22" WC="0.93" CONTENT="tvärbana"/><SP WIDTH="15" VPOS="1389" HPOS="735"/>
							<String ID="string_228" HPOS="750" VPOS="1388" WIDTH="93" HEIGHT="22" WC="0.93" CONTENT="emellan"/><SP WIDTH="15" VPOS="1388" HPOS="843"/>
							<String ID="string_229" HPOS="858" VPOS="1387" WIDTH="104" HEIGHT="22" WC="0.92" CONTENT="Savolaks"/>
						</TextLine>
						<TextLine ID="line_33" HPOS="215" VPOS="1422" WIDTH="747" HEIGHT="30">
							<String ID="string_230" HPOS="215" VPOS="1426" WIDTH="40" HEIGHT="21" WC="0.93" CONTENT="och"/><SP WIDTH="21" VPOS="1426" HPOS="255"/>
							<String ID="string_231" HPOS="276" VPOS="1425" WIDTH="105" HEIGHT="22" WC="0.93" CONTENT="Karelska"/><SP WIDTH="23" VPOS="1425" HPOS="381"/>
							<String ID="string_232" HPOS="404" VPOS="1426" WIDTH="97" HEIGHT="21" WC="0.89" CONTENT="banorna"/><SP WIDTH="22" VPOS="1426" HPOS="501"/>
							<String ID="string_233" HPOS="523" VPOS="1431" WIDTH="77" HEIGHT="21" WC="0.96" CONTENT="genom"/><SP WIDTH="24" VPOS="1431" HPOS="600"/>
							<String ID="string_234" HPOS="624" VPOS="1424" WIDTH="128" HEIGHT="23" WC="0.96" CONTENT="Tuusniemi"/><SP WIDTH="30" VPOS="1424" HPOS="752"/>
							<String ID="string_235" HPOS="782" VPOS="1424" WIDTH="40" HEIGHT="22" WC="0.96" CONTENT="och"/><SP WIDTH="22" VPOS="1424" HPOS="822"/>
							<String ID="string_236" HPOS="844" VPOS="1422" WIDTH="118" HEIGHT="28" WC="0.96" CONTENT="Kuusjärvi"/>
						</TextLine>
					</TextBlock>
					<TextBlock ID="block_8" HPOS="287" VPOS="1466" WIDTH="368" HEIGHT="24">
						<TextLine ID="line_34" HPOS="287" VPOS="1466" WIDTH="368" HEIGHT="24">
							<String ID="string_237" HPOS="287" VPOS="1466" WIDTH="174" HEIGHT="24" WC="0.73" CONTENT="Jernvägsutskotteis"/><SP WIDTH="12" VPOS="1466" HPOS="461"/>
							<String ID="string_238" HPOS="473" VPOS="1466" WIDTH="106" HEIGHT="19" WC="0.96" CONTENT="betänkande"/><SP WIDTH="13" VPOS="1466" HPOS="579"/>
							<String ID="string_239" HPOS="592" VPOS="1466" WIDTH="36" HEIGHT="18" WC="0.96" CONTENT="N:o"/><SP WIDTH="13" VPOS="1466" HPOS="628"/>
							<String ID="string_240" HPOS="641" VPOS="1467" WIDTH="14" HEIGHT="19" WC="0.95" CONTENT="1."/>
						</TextLine>
					</TextBlock>
				</ComposedBlock>
			</PrintSpace>
		</Page>
	</Layout>
</alto>
