1056 1675
268 156 14 19 4
368 154 82 23 Ständ.
467 155 52 22 Pet.
538 168 26 3 —
582 155 170 23 Petitionsbet.
769 155 45 23 N:o
831 156 35 22 31.

238 214 108 22 anstalter
362 215 72 21 såsom
450 215 88 27 privata
553 216 150 27 inrättningar
713 216 75 22 kunde
799 216 100 22 meddela
909 216 79 22 under-

237 250 89 28 visning
347 250 35 22 för
397 251 25 22 så
438 251 51 28 låga
504 251 190 28 terminsafgifter,
711 258 67 21 synes
794 252 39 22 det
847 252 92 27 obilligt,
957 253 32 20 att

237 287 74 21 staten
334 287 58 21 skall
415 293 78 21 genom
513 287 58 28 höga
589 287 92 28 afgifter
697 287 102 22 försvåra
814 288 137 21 besökandet
966 287 25 22 af

237 321 298 29 fortbildningsläroverken,
559 323 88 22 hvilkas
670 323 93 22 främsta
785 323 89 28 nppgift
892 323 55 22 dock
963 325 26 20 är

238 359 33 20 att
294 358 56 21 dana
366 358 110 28 skickliga
490 359 130 22 lärarinnor.
652 359 124 22 Ständerna
794 359 76 22 kunna
886 359 19 28 ej
922 361 66 20 annat

236 393 61 22 finna
322 396 28 19 än
372 396 34 19 att
430 401 28 15 en
478 395 112 27 sänkning
613 395 25 21 af
658 395 188 28 terminsafgiften
869 395 38 22 vid
923 395 65 22 dessa

236 429 106 22 läroverk
364 430 35 21 till
423 430 85 22 hälften
532 431 25 21 af
578 431 51 21 dess
644 431 127 22 nuvarande
787 431 80 27 belopp
883 437 52 16 vore
951 431 36 22 väl

237 465 127 22 motiverad.

308 501 32 22 På
355 502 72 27 grund
442 502 25 21 af
480 502 37 22 det
533 502 92 22 anförda
640 502 23 22 få
680 502 124 22 Ständerna
819 503 8 21 i
841 503 145 27 underdånig-

236 537 40 22 het
290 537 96 23 anhålla:

521 607 32 20 att
576 606 72 21 Eders
670 606 124 27 Kejserliga
816 606 107 26 Majestät,
937 607 50 21 med

451 642 97 27 ändring
564 642 28 26 af
603 648 32 15 nu
649 642 103 27 gällande
768 642 165 28 bestämningar
949 648 37 15 an-

448 676 84 28 gäende
552 678 226 26 terminsafgifternas
799 678 75 27 belopp
895 679 9 20 i
921 678 64 26 frun-

450 714 204 21 timmersskolorna
677 714 37 21 och
734 714 251 27 fortbildningslärover-

450 750 46 26 ken,
519 750 9 21 i
545 748 71 23 näder
632 750 48 21 ville
693 750 118 27 förordna,
827 751 32 20 att
875 750 64 21 dessa
954 750 31 26 af-

448 786 66 26 gifter
534 786 61 21 skola
615 786 127 21 nedsättas:

520 822 8 20 i
552 821 263 26 fruntimmersskolorna
843 822 32 21 till
898 828 87 15 samma

450 857 74 27 belopp
539 863 47 15 som
602 858 8 20 i
629 857 244 22 elementarläroverken
887 857 38 27 för
939 863 45 21 gos-

450 899 46 20 sar,
512 894 60 20 samt

520 929 8 20 i
544 929 299 27 fortbildningsläroverkens
859 930 72 26 första
947 929 37 22 och

449 964 75 21 andra
538 965 85 21 klasser
639 965 32 22 till
686 965 30 21 40
731 965 71 21 mark.

308 1027 123 24 Ständerna
446 1027 24 23 fä
480 1029 105 28 slutligen
596 1029 160 28 underdänigst
766 1030 93 27 anmäla,
871 1031 32 20 att
913 1030 70 21 denna

234 1063 94 26 petition
343 1063 50 22 icke
408 1063 112 23 omfattats
537 1064 25 22 af
574 1065 164 28 Ridderskapet
753 1065 41 22 och
809 1065 78 22 Adeln.

305 1129 107 23 Finlands
429 1130 95 24 Ständer
540 1131 126 22 framhärda
682 1133 40 20 etc.

306 1194 147 30 Helsingfors,
470 1196 42 22 den
528 1198 28 20 26
572 1196 43 28 Maj
635 1198 61 20 1891.

296 1431 122 24 Helsingfors,
431 1433 70 19 Weilin
514 1434 17 18 &
544 1424 53 29 Göös'
611 1434 117 24 aktiebolags
741 1435 118 22 boktryckeri
870 1421 53 40 1891.
