1073 1675
265 172 278 23 Petitionsbetänkande
559 172 45 23 N:o
621 173 38 22 39.
801 174 12 20 5

85 237 64 19 finska
170 237 114 19 flickskolor
305 237 94 19 inrättats
417 237 6 19 i
444 236 62 26 några
521 237 20 19 af
555 237 79 19 landets
650 237 71 19 städer.
752 237 45 19 Men
811 236 31 20 åt-

85 265 78 25 skilliga
178 267 53 18 orter
246 268 33 17 äro
295 266 120 19 fortfarande
430 266 6 18 i
451 266 96 19 afsaknad
562 266 20 18 af
596 266 65 19 finska
671 266 118 24 flickskolor,
800 271 43 14 som

84 294 94 20 bekostas
201 294 19 19 af
243 296 72 18 staten.
345 294 9 19 I
376 294 43 19 hela
442 294 34 20 det
496 294 113 20 vidsträkta
626 294 118 25 landskapet
760 294 83 19 Karelen

85 323 39 19 fins
146 323 16 25 ej
186 328 54 14 mera
257 325 25 17 än
298 329 25 13 en
339 322 62 20 sådan
416 322 101 26 nämligen
532 323 7 19 i
554 323 47 19 dess
617 323 58 19 $ödra
690 322 37 25 del,
741 323 7 19 i
764 322 80 25 Viborg.

86 351 100 20 Mellersta
208 352 37 18 och
267 357 59 13 norra
341 351 83 20 Karelen
445 352 26 18 ha
491 352 70 24 längre
575 354 26 16 än
616 351 63 25 några
693 351 62 19 andra
770 351 74 19 trakter

85 380 7 20 i
107 380 45 19 vårt
166 379 47 20 land
228 380 38 19 fått
281 380 39 19 lida
335 380 50 19 brist
400 380 26 25 på
441 380 97 19 läroverk.
568 380 70 19 Denna
653 380 50 20 brist
710 380 63 19 håller
781 380 26 25 på
813 381 31 18 att

86 409 101 25 afhjälpas,
202 409 53 19 hvad
270 409 91 19 beträffar
376 409 38 19 den
429 409 86 25 manliga
530 408 122 25 ungdomen,
665 408 6 20 i
682 409 33 19 det
728 408 116 20 elementar-

87 438 69 19 skolan
178 437 5 19 i
207 438 90 18 Joensuu
320 437 111 19 successivt
453 437 95 25 utvidgas
564 437 41 19 tills
621 438 39 18 den
675 437 37 19 blir
727 437 118 25 fullklassig,

86 466 76 19 hvilket
184 466 89 19 inträffar
293 466 6 19 i
314 466 67 25 början
396 466 19 19 af
430 466 85 19 läseäret
531 466 61 20 1892.
622 459 27 26 Åt
665 466 88 25 qvinliga
768 466 76 24 ungdo-

86 495 72 19 domen
180 495 7 19 i
211 501 58 13 norra
292 494 37 20 och
344 494 100 20 mellersta
459 494 85 20 Karelen
559 494 35 20 har
609 500 47 14 man
672 495 51 19 varit
742 494 101 20 nödsakad

86 524 72 19 bereda
179 523 77 19 tillfälle
271 523 30 19 till
317 523 199 25 skolundervisning”
523 529 72 19 genom
611 523 78 25 privata
703 523 141 25 ansträngnin-

88 558 35 19 gar
144 552 38 20 och
201 550 143 27 uppoffringar.
373 545 28 26 År
417 552 54 20 1865
487 552 109 19 inrättades
612 552 7 19 i
633 552 91 19 Joensuu
739 558 25 13 en
779 552 66 25 privat

88 581 102 20 flickskola
212 581 45 19 med
272 581 30 19 till
317 587 25 13 en
357 581 67 25 början
439 583 75 17 tvenne
530 581 82 19 klasser.
641 581 69 19 Redan
725 580 45 19 från
785 581 61 18 första

89 610 61 19 stund
172 610 50 19 hade
246 610 38 19 den
308 609 91 26 omkring
422 609 83 20 20—30
521 609 71 20 elever.
622 609 95 20 Läseåret
733 609 112 20 1868—69

89 639 118 24 utvidgades
224 638 68 19 skolan
308 638 30 19 till
353 638 106 25 treklassig
475 638 36 19 och
526 638 108 25 beviljades
649 638 20 19 af
683 639 66 18 staten
764 644 25 13 en
797 637 48 20 liten

90 667 126 24 subvention,
239 667 118 25 uppgående
380 667 29 19 till
434 667 59 24 1,200
509 667 57 18 mark
580 667 83 25 årligen.
693 666 84 20 Skolans
792 666 52 19 elev-

89 695 54 20 antal
152 695 89 26 uppgick
256 695 30 19 till
301 695 92 25 omkring
408 696 84 19 30—40
509 695 37 20 och
563 695 54 20 1877
634 695 33 20 vid
675 695 95 19 läseårets
779 694 66 25 början

89 724 30 19 till
135 725 26 18 20
178 726 52 17 samt
245 723 22 20 år
283 725 54 18 1883
353 724 29 19 till
398 724 54 19 öfver
468 725 32 18 60.
531 724 84 19 Skolans
631 723 162 20 statsunderstöd
804 723 41 24 höj-

90 753 35 19 des
147 753 31 19 till
202 753 60 24 2,000
285 753 55 18 mark
363 753 36 19 och
423 753 61 24 1885,
507 752 25 19 då
548 753 69 19 skolan
634 753 39 19 blef
687 752 113 25 fyrklassig,
815 751 31 20 till

90 781 61 25 3,200
167 781 61 20 mark.
257 781 36 19 För
308 781 123 19 närvarande
446 783 21 17 är
483 781 70 20 skolan
568 781 128 25 organiserad
711 781 90 24 sålunda,
817 781 30 18 att

90 810 39 19 den
150 811 112 18 motsvarar
280 816 25 13 en
330 810 115 24 femklassig
470 811 77 18 statens
570 809 107 25 flickskola,
699 809 38 20 den
762 809 35 19 har
820 809 26 19 73

89 838 66 20 elever
170 840 52 24 samt
237 838 88 25 åtnjuter
339 838 44 19 från
398 838 67 25 början
481 838 19 19 af
513 838 136 19 innevarande
663 837 64 20 läseår
741 839 30 18 ett
786 838 60 18 stats-

91 866 109 20 understöd
221 867 20 19 af
262 867 60 24 5,000
343 867 60 19 mark.
433 866 60 20 Häraf
508 866 87 25 framgår
609 868 30 18 att
654 866 80 20 skolans
749 865 98 20 elevantal

90 895 52 19 varit
156 895 6 19 i
178 895 81 25 ständig
273 895 86 24 tillväxt,
374 895 75 19 hvilket
464 896 30 18 till
509 895 38 19 full
561 895 83 19 evidens
660 895 58 24 visar,
733 896 30 18 att
778 894 69 20 skolan

91 924 51 19 varit
164 924 19 19 af
205 924 93 19 behofvet
319 923 96 25 påkallad.
446 923 42 20 Och
507 926 49 17 utan
579 924 70 19 tvifvel
672 924 64 19 skulle
751 923 35 19 allt
801 923 47 19 flera

91 952 87 26 qvinnor
199 952 44 19 från
265 952 34 20 det
321 952 123 20 vidsträckta
462 958 59 14 norra
536 952 85 20 Karelen
636 952 91 20 förskaffa
742 952 31 24 sig
787 951 61 25 högre

91 981 76 19 lärdom
188 981 37 19 och
247 981 120 25 kunskaper,
385 987 32 13 om
433 981 6 19 i
454 981 65 19 denna
534 981 53 19 trakt
602 981 73 19 funnes
691 986 24 14 en
731 980 117 24 fullständig

92 1010 19 18 af
133 1011 65 18 staten
221 1010 95 19 bekostad
339 1010 106 24 flickskola,
468 1010 31 19 till
513 1010 82 19 hvilken
611 1009 95 20 tillträdet
720 1009 5 19 i
740 1008 109 20 allmänhet

92 1038 37 19 och
151 1038 95 20 särskildt
267 1038 45 19 med
327 1038 92 20 afseende
435 1038 12 19 å
462 1038 106 25 afgifterna
583 1044 47 13 vore
652 1038 70 19 lättare
737 1040 25 17 än
778 1036 30 20 till
823 1042 25 14 en

92 1066 66 26 privat
173 1067 60 24 skola,
249 1066 80 20 hvilken
344 1066 63 26 aldrig
421 1067 40 19 kan
476 1067 82 25 erbjuda
573 1072 76 14 samma
664 1066 87 24 fördelar,
767 1065 82 20 emedan

92 1095 46 19 dess
153 1095 92 19 existens
259 1095 42 19 helt
315 1096 37 18 och
367 1095 62 20 hållet
443 1098 22 16 är
480 1096 97 18 beroende
587 1095 20 19 af
617 1095 153 25 skolafgifterna.
789 1094 59 19 Joen-

94 1130 39 13 suu
148 1124 77 25 privata
240 1124 112 19 flickskolas
368 1126 97 23 garanter,
482 1124 135 19 föreståndare
628 1124 37 19 och
675 1124 60 19 lärare
748 1123 25 19 ha
781 1122 68 20 städse

93 1152 52 25 gjort
168 1154 55 18 stora
245 1153 137 25 uppoffringar
404 1153 37 19 och
463 1153 175 24 ansträngningar,
660 1153 29 19 för
711 1152 66 19 hvilka
792 1151 25 20 de
831 1151 17 25 ej

94 1181 96 25 uppburit
211 1181 66 25 någon
300 1181 117 26 ersättning,
440 1181 29 20 för
489 1183 30 18 att
533 1181 69 19 kunna
617 1181 91 20 förskaffa
723 1181 34 19 det
772 1181 77 25 uppvä-

93 1209 65 20 xande
181 1210 88 25 gvinliga
292 1210 73 25 slägtet
383 1210 3 19 i
401 1209 88 21 Karelen
504 1210 76 19 lärdom
596 1210 38 19 oah
648 1209 95 25 bildning.
774 1208 75 20 Skolaf-

93 1238 85 25 gifterna
192 1239 25 18 ha
233 1239 58 19 stälts
307 1238 23 19 sä
345 1238 45 25 läsa
405 1245 44 13 som
457 1238 77 25 möjligt
542 1238 37 19 och
587 1238 107 19 medellösa
701 1237 66 20 elever
774 1237 30 19 till
812 1236 37 19 och

93 1267 45 19 med
152 1266 42 20 helt
209 1267 38 19 och
261 1267 60 19 hållet
337 1267 81 20 befriats
433 1267 45 19 från
493 1267 51 19 dem.
568 1263 145 28 Äfven
634 1259 10 37 i
650 1263 63 28 öfrigt
720 1266 36 19 har
763 1265 86 20 lärover-

93 1295 34 19 ket
140 1295 77 20 arbetat
232 1295 26 26 pä
272 1297 29 18 ett
315 1295 127 20 berömvärdt
457 1297 47 22 sätt,
518 1295 77 20 hvilket
607 1301 41 19 nog
663 1295 55 19 torde
733 1301 48 12 vara
787 1293 63 20 kändt

93 1323 58 20 äfven
167 1323 6 19 i
188 1324 161 19 hufvudstadens
364 1324 119 24 flickskolor,
494 1324 35 19 där
540 1324 24 19 de
571 1324 67 19 elever
645 1323 44 20 från
697 1323 90 20 Joensuu
795 1321 55 20 flick-

94 1352 59 24 skola,
167 1358 43 13 som
225 1353 43 18 haft
283 1352 76 20 tilifälle
371 1352 72 25 därtill,
453 1353 81 18 fortsatt
547 1353 43 19 sina
601 1352 82 19 studier.
712 1351 46 20 Men
771 1350 80 25 däinga

93 1381 99 24 garantier
207 1381 64 19 finnas
287 1381 33 19 för.
331 1382 30 18 att
375 1387 47 13 man
436 1381 59 19 äfven
503 1381 99 25 framgent
611 1381 50 19 skall
669 1382 48 17 utan
725 1380 74 19 afbrott
806 1378 46 20 med

93 1409 79 25 privata
193 1409 64 20 medel
279 1409 106 25 tillgodose
407 1409 194 25 kvinnobildningen
616 1409 7 19 i
638 1415 59 13 norra
711 1408 90 24 Karelen,
813 1406 37 20 och

93 1443 25 13 en
134 1437 19 19 af
168 1439 66 18 staten
249 1437 96 20 bekostad
361 1437 61 25 skola,
437 1437 70 20 afsedd
522 1434 46 23 vare
584 1437 31 26 sig
626 1437 29 20 för
662 1437 38 20 den
708 1437 89 25 gvinliga
803 1435 50 20 eller

93 1465 87 25 manliga
195 1466 125 25 ungdomens
336 1465 96 26 bildning,
443 1466 56 19 alltid
513 1466 39 19 kan
568 1466 67 19 arbeta
649 1465 26 26 pä
690 1471 25 14 en
725 1465 73 19 fastare
807 1464 44 19 bot-

162 1509 103 19 Allmänna
277 1509 169 18 Besvärsutskottets
461 1510 111 17 betänkande
584 1511 36 16 N:o
633 1510 30 17 29.
