1061 1670
288 119 234 22 Petitionbetänkande
536 119 36 22 N:o
588 118 32 23 27.
780 120 25 20 19

73 183 40 25 lor,
131 183 40 20 där
185 182 215 28 omständigheterna
415 183 78 20 sådant
509 182 95 28 påkalla,
622 182 31 21 till
672 182 163 28 folkhögskolor

74 217 49 21 icke
132 218 67 20 mötte
208 218 67 26 några
285 216 137 28 principiella
431 217 139 27 svårigheter.
596 217 140 27 Upplysande
750 217 7 21 i
773 218 61 20 detta

73 252 103 20 afseende
192 252 37 20 äro
245 251 130 21 hithörande
390 251 152 21 förhållanden
557 252 7 20 i
580 251 77 27 Norge,
674 252 39 20 där
728 252 36 20 vid
772 252 62 20 sidan

73 286 26 21 af
112 285 193 28 folkhögskolorna
320 286 62 20 bestå
396 286 26 20 de
439 292 14 15 s.
472 286 20 20 k.
508 286 154 25 amtskolorna,
672 286 84 21 hvilkas
767 286 67 20 ända-

73 320 44 21 mål
133 321 25 20 är
174 322 45 24 ,att
235 321 48 20 med
300 320 125 27 anslutning
436 320 33 20 till
481 320 133 21 folkskolans
625 320 138 22 verksamhet
774 320 58 21 med-

73 354 50 21 dela
146 355 42 20 den
211 354 46 21 från
283 355 71 20 denna
374 354 137 22 dimitterade
535 355 95 27 ungdom
654 362 26 14 en
700 356 28 26 på
747 354 85 27 kristlig

72 389 106 27 grundval
200 389 57 27 bygd
280 389 72 21 vidare
374 389 84 27 gående
485 389 138 27 upplysning,
650 389 102 27 afpassad
779 389 53 21 efter

72 423 229 26 landtbefolkningens
324 423 89 21 vilkor".
443 423 69 21 Dessa
534 423 57 21 båda
609 423 46 27 slag
671 423 24 21 af
708 423 74 21 skolor
797 429 33 14 ar-

72 457 52 22 beta
136 458 105 27 jämsides
256 459 47 20 med
318 457 123 22 hvarandra
457 460 45 19 mot
517 465 82 14 samma
615 457 50 21 ädla
680 457 49 26 mål,
754 457 80 22 folkets

73 492 95 27 höjande
191 493 7 20 i
223 492 102 27 bildning,
347 492 39 21 och
410 493 41 20 den
471 492 129 27 iakttagelse
615 492 40 21 har
670 492 76 27 gjorts,
764 493 12 20 å
792 499 42 14 ena

73 527 62 20 sidan
158 529 33 18 att
214 527 146 20 amtskolorna
382 527 8 20 i
408 527 31 26 sig
455 529 98 24 upptaga
568 527 36 20 det
619 527 57 26 goda
692 526 141 27 folkhögsko-

72 560 63 22 lorna
150 561 91 27 erbjuda
256 573 26 3 —
298 560 86 22 hvarför
399 560 40 22 ock
455 560 122 22 skillnaden
593 560 79 22 mellan
684 561 62 21 dessa
759 560 73 22 skolor

72 596 102 20 stundom
189 596 72 20 består
271 595 55 21 blott
340 595 3 21 i
355 597 88 19 namnet
452 608 26 2 —
488 597 55 19 samt
554 596 13 20 å
577 596 70 20 andra
657 595 62 21 sidan
730 598 34 18 att
775 594 55 22 folk-

72 630 145 26 högskolorna
233 631 48 19 med
297 630 71 20 bättre
383 630 114 26 framgång
513 630 74 20 kunna
606 629 93 28 fullfölja
722 630 34 20 sin
772 630 60 26 bety-

72 664 114 21 delsefulla
208 664 86 27 uppgift
317 664 6 20 i
339 665 41 20 den
396 665 49 20 mån
463 665 26 20 de
505 664 91 21 besökas
612 663 24 21 af
649 664 117 27 lärjungar,
784 670 45 14 som

72 699 6 20 i
94 698 148 22 amtskolorna
265 698 120 22 förberedts
407 699 40 21 och
469 698 76 22 väckts
561 698 33 21 för
610 704 26 15 en
652 698 67 27 högre
736 698 98 28 syftande

71 733 106 27 bildning.

141 841 171 28 Folkhögskolan
335 843 23 20 är
376 843 42 20 den
440 842 78 26 högsta
534 841 24 21 af
571 842 25 20 de
613 841 153 26 institutioner,
784 849 45 13 som

71 876 66 21 hafva
152 876 33 21 till
201 877 87 26 uppgift
303 879 32 18 att
351 877 66 20 verka
433 876 34 21 för
478 877 41 20 den
531 876 109 27 egentliga
650 876 172 27 folkbildningen

72 910 94 27 Säregen
190 911 33 20 för
246 911 41 20 den
307 911 168 20 skandinaviska
491 911 88 25 norden,
595 910 59 21 leder
670 910 160 27 folkhögskole-

72 945 83 20 tanken
170 945 37 21 sitt
223 952 107 20 ursprung
347 945 46 21 från
409 945 118 27 Danmark,
552 946 38 20 där
608 945 41 20 den
666 945 75 21 väckts
757 945 34 20 till
806 945 27 20 lif

72 985 80 21 genom
162 980 41 20 den
212 979 97 27 frejdade
319 979 224 25 fosterlandsvännen,
552 979 78 27 biskop
639 979 25 21 N.
674 979 24 21 F.
708 979 21 22 S.
740 979 94 21 Grundt-

73 1014 41 26 vig.
146 1014 49 20 Som
219 1014 90 27 motvigt
326 1014 95 21 motden
434 1014 72 20 tidens
515 1014 127 20 latinskolor
651 1016 56 18 samt
720 1014 33 20 för
762 1015 32 19 att
802 1015 34 19 ut-

70 1048 77 27 jämna
163 1049 43 20 den
221 1048 76 28 klyfta,
314 1055 46 14 som
376 1048 28 27 pä
418 1049 72 26 grund
506 1048 25 20 af
542 1048 108 20 olikartad
658 1048 98 26 bildning
766 1047 68 21 skilde

73 1083 23 20 åt
105 1083 26 20 de
147 1082 58 22 olika
220 1082 227 25 samhällsklasserna,
464 1082 50 21 ville
526 1082 120 26 Grundtvig
655 1082 64 21 hafva
728 1082 34 20 till
771 1082 62 20 stånd

73 1117 162 27 läroanstalter,
248 1117 7 21 i
263 1117 73 21 hvilka
347 1118 40 20 den
396 1124 71 14 vuxna
475 1118 124 26 ungdomen
608 1116 46 21 frän
668 1116 43 21 alla
724 1116 111 21 samhälls-

74 1152 82 20 klasser
172 1151 72 21 kunde
260 1152 21 20 fä
300 1158 26 14 en
343 1152 33 20 för
391 1151 60 21 lifvet
467 1151 106 25 fruktbar,
584 1150 103 22 nationell
696 1150 139 22 allmänbild-

73 1186 53 26 ning
142 1186 28 26 pä
178 1186 153 21 modersmälet
347 1186 38 21 och
394 1186 74 20 hvilka
476 1185 125 28 isynnerhet
609 1185 49 21 lade
666 1192 28 14 an
703 1186 29 26 pä
740 1187 33 19 att
783 1184 53 21 lifva

74 1221 71 21 sinnet
168 1220 33 21 för
223 1220 120 28 upphöjda,
358 1220 79 21 ideella
452 1220 51 21 mål.
534 1220 35 20 En
585 1220 68 20 sådan
668 1219 98 27 bildning
782 1226 52 14 vun-

75 1261 38 14 nes
136 1255 97 20 närmast
255 1261 76 20 genom
355 1254 123 21 kännedom
501 1261 35 14 om
559 1253 89 22 nordisk
668 1253 98 24 historia,
790 1259 45 21 my-

75 1288 73 27 tologi,
166 1288 108 21 litteratur
301 1290 38 19 och
356 1289 60 26 poesi
439 1290 56 19 samt
519 1289 59 26 sång.
609 1287 33 22 Då
662 1289 36 19 det
714 1287 122 21 emellertid

74 1323 51 20 kom
148 1323 84 20 mindre
256 1330 28 13 an
305 1323 29 26 på
349 1323 140 20 inhemtande
505 1322 24 21 af
543 1325 32 18 ett
589 1322 109 21 bestämdt
714 1321 122 27 kunskaps-

76 1357 54 21 mått
146 1358 28 19 än
190 1357 105 20 känslans
310 1357 98 21 väckelse
424 1357 41 21 och
481 1357 143 21 karaktärens
638 1356 98 27 bildning
753 1356 39 21 och
809 1357 27 19 då

76 1392 72 25 någon
164 1391 127 26 kompetens
315 1391 28 27 på
366 1393 83 19 statens
472 1391 150 27 tjenstebanor
640 1391 47 20 icke
706 1391 78 26 afsågs,
800 1393 36 17 ut-

76 1426 137 20 mönstrades
236 1425 28 21 all
288 1425 122 27 lexläsning
426 1425 40 21 och
483 1425 44 21 alla
548 1425 108 24 examina,
672 1425 39 20 och
736 1425 36 20 det
789 1423 47 28 fria,

145 1464 100 18 Allmänna
257 1464 172 18 Besvärsutskottets
441 1464 111 17 betänkande
566 1464 36 18 N:o
614 1464 29 17 18.
