1056 1670
327 116 222 23 Petitionsbetänkande
565 117 34 22 N:o
615 117 14 21 1.
780 117 40 20 173

176 177 116 22 Utskottet
307 177 40 22 har
363 178 28 27 på
405 177 91 22 anförda
509 177 98 28 grunder
618 176 170 28 approximativt
798 182 52 21 upp-

107 213 84 22 skattat
212 213 214 28 statsjernvägarnes
446 213 136 22 totalförlust
597 213 8 21 i
620 213 122 22 inkomster
757 213 35 22 till
808 219 42 16 om-

106 249 66 28 kring
196 251 95 26 209,000
312 249 69 28 mark,
400 249 153 28 medgifvande
570 249 55 22 dock
642 250 38 27 att,
697 249 29 27 på
741 249 49 22 skäl
806 255 45 16 som

107 285 94 26 anföres,
217 285 71 22 denna
303 291 82 16 summa
401 287 70 21 måste
487 291 64 17 anses
567 291 55 17 vara
635 285 35 22 för
685 285 43 28 låg,
744 290 50 17 men
808 284 43 23 för-

107 321 112 28 menande,
241 323 32 20 att
295 321 124 22 afvikelsen
439 321 50 22 från
507 321 103 28 verkliga
626 321 109 22 förlusten
751 321 19 27 ej
786 323 26 19 är
828 321 24 22 så

108 359 50 25 stor,
182 359 33 20 att
238 357 41 22 den
300 357 73 22 kunde
394 358 67 27 något
481 358 86 27 betyda.
602 357 132 22 Afvikelsen
755 357 97 27 framgår

108 393 54 22 dock
185 400 27 15 ur
233 393 102 27 bifogade
360 411 8 9 ,
373 393 78 28 kalkyl
471 399 32 16 n:o
527 395 24 20 1*
575 393 71 22 såsom
666 393 122 27 utgörande
809 399 42 15 om-

107 428 66 28 kring
194 430 79 27 40,000
295 429 68 28 mark,
380 429 93 23 hvarvid
488 429 70 22 likväl
574 429 42 22 den
632 429 8 21 i
655 429 106 27 kalkylen
776 428 76 28 gjorda

108 465 145 27 anmärkning
273 466 38 21 bör
331 466 136 27 observeras,
488 466 55 21 samt
559 465 44 21 kan
620 465 86 22 således
722 464 49 22 icke
786 464 66 22 förbi-

108 507 41 16 ses.
180 501 107 27 Verkliga
312 500 108 23 förlusten
445 501 74 22 skulle
544 501 92 22 sålunda
655 503 79 25 utgöra
752 500 100 28 omkring

108 543 27 15 en
158 536 119 28 fjerdedels
300 537 74 27 miljon
397 544 34 15 om
452 538 55 27 året,
531 537 87 23 hvilket
638 539 166 25 representerar
825 542 27 16 en

108 572 175 27 kapital-förlust
298 572 24 22 af
335 573 102 27 omkring
453 574 12 20 6
481 573 106 28 miljoner.

178 608 115 23 Utskottet
308 609 41 21 har
363 609 91 22 kommit
469 610 35 21 till
520 609 37 22 det
570 610 101 27 resultat,
684 611 32 20 att
727 609 71 22 denna
808 608 43 22 för-

108 644 44 22 lust
172 644 36 22 för
227 645 135 22 statsverket
377 645 20 28 ej
414 646 40 21 bör
469 645 74 22 kunna
558 645 78 23 utöfva
651 646 67 27 något
733 644 119 28 inflytande

107 678 28 28 på
149 680 152 28 Regeringens
316 681 101 28 hållning
431 681 35 22 till
482 681 79 28 frågan
577 688 34 15 om
625 681 126 22 utförandet
759 680 25 22 af
792 680 60 22 detta

105 716 199 29 jernvägsföretag,
327 717 18 27 ej
367 723 39 16 ens
425 724 34 15 om
475 717 37 23 det
527 718 72 27 gäller
615 719 33 20 att
663 717 73 23 utföra
752 717 36 22 det
804 717 48 22 med

108 753 134 27 statsmedel,
254 753 93 22 hvarvid
357 753 109 22 utskottet
477 754 48 21 med
537 756 12 19 8
561 755 73 20 röster
645 755 45 20 mot
701 756 11 18 7
726 752 126 23 förkastade

108 789 32 21 ett
158 788 91 29 förslag,
266 791 33 20 att
313 789 109 22 utskottet
436 789 77 22 endast
529 790 73 21 skulle
618 790 77 27 uttala,
712 790 33 21 att
760 788 93 22 nämnda

107 824 81 22 förlust
203 825 20 27 ej
239 825 44 21 kan
298 825 93 22 inverka
405 826 67 27 något
488 826 28 27 på
532 826 152 27 Regeringens
700 824 102 28 hållning
817 825 35 21 till

107 859 78 28 frågan
201 866 34 15 om
250 861 83 21 banans
349 860 116 23 utförande
480 861 28 27 på
524 861 74 27 privat
613 863 49 26 väg.

178 896 78 22 Denna
272 897 34 22 sin
320 897 142 28 uppfattning
477 898 98 27 grundar
590 897 110 22 utskottet
713 897 35 22 för
762 897 36 22 det
809 896 43 22 för-

108 934 34 20 sta
158 932 74 28 derpå,
249 935 32 20 att
297 933 42 22 den
352 939 43 22 nya
404 933 129 28 jernvägen,
546 933 70 28 enligt
628 933 120 22 utskottets
760 932 93 28 mening,

108 974 76 21 genom
204 970 33 21 att
256 969 68 27 skapa
340 975 29 22 ny
385 969 66 22 trafik
467 970 6 21 i
490 970 25 21 så
530 969 112 28 väsentlig
658 969 49 22 mån
723 969 72 22 skulle
811 969 42 21 öka

107 1004 60 22 vissa
188 1005 74 22 delars
283 1005 24 21 af
325 1005 204 28 statsjernvägarne
548 1005 72 28 trafik,
638 1007 32 20 att
686 1005 71 22 såsom
773 1005 79 22 slutre-

108 1040 68 22 sultat
191 1041 110 27 knappast
316 1041 72 28 någon
404 1041 79 22 förlust
500 1042 73 21 skulle
588 1042 85 27 uppstå.
705 1041 128 22 Tillskottet
846 1041 7 20 i

108 1076 121 23 inkomster
250 1077 71 22 skulle
341 1077 153 28 förnämligast
513 1077 78 23 vinnas
613 1078 131 27 derigenom,
763 1078 33 20 att
812 1076 41 22 den

108 1117 77 30 genom
201 1113 82 22 banans
294 1113 116 27 byggande
421 1113 70 22 ökade
503 1113 94 22 trafiken
609 1113 93 22 emellan
713 1107 140 37 Helsingfors

108 1148 39 21 och
162 1148 49 22 Åbo
227 1149 13 21 å
256 1155 40 16 ena
312 1151 55 20 samt
383 1149 78 28 Hangö
478 1150 13 21 å
507 1150 68 21 andra
589 1149 63 22 sidan
664 1149 72 22 skulle
746 1149 28 27 på
785 1150 68 20 sträc-

107 1184 44 21 kan
171 1185 154 28 Hangö-Karis
345 1185 86 22 komma
449 1186 205 27 statsjernvägarne
672 1185 36 22 till
726 1185 60 28 godo.
817 1184 36 21 Bi-

108 1219 77 28 fogade
211 1238 4 10 ,
217 1221 84 28 kalkyl
323 1227 33 16 n:o
380 1223 27 20 24
432 1222 86 22 utvisar
541 1221 130 28 emellertid,
691 1223 33 20 att
739 1221 66 22 äfven
820 1226 33 15 om

107 1256 94 22 nämnda
221 1256 66 23 trafik
309 1257 71 21 skulle
401 1257 70 23 blifva
489 1259 35 20 tre
541 1258 83 27 gånger
640 1257 26 22 så
681 1259 53 25 stor,
751 1262 45 16 som
812 1256 42 22 den

107 1298 29 15 nu
152 1294 30 26 är,
200 1292 87 23 hvilket
302 1292 63 22 torde
379 1298 55 16 vara
449 1299 43 21 nog
507 1293 55 28 högt
571 1294 68 26 taget,
652 1293 72 21 skulle
734 1292 120 22 tillskottet

107 1328 7 21 i
130 1328 121 22 inkomster
267 1328 34 22 för
315 1328 108 22 bandelen
436 1328 176 28 Hangö—Karis
627 1330 78 26 utgöra
719 1328 77 22 endast
812 1333 42 15 om-

107 1363 67 28 kring
196 1364 103 28 tjugusex
322 1366 64 20 tusen
409 1364 101 29 (26,000)
531 1365 69 21 mark.
630 1364 35 22 De
686 1364 71 28 öfriga
772 1363 35 22 för
823 1363 32 21 in-

107 1398 127 23 komsterna
252 1400 118 22 förutsatta
385 1399 213 23 tillskottskällorna
614 1402 37 20 äro
668 1400 91 22 alldeles
775 1398 80 23 under-

107 1434 112 23 ordnande
239 1436 8 20 i
268 1434 137 23 förhållande
426 1436 35 21 till
482 1435 77 22 denna.
590 1436 49 22 Den
661 1436 35 21 till
712 1435 101 26 omkring
828 1440 27 16 en

181 1476 175 23 Jernvägsulskottets
368 1475 107 20 betänkande
487 1476 36 18 N:o
536 1478 15 17 1.
