1067 1675
240 131 26 21 10
399 131 260 23 Motionsbetänkande
674 131 46 23 N:o
735 131 38 22 10.

210 200 48 21 pas,
281 195 36 19 att
333 193 53 22 Gud
411 194 60 21 skall
493 193 78 29 hjelpa
595 194 76 21 henne
686 193 37 21 till
737 193 32 21 lif
781 193 43 21 och
840 193 48 29 själ.
919 193 46 21 Det

209 234 69 20 synes
299 227 48 29 mig
369 231 83 18 nästan
475 231 84 25 gränsa
581 228 36 21 till
633 227 102 26 hädelse,
750 235 37 14 om
802 227 40 21 det
857 227 43 22 ock
914 227 52 21 icke

210 262 52 20 sker
285 261 134 29 afsigtligt.*
448 262 52 21 Den
525 262 118 21 allmänna
665 262 181 28 uppfattningen
862 261 26 22 af
900 260 66 22 dessa

210 294 89 22 slutord
315 299 24 17 är
354 295 51 23 den.
422 298 34 19 att
471 296 28 21 de
514 296 119 21 innehälla
649 303 29 14 en
693 296 153 28 försvärjelse,
862 295 43 22 och
920 295 46 21 till-

209 328 114 30 läggetaf
336 330 71 21 orden
423 330 50 27 ,till
488 330 31 21 lif
531 330 44 22 och
590 330 55 28 själ”
661 330 36 21 till
713 330 176 21 edsformuläret
904 329 62 28 äsyf-

209 363 55 21 tade
278 365 57 19 utan
350 364 82 21 tvifvel
445 367 34 19 att
494 364 65 29 gifva
575 367 72 19 större
663 364 63 22 kraft
741 364 24 21 åt
780 364 76 21 denna
866 364 100 21 försvär-

206 396 65 30 jelse.
302 398 132 22 Martensen
457 402 66 25 säger
545 399 8 21 i
573 399 37 21 sin
631 398 107 29 kristliga
760 398 72 22 Ethik
848 406 36 14 om
900 398 66 21 dessa

210 432 51 21 ord:
285 432 134 29 ,förkastlig
441 437 26 17 är
481 433 178 21 exsekrationen
675 433 56 21 eller
747 432 44 22 den
800 432 60 22 form
869 432 27 22 af
901 432 64 26 eden,

210 466 8 21 i
233 466 96 22 hvilken
345 467 44 21 den
405 467 122 29 svärjande
542 470 107 18 utmanar
665 467 53 22 Gud
727 467 37 21 till
772 469 34 19 att
814 467 64 28 evigt
886 466 80 22 straffa

210 500 42 28 sig,
269 507 37 15 om
321 500 47 22 hon
378 501 87 28 svärjer
474 501 79 27 falskt,
564 502 146 28 hypotetiskt
720 501 126 22 förbannar
861 501 35 28 sig
907 500 58 29 sjelf,

210 534 42 22 vill
267 542 56 14 vara
339 536 64 28 evigt
418 535 111 27 fördömd,
547 538 72 18 sätter
634 536 36 21 sin
686 536 68 28 eviga
769 535 100 29 salighet
882 535 8 21 i
902 537 64 27 pant.

210 569 42 21 Ett
274 569 83 22 sädant
379 570 122 29 svärjande
517 574 25 17 är
557 570 110 21 förmätet
683 570 42 21 och
741 570 139 29 oreligiöst.*
911 570 55 21 Pro-

210 603 73 22 fessor
298 603 78 22 Rudin
392 608 72 25 säger,
480 607 35 18 att
530 604 67 21 dessa
612 604 58 27 ,ord,
686 605 8 20 i
709 605 105 28 enlighet
829 604 52 21 med
896 603 69 22 edens

210 637 196 28 grundbetydelse
429 641 34 18 att
485 639 94 28 erbjuda
603 646 24 13 en
654 639 88 28 borgen
764 639 36 21 för
818 641 34 18 ett
867 638 99 29 afgifvet

209 671 64 28 löfte,
289 672 106 28 tydligen
411 673 72 21 mäste
498 673 118 24 innebära,
633 675 34 19 att
682 673 45 21 den
750 673 118 28 edgäende
891 673 75 20 säsom

210 713 30 14 en
262 706 73 21 sädan
357 706 88 29 borgen
467 707 106 28 erbjuder
594 707 36 21 sin
646 715 58 20 egen
720 707 94 26 varelse,
830 707 72 28 nägot
917 713 48 15 som

210 739 39 22 väl
271 740 72 21 minst
361 741 68 28 sagdt
451 742 37 20 mä
510 741 74 21 kallas
604 741 130 22 förmätet.*
764 741 63 22 Utan
843 741 82 21 tvifvel
941 745 25 16 är

210 773 40 22 det
264 774 90 29 riktigt,
370 775 61 21 hvad
447 775 119 22 Professor
580 775 111 29 Myrberg
706 779 67 25 säger
788 783 36 14 om
840 775 126 22 edsformu-

209 807 68 22 läret:
297 816 67 17 ,man
378 809 43 21 har
435 809 90 22 försökt
539 812 36 19 att
589 809 65 29 gifva
669 817 29 14 en
713 817 63 14 mera
791 809 109 28 oskyldig
914 809 49 28 tyd-

209 842 59 29 ning
284 843 24 21 ät
323 843 66 21 dessa
405 843 47 25 ord,
468 852 52 13 men
536 843 65 22 deras
617 844 118 28 naturliga
749 844 95 28 mening
859 844 47 21 kan
914 843 51 21 icke

209 883 56 15 vara
287 884 63 14 mera
373 881 29 18 än
423 885 34 13 en.
489 878 36 21 En
541 878 114 28 afsägelse
671 878 26 22 af
710 878 64 21 Guds
789 878 47 21 nåd
851 878 35 21 för
902 877 64 21 detta

210 910 44 22 och
267 910 40 22 det
322 911 174 22 tillkommande
511 912 75 25 lifvet,
603 919 36 15 om
655 920 54 14 man
725 912 79 28 bryter
818 912 45 21 den
872 912 94 28 gängna

210 944 65 26 eden,
291 945 39 22 det
345 949 25 17 är
385 946 62 21 hvad
462 946 28 21 de
512 946 51 21 icke
586 946 99 22 allenast
703 947 8 21 i
727 946 44 22 den
787 946 117 21 allmänna
918 953 47 13 me-

209 979 95 28 ningen,
327 986 49 14 som
397 980 9 21 i
427 980 143 21 närvarande
593 980 41 24 fall
649 980 113 29 förtjenar
777 980 39 21 det
832 982 84 19 största
932 979 33 21 af-

209 1013 91 27 seende,
323 1016 57 19 utan
405 1015 68 21 ätven
496 1015 59 21 efter
573 1014 44 22 den
631 1015 69 21 enkla
716 1014 160 28 ordalydelsen
892 1014 72 21 måste

209 1054 67 22 anses
291 1048 116 21 innefatta
421 1048 9 21 i
445 1049 49 28 sig;
511 1048 43 22 och
569 1056 54 14 man
639 1052 25 18 är
679 1048 73 22 under
767 1048 87 22 sädana
865 1051 100 18 omstän-

209 1080 107 29 digheter
331 1082 38 21 väl
385 1082 131 29 berättigad
531 1085 35 19 att
581 1086 62 25 säga,
660 1086 34 18 att
707 1083 27 21 de
750 1083 37 21 till
801 1082 46 22 alla
858 1082 63 21 delar
933 1082 33 22 öf-

208 1115 121 22 verskrida
351 1120 100 24 gränsen
472 1117 37 21 för
523 1116 45 22 den
584 1125 52 13 sans
653 1117 43 22 och
710 1117 80 26 mätta,
802 1124 48 14 som
860 1116 56 22 höra
928 1116 37 22 till

208 1149 46 21 den
277 1150 48 27 sak,
343 1150 96 22 hvarom
462 1151 67 28 fräga
544 1155 31 17 är.
605 1151 74 28 Ingen
694 1151 121 21 menniska
831 1155 25 17 är
873 1151 92 21 berätti-

208 1183 47 28 gad
277 1184 37 21 till
336 1185 73 28 nägot
431 1185 89 27 sädant,
543 1192 50 15 som
609 1193 28 14 en
653 1185 65 28 dylik
734 1185 133 28 afsägelse.*
898 1185 67 21 Huru

208 1224 56 15 man
279 1221 30 18 än
325 1218 90 22 derföre
430 1219 120 28 uppfattar
565 1219 136 28 betydelsen
717 1219 26 21 af
756 1219 66 21 dessa
838 1219 126 22 edsformu-

207 1251 72 22 lärets
302 1252 95 27 slutord,
420 1254 73 20 mäste
515 1253 46 22 alla
577 1261 56 14 vara
648 1261 54 14 ense
718 1253 86 26 derom,
820 1255 35 19 att
870 1253 28 21 de
913 1253 51 21 icke

206 1285 81 22 kunna
302 1286 123 28 försvaras,
442 1287 42 22 och
500 1295 29 14 en
544 1295 54 14 snar
613 1287 100 29 ändring
728 1287 26 22 af
767 1287 66 21 dessa
856 1291 25 17 är
895 1287 9 21 i
918 1287 48 28 hög

207 1319 58 28 grad
281 1319 27 22 af
320 1320 84 22 nöden.
434 1316 77 27 Äfven
527 1321 72 22 hafva
613 1321 28 22 de
657 1321 132 29 föreslagna
800 1321 118 21 slutorden
929 1321 37 21 sin

207 1353 101 22 förebild
331 1354 8 21 i
362 1354 45 22 den
429 1355 86 29 Heliga
530 1355 75 22 Skrift
620 1355 44 22 och
678 1356 80 21 kunna
773 1355 117 28 begagnas
906 1354 59 22 både

206 1387 42 22 vid
262 1388 81 21 löftes-
357 1389 44 21 och
417 1389 198 22 bekräftelseeder.

276 1423 47 21 Till
345 1423 94 29 frägans
462 1423 125 29 belysning
604 1423 42 22 vill
661 1423 42 29 jag
719 1427 62 18 ännu
797 1423 81 21 anföra
893 1424 73 27 nägra

275 1463 133 22 Lagutskottets
421 1463 109 18 betänkande
544 1463 36 18 N:o
594 1463 31 18 20.
