1070 1673
278 127 25 20 18
452 127 247 22 Petitionsbetänkande
713 127 37 22 N:o
766 126 34 25 27.

247 195 114 22 leväsende
378 195 33 21 för
426 203 45 14 mer
486 197 28 20 än
530 198 33 19 tre
579 196 115 21 decennier
710 195 91 22 tillbaka
817 197 77 27 (1858)
910 196 99 21 riktades

247 230 48 20 med
310 231 31 19 ett
357 232 47 25 nytt
420 230 45 27 slag
481 230 24 21 af
517 230 224 27 bildningsanstalter,
758 231 26 20 de
800 237 16 15 s.
832 231 20 21 k.
869 231 66 27 högre
951 230 54 21 folk-

247 263 107 28 skolorna,
371 265 48 20 med
435 265 73 21 hvilka
523 272 29 14 nu
562 264 150 27 ifrågakomna
721 265 87 21 skolor
798 259 12 37 i
819 265 58 22 vissa
888 265 117 22 afseenden

245 299 38 20 äro
303 298 141 28 jämförbara,
468 299 142 21 förordnades
632 301 34 20 att
687 299 86 22 lärarne
797 299 35 22 vid
855 301 62 20 dessa
933 299 74 22 skolor

246 332 68 21 skulle
329 339 40 21 ega
385 333 126 22 akademisk
527 333 103 27 bildning.
660 333 75 22 Såsom
752 334 66 21 motiv
833 334 34 21 för
882 335 71 20 denna
969 333 33 21 be-

244 367 109 28 stämning
368 367 90 22 anförde
474 369 118 20 ständerna
607 368 7 21 i
630 368 32 21 sin
679 369 50 20 und.
747 368 159 27 framställning
921 368 31 21 till
966 367 38 22 ko-

246 409 85 20 nungen
354 402 107 27 följande:
482 402 70 28 ,,hvad
576 402 101 21 särskildt
701 403 67 27 angår
791 403 115 27 yrkandet,
925 405 32 19 att
972 403 30 20 lä-

246 444 63 15 rarne
325 437 36 21 vid
377 437 63 21 dessa
455 436 72 22 skolor
543 437 52 21 böra
611 444 39 20 ega
666 437 127 21 akademisk
809 437 104 28 bildning,
923 438 30 25 sä,
962 437 41 22 och

245 479 34 13 om
295 471 5 21 i
313 471 118 21 allmänhet
448 471 23 21 af
485 471 73 27 hvarje
575 471 73 28 duglig
664 472 117 21 skollärare
797 473 68 20 måste
881 471 82 22 fordras
975 479 26 14 en

243 506 50 21 klar
315 505 186 28 genomskådning
524 505 24 22 af
567 506 246 27 undervisningsämnet,
829 506 33 21 för
878 509 32 18 att
925 506 75 21 kunna

242 540 58 27 gifva
322 541 23 20 åt
368 541 48 20 dess
432 540 141 21 meddelande
590 547 26 14 en
632 540 93 28 verkligt
740 541 102 21 bildande
858 541 63 25 kraft,
938 541 65 20 torde

242 575 71 21 denna
338 575 108 27 egenskap
469 582 52 14 vara
544 575 23 20 så
583 575 84 27 mycket
684 575 160 27 nödvändigare
860 575 38 21 hos
914 575 85 21 läraren

242 610 35 20 vid
295 610 40 20 den
351 609 66 27 högre
434 609 127 26 folkskolan,
578 609 6 20 i
601 611 107 20 anseende
724 609 33 21 till
773 611 41 20 den
833 609 167 28 omständighet,

241 646 32 19 att
297 643 93 22 flertalet
412 643 25 22 af
451 644 70 21 denna
537 643 72 22 skolas
624 644 112 28 lärjungar
752 643 134 23 fortfarande
902 644 97 21 kommer

241 680 34 19 att
290 678 87 21 tillhöra
394 679 41 21 den
451 678 118 22 arbetande
584 678 93 22 klassen.
708 678 66 22 Detta
789 678 136 22 förhållande
941 678 56 21 kräf-

241 720 36 14 ver
301 712 107 28 nämligen
427 715 32 19 att
475 714 41 20 den
532 712 33 21 till
581 712 186 28 arbetsduglighet
783 720 115 20 uppvuxne
914 712 83 28 lärjun-

239 754 42 21 gen
303 748 48 20 icke
368 747 39 21 allt
422 747 34 21 för
471 747 50 27 lång
536 747 32 21 tid
584 747 24 21 af
621 748 47 20 året
683 747 68 21 vistas
767 747 35 21 vid
818 748 81 24 skolan,
916 747 33 21 för
965 751 32 17 att

239 782 47 21 icke
302 782 68 21 blifva
385 782 33 20 för
433 782 37 20 sitt
485 781 102 21 framtida
602 781 139 28 lefnadsyrke
757 782 82 20 mindre
855 782 90 26 skicklig
961 788 34 20 ge-

239 824 49 14 nom
312 818 40 20 den
376 816 161 27 förvekligande
569 816 104 21 inverkan
697 816 24 21 af
751 816 244 22 studerkammarlifvets

237 851 87 22 stillhet.
362 851 46 21 Här
430 851 67 27 gäller
513 851 83 21 således
611 851 33 20 för
660 851 84 21 läraren
761 853 32 18 att
809 853 50 18 utur
874 851 74 27 hvarje
965 851 29 21 lä-

237 887 88 20 roämne
341 885 49 22 kort
406 885 41 22 och
463 885 57 21 klart
536 885 155 21 sammanfatta
707 886 47 20 dess
770 885 102 26 innehåll,
886 885 40 21 och
935 886 60 20 detta

236 922 30 25 så,
290 923 32 19 att
344 921 36 20 det
403 920 125 21 meddelade
551 919 69 28 gifver
634 919 115 28 lärjungen
767 919 55 22 både
838 919 43 21 lust
897 919 39 21 och
952 919 41 21 för-

235 956 64 26 måga
322 957 32 19 att
378 955 68 21 under
469 954 241 27 skolundervisningens
731 953 137 22 mellantider
883 954 110 21 äfvensom

235 990 54 21 efter
312 991 48 20 dess
382 989 42 21 slut
447 990 28 26 på
497 995 54 20 egen
567 988 58 21 hand
641 988 135 27 småningom
793 988 140 27 fullständiga
949 989 39 20 den

235 1024 98 21 erhållna
356 1023 150 28 kunskapen".
542 1023 76 20 Denna
640 1022 112 28 synpunkt
776 1022 67 21 borde
865 1029 51 14 vara
933 1024 57 25 afgö-

234 1059 67 21 rande
325 1059 63 21 äfven
410 1059 7 20 i
440 1058 62 27 fråga
525 1064 34 15 om
581 1057 127 27 kompetens
731 1057 33 20 för
783 1057 71 21 lärare
870 1057 34 21 vid
920 1057 71 21 landt-

233 1100 89 14 manna-
346 1093 40 21 och
409 1091 204 22 husmodersskolor.
650 1091 98 22 Därmed
765 1091 39 21 har
821 1091 106 22 utskottet
942 1091 48 21 icke

233 1128 58 21 velat
314 1127 70 22 uttala
402 1128 42 20 den
460 1127 61 26 åsigt,
537 1129 33 19 att
587 1126 87 25 studier,
691 1125 101 22 bedrifna
808 1126 35 21 vid
859 1126 128 21 universite-

232 1164 31 19 tet
281 1162 69 21 skulle
366 1161 125 28 oafvisligen
508 1161 51 21 eller
574 1168 38 13 ens
627 1160 152 22 företrädesvis
796 1160 52 21 böra
868 1161 121 26 uppställas

233 1197 72 21 såsom
321 1195 197 28 kompetensvilkor
533 1195 33 21 för
582 1195 71 21 lärare
669 1195 35 21 vid
720 1195 167 27 ifrågavarande
902 1195 78 21 skolor.

300 1232 62 20 Hvad
385 1231 104 21 beträffar
511 1230 62 21 dessa
595 1230 82 21 skolors
694 1229 136 21 förhållande
845 1229 33 21 till
894 1230 39 20 den
950 1230 42 20 hos.

231 1273 35 14 oss
289 1266 32 21 för
342 1266 134 20 närvarande
492 1266 49 20 med
557 1266 71 20 värme
644 1264 119 21 omfattade
780 1263 206 27 folkhögskoleidén,

229 1302 26 19 är
272 1300 103 21 utskottet
391 1300 24 20 af
428 1300 41 20 den
485 1299 71 25 tanke,
573 1301 33 19 att
621 1300 33 24 de,
663 1299 34 21 väl
706 1298 153 28 organiserade
870 1297 39 21 och
919 1298 67 20 skick-

228 1335 41 27 ligt
292 1335 70 26 ledda,
379 1334 47 21 icke
442 1335 60 20 stode
518 1334 6 20 i
540 1335 68 25 vägen
625 1333 33 21 för
673 1335 53 19 utan
743 1332 91 22 fastmer
853 1332 135 28 hbefrämjade

228 1368 226 28 folkhögskolesaken,
477 1368 44 22 dels
545 1368 93 21 indirekt
661 1374 78 21 genom
762 1369 32 19 att
809 1366 39 21 hos
864 1366 121 27 ungdomen

227 1404 70 20 väcka
320 1404 91 20 intresse
434 1404 33 20 för
482 1403 139 21 kommunala
637 1409 19 14 o.
672 1409 19 14 a.
707 1402 93 20 allmänt
816 1401 171 27 medborgerliga

226 1439 80 27 frägor,
330 1438 46 21 dels
400 1438 70 21 direkt
485 1444 78 20 genom
578 1440 32 18 att
626 1444 26 14 en
669 1436 137 26 ombildning
822 1435 23 21 af
860 1436 61 20 dessa
937 1436 47 20 sko-

296 1478 100 18 Allmänna
409 1477 173 19 Besvärsutskottets
594 1476 109 18 betänkaude
715 1476 35 18 N:o
762 1476 29 17 18.
