1070 1678
317 200 65 22 Efter
398 200 171 28 öfverläggning
585 201 115 27 angående
716 201 28 21 de
755 201 42 22 Oss
807 201 115 28 förelagda
932 204 62 19 ären-

246 236 42 21 den
303 235 67 23 hafva
385 236 29 22 Vi
429 238 90 20 stannat
534 236 8 21 i
557 236 97 28 följande
669 236 84 22 beslut:

598 307 46 29 18.

316 353 65 23 Efter
404 354 38 22 det
457 354 28 21 Vi
501 354 109 27 enhälligt
628 354 86 27 antagit
729 354 62 22 Hans
807 355 127 27 Kejserliga
948 355 45 21 Ma-

242 389 81 28 jestäts
338 389 81 28 nådiga
440 389 135 27 proposition
596 390 113 27 angående
725 390 142 27 upphörande
891 390 24 22 af
928 390 42 22 den
985 391 8 20 i

243 425 62 22 vissa
320 425 62 22 delar
398 425 25 22 af
435 425 69 22 Wasa
519 425 40 22 och
574 425 124 27 Uleåborgs
717 426 38 21 län
770 425 51 22 från
836 426 156 27 behållningen

244 461 38 22 vid
297 461 205 28 bouppteckningar
516 461 111 28 utgående
643 461 62 22 skatt
720 461 35 22 till
770 462 133 21 lasarettens
914 462 78 21 under-

242 497 53 26 håll,
318 497 66 22 hafva
407 497 28 21 Vi
459 497 74 22 derom
556 497 84 22 anmält
658 497 8 21 i
681 497 139 28 underdånig
836 497 119 22 skrifvelse
970 497 25 22 af

244 533 42 21 den
304 534 25 19 17
347 533 101 21 sistlidne
464 533 115 22 Februari.

593 603 48 29 28.

313 644 63 22 Hans
391 645 126 27 Kejserliga
537 645 115 28 Majestäts
673 645 81 27 nådiga
769 645 134 27 proposition
926 646 65 27 angä-

243 680 56 22 ende
314 680 143 28 förlängning
472 680 25 22 af
509 680 62 22 tiden
589 680 7 22 i
611 680 61 22 vissa
687 680 40 22 fall
738 680 35 22 för
787 680 204 28 ändringssökande

242 715 51 22 frän
316 716 182 21 häradsrätterne
514 716 7 21 i
537 708 85 29 Älands
646 716 104 27 domsaga
773 716 66 21 hafva
862 716 29 21 Vi
906 716 85 27 antagit

242 751 50 21 med
307 751 82 21 sådana
404 751 85 22 mindre
505 751 127 28 ändringar,
648 751 47 21 Vår
710 751 7 21 i
734 753 73 19 ämnet
821 751 80 21 aflåtna
911 751 78 22 under-

242 786 80 27 dåniga
338 785 120 23 skrifvelse
474 785 25 22 af
511 787 43 21 den
569 788 27 19 21
613 786 109 22 sistvikne
738 786 108 22 Februari
859 787 129 22 innehåller.

593 865 12 19 3
622 863 18 28 &.

311 904 40 21 Uti
371 904 138 27 underdänig
531 904 119 22 skrifvelse
666 904 25 21 af
704 904 43 21 den
765 905 26 20 16
807 904 103 22 sistlidne
924 905 65 26 April

240 939 67 22 hafva
322 939 28 21 Vi
366 939 35 22 för
416 939 62 22 Hans
501 939 127 28 Kejserliga
642 939 105 28 Majestät
762 939 112 22 framstält
889 940 27 21 de
932 940 55 27 skäl,

239 974 93 22 hvarför
352 975 63 22 Hans
437 975 117 27 Majestäts
573 975 81 27 nädiga
668 975 136 27 proposition
827 975 114 27 angäende
956 976 33 21 ät-

239 1010 81 27 gärder
335 1010 36 21 till
387 1010 177 22 förekommande
579 1010 26 22 af
617 1010 128 27 bosättning
760 1010 61 22 invid
836 1010 152 28 begrafnings-

238 1045 60 26 plats
320 1045 50 22 icke
394 1046 85 21 kunnat
494 1046 25 21 af
533 1046 42 22 Oss
591 1048 98 25 antagas,
705 1046 122 26 hvarjemte
842 1046 29 21 Vi
886 1046 8 20 i
908 1052 81 15 samma

239 1080 120 22 skrifvelse
382 1081 95 21 anhållit
499 1083 33 20 att
548 1081 12 29 $
576 1083 29 19 40
621 1082 8 20 i
644 1081 227 27 helsovårdsstadgan
886 1080 36 22 för
937 1081 51 22 Fin-

238 1116 59 28 land,
313 1116 105 22 utfärdad
434 1117 43 21 den
492 1118 28 20 22
536 1117 122 21 December
675 1118 63 26 1879,
755 1116 74 22 blefve
839 1116 149 22 underkastad

238 1151 98 22 revision
352 1154 57 19 samt
424 1154 40 26 att,
480 1152 8 21 i
503 1152 41 22 fall
559 1152 28 22 de
602 1152 144 28 stadganden,
758 1158 46 16 som
814 1152 39 22 vid
862 1152 125 22 revisionen

238 1186 98 22 befinnas
360 1187 86 28 nödiga,
471 1189 38 20 äro
532 1187 25 22 af
578 1188 42 22 den
635 1188 154 22 beskaffenhet
804 1190 33 19 att
853 1188 134 22 Ständernas

238 1222 136 22 medverkan
390 1222 119 28 erfordras,
525 1223 68 27 nådig
608 1223 136 27 proposition
759 1223 7 21 i
782 1225 74 20 ämnet
872 1223 67 23 måtte
949 1224 38 22 vid

238 1257 200 23 nästinstundande
454 1258 106 28 landtdag
576 1258 123 22 Ständerna
715 1258 132 28 föreläggas.

588 1329 48 28 48.

309 1368 41 22 Ett
364 1368 26 22 af
402 1369 63 22 Hans
481 1370 126 27 Kejserliga
617 1370 105 27 Majestät
731 1370 33 21 uti
775 1370 66 26 nådig
852 1370 134 26 proposition

237 1404 43 22 Oss
296 1404 112 28 förelagdt
423 1404 84 29 förslag
525 1406 36 21 till
576 1405 130 28 förordning
725 1406 114 27 angående
862 1406 124 27 ersättning
