1042 1673
292 147 259 22 Motionsbetänkande
567 147 45 22 N:o
628 148 23 21 8.
818 148 11 20 5

101 210 41 20 och
164 210 126 26 ovilkorliga
310 210 216 27 ansvarsskyldighet
541 210 33 21 för
589 210 41 20 alla
645 210 26 20 af
683 210 50 20 dem
748 210 112 27 uppburna

100 244 60 20 säväl
175 244 106 20 allmänna
297 251 47 13 som
360 244 97 20 enskilda
472 244 78 25 medel,
567 244 85 21 säledes
668 244 67 21 ocksä
746 244 27 21 de
782 250 78 21 genom

102 278 62 20 deras
179 278 163 26 underlydande
357 278 95 26 betjänte
468 278 97 25 indrifna,
582 282 51 17 utan
648 278 111 27 undantag
773 285 88 20 genom-

102 312 54 20 förd.
186 312 76 27 Lagen
285 311 103 21 erkänner
411 312 47 20 icke
482 312 63 20 dessa
561 312 102 26 betjänte,
679 312 20 21 d.
715 320 20 13 v.
751 320 16 13 s.
783 312 78 20 krono-

102 346 96 20 länsmän
220 347 29 26 pä
269 346 73 21 landet
358 346 42 20 och
415 346 142 27 stadsfogdar
571 348 6 19 i
593 347 55 25 stad,
665 347 73 20 säsom
753 346 108 27 egentliga

102 380 188 27 utmätningsmän,
313 380 86 21 hvarför
422 380 153 27 skyldigheten
594 380 33 21 för
650 380 157 21 exekutorerna
829 383 32 18 att

102 414 71 21 sävidt
188 414 83 27 möjligt
286 414 76 27 själfva
377 414 71 21 utföra
464 414 40 21 alla
518 416 108 25 vigtigare
635 414 227 27 exekutionsgöromäl

103 448 118 27 inskärpes.
252 447 93 22 Sälunda
360 448 39 21 har
414 448 51 27 Kgl.
478 449 239 26 Kammar-Kollegium
731 450 31 19 uti
773 448 88 21 cirkulär

103 483 25 20 af
139 483 42 20 den
196 483 12 20 8
225 482 115 21 december
358 487 50 22 1775
426 483 103 21 anbefallt
544 483 205 27 landshöfdingarne
764 486 46 22 ,att
825 482 36 21 all-

102 517 96 27 varligen
220 517 82 26 antyda
320 517 192 27 Häradsfogdarne
528 521 33 17 att
576 517 140 27 ovägerligen
731 517 74 26 själfva
820 516 42 21 tör-

103 551 56 21 rätta
180 551 41 20 alla
240 551 136 27 betydligare
391 551 153 21 kronomedels
560 555 56 17 samt
631 553 85 26 privata
731 551 130 27 fordringars

104 586 126 26 utmätning,
254 585 91 20 emedan
366 585 28 21 de
409 585 72 21 därför
497 585 77 22 endast
590 585 53 21 böra
657 593 52 13 vara
723 585 82 21 kronan
821 585 41 20 och

106 620 174 27 fordringsegare
301 621 127 26 ansvarige"
445 620 41 20 och
501 620 72 21 tillåtit
589 620 117 21 anlitandet
721 620 25 21 af
758 619 104 21 länsmän-

104 661 41 13 nen
161 654 77 20 endast
253 670 5 9 ,
261 653 37 25 till
313 654 82 20 mindre
410 656 192 25 restantieposters
618 654 51 21 eller
684 654 83 21 mindre
779 655 84 26 privata

105 688 97 21 skulders
222 688 136 27 utsökning%.
388 689 119 20 Enahanda
522 689 162 26 bestämningar
699 689 49 26 ingå
763 690 6 19 i
785 688 42 21 den
842 687 25 21 af

104 723 136 20 motionären
255 722 125 27 äberopade
396 723 50 26 Kgl.
462 723 154 27 förordningen
628 723 25 20 af
661 723 41 20 den
715 729 21 14 11
749 722 114 21 december

108 757 59 26 1766,
184 757 112 27 angående
311 757 158 27 kronofogdars
485 757 126 28 skyldighet
626 758 41 20 och
683 764 76 14 ansvar
771 758 7 19 i
786 757 77 20 utmät-

105 791 110 28 ningsmäl,
236 791 39 20 där
295 791 37 21 det
351 791 62 21 heter
428 794 32 18 att
475 791 152 28 kronofogden
643 791 54 21 skall
711 791 51 27 själf
773 797 90 14 ansvara

105 826 33 20 för
152 825 42 21 den
210 832 88 18 summa,
315 832 47 14 som
378 825 93 21 utmätas
487 825 68 21 skulle
566 825 41 21 och
616 825 47 21 icke
673 825 38 21 bör
719 825 100 21 understä
830 826 33 26 sig

105 863 33 18 att
152 860 95 20 anförtro
264 860 138 20 länsmannen
418 867 26 13 en
452 860 67 20 sädan
526 860 134 26 förrättning,
669 860 50 20 med
729 860 82 20 mindre
821 859 43 20 han

106 901 36 13 om
158 894 49 20 dess
223 893 156 27 skyndsamhet
394 894 24 20 är
432 894 46 20 fullt
490 894 119 20 försäkrad.
639 894 86 20 Samma
736 894 83 27 princip
829 900 35 13 om

106 928 42 20 den
164 927 84 21 direkta
264 927 165 27 ansvarigheten
445 928 23 19 är
483 929 6 19 i
504 927 162 27 lagstiftningen
677 927 128 28 genomförd
812 927 52 26 jäm-

106 962 35 21 väl
156 962 58 20 hvad
229 961 113 21 städernas
357 963 137 25 magistrater
506 961 108 21 beträffar.
631 962 50 27 Kgl.
695 961 84 21 brefvet
790 961 23 20 af
823 961 42 20 den

109 1002 25 20 13
147 996 37 26 juli
208 1000 40 22 1775
260 995 116 21 innehäller
388 995 82 26 härom,
480 999 32 18 att
523 996 44 20 ifall
576 997 147 26 magistraten,
733 996 36 20 vid
779 995 86 20 domars

108 1030 42 21 och
172 1030 81 27 utslags
275 1029 165 27 verkställande,
464 1030 48 21 icke
535 1032 58 19 inom
618 1036 25 20 14
661 1031 67 26 dagar
743 1029 76 27 fullgör
834 1031 32 18 sin

107 1064 125 27 skyldighet
248 1064 50 21 med
313 1064 148 27 utmätningen
477 1064 51 21 eller
544 1066 65 25 gitter
619 1066 53 23 visa,
685 1064 36 21 det
731 1063 136 28 borgenären

108 1099 80 20 lämnat
211 1099 74 26 längre
301 1098 97 25 anstånd,
415 1098 53 20 skall
484 1099 141 26 magistraten
640 1098 50 27 själf
701 1105 52 14 vara
768 1099 99 25 ansvarig

108 1133 33 21 för
156 1133 42 20 den
214 1139 88 19 summa,
318 1139 48 14 som
381 1133 94 20 utmätas
492 1133 73 20 skulle.
596 1133 119 20 Enahanda
730 1132 137 26 ansvarighet

109 1168 37 20 äro
170 1167 175 27 kronofogdarne
368 1167 42 20 och
433 1169 165 24 magistraterna
613 1167 159 21 underkastade
787 1166 36 21 vid
838 1167 30 19 in-

109 1201 121 27 drifningen
246 1201 25 21 af
282 1201 78 20 krono-
376 1201 43 21 och
433 1201 137 21 kommunala
585 1201 85 27 utlagor
685 1208 27 13 m.
728 1208 34 18 m.,
774 1207 47 14 som
833 1207 35 13 en-

109 1236 39 27 ligt
170 1235 108 28 åtskilliga
300 1235 150 27 författningar
473 1236 23 20 är
515 1236 50 20 dem
580 1235 71 28 ålagd.
681 1235 71 21 Dessa
767 1235 101 26 stadgan-

110 1271 53 20 dens
179 1270 57 26 syfte
252 1270 24 20 är
291 1269 171 28 uppenbarligen
478 1273 32 18 att
526 1269 147 28 upprätthålla
688 1277 26 13 en
725 1269 99 21 verksam
832 1275 37 20 ga-

110 1306 54 19 ranti
183 1307 59 18 emot
257 1303 145 28 förskingring
417 1303 23 21 af
453 1304 192 27 uppbördsmedel,
661 1303 86 21 hvilken
762 1303 105 27 lagstifta-

111 1346 37 13 ren
170 1341 71 18 ansett
264 1338 50 21 bäst
335 1337 71 21 kunna
427 1339 61 20 ernås
504 1345 80 20 genom
599 1338 84 27 strängt
697 1337 137 21 vidhållande
849 1337 20 20 af

112 1373 168 20 exekutorernas
296 1371 222 28 ansvarsskyldighet,
528 1372 63 20 äfven
602 1372 32 21 för
645 1372 80 21 sådana
733 1371 42 26 fall,
784 1373 7 19 i
799 1370 71 21 hvilka

111 1406 144 26 uttryckligen
278 1405 124 27 medgifvits
418 1409 32 17 att
465 1406 96 20 anförtro
577 1405 257 27 utmätningsgöromålen
849 1405 22 21 åt

112 1440 59 27 lägre
186 1440 96 26 betjänte
298 1439 51 21 eller
364 1440 106 20 biträden.

180 1478 131 24 Lagutskottets
324 1478 110 18 betänkande
446 1479 37 17 N:o
496 1478 28 19 13,
