1064 1678
77 534 26 13 Br.
114 534 40 14 kom.
165 534 32 14 bet.

256 121 24 18 14
427 119 254 23 Motionsbetänkande
697 120 41 23 N:o
752 120 22 21 6.

291 186 19 19 3.
340 188 36 18 För
394 189 35 17 den
445 189 60 21 andel,
521 195 38 12 som
575 190 111 17 tillkommer
701 190 131 22 beslagtagare,
848 189 92 23 angifvare
954 189 25 18 el-

221 216 27 17 ler
264 216 85 23 åklagare
364 217 6 17 i
386 217 65 18 värdet
466 217 19 18 af
499 218 34 17 den
549 219 6 16 i
571 220 38 16 mät
624 221 57 20 tagna
697 225 62 15 varan,
775 224 34 17 ega
824 219 52 17 dessa
890 220 28 15 att
932 218 7 17 i
954 219 25 16 lä-

221 246 42 15 nets
278 246 68 17 ränteri
362 247 83 22 uppbära
459 247 109 23 ersättning,
584 247 24 23 på
623 249 37 16 sätt
670 248 62 17 derom
744 247 19 18 af
771 247 89 18 Senatens
870 247 109 18 Ekonomie-

220 273 128 23 departement
362 275 117 18 bestämmes.

240 391 47 19 Art.
303 392 28 19 II.
362 392 36 20 Om
413 398 79 14 ansvar
507 393 34 20 för
556 394 167 20 öfverträdelser
738 394 25 20 af
777 394 164 20 föreskrifterna
955 394 8 19 i

491 428 69 20 denna
576 428 132 26 förordning.

571 488 9 21 8
596 486 33 20 24.

292 530 18 19 1.
340 532 40 18 Den
396 539 37 12 som
451 534 30 17 vid
496 534 72 22 handel,
583 534 75 18 hvarom
674 534 6 18 i
696 534 9 22 $
722 533 11 19 2
750 536 58 22 säges,
824 534 111 18 öfverträder
945 534 31 17 det

68 552 89 30 maata
165 569 39 17 sis.
220 560 5 17 i
249 559 9 22 $
282 559 12 19 4
318 562 87 22 stadgade
428 562 65 18 förbud
511 563 28 17 för
557 564 117 17 innehafvare
690 564 20 17 af
722 564 172 22 utskänkningsrätt
908 563 28 17 till
951 563 25 17 af-

65 907 62 14 Maltdr.
138 908 11 13 f.
161 908 6 17 $
178 909 21 12 16.

80 1337 61 13 Maitär.
152 1337 12 13 f.
176 1338 6 16 $

109 1355 22 13 1&:
143 1355 13 13 1.

218 588 105 24 hemtning:

287 618 59 18 såsom
368 619 105 19 tillverkare
492 620 83 24 försäljer
590 621 20 17 åt
625 626 73 18 person,
714 626 38 13 som
768 621 28 17 till
811 620 163 24 rusdryokshandel

217 646 41 18 icke
274 648 20 16 är
309 647 112 23 berättigad;

288 675 59 18 såsom
362 677 117 17 innehafvare
495 677 20 17 af
528 678 185 23 ntminuteringsrätt,
728 679 47 17 låter
790 679 31 17 det
836 678 56 23 köpta
906 678 10 17 &
932 678 43 17 stäl-

217 704 26 17 let
258 704 86 21 förtäras;

287 733 45 18 eller
347 733 72 18 utöfvar
434 740 60 12 annan
510 735 114 18 handelsrätt
637 736 5 17 i
658 735 85 23 förening
754 735 41 18 med
805 735 168 24 rusdryckshandel,

286 762 44 17 böte
349 762 58 18 första
424 763 72 23 gängen
511 764 40 17 frän
567 764 33 17 och
615 765 41 17 med
672 765 99 17 etthundra
785 765 29 17 till
829 764 34 18 och
878 765 40 16 med
934 764 40 17 tvä-

217 790 134 19 hundrafemtio
366 792 58 17 mark.
455 793 59 22 Begäs
529 793 57 17 sådan
602 793 108 23 förbrytelse
725 793 113 23 ytterligare,
854 793 70 18 straffes
933 793 42 17 med

217 819 81 22 fängelse
312 819 40 18 från
368 820 34 17 och
418 821 41 17 med
475 821 31 17 två
521 821 87 18 månader
623 822 28 17 till
667 822 34 18 och
716 822 42 17 med
774 824 28 15 ett
816 822 28 18 år.

286 846 20 20 2.
336 849 67 17 Likaså
425 849 35 18 den
483 856 39 11 som
545 851 54 22 säljer
621 851 46 17 eller
690 851 91 17 utlemnar
800 851 70 17 mindre
885 852 22 16 än
922 851 52 16 det
963 842 15 36 i

216 876 63 23 hvarje
295 877 30 17 fall
341 877 92 23 medgifna
448 879 66 17 minsta
529 879 73 23 belopp,

285 907 39 16 mot
346 907 125 22 stadgandena
493 908 5 17 i
518 907 20 22 $$
559 906 11 19 3
587 908 33 17 och
637 906 24 19 12
679 914 55 12 mom.
752 907 18 23 1,
784 908 53 17 idkar
851 907 65 18 handel
932 907 41 18 med

215 933 45 18 eller
283 935 125 23 utskänkning
430 935 21 18 af
466 936 108 23 rusdrycker
593 937 11 17 &
619 938 57 16 annat
691 938 23 16 än
730 936 61 18 derför
805 937 93 17 bestämdt
912 936 61 20 ställe;

285 963 122 18 öfverskrider
423 965 35 17 den
473 965 6 17 i
495 965 9 21 $
521 963 12 20 8
543 965 111 23 gästgifvaro
672 965 49 18 intill
739 965 92 23 utgången
849 965 19 18 af
879 965 20 17 är
917 963 53 20 1893

215 991 93 22 medgifna
330 993 178 23 utskänkningsrätt,
531 994 45 17 eller
594 994 36 17 den
648 994 3 17 i
673 993 4 22 $
693 993 11 19 9
721 999 54 13 mom.
792 992 12 19 2
820 994 100 17 förnunade
935 995 38 16 rätt

215 1021 29 15 att
259 1020 11 16 &
284 1021 180 23 passagerarefartyg
479 1022 92 18 utskänka
585 1022 114 24 rusdrycker,
714 1022 46 18 eller

284 1048 123 19 Ofverskrider
422 1050 95 23 förbuden,
533 1056 38 13 som
586 1053 32 16 äro
633 1051 51 23 gifna
698 1052 6 17 i
720 1050 20 23 $$
760 1049 30 24 18,
807 1049 27 19 20
849 1051 34 18 och
896 1049 33 23 21,

283 1078 43 17 böte
349 1078 58 19 första
425 1079 71 23 gången
512 1080 39 17 från
567 1080 33 18 och
616 1081 41 16 med
673 1080 100 23 sjnttiofem
788 1080 29 17 till
832 1080 34 17 och
880 1080 41 17 med
937 1081 35 16 ett-

214 1105 134 20 hundrafemtio
371 1108 51 17 mark
442 1109 33 17 och
491 1109 56 17 andra
562 1109 72 22 gängen
649 1109 40 17 frän
704 1109 34 18 och
754 1109 41 17 med
810 1108 161 18 etthundrafemtio

214 1134 28 17 till
265 1135 35 18 och
322 1136 41 17 med
383 1137 100 18 trehundra
498 1137 57 18 mark.
586 1138 39 17 Den
640 1143 39 12 som
695 1137 59 23 tredje
768 1138 72 22 gängen
856 1137 44 18 eller
914 1137 58 18 oftare

214 1163 87 18 beträdes
314 1165 42 17 med
372 1165 57 18 sädan
444 1166 115 23 förbrytelse,
575 1166 62 18 dömes
652 1167 29 16 till
696 1166 82 23 fängelse
792 1166 41 17 frän
848 1166 33 18 och
889 1166 41 17 med
941 1171 31 12 sex

214 1192 88 18 månader
316 1193 28 18 till
360 1194 33 17 och
409 1195 42 17 med
465 1197 28 15 ett
508 1195 26 17 år.
558 1195 31 17 All
604 1195 5 17 i
624 1195 198 23 försäljningsrnmmet
836 1195 83 22 befintlig
932 1200 41 12 rus-

214 1221 86 22 gifvande
322 1222 62 23 dryck,
404 1223 82 18 starkare
501 1224 45 17 eller
561 1229 82 18 svagare,
659 1229 43 12 vare
718 1224 92 17 dessutom
826 1224 6 17 i
847 1223 36 18 alla
897 1223 23 18 de
935 1223 37 22 fall,

214 1255 39 12 som
275 1251 6 16 i
301 1251 51 17 detta
370 1251 34 18 och
419 1251 109 24 föregäende
543 1254 82 16 moment
639 1254 113 20 omnämnas,
767 1252 63 23 hvarje
844 1252 48 23 gäng
906 1252 66 17 under-

213 1278 66 18 kastad
302 1279 63 23 beslag
387 1280 33 17 och
443 1281 95 17 förbruten
560 1281 59 18 tillika
642 1281 42 18 med
701 1281 23 18 de
740 1281 45 22 kärl,
800 1281 52 18 hvari
867 1281 104 17 densamma

213 1307 88 18 förvaras.

284 1335 18 19 3.
332 1337 66 23 Bryter
414 1338 60 22 någon
490 1339 49 17 emot
553 1338 86 18 förbudet
653 1339 6 16 i
675 1338 10 22 $
701 1337 33 23 22,
750 1339 45 17 eller
810 1343 29 13 om
850 1338 36 17 den
895 1337 73 18 hvilken

212 1364 41 17 icke
269 1366 20 16 är
304 1365 103 23 berättigad
424 1368 27 16 att
466 1366 87 23 rusdryck
567 1366 80 25 försälja,
663 1368 95 23 utborgar,
774 1367 59 17 såsom
848 1366 30 18 län
893 1366 79 22 utgifver

213 1392 45 18 eller
274 1395 39 15 mot
327 1397 47 20 pant
388 1395 64 17 afläter
467 1395 55 17 sädan
538 1401 48 15 vara,
601 1396 44 17 böte
660 1396 60 18 säsom
735 1396 6 17 i
756 1401 55 13 mom.
828 1394 9 18 2
848 1394 80 24 stadgas,
938 1394 33 18 och

283 1436 190 20 Ekonomiutskottets
485 1438 118 18 betänkande
615 1438 36 18 N:o
662 1439 17 17 5.
