1064 1659
267 105 27 21 16
373 104 83 22 Ständ.
472 104 52 22 Pet.
541 117 29 2 —
585 103 172 23 Petitionsbet.
771 103 46 23 N:o
833 104 21 21 1.

239 171 24 20 år
279 170 64 22 1877.
375 170 34 21 Då
431 170 62 27 afsåg
513 176 50 15 man
584 172 99 20 närmast
701 170 126 21 utförandet
842 169 24 22 af
880 169 108 22 särskilda

237 206 74 26 längre
335 205 184 28 stambanelinier,
542 212 29 14 nu
597 206 98 21 deremot
719 205 109 27 framstår,
852 206 29 26 på
904 211 83 15 samma

238 242 56 26 gång
313 241 37 21 det
365 241 70 27 gäller
451 243 33 19 att
499 241 105 21 fortsätta
620 241 124 27 byggandet
759 240 24 22 af
797 241 132 27 stambanor,
946 241 42 26 dag

237 276 34 22 för
292 277 42 26 dag
355 277 39 21 allt
410 283 61 15 mera
486 277 122 26 trängande
624 276 101 22 behofvet
742 278 33 19 att
789 277 146 26 komplettera
951 276 36 21 det

237 311 88 22 utförda
341 312 166 27 jernvägsnätet
523 313 49 20 med
589 318 46 15 mer
651 312 53 21 eller
719 311 85 22 mindre
819 312 122 27 betydande
957 311 30 22 bi-

236 347 75 22 banor.
343 347 41 22 Vid
405 347 85 26 företag
511 348 49 21 med
583 349 24 20 så
623 347 59 22 olika
697 347 118 28 uppgifter,
831 353 46 16 som
895 354 26 15 en
937 347 51 27 lång

237 383 115 22 stambana
368 383 39 22 och
424 390 27 15 en
467 383 50 22 kort
532 383 86 28 bibana,
635 385 70 20 måste
721 383 83 22 olikhet
819 383 64 22 äfven
899 383 8 22 i
922 383 65 27 bygg-

239 419 63 21 nads-
319 419 40 21 och
376 419 220 27 trafikeringssystem
612 425 52 15 vara
680 419 126 22 motiverad.
838 419 75 21 Redan
926 418 63 21 häraf

237 454 98 27 påkallas
358 461 26 15 en
407 455 95 21 revision
518 455 24 21 af
564 455 26 21 de
606 461 93 21 normer,
717 461 46 15 som
779 455 25 20 år
821 455 57 21 1877
895 455 91 26 ansågos

238 489 53 22 böra
306 489 67 22 blifva
391 490 171 22 bestämmande.

307 543 81 22 Härtill
404 544 99 22 kommer
519 545 33 20 att
568 543 105 22 tekniken
690 544 69 21 under
775 544 41 21 den
830 544 85 26 gångna
926 543 60 21 tiden

238 579 57 26 gjort
315 579 122 28 väsentliga
458 579 113 27 framsteg.
600 579 50 21 Men
671 579 75 27 hvarje
766 579 127 26 förändring
913 579 7 20 i
937 579 49 20 dess

236 615 136 26 ståndpunkt
395 615 126 22 återverkar
537 616 28 26 på
581 615 26 21 de
623 615 189 26 förutsättningar,
828 615 70 20 under
913 614 74 21 hvilka

236 652 33 19 ett
289 650 68 27 gifvet
373 651 193 28 byggnadssystem
583 652 120 27 uppgjorts,
721 651 40 21 och
777 651 88 21 dermed
881 650 62 21 äfven
959 651 28 25 på

236 686 77 27 sjelfva
329 688 117 25 systemets
463 687 215 27 ändamålsenlighet.
707 687 46 20 Den
770 686 130 26 erfarenhet,
916 692 46 15 som
979 685 6 21 i

235 721 94 22 Finland
349 723 90 20 vunnits
461 723 134 21 beträffande
615 723 58 21 såväl
692 722 127 21 utförandet
838 721 24 22 af
876 722 27 21 de
919 721 67 26 enligt

236 758 37 21 det
296 764 41 20 nya
361 760 105 24 systemet
489 759 70 26 bygda
582 758 103 26 banorna,
711 763 47 16 som
782 757 156 21 trafikerandet
965 756 23 21 af

235 793 111 22 desamma
365 794 39 21 och
420 795 109 20 rörelsens
547 793 138 27 omfattning,
701 793 83 22 lemnar
797 793 81 26 jemväl
894 792 34 21 för
943 792 42 22 frå-

234 835 54 20 gans
310 829 135 22 bedömande
467 832 32 19 ett
519 830 45 21 rikt
587 829 106 27 material,
710 835 47 15 som
773 828 19 27 ej
809 828 51 21 stod
877 828 56 21 1877
951 828 34 21 års

234 864 143 23 kommission
393 865 34 22 till
443 866 62 21 buds.

305 913 69 27 Äfven
394 918 35 21 vid
445 919 69 21 banor
530 919 48 21 med
595 918 149 27 ungefärligen
765 917 113 21 enahanda
899 916 86 27 uppgift

235 953 42 21 kan
299 954 152 27 tillämpandet
472 953 23 22 af
515 960 84 15 samma
619 954 193 27 bygdnadssystem
834 959 27 15 en
880 953 57 26 gång
953 952 32 21 för

234 989 43 21 alla
293 990 40 21 och
351 990 6 21 i
375 990 42 21 alla
434 990 58 21 olika
508 989 37 22 fall
561 989 48 22 icke
625 995 51 15 vara
687 988 237 22 öfverensstämmande
936 987 49 22 med

235 1025 42 26 god
293 1025 147 27 hushållning.
463 1025 110 21 Tekniken
592 1025 91 21 besitter
698 1030 43 20 nog
757 1025 46 20 stor
819 1023 118 25 emidighet
952 1023 33 21 för

235 1061 34 20 att
289 1060 34 21 för
338 1061 74 26 hvarje
429 1060 104 21 särskildt
549 1060 45 27 fall,
613 1060 48 21 med
677 1060 84 26 hänsyn
775 1059 33 21 till
817 1058 120 21 förhanden
948 1065 36 14 va-

233 1096 68 21 rande
318 1096 157 27 förhållanden,
491 1096 73 21 kunna
580 1096 135 26 frambringa
731 1095 42 21 den
790 1094 137 27 lämpligaste
943 1093 41 22 for-

233 1137 56 14 men.
322 1131 122 21 Ständerna
463 1131 63 21 hafva
542 1132 67 21 redan
627 1131 92 26 tidigare
734 1130 36 21 vid
787 1129 159 27 behandlingen
963 1129 24 21 af

233 1165 75 27 frågan
336 1173 34 14 om
397 1167 118 26 Jyväskylä
539 1167 70 21 banan
633 1167 84 26 antydt,
741 1165 117 22 huruledes
882 1165 102 26 skarpare

233 1201 130 28 stigningar,
375 1208 34 15 om
427 1202 40 21 ock
483 1202 6 21 i
506 1202 102 27 förening
623 1203 48 20 med
687 1209 25 14 en
725 1201 81 27 ökning
816 1200 24 21 af
849 1200 134 27 skenvigten,

233 1237 38 20 der
287 1237 74 22 kunde
377 1237 49 21 leda
442 1237 34 21 till
492 1244 26 15 en
537 1237 124 26 minskning
677 1237 23 21 af
709 1236 274 27 anläggningskostnaden.

234 1271 45 22 Och
300 1272 63 22 äfven
383 1273 7 20 i
407 1273 67 21 andra
492 1273 37 21 fall
551 1273 73 22 kunde
645 1272 154 22 användandet
818 1271 24 21 af
860 1278 27 14 en
908 1273 75 24 tyngre

234 1307 160 28 öfverbyggnad
410 1315 52 14 vara
480 1309 99 27 önskligt,
595 1309 103 26 antingen
714 1307 35 22 för
765 1309 33 19 att
813 1306 128 27 möjliggöra
957 1313 26 14 en

233 1344 71 20 större
324 1343 146 28 farhastighet
491 1344 53 21 eller
565 1344 34 21 för
617 1346 33 19 att
667 1344 74 21 kunna
757 1343 74 21 befara
847 1342 71 21 banan
935 1342 48 21 med

235 1379 77 25 tyngre
328 1379 85 21 lastade
428 1385 87 21 vagnar.
