1048 1673
180 134 81 24 Ständ.
277 134 52 22 Pet.
345 148 28 2 —
389 134 170 22 Petitionsbet.
575 134 45 22 N:o
635 134 36 22 27.
759 137 11 19 7

58 196 69 21 fribet
150 196 35 20 till
208 195 34 21 sin
262 195 49 22 inre
333 194 149 28 organisation
505 194 40 22 och
561 194 146 28 verksamhet,
725 196 25 20 är
765 194 38 22 det

59 231 61 26 dock,
142 230 70 28 enligt
228 230 134 22 Ständernas
378 230 74 27 tanke,
469 230 111 27 sakenligt
598 231 38 26 att,
652 230 38 22 vid
705 229 97 23 skeende

60 266 148 27 ansökningar
223 272 34 15 om
273 266 177 22 statsunderstöd
465 266 35 22 för
516 266 68 22 sådan
600 265 68 27 skola,
685 265 51 23 dess
746 265 56 22 läro-

60 308 101 21 program
176 301 148 23 underställes
339 302 144 27 regeringens
499 302 137 27 granskning
651 301 40 22 och
706 301 97 28 godkän-

60 337 76 22 nande.

130 373 12 21 I
158 373 97 27 enlighet
265 373 48 22 med
329 374 37 21 det
381 373 159 23 ofvananförda
554 373 23 22 få
588 373 123 22 Ständerna
726 372 77 23 under-

62 408 88 28 dånigst
172 409 93 28 anhålla,
289 409 38 22 det
350 410 85 22 täcktes
451 409 72 23 Eders
539 409 125 28 Kejserliga
679 408 103 28 Majestät
797 408 8 22 i

62 444 68 22 nåder
146 445 45 21 låta
206 445 89 27 vidtaga
310 445 105 28 åtgärder
431 446 90 27 derhän,

345 514 32 20 att
392 513 25 21 de
429 512 236 27 fortsättningskurser
675 512 32 22 till
715 511 90 28 folksko-

275 548 44 26 lan,
339 548 92 21 hvarom
451 549 92 26 stadgas
562 549 8 20 i
590 549 14 24 $
626 548 41 21 125
683 548 28 27 af
719 547 86 28 förord-

275 584 80 27 ningen
371 585 41 20 den
429 585 26 20 11
472 585 47 26 Maj
531 584 57 21 1866
598 583 112 28 angående
721 584 84 26 organi-

275 620 72 20 sation
365 620 28 26 af
402 620 195 27 folkskolväsendet
612 620 8 21 i
635 619 172 27 Storfurstendö-

276 657 43 19 met
340 655 103 27 Finland,
465 656 73 21 kunde
552 656 9 21 i
575 655 164 22 vidsträcktaste
753 654 54 22 mån

276 691 115 21 anordnas
406 691 38 22 och
459 691 35 22 det
509 691 49 21 med
574 691 49 22 dem
638 691 93 27 afsedda
744 691 64 26 syftet

273 725 33 28 på
321 728 28 19 ett
364 727 203 26 tillfredsställande
581 728 44 20 sätt
639 727 90 25 vinnas;

347 764 33 19 att
399 763 145 26 uppkomsten
564 763 28 26 af
604 763 111 21 särskilda
729 762 79 21 kurser

277 798 50 21 med
337 798 56 27 syfte
403 800 32 19 att
445 799 78 21 bereda
534 798 123 27 ungdomen
668 798 65 21 bland
741 797 67 22 landt-

279 833 148 29 befolkningen
442 835 84 26 tillfälle
542 835 31 21 att
583 834 85 27 utöfver
675 833 134 28 folkskolans

278 869 56 21 kurs
353 870 96 21 inhemta
469 870 114 27 gagneliga
602 870 131 26 kunskaper,
751 869 58 27 före-

280 905 108 22 trädesvis
408 906 94 26 afsedda
521 906 38 26 för
571 905 102 27 praktisk
688 904 121 28 tillämplig-

279 941 41 26 het,
337 941 156 27 befordrades
487 937 14 35 ;
509 943 58 20 samt

351 978 32 20 att
405 977 121 21 understöd
549 977 68 21 skulle
639 977 52 27 efter
704 976 106 27 pröfning

280 1012 97 27 utgifvas
392 1011 23 22 ät
427 1012 149 27 folkhögskola
592 1012 50 22 eller
656 1018 76 15 annan
747 1011 64 22 likar-

281 1048 38 21 tad
339 1048 137 27 läroanstalt,
497 1054 47 15 som
562 1047 32 27 pä
612 1048 91 21 enskilät
718 1047 94 21 initiativ

281 1084 120 21 tilkommit.

142 1148 64 22 Hvad
229 1148 67 22 sedan
317 1148 136 22 vidkommer
469 1148 103 27 beloppet
587 1148 25 22 af
625 1148 27 22 de
667 1148 82 27 anslag,
767 1153 46 16 som

72 1184 68 22 under
163 1183 145 23 instundande
328 1184 212 27 bevillningsperiod
560 1184 73 21 kunde
654 1183 110 22 erfordras
779 1182 34 22 för

72 1219 175 22 understödande
262 1218 24 22 af
297 1219 142 22 förenämnda
450 1220 49 26 slag
509 1219 25 21 af
542 1218 270 28 folkbildningsanstalter,

72 1254 66 23 hafva
154 1254 127 28 Ständerna,
298 1255 7 21 i
320 1255 147 22 betraktande
483 1254 65 22 deraf
554 1256 32 20 att
605 1254 164 22 förhållandena
779 1253 35 22 till

73 1297 27 15 en
114 1290 78 28 början
207 1290 62 23 torde
284 1290 109 28 medgifva
408 1290 138 30 inrättandet
560 1290 40 22 och
614 1290 169 27 uppehällandet
793 1288 24 22 af

74 1326 81 22 sädana
179 1326 77 22 endast
278 1326 35 22 till
328 1328 33 20 ett
376 1326 85 22 mindre
477 1326 66 27 antal,
560 1327 74 21 ansett
648 1328 33 20 ett
695 1325 68 27 ärligt
777 1330 37 16 an-

74 1362 48 26 slag
137 1361 25 21 af
177 1364 77 25 15,000
270 1362 62 21 mark
347 1361 35 22 för
397 1361 266 28 fortbildningskurserna
678 1363 56 19 samt
743 1359 71 23 landt-

75 1403 86 15 manna-
186 1397 38 21 och
247 1396 232 22 husmodersskolorna
502 1398 134 26 gemensamt
658 1396 111 22 äfvensom
793 1395 24 21 af
