1064 1661
223 123 27 22 22
403 124 246 23 Petitionsbetänkaude
664 125 36 22 N:o
716 124 19 23 7.

194 191 52 24 land,
258 192 8 17 i
277 192 67 18 hvilka
356 198 47 13 man
414 195 56 16 ännu
482 193 17 23 ej
515 194 77 17 kunnat
603 193 21 18 få
635 194 32 17 till
679 194 58 18 stånd
749 199 25 12 en
787 193 49 18 enda
848 193 105 23 folkskola;

195 221 83 17 orsaken
295 221 67 18 härtill
377 223 22 16 är
414 222 7 17 i
432 222 117 18 kommuner
561 222 45 18 med
618 223 42 17 små
672 223 106 23 tillgångar
791 222 163 19 omkostnaderna

194 248 31 18 för
236 249 172 24 skolbyggnadens
420 250 123 24 uppförande
556 251 36 18 och
600 251 111 24 underbåll;
720 253 52 16 samt
780 251 100 18 dessutom
888 251 7 18 i
903 251 51 23 glest

195 277 87 18 bebodda
299 278 75 18 trakter
392 278 75 19 bristen
485 279 25 23 på
528 279 70 18 bostad
616 279 31 18 för
661 280 135 18 skoleleverna
808 280 7 17 i
827 280 94 17 närheten
935 280 19 17 af

195 306 79 23 skolan;
286 312 32 12 om
330 312 25 12 en
368 308 55 17 skola
434 308 100 23 uppföres,
546 314 47 12 vore
606 308 33 18 det
650 308 123 24 nödvändigt
781 310 30 16 att
818 308 65 24 bygga
891 308 63 18 skilda

194 340 44 12 rum
253 335 20 17 åt
285 335 91 18 eleverna
387 336 32 17 till
431 336 73 23 bostad,
518 342 45 12 men
575 336 31 18 för
618 337 57 18 dessa
687 337 82 24 utgifter
781 336 77 18 fruktar
869 337 85 23 mången

193 364 95 18 kommun
300 364 37 18 och
348 365 35 23 går
395 365 17 23 ej
425 365 21 17 in
458 366 25 23 på
491 367 29 16 att
528 366 123 23 grundlägga
659 372 24 12 en
691 366 61 18 skola.
770 366 50 18 Vore
829 366 32 18 det
869 366 17 23 ej
896 366 57 18 önsk-

194 393 58 17 värdt
269 394 29 16 att
316 393 22 18 af
354 394 100 17 allmänna
469 394 65 18 medel
548 394 106 23 beviljades
667 395 108 18 understöd
786 395 21 17 åt
817 394 71 23 fattiga
899 395 54 17 kom-

195 427 70 12 muner
282 421 32 18 för
331 421 123 24 uppförande
472 422 23 18 af
510 423 103 23 folkskola,
632 424 81 23 specielt
729 423 7 18 i
753 423 24 18 de
788 423 79 23 trakter,
880 429 42 12 som
935 423 17 23 ej

196 449 83 18 kommit
290 450 8 18 i
310 451 116 22 åtnjutande
438 451 22 18 af
470 451 92 18 nutidens
574 452 250 18 kommunikationsmedel.

261 479 28 17 På
306 479 66 23 grund
390 479 22 18 af
428 480 33 18 det
473 479 61 19 ofvan
550 480 82 18 anförda
647 481 85 23 djärfves
743 481 35 23 jag
790 480 75 23 föreslå,
879 482 29 17 att
920 481 32 18 det

195 506 120 19 hedervärda
322 507 147 20 Bondeståndet
478 509 71 18 enades
558 515 32 12 om
598 511 29 16 att
635 509 35 18 hos
679 510 55 17 Hans
741 509 112 24 Kejserliga
860 509 92 24 Majestät

194 535 82 24 anhålla,

469 584 30 17 det
516 584 25 22 af
550 584 94 18 allmänna
656 584 55 18 medel
726 584 99 18 understöd
839 584 32 22 för
887 584 64 22 uppfö-

400 612 56 18 rande
472 612 24 22 af
508 612 120 22 folkskolehus
644 612 95 24 beviljades
751 612 20 18 åt
783 612 109 18 obemedlade
903 612 48 18 kom-

401 645 68 13 muner.

261 692 125 23 Helsingfors
398 692 38 18 den
448 693 10 16 7
471 693 92 17 Februari
575 694 51 16 1891.

735 752 24 20 L.
775 750 106 23 Keränen.

261 1023 105 28 Samtliga
389 1024 137 21 förestående
549 1024 215 27 petitionsmemorial
783 1024 56 28 syfta
857 1027 45 18 mot
919 1027 31 18 ett

195 1058 40 21 och
250 1065 83 14 samma
348 1059 53 21 mål:
417 1061 31 19 ett
463 1059 157 27 påskyndande
636 1059 24 21 af
672 1059 135 21 folkskolans
823 1059 128 27 spridning
940 1054 15 37 i

194 1092 47 21 vårt
256 1092 59 21 land.
345 1093 43 21 För
403 1093 108 21 vinnande
527 1093 25 21 af
565 1094 60 20 detta
640 1093 42 21 mål
698 1093 92 21 föreslås
806 1093 57 21 olika
878 1094 73 26 åtgär-

193 1126 48 21 der:
261 1126 147 28 petitionerna
426 1128 51 20 n:ris
497 1128 11 20 1
529 1128 40 20 och
585 1129 12 20 2
613 1127 82 27 påyrka
710 1128 169 20 kommunernas
895 1128 55 27 skyl-

193 1160 154 27 digkännande
370 1164 32 18 att
425 1162 53 21 efter
496 1162 56 21 vissa
567 1162 124 21 fastställda
705 1162 97 27 grunder
810 1162 88 21 inrätta
913 1163 38 19 nö-

193 1195 44 26 digt
259 1195 62 21 antal
343 1195 129 26 folkskolor;
495 1197 36 20 det
554 1196 57 28 3:dje
630 1196 39 22 och
684 1198 49 20 4:de
749 1196 134 21 memorialet
898 1196 53 28 vilja

191 1228 132 22 tillförsäkra
346 1230 100 21 enskilda
465 1238 103 20 personer
584 1231 40 21 och
639 1231 78 27 byalag
734 1230 104 28 rättighet
853 1233 33 19 att
901 1230 48 22 obe-

191 1264 81 21 roende
287 1264 25 21 af
324 1264 142 22 kommunens
482 1265 128 27 begifvande
626 1266 58 21 bilda
699 1265 94 22 afskilda
809 1265 140 25 skoldistrikt;

189 1297 8 20 i
220 1298 26 20 de
270 1301 33 19 tre
327 1299 55 21 sista
404 1299 46 21 åter
465 1299 98 21 förordas
578 1300 132 27 beviljandet
727 1300 24 20 af
764 1300 118 21 understöd
898 1300 52 21 eller

191 1331 36 21 lån
243 1333 23 20 åt
281 1333 79 27 fattiga
375 1334 127 21 kommuner
518 1334 40 21 och
574 1334 86 21 distrikt
671 1334 32 21 för
715 1334 138 28 uppförande
863 1334 24 22 af
896 1334 54 21 folk-

189 1366 109 21 skolehus.
328 1367 68 22 Detta
410 1364 160 31 gemensamma
584 1368 139 28 hufvudsyfte
739 1369 40 20 har
794 1369 61 26 gifvit
866 1368 83 22 utskot-

188 1402 32 19 tet
242 1401 119 28 anledning
384 1405 32 18 att
434 1402 7 21 i
458 1405 30 18 ett
503 1402 139 22 betänkande
656 1403 157 21 sammanfatta
828 1403 43 21 alla
887 1403 62 22 dessa

191 1435 123 26 petitioner.

256 1474 100 19 Allmänna
368 1476 174 19 Besvärsutskottets
552 1477 110 18 betänkande
674 1477 33 18 N:o
719 1477 33 17 20.
