1053 1673
308 98 222 22 Petitionsbetänkande
547 99 34 21 N:o
597 98 14 22 1.
789 100 12 18 9

90 160 67 25 grund
172 160 22 19 af
207 160 61 19 dessa
283 159 22 19 af
317 160 42 24 mig
374 159 116 25 förebragta
502 158 184 21 ortsförhållanden
697 159 92 20 anhåller
797 158 37 26 jag

91 197 30 12 om
141 189 127 21 hedervärda
294 189 96 19 Ständets
410 189 124 19 medverkan
552 189 32 19 till
605 195 25 13 en
650 188 87 26 petition
757 189 76 19 derom:

302 255 31 19 att
353 254 29 20 då
393 253 175 28 jernvägslinien
584 252 77 22 mellan
682 252 102 29 Uleåborg
799 253 36 21 och

234 282 86 22 Torneå
335 283 72 21 städer
422 283 136 26 undersökes,
573 282 64 22 Hans
652 282 123 28 Kejserliga
787 282 48 22 Ma-

228 313 66 27 jestät
315 313 80 21 täcktes
411 312 45 22 låta
471 312 110 28 samtidigt
596 312 122 22 undersöka
733 312 100 22 sträckan

234 342 78 22 mellan
327 342 64 22 Kemi
407 343 47 21 stad
470 343 35 21 och
523 342 127 22 Rovaniemi
666 342 105 28 Kyrkoby
781 342 8 21 i
800 341 36 22 och

227 372 41 28 för
284 379 26 15 en
325 372 67 22 banas
407 372 110 28 byggande
527 373 62 21 dessa
600 374 57 20 orter
667 372 90 22 emellan
776 373 60 27 samt,

234 410 33 14 om
283 402 67 22 linien
363 402 129 28 godkändes,
508 402 79 22 täcktes
598 401 115 29 anbefalla,
726 403 31 20 att
768 402 67 28 sagda

234 432 76 22 bibana
332 433 64 21 måtte
419 432 80 28 byggas
522 432 109 28 samtidigt
653 432 46 21 med
716 432 120 27 jernvägen

235 462 77 22 mellan
332 461 105 29 Uleåborg
452 462 36 22 och
508 462 89 22 Torneå.

165 529 135 27 Helsingfors,
315 529 39 19 den
370 530 13 18 4
399 530 99 19 Februari
517 530 62 18 1891.

627 588 44 21 Isak
687 588 80 21 Hoikka.

167 654 47 20 Med
230 654 39 20 den
284 654 121 26 föregående
420 654 81 20 förenar
517 654 32 26 sig

544 719 79 21 Fredrik
639 719 130 21 Paksuniemi.

456 887 23 18 5.

168 945 56 22 Från
240 945 163 22 Presteståndet
419 952 26 15 en
461 945 24 22 af
499 946 81 21 Herrar
602 946 108 21 Johannes
727 945 59 21 Bäck
801 945 39 21 och

98 981 20 20 J.
141 981 20 21 J.
185 981 137 22 Westerlund
343 981 109 22 inlemnad
474 981 94 27 petition
590 987 34 15 om
645 981 112 27 byggande
778 980 23 21 af
815 986 26 15 en

98 1016 79 22 bibana
192 1017 48 21 från
255 1017 92 27 Kovjoki
359 1017 80 22 station
452 1019 12 20 ä
474 1017 191 27 Uleäborgsbanan
677 1017 33 21 till
721 1016 121 27 Nykarleby

98 1053 56 27 stad,
169 1052 93 28 lydande
278 1053 6 20 i
301 1052 158 28 originalskrift
476 1060 47 14 som
540 1053 71 27 följer:

256 1167 48 19 Till
319 1167 161 26 Högvördiga
496 1167 197 20 Presteständet.

170 1232 42 20 Vid
232 1232 40 20 den
292 1232 35 26 tid,
343 1233 26 19 dä
389 1233 59 25 fräga
468 1233 52 19 först
543 1232 84 20 väcktes
648 1239 31 13 om
699 1231 109 26 byggande
825 1230 22 20 af

101 1269 24 13 en
140 1262 91 26 jernväg,
248 1269 42 13 som
306 1262 65 20 skulle
386 1262 71 20 förena
473 1259 133 23 Österbotten
620 1262 46 20 med
677 1262 34 19 det
721 1261 66 25 öfriga
797 1260 47 20 Fin-

100 1292 54 25 land,
174 1291 60 26 höjde
254 1292 33 25 sig
306 1293 27 25 pä
352 1293 74 25 mänga
446 1292 44 20 häll
511 1294 95 18 stämmor
621 1292 31 19 för
668 1292 66 19 denna
746 1291 99 25 jernvägs

101 1322 104 25 dragande
224 1322 8 19 i
252 1322 64 19 sädan
331 1322 99 26 riktning,
447 1324 31 18 att
501 1329 31 13 om
547 1322 78 25 möjligt
645 1321 25 20 de
686 1320 160 21 österbottniska

101 1351 102 25 städerna,
226 1352 66 19 denna
313 1352 105 19 landsdels
438 1352 94 25 urgamla
555 1352 136 24 trafikcentra,
714 1351 78 19 komme
816 1352 30 17 att

101 1380 60 21 deraf
178 1383 97 23 tangeras
296 1382 48 19 eller
360 1384 36 22 att,
411 1381 8 19 i
434 1382 36 19 fall
486 1382 46 19 icke
547 1381 57 20 detta
618 1381 41 19 läte
675 1381 32 25 sig
721 1383 56 23 göra,
791 1380 55 25 jern-

101 1410 113 26 vägslinien
236 1411 120 20 åtminstone
376 1411 64 20 borde
461 1411 76 25 dragas
559 1412 28 25 sä,
611 1413 29 17 att
662 1410 92 20 bemälda
777 1409 69 20 trafik-

169 1451 176 23 Jernvägsutskottets
357 1451 107 18 betänkande
477 1450 35 19 N:o
527 1452 13 16 1.
