1073 1670
277 153 28 21 34
447 152 250 22 Petitionsbetänkande
712 152 37 22 N:o
765 151 36 23 20.

246 220 55 22 först
323 221 82 21 nämda
427 222 118 27 skolgrupp
568 222 19 27 ej
611 222 68 21 borde
702 220 65 22 däraf
779 221 8 21 i
802 221 73 27 någon
891 222 70 20 större
976 222 36 19 ut-

247 255 126 27 sträckning
396 256 70 22 direkt
488 256 97 21 beröras.
615 256 8 20 I
646 255 79 22 sådant
748 254 56 29 syfte
819 256 37 20 mä
871 255 141 22 elevantalets

246 289 155 22 fluktuationer
415 290 8 21 i
438 290 103 28 lyceerna
556 290 135 22 tabellariskt
706 290 166 27 äskädliggöras
883 296 79 21 genom
972 295 39 16 ne-

247 324 134 22 danstäende
397 324 76 28 siffror,
490 325 140 27 upptagande
651 325 7 21 i
673 326 93 26 procent
781 324 24 21 af
821 324 50 21 hela
887 324 124 22 elevnume-

245 360 66 20 rären
327 359 111 21 elevernas
453 360 7 20 i
476 360 26 20 de
521 359 139 27 fullständiga
674 360 103 26 lyceerna
795 358 121 28 fördelning
935 358 29 28 pä
984 358 28 22 de

247 393 58 21 olika
320 394 121 21 klasserna:

1006 450 2 28 |

359 468 26 22 År
494 446 106 77 förför
622 450 47 69 [m
686 451 45 68 fav
751 446 40 77 [öv
815 450 2 69 |
842 473 18 18 vu
894 452 35 65 ver
947 473 51 17 [vm

261 559 91 18 1886—87
366 573 124 5 2...
493 526 2 57 |
509 560 37 18 15.9
557 550 10 37 |
574 560 35 18 151
619 550 10 37 |
637 560 37 19 15.8
680 550 10 37 |
701 560 36 18 12.9
751 550 10 37 |
766 560 38 18 11.4
812 550 10 37 |
831 559 37 18 11.4
877 550 10 37 |
900 559 26 18 9.2
937 550 12 37 |
963 559 26 18 82

879 584 1 19 |

261 605 92 18 1887—88
367 619 122 6 ........
509 607 37 18 15.7
557 596 10 37 |
573 606 37 18 16.4
620 596 8 37 |
637 606 36 18 13.5|
700 606 37 18 14.2
751 596 7 37 |
766 605 37 18 11.5
812 596 10 37 |
830 606 50 18 10.8
877 596 10 37 |
900 605 25 18 95
936 596 13 37 |
963 605 25 18 8.7

261 651 92 18 1888—89
365 665 124 5 ........
508 653 37 18 15.1
554 642 11 38 |
573 652 36 19 16.2
621 642 7 38 |
637 652 37 18 15.0!
700 652 37 19 13.1
747 642 11 38 |
765 652 102 22 12.3
812 642 11 38 |
831 652 36 22 10.4
876 642 11 38 |
899 651 25 18 87
938 642 13 38 |
964 651 24 17 91

245 704 1 15 |
260 697 92 22 1889—90
365 711 124 5 ........
509 699 37 18 15.6
555 693 10 30 |
572 699 37 17 15.7
620 693 10 30 |
637 699 36 19 15.7
685 693 10 30 |
701 698 36 19 13.5
747 693 11 30 |
765 698 38 19 11.3|
830 698 36 19 11.3
877 693 8 30 |
899 698 25 17 8.9
937 693 11 30 |
963 697 25 18 7.9

311 842 112 22 Erkännes
445 849 27 15 en
495 844 62 26 gäng,
573 844 32 20 att
621 842 26 22 de
662 843 59 27 lägre
737 842 109 22 skolorna
860 842 48 21 icke
924 842 85 21 skänka

242 878 31 20 ett
290 878 46 20 mot
358 877 29 27 pä
409 877 50 21 dem
482 876 107 28 nedlagda
604 876 68 28 ärligä
687 877 126 21 kostnader
828 876 108 22 svarande
951 882 58 21 gagn

242 911 43 21 och
299 911 100 22 kommer
415 912 77 26 därtill,
509 914 32 18 att
556 911 63 22 äfven
635 912 42 21 den
693 912 129 21 nuvarande
837 911 171 28 lyceiorganisa-

241 946 75 21 tionen
331 946 18 27 ej
367 947 24 20 är
406 946 133 27 fullständigt
555 946 25 21 fri
602 946 48 21 frän
667 946 129 27 ensidighet,
813 948 38 19 äro
861 946 35 21 väl
908 945 101 27 ätgärder

241 980 31 21 till
295 980 141 28 aflägsnande
459 980 24 22 af
503 980 66 22 dessa
593 981 140 27 olägenheter
749 980 43 22 och
807 980 78 22 brister
900 980 7 21 i
922 980 86 21 skolvä-

241 1014 77 22 sendet
340 1014 23 22 af
384 1014 101 22 behofvet
501 1015 120 27 påkallade.
651 1015 8 21 I
674 1015 250 27 petitionsmemorialen
940 1014 65 21 I—IV

240 1049 87 21 öÖresläs
342 1050 7 20 i
365 1049 79 21 sådant
461 1049 110 27 afseende,
589 1052 32 18 att
637 1050 26 21 de
675 1049 136 27 tväklassiga
821 1049 103 21 skolorna
936 1050 76 20 mätte-

240 1082 116 23 fomdanas
371 1084 30 20 till
416 1084 167 27 borgareskolor
597 1084 50 22 med
658 1084 118 27 afslutning
786 1084 60 21 inom
861 1084 39 27 sig,
911 1086 53 19 utan
975 1086 31 18 att

241 1117 57 22 dock
313 1118 69 27 nägra
396 1120 102 20 närmare
519 1118 90 28 detaljer
627 1119 104 27 angifvas.
764 1118 163 22 Ofvanstäende
942 1118 62 21 stati-

240 1152 69 21 stiska
331 1152 141 27 utredningar
494 1153 41 21 och
556 1153 27 21 de
597 1153 31 20 till
643 1153 50 21 dem
708 1152 80 27 fogade
804 1152 200 27 anmärkningarna

240 1188 45 25 äro,
302 1186 64 22 äfven
381 1187 33 26 de,
431 1187 86 27 egnade
531 1189 33 20 att
579 1188 6 20 i
601 1187 34 21 sin
649 1188 52 21 män
716 1187 60 27 gifva
791 1187 50 21 stöd
857 1187 22 21 ät
895 1187 59 20 detta
968 1193 41 20 yr--

239 1221 71 21 kande
326 1228 28 20 pa
370 1221 149 27 organisation
534 1221 23 22 af
571 1222 153 21 mellanskolor
739 1221 93 22 afsedda
847 1221 33 21 för
892 1221 36 22 det
938 1221 66 27 prak-

239 1254 57 22 tieka
311 1254 70 22 lifvets
397 1255 49 21 kraf
459 1256 24 20 af
495 1256 96 27 bildning
607 1256 84 22 utöfver
706 1256 135 21 folkskolans
857 1256 57 26 plan.

309 1289 90 22 Tanken
414 1290 28 26 pä
458 1296 27 15 en
501 1290 102 21 särskildt
618 1290 143 28 organiserad
777 1290 143 22 mellänskola
935 1290 25 20 är
970 1289 32 21 för

239 1322 65 28 öfrigt
319 1324 48 21 icke
382 1330 35 21 ny.
446 1324 77 22 Redan
539 1325 26 21 de
581 1331 79 21 genom
678 1326 55 20 1872
752 1325 37 21 års
805 1324 141 26 skolordning
960 1324 42 20 till-

239 1358 82 20 komna
336 1358 149 22 realskolorna
500 1365 54 16 voro
570 1361 30 19 ett
615 1359 74 22 försök
704 1360 7 20 i
727 1360 74 20 denna
816 1358 100 27 riktning,
933 1358 67 21 ehuru

239 1392 36 22 det
289 1392 62 22 utföll
366 1392 83 22 mindre
465 1393 202 23 tillfredsställande.
691 1394 46 21 Mot
753 1394 28 21 de
796 1393 133 27 tväklassiga
945 1392 55 22 real-

238 1426 103 22 skolorna
361 1427 72 22 kunde
453 1434 85 15 samma
557 1428 169 27 anmärkningar
741 1428 133 22 framställas
891 1434 48 14 som
955 1429 45 19 mot

238 1461 27 21 de
273 1462 128 21 nuvarande
408 1461 133 29 tväklassiga
550 1463 231 26 elementarskolorna;
793 1462 42 22 och
847 1462 26 22 de
884 1462 116 27 fyra-klas-

307 1501 99 18 Allmänna
419 1502 174 18 Besvärsutskottets
604 1502 110 20 betänkande
725 1503 36 18 N:o
773 1503 30 17 21.
