1056 1673
234 112 28 18 86
423 110 224 24 Petitionsbetänkande
664 112 33 21 N:o
714 111 13 22 1.

203 171 105 25 lingsbara
328 172 80 20 marker
424 172 37 20 och
477 172 75 20 talrika
567 173 93 25 mäktiga
675 172 65 20 forsar
756 171 86 26 erbjuda
858 172 38 20 här
911 172 40 19 rik-

203 201 38 25 ligt
257 201 79 20 tillfälle
351 202 31 19 till
397 202 136 21 utvecklande
549 202 22 20 af
584 202 109 21 industriel
709 202 135 20 verksamhet.
872 202 78 20 Panka-

204 231 59 20 koski
284 231 37 20 och
341 232 196 20 Kuokkastenkoski
555 233 101 25 jernbruk
672 236 34 16 äro
723 239 25 13 en
764 232 40 26 god
820 232 71 26 början
906 232 45 19 här-

203 261 36 19 till.
264 261 108 26 Antagligt
387 266 22 16 är
425 262 59 20 äfven
501 265 30 17 att
547 270 31 12 om
589 263 40 20 den
640 265 55 18 östra
706 263 120 19 stambanan
836 262 115 20 utsträckes

203 291 31 19 till
257 291 155 26 ifrågavarande
435 292 106 26 landskap,
565 294 23 18 så
612 292 85 20 tillföres
724 292 116 20 densamma
861 292 90 20 härifrån

203 321 141 26 oberäkneligt
364 322 87 20 tillskott
474 322 7 19 i
501 322 68 27 trafik,
591 322 7 20 i
622 323 34 19 det
677 325 31 17 att
728 329 61 13 varor
810 322 22 20 af
846 322 105 20 allehanda

203 351 45 25 slag
269 351 89 20 härifrån
375 352 65 20 skulle
455 352 80 20 komma
551 355 30 17 att
598 352 50 20 söka
664 352 32 26 sig
711 355 41 23 väg
767 352 31 20 till
814 352 135 20 verldsmark-

203 380 72 25 naden,
300 382 37 18 och
359 384 48 18 utan
428 382 72 20 tvifvel
515 382 42 20 kan
572 389 48 13 man
636 382 59 20 äfven
711 382 93 26 påräkna
820 388 25 14 en
860 382 92 26 betydlig

203 410 82 20 tillväxt
304 411 5 19 i
335 412 140 25 persontrafik.
512 412 41 20 Vid
579 414 56 18 östra
664 412 131 20 stambanans
816 412 135 20 fortsättande

203 443 41 17 mot
265 448 49 12 norr
334 448 61 19 synes
418 442 34 20 det
472 442 42 26 mig
535 449 50 13 vara
601 442 23 20 af
636 444 77 18 största
728 442 45 25 vigt
790 444 30 18 att
836 442 114 20 densamma

202 470 75 26 drages
297 472 26 24 på
339 474 54 18 östra
413 472 59 20 sidan
487 479 32 13 om
535 472 123 26 Pielisjärvi,
674 472 84 20 emedan
775 472 39 20 den
830 472 26 19 då
871 472 79 20 komme

203 503 30 17 att
252 501 73 20 beröra
345 508 24 13 en
390 502 86 25 gammal
496 502 134 26 handelsväg,
650 502 84 20 hvilken
750 502 61 20 äfven
827 509 28 12 nu
870 502 81 26 mycket

203 530 79 20 anlitas.

273 561 30 19 På
323 560 60 21 ofvan
403 562 84 20 anförda
506 562 91 25 grunder
613 563 64 25 vågar
692 562 37 26 jag
744 562 104 20 vördsamt
864 562 86 25 anhålla,

202 593 31 17 att
254 591 125 25 högvördiga
395 592 155 20 Presteståndet
565 592 49 20 ville
629 593 37 19 hos
682 592 59 20 Hans
757 592 117 25 Kejserliga
888 592 62 25 Maje-

202 623 41 17 stät
259 621 6 19 i
281 620 163 27 underdånighet
459 622 122 26 petitionera
598 622 78 20 derom:

414 683 31 19 att
461 688 26 15 en
498 681 160 29 jernvägslinie
670 682 64 21 måtte
744 681 132 22 undersökas
887 680 61 28 ifrån

344 710 98 22 Joensuu
459 718 76 21 genom
550 711 126 28 Pielisjärvi
691 711 34 21 till
741 710 95 22 Nurmes
852 711 36 21 och
902 711 48 21 der-

344 740 62 26 ifrån
425 748 75 20 genom
516 741 100 22 Sotkamo
632 741 32 21 till
680 740 99 28 Kajana,
796 740 108 28 äfvensom
920 742 30 20 att

344 772 57 20 östra
427 771 127 21 stambanan
578 772 7 20 i
609 772 51 20 mån
681 771 29 27 af
729 770 81 22 landets
832 770 118 28 tillgångar

343 800 63 22 måtte
415 800 116 28 fortsättas
547 801 9 21 i
571 801 66 26 ofvan
656 801 84 28 antydd
756 800 104 28 riktning.

272 860 128 25 Helsingfors
416 861 37 20 den
472 863 11 18 2
500 862 100 19 Februari
620 863 61 18 1891.

730 920 19 21 H.
767 920 111 27 Piipponen.

555 1017 42 18 40.

271 1070 57 21 Från
349 1069 162 22 Bondeståndet
532 1072 33 19 ett
585 1069 24 22 af
628 1069 108 22 Herrarne
759 1068 57 22 Juho
833 1068 114 27 Pitkänen,

200 1104 28 22 M.
245 1104 96 23 Heikura
357 1106 39 20 och
411 1105 24 21 L.
455 1106 100 21 Keränen
572 1105 121 22 inlemnadt
708 1104 190 28 petitionsförslag
914 1110 34 15 om

200 1140 154 22 instrumental
370 1141 162 27 undersökning
547 1142 28 26 på
591 1142 83 20 statens
686 1140 122 22 bekostnad
819 1139 24 22 af
852 1146 26 15 en
888 1140 59 26 jern-

199 1176 106 28 vägslinie
328 1176 47 22 från
398 1176 96 23 Joensuu
515 1177 50 21 stad
587 1182 78 22 genom
689 1176 80 27 Juuga,
794 1175 92 22 Nurmes
910 1175 38 21 och

200 1212 104 22 Sotkamo
325 1212 34 22 till
380 1212 76 22 Waala
476 1215 57 19 samt
554 1213 62 27 längs
635 1212 87 22 Uleåelf
736 1211 34 22 till
786 1210 108 28 Uleåborg
910 1211 37 21 och

199 1248 96 22 härifrån
312 1248 33 22 tiil
361 1248 91 29 Torneå,
468 1249 49 21 med
533 1248 79 22 bibana
628 1248 34 22 till
678 1248 86 27 Kajana
780 1247 56 22 stad.

351 1339 49 19 Till
416 1338 167 21 Hedervärda
599 1337 201 22 Bondeståndet.

271 1397 152 26 Jernvägarnes
443 1402 55 16 stora
519 1398 106 26 betydelse
641 1398 31 20 för
688 1396 176 22 samfundslifvets
879 1397 69 24 mång-

199 1427 67 25 sidiga
287 1427 118 26 utveckling
427 1431 22 17 är
470 1428 59 20 äfven
545 1428 7 19 i
568 1429 46 19 vårt
630 1428 48 19 land
693 1428 23 19 så
732 1426 57 20 känd
807 1426 36 20 och
859 1426 22 20 af
895 1426 52 19 erfa-

271 1468 174 22 Jernvägsutskottets
457 1468 106 18 betänkande
575 1468 35 18 N:o
623 1469 10 16 1
