1067 1673
286 124 253 24 Motionsbetänkande
555 125 44 23 N:o
614 125 22 22 9.
803 128 11 19 5

86 191 92 22 barnens
198 194 49 24 eget
262 192 99 20 intresse.
391 191 41 21 Vid
447 191 159 27 behandlingen
621 191 22 21 af
657 191 74 27 frågan
747 198 34 16 om
796 198 45 15 ma-

85 225 156 23 ximiarbetstid
264 225 32 22 för
316 226 53 20 barn
390 225 99 21 framhöll
505 226 215 21 Ekonomiutskottet
735 226 34 21 vid
785 228 55 19 1888

86 259 35 22 års
144 260 103 26 landtdag
263 260 71 21 såsom
350 266 26 15 en
391 260 68 26 vigtig
474 260 115 26 synpunkt,
609 262 32 19 att
656 260 181 27 inskränkningen

85 294 7 20 i
109 294 41 22 den
172 294 153 26 minderåriges
348 294 106 21 arbetstid
476 294 47 22 icke
542 294 57 26 finge
616 311 5 9 ,
621 294 73 26 blifva
709 301 58 15 mera
782 295 54 21 vidt-

86 328 84 26 gående
186 331 26 19 än
229 329 113 21 omtanken
359 335 34 15 om
406 329 54 21 hans
476 329 60 21 helsa
551 329 40 21 och
608 329 126 27 själsodling
746 329 94 22 nödvän-

86 363 78 26 digtvis
180 362 91 28 kräfver,
286 363 31 27 ity
332 365 32 19 att
379 363 41 21 han
437 363 58 21 såväl
511 364 7 20 i
533 363 78 27 fysiskt
627 369 46 15 som
688 364 110 21 moraliskt
808 362 30 22 af-

86 398 80 21 seende
180 397 76 22 blifver
270 398 71 21 bättre
357 398 150 26 tillgodosedd,
524 404 34 15 om
573 398 43 21 han
632 398 118 26 tillbringar
765 398 33 21 sin
806 398 31 20 tid

86 432 49 21 med
150 432 98 25 ordnadt,
264 438 33 15 om
313 432 40 21 ock
369 432 165 27 ansträngande,
551 432 74 21 arbete
642 432 40 21 och
697 432 91 21 sålunda
798 432 42 21 för-

86 467 70 26 tjenar
178 467 38 20 sitt
238 466 119 27 uppehälle,
381 469 27 18 än
431 473 35 15 om
487 467 42 21 han
549 467 70 20 under
634 466 83 27 hunger
731 467 40 21 och
786 466 55 21 brist

86 500 32 21 får
140 501 84 21 tillfälle
239 503 32 19 att
287 501 48 21 öfva
357 501 32 26 sig
405 501 6 20 i
427 501 62 27 lättja
505 501 40 21 och
561 501 92 26 odygd*;
670 501 40 21 och
725 501 116 26 sanningen

86 535 62 22 häraf
168 536 62 21 torde
252 535 47 22 icke
318 535 71 21 kunna
404 535 107 22 förnekas.
542 535 161 27 Förordningen
719 535 21 22 af
755 535 40 22 den
812 537 24 19 15

86 571 59 26 April
173 571 53 20 1889
254 571 37 20 har
316 571 125 26 visserligen
464 570 97 21 faststält
584 571 133 20 arbetstiden
738 570 31 21 till
795 569 41 27 6!/3

86 605 85 21 timmar
192 604 34 22 för
248 605 46 26 dag,
318 611 48 15 men
389 605 60 21 detta
471 605 67 26 gäller
561 605 42 21 alla
622 605 46 26 slag
684 605 23 21 af
719 604 120 27 industri,
831 600 12 36 i

86 639 72 21 hvilka
181 639 77 22 måttet
280 639 22 21 af
322 640 154 26 ansträngning
499 639 120 22 emellertid
642 641 24 19 är
681 639 80 27 ganska
777 639 62 21 olika.

87 674 40 21 Om
143 680 26 15 en
184 674 133 27 förlängning
333 673 22 22 af
369 674 67 27 sagda
450 674 123 26 normaltid,
589 675 38 20 der
643 674 78 21 sådant
733 676 52 19 utan
796 673 45 21 olä-

86 709 80 26 genhet
188 709 42 20 kan
254 709 44 24 ske,
322 708 124 27 medgifves,
469 710 24 19 är
517 709 60 20 detta
592 709 116 26 ingalunda
724 710 31 19 ett
771 707 69 22 öfver-

86 743 98 26 gifvande
208 742 22 21 af
251 743 41 21 den
314 743 151 26 grundprincip
484 743 7 21 i
507 743 150 27 skyddslagen,
675 743 65 26 enligt
754 742 86 21 hvilken

87 777 153 27 minderåriges
258 777 104 22 arbetstid
377 778 39 21 bör
427 777 90 22 sålunda
528 778 125 26 begränsas,
665 779 32 19 att
709 777 60 22 deras
780 777 61 20 helsa

87 812 47 21 icke
149 811 55 22 lider
218 819 47 14 men
281 812 23 21 af
317 812 90 21 arbetet.
423 813 40 20 Att
477 813 94 20 nämnda
586 813 92 20 intresse
694 812 61 21 äfven
771 811 67 27 enligt

88 846 144 22 motionärens
248 846 79 28 förslag
342 847 41 21 blir
399 847 128 27 tillbörligen
544 847 146 27 tillgodosedt,
707 846 70 22 derför
785 846 55 21 före-

86 880 70 22 finnas
178 880 48 22 fullt
245 881 127 27 tillräckliga
388 882 114 26 garantier.
534 881 91 21 Oafsedt
641 882 26 20 de
682 880 157 28 försigtighets-

87 915 61 26 mått,
164 921 47 15 som
233 914 149 28 förordningen
399 916 140 21 öfverhufvud
554 916 138 21 föreskrifver
707 914 131 22 beträffande

87 949 6 20 i
115 949 94 22 fabriker
231 950 128 26 sysselsatta
381 950 58 24 barn,
463 952 24 19 är
511 952 32 19 att
558 950 80 26 märka,
665 952 33 19 att
721 950 40 21 den
783 948 54 22 före-

88 983 75 27 slagna
178 984 176 27 utsträckningen
369 984 22 21 af
405 985 133 21 arbetstiden
554 985 69 21 måste
636 985 6 20 i
654 984 73 27 hvarje
737 983 102 22 särskildt

87 1017 35 22 fall
146 1019 101 20 utverkas
270 1019 39 20 hos
331 1019 208 27 Industristyrelsen,
564 1025 46 15 som
633 1019 90 21 sålunda
745 1019 96 20 kommer

86 1052 7 21 i
109 1051 84 22 tillfälle
212 1055 32 18 att
260 1055 49 24 taga
324 1053 67 21 under
407 1053 140 27 ompröfning,
564 1053 106 22 huruvida
679 1053 50 22 med
739 1052 101 21 afseende

88 1086 12 21 å
116 1087 97 21 arbetets
229 1087 148 22 beskaffenhet
392 1088 41 21 och
449 1088 66 21 andra
530 1088 28 27 på
577 1088 67 21 saken
654 1087 129 22 inverkande
793 1093 45 14 om-

88 1121 150 26 ständigheter
254 1121 36 22 det
305 1122 128 26 ifrågasatta
448 1122 159 27 medgifvandet
619 1126 51 17 utan
685 1122 46 21 fara
745 1121 32 22 för
792 1121 48 22 bar-

87 1161 52 16 nens
155 1155 61 22 helsa
230 1156 42 21 kan
287 1157 95 26 beviljas.
398 1157 79 21 Vidare
495 1157 86 22 komma
596 1157 76 22 härvid
687 1157 77 21 endast
778 1156 60 25 barn,

88 1195 46 16 som
150 1191 125 26 genomgått
289 1191 66 27 högre
377 1190 114 29 folkskola,
513 1192 8 21 i
543 1191 66 27 fråga,
635 1192 40 21 och
699 1191 63 22 dessa
777 1191 63 22 hafva

87 1224 6 21 i
108 1224 74 27 regeln
198 1225 66 21 redan
280 1225 91 27 uppnått
386 1232 27 15 en
429 1226 60 21 ålder
499 1225 21 22 af
530 1226 65 21 minst
608 1228 79 19 tretton
699 1227 52 21 eller
760 1226 78 27 fjorton

88 1259 23 20 år
126 1260 56 20 samt
197 1261 74 20 närma
288 1260 33 26 sig
337 1260 64 21 alltså
417 1260 75 22 åldern
509 1260 22 21 af
544 1267 58 20 unga
617 1267 110 20 personer.

156 1293 58 22 Enär
234 1294 41 21 den
290 1293 111 27 förlängda
417 1295 134 21 arbetstiden
567 1295 160 27 nödvändiggör
749 1301 25 16 en
797 1295 43 21 för-

87 1327 86 28 delning
196 1327 22 22 af
238 1329 86 21 arbetet
346 1329 29 26 på
389 1328 43 22 för-
449 1329 40 21 och
506 1329 147 27 eftermiddag,
670 1329 97 28 påkallas
783 1329 63 22 deraf

87 1368 26 15 en
129 1361 104 23 afvikelse
248 1363 76 26 jemväl
341 1362 47 22 från
404 1364 131 26 stadgandet
548 1364 7 21 i
571 1363 10 27 $
595 1366 12 19 8
621 1370 63 15 mom.
699 1366 20 25 2,
735 1366 32 19 att
782 1364 59 26 barn,

86 1402 46 15 som
148 1396 56 21 varit
218 1397 8 20 i
241 1397 76 22 arbete
331 1396 46 23 före
391 1397 94 22 klockan
501 1397 41 22 tolf
555 1398 28 27 på
599 1398 75 27 dagen,
691 1399 18 26 ej
725 1399 35 21 må
771 1398 70 22 dertill

155 1440 196 19 Ekonomiutskottets
363 1442 118 18 betänkande
494 1442 36 18 N:o
542 1443 17 17 0.
