1064 1673
282 133 263 23 Motionsbetänkande
561 133 46 22 N:o
622 133 39 22 10.
810 135 12 20 5

161 194 71 22 Hvad
246 194 111 29 slutligen
374 194 28 22 de
417 194 28 22 af
457 195 145 21 motionären
617 194 133 30 föreslagna
760 202 47 22 nya
816 197 36 19 ut-

93 229 97 28 trycken
213 228 115 24 beträffar,
352 228 42 22 vill
412 228 123 22 Utskottet
549 229 84 21 endast
647 232 49 18 mot
711 229 39 21 det
765 237 87 19 senare,

93 263 119 21 slutorden
235 280 5 9 ,
243 262 94 27 Härtill
352 262 79 29 hjälpe
445 263 48 28 mig
509 263 75 26 Gud",
601 263 117 27 anmärka,
735 265 35 19 att
785 264 67 21 dessa

93 297 43 21 ord
150 296 137 29 visserligen
303 297 81 21 kunna
396 304 67 14 anses
477 297 113 29 lämpliga
603 297 75 21 såsom
689 297 129 29 afslutning
829 297 26 22 af

93 331 154 25 vittneseden,
262 331 152 28 hvarigenom
430 330 45 22 den
495 331 122 29 svärjande
632 331 120 22 förbinder
767 332 35 28 sig
818 333 34 19 att

93 365 56 27 efter
172 364 76 29 aflagd
271 364 28 22 ed
321 364 66 29 gifva
402 372 29 14 en
450 372 58 14 sann
523 368 84 26 utsago
623 366 169 28 (promissorisk
808 365 44 29 ed),

94 406 53 14 men
162 399 104 21 däremot
281 399 43 21 alls
339 400 52 20 icke
406 399 49 21 låta
471 400 36 28 sig
528 400 113 28 anbringa
655 400 41 21 vid
711 400 141 22 formulären

94 434 37 21 till
154 434 72 21 andra
248 434 9 20 i
278 434 70 28 lagen
370 433 141 22 föreskrifna
527 434 60 26 eder,
603 434 76 21 såsom
694 434 99 28 vrångo-
809 434 43 21 och

94 468 158 28 värjemålsed,
276 468 28 21 ed
326 468 40 21 vid
388 468 167 27 husransakan,
571 476 30 14 m.
621 468 29 27 f.,
667 468 80 22 hvilka
769 470 83 27 utgöra

95 510 28 14 en
139 502 139 22 bekräftelse
300 502 26 22 af
346 504 34 20 ett
398 503 67 27 förut
485 502 114 22 omtaladt
613 502 146 22 förhällande
774 504 79 26 (asser-

95 537 73 21 torisk
187 537 35 27 ed)
238 536 43 22 och
297 536 41 22 där
354 537 60 21 altsä
429 539 34 19 ett
479 537 122 21 äkallande
618 537 26 21 af
657 537 65 21 Guds
737 537 63 29 hjälp
816 536 37 22 för

95 571 70 21 edens
180 570 146 30 fullgörande
343 571 73 21 skulle
431 571 74 21 blifva
521 571 148 29 obegripligt.

164 606 74 20 Dessa
253 605 42 21 sist
303 605 104 28 antydda
423 605 150 29 olägenheter
587 605 78 22 kunde
674 606 50 20 icke
736 612 117 14 ensamma

95 639 36 22 för
156 639 36 29 sig
214 638 53 22 leda
288 639 37 21 till
348 642 34 18 ett
397 639 77 29 afslag
496 640 26 21 af
534 640 125 21 motionen.
690 640 34 21 De
740 639 59 21 hade
814 639 40 21 väl

95 674 91 21 kunnat
208 673 39 21 vid
269 673 174 29 behandlingen
462 674 35 21 uti
512 674 121 22 Utskottet
649 673 120 29 aflägsnas.
799 673 55 22 Men

95 708 31 28 på
148 708 76 28 grund
246 707 26 22 af
285 708 75 28 öfriga
376 708 72 21 ofvan
463 708 97 22 berörda
575 708 145 28 synpunkter
735 715 67 14 anser
817 707 37 29 sig

95 742 129 27 Utskottet,
240 742 75 22 såsom
330 742 71 21 redan
419 742 72 25 sades,
507 742 57 22 böra
578 742 120 22 vördsamt
712 742 90 26 föreslå,

372 808 31 18 att
430 805 125 21 Ständerna
583 806 64 20 måtte
672 806 74 20 lämna
767 805 87 26 föreva-

304 841 96 20 varande
416 841 80 20 motion
512 843 53 18 utan
581 840 109 27 afseende.

166 1004 12 21 I
194 1005 106 21 ärendets
323 1005 96 28 slutliga
441 1005 144 28 behandling
604 1004 70 22 hafva
690 1004 98 29 deltagit
803 1003 53 22 ord-

97 1038 114 22 föranden
234 1039 169 29 Montgomery,
427 1039 158 21 ledamöterne
607 1039 97 21 friherre
724 1046 46 14 von
784 1038 70 26 Born,

97 1072 93 22 Jaakko
220 1073 120 28 Forsman,
370 1073 28 22 G.
428 1073 141 25 Johansson,
597 1073 29 21 H.
651 1073 27 21 E.
707 1072 147 26 Schroderus,

98 1106 183 30 Schwartzberg,
304 1107 139 27 Serlachius,
467 1107 121 29 Clouberg,
611 1107 14 21 J
650 1106 122 27 Stenbäck,
788 1106 67 22 Jusö-

97 1140 53 28 lius,
166 1140 103 28 Castrén,
286 1141 139 22 Tensikkala
441 1141 44 21 och
500 1141 117 21 Teittinen
633 1141 119 21 äfvensom
766 1140 90 29 supple-

99 1176 96 20 anterne
210 1175 155 29 Jägerskiöld,
382 1175 125 22 Cronstedt
523 1175 43 21 och
581 1175 110 21 Heikura.

166 1237 148 29 Helsingfors
329 1238 44 21 den
390 1239 27 21 23
433 1238 45 28 maj
497 1239 60 21 1891.

169 1474 131 23 Lagutskottets
313 1474 110 18 betänkande
437 1477 37 15 N:o
486 1475 32 17 20.
