1073 1673
215 171 348 23 Petitionsbetänkande
578 170 54 23 N:o
648 170 43 23 38.

349 541 171 22 Allmänna
564 541 269 24 Besvärsutskot-

281 576 66 21 tets
369 575 207 22 betänkande
597 575 46 23 N:o
667 575 30 22 28
718 576 10 22 i
750 576 83 22 anled-

281 609 62 28 ning
357 609 28 22 af
397 610 91 22 tvenne
504 609 10 22 i
528 609 187 23 Bondeståndet
737 610 98 28 ingifna

282 644 253 28 petitionsmemorial
561 650 40 17 om
623 644 110 23 revision
756 645 29 22 af
804 645 30 21 de

281 678 41 22 för
351 678 180 23 smittosamma
560 679 274 28 kreaturssjukdomars

282 712 202 23 förekommande
507 713 47 22 och
573 713 148 22 hämmande
736 712 99 29 utgifna

282 747 210 28 lagstadgandena
514 748 64 21 samt
601 753 40 17 om
666 747 169 23 anställandet

281 780 28 22 af
322 781 75 22 ökadt
413 782 68 21 antal
497 782 166 22 veterinärer.

144 877 79 22 Jämte
237 877 214 30 protokollsutdrag
466 878 26 21 af
504 878 46 21 den
567 879 26 21 10
607 878 112 22 Februari
734 878 43 22 har
787 879 48 20 He-

76 911 114 22 dervärda
211 911 176 22 Bondeståndet
408 912 37 21 till
467 912 126 21 Allmänna
607 913 227 22 Besvärsutskottets

76 945 143 29 behandling
233 945 130 28 hänskjutit
378 946 103 29 följande
495 948 86 20 tvenne
596 947 208 28 petitionsförslag:

258 1061 181 20 Hedervärda
461 1061 192 20 Bondestånd!

145 1123 26 20 Ju
193 1129 54 14 mera
269 1125 77 18 landets
369 1124 139 23 modernäring
532 1135 25 3 —
579 1124 119 24 jordbruket
716 1135 20 3 —
759 1124 37 19 och
812 1124 24 19 de

76 1152 44 19 med
143 1153 112 19 densamma
270 1153 6 18 i
291 1153 56 18 intim
369 1152 94 24 beröring
479 1153 81 18 stående
575 1153 116 23 ladugårds-
707 1152 36 20 och
759 1153 77 23 mejeri-

75 1181 169 24 handteringarna
266 1181 61 19 blifva
349 1181 125 25 utvecklade,
496 1181 57 19 desto
576 1183 64 17 större
662 1181 112 24 fordringar
790 1186 46 18 eger

76 1209 38 19 den
137 1209 90 20 enskilda
248 1209 147 25 jordbrukaren
418 1210 37 19 och
478 1210 117 24 djuregaren
618 1212 40 17 rätt
681 1212 28 17 att
729 1209 59 20 ställa
810 1209 26 24 på

76 1238 105 19 samhället
196 1249 26 3 —
238 1238 26 24 på
279 1241 64 16 staten
361 1250 24 2 —
402 1238 31 19 för
448 1240 30 18 att
492 1244 70 18 genom
585 1239 122 18 densammas
725 1238 111 23 bemedling

77 1266 61 20 blifva
160 1266 22 19 så
205 1267 42 19 vidt
269 1267 76 23 möjligt
363 1267 102 23 skyddade
480 1270 40 16 mot
536 1268 24 18 de
576 1267 89 24 olyckor,
681 1266 67 20 hvilka
763 1267 7 18 i
786 1266 50 19 form

77 1294 21 20 af
119 1294 64 20 farcot
205 1295 66 19 kunna
293 1295 95 19 hemsöka
409 1295 50 19 hans
481 1295 194 23 kreatursstammar,
699 1295 84 19 likasom
798 1294 38 20 han

77 1323 47 24 själf
138 1322 58 20 äfven
212 1324 35 18 bör
263 1323 67 19 ikläda
345 1324 30 22 sig
390 1324 73 23 nödiga
478 1323 135 25 uppoffringar
629 1323 31 20 för
673 1325 29 17 att
713 1324 65 18 såvidt
788 1323 48 23 möj-

76 1352 37 22 ligt
136 1352 77 23 skydda
232 1352 43 19 sina
290 1358 87 18 grannar
392 1352 31 19 för
439 1352 105 19 desamma.
575 1352 64 19 Sedan
655 1358 26 12 nu
697 1352 54 19 såväl
767 1351 70 24 styrel-

77 1385 35 14 sen
135 1385 43 14 som
201 1380 90 19 enskilda
313 1380 133 24 jordbrukare
469 1380 35 20 hos
528 1386 33 14 oss
576 1380 101 24 uppoffrat
691 1380 76 24 ganska
783 1382 55 16 stora

78 1414 84 14 summor
185 1409 26 23 på
233 1408 138 20 anskaffandet
393 1409 22 19 af
434 1408 100 20 utmärkta
549 1414 56 14 raser
620 1408 21 20 af
655 1411 56 17 snart
725 1408 59 24 sagdt
799 1408 39 18 alla

78 1437 42 23 slag
142 1436 21 20 af
184 1437 89 25 husdjur,
297 1437 22 19 så
341 1439 30 17 att
393 1437 156 24 ladugårdarnes
567 1437 60 19 värde
643 1437 114 23 därigenom
772 1436 26 24 på
814 1435 24 19 de

77 1464 59 20 flesta
158 1466 55 18 orter
235 1466 21 18 af
277 1466 44 18 vårt
343 1466 47 18 land
413 1465 85 25 uppnått
518 1471 25 13 en
558 1466 84 23 tidigare
659 1465 63 19 oanad
737 1464 48 24 höjd
802 1464 37 19 och

147 1503 104 17 Allmänna
262 1503 169 18 Besvärsutskottets
444 1503 110 17 betänkande
566 1502 37 18 N:o
615 1503 32 17 28.
