1073 1678
264 145 13 20 2
393 144 74 21 Ständ.
483 144 46 22 Pet.
546 157 29 3 —
590 144 149 22 Petitionsbet.
754 144 36 22 N:o
805 143 30 23 41.

235 207 78 21 dernas
329 207 150 27 Statsutskott,
495 207 93 27 afgifven
604 208 6 20 i
626 207 107 22 samband
748 208 50 21 med
813 208 50 21 dess
881 208 110 22 utlåtande

235 248 37 14 om
294 242 201 27 postsparbankens
517 241 96 22 tillstånd
636 243 42 20 och
701 242 135 27 förvaltning,
853 243 44 21 dels
913 250 78 20 genom

234 276 107 21 särskilda
363 277 221 26 petitionsmemorial,
609 277 72 21 hvilka
703 277 60 21 inom
779 277 156 28 Ridderskapet
950 278 41 21 och

234 310 70 21 Adeln
319 313 58 19 samt
394 311 184 27 Borgareständet
593 312 116 21 inlemnats
724 312 7 20 i
747 312 115 26 anledning
877 312 24 21 af
913 312 78 27 nädiga

234 344 124 22 manifestet
381 346 41 20 den
467 340 38 36 yr
526 346 56 21 1890
596 345 114 27 angående
725 346 155 26 postväsendet
902 346 6 21 i
930 346 60 22 Stor-

234 378 158 23 furstendömet
407 380 95 21 Finland.

302 413 65 22 Detta
389 414 102 21 manifest
513 415 40 20 har
576 414 135 21 omedelbart
729 414 54 21 efter
798 415 49 20 dess
862 415 128 21 utfärdande

234 447 123 22 framkallat
373 455 38 14 oro
427 449 43 21 och
486 449 126 27 bekymmer
628 449 5 21 i
648 449 78 26 landet,
743 449 91 21 emedan
850 455 27 15 en
885 450 34 21 del
931 450 60 21 stad-

233 482 86 26 ganden
342 483 45 21 deri
410 485 83 20 ansetts
515 483 120 27 oförenliga
656 484 50 21 med
731 483 99 27 gällande
855 485 134 26 grundlagar.

232 516 39 21 Att
286 517 65 21 dessa
366 517 126 28 bekymmer
507 518 67 21 skulle
590 518 55 21 söka
660 518 31 27 sig
706 518 87 27 uttryck
807 518 35 21 vid
852 518 137 27 landtdagen,

233 557 40 14 var
295 551 108 27 naturligt.
433 552 43 21 För
492 552 123 21 Ständerna
631 552 69 21 mäste
711 553 36 20 det
763 552 71 21 derför
849 552 89 21 framstä
953 552 36 22 sä-

232 591 50 14 som
297 591 28 15 en
341 585 96 28 oalfvislig
453 587 51 26 pligt
519 589 38 24 att,
574 586 55 22 efter
639 586 109 27 sorgfällig
756 586 117 28 beredning
882 587 41 21 och
931 587 57 27 pröf-

232 619 53 27 ning
301 619 23 21 af
337 620 60 21 detta
412 621 162 27 betydelsefulla
590 621 87 27 ärende,
693 621 40 21 hos
744 621 66 21 Eders
818 621 116 28 Kejserliga
942 621 45 22 Ma-

228 653 71 27 jestät
313 654 7 20 i
336 655 171 27 underdänighet
523 656 88 20 anmäla
626 656 18 26 ej
660 656 84 20 mindre
755 656 33 20 sin
798 656 191 27 rättsuppfattning

232 688 6 20 i
255 687 84 28 frägan,
356 690 28 20 än
400 689 41 21 ock
457 690 26 20 de
499 690 138 26 önskningar,
654 696 47 15 som
717 690 62 21 deraf
792 690 128 22 föranledas.

302 722 7 21 I
326 723 36 21 det
377 722 81 28 nädiga
473 724 123 21 manifestet
611 724 95 27 stadgas,
722 726 32 19 att
762 724 113 27 ledningen
891 725 23 21 af
921 725 69 21 finska

232 757 127 26 postverket
382 758 53 21 skall
451 758 156 22 koncentreras
622 759 31 21 uti
667 759 81 21 Inrikes
763 758 140 22 Ministerium
918 760 6 20 i
939 760 50 27 Kej-

231 792 127 29 saredömet
373 792 42 21 och
431 788 171 32 Öfverstyrelsen
618 793 33 21 för
665 796 79 24 posten
760 794 41 20 och
816 794 147 26 telegraferne.

301 825 47 22 De
337 821 16 37 i
358 826 123 22 manifestet
490 828 127 20 meddelade
626 829 100 20 närmare
737 828 191 26 bestämningarna
938 829 51 20 här-

231 866 37 14 om
284 860 63 21 torde
362 867 79 20 genom
451 862 32 20 sin
491 861 63 22 korta
563 862 41 21 och
613 862 193 27 sammanträngda
816 862 56 22 form
886 862 105 22 föranledt

230 894 153 22 missförständ
399 895 112 27 angäende
526 896 111 27 omfänget
647 896 24 22 af
679 897 41 21 den
731 896 196 28 maktbefogenhet,
943 904 48 14 som

229 928 94 22 sälunda
331 929 68 21 blifvit
407 931 149 26 nyssnämnda
570 931 65 27 ryska
644 931 150 27 myndigheter
802 931 98 21 tilldelad.
915 932 77 20 Denna

231 962 131 27 befogenhet
385 965 98 21 sträcker
505 966 37 26 sig,
567 972 36 14 om
626 965 162 22 föreskrifterna
803 966 103 27 objektivt
922 966 69 21 tolkas

229 998 44 19 och
288 998 98 27 beaktas,
403 1000 77 20 endast
495 1000 30 20 till
541 1000 42 21 den
598 1000 99 21 tekniska
712 1000 94 27 detaljen
821 1000 24 21 af
851 1000 140 27 postförvalt-

231 1031 90 27 ningen,
345 1032 134 23 beträffande
502 1034 86 21 hvilken
611 1034 144 27 likformighet
777 1035 60 20 inom
855 1035 49 21 hela
918 1035 73 27 Ryska

230 1065 56 21 riket
309 1066 97 27 pröfvats
425 1074 54 15 vara
493 1068 24 21 af
530 1069 215 26 omständigheterna
760 1068 105 27 påkallad.
895 1068 96 22 Sålunda

230 1099 55 22 böra
309 1101 26 20 de
351 1101 31 21 uti
397 1101 80 28 nådiga
492 1103 123 21 manifestet
631 1103 134 21 omnämnda
780 1103 153 22 instruktioner
948 1104 42 21 och

229 1133 135 23 föreskrifter
388 1136 109 27 uppfattas
519 1137 75 21 såsom
617 1137 136 22 hänförande
776 1138 31 26 sig
822 1138 30 21 till
870 1138 120 27 ordningen

228 1168 44 21 och
295 1169 86 22 formen
404 1170 33 21 för
452 1171 237 26 postförsändelsernas
711 1173 136 26 behandling,
864 1173 42 20 och
920 1172 69 22 likaså

229 1203 76 21 kunna
321 1203 26 22 de
363 1211 79 20 genom
459 1205 81 22 Chefen
556 1206 33 21 för
603 1209 61 24 post-
680 1207 42 21 och
733 1206 256 28 telegraföfverstyrelsen

227 1237 54 22 eller
297 1238 162 28 underlydande
475 1240 132 27 tjenstemän
617 1241 142 27 företagande
770 1241 118 22 revisioner
897 1241 23 22 af
928 1244 60 25 post-

228 1272 136 21 anstalterna
379 1273 7 21 i
401 1273 90 22 Finland
506 1275 46 21 afse
567 1275 94 21 kontroll
676 1276 78 21 endast
769 1275 105 27 deröfver,
891 1278 31 19 att
940 1276 48 21 från

228 1305 227 24 Inrikesministerium
477 1309 7 20 i
507 1310 75 27 antydt
605 1309 55 28 syfte
684 1309 113 28 utgångna
824 1310 165 22 bestämmelser

227 1343 110 23 noggrant
360 1341 127 23 efterlefvas.
524 1344 79 21 Vidare
626 1344 59 21 finna
699 1344 124 22 Ständerna
839 1344 36 21 det
890 1344 97 22 otvifvel-

227 1374 75 27 aktigt,
319 1377 32 19 att
367 1375 96 23 Senaten
478 1377 33 21 för
528 1378 91 21 Finland
635 1378 63 22 äfven
713 1378 67 27 enligt
787 1378 36 22 det
831 1378 78 27 nådiga
917 1380 70 20 mani-

227 1408 65 22 festet
300 1409 111 23 bibehållit
419 1410 60 22 såväl
492 1412 33 21 sin
536 1412 175 23 kontrollerande
720 1413 42 21 och
773 1413 136 27 disciplinära
925 1420 62 21 myn-

227 1442 74 27 dighet
317 1444 61 22 öfver
393 1446 131 28 postverket,
540 1454 48 14 som
604 1448 42 21 ock
661 1450 43 19 rätt
715 1448 30 21 till
756 1448 107 21 initiativ
855 1438 12 42 i
874 1448 41 21 alla
926 1451 61 24 post-
