1056 1673
240 119 44 21 132
433 117 225 23 Petitionsbetänkande
675 118 35 21 N:o
726 117 14 21 1.

207 178 77 22 volaks
301 179 38 20 och
355 178 105 22 Karelens
477 178 83 21 rörelse
576 179 48 26 gått
639 177 9 22 i
662 177 99 26 riktning
776 178 60 21 emot
852 177 26 21 de
889 171 74 27 Öster-

207 213 115 22 bottniska
337 214 162 21 kuststäderna.
529 213 145 22 Tillkomsten
690 213 23 20 af
728 212 74 22 Saima
817 212 65 22 kanal
899 211 65 22 fram-

208 249 88 22 kallade
312 250 41 21 den
369 249 76 28 första,
462 251 57 20 mest
535 249 113 22 kännbara
661 248 137 27 rubbningen
809 248 8 21 i
828 249 71 21 denna
907 253 56 16 sam-

208 284 89 22 färdsel.
320 285 127 22 Sedermera
462 285 65 21 hafva
544 291 77 20 genom
633 284 91 27 Päijäne
735 285 117 26 systemets
862 283 103 27 beröring

208 321 51 21 med
279 321 90 26 jernväg
383 321 37 21 vid
435 321 109 26 Vesijärvi
560 321 40 21 och
615 327 78 20 genom
710 320 163 21 fullbordandet
889 319 24 22 af
926 319 38 22 Sa-

207 356 149 21 volaksbanan
379 356 93 22 trafiken
495 356 41 21 allt
559 356 75 21 vidare
656 355 83 28 dragits
760 355 51 22 bort
827 355 48 22 från
892 351 72 26 Öster-

208 391 77 22 botten
301 394 58 19 emot
375 393 64 20 söder
455 392 40 21 och
512 394 66 19 öster.
610 391 34 22 Då
660 392 38 21 det
713 398 30 15 nu
758 391 70 27 gäller
843 393 33 20 att
891 391 73 27 ijern-

208 429 115 25 vägsnätet
346 428 91 27 indraga
457 427 119 28 Jyväskylä
598 427 40 22 och
654 428 42 21 den
712 427 138 27 omgifvande
866 427 98 21 landsor-

208 465 45 25 ten,
275 463 103 22 framstår
401 463 104 22 trafikens
527 463 93 22 ledande
636 463 8 21 i
660 463 98 26 riktning
774 465 60 19 emot
848 462 117 22 Bottniska

208 499 65 21 viken
290 500 47 21 åter
352 506 46 15 som
415 500 41 21 den
473 499 145 26 naturligaste
636 499 40 21 och
693 500 93 20 rättaste
802 500 76 25 vägen.
895 493 69 26 Äfven

208 541 27 15 en
251 534 122 27 betydande
391 535 34 22 del
441 535 24 22 af
479 535 69 22 Keski
560 535 86 22 Suomis
658 536 85 25 export-
752 535 41 21 och
802 534 162 27 importrörelse

207 570 102 27 betingar
325 571 91 27 således,
433 571 90 21 alldeles
539 573 29 25 på
584 571 114 21 enahanda
709 573 45 19 sätt
765 577 47 14 som
821 576 51 21 nyss
880 570 84 21 anförts

207 606 136 23 beträffande
364 607 37 22 det
421 607 46 22 inre
486 607 149 27 varuutbytet,
651 607 33 21 för
698 607 119 27 jernvägen
833 613 77 20 genom
926 606 37 27 Jy-

211 642 91 27 väskylä
317 649 26 15 en
359 643 97 26 riktning
472 643 7 21 i
495 644 60 20 öster
570 643 40 21 och
626 644 80 20 vester.

283 678 132 27 Visserligen
431 678 116 22 förefinnes
564 679 37 21 det
617 677 165 27 önskningsmål
798 679 33 20 att
847 679 58 20 sätta
918 677 45 21 lan-

211 714 48 21 dets
276 714 58 22 olika
350 714 60 22 delar
426 714 7 21 i
449 716 25 20 så
489 715 41 21 lätt
546 714 132 22 förbindelse
695 720 46 16 som
758 713 86 28 möjligt
858 713 49 21 med
916 712 48 21 huf-

210 750 122 22 vudstaden
349 750 39 21 och
405 751 49 21 med
470 752 41 20 den
527 750 183 21 härtillsvarande
727 750 56 21 enda
798 749 166 21 vinterhamnen

210 785 85 27 Hangö.
327 786 100 21 Trafiken
443 786 7 21 i
467 786 71 21 denna
554 786 98 26 riktning
667 786 100 20 kommer
783 785 62 27 dock,
861 786 71 20 såsom
942 784 24 21 af

211 821 26 22 de
262 821 63 22 ofvan
347 828 26 15 ur
391 822 233 21 komitébetänkandet
640 822 92 21 anförda
747 821 102 22 siffrorna
864 820 100 27 framgår,

210 859 33 19 att
259 858 28 25 på
303 860 31 19 ett
349 857 203 22 tillfredsställande
568 859 45 20 sätt
629 858 127 27 tillgodoses
773 857 63 21 äfven
852 856 24 22 af
889 863 27 14 en
928 857 35 26 Jy-

209 893 174 26 väskylä-Keuru
399 893 59 26 linie,
475 893 6 21 i
499 894 37 21 det
552 895 33 19 att
601 893 111 22 afståndet
724 893 90 21 söderut
822 892 59 22 öfver
889 892 76 21 Keuru

209 927 73 23 blefve
298 929 77 21 endast
394 929 119 27 obetydligt
529 929 75 26 längre
621 931 27 18 än
665 929 59 21 öfver
740 929 72 26 någon
828 934 71 15 annan
915 927 50 27 syd-

209 963 70 27 ligare
302 965 69 26 punkt
394 965 37 20 vid
446 964 65 21 Wasa
527 964 79 21 banan.
638 964 43 21 Det
697 966 25 19 är
738 964 73 21 derför
826 963 139 26 obestridligt

210 1001 34 19 att
269 1000 41 21 den
329 1000 162 27 genomgående
512 999 65 22 trafik
594 1006 46 15 som
656 999 24 22 af
694 1006 27 14 en
738 998 226 27 sammanbindnings-

209 1034 58 22 bana
283 1041 76 21 genom
376 1035 116 27 Jyväskylä
508 1035 56 21 skall
580 1035 106 28 betjenas,
703 1035 49 21 bäst
768 1035 128 26 tillgodoses
907 1034 24 21 af
937 1040 27 15 en

207 1070 92 27 jernväg
315 1071 82 27 dragen
413 1071 35 21 till
462 1071 82 21 Keuru.

282 1107 63 20 Valet
361 1107 24 21 af
398 1108 70 25 någon
484 1113 72 14 annan
572 1107 53 21 linie
641 1107 91 21 framför
748 1106 72 21 denna
834 1106 73 21 kunde
916 1106 48 21 der-

209 1141 34 21 för
267 1142 99 27 betingas
388 1143 77 20 endast
485 1143 25 20 af
528 1142 73 21 lokala
617 1142 152 21 förhållanden
786 1141 54 22 eller
855 1141 62 21 deraf
931 1142 34 20 att

208 1177 73 26 någon
298 1184 71 15 annan
385 1178 127 26 sträckning
527 1178 71 21 skulle
614 1178 66 21 ställa
691 1177 33 27 sig
737 1177 109 26 ansenligt
856 1176 108 27 billigare.

208 1213 103 27 Filppula
333 1213 80 22 liniens
437 1214 152 27 förespråkare
612 1214 66 21 hafva
701 1213 121 22 framhållit
847 1214 33 19 att
904 1213 61 21 detta

208 1248 75 22 kunde
305 1249 66 21 blifva
387 1249 62 21 fallet
464 1251 49 20 med
529 1249 71 21 denna
616 1249 59 22 linie.
707 1249 62 21 Hvad
786 1249 26 20 de
828 1248 73 21 lokala
916 1248 49 21 eko-

208 1284 102 21 nomiska
333 1284 165 23 förhållandena
518 1285 137 21 vidkommer
677 1286 78 25 måste,
775 1285 71 20 såsom
865 1283 100 22 komitén

208 1319 64 22 äfven
293 1321 58 26 gjort
367 1321 44 26 det,
427 1321 128 26 visserligen
572 1321 108 20 erkännas
697 1321 34 20 att
747 1319 102 27 odlingen
865 1319 41 22 och
922 1319 43 21 den

208 1354 133 22 industriela
361 1356 166 21 verksamheten
549 1355 39 22 bär
604 1358 24 19 är
644 1361 61 17 mera
720 1355 148 21 framstående
885 1357 27 19 än
928 1353 36 22 vid

208 1390 77 22 Keuru
300 1391 74 21 linien.
405 1392 44 21 Det
464 1392 105 26 förtjenar
584 1392 56 21 dock
656 1392 151 26 ihågkommas
823 1392 33 20 att
866 1391 27 21 de
901 1390 63 21 kom-

208 1432 84 21 muner,
309 1426 7 22 i
331 1426 74 22 hvilka
424 1428 61 20 detta
500 1427 136 21 förbållande
653 1433 51 21 eger
719 1432 55 21 rum,
790 1426 117 27 Korpilaks
924 1426 40 21 och

281 1467 177 23 Jernvägsutskottets
471 1468 107 18 betänkande
592 1468 35 18 N:o
639 1469 15 16 1.
