1067 1675
64 397 26 13 Br.
101 397 39 13 kom.
149 396 32 14 bet.

106 414 6 17 $
122 414 22 14 39.

66 628 26 26 Br.
103 632 38 31 ko
151 632 32 13 bet.

105 649 8 17 $
122 650 21 13 41.

58 666 61 14 Maltdr.
129 667 10 12 f.
151 666 7 17 $
168 667 22 12 21.

68 775 26 14 Br.
105 775 41 14 kom.
156 775 33 14 bet.

128 792 16 14 42.

111 793 6 16 3
145 803 3 2 42.

66 810 62 13 Maltdr.
137 810 11 13 f.
158 809 7 17 $
176 810 21 13 11.

71 940 26 14 Br.
106 940 41 14 kom.
158 940 32 14 bet.

113 958 6 16 s
129 958 22 13 47.

72 1193 26 13 Br.
107 1193 41 13 kom.
159 1192 32 14 bet.

113 1209 39 17 348.

235 130 25 19 16
426 128 253 22 Motionsbetänkande
695 127 41 23 N:o
751 128 22 22 6.

204 196 100 23 sjuttiofem
327 197 28 18 till
375 197 33 18 och
423 198 41 17 med
480 197 163 19 etthundrafemtio
658 198 57 22 mark,
730 197 58 18 andra
802 202 53 13 resan
871 196 40 18 från
927 199 35 15 ott-

204 225 135 19 hundrafemtio
358 226 29 18 till
402 226 33 18 och
451 226 41 18 med
508 226 100 18 trehundra
623 227 50 17 mark
689 226 33 18 och
738 226 31 18 vid
784 226 106 23 upprepade
905 226 58 17 öfver-

205 254 90 18 trädelser
313 254 40 18 från
368 255 99 18 trehundra
483 255 29 18 till
527 255 104 18 sexhondra
646 255 56 18 mark.
732 255 92 23 Derjemte
839 254 47 18 skall
901 254 62 23 hvarje

205 283 49 23 gäng
269 283 24 18 all
309 284 5 17 i
329 284 190 23 försäljoingslokalen
534 284 84 23 befintlig
633 290 43 12 oren
692 289 44 12 vara
751 284 62 18 dömas
829 283 101 18 förbruten.

554 352 10 23 $
580 351 34 20 28.

275 399 96 23 Begagnar
393 399 60 23 någon
474 401 50 17 emot
542 400 110 22 stadgandet
667 400 5 17 i
688 399 9 22 $
715 398 26 19 14
757 398 148 23 utminuterings-
921 398 44 18 eller

206 427 191 23 utskänkningslokal,
411 428 57 18 innan
484 428 105 18 densamma
604 428 62 18 blifvit
680 428 6 18 i
701 428 33 18 der
747 428 84 18 bestämd
846 427 79 23 ordning
935 427 31 17 be-

206 456 80 22 sigtigad
308 456 34 18 och
365 457 91 23 godkänd,
478 457 45 17 eller
540 457 108 18 försummar
664 457 59 23 nägon
738 456 139 18 föreskrifterna
891 456 6 18 i
913 456 9 22 $
940 454 24 20 12

206 491 56 12 mom.
280 484 8 18 1
307 488 28 15 att
350 486 41 17 med
406 486 49 22 skylt
469 486 84 18 utmärka
568 486 143 17 minnthandels-
726 486 34 18 och
776 484 188 24 utskänkningslokal,

207 514 45 17 eller
267 514 109 18 äsidosättes
391 515 110 23 stadgandet
516 515 5 17 i
537 520 54 12 mom.
608 513 12 19 2
631 514 20 18 af
659 520 67 12 samma
737 514 15 22 $,
764 514 57 24 plikte
831 514 66 23 fyratio
907 514 58 17 mark.

556 584 10 21 $
582 582 34 21 29.

278 626 135 21 Öfverträdelse
435 630 20 17 af
475 630 125 23 stadgandena
622 630 5 17 i
648 629 9 22 $
675 629 24 19 15
716 629 71 18 straffes
803 629 41 18 med
859 629 53 18 böter
927 629 39 17 från

209 658 33 17 och
258 658 42 18 med
315 658 66 23 fyratio
396 659 28 17 till
440 659 33 18 och
488 659 42 18 med
544 659 66 18 ättatio
626 659 57 17 mark.

560 728 9 21 8
586 727 33 20 30.

280 773 116 18 Försummar
411 774 59 23 någon
486 776 28 15 att
529 774 73 23 erlägga
617 774 58 24 afgift,
691 774 74 17 hvarom
781 773 21 22 $$
819 771 11 20 6
846 773 33 17 och
898 771 24 19 10
933 772 35 17 för-

210 801 55 22 mäla,
288 807 43 12 vare
353 802 76 23 afgifton
449 804 65 21 genast
529 805 73 16 utmätt.
634 803 35 17 Vid
686 803 57 17 sädan
757 801 142 18 underlåtenhet
913 801 56 18 andra

210 831 73 21 gängen
305 836 43 12 vare
371 831 246 23 utskänkningsrättigheten
639 831 97 18 förverkad
757 831 33 17 och
809 830 80 18 rörelsen
905 831 64 21 genast

210 858 83 19 inställd.

560 899 9 22 $
586 898 34 19 31.

282 945 101 18 Husbonde
400 952 87 11 ansvarar
502 946 28 18 för
544 946 114 23 förbrytelse,
674 952 38 12 som
728 946 41 17 med
785 945 46 17 hans
845 944 77 23 vetskap
937 944 34 18 och

211 973 44 23 vilja
270 976 39 16 mot
323 974 62 18 denna
399 974 107 23 förordning
520 975 56 22 begås
592 975 20 17 af
624 975 45 17 hans
685 974 70 22 hustru,
770 974 73 17 husfolk
853 973 46 18 eller
910 974 5 16 i
926 973 46 17 hans

211 1003 65 17 arbete
296 1004 80 21 antagen
391 1008 72 18 person,
478 1003 77 18 likasom
571 1009 43 12 vore
629 1004 122 22 förbrytelsen
766 1002 53 23 gjord
835 1002 20 17 af
865 1002 108 18 husbonden

211 1030 48 23 sjelf.
289 1031 68 18 Pröfve
375 1032 47 18 dock
437 1032 87 18 domaren
540 1038 29 12 om
584 1032 42 21 den,
642 1032 20 17 af
673 1032 76 18 hvilken
764 1031 122 23 förbrytelsen
902 1030 71 18 ntöfva-

211 1060 39 20 des,
266 1060 71 18 kunnat
352 1060 34 18 och
401 1061 56 18 bordt
470 1062 56 21 vägra
541 1063 28 15 att
584 1060 118 18 husbondens
717 1060 44 23 vilja
775 1060 125 21 efterkomma,
911 1060 6 16 i
927 1060 46 16 hvil-

212 1088 33 17 ket
260 1088 32 18 fall
307 1089 54 17 äfven
377 1089 41 22 den,
435 1095 39 12 som
490 1090 76 17 sålunda
580 1090 46 17 felat
640 1090 33 17 bör
688 1089 42 18 med
745 1088 54 18 straff
811 1088 92 23 beläggas.

565 1152 9 22 s
591 1151 34 20 32.

283 1197 38 18 Gör
343 1198 29 23 sig
394 1199 60 22 någon
477 1199 72 23 skyldig
570 1199 30 17 till
618 1199 44 17 flera
676 1198 120 23 förbrytelser
811 1199 39 16 mot
865 1197 60 18 denna
940 1197 35 17 för-

213 1226 86 23 ordning,
319 1227 51 18 skola
390 1227 23 18 de
428 1227 29 18 för
471 1227 63 23 hvarje
549 1227 49 18 olika
612 1227 107 24 förbrytelse
735 1228 71 17 utsatta
821 1226 53 18 straff
887 1231 89 12 samman-

213 1255 71 23 läggas.
315 1255 105 18 Fortsätter
443 1257 39 16 åter
505 1256 59 23 någon
587 1256 58 18 under
666 1257 34 21 tid,
719 1256 24 18 då
763 1255 35 18 han
814 1257 21 16 är
848 1255 56 18 ställd
919 1254 57 18 under

213 1283 57 18 tilltal
290 1284 29 17 för
337 1284 109 23 förbrytelse
461 1287 50 16 emot
525 1285 59 18 denna
600 1285 113 22 förordning,
729 1290 70 12 samma
813 1284 114 23 förbrytelse,
943 1283 33 18 och

213 1313 38 16 blir
272 1312 63 18 härtill
358 1319 80 16 vunnen,
461 1314 46 17 skall
526 1314 70 17 straffet
613 1314 62 17 derför
689 1313 146 22 sammanläggas
850 1313 41 17 med
907 1312 70 18 straffet

214 1341 29 17 för
258 1341 37 18 den
310 1341 47 18 först
372 1342 74 23 angifna
461 1343 131 22 förbrytelsen;
608 1343 46 17 dock
669 1343 30 17 må
713 1342 53 18 tiden
781 1341 29 18 för
819 1341 158 23 fängelsestraffet,

215 1370 33 17 der
271 1370 68 18 sådant
361 1371 80 21 ådömes,
461 1371 16 23 ej
494 1371 98 23 öfverstiga
607 1373 28 16 ett
650 1371 26 18 år.
706 1371 10 18 I
731 1371 62 23 dylika
809 1370 36 18 mål
860 1370 30 17 må
905 1369 15 23 ej
936 1369 42 18 med

215 1398 71 23 utslags
308 1399 118 18 afkunnande
450 1400 50 17 öfver
522 1400 56 17 redan
597 1400 66 17 utredd
681 1399 110 24 förbrytelse
805 1399 113 23 uppehållas,
933 1400 44 15 utan

286 1442 189 19 Ekonomiutskottets
488 1443 119 18 betänkande
619 1443 35 18 N:o
666 1443 16 18 5.
