1067 1673
200 111 81 23 Ständ.
297 111 52 23 Pet.
365 125 29 2 —-
409 111 170 23 Petitionsbet.
595 111 44 23 N:o
655 112 36 22 27.
778 115 12 19 5

78 172 74 23 derför
175 171 108 28 förslaget
306 178 53 15 vara
380 171 24 22 af
417 171 42 22 den
475 171 139 28 betydenhet,
631 174 32 19 att
678 172 145 27 uppkomsten

78 207 25 22 af
116 207 74 22 skolor
205 207 49 22 med
269 207 144 28 ofvanantydt
427 213 103 21 program
540 207 67 22 borde
618 207 117 22 förmedels
746 207 78 28 bidrag

79 250 27 15 ur
121 243 109 22 allmänna
245 243 71 22 medel
332 243 143 22 underlättas.

150 278 108 28 Slutligen
274 278 66 23 hafva
355 279 58 21 inom
427 279 108 27 Borgare-
551 279 40 21 och
606 279 169 22 Bondeständen
791 280 31 21 in-

79 315 92 21 lemnats
195 314 110 22 särskilda
323 314 191 28 petitionsförslag
529 321 33 16 om
581 315 119 22 anvisande
716 315 24 22 af
753 315 70 22 medel

79 350 35 23 för
128 350 191 28 grundläggandet
334 350 40 22 och
389 350 184 22 underhällandet
589 350 24 22 af
626 350 171 28 folkhögskolor.

149 385 180 28 Folkhögskolan
345 387 25 20 är
385 386 43 21 den
443 386 80 27 högsta
537 385 25 22 af
573 386 27 22 de
610 386 156 28 institutioner,
778 393 45 15 som

79 422 66 23 hafva
164 422 35 21 till
214 421 87 28 uppgift
317 423 32 20 att
365 421 69 23 verka
449 421 35 22 för
500 422 42 21 den
557 422 112 27 egentliga
684 422 139 22 folkbildnin-

80 465 48 21 gen.
159 458 49 22 Den
228 460 26 19 är
268 458 49 21 icke
333 464 27 16 en
377 458 62 21 skola
454 458 8 21 i
478 458 75 27 vanlig
567 458 145 28 bemärkelse,
728 458 7 21 i
752 460 23 26 ty
791 460 33 20 att

80 494 50 22 dess
146 494 98 22 alumner
260 495 89 26 utgöras
365 493 50 22 icke
431 493 24 22 af
468 494 55 21 barn
539 495 52 20 utan
607 493 24 22 af
644 493 115 23 fullvuxna
773 496 50 20 män

80 530 38 21 och
134 530 98 27 gvinnor,
249 529 76 22 hvilka
340 529 50 22 med
405 529 130 22 varierande
550 529 163 28 förkunskaper
723 530 39 21 och
773 529 50 23 frän

80 565 122 22 olikartade
218 565 256 22 verksamhetsomräden
490 565 24 22 af
527 571 56 22 egen
599 565 43 28 häg
651 565 82 22 infinna
744 566 34 27 sig
788 565 36 22 till

80 603 64 20 dessa
161 601 226 28 bildningsanstalter,
405 601 18 28 ej
439 601 58 22 blott
511 600 35 23 för
561 603 34 20 att
609 601 99 22 förkofra
723 602 48 21 sina
785 608 37 21 po-

80 637 66 23 sitiva
164 637 127 27 kunskaper
306 637 59 22 inom
380 639 33 20 ett
428 637 56 22 eller
499 639 67 20 annat
581 637 93 28 omräde,
689 639 52 20 utan
757 637 65 23 äfven

80 673 34 22 för
130 675 32 20 att
178 673 84 24 erhålla
276 673 116 22 väckelser
408 673 34 22 för
457 673 65 22 lifvet
537 673 40 22 och
592 679 27 16 en
635 673 80 28 vidgad
725 673 59 22 blick
795 674 28 27 pä

80 709 158 22 företeelserna
253 709 8 21 i
277 709 37 22 det
329 709 176 27 medborgerliga
520 708 121 23 samhället.

151 744 96 28 Säregen
272 744 33 22 för
329 745 42 22 den
395 744 172 23 skandinaviska
585 744 89 28 norden,
691 745 61 23 leder
767 745 55 22 folk-

80 780 188 28 högskoletanken
292 780 39 22 sitt
346 786 111 22 ursprung
473 780 50 22 från
538 780 118 28 Danmark,
673 781 34 22 för
722 781 101 27 omkring

80 818 32 21 ett
134 816 56 23 halft
214 816 62 23 sekel
298 816 99 29 tillbaka,
420 816 40 22 och
483 817 40 21 har
546 816 98 23 derifrän
663 816 110 29 öfvergätt
788 817 35 22 till

80 853 73 27 Norge
168 853 40 22 och
224 852 97 28 Sverige.
352 853 51 22 Med
418 853 133 22 fränseende
566 852 25 22 af
604 853 111 22 särskilda
729 853 93 23 afvikel-

80 894 37 16 ser
139 888 103 22 omfattar
264 888 180 28 folkhögskolans
468 889 223 27 undervisningsplan
709 889 8 21 i
731 889 92 22 främsta

80 926 92 20 rummet
187 923 190 23 fäderneslandets
393 924 94 22 historia
502 924 39 22 och
557 924 102 28 geografi,
670 925 153 22 modersmälet

80 960 40 21 och
142 960 50 22 dess
215 960 108 27 literatur,
343 960 90 22 dernäst
448 960 167 27 naturkunskap
631 962 56 20 samt
702 962 65 21 stats-
783 961 40 22 och

80 995 264 28 kommunalförfattning;
369 996 65 22 äfven
457 995 134 23 förekomma
609 996 39 22 der
663 996 114 28 åtskilliga
791 996 32 21 öf-

80 1031 144 28 ningsämnen
244 1032 71 21 säsom
334 1032 102 28 räkning,
455 1031 124 29 bokföring,
595 1031 116 28 kalligrafi,
727 1031 96 23 fältmät-

80 1067 59 28 ning,
155 1067 85 28 ritning
255 1068 39 21 och
310 1068 56 27 säng
381 1070 56 19 samt
453 1068 8 21 i
477 1068 26 22 de
519 1068 98 27 gvinliga
631 1067 192 28 folkhögskolorna

80 1103 154 22 handarbeten.
265 1103 193 28 Undervisningen
481 1105 26 20 är
527 1103 110 22 anordnad
653 1103 8 22 i
675 1104 86 27 kurser,
777 1109 45 16 som

80 1139 103 27 vanligen
199 1139 73 28 fortgä
288 1141 33 20 ett
335 1139 153 28 vinterhalfär,
505 1139 40 22 och
560 1139 110 22 meddelas
685 1139 7 21 i
707 1139 62 28 regel
784 1145 38 15 un-

80 1175 40 21 der
134 1174 84 23 formen
233 1175 25 22 af
271 1175 43 22 fria
329 1175 108 28 föredrag.
469 1175 56 22 Dei
541 1175 141 22 förenämnda
697 1175 78 22 länder
790 1175 32 22 in-

80 1210 86 22 rättade
182 1210 195 28 folkhögskolorna
393 1213 37 20 äro
446 1211 87 27 privata
548 1211 113 27 anstalter,
678 1217 46 15 som
738 1211 85 27 ätnjuta

82 1246 185 22 statssubvention
289 1246 70 28 enligt
374 1247 59 21 olika
448 1247 97 27 grunder
561 1247 39 21 och
615 1247 35 21 till
665 1247 59 21 olika
738 1247 84 26 belopp.

151 1282 11 21 I
185 1281 95 22 Finland
303 1282 98 22 befinner
425 1282 34 27 sig
474 1281 232 29 folkhögskolefrägan
722 1284 57 19 ännu
794 1282 29 26 pä

81 1317 39 22 sitt
143 1317 70 22 första
236 1317 98 22 stadium.
365 1318 34 21 De
422 1318 38 22 tvä
475 1318 202 28 läroinrättningar,
694 1324 45 15 som
753 1317 70 22 under

81 1359 64 17 namn
168 1353 25 22 af
213 1352 154 29 folkhögskola
389 1359 27 17 en
435 1353 90 23 kortare
540 1353 32 23 tid
587 1354 58 22 varit
660 1354 8 21 i
683 1353 140 23 verksamhet

82 1401 27 4 —
132 1389 109 27 nemligen
264 1389 169 27 folkhögskolan
456 1390 8 22 i
487 1389 130 29 Kangasala,
633 1389 96 23 inrättad
745 1388 78 23 endast
