1061 1659
303 126 243 22 Petitionsbetänkande
563 126 36 22 N:o
614 126 18 22 7.
795 128 25 20 15

90 196 7 17 i
115 195 50 23 följd
181 195 21 17 af
212 195 151 23 folkmängdens
375 195 80 18 tillväxt
468 195 37 18 blir
517 195 64 23 nödig,
595 195 34 18 bör
641 196 113 17 densamma
766 196 83 17 inrättas

90 224 54 18 inom
163 225 29 17 tre
211 224 20 17 år
249 223 50 19 efter
317 224 33 18 det
365 224 141 23 folkmängden
519 224 62 23 enligt
593 224 160 23 kyrkoböckerna
766 224 84 24 uppnått

92 252 149 23 ifrågavarande
254 252 75 24 belopp.

161 287 16 17 9.
200 287 101 17 Kommun
313 287 39 17 kan
365 287 44 17 med
422 287 122 18 anställande
556 286 22 18 af
584 287 113 17 biträdande
706 288 62 17 lärare
776 287 33 17 vid
819 287 30 17 be-

91 315 66 23 fintlig
174 316 56 17 skola
248 315 90 24 uppfylla
356 315 149 18 föreskrifterna
518 316 29 17 uti
565 316 4 16 2
582 316 35 17 och
635 316 5 16 3
653 317 119 21 momenten,
785 316 17 16 dä

93 345 21 17 så
126 344 80 24 pröfvas
219 344 169 24 ändamålsenligt.

820 320 29 13 est

162 380 27 16 10.
212 379 97 23 Lindring
327 379 47 18 eller
388 378 89 24 eftergift
489 380 45 17 med
546 379 77 23 hänsyn
636 379 31 17 till
680 379 56 18 dessa
748 378 100 19 föreskrit-

92 409 30 16 ter
140 408 67 17 kunna
225 408 22 18 af
262 408 76 18 landets
356 408 83 23 styrelse
457 408 8 18 i
481 408 87 18 enskilda
580 408 35 18 fall
628 408 35 18 och
675 408 25 23 pä
712 408 81 18 anförda
806 408 41 18 skäl

93 436 86 24 beviljas.

162 471 45 18 Med
219 471 120 18 hänvisande
352 472 30 17 till
394 472 39 17 alla
446 472 35 17 här
492 471 82 19 anförda
586 472 166 22 omständigheter
767 472 49 23 väga
829 472 20 17 vi

94 500 78 23 utbedja
189 506 33 12 oss
240 500 119 24 högvördiga
375 500 157 18 Presteständets
545 500 107 18 understöd
664 500 31 18 för
707 502 27 16 ett
747 501 101 23 petitions-

94 529 82 23 förslag:

368 587 30 18 det
410 587 68 18 täcktes
490 588 54 17 Hans
555 587 101 23 Kejserliga
666 588 89 22 Majestät
764 588 28 17 till
800 588 49 17 näst-

299 616 174 18 sammanträdande
493 616 77 18 Ständer
582 616 109 23 öfverlemna
702 616 56 24 nådig
767 616 83 23 proposi-

300 645 39 17 tion
351 650 28 12 om
396 645 191 18 landskommunernas
604 645 8 17 i
628 645 43 17 vårt
682 645 42 17 land
736 645 114 23 skyldigkän-

299 675 59 16 nande
374 674 29 17 att
414 674 8 17 i
434 674 128 23 hufvudsaklig
578 674 180 22 öfverensstämmelse
770 674 39 18 med
822 674 28 22 of-

299 708 35 12 van
345 702 118 22 framställda
474 702 80 24 grunder
566 703 71 17 inrätta
649 702 53 24 högre
713 702 102 23 folkskolor.

164 754 124 24 Helsingfors
301 754 38 18 den
351 756 9 16 7
376 755 91 18 Februari
481 756 49 17 1891,

164 818 21 23 J.
201 818 26 22 R.
241 819 123 22 Danielson.
615 819 20 21 E.
651 819 23 22 G.
690 818 92 22 Palmen.

166 1000 25 23 11.

164 1060 173 28 (Öfversättning.)

284 1123 44 21 Till
343 1123 134 22 hedervärda
493 1123 169 22 Bondeständet.

165 1186 172 23 Folkbildningens
356 1186 34 17 sak
407 1186 34 18 har
453 1186 147 23 otvifvelaktigt
611 1186 51 24 gjort
675 1188 53 16 stora
740 1186 94 22 framsteg
846 1186 6 16 i

96 1214 43 18 värt
158 1214 46 18 land
222 1214 61 18 under
299 1215 68 23 loppet
385 1214 23 18 af
423 1214 24 18 de
459 1216 30 16 tre
501 1214 107 24 ärtionden,
621 1215 60 17 sedan
693 1215 34 17 vär
740 1214 112 18 nuvarande

95 1242 212 19 folkskoleinstitution
325 1245 33 21 egt
376 1244 87 17 bestånd.
488 1244 25 18 Vi
530 1243 60 19 hafva
607 1244 59 18 redan
685 1244 71 18 hunnit
774 1244 78 21 derhän,

96 1274 29 15 att
137 1272 7 17 i
156 1272 43 17 värt
212 1272 45 17 land
269 1272 64 18 finnas
346 1272 82 23 ungefär
441 1274 58 16 tusen
512 1273 59 23 högre
583 1272 112 24 folkskolor,
704 1273 35 17 och
748 1272 44 18 med
800 1272 52 18 tack-

96 1300 77 18 samhet
190 1301 33 17 mä
239 1302 115 16 omnämnas
372 1301 36 18 allt
420 1296 34 22 det
465 1301 51 23 goda
527 1301 23 18 de
563 1301 58 18 hafva
633 1301 143 18 åstadkommit.
799 1301 54 17 Hvar

96 1329 36 17 och
144 1334 30 17 en,
187 1335 43 12 som
241 1331 22 15 är
267 1324 9 35 i
293 1328 79 19 tillfälle
384 1331 29 16 att
425 1330 86 18 anställa
520 1330 113 24 jämförelse
645 1330 72 18 mellan
729 1330 25 18 de
766 1332 46 15 män
830 1336 23 10 ur

96 1356 72 19 folkets
186 1358 57 22 leder,
263 1363 42 13 som
324 1358 81 23 åtnjutit
424 1358 143 24 undervisning
584 1359 7 17 i
608 1358 102 23 folkskola,
727 1359 36 17 och
775 1358 77 18 sådana,

97 1391 42 12 som
158 1391 46 13 voro
223 1386 7 18 i
244 1386 110 18 skolåldern
367 1387 25 23 på
404 1387 39 17 den
455 1387 30 17 tid
497 1388 57 17 dessa
565 1387 226 24 välsignelsebringande
804 1387 49 17 läro-

96 1414 95 18 anstalter
209 1415 17 23 ej
245 1416 52 16 ännu
317 1415 63 23 börjat
398 1416 32 17 sin
443 1416 129 23 verksamhet,
585 1416 62 18 måste
660 1416 90 22 erkänna,
764 1416 36 18 den
814 1416 39 17 till-

96 1443 75 23 ökning
189 1444 7 16 i
208 1444 67 23 andlig
287 1444 35 18 och
335 1444 97 18 materiell
445 1444 58 24 kraft,
516 1450 42 12 som
570 1450 70 18 genom
653 1444 56 18 dessa
721 1444 66 18 skolor
800 1445 53 17 kom-

166 1478 97 18 Allmänna
276 1478 175 18 Besvärsutskottets
463 1479 109 18 betänkande
584 1479 34 18 N:o
630 1480 30 16 20.
