1056 1678
288 132 25 19 10

250 195 160 27 landtdagarne
434 194 49 22 före
506 195 25 21 år
556 196 56 20 1885
634 194 92 28 beviljat
742 200 27 16 en
785 200 84 16 summa
884 193 25 22 af
923 195 79 26 30,000

251 230 64 22 mark
336 232 32 20 att
389 230 113 22 användas
518 230 70 22 under
604 230 68 27 sagda
686 230 77 26 period
778 230 41 21 och
834 230 75 21 tillika
923 229 79 23 under-

251 266 90 27 dånigst
354 266 100 28 anhållit,
469 268 33 20 att
512 266 63 22 Hans
585 266 126 27 Kejserliga
720 265 105 28 Majestät
835 266 54 21 ville
899 264 104 23 förordna

251 307 35 15 om
303 301 141 22 utbetalande
455 300 25 22 af
488 301 136 22 sistnämnda
635 301 169 27 anslagsbelopp
815 300 35 22 till
861 301 60 21 Våra
931 300 72 22 Bank-

250 336 148 28 fullmäktige,
422 337 24 21 åt
469 337 77 22 hvilka
566 337 29 21 Vi
610 336 119 27 uppdragit
744 338 34 19 att
792 336 101 21 meddela
909 336 27 21 de
952 338 50 19 när-

251 378 61 15 mare
334 372 196 27 bestämningarna
553 371 137 23 beträffande
713 372 123 27 ordningen
851 371 36 22 för
902 371 100 22 handlin-

248 413 83 21 garnas
347 408 120 27 tryckning
482 408 39 21 och
538 407 71 28 öfriga
624 407 94 28 detaljer
734 407 25 22 af
767 407 99 22 arbetets
877 407 124 22 utförande.

595 474 27 20 25
640 472 18 29 &.

322 514 12 21 I
354 514 120 27 anledning
488 513 26 22 af
528 514 42 22 Oss
586 514 100 28 förelagd
701 514 67 27 nådig
784 514 135 27 proposition
935 515 65 26 angå-

250 549 57 22 ende
322 550 209 22 bränvinsskattens
547 550 142 27 användning
705 550 70 21 under
790 550 55 21 åren
863 551 63 25 1892,
945 551 55 20 1893

250 585 41 22 och
317 587 56 20 1894
395 585 68 23 hafva
478 586 27 21 Vi
521 585 67 22 fattat
603 586 38 22 det
655 586 80 27 beslut,
752 591 47 16 som
814 585 139 22 omförmäles
969 586 33 21 uti

250 621 48 21 Vår
312 621 36 22 till
364 621 61 22 Hans
441 621 126 27 Kejserliga
582 621 104 28 Majestät
700 621 72 22 under
784 621 73 22 denne
867 621 43 27 dag
920 620 81 22 aflåtna

250 657 152 27 underdåniga
417 657 125 22 skrifvelse.

593 723 27 20 26
638 721 18 29 8.

320 762 71 22 Sedan
413 763 28 21 Vi
457 763 25 21 af
494 763 62 22 Hans
572 763 126 27 Kejserliga
712 762 105 27 Majestät
833 761 43 22 fått
891 763 109 26 emottaga

250 799 68 26 nådig
340 798 136 27 proposition
498 799 114 26 angående
636 799 27 21 de
686 798 38 22 vid
747 798 134 27 landtdagen
901 798 25 21 år
944 799 55 20 1891

249 834 85 21 äskade
357 834 78 27 anslag
458 834 39 21 och
518 836 123 25 utvägarna
655 834 36 21 till
707 834 65 22 deras
787 834 142 21 bestridande
945 836 56 19 samt

250 869 58 22 Vårt
323 869 147 22 Statsutskott
485 870 29 26 pä
530 869 71 28 grund
617 869 25 22 af
656 871 27 20 36
700 869 12 29 &
729 870 7 21 i
750 869 251 27 Landtdagsordningen

249 905 37 21 till
309 904 42 23 Oss
373 904 90 28 afgifvit
485 905 139 22 betänkande
640 905 7 21 i
663 905 120 27 anledning
799 904 25 22 af
838 905 68 27 sagda
921 905 80 27 nädiga

249 940 143 28 proposition,
416 940 66 23 hafva
505 941 35 27 Vi,
562 941 29 26 pä
614 942 46 21 sätt
682 941 41 21 vär
744 941 71 21 denne
831 941 43 26 dag
888 941 35 21 till
939 941 62 21 Hans

248 975 106 28 Majestät
377 975 81 22 aflätna
480 976 152 27 underdäniga
652 976 120 22 skrifvelse
787 977 7 20 i
811 977 74 20 ämnet
899 978 102 19 närmare

249 1011 93 27 utvisar,
351 1010 35 22 för
401 1010 163 22 folkskolornas
580 1011 8 21 i
603 1011 75 22 landet
694 1011 124 27 underhåll,
835 1010 34 22 för
880 1011 71 21 finska
961 1011 40 21 mi-

249 1046 89 27 litären,
354 1046 35 21 för
404 1046 142 22 bestridande
562 1046 26 22 af
600 1046 240 28 landtdagskostnader
853 1046 26 22 år
892 1048 62 26 1894,
967 1046 34 22 för

248 1082 122 26 tryckning
384 1082 25 21 af
423 1082 131 27 handlingar
570 1082 114 22 tillkomna
698 1082 38 22 vid
746 1082 161 27 landtdagarne
917 1082 48 22 före
975 1082 26 21 år

251 1119 64 25 1885,
339 1117 36 22 för
398 1118 276 27 kompletteringsarbeten
689 1118 14 21 å
718 1118 163 27 ständerhuset,
897 1117 35 23 för
947 1118 54 21 fort-

249 1153 193 27 sättningskurser
465 1154 38 21 vid
525 1153 157 27 folkskolorna,
707 1153 35 22 för
766 1153 112 22 särskilda
897 1154 104 21 kurser
987 1149 17 36 i

248 1188 105 26 praktisk
367 1189 101 27 riktning
482 1188 36 22 för
532 1189 95 27 ungdom
642 1189 68 21 bland
725 1188 220 28 landtbefolkningen
961 1189 40 21 och

248 1223 36 22 för
307 1224 173 28 folkhögskolor,
502 1224 35 22 för
560 1225 125 21 annuiteter
700 1225 14 21 å
726 1224 153 28 jernvägslån,
895 1224 35 22 för
946 1224 54 22 slut-

248 1258 93 23 förande
362 1259 25 21 af
402 1260 111 21 Karelska
528 1260 71 21 banan
612 1260 68 27 jemte
696 1260 99 28 bibanor,
812 1259 35 22 för
864 1259 137 22 slutförande

247 1294 28 22 af
294 1294 180 28 Björneborgska
496 1296 78 27 banan,
596 1295 35 22 för
643 1295 136 27 jernvägens
795 1295 156 27 utsträckning
965 1295 36 21 till

248 1330 142 27 Helsingfors
407 1331 66 21 södra
488 1331 64 21 hamn
568 1332 40 20 och
622 1331 135 27 Skatudden,
768 1330 37 22 för
813 1330 187 27 jernvägsunder-

247 1365 123 27 sökningar
393 1368 58 19 samt
473 1366 35 21 för
530 1366 235 27 Jyväskylä--Keuru
787 1366 84 21 banans
887 1366 114 22 definitiva

247 1400 132 27 uppgående
402 1402 41 21 och
465 1401 160 23 förberedande
644 1402 92 21 arbeten
752 1402 14 21 å
781 1401 110 22 desamma
907 1402 92 26 anvisat,
