1064 1656
294 127 245 23 Petitionsbetänkande
553 128 37 22 N:o
606 126 18 23 3.
808 129 12 20 7

88 198 33 20 att
143 196 86 22 landets
251 196 119 28 höglofliga
392 197 94 21 Ständer
501 198 67 20 måtte
584 197 51 27 ingå
650 196 33 22 till
696 196 60 22 Hans
764 196 85 28 Kejser-

88 231 44 27 liga
148 231 101 27 Majestät
265 232 49 20 med
329 238 27 14 en
372 231 136 27 underdånig
522 231 93 27 petition
631 231 7 21 i
647 231 62 27 syfte,

295 266 35 21 att
346 265 128 29 regeringen
492 265 56 27 ville,
567 266 9 21 i
595 265 102 22 händelse
713 265 31 27 på
759 264 91 22 enskildt

297 300 100 22 initiativ
418 306 28 16 en
471 300 170 28 ändamålsenlig
666 299 128 22 kuranstalt
815 299 35 27 för

297 334 121 28 lungsjuka
438 334 94 22 kommer
555 334 34 22 till
610 334 66 22 stånd
696 334 8 21 i
725 334 49 21 vårt
789 334 60 24 land,

298 369 79 22 därvid
387 369 66 27 äfven
461 369 82 21 mindre
554 369 130 22 bemedlades
695 369 61 27 behof
764 368 28 28 af
796 368 53 22 sköt-

298 403 30 21 sel
344 403 37 21 och
398 403 128 22 läkarevård
546 403 66 27 blefve
627 403 112 28 behörigen
756 403 94 28 tillgodo-

297 437 52 26 sedt,
365 437 85 22 skänka
465 437 105 28 företaget
585 437 93 28 kraftigt
692 437 124 22 understöd.

164 569 142 27 Helsingfors,
337 569 115 22 Allmänna
475 570 205 27 Besvärsutskottet,
698 570 41 21 den
752 571 26 20 19
796 569 54 21 Feb-

97 603 59 21 ruari
174 605 61 20 1891.

159 719 9 20 I
197 720 102 21 ärendets
328 719 132 28 behandling
485 720 65 22 hafva
572 720 101 27 deltagit:
704 720 145 21 ordföranden

90 753 100 28 Ramsay,
205 754 177 21 medlemmarne:
403 754 47 21 frih.
468 761 40 15 von
525 755 115 27 Knorring,
656 755 48 21 frih.
720 761 41 15 von
779 754 70 21 Wille-

90 788 76 25 brand,
190 788 23 21 K.
232 789 25 21 G.
277 789 20 21 J.
319 789 129 25 Grotenfelt,
467 789 119 26 Nordlund,
603 789 116 26 Melander,
735 789 113 27 Bergroth,

91 822 112 27 Sundvall,
219 823 78 26 Lindh,
313 823 93 28 Nyberg,
422 824 84 27 Ojanen
523 824 40 21 och
579 824 71 28 Pöysti
664 824 109 21 äfvensom
784 831 64 20 supp-

90 857 124 22 leanterne:
231 857 107 28 Hedberg,
354 858 130 28 Appelberg,
501 859 102 21 Punttala
618 859 40 20 och
674 859 128 20 Päivärinta.

163 1481 99 20 Allmänna
274 1482 174 19 Besvärsutskottets
459 1483 112 19 betänkande
582 1483 34 18 N:o
628 1485 18 16 2.
