1067 1673
291 136 260 23 Motionsbetänkande
567 136 46 22 N:o
628 136 41 23 10.
821 139 23 21 il

116 198 120 29 uppgifter
252 206 37 14 om
305 198 51 22 dess
371 198 145 29 behandling
531 199 8 21 i
560 199 103 29 Sverige.
693 199 52 21 Den
761 201 26 21 23
804 200 71 22 Okto-

117 232 41 22 ber
175 234 53 20 1823
245 232 93 22 anhöllo
355 232 107 29 Sveriges
479 232 100 22 Ständer
594 233 8 21 i
618 240 28 14 en
655 233 146 30 underdånig
810 233 66 23 skrif-

117 266 63 21 velse
196 266 36 21 till
247 266 134 29 Konungen
396 274 37 14 om
455 267 145 28 granskning
618 267 44 21 och
676 267 162 29 omarbetning
853 266 25 22 af

118 300 28 21 de
162 300 37 21 till
214 300 153 22 efterrättelse
383 301 109 28 gällande
507 301 190 27 edsformulären,
707 302 9 20 i
726 301 57 29 följd
794 301 84 22 hvaraf

118 334 108 28 åtgärder
247 334 107 29 vidtogos
375 335 37 21 till
434 335 172 29 inskränkning
627 335 26 21 af
666 336 93 28 edgång
773 336 44 22 och
831 338 45 19 rät-

118 369 58 21 telse
191 369 9 21 i
215 368 112 30 stadgade
341 369 158 22 edsformulär.
529 370 52 20 Den
597 371 26 20 22
639 370 112 21 Februari
767 372 56 20 1854
838 377 38 14 an-

118 402 63 22 höllo
202 403 71 21 rikets
297 404 104 26 Ständer,
423 404 8 20 i
454 404 45 21 den
522 404 163 28 öfvertygelse,
704 406 35 19 att
753 406 85 27 många
853 403 26 22 af

118 437 110 28 gällande
243 437 140 22 edformulär
397 444 56 15 voro
469 438 91 21 mindre
575 438 118 28 lämpliga,
709 438 118 22 äfvensom
842 440 35 19 att

118 471 41 21 vid
175 472 117 28 åtskilliga
307 472 109 21 tillfällen
426 472 113 28 förnyade
550 472 55 21 eder
620 472 43 22 och
679 472 197 29 edsförpligtelser

118 505 79 22 kunde
212 506 113 27 umbäras,
342 514 37 14 om
397 514 28 13 en
444 507 102 21 revision
569 506 27 22 af
608 506 109 29 gällande
732 506 144 22 föreskrifter

119 540 9 21 i
144 540 107 21 afseende
268 541 13 20 å
297 540 52 22 eder
362 541 43 21 och
421 540 65 22 deras
502 540 161 22 användande.
691 541 115 21 Motioner
818 541 58 21 före-

120 574 93 22 komma
228 575 8 21 i
252 582 86 14 samma
353 575 61 28 syfte
429 575 41 21 vid
485 575 152 29 riksdagarna
662 576 139 21 1856—1858
817 577 59 19 samt

121 610 147 21 1859—1860.
299 609 50 21 Den
373 611 25 19 21
423 610 103 21 Oktober
550 610 55 21 1863
620 609 133 21 framstälde
770 610 106 27 Sveriges

120 643 100 21 Ständer
236 644 48 20 åter
300 651 28 13 en
344 643 109 21 anhållan
469 650 36 14 om
521 651 29 13 en
565 643 101 29 förnyad
681 644 100 20 revision
793 643 26 21 af
828 643 48 28 gäl-

120 678 68 21 lande
207 677 94 29 stadgar
322 678 119 28 angående
457 678 92 28 edgång
565 678 44 21 och
624 685 37 14 om
677 685 28 14 en
721 677 156 29 begränsning

121 712 26 21 af
160 712 70 21 edens
246 712 158 21 användande.
434 712 13 21 I
462 712 59 28 följd
536 712 70 21 häraf
623 712 132 21 faststäldes
774 714 34 19 ett
823 714 53 26 nytt

120 746 112 21 formulär
253 746 38 21 till
307 746 95 21 embets-
418 746 43 21 och
476 746 210 28 tjenstemanna-ed
701 746 36 21 för
752 746 69 21 civile
832 753 44 13 em-

120 780 62 21 bets-
204 780 43 22 och
271 780 137 28 tjenstemän
423 782 60 21 samt
500 780 107 28 betjente,
623 780 44 21 och
682 780 65 21 desse
762 779 114 22 befriades

118 814 55 22 från
188 814 162 29 förpligtelsen
365 816 34 20 att
415 814 104 29 undergå
534 822 32 21 ny
583 814 28 21 ed
626 814 41 21 vid
683 814 122 21 befordran
821 814 55 20 eller

121 851 117 26 transport
260 849 36 22 till
320 857 76 13 annan
419 849 55 21 civil
497 849 139 28 befattning.
673 849 146 21 Formuläret
841 848 36 21 för

120 883 211 28 krigsmannaeden
354 883 113 22 ändrades
490 883 45 21 den
558 884 12 20 9
587 883 102 21 Oktober
705 884 61 26 1866,
782 882 45 21 den
842 883 34 20 så-

121 917 92 22 kallade
232 917 153 22 studenteden
408 917 140 22 afskaffades
564 917 45 21 den
621 919 14 19 4
649 917 98 21 Januari
764 918 54 21 1868
834 916 43 21 och

120 954 34 18 ett
177 954 60 25 nytt,
260 951 131 22 förkortadt
413 951 112 22 förmulär
539 951 37 22 för
591 951 118 22 rättseden
724 950 153 22 stadfästades

121 985 45 22 den
181 987 13 20 5
209 986 131 21 November
357 987 60 21 1867.

189 1020 157 28 Kyrkomötet
360 1020 8 20 i
385 1020 95 28 Sverige
503 1019 80 21 anhöll
606 1020 8 20 i
629 1019 122 21 skrifvelse
766 1018 26 21 af
805 1018 44 21 den
866 1020 12 19 6

121 1053 103 22 Oktober
248 1055 54 21 1868
326 1061 35 15 om
378 1054 165 21 utarbetandet
559 1054 26 20 af
598 1056 33 18 ett
647 1056 54 26 nytt
715 1053 112 21 formulär
842 1052 36 21 till

120 1088 128 28 presteden,
265 1088 151 29 hvarigenom
433 1088 75 22 denna
524 1087 28 21 ed
568 1088 75 21 skulle
651 1088 115 21 förkortas
775 1087 44 21 och
826 1086 52 21 från

121 1121 133 22 densamma
269 1122 112 22 uteslutas
398 1122 43 22 allt
457 1124 77 23 annat,
545 1126 30 17 än
586 1122 61 21 hvad
660 1129 49 14 som
721 1121 109 29 utgjorde
846 1123 33 18 ett

121 1156 98 21 allmänt
234 1157 94 28 uttryck
344 1157 26 21 af
385 1157 40 21 det
447 1156 182 28 hufvudsakliga
651 1156 43 22 och
709 1156 147 28 väsendtliga
871 1155 7 21 i

120 1190 123 22 föremålet
266 1191 42 21 och
331 1191 124 29 uppgiften
475 1191 38 21 för
531 1193 105 26 prestens
659 1190 153 26 verksamhet,
836 1189 43 21 och

120 1224 78 21 tillika
213 1225 71 21 borde
298 1225 118 22 slutorden
432 1225 121 28 antingen,
568 1225 67 25 helst,
650 1224 113 22 uteslutas
779 1224 56 21 eller
850 1230 28 14 en

121 1258 46 22 bön
182 1266 38 14 om
236 1259 65 21 Guds
316 1259 93 21 bistånd
424 1260 93 28 intagas
532 1260 9 20 i
556 1259 66 21 deras
638 1259 72 21 ställe.
736 1257 143 29 Kyrkolags-

120 1292 105 22 komitén
240 1293 111 28 afstyrkte
367 1293 60 22 dock
441 1294 10 21 i
465 1294 42 20 sitt
523 1293 44 21 den
583 1294 12 20 2
609 1292 102 22 Oktober
724 1293 54 21 1873
790 1291 89 29 afgifna

120 1326 148 22 betänkande
281 1327 66 22 bifall
362 1328 37 20 till
419 1328 160 28 kyrkomötets
603 1327 109 21 anhållan
728 1334 36 14 om
780 1325 99 29 ändring

121 1360 8 22 i
145 1360 69 22 edens
230 1361 95 22 slutord.
355 1361 213 29 Revisionsförslag
583 1361 95 21 väcktes
694 1361 49 21 åter
757 1360 26 21 af
796 1359 83 22 motio-

121 1398 67 18 närer
203 1395 41 21 vid
258 1396 152 28 riksdagarna
427 1397 62 25 1869,
507 1397 54 20 1870
577 1396 44 21 och
632 1396 61 20 1871.
723 1395 156 28 Kyrkomötet

121 1429 80 21 anhöll
216 1430 8 20 i
240 1430 121 21 skrifvelse
377 1430 24 21 af
415 1430 42 22 den
473 1432 28 20 27
517 1430 136 28 September
668 1430 54 21 1873
733 1436 36 14 om
781 1427 99 29 upphäf-

191 1470 130 22 Lagutskottets
333 1470 111 18 betänkande
456 1470 38 18 N:o
506 1470 32 17 20.
