1064 1673
286 106 260 22 Motionsbetänkande
562 106 46 22 N:o
623 106 39 22 10.
801 107 25 20 17

98 168 50 29 ling
163 169 63 29 gjort
240 169 72 28 några
326 168 126 29 ändringar
467 168 9 21 i
491 168 119 28 förslaget,
626 168 80 22 hvilka
718 168 89 28 jemväl
816 176 40 14 va-

99 202 31 22 rit
145 203 96 22 föremål
256 202 36 22 för
306 203 126 21 utskottets
448 203 114 28 votering.
589 203 12 21 I
612 202 104 29 enlighet
724 203 52 21 med
785 202 71 30 sagda

100 237 198 29 ändringsförslag
314 237 74 21 skulle
404 237 45 21 den
464 236 148 30 författning,
620 237 42 29 jag
672 237 102 22 önskade
785 245 24 14 se
821 239 36 19 ut-

99 271 82 22 färdad
196 272 9 20 i
221 274 83 25 ämnet,
320 272 88 21 erhålla
422 271 104 29 följande
541 272 101 28 lydelse:

102 386 97 34 Förslag
223 386 33 28 till
279 386 135 34 förordning
438 385 120 35 angående
577 387 97 33 ändring
693 386 25 28 af
737 386 120 28 särskilda

400 432 165 28 edsformulär.

169 500 55 21 Med
245 499 99 29 ändring
362 500 26 20 af
405 501 11 20 7
436 501 11 27 $
464 501 9 20 1
491 500 60 28 kap.,
573 502 12 20 9
601 501 14 27 8
632 501 26 20 14
673 500 52 28 kap.
742 500 43 22 och
802 502 25 20 16
843 501 14 27 &

104 536 25 20 17
145 535 51 28 kap.
213 534 27 22 R.
256 534 27 28 B,
298 534 83 22 varder
396 534 137 29 härigenom
549 534 109 29 stadgadt
674 535 74 21 såsom
763 534 79 29 följer:

170 580 12 21 I
198 580 34 26 ed,
252 587 47 14 som
318 580 74 28 enligt
413 580 86 21 allmän
514 580 40 28 lag
569 580 109 28 aflägges,
693 580 65 22 skola
773 580 85 22 hädan-

103 615 58 21 efter
175 615 9 21 i
199 614 79 21 stället
292 614 36 22 för
344 614 225 28 begynnelseorden
558 610 13 37 :

174 648 62 29 »Jag
252 649 68 21 N.N.
336 648 76 22 lofvar
427 649 45 21 ooh
488 653 53 17 svär
556 649 40 22 vid
612 649 54 21 Gud
682 649 41 21 och
739 650 66 20 Hans
820 648 38 22 he-

103 682 48 28 liga
166 682 167 29 Evangelium"

104 717 118 21 användas
238 717 80 21 orden:

173 752 61 28 nJag
248 752 28 21 N.
292 752 28 22 N.
336 752 76 22 lofvar
427 752 43 21 och
486 756 52 17 svär
554 752 40 21 vid
608 752 107 22 lefvande
731 752 74 27 Gud;'

103 786 9 20 i
127 786 76 21 stället
219 786 35 21 för
270 786 82 21 orden:

176 820 60 29 »Jag
251 820 28 22 N.
295 820 27 21 N.
339 824 53 17 svär
407 820 41 21 vid
464 820 53 22 Gud
533 820 43 21 och
586 820 66 22 Hans
662 820 75 29 heliga
753 821 106 28 Evange-

104 854 71 21 lium*
199 857 71 18 samt:
286 871 12 10 ,
300 855 46 28 Jag
361 855 27 21 N.
404 855 28 21 N.
449 858 53 18 svär
520 855 44 21 och
580 855 98 28 betygar
692 855 40 22 vid
748 855 53 21 Gud
817 855 42 21 och

105 888 66 21 Hans
186 888 78 29 heliga
279 889 168 28 Evangelium"

104 922 103 29 följande
223 923 51 21 ord:

177 957 61 29 »Jag
249 957 27 22 N.
293 957 27 22 N.
337 961 53 18 svär
406 957 42 22 och
463 957 98 29 betygar
576 957 40 22 vid
631 957 108 22 lefvande
754 957 77 27 Gud;'

105 994 59 19 samt
179 992 8 21 i
203 992 78 21 stället
295 991 36 22 för
346 992 127 21 slutorden:

177 1027 46 26 »Sä
237 1029 53 19 sant
304 1027 49 28 mig
369 1027 53 21 Gud
438 1027 76 28 hjelpe
530 1027 37 21 till
582 1027 31 21 lif
626 1027 43 21 och
684 1027 67 27 själ:*

106 1060 78 22 orden:

177 1112 6 10 +
185 1094 91 28 Härtill
291 1102 55 14 vare
362 1095 53 21 Gud
430 1095 54 21 mitt
499 1095 96 21 vittne.*

177 1129 71 21 Detta
271 1129 87 28 förslag
381 1129 84 21 ändrar
484 1130 61 20 blott
564 1129 40 21 det
618 1129 184 28 nödvändigaste
819 1128 42 22 och

107 1162 87 22 återför
215 1163 138 21 edsformeln
373 1164 37 20 till
430 1164 52 20 dess
498 1164 188 28 ursprungligare
701 1164 94 28 lydelse.
825 1162 37 21 En

106 1199 73 19 större
195 1197 100 28 ändring
310 1198 74 20 skulle
394 1197 124 22 framkalla
531 1205 39 14 oro
583 1198 41 21 hos
638 1198 79 21 folket.
741 1198 35 21 Pä
786 1197 77 21 denna

107 1233 112 19 stötesten
234 1231 43 21 har
292 1232 76 21 denna
383 1232 67 28 fråga
465 1232 74 22 delvis
555 1232 62 22 fallit
632 1232 8 21 i
656 1232 99 28 Sverige.
780 1232 34 22 Ur
824 1231 37 21 be-

106 1266 186 28 gynnelseorden
318 1267 70 28 utgår
409 1267 119 28 uttrycket
555 1267 58 27 ,och
636 1267 40 21 vid
697 1267 65 21 Hans
784 1266 79 28 heliga

107 1300 167 28 evangelium'',
291 1300 96 22 emedan
402 1300 64 22 detta
476 1301 85 29 tillägg
571 1301 51 21 icke
634 1301 79 21 tillhör
725 1301 46 21 den
783 1302 80 26 egent-

106 1334 49 28 liga
170 1334 65 26 eden,
252 1334 43 22 och
310 1335 97 21 emedan
417 1335 71 29 ingen
500 1335 37 21 får
550 1338 62 19 sätta
621 1336 75 21 Kristi
706 1335 78 29 heliga
795 1342 68 14 evan-

107 1368 86 28 gelium
209 1368 8 21 i
232 1372 58 25 pant
304 1369 36 21 för
356 1370 246 28 sanningsenligheten
618 1370 26 21 af
656 1370 61 21 hvad
732 1370 47 21 han
790 1373 73 24 säger.

106 1402 127 28 Uttrycket
248 1419 10 11 ,
261 1403 40 22 vid
316 1403 108 22 lefvande
440 1404 68 21 Gud'
524 1408 25 17 är
564 1404 45 21 den
624 1404 188 28 ursprungligare
821 1402 43 22 och

176 1443 130 22 Lagutskotteis
319 1443 111 19 betänkande
441 1445 37 16 N:o
490 1444 32 17 20.
784 1443 11 17 2
