1064 1661
245 128 25 22 16
428 129 244 22 Petitionsbetänkande
688 129 36 22 N:o
741 128 17 23 7.

213 195 37 18 mit
268 196 17 23 ej
302 196 50 18 blott
364 198 88 17 enskilde
464 200 46 15 män
523 198 22 17 af
555 197 67 23 folket,
635 200 48 15 utan
696 198 113 23 därigenom
821 198 44 17 hela
877 197 95 18 nationen

213 225 31 16 till
253 225 54 22 godo.
332 225 43 18 Den
384 226 120 24 befolkning,
516 233 42 12 som
571 226 121 24 uppfostrats
705 227 6 17 i
723 226 140 23 folkskolorna,
875 228 22 15 är
905 226 67 19 sådan,

213 255 28 15 att
261 253 36 18 den
315 254 43 18 icke
374 255 49 18 blott
434 255 46 18 med
491 257 63 16 större
566 256 61 23 insigt
640 255 36 18 och
688 255 88 24 förmåga
788 257 25 16 än
825 255 45 18 dess
882 255 89 23 föregån-

213 286 46 18 gare
271 282 38 17 kan
322 282 46 23 ingå
380 283 7 17 i
405 283 67 18 lifvets
490 284 136 23 mångahanda
642 284 190 22 hvardagsgöromål,
850 285 47 16 utan
912 283 59 18 äfven

213 310 24 22 på
250 310 40 18 lika
302 312 40 16 sätt
354 317 42 12 som
408 312 24 18 de
444 312 77 18 bildade
533 312 101 18 klasserna
646 312 78 24 deltaga
735 312 7 18 i
754 312 127 18 kommunala
893 312 36 18 och
937 318 34 17 po-

212 338 68 18 litiska
297 339 76 24 frågors
391 340 111 24 afgörande.
526 341 46 17 Man
591 341 62 18 måste
666 342 87 17 erkänna
764 340 206 18 folkskoleinstitutio-

212 372 51 13 nens
274 369 54 17 stora
338 368 109 24 inflytande
460 369 6 18 i
479 370 54 17 detta
544 369 97 23 afseende,
654 370 36 17 och
702 370 24 23 på
739 375 75 12 samma
822 370 52 23 gång
881 375 47 12 man
935 371 36 21 gör

213 396 58 23 detta,
283 397 63 17 måste
358 403 45 12 man
416 398 59 17 äfven
488 404 42 12 som
543 398 117 23 berättigadt
672 399 86 17 erkänna
771 398 123 18 sträfvandet
902 400 29 15 att
939 400 31 15 ut-

212 424 59 23 vidga
283 425 147 24 ifrågavarande
442 427 114 18 institution
568 427 36 18 och
616 429 48 22 göra
676 427 114 18 densamma
802 433 54 12 mera
864 426 68 24 möjlig
941 428 29 16 att

212 455 100 16 motsvara
334 454 35 18 sitt
390 455 95 18 ändamål.
522 455 30 18 Då
570 455 134 18 folkskolorna
722 455 110 18 emellertid
852 455 31 18 för
901 457 69 16 närva-

212 482 60 17 rande
290 485 34 15 äro
342 484 128 23 synnerligen
488 484 60 24 ojämt
560 485 102 23 placerade
675 485 6 16 i
694 485 44 17 vårt
750 484 46 17 land
808 484 37 17 och
857 484 24 17 då
893 483 22 18 af
925 483 43 18 dem

212 510 100 19 dessutom
324 511 94 19 existerar
430 513 50 18 blott
492 515 78 16 ettusen
582 513 25 23 på
618 513 92 23 2,200,000
717 513 100 22 invånare,
826 513 82 17 innebär
916 512 53 17 detta

213 538 16 22 ej
244 538 49 18 blott
305 542 29 15 ett
346 541 174 23 missförhållande,
534 544 47 15 utan
594 541 58 19 äfven
665 548 24 12 en
702 542 100 22 orättvisa,
813 541 43 17 däri
863 541 106 23 nämligen,

213 568 29 16 att
260 573 25 12 en
302 570 41 16 stor
361 569 31 18 del
410 570 22 17 af
447 570 76 18 landets
541 570 48 18 barn
601 572 21 16 är
635 570 91 24 afstängd
738 570 44 18 från
795 570 119 22 delaktighet
926 569 7 17 i
945 569 24 17 de

212 594 85 20 fördelar
317 597 114 24 bildningen
452 599 93 23 erbjuder,
566 600 60 17 ehuru
647 599 39 18 alla
706 599 58 18 borde
784 599 78 17 komma
880 598 7 18 i
904 598 64 23 åtnju-

212 625 59 18 tande
284 626 60 18 däraf.

280 661 242 19 Folkskoleinstitutionen
540 663 34 18 bör
592 664 99 22 nämligen
710 663 22 18 så
744 662 103 22 anordnas,
860 664 29 16 att
902 662 66 23 hvarje

212 689 71 18 folkets
302 690 48 18 barn
369 691 37 18 blir
424 692 94 23 delaktigt
536 692 22 18 af
574 692 126 24 upplysning.
724 692 30 17 En
767 693 41 16 stor
820 691 31 17 del
864 691 22 17 af
896 690 72 18 folkets

211 718 79 24 andliga
302 720 55 17 såväl
375 720 105 24 begåfning
498 727 42 12 som
557 721 88 23 förmåga
663 721 37 18 blir
715 722 29 16 ett
756 720 101 24 begrafvet
869 720 54 23 pund
936 725 31 12 om

211 747 17 23 ej
248 747 33 18 det
298 748 62 18 under
377 750 99 22 påverkan
488 750 22 17 af
520 750 142 23 undervisning
673 750 71 18 väckes
757 750 31 17 till
800 749 33 18 det
845 748 122 24 sjelfmedve-

211 776 64 23 tande,
287 782 43 13 som
346 778 114 24 bildningen
472 778 75 18 medför
560 779 35 17 och
607 779 79 23 åsyftar,
700 779 35 17 och
748 779 32 17 det
793 780 21 16 är
823 778 43 23 just
878 777 42 17 däri
932 776 35 19 fol-

211 804 44 18 kets
267 807 73 17 största
352 806 52 18 kraft
416 807 65 18 består
493 808 62 18 under
567 808 50 18 tider
630 808 22 17 af
662 808 99 23 pröfning.

280 840 116 18 Folkskolan
414 842 26 22 på
458 841 65 18 landet
541 844 22 15 är
575 842 21 17 så
608 842 31 17 till
651 842 46 18 vida
709 847 25 12 en
746 842 131 17 kommunens
889 841 77 22 angelä-

210 868 77 23 genhet,
306 871 30 15 att
354 869 32 18 det
404 870 56 18 beror
477 871 25 22 pä
514 871 124 22 kommunen,
652 877 32 11 om
696 871 38 17 den
747 870 35 18 vill
794 870 74 17 inrätta
880 875 24 12 en
916 869 50 18 folk-

210 897 56 17 skola
284 897 47 18 eller
348 898 48 17 icke.
420 899 46 17 Men
483 899 62 18 under
556 899 39 18 alla
607 899 135 18 förhällanden
755 904 60 18 synes
828 899 32 17 det
872 903 33 13 oss
917 898 49 17 dock

210 925 16 22 ej
240 925 95 18 innebära
347 929 28 15 ett
387 927 67 18 alltför
466 929 50 16 stort
528 927 82 24 ingrepp
622 928 26 23 pä
659 928 90 20 friheten,
762 933 32 12 om
806 927 64 18 denna
878 927 88 17 kommu-

209 959 72 12 nernas
299 957 39 15 rätt
357 957 29 16 att
404 957 60 22 vägra
481 956 121 17 inrättandet
620 955 22 18 af
658 956 108 18 folkskolor
784 956 64 17 skulle
866 955 100 24 fräntagas

209 981 44 18 dem
272 983 30 17 till
321 983 76 18 förmän
414 984 31 18 för
456 985 38 17 den
506 985 186 23 bildningssökande
704 984 146 23 befolkningen,
863 985 35 16 och
911 983 6 18 i
930 984 35 17 och

209 1011 30 16 för
258 1012 116 23 uppnäende
392 1012 22 18 af
429 1013 54 18 detta
500 1013 74 24 vigtiga
592 1013 89 18 ändamäl
694 1013 66 24 hvarje
772 1014 96 17 kommun
880 1013 86 23 skyldig-

208 1039 75 18 kändes
295 1042 29 16 att
336 1040 170 25 fortsättningsvis
518 1042 62 18 under
592 1042 98 23 förloppet
702 1042 22 18 af
733 1042 68 23 hvarje
813 1044 30 15 tre
855 1042 32 17 ärs
899 1041 67 24 period

209 1067 74 19 inrätta
302 1075 25 12 en
346 1076 28 17 ny
394 1070 102 23 folkskola,
516 1071 51 17 ända
587 1071 41 18 tills
648 1071 72 18 sädana
738 1071 66 18 skolor
820 1070 72 18 funnes
905 1076 24 12 en
940 1071 26 22 pä

210 1096 67 24 hvarje
295 1098 51 22 2,000
363 1099 99 18 invänare.
486 1100 100 23 Naturligt
604 1105 52 16 vore,
674 1102 29 15 att
715 1100 45 17 med
772 1099 93 18 afseende
878 1099 11 17 ä
901 1099 65 17 lokala

209 1125 136 19 förhållanden
363 1127 73 18 sådana
453 1128 115 18 kommuner
586 1128 113 18 frikallades
714 1128 45 17 från
771 1128 65 17 denna
848 1127 117 23 skyldighet,

209 1154 67 17 hvilka
293 1156 34 16 äro
346 1155 82 23 belägna
445 1156 6 18 i
464 1157 123 23 skärgärden,
600 1157 48 18 eller
660 1157 21 17 sä
692 1157 52 23 glest
757 1156 86 18 bebodda
855 1162 43 12 som
910 1158 13 15 t.
936 1162 29 12 ex.

207 1182 149 24 Lappmarkens
368 1184 93 24 domsaga
489 1185 63 18 Dessa
564 1186 63 21 borde,
640 1185 31 17 för
683 1187 29 16 att
724 1185 18 23 ej
756 1184 62 18 blifva
828 1184 36 18 allt
873 1184 31 18 för
912 1190 53 18 myc-

208 1211 33 17 ket
259 1211 115 24 betungade,
392 1213 22 17 af
430 1216 65 15 staten
514 1214 72 18 erhålla
604 1214 78 23 rundlig
700 1214 54 23 hjälp
772 1213 31 17 till
821 1213 112 18 inrättande
945 1213 22 18 af

207 1240 71 23 skolor,
291 1241 67 18 hvilka
369 1241 59 19 äfven
440 1242 8 18 i
460 1244 62 16 större
534 1243 45 17 män
591 1244 25 16 än
628 1242 72 18 hittills
712 1242 59 18 borde
784 1242 124 17 underhällas
920 1242 45 17 med

207 1268 68 25 bidrag
293 1276 24 11 ur
334 1270 100 18 allmänna
451 1271 68 18 medel.
542 1271 46 18 Med
602 1271 92 18 afseende
705 1271 11 17 ä
728 1270 24 18 de
765 1272 53 16 stora
830 1269 135 25 uppoffringar

207 1299 143 17 kommunerna
368 1299 82 18 sålunda
468 1300 77 17 iklädde
563 1300 35 23 sig,
612 1299 51 19 vore
675 1300 32 17 det
720 1298 60 19 äfven
793 1299 64 23 billigt
869 1299 36 17 och
917 1299 48 17 nöd-

207 1327 87 23 vändigt,
319 1330 29 15 att
368 1328 56 18 dessa
444 1328 70 24 själfva
533 1328 54 24 finge
605 1328 107 18 bestämma
732 1328 232 24 undervisningsplanen,

206 1356 49 18 eller
273 1362 32 12 om
323 1357 37 17 den
379 1357 113 18 nuvarande
509 1357 117 23 godkändes,
643 1362 47 12 vore
701 1357 34 17 det
747 1356 62 24 enligt
821 1357 35 17 vär
868 1357 59 17 tanke
939 1358 26 22 pä

206 1385 31 17 sin
257 1385 58 23 plats,
336 1386 29 16 att
384 1387 48 16 utan
452 1386 150 17 kommunernas
620 1385 96 18 särskilda
734 1385 117 23 begifvande
867 1385 47 23 inga
926 1385 37 18 för-

205 1413 107 24 ändringar
332 1413 52 24 finge
403 1414 95 23 vidtagas,
519 1414 86 18 hvarken
617 1414 45 17 med
674 1413 92 19 afseende
778 1414 12 17 &
802 1413 161 24 undervisnings-

205 1444 86 16 ämnena
303 1443 48 17 eller
362 1443 224 23 undervisningsplanen
600 1443 6 17 i
618 1443 31 17 sin
662 1443 70 17 helhet.

276 1476 99 19 Allmänna
388 1477 173 18 Besvärsutskottets
573 1477 108 18 betänkande
693 1477 34 18 N:o
739 1478 32 17 20.
