1070 1673
280 139 244 22 Petitionsbetänkande
539 139 39 22 N:o
594 138 34 23 28.
778 141 25 21 13

79 214 43 21 gan
138 214 33 14 om
187 208 135 21 utbildandet
338 207 24 21 af
375 208 69 20 lärare
460 208 33 21 för
509 208 62 21 dessa
589 208 72 21 skolor
676 208 35 21 vid
722 208 59 22 olika
796 208 32 21 till

77 242 67 21 fällen
159 242 71 21 blifvit
246 242 129 21 behandlad.

146 276 36 22 Uti
196 276 28 22 N.
241 276 163 28 Propositionen
420 276 40 22 N:o
475 277 27 21 31
519 277 33 21 till
569 278 53 20 1877
640 278 34 20 års
684 277 105 27 landtdag
801 277 31 21 fö-

76 312 82 26 reslogs
174 312 132 20 inrättandet
321 311 25 21 af
359 313 31 19 ett
408 312 321 21 småskolelärareseminarium
744 312 32 20 uti
793 312 40 27 Ky-

78 346 56 21 mölä
150 345 106 21 folkskola
271 346 7 20 i
293 345 105 21 närheten
414 346 24 20 af
451 346 124 21 Sordavala.
607 346 122 21 Ständerna
744 346 89 28 afböjde

78 380 66 22 likväl
160 381 60 20 detta
234 379 80 28 förslag
329 380 84 28 (Ständ.
431 380 34 22 Sv.
480 380 67 28 Prop.
563 381 26 21 31
607 381 38 20 sid.
662 382 18 24 7,
698 381 30 27 8),
744 380 89 22 hvarvid

79 416 26 20 de
121 414 54 22 dock
191 414 33 21 till
240 410 181 32 Öfverstyrelsens
436 414 33 22 för
485 414 152 22 skolväsendet
652 415 126 27 disposition
795 422 37 14 an-

79 449 59 26 slogo
154 450 64 26 2,000
234 449 36 21 mk
285 449 81 27 årligen
382 449 7 21 i
405 449 40 21 och
461 449 33 21 för
510 450 120 26 aflöningar
646 450 22 20 åt
684 450 82 21 sådana
781 449 52 22 folk-

79 484 139 26 skolelärare,
234 491 45 13 som
294 484 48 21 ville
358 484 67 26 åtaga
440 484 32 27 sig
488 486 32 19 att
535 484 85 21 utbilda
635 484 71 22 lärare
722 484 40 21 och
777 484 56 21 lära-

79 518 75 22 rinnor
172 518 33 22 för
227 518 123 22 småskolor..
380 518 10 21 I
408 518 118 28 anledning
541 519 65 21 häraf
619 520 91 20 utsände
726 514 108 32 Öfversty-

78 553 70 21 relsen
166 553 33 21 för
220 552 150 22 skolväsendet
389 554 39 20 den
448 554 27 20 31
497 553 48 21 Okt.
568 554 54 21 1879
641 556 30 19 ett
687 553 99 26 cirkulär,
802 554 32 20 uti

79 587 81 22 hvilket
176 588 71 21 denna
262 588 152 26 undervisning
431 589 98 19 närmare
546 588 168 27 organiserades.
745 588 45 21 Där
801 589 33 20 sä-

79 628 44 20 ges,
144 624 32 19 att
200 638 4 7 ,
207 622 78 26 denna
308 622 153 27 undervisning
484 622 33 21 för
533 622 108 22 blifvande
658 622 176 22 småskolelärare

80 656 39 21 bör
138 656 91 21 omfatta
247 656 45 21 dels
307 663 26 14 en
349 656 116 27 repetition
482 657 40 21 och
538 657 128 27 utvidgning
682 657 24 21 af
720 657 114 21 folkskole-

79 690 87 26 kursen,
173 690 149 22 företrädesvis
332 691 39 21 dei
383 691 320 27 folkskoleförordningens114
709 692 40 20 och
759 692 40 20 115
808 692 26 27 $$

81 727 79 20 nämda
175 727 85 25 ämnen,
276 726 252 27 kristendomskunskap,
548 726 156 26 modersmälet,
722 726 113 27 skrifning,

82 760 92 27 räkning
182 761 40 21 och
231 761 58 27 säng,
298 760 44 22 dels
351 768 26 14 en
385 760 157 28 metodologisk
550 760 148 28 handledning
706 760 6 21 i
721 762 33 20 att
760 761 75 20 under-

80 794 47 22 visa
135 795 7 21 i
151 796 63 20 dessa
222 796 98 20 ämnen."
350 795 32 21 De
390 795 109 21 blifvande
507 795 193 21 smäskolelärarne
708 795 54 21 böra
769 795 67 27 enligt

81 830 60 21 detta
161 829 95 22 cirkulär
270 830 64 21 hafva
348 831 125 26 genomgätt
489 830 66 27 högre
571 829 107 22 folkskola
694 832 55 19 samt
764 830 70 21 under

80 864 79 21 kursen
175 865 86 27 åtnjuta
276 865 18 27 ej
311 865 93 21 allenast
419 871 27 14 en
462 865 79 24 ,,minst
557 866 13 21 6
581 865 92 21 veckor"
684 865 94 20 varande
789 867 44 18 teo-

81 899 66 20 retisk
170 899 162 27 undervisning,
348 901 52 19 utan
424 899 64 21 äfven
513 906 26 14 en
563 899 99 27 praktisk
689 899 144 27 öfningskurs,

81 933 85 21 hvilken
191 935 24 19 är
238 935 23 20 sä
281 933 89 26 ordnad,
394 936 32 18 att
443 933 100 22 eleverna
559 950 11 9 ,
573 933 65 21 minst
653 940 26 14 en
695 934 91 21 termin"
804 933 30 21 bi-

82 969 65 20 träda
160 968 36 21 vid
211 968 181 27 undervisningen
409 969 28 26 på
453 969 26 20 de
495 969 36 20 två
547 968 71 27 lägsta
633 968 202 26 årsafdelningarna

81 1002 7 21 i
103 1009 25 14 en
145 1002 113 21 folkskola.
287 1003 114 20 Dessutom
416 1003 62 20 skola
497 1003 32 25 de,
546 1003 33 20 för
595 1005 32 18 att
643 1019 11 9 ,,
657 1003 65 25 vinna
737 1002 75 27 öfning
827 1002 8 21 i

84 1036 125 28 nybörjares
224 1037 68 21 första
307 1037 174 27 undervisning'',
491 1037 85 21 biträda
591 1037 192 21 folkskoleläraren
799 1037 36 20 vid

81 1071 41 21 den
141 1071 49 21 höst
209 1071 40 21 och
265 1072 37 20 vär
319 1072 6 20 i
344 1071 222 21 öfverensstämmelse
582 1073 49 20 med
646 1072 188 21 folkskoleförord-

81 1105 90 27 ningens
190 1107 11 25 $
222 1106 40 21 124
280 1106 74 21 hållna
374 1106 196 22 smäbarnsskolan.
591 1106 63 21 Efter
668 1107 35 20 det
719 1106 58 21 såväl
793 1106 41 20 den

81 1140 117 21 teoretiska
214 1147 45 14 som
276 1141 40 20 den
332 1140 110 28 praktiska
460 1140 80 21 kursen
556 1141 70 21 blifvit
642 1140 101 26 afslutad,
754 1140 81 21 anstäl-

80 1174 31 20 les
127 1174 7 21 i
150 1174 159 22 vederbörande
325 1174 231 28 folkskoleinspektors
572 1176 90 20 närvaro
674 1174 101 28 pröfning
786 1175 49 20 med

83 1209 54 26 dem,
153 1216 45 14 som
214 1210 124 26 genomgätt
353 1209 127 27 fullständig
495 1210 58 21 kurs.

149 1243 105 27 Utvidgas
276 1251 28 13 nu
326 1244 18 27 ej
362 1244 160 21 smäskolornas
538 1244 82 26 kurser,
636 1247 53 17 utan
705 1243 21 21 fä
742 1244 26 20 de
784 1250 51 14 vara

83 1277 57 21 hvad
155 1278 27 20 de
197 1277 53 22 böra
264 1286 56 17 vara,
337 1280 25 19 är
377 1280 37 20 det
429 1278 84 28 tydligt,
529 1281 32 18 att
572 1280 72 20 denna
654 1274 181 31 Öfverstyrelsens

82 1311 33 21 för
131 1312 151 22 skolväsendet
297 1312 50 28 plan
364 1314 132 20 ätminstone
511 1313 8 21 i
534 1313 47 21 sina
597 1313 135 27 hufvuddrag
748 1314 23 19 är
787 1312 50 20 full-

81 1346 92 27 komligt
194 1346 199 22 tillfredsställande
416 1348 41 20 och
472 1348 92 20 ledande
579 1347 33 21 till
628 1348 36 20 det
680 1346 95 22 önskade
791 1346 44 21 mä-

84 1380 36 21 let.
150 1380 40 22 Ett
212 1381 90 27 kraftigt
316 1381 59 22 bevis
391 1382 74 21 härför
481 1385 30 23 är,
527 1384 32 19 att
575 1382 58 21 såväl
652 1382 36 20 det
708 1382 69 20 andra
797 1381 39 20 fin-

81 1414 38 22 ska
138 1415 135 28 kyrkomötet
295 1416 23 21 är
335 1416 62 25 1886,
412 1416 87 22 hvarest
515 1417 72 21 denna
605 1416 61 27 fräga
682 1415 153 24 behandlades,

148 1490 100 19 Allmänna
261 1491 173 19 Besvärsutskottets
446 1491 110 19 betänkande
567 1492 36 18 N:o
616 1493 28 17 19.
