1064 1661
277 123 244 22 Petitionsbetänkande
535 123 37 22 N:o
588 122 29 23 12.
803 125 13 21 3

86 193 88 25 singfors
190 193 46 19 med
251 193 143 19 motsvarande
409 193 112 20 kostnader
537 193 30 19 uti
578 193 60 20 äfven
649 193 25 20 de
686 193 82 26 dyraste
778 193 61 20 lands

87 222 119 24 ortsstäder,
222 221 66 20 finner
303 229 45 12 man
364 224 30 17 att
410 221 35 20 det
460 223 21 18 åt
496 221 90 20 lektorer
602 222 35 19 och
654 222 95 25 kolleger
764 223 36 19 vid
815 222 29 19 lä-

87 251 100 19 roverken
205 250 7 19 i
231 250 130 25 Helsingfors
384 250 104 20 tilldelade
505 251 112 24 yarvodet''
637 251 17 25 ej
679 253 22 17 är
723 251 122 26 tillräckligt

87 281 31 17 att
127 278 75 26 utfylla
217 278 39 20 den
266 280 120 18 omnämnda
396 279 123 20 skillnaden.
540 279 31 19 De
581 279 182 25 omständigheter,
774 279 70 20 hvilka

87 307 173 25 hufvudsakligen
275 308 85 24 bidraga
376 310 29 16 att
420 309 51 23 göra
485 308 59 20 lifvet
559 308 7 19 i
581 308 132 25 Helsingfors
728 308 74 26 dyrare
818 311 25 17 än

87 336 8 19 i
109 336 81 20 landets
208 336 68 25 öfriga
290 336 74 24 städer,
383 339 34 17 äro
433 336 88 26 hyrorna
536 336 38 26 och
589 336 116 26 vedprisen,
720 337 72 20 hvilka
807 337 37 19 här

89 368 34 16 äro
144 364 101 26 betydligt
262 365 64 25 högre
346 368 25 16 än
390 366 138 19 annorstädes.
559 365 92 20 Afvensä
666 366 60 19 torde
740 366 64 26 priset
819 367 26 24 pä

89 394 59 20 endel
170 396 104 17 matvaror
293 394 37 19 här
350 401 49 12 vara
419 394 62 25 högre
503 397 26 17 än
547 394 7 19 i
572 394 25 20 de
616 394 60 20 flesta
691 394 64 20 andra
770 394 74 21 städer.

89 423 32 19 En
139 422 73 25 faktor,
233 429 43 13 som
291 423 120 25 ytterligare
426 423 97 25 bidrager
538 425 29 17 att
583 424 7 18 i
604 423 94 25 betydlig
713 424 47 19 mån
775 426 70 22 stegra

89 451 218 20 lefnadskostnaderna
327 452 106 19 härstädes
453 452 7 18 i
479 452 127 20 förhållande
630 452 31 19 till
684 452 67 25 öfriga
768 452 76 25 städer,

90 483 23 17 är
133 480 34 20 det
186 480 8 19 i
213 480 150 20 hufvudstaden
383 480 92 20 starkare
491 484 24 16 än
532 480 131 20 annorstädes
678 481 122 25 pulserande
815 488 30 12 so-

89 509 53 19 ciala
157 509 65 24 lifvet,
238 509 30 19 uti
283 509 79 19 hvilket
375 509 24 25 ju
415 516 24 12 en
454 509 52 20 hvar
521 509 134 25 medborgare
671 516 43 13 mer
729 510 50 19 eller
794 510 51 19 min-

91 538 35 19 dre
142 539 63 18 måste
220 538 82 25 deltaga
317 537 36 20 och
369 544 43 13 som
429 538 59 19 alltid
502 538 85 19 kräfver
603 538 79 19 direkta
692 538 153 26 penningeupp-

91 566 104 25 offringar.

159 595 43 19 För
219 597 30 17 att
266 597 93 17 närmare
377 594 98 26 klargöra
495 595 34 20 det
547 595 131 25 ofvansagda,
694 595 66 20 tillåta
776 595 21 20 vi
812 602 34 13 oss

91 626 30 17 att
137 623 85 26 angifva
236 624 24 19 de
276 623 161 26 hufvudsakliga
452 623 171 26 utgiftsposterna
638 623 32 20 för
686 631 23 12 en
725 624 79 20 mindre
814 623 32 20 fa-

91 652 50 26 milj,
157 653 109 19 bestående
281 655 14 17 t.
312 659 30 13 ex.
358 652 23 19 af
394 659 47 13 man
457 653 37 19 och
510 653 72 19 hustru
597 653 38 19 och
649 654 37 18 två
701 655 44 17 små
755 653 51 19 barn
817 653 30 19 äf-

92 688 84 13 vensom
191 681 61 26 nödig
266 681 173 26 tjenstepersonal.
469 681 48 20 Alla
531 681 38 20 här
584 681 84 25 angifna
678 681 29 20 tal
717 684 34 17 äro
762 683 24 18 så
792 682 55 25 låga,

92 712 31 17 att
141 711 48 24 föga
206 711 67 24 någon
288 710 52 20 enda
355 709 177 26 skollärarefamilj
547 710 7 19 i
569 710 133 25 Helsingfors
717 711 58 19 torde
790 711 57 19 kom-

93 745 34 14 ma
142 739 86 19 tillrätta
243 739 47 19 med
304 739 86 19 mindre.
419 739 73 26 Hyran
507 739 38 19 och
560 741 103 23 åtgången
679 738 23 20 af
715 739 39 20 ved
770 742 34 17 äro
813 739 34 20 be-

92 768 90 19 räknade
204 767 32 20 för
256 774 25 13 en
300 767 59 20 enkel
377 767 56 20 lokal
451 775 33 12 om
504 768 45 25 fyra
563 775 43 12 rum
623 767 37 20 och
675 767 47 26 kök,
738 768 88 25 belägen
842 768 6 19 i

93 798 69 24 någon
176 797 91 24 aflägsen
282 796 99 20 stadsdel.

196 854 68 25 Hyra.
295 869 3 3 .
330 869 2 3 .
537 869 4 3 +
571 869 4 3 <
605 868 4 4 +
642 853 113 25 1,200Mk.

197 882 45 20 Ved
248 882 65 26 jämte
321 864 109 48 huggning
434 868 39 34 och
479 864 131 48 uppbätrning
661 883 43 19 250
726 897 12 10 »

197 911 118 25 Uppehälle,
332 914 54 17 tvätt
402 918 17 12 o.
436 918 15 12 s.
467 918 37 12 v..
536 926 3 4 .
569 926 4 4 .
604 926 3 4 .
639 912 64 24 2,400
726 926 12 10 ,,

198 940 214 25 Tjenstepersonalens
427 940 42 19 lön.
501 954 4 4 .
535 954 4 4 .
569 955 4 3 .
604 955 3 3 .
661 940 41 19 200
727 955 11 10 ,,

197 968 79 20 Kläder
291 968 31 20 för
336 968 48 20 hela
398 968 107 26 familjen
504 964 15 34 .
536 983 4 4 .
571 983 3 4 .
605 983 4 4 .
661 969 42 19 700
726 984 11 9 ,,

197 998 88 19 Remont
300 997 22 19 af
336 998 132 24 lösegendom
504 1012 3 4 .
538 1012 3 4 .
663 998 41 18 100
726 1012 12 10 ,,

198 1026 82 20 Skatter
291 1026 115 20 beräknade
417 1026 49 19 efter
476 1032 25 13 en
511 1008 98 48 medelin-

226 1055 68 20 komst
309 1055 23 19 af
344 1055 96 25 omkring
455 1055 86 25 4,000
536 1051 15 34 .
573 1070 3 3 .
607 1069 3 4 .
664 1055 40 19 125
728 1069 12 11 ,

198 1084 118 24 Litteratur,
333 1087 37 17 ete.
403 1099 3 4 .
437 1099 3 3 .
573 1098 38 4 ay
665 1084 41 19 100
729 1098 11 10 ,,

505 1099 105 38 Summa
641 1118 63 24 5,075

164 1175 37 20 Uti
216 1176 65 19 denna
295 1182 79 13 summa
388 1175 61 25 ingår
464 1178 54 16 ännu
533 1175 51 19 intet
599 1175 33 19 för
647 1174 131 26 deltagandet
793 1175 7 19 i
816 1174 34 20 det

94 1204 76 20 sociala
186 1204 64 25 lifvet,
267 1204 85 20 emedan
367 1204 34 19 det
417 1204 58 20 torde
490 1211 49 13 vara
553 1206 75 24 ytterst
643 1205 57 18 svårt
715 1206 29 17 att
759 1204 47 19 med
816 1205 35 17 nå-

94 1239 42 19 gon
157 1232 78 21 visshet
257 1232 83 26 angifva
362 1233 67 19 denna
443 1233 31 19 för
489 1232 68 20 skilda
571 1239 96 19 personer
682 1232 7 19 i
704 1234 23 18 så
742 1232 41 26 hög
798 1232 53 25 grad

95 1261 55 20 olika
164 1262 124 26 utgiftspost,
296 1268 53 19 men
364 1262 40 19 den
419 1265 23 16 är
457 1262 32 19 för
499 1261 70 26 hvarje
579 1261 113 20 skollärare
702 1261 80 25 ganska
792 1263 62 22 stor;-

95 1290 18 25 ej
131 1290 65 20 heller
213 1294 23 16 är
253 1292 61 24 något
334 1290 115 20 beräknadt
463 1290 34 20 för
511 1290 66 25 nöjen,
592 1292 70 17 räntor
676 1292 27 24 på
718 1290 76 19 studie-
810 1289 41 20 och

94 1319 229 25 bosättnings-skulder,
344 1318 142 26 lifförsäkring
501 1321 38 17 etc.
555 1331 27 2 —
598 1318 39 20 Om
659 1318 37 20 allt
718 1318 56 20 detta
789 1318 61 20 äfven

94 1351 59 22 tages
168 1349 46 19 med
228 1348 8 20 i
250 1348 144 25 beräkningen,
411 1348 93 24 framgär
519 1348 20 19 af
553 1347 147 20 ofvanstäende
711 1349 29 17 att
751 1347 39 20 den
799 1346 51 20 min-

95 1379 32 16 sta
149 1377 82 25 möjliga
252 1377 94 24 inkomst,
368 1377 47 18 med
435 1376 83 20 hvilken
535 1383 24 12 en
574 1378 23 17 sä
613 1379 42 16 stor
670 1376 66 24 familj
752 1382 44 13 som
812 1376 39 18 den

95 1406 68 19 säsom
178 1405 90 26 exempel
284 1405 84 20 anförda
383 1405 40 19 kan
439 1405 82 19 komma
535 1405 33 18 till
577 1407 60 22 rätta,
655 1407 22 16 är
692 1405 65 24 6,000
767 1404 35 20 mk
813 1403 39 20 och

95 1433 65 21 likväl
176 1437 22 16 är
213 1434 51 19 intet
279 1434 115 19 beräknadt
409 1434 31 19 för
455 1433 131 25 afbetalning
600 1435 27 24 pä
642 1433 88 20 skulder.

166 1473 98 18 Allmänna
277 1472 174 18 Besvärsutskottets
463 1472 110 17 betänkande
584 1471 36 18 N:o
635 1472 15 17 9.
