1056 1673
313 100 222 22 Petitionsbetänkande
552 101 33 21 N:o
601 100 15 22 1.
780 101 26 19 25

160 160 103 22 Särskildt
277 161 59 20 torde
351 161 46 19 icke
411 160 22 20 få
447 167 60 13 anses
523 160 109 26 obefogadt
647 162 31 18 att
693 160 7 20 i
716 160 57 21 detta
786 167 50 13 sam-

89 191 102 26 manhang
206 191 61 20 äfven
281 192 72 18 beröra
370 190 40 20 den
425 190 106 26 betydelse
546 190 31 20 för
593 190 99 26 sjöfarten
702 190 64 21 Räfsö
776 190 60 20 hamn

88 220 48 21 höst
156 222 38 20 och
213 222 44 24 vär,
271 220 22 26 ja
307 220 32 20 till
355 220 38 20 och
407 220 46 20 med
469 220 125 20 vintertiden
610 226 53 20 eger.
690 220 41 20 Det
738 220 41 20 kan
789 220 45 20 icke

89 251 107 25 bestridas,
217 252 30 18 att
262 250 91 26 inloppet
367 250 32 20 till
414 250 63 20 Räfsö
493 253 24 16 är
531 250 49 20 vida
596 250 122 25 beqvämare
734 253 26 17 än
775 252 15 18 t.
806 256 30 14 ex.

89 280 32 20 till
135 281 79 19 Raumo
231 280 37 19 och
283 280 86 26 Nystad.
401 280 36 19 Ett
452 279 79 21 faktum
547 283 23 17 är
581 280 67 25 också,
660 282 31 17 att
701 279 64 20 Räfsö
776 280 60 19 hamn

89 310 58 25 långt
161 310 49 26 inpå
225 310 73 19 hösten
313 310 73 19 liksom
401 309 82 26 mycket
498 310 61 26 tidigt
574 310 27 26 på
612 310 64 19 våren
686 312 24 17 är
720 309 116 26 tillgänglig

89 339 31 20 för
143 340 29 19 in-
196 340 37 19 och
255 339 103 25 utgående
380 338 75 26 fartyg,
476 342 53 17 samt
545 341 30 18 att
591 339 89 20 hamnen
696 338 60 21 äfven
771 338 64 20 under

90 369 123 26 högvintern
228 368 35 21 vid
274 369 82 25 vanliga
366 369 267 26 temperaturförhållanden
646 369 65 19 sällan
726 368 30 20 för
766 369 71 25 längre

90 399 30 20 tid
139 399 104 26 tillfryser.
274 399 40 19 Det
334 399 42 19 kan
391 398 68 20 derför
474 399 46 20 icke
535 399 46 25 fela,
598 401 36 24 att,
650 399 18 25 ej
684 398 79 20 mindre
778 399 58 19 Tam-

90 428 84 21 merfors
193 428 63 27 jemte
271 428 66 27 öfriga
353 430 54 19 orter
422 428 7 20 i
445 428 98 27 inlandet,
559 432 26 17 än
602 428 61 21 äfven
679 428 158 21 österbottniska

90 459 151 25 kuststäderna,
261 459 82 20 hvilkas
363 459 84 20 hamnar
462 459 59 26 långt
536 459 89 26 tidigare
640 459 122 25 isbeläggas,
778 458 57 20 skola

90 489 93 26 begagna
206 489 33 25 sig
261 488 23 20 af
304 488 237 26 sjöfartsförhållandena
559 489 8 19 i
588 488 64 20 Räfsö
674 489 66 26 hamn,
761 488 31 20 för
807 490 30 18 att

90 518 57 21 öfver
167 519 68 20 denna
255 521 32 17 ort
306 519 70 25 intaga
391 525 66 19 varor,
473 525 32 13 om
520 519 61 20 dessa
596 519 52 19 blott
664 518 90 20 derifrån
768 518 69 19 kunde

91 548 135 21 obehindradt
241 548 46 20 med
299 548 89 26 jernväg
403 548 112 20 befordras.
546 548 44 20 Och
607 548 69 20 alltför
686 548 83 26 utopisk
778 547 58 20 torde

91 578 45 20 icke
146 578 64 21 heller
221 578 62 20 tanke
293 585 56 20 vara,
360 580 31 18 att
404 577 64 21 Räfsö
475 578 62 20 hamn
545 578 10 28 ij
563 585 25 13 en
596 577 84 29 framtid
688 578 41 19 kan
736 581 62 22 göras
805 577 32 20 till

87 602 24 36 en
124 608 81 25 verklig
220 608 133 25 vinterhamn,
362 607 89 20 täflande
459 608 46 20 med
518 608 80 25 Hangö.
625 607 67 21 Afven
704 607 38 20 här
755 606 83 21 inträffa

91 637 160 20 understundom
260 637 172 26 oöfvervinneliga
439 637 92 20 ishinder
539 637 38 20 och
585 640 31 17 att
624 644 25 13 en
656 637 113 26 isbrytarei
781 637 56 20 Räfsö

90 667 62 20 hamn
171 667 70 20 kunde
261 670 50 23 göra
331 667 42 20 lika
391 667 54 26 goda
465 668 86 25 tjenster
567 674 43 13 som
625 667 7 20 i
647 667 81 27 Hangö,
744 667 58 20 torde
817 666 21 20 få

92 703 59 14 anses
176 697 31 20 för
229 697 70 26 gifvet.
329 697 38 20 Att
387 697 140 26 jernvägarna
549 698 50 19 böra
624 697 93 26 uppsöka
742 696 96 27 lämpliga

91 727 144 26 hamnplatser,
259 727 37 20 har
315 727 76 26 städse,
408 727 37 20 allt
460 727 63 20 sedan
537 727 220 25 jernvägsbyggnader
772 727 7 18 i
794 726 44 20 lan-

92 757 34 19 det
148 756 113 26 företagits,
283 757 78 26 utgjort
384 763 26 14 en
429 757 95 26 sanning,
545 757 85 20 hvarom
650 757 51 19 intet
716 756 72 20 tvifvel
803 757 35 24 egt

91 793 49 13 rum.
176 786 68 21 Också
267 786 37 20 har
326 786 35 20 vid
381 787 168 25 jernvägsnätets
572 786 120 26 fortgående
715 785 123 26 utvidgning

92 815 66 21 denna
180 816 89 26 sanning
291 816 58 20 alltid
371 816 68 19 funnit
457 816 130 27 tillämpning
602 816 93 27 sälunda,
712 818 30 17 att
758 817 22 18 sä
796 815 40 20 ofta

91 847 67 25 nägon
178 846 23 20 af
219 846 80 20 landets
315 846 118 20 kuststäder
449 846 71 26 bragts
536 846 5 20 i
558 846 125 20 förbindelse
698 845 45 21 med
756 846 81 25 jernvä-

91 882 47 20 gen,
158 876 69 20 denna
247 876 123 20 omedelbart
390 876 49 20 eller
459 876 123 20 åtminstone
597 876 63 20 innan
675 876 47 20 kort
737 875 100 20 utsträkts

91 905 31 20 till
144 905 85 20 stadens
251 906 65 19 hamn.
347 906 27 19 Sä
396 906 8 19 i
423 906 137 26 Helsingfors,
577 906 37 20 der
626 906 62 25 jemte
703 906 88 19 bibanan
807 904 31 20 till

90 935 76 20 Sörnäs
186 942 26 13 en
235 942 68 13 annan
325 936 115 19 hamnbana
460 942 85 14 numera
559 938 79 18 ansetts
653 935 123 26 nödvändig,
793 936 23 18 sä
831 934 7 19 i

90 954 52 42 Äbo,
158 965 110 27 Uleåborg,
285 965 72 20 Gamla
371 964 95 27 Karleby
481 966 38 19 och
535 965 115 20 Jakobstad
666 965 37 20 och
714 966 22 18 sä
748 965 7 19 i
766 965 70 25 Wasa,

92 994 36 20 der
142 994 130 20 hamnbanan
290 994 31 20 till
336 995 96 20 Wasklot
447 1002 44 13 som
506 996 47 19 bäst
568 998 23 17 är
607 995 65 19 under
686 994 104 27 byggnad,
807 994 31 19 för

92 1026 30 18 att
136 1024 46 20 icke
196 1027 74 17 nämna
285 1024 48 20 flere
349 1025 64 19 andra
428 1025 75 27 städer,
521 1024 44 21 dels
581 1025 36 20 vid
632 1025 80 26 kusten,
732 1024 43 20 dels
791 1024 21 19 in
826 1023 8 19 i

91 1053 75 27 landet,
183 1054 37 20 der
235 1054 71 26 längre
322 1054 49 20 eller
385 1054 83 20 kortare
483 1055 86 19 bibanor
584 1055 32 19 till
632 1054 106 20 städernas
753 1054 85 19 hamnar

92 1083 49 20 eller
165 1084 103 25 vigtigare
290 1084 157 26 lastageplatser
469 1084 37 20 vid
525 1084 32 20 till
578 1084 45 20 dem
642 1084 94 20 stötande
751 1083 87 20 farleder

92 1113 36 20 ech
149 1114 123 25 vattendrag
291 1114 82 20 kommit
393 1114 31 20 till
440 1114 67 20 stånd.
538 1114 138 26 Björneborgs
692 1113 46 21 stad
753 1116 37 23 gör
806 1113 32 25 sig

91 1142 68 20 derför
174 1143 103 21 förvissad
292 1144 75 26 derom,
384 1146 31 18 att
430 1144 45 20 icke
491 1144 64 20 heller
570 1151 28 13 nu
613 1144 8 19 i
636 1144 58 26 fråga
709 1150 31 13 om
755 1143 83 25 Björne-

90 1172 89 26 borgska
201 1173 79 20 banans
303 1174 144 25 utsträckning
469 1174 32 19 till
524 1174 128 25 Mäntyluoto
680 1174 68 24 någon
771 1179 67 13 annan

91 1202 132 26 uppfattning
238 1203 43 20 kan
296 1206 49 23 göra
361 1203 32 25 sig
408 1204 101 26 gällande,
526 1204 38 19 och
579 1203 57 20 detta
652 1204 23 19 sä
685 1202 81 26 mycket
776 1208 61 20 mera,

91 1238 43 14 som
149 1232 63 26 ingen
227 1233 48 20 stad
289 1233 8 19 i
311 1232 70 20 landet
397 1233 24 19 af
433 1236 88 17 naturen
537 1236 23 17 är
575 1233 101 20 hänvisad
691 1234 26 24 pä
732 1239 26 13 en
768 1232 71 25 längre

92 1262 37 20 och
151 1262 79 20 mindre
253 1262 160 26 ändamälsenlig
435 1263 124 19 förbindelse
579 1263 47 19 med
646 1262 76 26 hafvet,
744 1262 37 19 och
801 1261 37 19 har

90 1291 138 26 Björneborgs
251 1292 53 27 stad,
325 1292 64 20 ehuru
409 1292 73 20 staden
505 1292 63 20 redan
583 1292 89 26 tidigare
687 1291 105 21 förbundit
806 1290 32 26 sig

91 1323 31 18 att
136 1321 32 20 til
183 1322 165 26 Björneborgska
363 1322 112 26 jernvägen
491 1322 86 26 bidraga
592 1322 46 20 med
650 1322 79 24 25,000
738 1320 58 20 mark
806 1327 32 13 om

91 1352 44 19 året
156 1351 8 19 i
186 1352 29 19 40
238 1353 33 18 års
293 1352 36 26 tid,
355 1352 45 20 icke
423 1352 72 20 tvekat
518 1354 30 18 att
570 1352 32 20 för
624 1351 103 21 vinnande
742 1350 23 20 af
778 1350 60 20 ofvan

90 1380 89 20 nämnda
199 1381 102 20 särskilda
321 1381 153 26 önskningsmäl
495 1382 121 25 ytterligare
631 1381 69 20 ikläda
716 1380 32 26 sig
763 1382 29 18 ett
808 1380 29 19 bi-

90 1410 52 26 drag
162 1410 24 20 af
207 1411 95 27 300,000
325 1411 58 20 mark
398 1411 32 20 till
446 1411 157 26 kajbyggnader
619 1411 35 20 vid
670 1410 132 26 ändpunkten
818 1408 22 21 af

161 1450 175 23 Jernvägsutskoltets
348 1450 107 19 betänkande
467 1450 37 19 N:o
516 1452 13 16 1.
