1061 1675
267 148 276 23 Petitionsbetänkande
558 149 45 22 N:o
619 149 38 22 39.
802 149 12 20 9

190 211 52 22 VI.

157 266 171 30 (Öfversättning).

206 333 58 19 Till
286 334 184 19 hedervärda
490 333 234 20 Bondeståndet!

164 391 8 20 I
195 391 44 19 hela
261 390 99 20 mellersta
383 390 86 20 Savolax
492 391 70 24 finnes,
578 396 43 14 som
637 390 62 20 kändt
713 392 27 23 är,

90 422 66 18 staten
170 420 96 19 bekostad
280 419 117 19 läroanstalt
412 419 29 19 för
456 419 172 25 qvinnobildning,
650 420 30 24 ity
703 421 29 17 att
747 419 38 19 alla
800 420 44 19 där-

90 448 86 20 varande
197 448 67 20 skolor
284 448 29 19 för
327 448 79 19 flickors
422 448 119 25 uppfostran
555 450 34 17 äro
604 448 104 19 tillkomna
722 454 72 19 genom
810 454 34 14 en-

91 477 51 19 skild
157 477 157 25 företagsamhet.
344 476 25 20 Så
383 478 23 18 är
420 476 37 20 ock
472 476 130 20 förhållandet
616 477 6 19 i
633 476 30 20 S:t
675 476 76 25 Michel,
763 477 82 19 hvarest

90 512 25 14 en
141 506 98 24 6-klassig
259 505 194 20 fruntimmersskola
475 505 46 19 med
543 505 39 25 god
604 505 104 25 framgång
722 506 36 18 har
773 505 72 19 varit
836 501 13 34 i

91 534 131 25 verksamhet,
244 540 46 13 men
309 534 51 19 kräft
375 535 43 18 stor
433 534 114 25 uppoffring
562 534 44 19 från
621 534 87 19 enskildt
722 534 47 24 håll,
784 534 62 25 något

91 570 43 13 som
154 563 58 20 äfven
234 562 86 26 framgår
339 563 20 19 af
373 563 85 24 följande
473 563 160 25 sifferuppgifter.
664 563 83 20 Skolans
763 563 83 25 utgifter

91 598 48 13 voro
154 592 29 19 för
198 591 42 20 året
256 592 53 20 1889
326 591 74 25 13,120
416 591 34 19 mk
461 591 27 20 90
499 598 24 19 p.,
533 591 98 20 fördelade
641 591 26 26 på
675 591 83 26 följande
767 593 77 24 poster:

90 621 99 19 lärarenes
211 620 87 25 aflöning
321 620 73 24 10,191
418 620 34 19 mk
476 621 25 18 75
524 627 25 18 p.,
571 620 74 19 möbler
660 620 37 19 och
712 620 134 19 skolmaterial

93 650 60 24 1,133
161 649 33 19 mk
202 650 12 19 3
222 655 24 19 p.,
253 649 48 24 hyra
308 649 28 19 för
344 649 121 19 skollokalen
474 649 59 22 1,200
542 649 33 19 mk
583 651 52 17 samt
642 649 130 25 upplysning,
779 651 67 17 värme

91 684 26 13 m.
133 684 25 13 m.
174 678 40 19 596
230 677 34 19 mk
280 678 24 19 12
320 683 19 19 p.
354 689 28 2 —
397 677 140 20 Inkomsterna
552 683 47 14 voro
611 677 88 20 däremot
708 677 50 20 blott
770 677 74 24 10,142

91 707 34 19 mk
141 706 26 20 89
182 713 20 18 p.
223 706 84 19 sälunda
322 706 106 19 fördelade:
446 706 141 25 statsbidraget
604 706 59 24 7,000
680 706 38 25 mk,
733 706 113 19 terminsaf-

91 735 60 25 gifter
165 734 61 28 2,860
241 735 33 18 mk
290 734 36 20 och
340 735 62 18 andra
417 735 111 19 inkomster
543 735 40 19 282
599 735 34 18 mk
649 735 26 19 89
690 741 18 18 p.

161 764 27 19 År
211 763 54 20 1890
288 769 46 13 voro
350 763 108 25 utgifterna
475 763 74 24 12,305
565 763 34 19 mk
614 764 26 19 35
656 769 19 20 p.
689 763 7 19 i
711 763 85 25 följande
811 769 35 19 po-

93 794 46 18 ster:
163 792 97 19 lärarenes
282 792 60 19 löner:
367 792 74 23 10,320
462 792 39 24 mk,
516 792 74 19 möbler
605 792 37 19 och
657 792 132 19 skolmaterial
806 792 40 20 236

92 821 34 19 mk
149 820 26 20 20
190 827 25 18 p.
230 821 50 24 hyra
295 821 28 18 för
338 820 122 19 skollokalen
477 820 60 24 1,200
553 821 34 18 mk
602 823 52 17 samt
669 821 28 19 för
713 823 67 17 värme
795 827 51 18 upp-

92 849 84 25 lysning
197 855 26 13 m.
238 855 26 13 m.
280 849 40 19 549
336 849 33 19 mk
385 849 26 19 15
427 855 19 19 p.
476 849 139 19 Inkomsterna
631 855 47 13 voro
695 849 60 24 9,869
771 848 33 20 mk
820 849 26 19 35

92 884 26 19 p.:
135 878 160 19 statsunderstöd
310 876 61 25 7,000
387 877 39 23 mk,
441 877 162 25 terminsafgifter
614 878 61 21 2,560
685 878 33 18 mk
726 879 52 17 samt
786 877 61 19 andra

93 906 97 25 tillfälliga
211 906 40 20 309
274 906 33 19 mk
330 906 25 19 35
379 912 19 19 p.
428 906 108 20 Skilnaden
551 906 72 19 mellan
638 906 110 20 inkomster
763 906 37 19 och
815 907 32 18 ut-

93 935 59 25 gifter
174 934 90 26 utgjorde
286 934 65 20 alltsä:
374 934 22 20 är
413 935 55 19 1889
485 935 60 24 2,798
561 935 34 19 mk
610 937 52 17 samt
677 934 22 20 är
715 935 54 19 1890
786 935 60 23 2,436

93 964 40 18 mk.
162 964 35 18 Att
219 963 26 25 pä
266 963 66 25 privat
346 965 39 23 väg
400 963 20 19 fä
436 963 63 19 medel
515 963 30 19 till
561 963 97 25 fyllandet
672 964 20 18 af
706 964 65 18 denna
786 962 62 26 ärliga

93 992 51 19 brist
159 992 68 19 ställer
242 992 31 24 sig
288 992 21 19 är
324 992 29 19 för
367 992 22 19 är
404 992 36 19 allt
455 992 80 19 svårare
551 992 36 19 och
603 992 94 25 slutligen
713 992 56 19 torde
778 991 70 20 skolan

93 1020 76 25 nödgas
184 1020 41 20 helt
240 1020 36 20 och
291 1020 61 20 hället
369 1020 91 26 upphöra
475 1020 45 20 med
535 1020 32 20 sin
583 1020 131 20 verksamhet.
746 1020 37 19 Till
798 1020 50 19 före-

93 1049 118 19 kommande
233 1049 20 19 af
267 1051 29 17 ett
311 1048 72 20 sädant
398 1048 122 20 förhällande
535 1049 51 25 väga
601 1049 19 19 vi
637 1049 81 25 hoppas,
733 1050 31 18 att
779 1048 69 20 heder-

94 1078 61 18 värda
176 1077 149 20 Bondeständet
346 1078 92 19 förenade
454 1078 31 24 sig
500 1084 32 13 om
547 1084 26 13 en
588 1078 83 25 petition
687 1078 29 19 till
730 1077 57 20 Hans
802 1076 46 26 Kej-

95 1106 72 25 serliga
181 1106 91 25 Majestät
286 1106 6 19 i
307 1106 60 25 syfte:

368 1148 27 18 att
417 1148 62 17 staten
494 1147 93 24 öfvertoge
601 1146 36 19 den
649 1146 77 25 privata
740 1145 109 26 finsksprä-

299 1175 44 24 kiga
363 1175 206 25 fruntimmersskolan
591 1175 8 19 i
616 1175 31 19 S:t
660 1175 68 19 Michel
742 1176 52 17 samt
808 1180 42 13 om-

300 1203 72 20 bildade
387 1203 36 20 den
439 1203 29 20 till
482 1210 24 13 en
520 1203 63 20 sådan
598 1203 111 20 läroanstalt
722 1203 34 25 för
770 1203 80 25 gvinno-

300 1232 93 25 bildning,
416 1239 43 12 som
480 1232 78 25 Nädiga
572 1232 145 25 Förordningen
732 1232 26 25 af
769 1231 38 20 den
823 1231 28 19 27

300 1261 106 19 November
421 1261 57 19 1885
492 1261 83 25 stadgar.

164 1306 130 25 Helsingfors,
308 1307 40 19 den
363 1307 12 19 6
391 1306 93 20 Februari
501 1307 60 19 1891.

165 1357 20 23 A.
201 1357 89 28 Kyander.

165 1421 30 19 En
216 1421 21 19 af
250 1420 185 21 föreständerinnan
450 1420 57 25 gjord
522 1420 123 25 förteckning
659 1421 54 19 öfver
727 1419 76 20 antalet
818 1418 32 21 sä-

96 1449 32 21 väl
143 1449 61 20 lärare
220 1455 43 14 som
278 1449 64 20 elever
357 1449 77 25 bifogas
448 1449 102 25 härjämte.

165 1488 102 17 Allmänna
279 1487 169 18 Besvärsutskottets
460 1487 112 18 betänkande
584 1488 37 16 N:o
634 1487 31 17 29.
