1064 1661
285 134 243 23 Petitionsbetänkande
544 135 36 22 N:o
595 133 20 24 9.
788 136 13 20 3

78 205 111 26 nyländska
213 204 128 26 afdelningen
364 211 42 12 som
430 205 136 26 polytekniska
589 205 110 19 institutets
717 206 65 19 elever
798 207 36 18 och

78 234 65 19 finska
158 233 197 26 gvinnoföreningen
370 236 28 17 att
414 234 87 19 meddela
517 234 145 25 undervisning
677 235 20 18 åt
711 235 94 19 arbetare.

144 267 89 19 Tillfälle
249 271 28 15 att
292 267 87 19 inhemta
394 267 113 26 kunskaper
523 269 34 18 har
573 269 84 18 sålunda
672 267 33 20 för
719 268 115 19 hufvudsta-

75 297 48 18 dens
149 297 87 19 arbetare
260 297 160 25 mångdubblats,
444 304 44 12 men
509 298 23 18 de
555 297 198 25 bildningssökandes
779 298 54 18 antal

76 325 65 25 tyckes
165 332 46 12 vara
233 326 6 18 i
251 326 66 24 jämnt
333 326 96 24 stigande,
444 327 22 17 så
481 329 27 15 att
523 326 24 19 de
562 326 54 24 gifva
631 326 37 18 full
683 326 150 25 sysselsättning

77 356 20 17 åt
113 354 44 24 alla,
171 360 43 13 som
230 354 47 25 vilja
291 361 51 19 egna
358 355 29 25 sig
402 354 60 20 därät.

148 389 214 25 Arbetareföreningen
381 388 61 26 följde
458 388 45 20 frän
520 389 70 24 början
605 389 138 25 grundsatsen,
752 392 28 16 att
795 388 39 20 den

79 425 42 12 som
137 418 86 19 önskade
244 418 79 19 komma
343 418 7 19 i
365 418 117 25 åtnjutande
497 418 20 19 af
531 418 143 25 undervisning
690 417 68 20 därför
773 418 60 19 borde

79 447 79 25 erlägga
178 453 25 12 en
223 447 48 19 liten
291 446 64 26 afgift,
376 453 45 13 men
437 447 61 19 sedan
513 447 62 18 andra
589 448 74 24 begynt
679 447 88 19 meddela
783 447 50 19 kost-

79 475 76 20 nadsfri
179 476 149 25 undervisning,
345 477 35 18 har
403 476 206 25 arbetareföreningen
635 475 45 25 följt
705 476 52 19 detta
782 475 51 20 före-

79 505 63 19 döme.
179 505 33 18 Då
228 505 116 25 föreningen
365 505 92 24 därjämte
473 508 69 21 ansett,
557 507 28 16 att
599 503 32 21 för
645 505 189 19 arbetareundervis-

79 533 76 25 ningen
170 535 49 18 böra
234 534 71 19 anlitas
328 534 23 18 de
367 534 56 18 bästa
438 534 69 24 lärare,
521 533 67 20 hvilka
603 532 31 21 för
649 536 29 16 att
693 535 65 18 såsom
775 534 59 19 önsk-

79 562 57 19 värdt
151 564 27 22 är,
195 562 32 19 för
242 563 68 25 längre
325 562 28 19 tid
369 562 68 19 kunna
453 562 59 19 fästas
528 562 33 19 vid
577 562 65 19 denna
652 562 129 25 verksamhet,
794 564 40 17 må-

79 594 29 16 ste
131 592 75 18 aflönas
229 592 38 23 väl,
290 592 22 18 så
327 590 59 20 hafva
401 590 107 26 utgifterna
523 591 54 25 stigit
592 592 29 18 till
636 591 75 25 ganska
725 592 110 25 betydande

79 626 92 19 summor,
189 620 91 25 omkring
296 620 63 24 3,500
374 620 54 19 mark
447 620 82 25 årligen,
544 620 36 19 och
596 620 32 19 det
643 620 80 19 oaktadt
738 620 53 19 lokal
807 627 27 12 er-

79 648 66 20 hållits
167 649 70 25 gratis,
259 649 73 19 hvilket
354 652 55 16 utom
433 649 50 19 hvad
499 648 129 26 föreningens
644 649 51 19 salar
710 649 91 19 beträffar
816 650 17 24 ej

80 677 30 19 för
125 677 106 20 framtiden
247 680 20 16 är
282 681 27 15 att
324 678 94 25 päräkna.
448 677 114 26 Utgifterna
577 677 60 19 hafva
647 678 91 19 bestridts
749 677 85 20 hufvud-

79 706 88 26 sakligen
191 707 44 19 med
258 713 13 12 s.
295 707 18 18 k.
335 706 215 26 utskänkningsmedel,
570 706 96 26 beviljade
681 706 41 20 dels
737 706 22 20 af
773 707 61 19 stads-

79 734 129 27 fullmäktige,
224 736 41 18 dels
281 736 22 18 af
316 736 227 25 utskänkningsbolaget
558 736 36 18 och
610 736 63 24 villigt
688 737 60 17 mäste
764 736 69 19 erkän-

79 770 36 13 nas
137 767 28 16 att
187 764 146 20 vederbörande
352 765 5 18 i
373 765 107 18 allmänhet
495 771 61 19 gerna
571 770 58 20 synas
645 764 59 20 hafva
719 767 76 17 voterat
810 765 23 19 de

79 792 128 26 erforderliga
221 799 122 19 summorna,
359 800 45 12 men
419 794 155 24 anslagsvägran
589 794 37 18 och
642 792 57 20 deraf
706 792 89 26 följande
806 793 27 20 af-

79 822 53 19 brott
154 822 7 18 i
183 822 170 27 undervisningen
377 823 34 18 har
427 822 50 19 dock
492 822 127 19 förekommit
635 823 35 18 och
686 821 148 26 otvifvelaktigt

79 852 22 17 är
123 853 28 16 att
165 850 263 26 undervisningsförctagets
451 851 94 25 ställning
560 853 21 16 är
596 851 76 25 ganska
687 851 108 18 vacklande
810 851 25 19 dä

80 879 37 19 den
133 879 120 20 uteslutande
267 881 58 18 beror
341 879 22 20 af
376 880 68 25 anslag
460 879 46 20 utaf
519 880 132 25 ofvanantydä
667 879 138 20 beskaffenhet.

148 914 11 18 I
173 913 147 20 hufvudstaden
335 914 61 20 hafva
411 913 152 21 förhällandena
578 914 107 19 emellertid
700 915 90 25 gestaltat
805 914 30 25 sig

79 943 76 25 ganska
177 943 130 25 fördelaktigt,
331 943 169 25 hufvudsakligen
516 943 82 19 emedan
613 943 36 19 här
664 942 63 20 finnes
744 946 27 16 ett
786 946 49 16 stort

80 972 53 18 anta]
156 978 99 19 personer,
272 978 43 13 som
331 978 37 19 ega
383 972 49 19 bäde
448 972 47 25 vilja
510 972 36 19 och
562 972 90 25 förmäga
667 975 29 16 att
710 971 125 27 framgängs-

80 1000 38 20 rikt
134 1000 58 20 verka
209 1001 30 19 för
253 1001 66 20 saken.

149 1035 47 19 Helt
218 1036 125 18 annorlunda
365 1037 22 17 är
409 1036 32 18 det
461 1036 7 18 i
483 1036 197 24 landsortsstäderna,
695 1038 20 23 ty
731 1036 34 18 der
780 1036 56 18 räder

80 1064 151 25 mängenstädes
252 1064 47 19 brist
321 1066 25 23 pä
368 1064 95 25 lämpliga
477 1063 139 20 läravekrafter
631 1064 36 19 och
684 1064 59 19 äfven
758 1064 23 19 de
797 1071 38 12 ma-

80 1093 67 18 teriela
168 1099 115 12 resurserna
301 1095 34 16 äro
351 1092 42 19 ofta
409 1099 52 12 mera
477 1093 127 24 begränsade.
639 1093 10 18 I
665 1092 50 25 följd
730 1092 59 20 häraf
801 1094 35 17 har

79 1121 32 19 det
126 1121 17 25 ej
159 1121 74 26 lyckats
249 1122 45 18 flere
309 1124 26 16 än
351 1121 12 19 3
380 1121 21 19 af
414 1121 76 19 landets
508 1122 25 18 18
549 1121 204 26 arbetareföreningar
763 1124 28 17 att
801 1128 35 12 an-

80 1150 63 19 ordna
157 1151 234 24 arbetareundervisning
406 1149 22 20 af
441 1152 69 23 nägon
526 1152 62 17 större
603 1150 106 26 betydelse.
739 1150 10 19 I
765 1151 23 18 de
804 1151 32 18 fle-

79 1182 30 16 sta
131 1179 165 19 landsortsstäder
319 1179 61 19 sakna
403 1179 66 19 därför
492 1179 23 19 de
530 1179 53 19 äldre
599 1179 102 19 arbetarne
716 1179 76 19 tillfälle
807 1179 29 19 till

80 1207 126 20 inhemtande
229 1208 22 19 af
271 1208 82 19 allmänt
369 1208 82 19 vetande
467 1208 37 19 och
520 1208 52 19 detta
587 1207 106 25 försvårar,
710 1209 25 24 pä
750 1210 39 17 sätt
801 1208 35 25 jag

80 1237 6 18 i
109 1236 33 19 det
164 1236 120 25 föregående
307 1237 44 18 sökt
366 1237 47 23 visa,
429 1237 6 18 i
452 1237 57 24 högst
525 1237 111 25 väsendtlig
651 1237 47 25 grad
714 1237 122 19 arbetarekä-

80 1271 45 14 rens
141 1265 114 26 utveckling
270 1266 50 18 både
336 1266 6 18 i
357 1265 132 19 intellektuelt
505 1265 37 19 och
557 1266 96 19 materielt
667 1265 100 20 afseende.

148 1300 37 19 Att
199 1301 60 18 saken
275 1299 68 20 därför
358 1302 22 17 är
396 1300 21 18 af
431 1302 42 17 stor
484 1301 36 18 och
529 1299 131 20 fosterländsk
668 1300 106 26 betydelse,
782 1300 55 19 torde

80 1329 67 25 ingen,
156 1335 43 13 som
206 1325 53 34 följt
277 1329 34 18 med
327 1329 37 18 den
381 1329 73 19 sociala
470 1329 80 25 frägans
558 1329 122 25 utveckling,
688 1329 47 25 vilja
742 1329 94 19 bestrida.

149 1357 84 26 Förslag
255 1364 32 12 om
311 1358 90 24 ätgärder
423 1357 32 19 för
483 1358 266 25 arbetareundervisningens
773 1356 64 20 befor-

81 1386 74 18 drande
178 1387 49 18 böra
241 1386 74 19 således
331 1385 60 19 äfven
412 1385 37 19 hos
465 1392 33 13 oss
514 1386 69 19 kunna
598 1386 89 25 päräkna
702 1387 83 18 allmänt
800 1392 37 12 un-

81 1415 84 18 derstöd.
196 1415 11 19 I
225 1414 54 26 hopp
295 1421 32 12 om
344 1418 27 15 att
386 1416 22 17 sä
423 1414 51 20 skall
489 1422 47 12 vara
550 1414 57 20 fallet
621 1415 36 19 har
669 1415 35 25 jag
719 1418 64 16 ansett
799 1415 39 25 mig

81 1445 48 17 böra
154 1444 70 25 bringa
247 1444 63 19 under
326 1443 145 26 öfvervägande
488 1444 70 25 frågan
574 1451 31 12 om
623 1444 109 25 beviljande
749 1443 22 20 af
783 1447 56 16 stats-

152 1482 98 18 Allmänna
264 1482 172 17 Besvärsutskottets
448 1482 109 18 betänkande
569 1482 36 18 N:o
618 1483 17 17 6.
