1056 1670
331 92 225 23 Petitionsbetänkande
572 93 35 22 N:o
622 92 15 22 1.
787 92 42 22 125

415 242 33 17 21
461 240 35 18 och
510 241 41 18 22.

179 294 91 22 Jemlikt
286 296 87 20 senaste
389 293 111 28 Ständers,
517 295 24 21 af
552 294 61 21 Hans
624 293 124 28 Kejserliga
758 294 103 27 Majestät

108 330 125 22 fastställda
247 330 73 21 beslut
334 330 100 21 kommer
449 330 115 27 samtidigt
583 329 47 22 med
642 329 41 22 den
694 329 107 22 Karelska
812 329 48 22 huf-

108 367 126 20 vudbanans
255 365 112 28 byggande
387 368 33 19 att
439 365 83 22 utföras
542 372 26 15 en
587 365 81 22 bibana
684 365 97 22 derifrån
797 365 63 28 längs

108 402 112 21 Wuoksen
237 401 65 21 elfdal
319 401 33 21 till
368 401 81 21 Imatra
460 401 121 22 vattenfall.
612 401 62 21 Ifrän
686 401 141 27 slutpunkten
839 401 24 21 af

109 437 70 21 denna
195 437 79 21 bibana
290 438 94 20 äterstär
399 439 59 19 ännu
474 443 27 15 en
517 437 88 21 sträcka
621 436 23 22 af
658 437 30 24 6,3
700 437 116 21 kilometer
827 436 34 22 till

108 474 111 20 närmaste
240 473 65 21 hamn
324 472 37 22 vid
380 472 79 28 Saima,
475 472 105 22 Harakka
596 472 150 28 lastageplats.
777 472 43 22 Det
836 474 25 19 är

110 508 124 22 utförandet
249 508 24 22 af
287 508 71 22 denna
373 508 143 28 fortsättning
532 508 34 22 till
582 508 82 22 Imatra
680 508 94 22 bibanan
790 514 46 15 som
853 508 8 20 i

110 544 26 22 de
157 543 148 28 föreliggande
326 544 246 26 petitionsmemorialen
589 544 66 22 afses.
686 544 10 21 I
714 545 71 21 denna
800 543 61 27 fråga

109 581 71 25 yttrar
195 580 35 26 sig
246 583 85 18 senaste
342 579 103 22 Ständers
457 580 194 26 Jernvägsutskott
662 581 28 25 pä
700 579 96 27 följande
808 580 53 20 sätt:

181 631 4 9 v
187 615 82 25 Ehuru
284 616 166 21 utsträckandet
466 615 23 22 af
502 616 93 21 bibanan
607 615 34 21 till
653 615 103 22 Harakka
767 615 94 26 lastage-

109 651 58 27 plats
183 651 73 21 kunde
272 651 97 21 medföra
385 652 69 26 någon
471 654 62 24 nytta
548 651 34 21 för
600 652 26 20 de
643 651 130 21 industriela
784 651 77 21 inrätt-

109 686 108 27 ningarna
239 687 38 21 och
299 686 62 22 äfven
382 686 34 22 för
437 687 171 25 turiströrelsen,
624 687 41 21 har
681 687 110 21 utskottet
807 686 55 21 dock

110 724 79 26 ansett,
211 724 33 20 att
265 723 37 21 det
317 723 73 21 kunde
405 722 84 22 lemnas
506 724 22 20 åt
544 722 118 22 framtiden
679 724 33 20 att
728 722 133 27 ädagalägga

109 758 108 21 huruvida
238 760 32 19 ett
290 758 93 27 verkligt
403 758 68 21 behof
483 758 144 27 rättfärdigar
643 758 41 21 den
700 758 123 27 uppoffring
840 756 24 22 af

109 794 98 27 430,000
222 794 69 26 mark,
307 800 45 15 som
369 794 109 26 företaget
494 794 70 21 skulle
581 793 117 22 medföra".

181 829 48 21 Den
251 830 78 21 tvekan
348 835 34 16 om
401 830 82 21 banans
501 829 140 27 behöflighet,
661 835 46 16 som
721 830 40 20 här
771 828 92 27 uttalas,

110 871 63 20 synes
189 865 110 21 utskottet
319 865 55 21 dock
390 865 18 26 ej
425 865 131 27 berättigad.
581 865 134 26 Visserligen
734 865 39 21 har
789 864 74 21 Saima

110 901 135 21 vidsträckta
260 894 163 28 vattenomräde
440 907 77 21 genom
534 901 42 21 den
592 900 222 22 Willmanstrandska
825 899 38 22 ba-

111 943 53 14 nans
179 936 114 27 byggande
308 937 67 21 redan
392 937 7 20 i
415 943 26 15 en
453 937 71 26 punkt
534 937 72 21 blifvit
617 936 23 21 af
648 937 119 26 jernvägen
778 935 85 26 berörd,

110 978 50 15 men
182 972 89 21 härmed
293 972 106 21 uteslutes
415 974 58 19 ännu
489 972 120 27 ingalunda
625 971 152 27 önskligheten
793 971 24 21 af
830 973 34 24 yt-

110 1007 103 27 terligare
234 1007 134 28 anslutning,
390 1007 146 28 synnerligast
558 1008 27 21 dä
608 1008 70 21 denna
699 1008 43 20 kan
764 1007 38 20 ske
818 1012 45 15 me-

111 1043 57 21 delst
183 1049 27 15 en
226 1043 62 26 bana,
304 1049 45 15 som
367 1043 6 21 i
390 1044 24 20 sä
429 1043 44 27 hög
488 1043 54 27 grad
559 1049 46 15 som
622 1043 83 20 Imatra
720 1042 95 21 bibanan
827 1041 37 22 be-

111 1077 63 22 sitter
195 1078 161 26 betingelserna
375 1078 32 21 för
424 1085 26 15 en
467 1078 103 21 framtida
586 1080 47 19 stor
649 1077 71 22 trafik.
752 1077 32 21 De
800 1077 64 21 indu-

111 1113 74 22 striela
201 1114 60 27 verk,
277 1114 74 21 hvilka
364 1114 35 21 vid
410 1114 100 21 forsarna
521 1114 6 21 i
538 1114 113 21 Wuoksen
662 1113 31 22 elf
702 1112 163 27 otvifvelaktigt

111 1149 7 21 i
139 1155 26 15 en
186 1149 98 28 framtid,
306 1149 34 22 till
360 1150 26 21 de
407 1150 38 21 der
466 1150 67 21 redan
555 1149 125 27 bestående,
702 1148 63 22 skola
784 1149 81 26 uppstå

110 1185 70 21 mäste
199 1185 139 27 naturligtvis
354 1191 52 16 vara
422 1186 7 21 i
445 1185 67 22 behof
527 1185 23 22 af
564 1192 26 15 en
607 1185 43 21 lätt
666 1184 132 22 förbindelse
815 1184 50 21 med

110 1219 80 28 Saima,
212 1221 95 21 derifrän
327 1221 223 26 sjökommunikation
567 1221 46 21 stär
629 1221 33 20 för
678 1221 48 20 dem
744 1222 70 25 öppen
831 1218 33 21 till

110 1256 50 21 hela
181 1256 38 21 det
239 1258 60 20 östra
320 1256 101 21 Finland.
453 1257 45 21 Och
521 1256 102 22 omvändt
644 1258 24 19 är
684 1262 84 15 samma
784 1254 80 22 förbin-

112 1291 59 21 delse
187 1291 24 21 af
220 1291 119 27 ingalunda
349 1292 63 26 ringa
423 1292 46 27 vigt
479 1292 35 21 för
524 1292 104 21 Savolaks
639 1292 40 20 och
690 1291 101 21 Karelen.
819 1290 45 26 Att,

111 1327 73 21 förrän
205 1333 50 15 man
274 1328 39 20 när
329 1327 41 21 den
387 1328 61 20 stora
463 1327 75 21 bassin
554 1334 46 14 som
618 1326 102 22 afbördar
736 1326 40 22 sitt
791 1326 74 21 vatten

111 1368 77 21 genom
205 1362 111 22 Wuoksen
333 1362 31 22 elf
378 1362 86 27 afbryta
480 1369 26 15 en
520 1363 100 26 jernväg,
636 1368 47 16 som
699 1362 35 21 vid
750 1362 34 21 sin
795 1361 71 26 södra,

111 1398 115 26 ändpunkt
249 1399 47 20 stär
316 1398 7 21 i
344 1398 101 27 beröring
466 1398 50 22 med
538 1398 41 22 den
603 1397 95 23 derifrän
719 1398 75 26 längre
810 1396 56 22 fram

182 1438 176 23 Jernvägsutskottets
370 1438 108 19 betänkande
490 1438 36 19 N:o
540 1440 15 16 1.
