1073 1675
213 141 85 23 Ständ.
313 141 54 22 Pet.
383 154 28 2 —
425 141 176 22 Petitionsbet.
616 140 47 23 N:o
679 141 38 22 38.
803 142 12 19 3

153 204 75 28 Enligt
250 203 130 22 Ständernas
403 204 87 28 mening
512 204 69 20 skulle
601 211 26 13 en
642 204 95 20 revision
753 203 23 21 af
790 210 54 14 mer-

85 238 90 22 berörda
196 238 79 28 nådiga
290 238 127 28 kungörelse
432 238 50 21 bäst
496 238 73 20 kunna
584 237 125 21 förberedas
725 237 23 21 af
764 245 25 13 en
805 237 39 21 ko-

84 274 57 26 mité,
163 275 138 19 sammansatt
323 272 48 21 icke
393 272 56 21 blott
470 272 23 21 af
513 272 131 21 veterinärer
667 274 52 18 utan
741 272 66 21 äfven
822 271 23 21 af

84 307 146 29 jordbrukare.
260 306 49 22 Och
325 306 88 21 emedan
429 306 27 21 de
472 306 105 28 åtgärder,
588 313 45 14 som
644 306 129 21 inträffande
784 306 60 20 krea-

84 341 171 29 turssjukdomar
277 340 73 21 kunna
367 340 119 26 föranleda,
507 340 46 22 ofta
575 342 37 19 äro
628 340 23 21 af
667 340 42 21 den
723 339 122 22 beskaffen-

85 376 43 26 het,
143 378 31 18 att
189 375 26 21 de
231 375 83 28 ingripa
325 375 8 20 i
343 374 42 22 den
396 374 108 22 enskildes
516 374 131 28 eganderätt,
660 382 63 21 synes
734 374 38 21 det
782 374 63 21 Stän-

86 410 71 26 derna,
181 412 31 18 att
230 410 94 20 revision
343 409 23 21 af
385 408 99 29 gällande
506 409 131 27 författning
656 408 43 22 kan
713 408 87 22 komma
815 410 31 19 att

85 445 104 21 framvisa
203 443 159 28 behöfligheten
377 443 23 21 af
415 443 142 28 stadganden,
571 443 74 21 hvilka
660 443 49 21 icke
720 443 7 20 i
739 442 43 22 allo
794 442 51 21 falla

86 480 58 20 inom
159 478 41 21 den
216 478 169 21 administrativa
400 477 175 28 lagstiftningens
590 479 93 26 gränser.
713 477 12 21 I
740 484 106 14 samman-

87 513 57 27 hang
165 512 88 22 härmed
274 511 69 22 tillåta
363 512 32 28 sig
413 511 120 22 Ständerna
554 511 155 28 underdånigst
723 511 68 21 uttala
805 510 42 22 den

87 547 116 28 tillförsigt,
225 549 32 18 att
278 546 136 28 Regeringen
435 545 147 27 emellertid,
575 540 13 39 i
599 545 39 22 fall
656 545 23 22 af
697 545 74 27 behof,
793 544 54 22 skall

87 581 89 28 vidtaga
197 581 100 28 lämpliga
319 580 162 21 interimistiska
502 579 100 29 åtgärder
623 579 33 22 till
678 579 128 22 hämmande
825 579 23 21 af

88 615 101 29 möjligen
210 615 173 28 uppkommande
405 614 204 29 kreaturssjukdom,
632 613 57 22 dock
707 613 92 22 sålunda
817 616 31 19 att

89 649 108 22 enskildes
213 649 124 28 eganderätt
351 656 78 21 genom
444 648 48 22 dem
507 649 49 21 icke
571 648 134 21 åsidosättes.

158 684 12 21 I
185 683 220 22 öfverensstämmelse
421 683 49 21 med
480 683 58 22 hvad
551 682 90 22 sålunda
654 683 88 26 anförts,
752 682 24 21 få
787 682 62 21 Stän-

89 719 67 20 derna
170 718 39 21 hos
224 717 69 22 Eders
306 718 122 28 Kejserliga
438 717 104 29 Majestät
555 718 6 20 i
570 717 172 28 underdånighet
755 716 94 21 anhålla:

364 789 34 19 att
412 787 84 27 nådiga
511 786 145 27 kungörelsen
670 785 29 28 af
710 786 42 21 den
770 787 13 19 6
793 785 57 21 Juni

297 822 58 20 1864
370 821 113 27 angående
498 821 59 20 hvad
574 820 35 20 till
621 819 178 28 förekommande
812 819 38 21 och

297 855 133 22 hämmande
445 855 29 27 af
484 854 164 22 smittosamma
660 854 188 28 kreaturssjukdo-

297 896 50 14 mar
368 890 110 27 iakttagas
494 889 37 21 bör
545 888 66 21 måtte
625 888 146 21 underkastas
785 888 66 27 nödig

297 924 96 21 revision
408 925 60 19 samt
481 925 32 19 att
524 923 85 21 landets
620 922 95 22 Ständer
724 922 68 22 måtte
802 922 47 28 för-

297 960 70 20 sättas
381 958 10 21 i
407 958 90 28 tillfälle
512 959 34 19 att
559 957 10 21 i
584 957 89 21 ärendet
687 957 73 21 uttala
773 957 40 27 sig.

161 1027 80 22 Tillika
259 1027 23 21 få
305 1026 120 22 Ständerna
439 1027 8 20 i
461 1025 172 29 underdånighet
648 1025 89 26 anmäla,
753 1028 31 18 att
799 1024 53 21 Rid-

93 1061 116 29 derskapet
230 1062 40 22 och
292 1061 72 21 Adeln
386 1060 48 22 icke
456 1060 85 22 förenat
563 1061 33 27 sig
619 1068 34 13 om
675 1059 43 21 den
733 1058 119 28 affattning,

93 1095 71 22 denna
178 1096 147 28 underdåniga
339 1096 91 28 petition
445 1094 89 22 erhållit.

164 1142 103 21 Finlands
283 1141 92 22 Ständer
389 1141 123 21 framhärda
528 1144 39 17 etc.

163 1193 146 28 Helsingfors,
326 1192 42 21 den
383 1193 26 20 26
425 1192 45 28 Maj
488 1193 61 20 1891.
