1048 1673
261 100 28 21 10
443 99 224 23 Petitionsbetänkande
684 100 34 22 N:o
733 99 35 23 24.

301 160 126 27 »Utgående
449 159 48 32 från
518 159 78 23 Iisvesi
612 160 82 21 station
711 172 26 3 —
754 160 70 26 yttrar
839 159 98 23 komitén
955 172 27 3 —

229 196 61 21 möta
305 195 50 27 inga
370 195 78 23 hinder
464 196 74 21 utmed
554 196 48 27 sjön
618 196 24 21 af
656 202 84 16 samma
755 202 66 15 namn
838 197 57 20 samt
916 195 65 23 Suur-

228 231 111 22 Rasvanki
363 232 12 21 å
399 231 97 23 farleden
520 234 46 19 mot
587 232 113 22 Pielavesi.
732 232 71 21 Dessa
818 232 58 27 sjöar
892 232 91 27 erbjuda

229 267 35 21 väl
283 267 42 22 den
340 267 99 22 kortaste
455 270 68 25 vägen
540 271 77 19 norrut
632 269 47 21 mot
694 268 115 27 Pielavesi,
825 274 49 16 men
891 268 33 22 för
940 268 42 22 den

228 302 74 22 lokala
317 302 94 23 trafiken
427 304 28 27 på
471 304 103 21 Karttula
590 303 104 28 kyrkoby,
705 302 70 23 Souru
784 304 108 27 jernverk,
902 304 80 27 Syvän-

229 338 68 22 niemi
321 339 40 21 och
385 339 115 22 Savikoski
524 340 64 26 sågar
608 345 52 16 vore
676 340 98 21 deremot
790 341 68 25 vägen
874 339 108 22 Iisvesi—

229 374 351 23 Wirmasvesi—Suur-Rasvanki
603 376 33 20 att
654 374 131 28 föredragas,
802 377 52 19 enär
870 374 111 22 afständet

229 409 49 23 från
294 410 103 22 Karttula
412 410 34 22 till
462 410 77 22 Iisvesi
556 411 81 21 station
649 410 123 28 derigenom
784 410 138 23 förkortades
931 411 50 21 med

229 445 61 23 cirka
314 446 27 22 15
365 446 121 22 kilometer.
517 446 75 28 Enligt
616 447 26 21 de
663 446 121 28 uppgjorda
806 446 175 28 beräkningarna

229 482 112 26 medtager
357 482 175 27 upprensningen
549 482 23 22 af
581 482 142 22 Lietensalmi
734 482 68 28 8,500
812 482 48 29 97
869 483 39 21 och
917 489 64 15 anser

228 517 103 22 Komiten
347 518 34 27 sig
396 518 54 22 böra
465 518 94 27 förorda,
576 520 32 20 att
624 518 178 27 upprensningen
818 517 22 22 af
856 518 60 22 detta
925 518 56 21 sund

229 552 85 28 intages
337 554 33 20 uti
392 555 125 26 programet
532 554 34 21 för
582 554 109 22 farledens
707 554 149 22 förbättrande
872 555 13 20 &
901 553 80 28 ifräga-

228 589 96 21 varande
339 590 136 26 vattendrag.
506 589 57 21 Frän
580 589 176 22 Suur-Rasvanki
771 589 61 27 löper
848 589 96 22 farleden
953 590 28 26 pä

228 630 84 16 samma
328 626 45 20 sätt
389 631 46 15 som
451 625 59 22 förut
526 625 124 27 föreslagits
666 631 77 21 genom
759 624 110 22 Riitsalmi
880 625 40 21 och
931 625 49 21 Kir-

227 660 96 22 nusalmi
346 660 35 22 till
405 661 37 21 det
465 663 46 25 näs,
534 660 104 22 benämdt
658 660 146 27 Kolutaipale,
820 666 46 16 som
882 660 99 27 ätskiljer

227 695 177 23 Pien-Rasvanki
428 696 47 22 frän
496 696 102 28 Nilakka,
619 696 74 22 hvilka
714 696 60 27 sjöar
790 697 47 21 äter
852 697 34 21 stä
902 696 7 21 i
925 696 55 22 före-

227 732 54 26 ning
301 732 50 22 med
372 732 121 22 hvarandra
509 732 127 22 förmedelst
652 728 114 32 Äyskoski,
782 732 36 21 vid
834 732 83 27 vanligt
932 734 48 19 vat-

228 768 105 21 tenständ
350 768 54 28 14,57
419 769 57 27 höga
487 768 45 22 fall.
556 768 90 22 Utöfver
662 769 26 21 de
704 769 28 27 pä
748 768 72 22 denna
834 768 70 22 farled
912 768 67 22 redan

228 802 124 28 föreslagna
373 804 96 27 arbeten,
488 804 134 22 tillkommer
637 804 40 22 här
692 804 112 21 dessutom
821 803 158 27 anläggningen

228 839 24 22 af
267 845 26 16 en
309 839 68 28 rörlig
393 840 38 21 bro
448 841 59 21 öfver
523 840 134 22 Tervasalmi
673 840 33 21 för
722 840 42 21 den
780 839 110 22 allmänna
906 839 73 22 lands-

227 877 49 25 väg,
300 881 45 16 som
369 876 90 21 sednast
474 875 88 22 förlidet
577 877 24 20 år
616 875 136 28 färdigbygts
768 875 92 22 emellan
876 875 103 22 Wesanto

229 911 40 21 och
290 911 103 22 Karttula
411 911 128 22 kommuner
555 911 39 22 och
610 911 88 22 hvarest
714 911 26 21 de
756 911 224 27 vägabyggnadsskyl-

229 945 51 28 diga
296 948 38 20 äro
350 946 153 28 förpligtigade
519 948 35 21 att
570 947 80 21 inrätta
662 953 26 15 en
700 946 43 22 fast
753 946 46 22 bro.
823 946 75 28 Nägon
908 953 71 15 annan

228 982 59 27 plats
310 984 27 19 än
359 983 49 26 den,
432 989 46 16 som
499 983 59 22 förut
579 983 126 27 ifrägasatts
721 982 33 22 för
769 982 93 22 kanalen
878 983 39 22 och
933 984 46 21 tvä-

228 1017 187 22 kammarslussen
439 1019 91 21 emellan
554 1019 106 27 nyssagda
684 1019 63 25 sjöar,
770 1018 43 21 kan
834 1017 103 22 Komitén
959 1019 19 26 ej

228 1052 88 22 föreslå.
347 1053 44 21 För
407 1054 37 21 det
459 1053 124 28 föreslagna
598 1054 76 26 djupet
690 1056 24 18 är
723 1053 95 21 Nilakka
826 1053 40 27 sjö,
876 1054 27 20 då
911 1056 68 24 vägen

228 1090 62 25 tages
306 1095 77 21 genom
400 1088 126 29 Syväsalmi,
542 1089 33 22 uti
591 1090 49 21 hela
656 1089 33 22 sin
698 1089 152 27 utsträckning
858 1088 121 28 trafikabel,

228 1124 60 22 såväl
304 1124 35 22 till
354 1125 128 22 nordvestra
498 1126 87 26 spetsen
602 1124 55 22 förbi
673 1124 85 22 Keitele
774 1124 68 27 kyrka
858 1130 46 16 som
916 1124 63 23 äfven

228 1159 35 22 till
286 1159 129 29 Säviävirta,
438 1160 87 22 hvilken
540 1161 88 21 förenar
642 1160 94 22 Nilakka
752 1160 50 22 med
817 1160 106 22 Pielavesi
940 1161 39 27 sjö.

228 1194 129 29 Säviävirta,
382 1202 46 16 som
453 1196 35 22 vid
511 1196 212 22 medelvattenstånd
744 1196 40 21 har
799 1197 33 20 ett
847 1196 38 21 fall
901 1196 23 22 af
938 1197 41 27 0,42

228 1230 40 28 fot,
289 1233 25 19 är
335 1230 33 22 för
385 1232 37 21 det
437 1232 133 22 närvarande
586 1232 78 22 endast
679 1232 69 22 under
763 1231 127 23 vårflodstid
906 1232 73 22 farbar

228 1266 40 22 och
292 1266 99 28 påkallar
414 1267 73 22 derför
507 1267 108 22 särskilda
632 1267 257 28 upprensningsarbeten,
905 1268 74 21 hvilka

227 1301 65 23 äfven
313 1302 89 22 komma
425 1304 34 20 att
474 1303 112 22 föranleda
602 1310 26 15 en
644 1303 123 27 utjemning
782 1304 50 20 med
848 1304 68 26 några
931 1305 47 20 tum

227 1337 25 22 af
273 1338 141 22 vattennivån
437 1339 79 22 mellan
535 1339 95 22 Nilakka
648 1340 40 21 och
707 1338 107 22 Pielavesi
830 1339 64 27 sjöar.
925 1339 54 21 För-

226 1375 63 21 utom
310 1374 159 28 rensningarna
489 1375 6 21 i
511 1375 40 22 och
567 1374 33 23 för
616 1374 103 28 farleden,
736 1381 64 15 anser
815 1374 103 22 Komitén
934 1375 45 27 det,

226 1409 35 21 uti
276 1409 71 22 likhet
362 1410 50 21 med
428 1410 92 28 tidigare
536 1411 86 27 förslag,
633 1417 52 15 vara
695 1410 127 22 välbetänkt
831 1412 33 20 att
872 1411 28 26 på
908 1411 71 21 denna

299 1450 175 24 Jernvägsutskottets
485 1451 107 19 betänkande
603 1451 35 19 N:o
650 1453 18 17 3.
