1067 1664
274 131 244 21 Petitionsbetänkande
536 131 35 21 N:o
588 129 28 23 17.
783 132 12 20 7

70 202 28 26 pä
113 201 115 21 enahanda
242 202 44 20 sätt
302 208 44 14 som
363 202 25 20 är
405 201 62 26 1888,
483 200 83 22 hvilket
580 200 63 22 äfven
661 200 49 21 fullt
721 200 105 22 öfverens-

70 236 102 20 stämmer
188 236 48 20 med
251 234 148 28 beräkningen
416 235 24 21 af
454 235 66 21 minst
539 236 93 24 300,000
648 234 36 22 mk
700 234 128 22 brutto-om-

70 270 118 21 kostnader
204 276 38 20 per
257 270 24 20 är
301 269 33 21 för
353 270 26 21 de
395 270 47 27 fyra
457 272 59 19 stora
532 268 248 28 därvärdsanstalterna,
796 276 32 14 er-

70 304 69 21 hälles
154 303 96 28 följande
266 303 73 28 kalkyl
354 304 25 21 af
392 304 27 21 de
434 304 88 27 belopp,
537 303 89 22 hvartill
642 306 83 18 statens
740 303 88 27 utgifter

70 338 34 21 för
119 338 120 22 därvärden
255 338 85 22 komme
354 340 33 19 att
403 338 63 28 stiga,
482 339 25 21 sä
522 340 60 20 snart
595 339 52 21 1877
660 339 34 20 ärs
705 338 123 28 grundplan

71 372 70 22 blifvit
156 372 7 22 i
179 372 43 22 allo
237 372 137 28 genomförd:

140 407 54 22 efter
216 410 32 18 tre
270 408 31 28 är,
323 408 28 21 dä
366 408 111 27 Fagernäs
493 408 91 27 sjukhus
599 408 70 21 blifvit
685 407 144 27 fullständigt,

72 442 33 21 för
120 442 77 28 515
175 437 17 37 +
207 443 123 21 192—707
348 442 134 27 sjukplatser
496 442 7 21 i
519 443 65 20 rundt
600 442 30 22 tal
646 443 93 24 376,000
754 441 45 25 mk;

141 477 28 21 dä
184 476 143 22 Tammerfors
342 476 92 28 sjukhus
444 476 70 22 blifvit
524 477 86 27 färdigt,
628 476 32 22 för
672 478 40 20 707
721 478 108 24 4300—=

74 512 60 24 1,007
151 510 82 26 platser
248 510 98 28 omkring
362 512 94 26 735,000
472 511 36 21 mk
524 518 38 20 per
578 512 29 20 är.
838 528 2 2 |

141 545 33 21 Då
195 546 63 27 509/,
281 545 24 21 af
326 545 268 22 brutto-omkostnaderna
612 545 87 27 återfås,
718 545 69 21 skulle
804 540 36 26 de.

74 580 92 21 såluuda
181 580 131 21 reducerade
327 580 176 28 statsutgifterna
518 580 34 22 för
567 581 6 20 i
585 580 61 28 fråga
656 581 96 21 varande
764 581 64 20 ända-

75 614 42 22 mål
134 614 64 22 ställa
214 614 32 28 sig
261 614 100 22 sålunda:

117 648 33 22 för
166 650 232 20 närvarande-----.-
409 660 105 6 prreserr
524 661 62 5 artnr
596 661 19 5 ra
636 649 92 25 190,000
744 649 43 23 mk,

118 684 28 21 då
160 683 112 27 Fagernäs
406 683 70 22 blifvit
491 684 123 27 färdigt...
635 684 93 26 258,000
759 701 11 8 ,,
826 701 4 7 i

117 718 28 21 då
160 717 142 22 Tammerfors
318 717 90 29 sjukhus
439 734 13 10 ,,
522 734 13 12 »
583 730 33 4 +++
636 719 93 24 367,000
760 735 11 9 ,,

144 752 45 22 Sist
211 752 91 22 anförda
324 759 83 15 summa
430 752 41 21 blir
494 752 92 22 sälunda
608 752 6 21 i
634 759 26 14 en
677 760 51 14 snar
743 752 87 21 framtid

76 788 76 20 mättet
174 787 32 21 för
229 788 41 20 den
293 788 139 24 omvärdnad,
457 794 46 14 som
527 787 46 21 frän
596 788 36 20 det
648 787 121 21 allmännas
784 787 48 21 sida

75 830 66 20 egnas
157 823 26 20 de
199 824 53 19 mest
267 822 125 21 vanlottade
408 822 24 21 af
445 822 44 21 alla
504 822 126 21 samhällets
645 821 134 28 olycksbarn,
791 820 39 22 och

76 856 108 22 erkännas
207 857 73 27 måste,
304 859 32 19 att
359 864 98 14 summan
481 857 7 20 i
506 856 135 22 förhållande
657 856 32 21 till
705 857 48 21 vårt
768 856 63 21 lands

77 898 95 14 resurser
187 893 24 19 är
226 891 121 27 betydande
363 898 48 20 nog.
435 891 49 21 Men
501 892 27 20 då
544 892 71 20 denna
631 891 132 21 omvårdnad
773 891 59 20 ännu

77 926 55 21 blott
142 926 73 21 alltför
223 926 49 27 föga
281 928 118 19 motsvarar
408 926 26 20 de
444 926 154 27 uppoffringar,
608 933 45 13 som
664 926 25 20 de
701 925 61 21 flesta
773 927 55 19 vest-

78 961 129 27 europäiska
222 963 66 19 stater
303 960 73 22 ikläda
391 961 32 26 sig
440 960 32 21 för
488 961 26 20 de
530 960 150 28 sinnessjukas
696 960 60 25 vård,
767 966 62 21 synes

78 995 134 21 sträfvandet
227 998 32 18 att
275 996 137 27 undanrödja
427 996 96 20 vådorna
539 995 32 21 för
586 996 26 20 de
629 994 147 28 sinnessjukas
792 994 40 22 och

79 1030 63 21 äfven
158 1031 64 20 deras
240 1030 130 27 omgifnings
390 1030 101 21 säkerhet
513 1030 19 27 ej
550 1030 52 21 böra
617 1032 79 18 stanna
712 1029 34 21 vid
762 1030 72 20 denna

80 1064 76 28 pankt.

149 1099 105 27 Följande
270 1098 120 28 procenttal
406 1100 37 19 äro
460 1099 82 27 egnade
558 1100 32 19 att
602 1098 100 28 klargöra
713 1098 121 21 relationen

80 1133 79 21 mellan
175 1134 47 21 värt
237 1133 50 21 land
308 1133 40 21 och
369 1133 101 21 utlandet
486 1134 6 20 i
509 1133 59 21 detta
584 1133 127 21 hänseende.
742 1133 34 21 De
792 1133 41 21 sin-

82 1168 108 28 nessjuka,
206 1176 45 13 som
267 1168 81 21 erhöllo
364 1168 51 21 värd
431 1168 7 21 i
454 1168 97 27 offentlig
566 1168 87 26 anstalt,
666 1168 98 27 utgjorde
775 1167 7 22 i
793 1167 41 22 för-

81 1203 101 22 hällande
199 1203 31 21 till
246 1203 50 21 hela
311 1203 83 21 antalet
410 1203 66 20 därar

152 1239 65 20 redan
233 1239 24 20 är
277 1237 63 22 1884:
357 1237 7 21 i
380 1237 88 28 Sverige
480 1249 176 5 -------------
676 1238 28 21 24
734 1238 34 27 9/0,

358 1272 7 21 i
381 1272 71 27 Norge
468 1283 19 5 ++
505 1284 53 4 <<<
569 1283 89 5 onsen
679 1273 27 20 32
747 1289 10 9 ,

360 1307 6 20 i
383 1306 111 21 Danmark
512 1318 147 5 -----------
678 1307 28 21 56
747 1323 10 9 »

358 1341 6 20 i
380 1341 101 27 England
747 1357 10 10 ”

154 1383 47 14 men
224 1377 24 20 år
275 1376 50 21 1891
358 1375 6 21 i
381 1375 94 22 Finland
748 1392 10 9 »

156 1411 27 20 då
199 1410 108 27 Fagernäs
426 1409 70 22 blifvit
512 1409 149 28 fullständigt
657 1403 10 40 -
682 1411 46 26 17,1
750 1427 9 9 ,

155 1445 27 21 då
198 1444 143 22 Tammerfors
354 1445 92 27 sjukhus
463 1461 10 10 ,,
582 1461 10 9 5
682 1446 47 24 24,4
750 1461 10 10 y

155 1484 98 18 Allmänna
265 1484 175 18 Besvärsutskottets
452 1483 110 19 betänkande
576 1484 31 18 N:o
618 1485 28 17 13.
