1073 1673
252 110 273 23 Petitionsbetänkande
541 110 42 22 N:o
599 110 35 22 34.

340 549 253 23 Ekonomiutskottets
598 549 151 22 betänkande
755 549 41 22 N:o
801 549 22 28 8,

273 586 9 21 i
298 585 129 27 anledning
443 584 29 22 af
483 584 36 22 ett
537 584 65 22 inom
620 583 204 28 Borgareståndet

274 619 141 22 framstäldt
439 618 212 28 petitionsförslag
675 625 38 16 om
746 618 77 22 utfär-

275 654 74 22 dande
371 653 28 22 af
414 653 42 28 lag
479 652 120 29 angående
621 653 203 27 sparbanksinsti-

274 689 109 22 tutionen
397 689 10 21 i
422 687 90 23 landet.

142 765 81 21 Medels
245 764 197 27 protokollsutdrag
465 763 23 22 af
510 763 41 22 den
567 763 27 22 14
610 763 97 22 sistlidne
721 762 103 22 Februari

71 799 40 22 har
132 799 212 22 Ekonomiutskottet
367 798 48 22 från
429 798 183 27 Borgareståndet
626 798 7 21 i
649 797 98 22 afseende
763 797 12 22 å
789 797 36 22 be-

72 834 100 27 handling
188 833 41 22 fått
244 835 107 25 emottaga
366 833 95 27 följande
476 832 189 28 petitionsförslag:

195 933 54 18 Till
268 933 158 23 vällofliga
443 933 258 23 Borgareståndet.

139 991 140 24 Sparbankerna
293 991 78 17 förvalta
385 992 28 16 ett
431 991 77 24 kapital,
524 996 40 12 som
580 991 40 17 sedt
635 990 46 18 ifrån
696 990 75 18 hvilken
786 996 40 17 syn-

72 1021 58 23 punkt
146 1026 38 12 som
199 1020 54 22 hälst,
270 1022 19 15 är
304 1020 69 22 ganska
388 1021 48 16 stort
451 1020 29 17 för
495 1021 28 16 att
538 1019 72 23 påkalla
620 1021 28 16 ett
656 1019 75 18 allmänt
741 1019 84 18 intresse.

72 1051 27 16 De
122 1050 5 17 i
142 1050 53 17 deras
211 1049 43 17 vård
271 1049 116 18 anförtrodda
402 1049 60 17 medel
478 1050 31 16 äro
525 1048 73 18 därföre
613 1048 151 22 beaktansvärda,
780 1053 47 13 eme-

74 1079 36 17 dan
125 1079 92 17 desamma
234 1078 111 17 härstamma
359 1077 46 18 ifrån
421 1078 23 17 de
460 1077 143 24 samhällslager,
620 1083 38 12 som
673 1077 41 17 med
730 1079 49 16 svett
793 1077 34 18 och

72 1107 60 24 möda,
146 1107 20 23 ja
181 1107 38 18 ofta
234 1107 40 17 med
289 1107 22 17 de
327 1107 66 17 största
408 1106 111 18 försakelser
534 1106 34 18 och
583 1106 130 23 umbäranden,
725 1106 70 17 försökt
804 1105 23 24 på

73 1137 51 17 detta
139 1137 38 16 sätt
192 1135 56 23 skapa
263 1135 28 23 sig
306 1137 27 16 ett
347 1135 69 23 kapital
432 1135 29 17 för
476 1137 28 15 att
519 1135 6 17 i
541 1135 69 18 nödens
625 1135 54 17 stund
695 1135 96 23 tillgripas.

143 1165 64 22 Någon
223 1164 114 23 vidlyftigare
351 1164 111 22 motivering
478 1164 52 17 torde
546 1164 15 23 ej
577 1163 90 18 erfordras
682 1163 28 18 för
725 1165 32 20 ett,
769 1164 58 17 såsom

74 1194 36 22 mig
133 1194 70 22 tyckes,
219 1193 111 22 berättigadt
348 1193 87 23 yrkande,
451 1194 29 16 att
495 1193 65 17 Staten
575 1193 57 17 måtte
647 1198 46 17 egna
709 1193 59 17 denna
783 1197 44 18 gren

74 1222 19 18 af
112 1222 41 17 vårt
175 1222 139 17 kreditväsende
337 1227 22 12 en
379 1223 58 16 större
453 1221 162 24 uppmärksamhet
629 1223 23 16 än
667 1221 65 18 hittils.
761 1221 67 18 Därtill

73 1251 59 18 finnes
146 1251 34 17 hos
195 1256 29 13 oss
239 1251 20 17 så
273 1251 72 22 mycket
360 1251 58 17 större
439 1250 106 23 anledning,
561 1256 38 12 som
615 1250 90 23 yrkandet
719 1250 16 23 ej
751 1250 76 17 innebär

74 1279 101 24 någonting
190 1281 47 22 nytt,
252 1281 43 16 utan
311 1280 79 17 tvärtom
405 1279 48 18 afser
468 1281 28 16 ett
511 1279 78 18 öfveralt
603 1279 78 18 erkändt
695 1279 33 18 och
743 1279 6 17 i
765 1279 22 18 de
798 1279 29 17 fle-

74 1310 28 16 sta
117 1309 66 17 länder
198 1308 52 18 äfven
266 1308 117 23 tillgodosedt
397 1308 61 18 behof.

142 1337 28 18 Då
185 1337 43 17 våra
242 1337 130 23 privatbanker
387 1337 58 22 enligt
460 1337 30 22 lag
507 1338 31 16 äro
554 1337 59 17 stälda
628 1337 57 17 under
700 1337 73 17 Statens
784 1337 43 17 kon-

75 1366 48 21 troll,
146 1365 91 18 förefaller
252 1366 31 17 det
298 1366 37 22 mig
349 1365 116 24 följdriktigt,
483 1367 28 16 att
525 1365 54 18 äfven
595 1366 42 17 våra
652 1365 121 24 Sparbanker,
789 1371 38 12 som

75 1395 116 17 uteslutande
212 1395 77 17 förvalta
311 1395 128 17 obemedlades
459 1394 39 17 små
512 1394 123 24 besparingar,
652 1395 56 17 borde
723 1395 63 17 ställas
801 1394 26 22 så,

143 1430 190 19 Ekonomiutskottets
345 1430 117 18 betänkande
474 1430 37 18 N:o
525 1431 16 16 8.
