1064 1661
243 121 14 20 6
428 119 245 24 Petitionsbetänkande
687 120 36 22 N:o
738 119 19 23 5.

502 372 195 28 Reservation.

283 441 60 22 Ense
367 442 49 21 med
439 441 105 22 utskottet
563 442 74 21 derom
653 444 33 19 att
701 442 7 21 i
724 442 36 27 lag
776 442 112 21 bestämda
903 443 70 26 perio-

214 475 65 22 diska
293 475 193 22 skolläraremöten
502 477 38 20 äro
556 476 114 28 behöfliga,
686 477 39 21 har
738 477 38 27 jag
792 476 47 22 icke
855 476 70 23 blifvit
939 477 32 21 öf-

214 511 105 26 vertygad
334 511 73 21 derom
423 513 34 19 att
472 511 68 21 under
556 511 98 22 normala
665 511 151 22 förhållanden
828 511 66 22 behof
902 511 70 22 skulle

213 544 118 22 förefinnas
354 547 32 19 att
408 545 61 21 hålla
491 546 63 21 dessa
577 547 72 20 möten
670 546 64 21 hvart
749 545 70 29 tredje
834 546 30 21 år.
894 545 78 21 Medan

213 578 149 23 skollärarena
376 580 78 21 hittills
470 580 86 21 beredts
572 580 86 22 tillfälle
674 582 32 20 att
722 580 163 22 sammanträda
896 580 77 21 endast

213 614 157 26 oregelbundet
388 614 40 22 och
446 614 54 22 efter
516 622 26 14 en
558 614 51 28 lång
624 615 54 28 följd
694 615 24 22 af
730 615 31 27 år,
777 622 63 21 synes
855 614 118 22 utskottets

213 648 81 27 förslag
309 648 82 22 sträfva
406 649 33 21 till
454 656 27 15 en
497 652 90 19 motsatt
602 649 131 29 ytterlighet.

283 683 29 21 Af
332 683 142 23 ekonomiska
492 684 48 22 skäl
555 684 66 22 hafva
635 684 125 28 isynnerhet
774 690 68 22 yngre
856 684 40 21 och
912 683 61 22 klent

213 717 101 22 aflönade
336 718 121 22 skollärare
479 719 59 21 svårt
560 721 33 19 att
616 718 76 22 talrikt
706 718 138 28 fregventera
859 719 43 21 tätt
916 719 55 21 åter-

213 752 130 22 kommande
364 754 50 20 med
434 753 114 22 kännbara
563 753 118 22 kostnader
696 753 104 22 förenade
816 752 110 22 allmänna
941 753 30 21 lä-

213 788 129 20 raremöten.
372 787 72 22 Blifva
467 788 63 21 dessa
551 789 73 20 möten
643 788 47 21 åter
704 788 115 27 fåtaligare
834 787 97 29 besökta,
948 788 25 20 så

213 822 40 21 har
268 822 36 21 det
319 822 92 21 afsedda
426 822 126 22 ändamålet
567 822 134 28 väsentligen
717 822 104 21 förfelats.

282 856 48 22 Den
347 856 131 28 erfarenhet,
493 863 45 15 som
554 857 88 21 vunnits
657 857 29 28 på
700 856 96 29 kyrkans
811 857 94 27 område,
916 856 56 22 talar

212 890 33 22 för
261 897 26 15 en
303 891 66 28 något
384 891 76 28 längre
476 891 119 22 mellantid.

282 921 68 26 Äfven
369 926 40 22 har
424 927 37 21 det
476 927 24 21 år
516 927 55 21 1887
588 926 75 22 hållna
678 926 164 22 rektorsmötets
857 925 115 28 pluralitet

211 960 119 22 framhållit
353 960 151 28 önskligheten
519 962 25 21 af
557 963 33 20 att
605 960 192 22 skolläraremöten
814 960 69 21 skulle
898 960 70 22 hållas

211 994 64 22 hvart
289 995 66 21 femte
371 996 30 21 år.

281 1030 41 27 Jag
345 1030 89 22 föreslår
458 1030 98 28 ödmjukt
578 1030 97 28 följande
698 1029 176 27 omformulering
897 1029 25 21 af
938 1031 33 19 ut-

211 1065 95 21 skottets
322 1064 66 22 kläm:

487 1119 31 20 att
534 1112 168 33 Öfverstyrelsen
713 1117 43 28 för
766 1116 142 21 skolväsendet
920 1117 50 27 egde

417 1151 61 22 hvart
489 1152 68 27 femte
572 1153 26 20 är
612 1159 18 14 o.
646 1159 16 14 s.
678 1159 16 14 v.

747 1208 22 22 F.
784 1207 118 23 Nordlund.

255 1485 124 24 Helsingfors,
391 1485 18 18 J.
421 1485 69 19 Simelii
502 1485 106 26 arfvingars
620 1485 118 25 boktryckeri
752 1485 112 24 aktiebolag,
879 1487 48 16 1891.
