1067 1667
263 119 243 23 Petitionsbetänkande
521 119 37 23 N:o
574 119 36 23 20.
764 120 25 21 13

61 191 47 21 kurs,
123 192 43 14 utan
178 189 61 17 vidare
252 189 55 17 skulle
319 190 71 21 intagas
401 190 11 16 &
423 190 89 21 lyceernas
525 190 56 22 tredje
593 189 53 18 klass.
664 190 51 17 Efter
727 192 26 15 att
765 189 53 17 hafva

60 218 103 22 genomgätt
174 218 58 17 denna
244 218 86 20 lärokurs,
347 218 56 17 mäste
418 218 61 17 eleven
497 218 77 18 därefter
592 218 44 18 söka
650 220 26 15 att
691 218 127 18 förfullkomna

60 248 30 16 sitt
108 246 75 18 vetande
201 246 5 18 i
224 247 59 22 nägon
302 246 129 18 förberedande
450 247 50 17 skola
516 247 42 17 eller
574 247 32 17 hos
622 247 60 22 nägon
697 247 119 23 privatlärare,

60 282 29 11 om
102 275 35 17 han
150 275 64 17 önskar
227 276 53 16 vinna
291 275 68 18 inträde
371 276 10 16 å
393 276 91 22 lyceernas
496 276 56 22 tredje
565 276 53 17 klass.
638 276 56 17 Dessa
709 276 33 17 och
756 275 62 22 många

60 304 54 18 andra
123 304 71 18 elevens
204 304 84 22 framsteg
300 304 106 18 hämmande
420 305 150 22 omständigheter
585 304 69 18 afhälla
662 304 109 18 föräldrarne
779 304 39 17 från

60 336 25 14 att
101 334 51 22 lägga
167 332 37 18 sina
221 334 44 16 barn
278 333 5 17 i
296 333 57 17 denna
365 333 56 22 skola,
436 334 22 16 då
470 334 22 17 de
504 334 26 17 uti
542 334 26 17 sin
581 338 45 17 egen
640 334 75 17 sockens
728 333 89 17 folkskola

59 362 61 18 kunna
131 362 84 18 förskaffa
228 362 38 17 sina
278 362 43 17 barn
333 368 67 12 samma
412 362 141 23 kunskapsmått.
572 362 27 18 De
612 363 43 21 åter,
670 368 37 12 som
719 362 52 17 hafva
779 362 37 22 råd,

60 391 61 17 skicka
138 391 38 17 sina
194 391 44 17 barn
256 390 39 18 med
308 390 116 23 förbigående
436 391 20 17 af
471 397 22 11 en
510 391 53 18 sådan
576 392 6 16 i
594 391 50 17 deras
657 391 70 17 hemort
739 390 80 22 befintlig

61 419 51 18 skola
124 419 26 17 till
162 419 80 22 Wiborg,
256 419 114 22 Helsingfors
382 419 42 18 eller
436 419 26 18 till
476 419 54 18 andra
542 419 78 23 aflägsna
632 419 58 18 städer
702 419 5 17 i
720 419 38 17 vårt
770 419 46 21 land,

60 448 70 17 hvarest
142 448 22 17 de
175 451 42 14 utan
230 450 26 15 att
268 448 42 22 byta
322 454 29 11 om
364 448 51 17 skola
426 450 31 16 äro
470 449 5 16 i
488 448 70 18 tillfälle
567 451 25 14 att
600 449 89 22 genomgå
697 448 40 17 hela
744 448 74 17 elemen-

59 477 92 18 tarkursen
164 477 56 18 under
232 483 66 12 samma
313 477 66 18 lärares
394 477 78 23 ledning.
498 478 40 17 Men
554 477 114 18 medellösare
681 477 87 18 föräldrar
779 483 37 12 som

59 506 57 17 skulle
129 506 23 17 ha
164 506 35 17 lust
214 508 26 15 att
256 506 36 17 låta
304 506 38 17 sina
353 506 43 17 barn
410 506 22 21 gå
444 506 5 17 i
462 506 56 22 skola,
533 506 60 17 kunna
605 506 15 22 ej
634 505 54 18 sända
701 505 39 18 dem
754 506 26 17 till
792 505 25 18 af-

61 535 61 22 lägsna
134 535 64 21 städer,
212 535 22 17 dä
246 535 48 17 såväl
306 537 65 20 vägens
383 535 52 22 längd
448 541 40 12 som
500 535 114 18 bostädernas
624 535 33 17 och
664 535 108 17 lifsmedälens
779 534 39 22 dyr-

60 563 30 18 het
101 566 43 19 göra
161 563 49 18 detta
228 563 115 23 mängfaldigt
361 564 76 22 svärare,
454 566 22 15 än
492 564 4 17 i
510 570 22 11 en
544 564 42 17 liten
598 563 133 22 landsortsstad,
746 569 29 12 om
788 563 31 17 där

61 592 46 17 blott
119 592 63 17 funnes
198 598 21 11 en
234 592 138 22 ändamålsenlig
383 593 55 17 skola.
463 592 79 23 Tillföljä
555 593 53 17 häraf
618 595 31 15 äro
662 592 51 17 äfven
726 592 34 17 den
772 591 46 18 fatti-

60 627 41 16 gare
118 621 136 22 befolkningens
272 621 44 17 barn
334 621 102 18 nödsakade
452 624 25 15 att
489 622 41 21 nöja
542 621 26 22 sig
581 621 39 18 med
633 621 29 17 det
676 620 141 23 kunskapsmätt,

61 655 37 12 som
111 649 129 18 hemsocknens
252 649 90 18 folkskola
354 650 83 22 erbjuder
449 651 47 17 dem.

129 679 66 17 Därför
206 679 33 17 har
248 679 33 22 jag
297 679 28 17 vid
338 679 83 18 valmötet
434 685 38 12 som
486 679 33 18 ock
531 679 20 17 af
561 679 55 17 andra
629 679 39 17 med
682 681 59 15 ortens
753 677 65 18 förhål-

61 707 63 18 landen
143 708 77 17 bekanta
239 710 40 15 män
297 708 57 17 blifvit
372 708 102 23 uppmanad
493 711 25 14 att
537 708 22 22 på
577 707 48 18 detta
641 707 27 18 för
685 707 31 17 vår
728 709 28 15 ort
768 705 50 19 skad-

63 736 35 23 liga
116 736 152 18 missförhållande
287 737 45 18 fästa
350 737 30 18 det
398 737 109 18 hedervärda
524 736 142 18 Bondeständets
687 735 131 23 uppmärksam-

60 765 36 21 het,
116 765 63 18 liksom
199 765 33 18 och
250 765 61 18 därvid
328 768 27 15 att
372 766 78 17 nämnda
468 766 50 17 skola
536 765 40 18 med
591 765 52 22 högst
660 765 50 22 ringa
722 763 96 18 kostnader

61 793 59 18 kunde
133 795 71 22 bringas
216 795 27 16 till
255 797 26 14 att
293 797 88 15 motsvara
393 795 29 17 sitt
435 795 81 17 ändamål
529 794 79 22 sålunda,
622 796 26 15 att
656 793 34 18 den
703 793 5 18 i
722 793 97 17 Kexholms

62 823 38 17 stad
112 823 91 22 befintliga
215 823 55 22 högre
282 823 107 23 folkskolan,
400 823 39 18 med
446 826 67 15 smärre
520 823 134 22 förändringar
647 817 10 33 i
662 823 41 17 dess
711 821 106 22 lärokurser,

61 852 56 17 skulle
132 852 70 18 förenas
218 852 39 18 med
274 853 76 17 nämnda
366 853 148 17 elementarskola
530 851 27 18 till
569 858 22 11 en
608 851 120 21 bottenskola,
746 850 72 17 hvilken

61 881 71 17 komme
144 883 26 15 att
182 883 88 16 motsvara
282 881 33 18 den
328 887 16 12 n.
357 888 15 10 v.
385 881 73 18 skolans
470 882 30 17 två
512 881 72 22 klasser,
599 880 34 18 och
642 880 57 17 därtill
707 879 57 18 skulle
773 881 46 15 ännu

62 909 50 23 fogas
130 910 28 17 två
176 909 56 23 högre
250 910 71 17 klasser.
345 910 26 17 På
386 910 48 17 detta
450 912 34 15 sätt
497 910 57 18 skulle
565 909 33 18 den
612 909 87 18 ombildas
711 908 26 17 till
750 914 21 11 en
784 907 35 22 fyr-

61 938 65 22 klassig
138 938 132 22 borgareskola,
284 938 46 18 dock
343 939 39 17 icke
395 941 69 15 ensamt
476 939 28 16 för
516 938 98 17 Kexholms
627 938 50 21 barn,
688 940 41 14 utan
738 936 78 22 sålunda,

61 969 26 14 att
104 967 29 16 vid
152 967 102 17 densamma
271 967 57 17 skulle
346 969 97 20 emottagas
461 967 53 17 äfven
526 967 44 17 barn
583 966 39 17 från
634 965 184 18 landskommunerna.

62 995 109 23 Härigenom
184 996 57 17 skulle
253 996 57 17 denna
322 996 51 17 skola
386 995 73 18 komma
472 999 26 14 att
510 999 88 14 motsvara
610 995 90 22 lyceernas
713 994 39 22 fyra
764 993 55 22 lägsta

62 1024 72 23 klasser,
148 1025 19 16 så
179 1027 25 15 att
216 1025 44 20 elev,
269 1031 37 11 som
316 1025 103 22 genomgått
427 1025 60 17 denna
495 1024 108 20 skolaskurs,
612 1029 58 12 vunne
676 1023 68 17 inträde
750 1021 69 18 direkte

62 1053 24 22 på
93 1053 77 22 lyceums
183 1053 54 18 femte
249 1053 51 18 klass.
320 1053 69 18 Genom
398 1053 35 18 den
446 1053 33 18 här
488 1053 99 22 föreslagna
595 1052 159 22 omgestaltningen
763 1051 56 17 skulle

62 1081 58 18 denna
132 1081 50 18 skola
195 1082 95 22 ingalunda
302 1088 48 11 mera
363 1082 72 17 komma
448 1085 26 14 att
486 1082 36 17 lida
534 1082 20 17 af
564 1081 44 18 brist
620 1081 22 22 på
655 1081 63 18 elever,
732 1079 87 23 synnerli-

62 1113 38 20 gast
118 1116 28 11 om
166 1109 58 19 denna
242 1111 50 17 skola
310 1111 57 17 skulle
385 1110 89 18 ombildas
490 1111 27 17 till
529 1117 21 11 en
563 1109 94 19 samskola.
677 1109 29 17 Nu
718 1108 63 18 siindas
792 1107 27 18 till

62 1139 60 17 skolor
141 1139 4 17 i
166 1139 68 18 landets
256 1139 97 22 aflägsnare
375 1139 58 18 städer
455 1139 84 22 omkring
558 1139 56 18 sextio
632 1139 45 17 barn
696 1137 46 18 ifrån
762 1137 58 17 denna

62 1168 60 17 skolas
139 1168 79 22 område,
233 1168 26 17 till
277 1168 67 18 hvilket
356 1168 44 17 höra
417 1169 37 16 åtta
468 1168 190 22 moderförsamlingar,
676 1169 26 15 tre
714 1166 59 23 kapell
786 1165 33 18 och

62 1203 21 12 en
101 1197 140 22 stadskommun,
262 1197 68 18 hvilkas
350 1197 123 17 invånarantal
494 1197 127 22 sammanlagdt
639 1196 54 22 stiger
710 1195 26 18 till
751 1194 68 18 femtio-

62 1228 57 19 tusen,
133 1225 33 18 och
183 1226 71 17 märkas
270 1226 38 21 bör,
322 1229 26 14 att
362 1226 34 17 alla
408 1226 52 17 dessa
472 1228 32 15 äro
516 1226 44 17 barn
572 1225 27 18 till
610 1224 104 18 bemedlade
726 1223 92 21 föräldrar,

62 1254 60 17 hvilka
139 1254 57 18 förmå
213 1254 85 18 förskaffa
316 1254 40 18 sina
372 1255 44 17 barn
435 1254 123 22 skolbildning
572 1259 29 12 om
614 1253 29 17 det
656 1252 57 23 gällde
724 1256 12 13 t.
750 1258 16 11 o.
779 1257 22 11 m.
814 1250 5 18 i

62 1283 90 17 Amerika.
176 1283 40 18 Men
232 1289 64 17 genom
309 1283 34 17 den
355 1283 100 22 föreslagna
468 1282 159 22 omgestaltningen
640 1281 57 18 skulle
708 1280 70 18 tillfälle
789 1280 31 16 be-

64 1311 49 18 redas
126 1311 53 18 äfven
191 1312 29 17 för
232 1312 34 17 den
279 1312 114 17 medellösare
405 1311 81 18 klassens
499 1312 45 16 barn
555 1314 26 14 att
590 1311 66 17 erhålla
664 1316 22 12 en
694 1309 126 18 vidsträcktare

63 1340 177 23 elementarbildning
252 1341 5 17 i
270 1340 84 18 närheten
366 1340 18 17 af
396 1340 30 18 sitt
438 1344 43 18 eget
492 1340 41 18 hem
545 1343 41 14 utan
599 1342 26 15 att
633 1339 76 18 behöfva
717 1340 43 21 göra
767 1337 53 22 långa

63 1374 49 12 resor
124 1369 34 17 och
170 1369 60 17 ikläda
242 1369 27 22 sig
282 1372 48 14 stora
342 1369 78 22 utgifter.

130 1398 26 16 På
173 1398 57 22 grund
245 1397 52 17 häraf
307 1398 53 22 vågar
370 1398 32 22 jag
414 1397 76 22 utbedja
502 1397 36 22 mig
550 1397 29 17 det
590 1396 109 18 hedervärda
710 1394 110 19 Bondestån-

131 1430 99 18 Allmänna
242 1430 174 18 Besvärsutskottets
427 1430 112 18 betänkande
550 1430 37 18 N:o
599 1430 29 17 21.
