1061 1661
236 147 26 19 10
437 147 209 23 Petitionsbetänkande
662 147 32 23 N:o
709 147 21 23 4.

205 207 72 22 rande
298 208 150 22 konsumeras
470 209 43 21 hos
534 216 44 19 oss,
592 209 94 21 komma
708 211 35 20 att
758 211 64 20 svårt
836 209 83 28 trycka
934 216 29 14 en

205 241 144 30 befolkning,
365 243 94 21 hvilken
476 243 8 21 i
499 243 41 21 sitt
555 243 95 28 dagliga
660 243 31 22 lif
696 243 43 22 och
747 243 37 22 för
791 243 55 22 flere
854 243 109 28 näringar

205 276 119 21 använder
339 277 136 29 salt
391 272 10 39 i
410 277 65 29 långt
493 280 73 18 större
573 277 170 29 utsträckning,
752 281 30 17 än
790 277 65 22 detta
864 281 25 17 är
896 277 67 21 fallet

204 310 8 21 i
229 310 71 21 andra
312 310 88 23 länder.
422 311 47 21 Det
484 311 41 21 bör
539 311 83 21 härvid
630 311 116 22 dessutom
755 312 51 21 icke
815 311 146 28 förglömmas

205 346 34 20 att
255 344 68 22 äfven
334 345 130 22 brödfödan
476 346 136 28 isynnerhet
622 346 9 21 i
639 346 28 21 de
681 346 49 21 inre
746 346 93 21 delarne
851 346 111 21 aflandet

204 378 80 22 ställer
296 379 35 29 sig
343 379 169 29 jemförelsevis
528 380 49 28 dyr,
594 380 96 22 emedan
705 380 106 29 spanmål
826 380 70 21 icke
880 374 13 40 i
914 380 48 21 till-

204 412 173 30 fyllesgörande
392 414 87 29 mängd
495 415 81 21 alstras
592 415 8 22 i
616 417 54 26 eget
684 415 55 22 land
755 417 59 19 samt
830 414 77 22 derför
922 414 40 22 all-

203 447 36 22 tid
251 448 37 21 till
303 448 132 29 betydande
451 449 83 30 belopp
551 449 43 22 och
610 449 79 22 tidtals
705 449 37 22 till
756 449 38 22 för
808 450 56 21 våra
877 449 84 21 förhål-

203 481 86 22 landen
312 483 151 29 synnerligen
478 486 62 19 stora
555 484 142 28 gvantiteter
711 484 91 21 hemtas
822 483 52 22 från
889 483 72 28 Ryss-

203 515 68 22 lands
286 517 27 20 af
324 520 98 19 naturen
438 518 128 29 lyckligare
582 518 88 21 lottade
685 518 95 26 trakter,
788 517 100 22 hvarvid
898 517 62 22 kost-

203 550 76 21 naden
301 550 37 22 för
365 552 45 21 den
428 552 71 28 långa
518 554 148 26 transporten
684 552 150 28 naturligtvis
850 552 56 21 ökar
921 559 38 13 va-

202 592 54 13 rans
271 592 54 21 pris.

271 619 103 22 Landets
397 620 181 29 hufvudnäring,
598 621 144 29 jordbruket,
764 620 91 22 hvilket
878 620 81 28 syssel-

203 655 73 19 sätter
301 654 108 29 omkring
435 658 34 18 tre
494 655 139 29 fjerdedelar
655 656 26 20 af
701 655 91 21 landets
815 654 143 28 befolkning,

202 687 75 22 skulle
291 688 84 22 liksom
391 689 45 21 den
452 689 52 21 med
516 690 138 28 jordbruket
664 689 132 22 förbundna
806 688 153 30 mejerihand-

201 722 106 28 teringen
318 723 124 29 onekligen
450 724 92 21 komma
557 727 35 18 att
606 724 48 21 lida
666 724 74 21 under
752 724 92 28 trycket
854 723 26 21 af
887 723 72 29 högre

201 756 77 21 tullar.
302 756 35 22 De
353 758 112 28 framsteg
474 759 31 27 på
517 758 65 22 dessa
591 758 116 27 områden,
717 765 49 14 som
775 758 73 21 under
856 758 29 21 de
893 765 66 13 sena-

201 792 34 19 ste
252 790 153 23 decennierna
420 792 42 22 hos
477 800 36 14 oss
529 795 39 26 egt
578 800 58 20 rum,
647 793 64 21 såväl
722 800 84 21 genom
816 792 142 22 förbättrade

201 824 182 23 arbetsmetoder
407 833 49 15 som
481 827 120 28 nyodling,
620 827 30 21 ha
672 827 37 21 till
732 834 29 13 en
781 826 27 21 af
823 826 51 21 sina
889 826 69 21 främ-

201 861 36 19 sta
257 859 196 30 förutsättningar
475 861 51 21 haft
546 861 101 29 tillgång
669 862 30 28 på
722 861 81 28 billiga
823 860 134 29 jordbruks-

199 893 100 29 redskap
329 894 43 21 och
399 895 122 27 maskiner,
550 895 80 22 hvilka
660 895 77 22 derför
767 897 80 27 trängt
870 894 87 29 jemväl

199 927 38 21 till
265 928 28 21 de
317 929 89 21 mindre
428 930 188 28 jordbrukarene.
652 930 102 21 Oaktadt
778 929 67 21 dessa
874 929 83 21 förmo-

199 968 60 21 ner,.
278 966 25 17 är
332 963 94 22 vinsten
454 964 26 21 af
498 964 138 29 jordbruket
652 964 43 22 hos
717 971 37 14 oss
772 964 75 28 ringa.
878 963 79 21 Skulle

200 995 77 23 denna
292 998 94 28 närings
402 998 140 29 hjelpmedel
556 1002 61 18 samt
631 999 45 21 den
684 998 174 30 jordbrukande
869 997 88 22 befolk-

199 1030 100 29 ningens
315 1032 217 22 lefnadskostnader
547 1033 106 29 fördyras
668 1040 85 22 genom
762 1032 106 28 stegrade
880 1032 75 27 tullar,

199 1065 26 21 så
239 1072 55 14 vore
310 1066 52 22 med
378 1066 127 22 detsamma
520 1067 68 22 äfven
603 1068 167 27 utvecklingen
782 1066 114 22 hämmad.
916 1066 39 21 Så-

197 1098 74 22 lunda
291 1100 74 21 skulle
388 1102 70 20 också
477 1102 45 21 den
536 1102 121 28 fattigaste
672 1101 150 26 folkklassen,
838 1100 118 28 nemligen

198 1132 45 22 den
259 1133 95 22 hvilken
371 1135 73 22 lefver
459 1135 26 22 af
498 1136 76 21 arbete
590 1137 42 20 hos
644 1136 146 29 jordegaren,
807 1135 48 21 lida
870 1135 85 20 minsk-

197 1167 59 28 ning
278 1168 8 21 i
309 1169 36 21 sin
367 1169 185 30 arbetsförtjenst
572 1170 122 29 samtidigt
715 1177 51 14 som
787 1169 51 21 dess
854 1168 101 22 lefnads-

197 1201 126 23 kostnader
347 1203 77 22 blefve
453 1205 116 28 stegrade;
596 1205 43 21 och
661 1204 36 22 för
718 1204 78 21 deniia
817 1203 138 28 befolkning

197 1236 118 22 återstode
331 1238 82 21 endast
428 1241 35 19 att
477 1239 9 21 i
501 1243 62 17 ännu
579 1239 71 28 högre
658 1239 57 28 grad
725 1242 30 17 än
763 1238 84 22 hittills
856 1242 55 24 taga
919 1238 36 21 sin

196 1270 99 29 tillflykt
309 1272 37 21 till
362 1273 174 28 emigrationen,
552 1273 96 22 hvilken
663 1273 72 22 redan
753 1281 32 13 nu
802 1273 31 28 på
848 1275 34 19 ett
897 1273 57 21 kän-

196 1304 54 21 bart
265 1309 46 29 sätt
326 1306 122 23 reducerar
463 1308 169 21 arbetskraften
648 1308 8 21 i
671 1307 87 22 landet.

265 1339 79 22 Afven
366 1341 183 28 rederirörelsen,
572 1349 49 14 som
644 1342 26 21 af
682 1342 114 28 gammalt
810 1342 62 22 varit
886 1349 29 14 en
931 1341 26 22 af

195 1373 92 21 landets
310 1377 59 18 mest
384 1375 132 28 betydande
530 1376 185 26 inkomstkällor,
732 1376 74 20 skulle
823 1375 79 21 träffas
917 1378 36 25 yt-

195 1409 58 19 terst
277 1408 69 21 hårdt
368 1417 84 20 genom
467 1410 133 21 införandet
621 1410 121 22 härstädes
758 1410 27 21 af
797 1417 88 14 samma
900 1410 53 21 tull-

195 1443 80 25 satser,
291 1450 50 14 som
362 1443 9 21 i
388 1443 124 29 Ryssland.
542 1444 138 29 Jernfartyg
701 1445 27 21 af
748 1445 26 21 så
789 1447 63 19 stora
866 1444 86 22 dimen-

265 1482 141 19 Statsutskottets
418 1484 110 18 betänkande
540 1485 37 17 N:o
590 1485 17 17 2.
