1061 1659
231 157 26 19 18
430 156 209 24 Petitionshetänkande
656 155 37 24 N:o
707 155 21 23 4.

203 218 77 28 gomål
301 217 52 22 icke
373 217 119 29 försports.
522 218 54 21 Men
599 217 104 22 deremot
727 217 43 21 har
784 216 110 30 missnöje
909 214 53 23 med

203 251 235 29 tullformaliteterna,
455 255 56 19 'som
534 252 94 24 bekant,
651 252 46 21 tidt
716 252 44 21 och
776 252 49 21 ofta
840 251 71 28 gifvit
926 250 37 27 sig

203 285 116 22 tillkänna
334 286 144 22 beträffande
494 286 39 21 det
547 285 179 29 ifrågavarande
742 285 76 29 slaget
832 285 27 22 af
871 284 68 22 trafik
954 283 9 22 i

204 322 96 19 motsatt
314 320 106 29 riktning
434 321 23 20 d.
473 327 21 14 v.
510 327 17 14 s.
542 320 53 21 frän
610 319 168 30 kejsaredömet
793 320 38 21 till
847 321 36 20 ort
900 319 63 21 inom

205 354 108 21 Finland.
350 355 116 21 Särskildt
487 354 42 22 har
550 354 64 22 detta
634 355 63 21 skett
718 354 52 21 från
792 354 29 21 de
844 359 119 23 personers

207 388 56 26 sida,
279 395 55 21 som,
351 389 91 21 bosatta
457 389 8 21 i
480 389 176 28 kejsaredömet,
673 389 122 28 tillbringa
811 388 51 21 sina
877 394 88 15 somrar

206 423 9 21 i
234 423 109 26 Finland,
363 431 53 13 men
435 423 74 22 delvis
525 426 54 25 taga
594 423 51 22 sina
660 422 181 23 förnödenheter
855 422 52 21 frän
922 422 43 21 Pe-

207 457 107 28 tersburg
329 457 43 22 och
387 457 92 22 hvilkas
495 458 113 21 intressen
624 457 129 29 ingalunda
762 457 25 21 fä
797 456 103 22 förbises.
923 455 43 22 Ett

208 491 192 29 undanrödjande
425 492 28 21 af
467 492 182 28 anledningarne
669 492 38 21 till
730 491 64 22 detta
816 490 109 29 missnöje
941 493 25 18 är

207 527 58 20 utan
287 525 83 22 tvifvel
385 526 121 29 päkalladt
521 526 26 21 af
559 526 177 22 förhällandena
752 525 43 22 och
810 533 29 14 en
854 525 84 21 reform
958 523 9 22 i

209 559 84 22 sädant
314 559 62 29 syfte
391 560 72 22 borde
478 560 72 22 heller
564 561 52 21 icke
631 561 41 22 vid
687 559 135 23 utförandet
837 561 62 20 möta
913 565 54 21 syn-

208 593 91 29 nerliga
314 594 150 29 svärigheter.

278 628 69 21 Hvad
363 629 71 21 sedan
449 629 144 22 vidkommer
609 630 45 21 den
670 629 118 29 egentliga
803 627 164 26 varutrafiken,

211 662 25 21 sä
252 665 25 18 är
299 663 136 28 visserligen
459 671 28 14 en
509 664 191 21 tulldeklaration
722 662 162 23 föreskrifven.
914 661 55 21 Men

212 696 77 22 denna
310 697 129 22 formalitot
461 699 101 20 sträcker
585 699 36 28 sig
642 698 118 28 knappast
782 697 82 28 längre
890 699 28 17 än
935 696 35 20 att

211 730 121 22 enahanda
347 732 102 29 omgäng
471 739 55 15 vore
544 732 136 28 erforderlig
698 731 72 22 redan
795 731 8 20 i
821 730 44 21 och
879 729 37 22 för
929 736 40 14 va-

211 771 80 15 rornas
307 765 169 30 klassificering
491 767 73 21 under
578 767 74 28 riktig
666 765 81 22 rubrik
762 765 8 21 i
781 765 121 28 jernvägs-
915 763 56 21 eller

212 799 226 28 ängbätstarifferna.
468 801 121 22 Utskottet
598 801 137 21 förutsätter
748 799 59 22 dock
819 797 152 29 möjligheten

213 832 27 21 af
253 840 29 14 en
297 835 126 26 yttermera
442 835 122 21 förenklad
580 835 131 28 anordning
726 834 9 21 i
750 833 66 22 detta
832 831 139 26 hänseende,

213 874 54 14 men
282 875 67 14 anser
364 868 36 29 sig
415 869 77 21 tillika
507 869 55 22 böra
577 869 130 26 framhälla,
724 870 35 19 att
776 865 196 24 tullformaliteter

214 908 29 14 m.
261 909 29 13 m.
306 901 36 22 för
358 902 40 22 det
412 903 118 29 egentliga
545 903 152 29 varuutbytet
709 903 8 20 i
728 901 128 22 allmänhet
866 900 30 21 ha
905 899 68 28 ringa

216 935 119 28 betydelse
351 936 8 21 i
370 937 134 28 jomförelse
519 937 52 22 med
586 936 234 29 införselafgifternas
835 934 92 29 belopp.

284 970 82 21 Redan
388 978 32 14 nu
441 975 40 18 äro
507 972 127 21 emellertid
660 971 28 22 de
709 971 67 21 flesta
791 970 71 28 ryska
878 967 96 22 artiklar

216 1003 120 29 medgifna
352 1005 144 28 obegränsad
511 1006 42 21 och
568 1006 76 21 tullfri
658 1005 98 22 införsel
771 1003 37 22 till
822 1002 108 22 Finland.

286 1038 163 29 Spritdrycker
465 1043 38 18 äro
519 1040 137 29 visserligen
672 1039 72 22 sedan
759 1037 113 30 gammalt
882 1035 93 22 ömsesi-

217 1071 52 29 digt
298 1073 124 28 förbjudna
448 1074 37 21 till
510 1074 101 22 införsel.
641 1075 55 21 Men
711 1070 227 25 vidmakthällandet
952 1069 27 22 af

217 1106 65 21 detta
304 1107 84 22 förbud
410 1107 49 26 har,
479 1109 74 21 såsom
575 1109 88 26 nämdt,
679 1107 112 30 päyrkats
808 1105 69 22 äfven
893 1104 25 21 af
931 1103 45 22 den

216 1140 71 28 ryska
306 1141 256 30 finansförvaltningen.
592 1143 47 21 Det
654 1150 69 21 synes
735 1140 89 30 jemväl
838 1146 57 15 vara
910 1138 66 21 önsk-

217 1175 75 27 värdt,
316 1178 35 19 att
370 1176 312 29 rusdryckslagstiftningen,
705 1183 50 14 som
778 1175 72 21 mäste
865 1175 61 19 rätta
942 1172 36 28 sig

217 1209 60 21 efter
293 1210 244 29 egendomligheterna
553 1211 43 22 och
608 1211 71 22 seden
694 1211 42 21 hos
747 1208 172 28 befolkningen,
927 1207 52 20 icke

220 1243 80 22 ställes
315 1245 8 20 i
339 1244 158 30 afhängighet
519 1246 26 21 af
564 1245 166 29 tullpolitiken.
747 1257 25 2 —
789 1243 42 21 Ett
847 1243 71 20 annat
933 1244 46 18 öm-

219 1277 100 30 sesidigt
333 1279 171 29 importförbud
521 1280 25 21 af
558 1280 90 21 mindre
668 1278 128 29 betydelse,
811 1276 116 28 nemligen
941 1275 39 20 be-

221 1313 116 22 träffande
364 1314 110 28 spelkort,
500 1315 42 21 har
562 1315 88 28 jemväl
677 1313 53 22 frän
747 1312 67 29 ryskt
829 1310 48 22 häll
893 1311 87 20 ansetts

220 1347 56 22 böra
298 1348 135 29 bibehållas,
457 1349 96 22 emedan
568 1349 93 22 skatten
676 1349 30 28 pä
721 1347 105 29 spelkort
840 1345 9 22 i
863 1343 118 30 Ryssland

220 1381 52 21 icke
287 1382 106 22 tillfaller
401 1384 145 26 statsverket,
562 1385 56 19 utan
634 1390 30 14 en
678 1377 303 33 välgörenhetsinrättning,

221 1416 70 22 hvars
307 1416 129 23 inkomster
451 1417 148 29 naturligtvis
620 1418 55 20 böra
690 1423 56 15 vara
756 1412 127 25 oberoende
892 1412 26 22 af
925 1411 57 29 möj-

221 1450 35 29 lig
271 1451 97 22 införsel
384 1452 26 21 af
423 1452 46 22 den
483 1450 213 30 inkomstgifvande
712 1449 108 23 artikeln.

291 1492 142 19 Statsutskottets
446 1492 110 18 betänkande
568 1492 37 18 N:o
618 1492 18 17 2.
