1067 1670
266 133 26 21 10
445 133 246 24 Petitionsbetänkande
705 134 37 23 N:o
758 133 29 24 19.

235 191 77 17 därföre
324 189 60 18 äfven
396 190 104 18 hemställa
512 191 100 18 huruvida
624 191 32 18 det
668 192 43 17 icke
723 197 48 12 vore
784 193 117 22 välbetänkt,
910 194 26 16 att
944 198 50 12 sam-

234 225 32 12 ma
278 219 77 18 förmån
368 219 64 17 skulle
445 219 83 23 beviljas
540 220 38 17 den
591 220 113 23 föreslagna
717 221 146 23 Arkeologiska
877 221 71 23 Byrån.

304 247 84 23 Förslag
400 247 30 18 till

305 283 131 27 Förordning
452 283 107 27 angående
574 284 119 21 inrättande
704 285 24 20 af
742 291 26 14 en
783 285 141 27 Arkeologisk
938 285 56 26 Byrå

236 319 34 20 för
284 317 79 22 vården
379 318 23 20 af
414 319 82 20 landets
511 319 140 20 fornminnen.

597 371 38 16 €1

303 409 42 17 Den
357 409 7 17 i
377 411 20 19 $$
410 409 15 22 2,
438 409 16 23 3,
466 410 16 21 4,
496 411 16 21 5,
531 409 4 17 8
554 409 36 17 och
603 410 11 16 9
627 411 5 15 i
646 410 77 23 Nädiga
735 410 149 22 Förordningen
897 411 20 16 af
929 411 36 17 den
983 411 10 17 2

233 437 57 23 April
308 437 45 18 1883
371 437 101 23 angäende
490 437 86 18 forntida
595 438 170 18 minnesmärkens
777 438 95 18 fredande
885 438 36 18 och
935 439 58 17 beva-

233 466 61 18 rande
313 466 118 17 omnämnda
449 466 37 17 och
504 472 71 16 genom
594 466 76 24 Nädiga
678 466 139 24 Kungörelsen
831 467 22 17 af
865 467 37 17 den
915 467 21 17 19
947 468 45 16 Juni

234 496 46 17 1884
296 494 97 18 inrättade
411 494 145 23 Arkeologiska
568 494 162 18 Kommissionen
744 495 98 23 indrages.
867 496 7 16 1
887 496 65 17 stället
965 496 27 17 in-

235 526 60 16 rättas
307 529 25 11 en
344 523 133 23 Arkeologisk
490 523 59 23 Byrä.

596 570 39 20 s2.

302 610 145 23 Arkeologiska
460 610 73 23 Byrän,
545 610 11 17 &
569 610 80 18 hvilken
662 611 24 17 de
699 610 126 23 äligganden,
838 616 41 12 som
895 610 97 18 härförin-

233 645 39 12 nan
284 638 109 18 ankommit
405 639 11 17 å
428 638 144 24 Arkeologiska
585 639 164 22 Kommissionen,
762 639 131 23 öfverflyttas,
906 644 45 18 eger
963 641 28 15 att

232 667 115 19 handhafva
364 667 72 18 vården
455 667 23 17 af
492 668 54 17 såväl
558 667 96 18 Finlands
666 673 72 18 genom
751 668 78 22 Nådiga
841 668 150 22 Förordningen

233 697 22 17 af
272 697 36 17 den
327 697 11 16 2
351 696 57 23 April
419 696 45 17 1883
476 696 93 22 fridlysta
581 696 162 23 fornlemningar,
757 702 42 12 som
813 696 78 18 Statens
903 696 86 18 arkeolo-

232 726 57 23 giska
308 725 36 17 och
356 724 108 18 historiska
472 724 171 24 museisamlingar
656 726 50 16 samt
718 725 32 17 för
762 725 62 23 öfrigt
836 724 61 18 verka
909 725 31 17 för
953 724 37 18 den

232 753 139 23 arkeologiska
389 754 143 22 vetenskapens
550 753 108 18 förkofran.
688 754 43 17 Den
744 755 81 21 utgöres
839 754 23 17 af
873 759 23 11 en
909 754 80 17 Statsar-

232 783 76 22 keolog,
322 788 24 12 en
359 782 100 21 Aktuarie,
472 788 24 11 en
508 782 105 18 Intendent
625 782 36 18 och
673 788 25 12 en
711 782 142 18 Konservator,

588 839 38 21 33.

303 879 178 23 Statsarkeologen,
500 885 42 12 som
554 879 35 18 bör
602 885 71 17 genom
686 879 67 23 aflagd
765 879 171 18 licentiatexamen
949 879 7 18 i
968 879 21 17 fi-

231 908 94 18 losofiska
342 907 110 18 fakulteten
468 910 50 15 samt
530 907 78 24 utgifna
620 908 79 18 arbeten
713 908 6 17 i
733 908 100 23 arkeologi
847 908 60 17 hafva
919 908 70 22 ådaga-

231 937 42 23 lagt
290 937 32 17 för
341 936 83 17 embetet
443 936 129 23 erforderliga
590 937 88 22 insigter,
692 938 105 16 utnämnes
809 937 22 17 af
843 937 55 17 Hans
910 936 78 23 Kejser-

230 965 40 23 liga
283 965 92 23 Majestät
387 965 25 22 pä
423 965 123 23 underdänig
558 965 115 23 ansökning.

596 1013 9 19 S
618 1011 16 17 4.

298 1051 116 22 Aktuarien,
428 1051 127 18 Intendenten
568 1051 37 18 och
618 1051 156 22 Konservatorn,
786 1051 68 18 hvilka
867 1051 45 17 böra
918 1057 71 17 genom

230 1079 79 24 atlagda
327 1079 89 18 examina
434 1079 6 18 i
452 1079 108 18 filosofiska
572 1079 109 18 fakulteten
695 1079 49 18 eller
756 1085 73 17 genom
841 1079 148 24 vetenskapliga

230 1108 142 23 afhandlingar
384 1108 7 17 i
403 1108 101 23 arkeologi
517 1108 58 17 hafva
587 1108 52 18 visat
651 1108 30 23 sig
694 1108 31 17 till
738 1108 109 22 tjensterna
860 1108 129 23 kompetente,

229 1138 104 16 utnämnas
351 1137 22 16 af
389 1137 95 17 Senatens
501 1137 260 22 Ekonomie-Departement
777 1136 24 23 pä
820 1136 124 23 underdänig
956 1142 33 12 an-

232 1165 86 23 sökning
331 1165 36 17 och
380 1165 50 18 efter
443 1165 183 23 Statsarkeologens
639 1165 92 18 hörande.

588 1214 9 18 S
611 1212 15 17 5

300 1251 180 23 Statsarkeologen,
493 1256 42 12 som
548 1252 22 15 är
582 1251 87 17 direktor
681 1251 32 17 för
729 1250 204 23 museisamlingarna,
946 1251 43 17 ord-

230 1284 36 12 nar
279 1279 73 22 byräns
365 1279 131 23 verksamhet,
509 1281 51 15 samt
571 1279 87 17 fördelar
671 1279 84 17 emellan
769 1279 30 23 sig
812 1278 37 18 och
859 1279 73 22 byräns
940 1279 48 23 tjen-

229 1310 76 14 stemän
323 1308 75 17 värden
415 1308 22 16 af
453 1310 85 15 museets
557 1307 95 18 särskilda
670 1308 127 22 afdelningar
815 1309 51 15 samt
878 1307 64 23 öfriga
954 1308 34 17 vid

232 1336 62 22 byrän
307 1336 130 18 förefallande
450 1336 85 18 arbeten.

298 1364 69 18 Under
381 1364 182 23 Statsarkeologens
576 1364 129 18 embetsresor
718 1364 50 17 eller
777 1366 59 15 annat
848 1364 68 17 förfall
929 1364 59 17 hand-

229 1392 71 18 hafvas
313 1392 50 18 hans
375 1393 115 17 funktioner
502 1393 22 17 af
534 1393 114 17 Aktuarien.
661 1393 39 17 För
712 1392 63 23 öfrigt
787 1398 37 18 ega
836 1392 91 23 samtlige
938 1392 50 23 tjen-

228 1423 77 15 stemän
317 1423 29 15 att
359 1421 31 17 vid
404 1421 61 18 behof
474 1422 7 16 i
490 1422 85 22 tjensten
588 1422 35 16 och
636 1423 101 21 gentemot
744 1421 134 17 allmänheten
890 1421 96 17 stäilföre-

229 1450 56 17 träda
298 1450 37 17 och
349 1450 75 17 biträda
438 1450 42 17 sina
492 1449 92 23 kolleger.

297 1484 100 18 Allmänna
409 1484 174 18 Besvärsutskottets
596 1484 110 18 betänkande
718 1484 37 18 N:o
769 1484 28 17 15.
