1056 1670
315 107 224 22 Petitionsbetänkande
555 108 34 21 N:o
606 107 14 22 1.
770 108 42 21 119

90 167 108 27 nemligen
219 173 46 15 mer
286 169 28 19 än
334 167 35 20 väl
391 168 84 20 ersätta
495 167 90 27 möjliga
601 167 104 22 förluster
721 167 7 21 i
744 167 97 22 trafikin-

90 202 73 23 komst
178 204 13 20 å
207 202 27 22 de
250 202 137 22 existerande
403 202 161 22 statsbanorna.

162 239 34 21 Då
215 238 95 21 flertalet
331 239 23 20 af
373 239 27 20 de
420 245 30 14 nu
466 239 150 27 föreliggande
632 239 147 26 petitionerna
795 239 47 22 icke

91 275 45 21 afse
152 276 67 20 annat
235 276 26 19 än
279 274 41 21 den
336 274 123 27 föreslagna
473 274 185 27 jernvägsliniens
674 274 168 22 instrumentala

91 310 163 27 undersökning
269 311 28 26 på
313 311 83 20 statens
412 309 129 28 bekostnad,
557 311 40 20 har
613 311 109 21 utskottet
738 311 48 21 med
797 311 45 20 led-

91 346 52 27 ning
158 345 24 22 af
197 345 64 22 ofvan
277 345 91 22 anförda
384 346 135 27 synpunkter
536 346 47 22 icke
600 346 85 21 kunnat
700 345 59 22 finna
770 348 72 25 annat,

92 384 26 19 än
140 383 33 20 att
195 381 133 22 statsverket
349 381 48 22 icke
413 381 67 22 borde
497 382 143 27 undandraga
656 382 34 27 sig
706 384 33 19 att
754 382 89 21 beforda

92 417 109 27 företaget
221 424 77 20 genom
320 417 124 27 uppoftring
464 418 24 20 af
503 418 41 21 den
561 424 92 21 summa,
670 424 46 15 som
733 424 26 16 en
776 418 66 21 sådan

92 453 163 27 undersökning
276 453 81 26 kräfde,
373 453 59 21 helst
447 453 72 21 banan
535 454 40 21 har
591 460 27 15 en
634 455 25 19 så
675 456 47 19 stor
738 454 39 21 och
794 454 48 21 obe-

93 489 87 27 stridlig
198 489 59 21 lokal
277 489 117 27 betydelse,
415 491 34 19 att
469 490 51 20 dess
539 490 176 26 förverkligande
731 490 45 21 förr
791 489 53 22 eller

92 532 76 15 senare
184 525 108 27 svårligen
307 525 43 21 kan
366 524 105 22 betviflas.
504 525 135 27 Visserligen
655 526 43 20 kan
714 526 76 21 härvid
806 532 36 14 an-

93 562 92 26 märkas,
207 563 32 19 att
260 561 41 21 den
322 561 100 21 landsdel
444 567 46 15 som
512 562 39 20 har
573 561 40 21 sitt
629 561 93 22 intresse
738 562 8 20 i
760 561 83 21 banans

93 598 118 26 uppkomst
231 599 24 19 är
275 603 42 21 nog
337 596 112 28 förmögen
471 598 40 21 och
529 597 143 22 'välbefolkad
694 597 33 22 för
746 599 34 20 att
795 598 50 26 sjelf

92 633 74 22 kunna
180 633 93 21 bekosta
291 640 27 14 en
334 633 67 21 sådan
417 634 170 26 undersökning.
614 633 115 22 Utskottet
739 634 39 21 har
789 634 54 20 dock

93 669 19 27 ej
128 670 85 20 kunnat
228 670 71 26 undgå
314 671 33 19 att
363 670 97 21 erkänna
476 670 37 22 det
529 670 137 26 berättigade
682 670 33 21 uti
725 670 48 27 den,
785 670 58 22 såväl

94 705 6 21 i
117 706 32 20 ett
164 705 24 21 af
201 705 246 27 petitionsmemorialen
463 712 47 15 som
526 706 37 21 vid
579 706 183 21 remissdebatten
778 705 66 21 fram-

93 741 74 21 hållna
178 741 144 27 synpunkten,
333 743 34 19 att
377 743 32 19 ett
420 741 24 21 af
453 742 168 26 statsigeniörer
636 742 119 26 uppgjorät
766 742 40 20 och
817 742 27 26 på

93 776 111 22 verkstäld
225 777 162 27 undersökning
403 778 110 26 grundadt
529 777 194 27 kostnadsförslag,
740 777 35 21 vid
792 777 52 26 möj-

93 812 44 26 liga
152 812 163 22 transaktioner
331 819 34 15 om
381 812 120 27 företagets
517 813 147 21 realiserande
680 814 28 25 på
722 813 72 26 privat
804 815 40 24 väg

93 848 40 20 har
153 847 50 22 vida
224 849 70 20 större
315 848 82 21 vitsord
413 851 27 18 än
457 855 26 14 en
500 848 23 21 af
538 848 100 21 enskilda
653 855 103 20 personer
772 849 72 20 åstad-

93 883 101 21 kommen
211 883 234 28 kostnadsberäkning.

164 919 115 22 Utskottet
294 921 46 20 tror
356 920 33 26 sig
404 919 77 22 härvid
493 919 122 22 emellertid
626 919 52 22 böra
690 920 110 26 anmärka,
812 921 33 20 att

94 955 41 20 den
158 955 195 26 omständigheten,
373 955 109 21 huruvida
502 955 71 21 banan
595 956 99 21 kommer
712 957 34 20 att
760 955 84 22 utföras

95 991 33 20 för
143 992 86 20 statens
250 991 53 21 eller
323 993 32 19 ett
376 991 72 26 privat
468 991 76 27 bolags
564 991 100 28 räkning,
684 991 6 21 i
706 993 72 25 någon
794 992 50 20 mån

94 1026 42 21 kan
153 1026 89 22 inverka
258 1027 27 26 pä
299 1027 131 26 jernvägens
447 1027 132 26 sträckning.
611 1027 54 22 Sker
675 1027 127 21 utförandet
812 1027 33 21 för

95 1063 84 20 statens
201 1062 98 27 räkning,
322 1065 24 18 är
367 1063 36 20 det
424 1063 107 26 naturligt
552 1065 32 19 att
606 1069 50 15 man
672 1063 56 21 skall
744 1063 53 21 söka
812 1064 33 20 att

94 1099 73 25 uppnå
174 1098 77 27 Hangö
259 1098 70 21 banan
341 1099 27 26 på
379 1099 24 20 så
411 1098 51 21 kort
470 1101 41 24 väg
519 1105 46 14 som
575 1099 38 21 ske
624 1099 42 21 kan
678 1101 52 19 utan
742 1099 101 21 tillbaka-

94 1134 100 20 sättande
215 1133 23 22 af
257 1134 38 21 det
316 1134 71 21 lokala
409 1134 168 22 trafikbehofvet
593 1135 40 21 och
658 1136 52 20 utan
726 1136 34 20 att
776 1134 68 22 öfver-

94 1168 80 21 höfvan
190 1169 98 27 förlänga
306 1172 69 24 vägen
390 1169 35 22 för
440 1170 42 21 den
498 1171 160 26 genomgående
674 1170 99 27 trafiken,
789 1173 57 18 samt

94 1205 34 20 att
143 1204 92 22 sålunda
251 1206 13 20 å
280 1205 85 27 längsta
376 1205 90 28 möjliga
477 1206 88 21 sträcka
575 1206 99 27 begagna
684 1207 94 20 nämnda
786 1207 59 26 jern-

94 1241 46 25 väg.
172 1239 186 29 Omhändertagas
378 1241 71 21 banan
471 1242 98 20 deremot
589 1241 25 21 af
633 1243 32 20 ett
684 1242 72 26 privat
774 1241 71 26 bolag,

94 1275 72 21 kunde
188 1277 33 19 ett
242 1276 78 22 sådant
339 1276 58 21 finna
419 1277 37 21 det
471 1276 154 28 förmånligare
641 1279 33 19 att
689 1278 65 20 korsa
769 1277 76 26 Hangö

94 1310 77 27 banan,
192 1313 28 19 än
239 1314 35 19 att
289 1312 22 21 få
325 1312 133 22 bandelarne
474 1312 105 26 åtskiljda
594 1318 78 22 genom
688 1314 70 26 någon
774 1312 35 22 del
825 1312 23 21 af

95 1346 134 22 statsbanan.
260 1348 44 21 Det
320 1354 63 20 synes
399 1348 110 22 utskottet
525 1348 73 22 derför
614 1354 46 16 som
677 1355 35 15 om
726 1348 120 22 undersök-

94 1382 52 26 ning
169 1382 24 22 af
214 1385 78 20 tvenne
316 1383 131 22 alternativa
471 1384 65 21 linier
557 1384 108 22 måhända
683 1384 67 22 borde
767 1384 79 27 ifråga-

95 1417 95 22 komma.

168 1459 175 23 Jernvägsutskottets
356 1460 108 18 betänkande
476 1460 35 18 N:o
523 1462 15 16 1.
