1064 1656
211 111 84 23 Ständ.
311 111 54 23 Pet.
385 124 26 4 —
428 111 171 23 Petitionsbet.
615 111 45 23 N:o
676 112 20 22 1.
774 114 26 20 17

147 178 44 21 Det
206 178 90 21 anförda
312 178 99 26 innebär,
422 178 69 26 enligt
505 178 133 22 Ständernas
658 178 71 27 tanke,
747 178 82 27 vigtiga

75 214 48 21 skäl
146 214 33 21 för
199 216 33 19 att
253 220 30 15 nu
304 214 99 26 företaga
425 220 26 16 en
467 214 95 22 revision
579 214 23 21 af
617 214 26 21 de
659 215 24 20 år
700 214 57 22 1877
775 214 52 21 fast-

75 250 72 21 stälda
170 256 116 15 normerna
302 250 33 21 för
351 250 86 21 landets
451 250 240 28 jernvägsbyggnader;
708 250 39 22 och
763 250 65 22 hafva

75 286 122 21 Ständerna
213 287 79 25 ansett,
303 287 34 20 att
354 286 37 21 det
407 292 50 15 vore
473 286 208 27 ändamålsenligast
697 292 33 15 om
746 292 27 16 en
784 288 43 19 sär-

75 322 58 21 skild
151 322 151 27 kommission,
319 322 32 21 uti
367 322 89 22 hvilken
473 322 63 22 äfven
552 322 68 21 andra
637 324 27 19 än
679 322 8 20 i
703 322 125 27 statstjenst

76 358 100 22 anstälde
196 364 105 20 personer
324 357 67 22 borde
413 358 56 27 ingå,
486 357 71 23 blefve
573 358 34 21 för
622 357 87 28 frågans
726 358 102 27 allsidiga

76 394 117 26 utredning
209 394 87 21 tillsatt.

148 442 125 21 Resultatet
294 441 23 22 af
337 448 26 15 en
385 441 59 28 dylik
464 441 156 22 kommissions
641 441 74 22 arbete
734 441 93 23 behöfde

77 477 48 22 icke
146 478 67 22 blifva
235 480 32 19 ett
287 479 54 26 nytt,
359 484 56 21 noga
435 477 92 22 fixeradt
548 478 40 21 och
609 478 33 21 för
661 477 43 22 alla
720 477 39 22 fall
775 478 52 21 ovil-

77 514 98 27 korligen
195 514 101 27 gällande
311 513 202 28 byggnadssystem.
545 513 122 22 Ständerna
683 513 64 22 hafva
763 514 64 21 tänkt

79 550 40 27 sig,
135 551 34 20 att
184 550 179 26 kommissionen,
380 555 46 16 som
443 549 140 27 naturligtvis
599 549 78 22 främst
693 549 71 22 skulle
777 556 50 20 nog-

77 587 65 26 grant
163 587 90 20 studera
273 585 87 22 landets
377 591 54 21 egna
447 585 69 22 banor
531 585 56 22 både
603 585 56 21 hvad
675 585 152 27 anläggnings-

78 623 45 20 sätt
142 622 39 21 och
201 621 64 22 trafik
281 621 136 22 vidkommer
433 623 58 20 samt
506 621 105 27 derjemte
627 622 50 26 taga
693 621 83 27 hänsyn
793 621 34 21 till

78 658 41 21 den
135 657 8 21 i
159 657 68 22 andra
249 657 76 21 länder
345 663 73 15 vunna
435 657 158 26 erfarenheten,
609 657 66 21 borde
691 657 74 21 kunna
781 657 46 21 dels

77 699 77 21 genom
176 693 82 27 förslag
279 693 35 21 till
335 693 108 27 åtgärder,
459 699 46 15 som
525 692 98 22 medföra
639 692 122 27 besparing,
781 692 46 22 dels

77 735 77 21 genom
179 728 129 27 angifvande
329 729 24 21 af
372 729 111 21 allmänna
504 729 95 26 grunder
619 728 34 21 för
673 728 112 27 byggande
806 727 24 22 af

75 765 116 26 jernvägar
215 765 49 20 med
288 764 59 21 olika
370 764 92 28 uppgift,
482 764 102 21 befordra
606 764 37 21 det
663 763 164 28 ifrågavarande

77 800 125 21 ändamålet
218 801 53 20 utan
287 801 34 20 att
336 799 121 28 förslagens
474 800 123 27 antagande
613 799 94 22 uteslöte
723 801 34 20 ett
773 799 55 22 efter

77 835 102 23 behofvet
194 835 7 22 i
217 835 74 27 hvarje
307 835 106 22 särskildt
429 836 39 21 fall
484 836 97 27 lämpadt
597 835 130 22 förfarande.

149 883 80 22 Derest
249 883 68 22 Eders
335 883 122 27 Kejserliga
475 883 104 27 Majestät
595 883 7 21 i
618 883 67 21 nåder
701 883 126 26 godkänner

77 919 105 27 förslaget
199 925 35 15 om
251 919 136 21 tillsättande
403 918 24 22 af
441 926 27 14 en
484 918 143 22 kommission
644 918 48 22 med
711 918 63 22 ofvan
791 924 36 16 an-

77 955 52 27 tydd
146 954 91 28 uppgift,
253 954 67 22 borde
337 955 126 21 densamma
479 954 69 28 enligt
563 954 132 22 Ständernas
711 954 66 22 tanke
793 960 32 15 er-

78 991 59 21 hålla
150 990 81 28 jemväl
247 992 33 20 ett
295 992 68 20 annat
378 990 79 27 vigtigt
472 991 105 26 uppdrag.

149 1038 106 22 Behofvet
273 1038 24 22 af
314 1038 98 26 bibanor,
428 1038 91 22 afsedda
539 1039 33 20 att
593 1038 86 27 betjena
696 1038 41 22 den
754 1038 72 21 lokala

77 1073 92 23 trafiken
186 1074 7 21 i
209 1080 26 16 en
251 1074 44 21 viss
312 1074 104 27 landsort,
433 1076 39 24 gör
489 1074 32 26 sig
537 1074 40 21 allt
593 1080 59 15 mera
668 1073 107 28 gällande,
785 1074 40 21 och

77 1110 184 27 tillgodoseendet
276 1110 24 22 af
315 1110 60 21 detta
391 1110 67 22 behof
472 1110 84 27 blifver,
571 1110 7 20 i
595 1110 41 21 den
652 1110 49 20 mån
715 1110 112 26 jernvägs-

77 1147 62 20 nätet
159 1146 108 26 utvidgas,
289 1146 40 21 allt
349 1152 60 15 mera
429 1146 201 26 maktpåliggande,
649 1145 44 21 lika
714 1145 86 27 mycket
821 1144 7 22 i

77 1182 42 21 den
143 1181 111 22 allmänna
275 1181 164 27 utvecklingens
461 1181 100 27 intresse,
578 1187 46 15 som
646 1181 33 21 för
701 1181 84 21 ökande
807 1180 22 22 af

77 1217 27 21 de
120 1217 137 22 existerande
271 1217 155 27 jernvägarnes
442 1217 142 21 rentabilitet.
603 1216 92 28 Sålänge
706 1216 121 22 emellertid

77 1259 28 15 en
126 1252 35 22 del
181 1252 83 28 vigtiga
285 1252 180 28 stambanelinjer
487 1255 58 19 ännu
561 1253 19 27 ej
597 1253 78 21 hunnit
690 1253 88 21 komma
794 1252 34 21 till

77 1288 123 28 utförande,
217 1288 84 22 hvilket
321 1288 136 22 förhållande
477 1288 111 22 sannolikt
603 1289 68 21 under
687 1294 26 15 en
729 1288 51 26 lång
795 1287 33 21 tid

77 1323 80 22 framåt
173 1324 56 21 skall
246 1323 99 25 fortfara,
356 1324 44 21 kan
416 1325 74 20 staten
506 1325 77 21 endast
599 1324 156 26 undantagsvis
771 1323 56 21 före-

77 1360 52 26 taga
144 1359 132 27 anläggning
291 1359 24 21 af
329 1360 69 21 lokal-
415 1359 40 21 och
471 1359 98 28 bibanor,
581 1360 74 21 hvilka
670 1360 70 20 måste
752 1358 75 22 ställas

78 1395 6 20 i
108 1395 68 21 andra
199 1396 101 20 rummet.
331 1395 88 21 Funnes
443 1395 99 22 deremot
565 1396 69 25 någon
659 1394 112 27 möjlighet
795 1396 32 19 att

745 1435 11 18 2
