1070 1673
281 132 243 22 Petitionsbetänkande
539 131 36 23 N:o
591 130 30 24 31.
775 131 28 21 23

75 202 129 27 ifrågasatta
219 200 135 28 sänkningen
370 200 25 22 af
408 200 208 27 terminsafgifterna
631 200 59 21 såväl
700 200 8 21 i
718 201 28 21 de
758 202 72 25 egent-

76 236 45 26 liga
135 235 155 21 flickskolorna
305 242 45 14 som
365 234 7 22 i
387 234 290 28 fortbildningslärovärken.

144 270 32 21 På
197 270 71 26 grund
290 268 25 22 af
334 268 58 22 hvad
414 268 39 28 jag
467 268 48 22 haft
530 269 53 21 äran
599 268 77 22 anföra
690 268 91 22 föreslår
794 268 38 28 jag

78 304 125 28 ödmjukast
226 305 33 20 att
281 303 85 22 landets
389 303 117 27 höglofliga
522 304 99 25 Ständer,
636 304 49 20 med
700 303 95 27 gillande
811 302 24 21 af

77 338 64 28 syftet
156 338 8 22 i
179 338 239 28 petitionsmemorialet
438 338 40 22 N:o
493 338 35 27 IV,
551 338 50 22 ville
615 338 77 22 förena
706 338 33 27 sig
755 345 33 15 om
805 344 27 14 en

77 372 136 28 underdånig
228 372 98 28 petition,

352 439 31 19 att
397 436 64 22 Hans
471 436 124 28 Kejserliga
605 436 109 28 Majestät,
724 437 47 21 med
780 444 53 20 upp-

286 471 108 28 häfvande
408 472 32 27 af
450 478 30 14 nu
489 472 102 27 gällande
600 471 157 28 bestämningar
767 472 66 27 angå-

286 506 53 22 ende
349 506 224 28 terminsafgifternas
582 506 72 27 belopp
662 506 9 20 i
678 506 156 27 fruntimmers-

285 541 98 21 skolorna
408 541 38 21 och
471 540 291 29 fortbildningslärovärken,
786 541 49 21 ville

282 575 126 28 förminska
430 576 53 25 dem,
505 576 10 20 i
533 575 139 28 förstnämda
688 575 99 21 lärovärk
801 575 34 21 till

285 617 81 14 samma
381 610 71 27 belopp
467 617 44 14 som
526 610 8 20 i
549 609 236 22 elementarlärovärken
793 610 42 27 för

286 651 82 20 gossar,
383 646 55 19 samt

354 679 10 20 i
384 678 295 28 fortbildningslärovärkens
699 678 74 28 första
798 678 37 21 och

286 713 70 21 andra
371 712 82 22 klasser
468 713 33 21 till
515 712 32 22 40
561 713 61 21 mark
636 714 9 20 i
660 714 81 20 termin.

151 764 137 27 Helsingfors
303 765 41 21 den
361 765 27 21 14
402 765 44 27 maj
463 765 62 21 1891.

608 822 65 22 Ernst
688 822 77 29 Lagus.

150 897 9 21 I
176 897 156 22 ofvanstäende
346 897 133 22 reservation
495 897 76 22 förena
585 898 43 27 sig:

151 955 110 22 Johannes
276 955 64 22 Bäck.
593 955 69 22 Arvid
676 955 91 29 Nyberg.

152 1029 40 22 Om
214 1030 156 21 ofvanstäende
392 1031 139 25 reservation,
554 1031 33 21 för
609 1031 25 20 sä
653 1031 45 20 vidt
714 1031 40 20 den
770 1029 69 28 gäller

83 1063 208 27 terminsafgifterna
310 1064 36 21 vid
361 1065 27 21 de
403 1064 35 22 till
452 1064 250 22 fruntimmersskolorna
716 1065 8 21 i
739 1064 98 27 Helsing-

83 1098 44 21 fors
142 1098 151 27 organiserade
308 1098 286 28 fortbildningsläroverken,
610 1099 75 21 förena
700 1099 32 27 sig

152 1162 84 28 August
250 1162 96 28 Ramsay.
609 1162 70 22 Theod
694 1162 75 22 Lindh.

157 1476 99 18 Allmänna
267 1476 174 18 Besvärsutskottets
452 1476 110 19 betänkande
574 1477 36 18 N:o
622 1476 30 19 24.
