1056 1673
234 103 43 22 112
423 102 225 23 Petitionsbetänkande
664 104 34 21 N:o
714 102 14 22 1.

203 163 67 21 talrik
290 162 125 28 befolkning
436 163 39 22 och
494 169 27 15 en
537 163 95 27 gammal
648 163 75 27 odling
738 164 58 20 samt
811 164 78 20 tvenne
905 162 47 22 icke

203 198 90 22 alldeles
310 198 135 28 obetydande
460 198 156 28 affärsplatser.

275 235 30 21 Af
326 235 37 21 det
385 236 67 26 sagda
474 235 96 27 framgår
594 235 123 22 emellertid
740 234 69 28 enligt
831 235 121 21 utskottets

203 270 73 27 tanke,
297 272 33 20 att
352 272 63 20 dessa
433 271 117 27 jernvägar
570 271 48 21 icke
639 271 74 21 kunna
728 270 65 22 hafva
808 270 69 27 utsigt
895 270 34 21 att
945 269 8 21 i

203 306 42 22 den
265 308 110 20 närmaste
391 306 117 22 framtiden
524 307 88 21 komma
628 307 34 21 till
678 306 123 23 utförande.
832 306 43 22 Det
891 306 62 21 torde

204 342 47 22 icke
272 342 105 27 billigtvis
395 343 74 21 kunna
484 343 92 27 begäras
592 344 34 20 att
642 342 133 22 statsverket
790 342 34 22 för
839 344 32 19 ett
886 344 67 24 ytter-

204 384 61 15 mera
280 378 172 27 tillgodoseende
468 378 24 22 af
506 379 38 21 det
560 380 88 25 trängre
664 378 73 22 lokala
752 378 101 22 behofvet
869 378 7 20 i
891 377 62 22 Sata-

203 414 76 25 kunta,
295 414 34 21 för
343 414 82 22 hvilket
440 420 78 22 genom
529 414 145 27 Björneborgs
685 414 83 22 banans
779 414 111 27 byggande
901 413 52 22 alla-

203 450 68 21 redan
293 451 85 26 mycket
398 450 33 22 för
451 451 135 21 närvarande
602 453 70 25 göres,
688 450 70 22 skulle
775 450 109 27 snarligen
900 456 53 21 upp-

204 485 54 22 offra
268 486 121 27 betydande
401 493 103 21 summor,
516 487 74 21 hvilka
600 487 50 21 med
661 489 71 19 större
742 486 37 27 fog
789 486 67 22 borde
866 486 88 22 komma

203 521 35 22 till
254 522 137 27 användning
407 522 6 21 i
429 523 67 20 andra
512 523 61 21 delar
588 522 24 22 af
626 523 81 26 landet,
724 528 46 16 som
787 522 49 21 med
852 521 101 22 afseende

204 559 13 20 &
233 558 214 21 kommunikationer
461 561 37 18 äro
515 559 61 26 långt
592 565 60 15 mera
668 558 158 21 tillbakasatta.

276 594 34 21 Då
325 593 109 23 utskottet
449 594 93 21 sålunda
557 595 55 26 icke,
629 595 49 20 med
694 594 117 27 anledning
826 593 23 22 af
858 600 29 15 nu
898 594 55 21 före-

204 629 103 28 liggande
323 630 228 27 petitionsmemorial,
568 631 39 21 hos
624 630 122 22 Ständerna
762 632 55 19 trott
832 630 34 27 sig
881 630 73 21 kunna

203 665 81 22 föreslå
299 666 141 27 vidtagandet
455 666 33 22 för
504 666 134 21 närvarande
648 666 24 21 af
681 667 71 26 någon
764 665 94 22 särskild
869 666 84 27 åtgärd,

204 701 41 22 har
265 702 109 21 utskottet
395 702 46 21 icke
464 702 67 22 heller
553 702 72 21 funnit
646 702 47 21 skäl
715 704 33 19 att
769 702 51 27 ingå
840 703 28 25 på
883 703 70 26 någon

201 737 126 27 jemförelse
347 737 24 22 af
390 738 26 21 de
437 738 56 21 båda
506 737 224 28 jernvägsförslagens
747 737 100 22 inbördes
864 737 89 22 företrä-

205 775 48 20 den.
285 774 43 21 Det
349 774 39 21 har
408 774 127 27 visserligen
557 775 58 20 inom
637 774 110 21 utskottet
763 773 103 27 påyrkats
881 775 34 19 att
930 774 24 20 så

204 809 68 22 borde
288 810 43 27 ske,
347 810 40 21 och
403 810 39 21 har
453 810 7 21 i
471 811 61 20 detta
543 810 102 21 afseende
654 809 81 28 jemväl
746 809 131 22 framhållits
888 809 66 21 huru-

205 852 46 15 som
269 846 166 26 Nystadsbanan
451 847 54 27 egde
521 852 27 15 en
564 846 50 21 vida
630 848 70 20 större
716 846 111 26 betydelse
838 846 39 20 och
889 845 65 21 fram-

205 882 33 21 tid
259 882 34 21 för
313 882 33 26 sig
362 884 27 19 än
405 882 83 22 Raumo
504 882 79 27 banan,
600 884 53 19 enär
669 883 128 21 densamma
812 881 49 27 gick
877 887 76 21 genom

205 924 26 15 en
252 917 136 22 välbefolkad
409 918 106 27 landsdel,
535 918 91 22 berörde
642 917 115 28 Pyhäjärvi
774 919 59 19 stora
849 917 32 27 sjö
898 918 57 20 samt

205 954 56 21 hade
279 956 32 19 ett
327 956 70 19 större
414 953 158 24 trafikområde,
588 954 156 26 hvarförutom,
762 952 45 22 ifall
819 959 50 15 man
880 952 75 22 tänkte

205 990 33 26 sig
259 996 27 15 en
307 989 103 22 framtida
430 990 116 27 utgrening
568 990 56 21 ifrån
646 991 127 20 densamma
794 988 34 22 till
844 984 53 31 Åbo,
913 989 41 21 den

204 1026 101 26 utgjorde
326 1032 26 15 en
374 1026 96 26 naturlig
490 1026 51 21 länk
563 1026 7 21 i
590 1032 27 15 en
638 1025 209 27 förbindningsbana
863 1025 92 21 emellan

205 1062 42 20 den
269 1061 174 27 Björneborgska
463 1062 39 21 och
523 1056 46 27 Åbo
585 1062 103 21 banorna.
720 1056 19 26 Å
755 1061 68 21 andra
839 1061 61 21 sidan
916 1061 39 21 har

205 1097 100 21 deremot
324 1097 108 27 betonats,
451 1099 33 19 att
499 1098 83 21 Raumo
605 1098 70 21 banan
698 1098 60 26 löpte
779 1102 77 22 genom
872 1096 83 22 trakter

205 1138 47 16 som
269 1133 49 21 med
334 1132 89 22 afsende
439 1134 13 20 &
467 1133 119 21 folktäthet
601 1134 62 20 stode
674 1133 94 21 framom
780 1132 83 26 Nystad
873 1132 82 22 banans

204 1168 162 26 trafikområde,
387 1170 34 20 att
440 1169 82 21 Raumo
544 1169 60 21 stads
624 1169 76 21 affärs-
722 1168 40 22 och
784 1167 171 27 sjöfartsrörelse

204 1210 39 15 var
257 1211 60 15 mera
328 1205 122 26 betydande
459 1207 27 19 än
495 1205 102 27 Nystads,
607 1206 33 20 att
647 1205 85 21 Raumo
740 1204 83 26 stadigt
833 1204 48 26 gått
888 1205 67 25 uppåt

205 1246 47 15 som
269 1240 115 22 affärsstad
395 1241 70 21 under
473 1241 37 21 det
521 1240 84 27 Nystad
613 1240 77 22 tidtals
699 1240 58 22 varit
767 1240 7 20 i
782 1239 173 27 tillbakagående

205 1276 40 21 och
262 1278 33 20 att
310 1276 84 22 Raumo
410 1276 71 22 banan
498 1277 97 26 sålunda,
611 1282 34 15 om
662 1277 85 26 hänsyn
764 1277 61 25 tages
837 1275 34 21 till
881 1275 74 22 linier-

205 1318 40 14 nas
263 1312 58 22 olika
336 1312 73 27 längd,
425 1318 49 16 vore
490 1314 34 20 att
539 1312 115 27 föredraga
669 1311 93 22 framför
778 1312 41 20 den
835 1311 74 21 andra.

278 1348 113 21 Utskottet
407 1348 40 22 har
463 1348 129 27 emellertid,
609 1350 72 20 såsom
698 1347 64 22 ofvan
779 1347 67 21 redan
861 1348 95 25 nämnts,

205 1383 6 21 i
233 1383 89 27 frågans
344 1385 125 21 nuvarande
485 1384 66 22 skede
568 1384 47 22 icke
631 1386 56 19 trott
703 1383 34 27 sig
753 1382 53 22 böra
821 1382 50 28 ingå
887 1384 28 26 på
929 1389 26 15 en

205 1419 205 28 detaljgranskning
431 1420 23 22 af
468 1420 127 21 densamma
610 1420 40 21 och
666 1420 41 22 har
722 1419 34 21 för
772 1420 33 20 ett
819 1419 80 21 sådant
914 1418 41 22 för-

276 1460 179 24 Jernvägsutskottets
467 1461 109 18 betänkande
587 1460 35 19 N:o
634 1462 16 18 1.
