1070 1670
257 141 26 20 18
435 140 244 23 Petitionsbetänkande
694 141 37 23 N:o
747 140 30 23 19.

227 216 55 14 nom
298 209 62 21 delar
376 214 106 17 ansvaret
497 210 43 21 och
555 223 28 3 —
599 213 74 19 såsom
689 218 28 14 en
732 211 71 28 högre
817 210 88 21 instans
919 223 29 3 —
963 212 25 19 är

227 243 59 22 hans
308 243 149 22 sträfvanden
476 245 34 21 till
525 245 71 28 hjälp,
611 253 53 14 men
680 247 35 20 att
729 245 220 22 sammankallandet
964 244 26 22 af

229 278 75 21 denna
323 279 136 28 myndighet
478 279 119 22 äfvensom
611 279 160 29 mottagandet
786 279 43 22 och
844 279 144 28 föredragan-

228 313 40 21 det
292 313 25 22 af
335 313 36 21 till
393 313 132 22 densamma
547 314 161 22 inkommande
731 314 132 21 skrifvelser
883 313 8 21 i
907 313 81 22 sakens

226 347 97 22 intresse
346 347 42 22 bör
410 356 56 14 vara
487 349 174 26 sekreterarens,
684 349 52 21 icke
758 348 164 22 ordförandens
940 348 48 25 sak,

228 386 54 17 enär
302 381 27 29 ju
352 382 43 22 den
417 383 130 22 handiande
567 391 113 21 personen
694 385 73 20 måste
784 392 53 12 vara
852 393 78 11 ausvaa
950 390 38 14 aii-

228 417 122 21 derkastad
366 417 43 21 och
426 417 46 22 han
486 418 51 20 icke
553 418 45 21 kan
613 418 7 21 i
636 417 199 22 tillfredställande
850 417 57 29 grad
921 420 67 26 göras

228 451 112 29 åtkomlig
362 452 52 21 med
436 452 88 22 mindre
549 455 29 19 än
600 454 34 20 att
649 452 142 22 korrektivet
805 454 49 19 mot
869 451 119 22 eventuela

228 486 170 22 försummelser
416 486 116 29 förlägges
547 487 63 21 inom
626 487 44 21 den
685 486 185 22 kontrollerande
885 486 103 28 myndig-

228 520 71 22 heten
321 520 60 29 själf.
412 521 118 29 Därjämte
552 522 132 21 framhåller
706 522 45 20 den
773 520 98 22 svenska
885 520 104 22 riksanti-

227 555 101 26 kvarien,
353 558 35 19 att
409 556 124 28 ledningen
556 556 26 21 af
603 556 27 21 de
653 556 159 28 arkeologiska
826 554 163 22 undersöknin-

226 597 73 21 garna
321 590 43 22 och
386 591 85 21 vården
495 591 26 21 af
539 590 135 22 hithörande
694 590 197 28 museisamlingar
911 592 25 19 så
951 592 37 19 vä-

225 624 95 29 sentligt
337 625 90 29 ingripa
447 625 8 21 i
470 625 135 26 hvarandra,
621 627 35 20 att
670 625 60 21 båda
746 625 65 21 dessa
825 624 54 22 värf
891 624 97 22 ovilkor-

227 659 62 28 ligen
312 659 56 22 böra
383 667 55 14 vara
453 660 108 21 förenade
577 660 7 21 i
600 668 86 13 samma
700 660 68 25 hand,
784 659 97 22 hvarvid
897 661 33 19 ett
944 659 44 21 till-

226 694 98 28 räckligt
340 694 63 21 antal
423 694 104 22 biträden
543 697 29 26 på
587 694 112 22 hvardera
714 694 103 22 området
832 694 116 28 själffallet
963 696 24 18 är

224 728 26 21 af
262 728 82 22 nöden.

293 762 12 22 I
320 763 165 29 hufvudsaklig
496 764 225 21 öfverenstämmelse
732 764 52 21 med
795 764 64 20 detta
868 762 119 22 uttalande

225 796 42 22 har
290 797 69 22 äfven
381 798 113 22 utskottet
512 801 81 23 ansett,
610 801 34 19 att
659 799 27 21 de
701 800 31 27 på
748 798 60 22 olika
823 797 59 21 tider
896 796 90 22 utarbe-

224 831 54 21 tade
301 832 194 22 instruktionerna
517 833 36 21 för
575 833 159 28 arkeologiska
748 832 177 21 kommissionen
940 831 43 21 och

222 866 196 29 statsarkeologen
433 867 50 21 icke
498 867 7 21 i
521 867 90 28 önsklig
625 867 56 28 grad
698 870 38 18 äro
752 866 88 29 egnade
856 868 34 19 att
904 873 79 20 garan-

223 902 50 19 tera
295 901 70 28 nödig
384 901 101 28 jämvikt
506 902 85 21 mellan
614 901 65 22 dessa
700 901 169 29 myndigheter,
891 903 53 18 enär
958 899 24 28 ju

222 935 64 21 såväl
309 936 206 28 statsarkeologens
537 936 206 22 värksamhetslust
758 943 48 14 som
821 934 162 29 skyndsamhe-

221 971 40 19 ten
285 970 7 21 i
316 970 157 29 föreliggande
496 971 110 21 ärendens
629 971 141 27 behandling
792 972 73 19 mäste
886 969 95 28 menligt

223 1005 113 27 pävärkas
360 1005 26 21 af
405 1005 157 28 stadgandena
577 1013 37 14 om
629 1005 189 22 kommissionens
835 1004 148 21 sammankal-

222 1039 69 21 lande
298 1039 146 22 uteslutande
452 1047 82 21 genom
543 1040 50 21 dess
602 1039 137 22 ordförande
750 1041 60 19 samt
818 1041 35 19 att
861 1039 44 21 alla
912 1038 71 28 inköp

225 1076 38 18 äro
274 1073 114 22 beroende
400 1074 25 21 af
433 1074 187 22 kommissionens
632 1074 80 21 beslut.
732 1074 79 22 Jämte
822 1073 39 21 det
870 1072 112 22 utskottet

220 1107 96 22 sälunda
330 1109 67 21 hällit
412 1109 55 26 före,
484 1112 34 19 att
533 1109 128 26 ständerna,
677 1111 29 26 pä
721 1108 91 21 hvilkas
827 1107 99 22 initiativ
937 1107 44 21 den

221 1142 159 29 arkeologiska
394 1143 161 22 institutionen
569 1143 138 26 tillkommit,
724 1142 70 22 äfven
807 1142 71 21 borde
887 1141 94 28 vidtaga

220 1177 82 28 ätgärd
324 1177 94 27 därhän,
442 1181 33 18 att
497 1178 71 21 ofvan
589 1178 119 29 päpekade
723 1177 126 22 anomalier
862 1176 74 21 blifva
950 1176 33 21 af-

220 1210 96 30 hjälpta,
339 1212 41 21 har
402 1213 113 21 utskottet
538 1213 58 21 dock
618 1213 50 20 icke
683 1212 79 21 funnit
777 1211 49 22 skäl
841 1213 34 19 att
890 1210 90 21 förorda

219 1245 45 21 den
287 1246 26 21 af
324 1247 153 27 petitionären
495 1247 130 28 föreslagna
640 1247 118 28 åtgärden.
788 1246 36 21 En
839 1245 139 21 tillfredstäl-

218 1280 68 22 lande
309 1280 91 29 lösning
422 1282 26 21 af
461 1282 81 28 frägan
557 1281 64 22 torde
636 1281 118 28 nämligen
767 1282 57 19 utan
839 1282 75 26 nägon
929 1286 48 14 mer

218 1314 143 22 omfattande
375 1316 180 28 reorganisation
571 1316 26 21 af
610 1316 44 21 den
669 1314 160 29 arkeologiska
839 1313 139 22 kommissio-

216 1356 46 14 nen
285 1349 37 22 väl
345 1350 78 21 kunna
445 1352 64 20 ernäs
532 1357 83 21 genom
637 1358 29 13 en
686 1349 102 22 revision
803 1348 26 22 af
841 1348 135 22 hithörande

217 1384 144 28 stadganden
383 1384 7 21 i
412 1385 82 21 sädant
507 1384 68 29 syfte,
592 1387 34 19 att
640 1383 223 23 sammankallandet
877 1382 26 22 af
915 1382 62 22 kom-

215 1417 124 23 missionen
355 1419 43 21 och
407 1419 177 28 föredragenhet
594 1419 26 21 af
628 1419 34 21 till
673 1419 134 21 densamma
816 1416 159 22 inkommande

214 1452 134 22 skrifvelser
362 1454 159 21 anförtroddes
541 1456 24 19 ät
575 1453 197 28 statsarkeologen
782 1454 60 20 samt
851 1454 35 20 att
896 1451 80 26 denne,

286 1493 99 19 Allmänna
397 1494 164 18 Besvärutskottets
571 1493 110 19 betänkande
692 1493 36 19 N:o
742 1494 27 17 15.
