1056 1670
316 110 222 23 Petitionsbetänkande
555 111 34 21 N:o
604 110 14 22 1.
769 112 40 19 171

95 170 37 22 väl
155 170 66 22 äfven
244 170 126 28 lämpligast
394 173 33 20 att
448 170 73 22 utföra
542 170 71 22 denna
631 170 210 28 jernvägsbyggnad

96 206 112 27 samtidigt
223 206 49 22 med
287 206 161 23 hufvudbanan.
479 206 277 28 Anläggningskostnaden
766 206 75 23 blefve

95 242 125 28 derigenom
243 242 102 27 billigare
368 244 39 20 och
430 242 156 22 hufvudbanan
609 242 57 28 finge
692 244 78 26 genast
791 243 50 21 från

94 278 77 28 början
194 278 38 22 det
255 277 50 22 från
327 278 95 22 bibanan
445 278 129 22 kommande
597 278 120 22 tillskottet
740 278 8 22 i
768 278 72 22 trafik.

94 313 46 22 För
163 313 69 28 öfrigt
254 314 72 22 skulle
349 314 154 22 Raumobanan
526 317 53 19 utan
601 314 80 22 tvifvel
702 314 86 22 komma
808 316 33 20 att

95 349 66 23 hafva
184 350 49 22 icke
256 350 56 22 blott
334 350 59 22 lokal
414 350 122 29 betydelse,
558 352 53 20 utan
632 350 65 23 äfven
712 356 28 16 en
756 350 85 28 ganska

95 386 46 20 stor
161 385 115 28 betydelse
297 385 35 22 för
352 386 42 22 den
413 386 50 22 från
478 386 148 22 Tammerfors
642 386 38 22 och
697 386 27 22 de
740 386 48 22 inre
804 386 36 22 de-

95 421 62 21 larna
178 421 24 22 af
222 421 74 22 landet
316 422 128 22 kommande
460 422 100 23 trafiken.
590 422 120 23 Afståndet
725 422 50 22 från
790 422 50 22 Päi-

95 457 65 27 pohja
180 457 35 22 till
235 457 81 22 Raumo
335 458 64 21 hamn
416 457 74 23 blefve
506 458 110 28 nemligen
632 458 94 28 ungefär
743 460 26 19 10
785 458 55 22 kilo-

95 494 70 21 meter
180 493 89 22 kortare
285 496 28 19 än
328 493 50 22 från
394 494 152 23 förstnämnda
560 495 81 22 station
651 495 36 21 till
697 494 143 28 Mäntyluoto.

96 529 86 27 Troligt
204 532 32 25 är,
258 532 32 19 att
306 529 94 23 trafiken
416 530 50 22 från
481 531 100 22 inlandet
596 530 66 22 äfven
678 530 24 22 af
716 531 42 22 den
774 530 66 22 orsak

96 565 71 22 skulle
186 566 72 22 vända
276 566 34 27 sig
325 566 35 22 till
376 566 160 28 Raumobanan,
553 568 33 21 att
602 567 71 22 denna
688 567 57 21 bana
760 566 56 28 icke,
833 566 7 21 i

95 601 71 22 likhet
181 602 49 22 med
246 602 224 29 Mäntyluoto-banan,
487 603 71 22 slutar
573 603 38 22 vid
627 609 27 16 en
670 602 98 22 obebodd
779 605 12 19 ö
803 604 37 20 ute

95 637 7 21 i
125 637 83 28 hafvet,
232 639 52 21 utan
306 638 38 22 vid
367 645 27 15 en
418 639 55 28 stad,
495 646 45 15 som
556 639 68 22 redan
640 645 29 16 nu
684 638 113 23 bedrifver
813 645 27 15 en

96 674 45 20 stor
156 673 41 22 och
212 674 26 21 år
253 673 35 22 för
302 674 26 22 år
341 674 135 23 tillväxande
487 675 79 22 handel
578 675 40 22 och
629 675 78 27 sjöfart
717 676 63 27 samt,
791 674 50 22 ifall

96 708 42 22 den
157 709 75 23 blefve
247 716 77 22 genom
337 711 94 28 jernväg
446 711 92 22 förenad
553 711 49 22 med
618 711 38 22 det
672 711 70 28 öfriga
757 711 82 28 landet,

95 745 165 29 otvifvelaktigt
281 746 72 22 skulle
372 748 59 21 ännu
446 747 132 28 ytterligare
593 747 103 22 utveckla
712 747 40 27 sig.
782 747 57 21 Här-

95 781 37 22 vid
147 781 40 22 bör
203 782 37 22 väl
256 782 48 22 icke
320 783 70 22 heller
406 783 84 22 lemnas
506 789 26 16 ur
548 783 58 28 sigte
622 783 37 22 det
674 783 84 28 ganska
773 783 66 22 rund-

94 817 45 27 liga
159 817 85 29 bidrag,
266 825 44 15 som
331 819 81 21 Raumo
428 819 50 21 stad
493 819 113 21 förbundit
622 819 34 27 sig
671 821 33 19 att
719 819 97 27 erlägga,
833 819 8 21 i

94 852 107 23 händelse
220 853 154 23 Raumobanan
388 855 86 27 bygges
490 855 7 21 i
514 855 155 27 sammanhang
684 855 49 22 med
748 855 91 27 Björne-

94 888 145 30 borgsbanan,
260 890 40 22 och
318 890 87 22 hvilket
420 890 79 28 bidrag
514 891 14 21 &
544 897 41 15 ena
600 890 63 22 sidan
678 891 61 22 visar
754 890 38 22 det
807 890 32 22 in-

94 926 78 27 tresse,
193 932 46 15 som
259 926 174 22 Raumo-boarne
448 926 56 28 hysa
519 926 35 22 för
568 926 216 28 jernvägsföretaget
800 926 40 22 och

94 960 13 22 3
122 960 69 23 andra
202 962 62 21 sidan
274 962 134 22 förminskar
418 963 270 27 anläggningskostnaden
699 962 49 23 med
760 964 79 26 12,000

94 997 62 21 mark
171 1004 41 20 per
228 998 119 22 kilometer.

165 1033 41 22 Om
221 1040 49 16 man
286 1035 28 27 pä
330 1034 70 28 grund
416 1035 66 21 deraf
495 1037 33 19 att
543 1035 148 28 Björneborgs
707 1035 49 22 stad
767 1035 72 22 erhäl-

94 1068 33 22 ler
142 1075 28 16 en
184 1070 127 28 hamnbana,
323 1070 132 28 förvägrade
466 1071 149 27 grannstaden
626 1071 112 23 förmånen
748 1071 25 22 af
778 1071 60 27 jern-

93 1107 49 26 väg,
164 1112 53 16 vore
238 1106 60 22 detta
318 1108 33 20 att
371 1106 48 22 visa
439 1107 126 27 partiskhet
580 1107 35 22 för
631 1107 42 23 den
688 1106 151 23 förstnämnda

94 1141 82 22 staden.
208 1142 146 28 Naturligtvis
378 1142 72 22 skulle
472 1150 28 15 en
521 1143 95 28 jernväg
636 1144 36 21 till
692 1144 82 21 Raumo
790 1143 49 22 icke

92 1177 67 22 hafva
175 1184 81 16 samma
271 1179 120 27 betydelse,
408 1185 34 15 om
454 1179 42 22 den
506 1179 85 28 bygges
602 1179 57 22 först
670 1179 7 22 i
688 1186 27 15 en
726 1179 113 22 obestämd

93 1213 95 29 framtid,
210 1214 68 22 sedan
298 1215 148 27 Björneborgs
464 1215 96 28 jernväg
576 1215 86 22 kanske
678 1215 77 22 hunnit
771 1215 68 28 draga

92 1249 95 22 trafiken
202 1251 50 21 bort
267 1250 50 22 frän
332 1251 87 21 Raumo.

164 1285 44 22 Till
226 1286 85 27 Nystad
326 1286 74 21 kunde
416 1285 118 23 framdeles
550 1287 84 27 byggas
651 1292 27 17 en
693 1287 79 21 bibana
788 1286 51 22 frän

92 1320 160 29 Raumobanan,
274 1321 48 22 ifall
342 1322 50 21 icke
407 1321 73 23 denna
495 1322 50 22 stad
560 1322 130 28 lämpligare
705 1322 73 22 kunde
793 1322 45 22 för-

92 1362 52 16 enas
160 1357 50 21 med
225 1350 125 30 Äbobanan.

162 1392 32 22 Pä
212 1393 72 27 grund
302 1393 22 22 af
343 1392 56 23 hvad
415 1394 23 21 vi
454 1400 29 16 nu
498 1394 8 21 i
521 1394 91 22 korthet
627 1394 74 23 anfört
716 1394 39 22 och
768 1394 29 27 pä
811 1394 28 22 de

92 1427 24 22 af
136 1429 160 28 petionärerne,
316 1430 77 21 herrar
409 1428 124 24 Söderlund
548 1430 40 22 och
604 1430 128 28 Witikkala,
749 1430 8 22 i
773 1430 65 22 deras

164 1470 174 23 Jernvägsutskottets
350 1470 108 19 betänkande
471 1471 34 19 N:o
519 1472 14 17 1.
749 1472 21 17 12
