1056 1670
325 101 224 23 Petitionsbetänkande
565 102 35 21 N:o
616 100 15 22 1.
794 102 29 21 99

100 164 53 20 utan
169 164 34 20 att
219 162 37 22 det
271 162 8 21 i
293 162 75 27 hvarje
385 161 105 22 särskildt
505 161 39 22 fall
559 161 69 27 gäller
644 162 34 20 att
689 161 104 27 derjemte
803 162 50 20 när-

101 204 60 16 mare
177 198 123 22 undersöka
315 197 109 21 huruvida
435 198 41 21 den
487 199 63 25 nytta
562 204 26 14 en
600 197 116 26 ifrågasatt
726 196 125 22 bansträck-

101 234 52 28 ning
175 234 44 21 kan
241 233 98 22 medföra
360 233 99 27 skäligen
479 235 111 25 uppväger
610 232 123 22 kostnaden
749 232 33 22 för
803 232 49 22 dess

101 270 133 26 anläggning
250 269 40 21 och
305 268 135 28 trafikering.

172 306 11 22 I
205 306 60 21 detta
285 305 102 21 afseende
403 305 43 21 kan
462 305 110 21 utskottet
588 304 48 22 icke
652 304 74 27 undgå
741 305 33 20 att
789 303 64 21 fram-

102 341 59 21 hålla
181 341 105 21 hurusom
307 340 123 28 Nykarleby
450 340 56 28 stad,
522 342 72 20 såsom
610 339 108 28 trafikort,
735 341 53 20 utan
803 345 51 21 gen-

104 377 83 27 sägelse
209 378 25 20 är
256 376 41 22 den
318 376 68 22 minst
401 376 122 27 betydande
542 376 24 22 af
580 376 44 21 alla
640 376 26 21 de
683 375 172 22 österbottniska

102 413 163 21 kuststäderna.
303 412 48 21 Den
371 412 82 21 rörelse
474 418 47 15 som
541 413 13 20 å
575 412 45 21 den
640 411 123 27 föreslagna
784 410 71 22 banan

103 449 73 21 kunde
192 448 108 27 påräknas
317 454 50 15 vore
383 447 74 22 derför
472 448 49 21 med
536 448 30 21 all
575 447 103 22 säkerhet
689 447 84 27 ganska
784 446 69 27 ringa,

103 484 83 21 hvilket
207 484 65 21 också
292 483 85 22 bevisas
393 484 24 21 af
431 484 27 21 de
474 483 111 28 uppgifter
600 484 94 21 rörande
710 483 41 21 den
766 489 30 15 nu
811 482 44 22 exi-

104 521 100 21 sterande
226 519 93 21 trafiken
341 526 46 14 som
410 519 64 22 ofvan
490 519 91 22 anförts.
613 519 80 21 Dertill
708 519 98 21 kommer
822 519 33 20 att

104 562 76 21 genom
197 556 42 21 den
255 555 122 27 föreslagna
393 556 72 21 banan
480 556 71 26 någon
567 562 28 20 ny
611 554 67 22 trafik
694 554 24 22 af
726 554 129 22 nämnvärdt

105 592 87 27 omfång
207 592 110 26 knappast
331 598 52 14 vore
399 593 33 19 att
449 593 89 19 emotse.
569 591 48 21 Den
633 590 138 27 omliggande
782 590 72 20 lands-

105 629 61 20 orten
185 630 25 19 är
226 627 48 21 icke
289 627 68 21 heller
373 633 30 15 nu
419 627 7 21 i
442 626 106 22 afsaknad
564 626 24 22 af
602 628 53 19 nära
671 626 41 22 och
728 625 127 26 välbelägna

104 663 149 27 hamnplatser
275 669 47 15 som
345 662 108 22 förmedla
476 663 50 21 dess
550 661 66 22 trafik
638 663 29 26 på
691 662 107 26 utlandet,
815 660 40 22 och

104 698 123 28 Nykarleby
249 699 50 21 stad
319 698 91 22 besitter
430 698 48 22 icke
498 698 70 22 heller
588 704 44 20 nog
648 700 60 19 stora
723 696 132 28 betingelser

106 736 71 20 såsom
199 734 100 22 handels-
321 734 52 22 eller
393 734 196 22 industricentrum
612 733 34 22 för
661 735 33 20 att
712 740 49 14 man
778 738 77 22 genom

106 771 49 21 dess
172 769 153 23 införlifvande
341 770 49 21 med
403 770 167 27 jernvägsnätet
586 770 71 21 skulle
672 770 74 20 kunna
756 768 98 28 päräkna

105 812 42 20 nya
161 806 216 26 produktionskällor
393 806 24 21 af
431 807 71 25 nägon
518 807 72 20 större
604 805 120 27 betydelse.

175 841 70 22 Sannt
252 843 24 20 är
284 841 127 26 visserligen
419 843 34 20 att
461 841 33 21 för
502 841 83 21 banans
593 841 131 26 anläggning
731 840 48 22 icke
786 839 70 22 skulle

106 878 98 27 päkallas
220 884 27 15 en
263 879 69 20 större
349 877 123 27 statsutgift
488 879 27 20 än
532 877 97 27 300,000
645 877 69 21 mark.
742 876 115 22 Utskottet

106 920 63 15 anser
190 913 34 27 sig
244 913 77 22 härvid
342 913 55 21 dock
417 913 54 21 böra
490 913 122 26 framhälla,
629 914 33 20 att
678 913 71 21 denna
765 917 91 21 summa,

105 949 36 22 vid
162 955 26 16 en
210 951 99 19 närmare
330 948 135 27 granskning
485 948 24 21 af
528 948 152 27 förhällandet,
700 948 47 21 icke
762 947 43 22 kan
821 947 36 21 be-

106 985 84 21 traktas
206 990 46 16 som
269 984 41 22 den
327 984 90 27 slutliga
432 984 123 21 kostnaden
570 984 34 21 för
619 990 30 15 nu
660 984 130 26 ifrägasatta
797 983 60 27 jern-

106 1022 46 25 väg.
183 1020 43 22 Det
241 1022 24 19 är
281 1020 109 26 nemligen
406 1021 34 20 att
455 1020 77 21 märka
548 1021 32 20 att
596 1020 38 21 det
648 1019 122 27 uppgjorda
780 1018 77 21 försla-

106 1057 36 26 get
157 1056 58 21 afser
228 1056 130 26 jernvägens
375 1056 111 26 dragande
502 1055 94 21 allevast
612 1055 34 21 till
661 1054 123 28 Nykarleby
800 1054 57 21 stad.

106 1091 102 22 Härifrån
233 1092 93 21 återstår
350 1091 35 21 till
406 1092 90 20 stadens
518 1092 66 20 hamn
606 1090 123 23 emellertid
750 1092 58 20 ännu
831 1096 27 15 en

106 1127 87 22 sträcka
213 1127 24 21 af
255 1127 88 27 vidpass
359 1127 14 21 5
389 1126 54 22 eller
459 1127 13 21 6
488 1126 122 22 kilometer.
643 1126 75 22 Såsom
734 1126 68 21 redan
819 1131 38 15 an-

106 1163 58 26 tydts
187 1162 100 28 betingar
309 1162 123 27 Nykarleby
453 1162 49 21 stad
522 1162 118 27 ingalunda
661 1168 74 16 ensam
764 1161 34 21 för
822 1160 34 27 sig

106 1198 123 27 byggandet
245 1198 24 22 af
282 1205 27 15 en
322 1198 98 27 jernväg.
452 1198 82 22 Sädant
549 1198 43 22 kan
608 1198 159 27 ifrägakomma
780 1196 78 22 endast

106 1236 28 25 pä
150 1234 41 21 den
207 1234 119 27 grund,att
341 1234 79 21 staden
435 1235 73 20 säsom
524 1236 86 25 export-
626 1234 40 21 och
683 1234 116 26 importort
816 1232 41 21 för-

106 1269 84 22 medlar
206 1271 42 21 den
263 1269 168 27 kringliggande
446 1269 91 26 nejdens
548 1269 79 22 handel
638 1270 28 26 pä
677 1269 106 21 utlandet.
807 1267 50 21 Men

106 1305 34 22 för
161 1306 61 21 detta
243 1305 100 22 ändamäl
364 1305 86 21 fordras
478 1305 143 26 ovilkorligen
644 1306 34 20 att
700 1304 72 22 banan
797 1303 60 22 ledes

106 1343 25 20 ut
151 1341 57 22 ända
228 1341 36 22 till
283 1341 72 21 hamn.
387 1340 11 21 I
419 1342 68 20 annat
502 1341 39 21 fall
557 1340 70 22 blefve
643 1340 86 22 vinsten
745 1339 34 22 för
794 1339 63 27 gods-

106 1376 93 22 trafiken
222 1377 65 27 ingen
310 1382 72 16 annan
404 1377 28 20 än
456 1377 40 25 att,
520 1376 79 21 medan
618 1382 94 15 varorna
735 1382 30 15 nu
788 1375 69 21 mäste

106 1412 79 22 forslas
201 1412 100 27 omkring
313 1413 29 20 14
351 1411 118 22 kilometer
479 1411 94 22 emellan
584 1412 94 21 hamnen
687 1412 42 21 och
738 1411 119 27 jernvägen

177 1452 176 24 Jernvägsutskottets
365 1451 109 19 betänkande
486 1451 36 19 N:o
533 1452 16 18 1.
