1056 1673
327 108 223 22 Petitionsbetänkande
567 109 34 21 N:o
617 109 14 21 1.
796 110 28 20 47

102 168 101 20 utskottet
218 168 53 20 dock
287 168 78 20 skänka
384 169 102 19 desamma
501 170 24 18 så
540 175 49 19 pass
605 171 43 17 stor
663 168 54 26 tillit,
733 171 31 17 att
779 169 25 20 de
819 169 34 19 be-

103 198 75 26 rättiga
193 198 32 20 till
240 198 40 20 den
295 199 60 25 åsigt,
371 200 31 18 att
417 200 68 18 staten
500 198 47 20 icke
563 198 67 20 skulle
645 198 125 26 tillskyndas
785 200 68 24 någon

102 228 67 20 direkt
189 228 74 20 förlust
283 234 73 19 genom
375 230 31 18 att
421 228 47 20 med
484 228 34 20 det
534 228 24 20 af
570 228 174 20 Fredrikshamns
760 229 46 19 stad
822 235 30 13 er-

102 258 77 25 bjudna
198 258 95 24 bidraget
312 258 67 19 utföra
399 258 89 19 bibanan
509 258 46 20 från
578 258 106 20 Tavastila
699 258 31 19 till
745 258 106 20 Fredriks-

101 288 82 18 hamn".

173 317 107 19 Utskottet
294 319 36 23 tog
345 317 98 25 derjemte
457 317 8 19 i
480 317 136 20 betraktande
631 316 172 21 Fredrikshamns
818 317 34 19 be-

101 346 80 26 tydelse
200 348 67 18 såsom
281 346 179 20 handelscentrum
475 346 31 20 för
522 347 40 19 den
578 346 130 26 omgifvande
722 347 75 25 nejden
813 346 38 20 och

102 376 91 20 uttalade
208 377 27 25 på
249 376 68 26 grund
333 376 22 20 af
368 382 25 14 en
408 376 8 19 i
431 376 139 20 betänkandet
586 376 84 26 intagen
683 376 128 26 jemförande
821 378 30 18 ta-

101 406 41 19 bell
162 406 57 20 öfver
239 406 103 20 storleken
357 406 23 20 af
392 406 172 20 Fredrikshamns
581 406 38 20 och
634 406 71 20 Kotka
720 406 80 20 städers
815 406 36 19 im-

101 438 52 23 port,
174 436 63 19 sedan
257 436 70 19 Kotka
347 437 23 18 år
392 436 56 20 1879
471 436 82 19 erhållit
572 436 32 19 sin
620 436 68 19 skilda
703 436 148 25 tullkammare,

103 467 44 24 »att
169 465 67 20 denna
259 465 106 26 betydelse
387 466 66 19 under
471 465 25 20 de
518 470 82 16 senaste
620 467 49 18 åren
685 465 45 20 icke
745 466 105 25 minskats,

101 497 50 18 utan
166 501 84 14 snarare
267 495 79 20 ökats".
376 495 96 20 Derefter
488 495 81 20 slutade
584 495 103 20 utskottet
701 495 149 26 motiveringen

101 525 23 19 af
137 525 36 20 sitt
188 525 77 25 förslag
280 526 27 25 på
321 525 90 26 följande
426 527 50 18 sätt:

174 555 43 24 »På
236 555 68 25 grund
324 555 23 20 af
360 555 35 20 det
411 555 63 25 sagda
490 555 38 19 har
543 555 121 25 visserligen
680 555 55 19 inom
750 555 101 20 utskottet

100 584 41 20 den
156 584 54 25 åsigt
225 585 91 26 uttalats,
332 587 30 17 att
377 584 90 20 bibanan
482 585 32 18 till
524 584 162 20 Fredrikshamn
696 585 64 19 borde
770 584 80 20 komma

100 614 31 19 till
147 613 108 21 utförande
270 614 104 26 samtidigt
389 614 46 20 med
446 613 198 21 Kotka—Kouvola
652 614 94 25 jernväg,
757 617 23 22 ty
791 613 58 26 eljest

100 643 79 20 komme
199 643 66 20 denna
285 644 86 25 jernväg
391 646 30 17 att
442 644 120 25 omgestalta
583 643 70 20 trafik-
669 644 38 19 och
722 643 126 20 handelsför-

100 673 121 20 hållandena
244 673 31 20 till
297 673 81 26 förfång
399 673 32 20 för
454 673 160 20 Fredrikshamn
638 673 52 20 stad.
720 669 69 24 Äfven
811 673 38 20 har

99 702 128 28 framhällits,
247 705 30 18 att
297 703 112 25 utgifterna
429 703 32 20 för
482 703 90 20 arbetets
589 703 163 20 administration
768 703 35 20 vid
819 705 30 17 ett

100 732 105 25 samtidigt
227 733 108 19 utförande
357 733 66 19 blefve
446 733 130 20 reducerade.
609 733 107 19 Utskottet
736 733 38 19 har
795 732 53 20 dock

99 762 7 19 i
126 762 135 20 betraktande
282 763 60 19 deraf
359 764 30 18 att
409 763 100 19 bibanans
530 762 122 25 sträckning
668 762 45 19 icke
728 762 67 20 blifvit
811 768 37 13 ens

99 791 82 20 okulärt
200 792 113 19 undersökt
333 792 38 20 och
389 792 27 19 då
431 799 37 19 par
484 793 33 19 års
533 792 92 25 uppskof
638 792 46 19 icke
699 792 41 19 kan
755 792 7 19 i
778 794 69 17 nämn-

98 821 51 19 värd
171 821 52 26 grad
246 821 86 21 inverka
354 823 26 25 på
402 821 249 26 handelsförhållandena,
672 824 68 17 ansett
756 823 30 18 att
801 821 46 20 med

98 851 116 20 utförandet
235 851 22 20 af
276 851 87 21 bibanan
383 852 31 19 till
434 852 162 19 Fredrikshamn
615 852 37 19 bör
673 852 65 24 anstå,
753 851 31 19 till
800 851 47 19 dess

97 880 111 26 utredning
222 881 8 19 i
245 881 72 25 frågan
332 882 79 19 kunnat
426 882 78 19 lemnas
515 880 138 21 Ständerna".
676 881 108 19 Utskottet
794 880 52 20 före-

98 910 44 26 slog
157 910 89 21 derföre:

170 943 43 22 nätt
229 940 115 20 Ständerna
358 940 48 20 ville
421 941 38 19 hos
474 940 59 20 Hans
549 939 121 27 Kejserliga
680 940 96 25 Majestät
787 940 6 19 i
804 946 38 12 un-

97 969 134 26 derdänighet
241 970 86 26 anhälla,
343 972 31 18 att
389 970 83 20 teknisk
482 970 156 25 undersökning
648 971 63 18 mätte
721 969 125 21 verkställas

96 999 31 19 för
148 1006 25 13 en
191 1000 74 19 bibana
281 1000 31 19 till
327 1000 161 20 Fredrikshamn
502 1000 46 19 från
565 1000 106 19 Tavastila
687 999 75 20 station
778 1000 12 18 &
805 998 41 20 den

96 1028 103 20 blifvande
223 1024 100 35 Kouvola
339 1028 78 21 Kotka
436 1030 73 25 banan,
526 1032 54 17 samt
596 1032 30 17 att
642 1029 62 25 nådig
719 1028 127 26 proposition

96 1065 31 13 om
148 1058 67 21 denna
234 1059 86 20 bibanas
339 1059 108 20 utförande
463 1059 31 19 för
510 1061 79 17 statens
604 1059 90 25 räkning
708 1058 46 20 med
770 1060 29 17 ett
815 1058 29 19 bi-

96 1088 51 25 drag
161 1088 47 20 frän
222 1088 171 20 Fredrikshamns
409 1089 46 19 stad
471 1089 23 19 af
509 1089 94 25 100,000
619 1088 63 26 mark,
700 1088 103 20 äfvensom
819 1087 27 19 fri

94 1118 59 19 mark
167 1118 55 20 inom
238 1118 83 20 stadens
337 1118 86 24 omräde,
439 1120 64 18 mätte
518 1118 117 26 föreläggas
651 1120 47 18 näst
714 1119 131 18 sammanträ-

95 1147 66 19 dande
177 1148 111 20 Ständer*.

164 1177 33 19 Dä
213 1177 56 20 detta
285 1178 200 25 Jervägsutskottets
495 1177 132 20 betänkande
639 1177 35 21 vid
685 1179 81 17 senaste
776 1176 68 20 landt-

94 1206 40 25 dag
154 1206 139 21 behandlades
313 1208 53 18 inom
387 1207 93 25 ständen,
500 1207 106 20 framhölls
622 1207 54 20 inom
692 1206 153 25 Ridderskapet

94 1236 37 19 och
153 1235 73 27 Adeln,
250 1239 30 17 att
301 1237 34 19 det
354 1237 45 19 icke
420 1244 49 12 vore
489 1236 47 20 fullt
556 1237 95 25 hållbart,
673 1238 31 18 att
719 1236 67 19 denna
801 1235 44 19 lilla

93 1265 84 20 bibanas
195 1266 108 20 utförande
319 1266 65 20 skulle
399 1266 78 26 nödgas
495 1267 60 19 anstä
572 1272 24 14 en
612 1266 34 20 hel
661 1264 183 26 landtdagsperiod

93 1295 73 20 endast
185 1296 26 25 pä
232 1296 40 20 den
292 1296 73 25 grund,
386 1298 31 18 att
437 1296 45 19 icke
504 1296 156 25 undersökning
676 1295 95 26 föreläge.
803 1294 41 19 Det

92 1325 69 19 kunde
183 1328 60 22 tagas
258 1326 32 19 för
305 1325 94 26 afgjordt,
415 1328 31 17 att
461 1326 46 19 icke
522 1326 67 24 nägra
604 1325 96 19 tekniska
716 1324 128 25 svärigheter

91 1354 31 20 för
138 1354 67 20 denna
219 1355 54 19 bana
289 1355 58 19 skola
361 1357 59 23 möta,
436 1355 38 19 och
490 1355 46 19 med
552 1354 96 20 afseende
665 1355 11 19 &
692 1354 78 20 banans
786 1353 57 19 kort-

91 1384 40 26 het,
152 1384 46 20 med
217 1384 96 20 afseende
331 1386 12 18 å
363 1384 40 20 den
418 1391 121 19 gynsamma
558 1384 56 26 vind,
631 1390 42 14 som
689 1384 26 19 dä
730 1384 66 19 blåste
812 1382 32 19 för

91 1413 72 25 sjelfva
183 1413 153 27 hufvudbanan,
361 1414 90 20 Kouvola
463 1408 89 37 --Kotka
568 1414 74 25 banan,
658 1413 46 20 med
719 1412 96 21 afseende
831 1412 12 18 å

162 1453 173 23 Jernvägsutskottets
347 1454 107 18 betänkande
467 1454 36 18 N:o
516 1454 14 17 1.
