1056 1673
241 113 28 19 46
436 112 224 22 Petitionsbetänkande
676 112 34 22 N:o
726 111 14 22 1.

514 241 5 6 :
567 238 40 18 19.

269 290 57 22 Från
340 290 184 28 Borgareståndet
534 297 26 15 en
573 291 101 28 petition,
685 291 96 27 ingifven
792 291 25 22 af
825 291 56 22 Herr
891 290 70 22 Frith.

208 324 102 28 Neovius,
322 326 72 22 derom
406 328 33 20 att
450 333 26 15 en
487 326 81 22 bibana
578 328 68 20 måtte
657 327 81 27 byggas
754 327 80 22 mellan
849 326 113 22 Fredriks-

208 361 78 21 hamns
307 362 49 21 stad
371 362 40 22 och
426 362 112 22 Tavastila
554 362 82 22 station
654 364 13 20 &
682 362 202 22 Kotka—Kouvola
896 362 60 27 jern-

208 399 48 25 väg,
278 397 86 22 hvilken
383 398 93 27 petition
497 398 7 21 i
526 398 159 27 originalskrift
700 399 40 21 har
755 398 95 27 följande
865 398 94 27 lydelse:

358 498 48 20 Till
425 499 143 25 Vällofliga
582 499 222 25 Borgareståndet.

279 557 41 20 Vid
341 560 80 17 senaste
441 558 100 25 landtdag
556 558 53 20 hade
622 558 38 25 jag
674 561 50 17 äran
740 560 30 18 att
785 559 27 25 på
827 558 94 26 uppdrag
936 558 23 20 af

206 587 74 20 staden
295 587 160 20 Fredrikshamn
470 588 32 19 till
517 587 104 26 vällofliga
636 588 176 26 Borgareståndet
827 588 87 20 inlemna
925 595 26 13 en

206 617 87 25 petition
316 624 31 13 om
369 617 107 20 utförande
500 618 22 19 af
545 624 25 13 en
590 617 76 20 bibana
688 617 47 20 från
757 618 196 20 Kouvola—Kotka

204 646 90 26 jernväg
314 647 31 19 till
364 647 172 20 Fredrikshamns
562 647 52 20 stad.
645 647 114 26 Angående
776 647 69 20 denna
867 647 85 26 petition

205 676 85 25 yttrade
305 677 32 25 sig
351 677 205 26 Jernvägsutskottet
567 677 36 20 vid
618 677 74 20 nämda
706 677 100 26 landtdag
821 677 31 20 uti
867 677 36 20 sitt
917 677 34 20 be-

205 705 105 20 tänkande
326 712 32 13 n:o
375 707 12 19 2
404 708 26 24 på
445 707 89 25 följande
550 709 49 18 sätt:

279 736 23 24 »I
322 736 169 25 nästföregående
512 736 130 20 betänkande
661 737 38 19 har
714 737 101 19 utskottet
830 736 124 25 visserligen

204 765 81 25 uttalat,
305 768 30 17 att
353 768 79 18 statens
447 766 95 20 härintils
557 766 63 25 följda
637 766 179 25 jernvägspolitik,
832 773 42 12 som
890 766 63 20 afsett

203 795 121 25 byggandet
342 795 6 19 i
366 795 85 20 främsta
472 798 85 17 rummet
573 796 23 19 af
608 796 117 19 stambanor
741 796 7 19 i
764 796 35 19 det
814 796 45 19 inre
875 796 77 26 landet,

203 824 65 20 borde
282 825 128 25 konseqvent
424 825 134 26 genomföras,
573 831 47 14 men
636 825 57 21 detta
702 825 100 20 utesluter
813 825 84 21 likvisst
906 825 47 20 icke

203 854 65 26 enligt
283 854 111 21 utskottets
409 855 131 20 förmenande
556 858 30 17 ett
601 856 105 24 samtidigt
722 855 108 20 utförande
851 855 6 19 i
873 855 80 20 mindre

202 884 145 26 utsträckning
362 885 38 19 och
415 885 7 19 i
437 886 46 18 mån
499 885 23 20 af
535 885 136 25 tillgångarne
686 884 23 20 af
722 885 78 19 sådana
816 885 91 25 bibanor,
919 892 32 12 om

201 913 72 20 hvilka
294 914 34 19 det
349 914 41 19 kan
405 914 94 25 förutses,
515 917 31 17 att
561 915 25 19 de
602 914 124 20 omedelbart
742 914 67 20 skulle
825 915 65 19 lemna
905 914 46 19 huf-

201 942 135 21 vudbanorna
356 944 123 19 nämnvärdt
497 944 151 19 trafiktillskott
668 944 38 19 och
726 943 87 20 sålunda
828 944 47 25 höja
891 943 60 20 deras

200 973 178 25 nettoinkomster;
394 974 139 25 synnerligast
548 981 32 12 om
595 974 119 19 kommuner
724 973 50 20 eller
784 973 70 20 städer
865 973 87 25 erbjuda

201 1002 129 25 betydligare
350 1003 80 20 direkta
445 1003 177 26 penningebidrag
637 1003 31 20 för
684 1003 70 26 dylika
769 1003 96 20 bibanors
881 1003 70 20 åstad-

201 1031 141 21 kommande".

272 1062 36 19 Ett
329 1062 73 19 sådant
422 1062 36 20 fall
478 1063 64 24 ansåg
561 1062 101 20 utskottet
677 1062 99 25 föreligga
792 1061 158 21 vidkommande

199 1090 90 20 bibanan
310 1091 32 20 till
361 1092 166 19 Fredrikshamn.
558 1092 66 19 Sedan
640 1092 101 20 utskottet
756 1091 105 26 redogjort
876 1091 31 20 för
924 1098 25 13 en

199 1121 123 19 summarisk
341 1121 72 26 kalkyl
434 1121 56 20 öfver
505 1121 40 20 den
560 1121 157 26 trafikinkomst,
734 1128 43 13 som
792 1121 69 19 kunde
876 1121 74 25 påräk-

198 1156 38 13 nas
258 1151 12 18 &
291 1150 87 20 bibanan
400 1151 302 26 Tavastila—Fredrikshamn,
726 1151 38 19 och
787 1149 35 22 det
845 1150 104 20 trafiktill-

198 1179 63 26 skott,
285 1187 43 12 som
348 1181 66 19 skulle
434 1181 86 19 tillföras
541 1183 79 17 statens
638 1181 112 25 jernvägar
769 1180 7 19 i
792 1180 40 20 den
848 1180 99 20 händelse

198 1212 30 16 att
249 1209 89 20 bibanan
358 1209 67 20 blefve
440 1210 74 25 utförd,
530 1217 46 12 men
591 1210 7 19 i
613 1213 84 17 motsatt
712 1210 35 19 fall
762 1210 46 19 icke
823 1210 78 19 komme
918 1212 31 17 att

197 1238 82 20 tillfalla
302 1239 50 26 dem,
376 1239 104 20 äfvensom
500 1239 31 20 för
552 1240 25 19 de
597 1239 90 26 utgifter,
711 1246 43 13 som
774 1239 132 26 exploitation
928 1239 23 20 af

197 1268 69 19 banan
286 1269 101 25 fordrade,
408 1272 54 17 samt
482 1269 110 20 framhållit
613 1271 30 18 att
663 1269 40 20 den
724 1269 118 19 beräknade
857 1269 91 19 nettobe-

196 1297 121 26 hållningen
338 1299 66 19 skulle
424 1301 74 23 utgöra
518 1299 94 25 omkring
632 1299 13 19 4
666 1298 28 28 /,
714 1299 26 25 pä
756 1298 35 20 det
805 1298 84 25 kapital,
905 1305 45 12 som

196 1329 70 18 staten
286 1328 78 19 komme
384 1331 31 17 att
435 1329 7 18 i
464 1329 66 19 banan
550 1328 107 26 nedlägga,
672 1328 73 20 fortfar
760 1328 101 19 utskottet
876 1327 74 20 vidare

196 1357 98 19 sälunda:

271 1401 9 10 n
284 1387 70 19 Ehuru
375 1387 61 20 ofvan
457 1387 72 26 gjorda
544 1387 100 26 kalkyler,
660 1394 43 13 som
718 1386 99 21 baserade
831 1387 28 25 pä
873 1387 74 24 många

195 1416 138 25 antaganden,
348 1417 45 19 icke
408 1420 52 22 göra
474 1417 90 25 anspråk
579 1418 27 24 på
622 1419 30 17 att
666 1423 51 13 vara
732 1416 47 20 fullt
790 1417 81 24 exakta,
882 1417 65 18 måste

267 1455 174 23 Jernvägsutskottets
454 1456 106 18 betänkande
573 1456 37 18 N:o
622 1457 16 17 1.
