1056 1673
255 115 28 18 34
449 114 224 22 Petitionsbetänkande
690 115 34 21 N:o
739 114 14 22 1.

363 173 66 27 pohja
450 173 51 21 eller
520 180 78 16 annan
619 174 88 28 lämplig
724 174 72 27 punkt
811 174 68 22 skulle
888 174 83 27 förena

369 202 122 23 Satakunta
506 204 74 21 banan
594 204 47 21 med
657 203 100 29 Nystads
772 204 71 22 hamn.

295 263 129 26 Helsingfors
440 264 40 20 den
496 264 12 19 5
525 264 100 20 Februari
643 265 63 19 1891.

759 317 40 21 Uno
816 318 84 21 Bremer.

576 454 40 18 14.

290 505 57 22 Från
368 506 164 22 Bondeståndet
552 513 27 16 en
594 507 24 21 af
632 507 81 22 Herrar
728 507 20 21 J.
765 507 92 26 Brusila,
873 507 19 22 J.
908 507 59 26 Filp-

217 540 52 27 pula
277 541 48 25 och
340 542 26 21 K.
382 542 71 21 Wärri
469 542 95 27 ingifven
580 542 92 27 petition
689 543 81 26 derom,
786 544 33 20 att
834 543 131 21 instrumen-

217 576 31 21 tal
269 577 162 28 undersökning
451 577 24 22 af
488 584 27 15 en
530 578 57 22 bana
607 578 47 21 från
670 578 71 21 Kumo
758 578 59 21 öfver
832 578 131 27 Lauttakylä

215 611 35 21 till
266 611 117 28 Loimijoki
399 615 58 20 samt
472 613 126 22 alternativt
613 613 48 22 från
671 613 124 28 Loimijoki,
806 614 89 27 Mellilä,
906 614 58 27 Kyrö

215 647 55 22 eller
285 648 60 22 Aura
359 649 34 21 till
409 649 50 22 Salo
474 649 82 27 köping
571 651 69 20 måtte
656 650 50 21 med
722 651 83 20 statens
817 649 70 22 medel
897 649 65 22 verk-

215 683 77 22 ställas
314 684 39 21 och
373 685 66 27 nådig
459 685 135 26 proposition
615 691 35 15 om
671 685 84 22 banans
776 685 111 27 byggande
903 687 62 19 näst-

215 720 205 22 sammanträdande
450 720 92 22 Ständer
567 720 129 27 föreläggas;
720 721 8 20 i
754 720 158 27 öfversättning
937 722 25 20 så

214 755 105 26 lydande:

363 858 50 19 Till
429 858 167 20 Hedervärda
611 858 200 20 Bondeständet.

283 916 40 19 Vid
341 917 56 19 1888
417 918 34 19 års
471 918 99 24 landtdag
585 918 77 19 beslöto
678 917 115 20 Ständerna
808 917 118 25 byggandet
937 918 23 19 af

209 945 116 20 Satakunta
337 946 94 26 jernväg,
447 947 79 20 hvilket
546 947 77 25 utgjort
642 949 30 17 ett
687 949 67 17 varmt
770 947 37 19 och
818 946 62 20 redan
895 946 62 26 länge

209 975 147 26 efterlängtadt
378 977 158 25 önskningsmål.
567 977 48 19 Men
638 976 68 20 denna
728 979 41 22 väg
791 975 41 20 fick
855 982 24 13 en
902 976 56 19 förut

209 1005 66 20 oanad
291 1005 98 27 riktning,
405 1005 26 20 då
446 1007 67 19 banan
528 1006 66 25 enligt
608 1006 126 19 Ständernas
750 1005 67 20 beslut
827 1005 90 20 kommer
927 1008 30 17 att

207 1035 27 24 gå
249 1035 47 19 från
312 1035 137 20 Tammerfors
464 1043 72 18 genom
551 1036 109 19 Kauvatsa
669 1035 32 20 till
711 1035 134 25 Björneborg.
863 1035 92 20 Sålunda

207 1064 44 19 blef
269 1071 26 13 en
310 1065 23 19 sä
348 1064 76 20 folkrik
440 1066 37 19 och
492 1065 154 26 producerande
662 1067 32 18 ort
710 1071 43 13 som
768 1064 106 25 Loimijoki
890 1065 64 20 elfdal

206 1093 47 20 från
268 1094 79 19 Hvittis
363 1094 31 20 till
409 1095 108 25 Loimijoki
532 1098 28 22 är,
576 1095 80 20 lemnad
672 1096 22 18 åt
709 1094 67 24 sidan;
793 1101 25 13 en
834 1096 31 17 ort
875 1094 37 20 der
923 1097 33 17 ett

204 1123 65 25 jemnt
284 1123 186 21 framätskridande
482 1125 102 25 jordbruk
599 1125 38 19 och
652 1131 25 13 en
694 1124 32 25 sig
740 1124 37 19 allt
787 1123 71 20 vidare
868 1124 85 20 utveck-

205 1153 61 20 lande
285 1153 193 26 mejerihandtering
495 1155 39 19 har
552 1157 78 22 stegrat
646 1156 105 23 exporten;
768 1153 38 20 och
821 1153 82 20 hvilken
919 1156 33 17 ort

204 1182 83 26 tillföljd
303 1183 23 19 af
338 1183 7 19 i
360 1183 108 26 Loimijoki
483 1185 12 18 &
510 1184 71 19 talrikt
590 1183 171 25 förekommande,
777 1183 116 25 betydande
910 1183 41 19 for-

204 1219 34 12 sar
249 1219 49 13 vore
309 1213 132 25 synnerligen
452 1213 66 26 egnad
533 1216 30 17 att
578 1213 107 20 framkalla
694 1213 110 19 industriel
814 1213 137 19 verksamhet.

276 1242 10 19 I
302 1242 111 26 anledning
427 1243 64 25 häraf,
507 1243 37 20 och
559 1243 46 20 med
620 1243 77 20 fästadt
716 1242 95 20 afseende
827 1243 12 18 &
853 1241 36 20 det
904 1242 47 19 obe-

202 1271 96 26 stridliga
308 1272 85 26 faktum,
404 1275 30 17 att
445 1279 24 13 en
479 1272 197 26 förbindningsbana
686 1272 86 20 emellan
784 1271 165 20 Tammerfors
933 1267 18 36 —

202 1301 128 26 Björneborg
346 1302 37 19 och
403 1295 46 26 Abo
477 1291 81 41 Toijala
570 1302 112 25 jernvägar
697 1302 79 19 komme
795 1303 30 18 att
845 1301 63 20 hafva
923 1307 26 13 en

201 1330 67 25 vigtig
283 1331 106 25 betydelse
408 1331 60 20 äfven
478 1331 7 20 i
495 1331 219 20 nationalekonomiskt
730 1331 101 26 afseende,
841 1331 38 19 har
893 1331 55 19 inom

200 1362 60 17 orten
283 1361 78 19 vaknat
383 1367 25 13 en
426 1361 51 25 liflig
497 1361 79 20 önskan
595 1368 31 13 om
647 1361 118 20 erhållande
782 1361 22 19 af
814 1361 88 24 jernväg
917 1360 32 19 till

199 1389 94 20 bemälda
309 1390 61 25 trakt,
387 1391 23 19 sä
424 1391 82 25 mycket
520 1390 86 26 lifligare
621 1397 43 14 som
679 1397 47 13 man
736 1390 104 25 hoppades
850 1392 31 17 att
891 1389 57 20 Sata-

198 1419 141 27 kuntabanan,
354 1420 47 19 med
415 1420 127 25 Björneborg
558 1421 66 19 säsom
640 1420 113 26 ändpunkt,
765 1420 66 19 skulle
841 1420 50 24 utgä
901 1419 46 19 frän

270 1459 174 23 Jernvägsutskottets
456 1460 108 19 betänkande
575 1460 36 18 N:o
624 1461 14 16 1.
