1056 1673
261 106 41 19 182
446 104 223 23 Petitionsbetänkande
685 104 35 23 N:o
736 104 14 22 1.

228 165 39 22 det
287 164 99 23 förordar
407 172 28 16 en
452 165 102 28 jernväg,
570 165 134 22 förminskar
723 166 71 20 större
814 164 64 22 delen
897 164 24 22 af
938 165 36 22 be-

228 200 76 23 hofvet
319 201 50 22 utaf
382 201 66 23 dessa
462 201 264 28 kanaliseringsarbeten,
738 200 161 22 åstadkommer
910 201 65 21 emel-

228 236 68 23 lertid
320 244 28 16 en
372 238 111 27 rubbning
508 238 33 21 uti
566 238 122 27 begreppet
711 237 263 28 sammabindningsbana,

228 272 80 23 sådant
328 274 60 22 detta
408 273 40 22 ord
468 274 33 21 uti
519 280 29 15 nu
564 273 170 27 ifrågavarande
750 272 39 23 fall
805 272 170 28 ursprungligen

228 308 84 23 fattats.
342 309 36 22 En
396 309 95 28 jernväg
509 309 51 22 från
579 309 126 27 Jyväskylä
723 310 101 21 vesterut
839 308 35 22 får
889 308 85 28 härige-

228 351 50 15 nom
299 352 59 15 mera
380 346 115 27 betydelse
516 345 25 22 af
559 346 33 21 att
612 351 54 16 vara
686 351 28 16 en
729 345 57 21 bana
802 351 46 15 som
863 344 112 23 förbinder

228 381 113 22 mellersta
364 381 65 22 delen
449 381 25 22 af
492 381 76 22 landet
587 381 49 21 med
657 381 43 22 den
722 382 77 21 vestra
821 380 40 22 och
884 380 90 28 sydliga.

227 416 34 23 Ur
281 417 71 23 denna
373 418 113 27 synpunkt
507 418 70 21 måste
601 417 62 22 såväl
684 416 149 23 rentabilitets
858 416 49 23 skäl
929 422 46 16 som

227 453 150 28 prisbillighet
390 455 52 26 taga
452 455 73 20 större
536 455 78 26 anpart
624 453 38 22 vid
672 453 176 22 bestämmandet
858 452 25 22 af
891 453 83 21 sträck-

229 489 89 28 ningen.

300 525 172 23 Vidkommande
498 525 38 22 det
561 525 152 22 förstnämnda
736 525 25 22 så
784 525 41 21 har
848 524 62 23 såväl
933 524 41 22 den

227 561 142 22 kommission
385 568 46 15 som
446 561 60 28 Kejs.
523 561 95 22 Senaten
634 561 89 22 nedsatt
738 561 35 22 för
788 562 34 20 att
837 561 138 21 ekonomiskt

227 597 41 22 och
288 597 100 22 tekniskt
409 597 125 23 undersöka
554 597 94 28 linjerna
670 603 46 16 som
736 597 42 22 ock
800 597 107 22 utskottet
925 597 49 21 icke

227 633 85 22 kunnat
330 633 69 28 jäfva,
416 635 33 20 att
464 634 27 21 de
506 633 88 22 trakter
609 633 69 28 linjen
693 632 280 28 Filppula—Jämsä—Jy-

227 669 95 28 väskylä
340 670 72 27 berör,
428 670 32 21 uti
476 669 138 23 ekonomiskt
629 669 126 22 hänseende
771 669 36 21 stå
822 669 84 27 ganska
921 669 54 26 högt

227 705 7 21 i
253 705 127 27 jemförelse
400 705 49 22 med
470 705 28 22 de
518 705 87 22 trakter
625 705 69 28 linjen
714 705 260 27 Keuru—Petäjävesi—

228 740 126 29 Jyväskylä
377 741 138 28 genomskär,
536 754 30 3 —
584 741 23 28 ja
630 741 110 22 utskottet
759 741 41 21 har
822 741 49 21 icke
891 741 83 21 kunnat

229 777 79 28 undgå,
323 779 33 20 att
370 777 8 22 i
394 777 46 22 viss
459 777 55 28 grad
532 777 111 28 medgifva
661 779 34 20 att
713 778 33 21 ett
764 776 112 22 företräde
891 777 8 21 i
913 777 62 21 detta

228 812 126 23 hänseende
378 813 70 22 måste
470 813 146 22 tillerkännas
640 813 43 22 den
704 812 60 22 förra
785 813 110 21 sträckan.
931 812 43 22 Vid

228 849 166 23 bedömmandet
418 850 24 21 af
464 850 26 22 de
511 850 127 22 kommuner
659 856 79 21 genom
758 849 77 22 hvilka
856 849 27 22 de
902 848 73 22 skilda

227 885 162 23 banstäckorna
405 886 72 22 skulle
492 886 35 28 gå,
539 886 40 22 har
594 886 110 22 utskottet
719 885 122 22 framhållit
856 886 32 21 att
897 885 78 22 Jämsä

227 921 103 22 kommun
347 921 71 23 under
436 928 27 16 en
482 923 46 21 stor
547 922 36 22 del
602 922 24 22 af
642 922 50 22 året
708 922 55 27 egde
779 928 28 15 en
822 922 42 27 god
879 921 94 22 kommu-

227 956 100 23 nikation
347 958 36 21 till
399 958 95 27 jernväg
513 957 100 28 sjöledes.
644 958 41 21 Om
701 958 25 21 så
742 956 67 23 äfven
825 959 24 19 är
865 957 68 28 fallet,
949 957 26 21 så

226 993 45 21 kan
292 993 49 23 med
362 994 50 21 skäl
428 993 149 28 ifrågasättas,
594 1000 34 15 om
643 994 50 21 icke
712 993 49 22 med
780 993 85 27 hänsyn
881 993 36 21 till
932 993 42 21 den

228 1028 96 23 industri
340 1029 40 22 och
396 1029 37 22 det
446 1029 108 28 jordbruk
566 1029 68 27 jemte
651 1029 42 22 den
709 1028 205 28 ladugårdsskötsel
929 1035 45 15 som

227 1064 115 23 derstädes
362 1065 70 22 redan
453 1072 30 15 nu
502 1064 120 29 bedrifves,
639 1072 28 15 en
687 1066 72 20 större
780 1064 119 28 anledning
917 1064 56 22 före-

226 1100 80 22 funnes
326 1102 33 20 att
378 1101 74 27 bygga
467 1102 71 20 banan
554 1101 41 21 här
610 1103 28 19 än
654 1107 78 21 genom
747 1100 83 28 Keuru,
847 1107 45 15 som
906 1100 69 22 redan

225 1142 30 16 nu
277 1136 41 22 har
336 1136 96 28 jernväg
450 1136 58 22 inom
526 1136 40 22 sitt
584 1137 88 21 område
691 1137 40 21 och
750 1136 111 22 dessutom
877 1142 27 16 en
919 1136 55 22 lika-

226 1172 63 22 ledes
309 1172 42 28 god
371 1172 219 28 sjökommunikation
609 1173 35 22 till
658 1173 100 27 jernväg.
789 1172 46 22 För
850 1172 125 28 Jyväskylä

226 1208 72 22 stads-
314 1208 40 22 och
369 1208 166 22 landskommun
552 1209 40 21 bör
607 1208 158 28 sträckningen
781 1208 8 21 i
805 1208 38 22 det
857 1208 50 22 hela
921 1214 54 16 vara

222 1244 167 28 jemförelsevis
400 1244 98 28 likgiltig
508 1244 40 22 och
559 1244 125 28 Petäjävesi
696 1244 81 22 socken
788 1244 55 22 eller
854 1244 41 22 den
903 1244 72 27 tredje

224 1280 108 29 kommun,
349 1281 142 27 hvarigenom
507 1280 44 22 den
565 1280 127 28 nordligare
707 1280 69 28 linjen
792 1280 84 22 komme
892 1281 33 21 att
939 1280 34 27 gå,

224 1316 46 22 kan
288 1317 37 22 väl
340 1316 120 28 ingalunda
474 1317 29 27 på
519 1316 71 22 allvar
604 1317 107 22 tillmätas
728 1316 69 22 sådan
813 1316 113 27 betydelse
941 1317 34 20 att

226 1358 51 16 man
294 1352 87 22 derföre
396 1353 68 21 borde
480 1352 68 28 draga
564 1352 67 28 linjen
647 1353 36 22 till
699 1352 81 22 Keuru.

296 1388 50 22 Med
367 1388 86 28 hänsyn
471 1388 36 22 till
526 1388 38 22 det
582 1394 58 22 gagn
656 1389 69 21 andra
740 1388 128 22 kommuner
883 1388 40 21 och
938 1387 35 22 så-

224 1424 68 24 lunda
309 1424 75 22 landet
400 1424 8 22 i
424 1425 33 21 sin
475 1424 76 22 helhet
568 1424 86 22 komme
669 1426 33 20 att
718 1424 67 22 hafva
801 1424 24 21 af
838 1430 27 16 en
877 1424 96 28 jernväg

299 1466 173 24 Jernvägsutskottets
484 1466 106 18 betänkande
602 1466 37 18 N:o
651 1468 15 16 1.
