1067 1675
228 140 12 19 2
336 137 82 22 Ständ.
434 136 56 23 Mot.
507 150 28 3 —
551 137 154 23 Motionsbet.
721 136 45 23 N:o
782 136 21 23 7.

197 198 50 22 stad
270 198 40 22 bör
332 198 71 22 finnas
424 198 155 28 stadskällare,
601 204 28 16 en
648 198 56 22 eller
722 197 60 28 flere,
800 198 39 22 der
854 198 39 22 vin
909 198 39 22 och

197 234 22 22 öl
234 234 74 28 säljes.

269 270 83 22 Genom
376 270 157 27 förordningen
557 277 33 15 om
614 270 135 27 näringarne
772 270 43 22 den
839 272 27 20 31
888 270 60 22 Mars

199 307 56 20 1879
282 307 41 21 har
350 306 161 22 ofvannämnda
536 307 92 27 kapitel,
652 307 87 22 hvilket
762 306 187 28 hufvudsakligen

196 342 125 23 innehåller
344 342 110 22 särskilda
477 342 136 28 stadganden
637 349 34 15 om
694 349 72 21 gross-
782 343 40 21 och
838 343 111 21 krämare-

196 378 88 27 handel,
305 378 75 22 blifvit
400 378 114 28 upphäfdt,
532 379 26 21 så
573 381 41 19 när
630 385 46 16 som
692 379 28 27 på
734 385 30 15 nu
780 378 169 27 ifrågavarande

197 414 110 27 paragraf.
338 415 35 21 Då
396 415 123 22 emellertid
538 415 68 27 något
624 415 68 22 behof
710 415 25 21 af
752 421 26 16 en
795 415 69 22 sådan
879 415 70 21 under

197 451 47 21 helt
260 451 69 21 andra
345 451 141 22 ekonomiska
502 451 40 21 och
558 451 81 22 sociala
654 451 154 22 förhållanden
822 453 28 20 än
862 451 27 21 de
900 453 48 19 när-

197 486 97 22 varande
310 487 136 22 tillkommen
457 487 146 28 bestämning,
617 493 46 16 som
674 487 131 27 paragrafen
817 487 131 27 innehåller,

196 523 50 21 icke
269 523 77 22 vidare
364 523 125 28 förefinnes,
509 523 23 22 få
551 523 124 22 Ständerna
693 523 8 22 i
719 523 177 27 underdånighet
912 529 36 15 an-

196 558 66 28 hålla,
280 558 40 22 det
334 559 87 22 täcktes
437 559 72 22 Eders
525 559 127 27 Kejserliga
667 559 105 28 Majestät
787 559 7 21 i
810 559 69 22 nåder
890 559 58 22 stad-

197 594 59 22 fästa
271 594 164 23 nedanstående
451 594 25 22 af
489 595 124 22 Ständerna
628 597 105 25 antagna:

411 654 158 28 Förordning
587 655 126 27 angående
732 654 173 29 upphäfvande
924 654 27 22 af

340 691 15 21 4
371 691 12 29 &
399 692 16 21 4
430 691 55 28 kap.
501 690 209 23 Handelsbalken.

411 727 128 22 Härmedels
570 727 79 22 varder
671 727 108 28 stadgadt,
803 728 32 20 att
858 726 15 22 4
896 728 14 26 $
933 726 15 21 4

342 763 47 27 kap.
406 763 176 22 Handelsbalken
598 765 27 20 är
640 763 128 28 upphäfven.

269 847 108 22 Finlands
394 847 94 22 Ständer
504 847 126 22 framhärda
646 849 40 20 etc.

268 913 148 28 Helsingfors,
433 913 42 22 den
492 915 26 20 25
535 913 44 28 Maj
598 914 62 21 1891.

248 1426 124 23 Helsingfors,
385 1427 69 18 Weilin
469 1427 16 17 &
498 1427 53 18 Göös'
564 1426 118 23 aktiebolags
695 1426 125 23 boktryckeri,
834 1427 52 17 1891.
