1039 1670
200 111 345 23 Petitionsbetänkade
561 111 53 22 N:o
631 111 48 22 24.

281 425 276 28 Jernvägsutskottets
573 425 162 23 betänkande
750 424 35 23 N:o
802 424 12 22 3

211 461 46 22 med
282 461 116 28 anledning
421 461 25 22 af
462 461 109 23 särskilda
591 461 34 22 till
647 461 26 22 de
695 460 120 29 Höglofliga

212 497 87 22 stånden
320 497 118 22 inlemnade
460 497 183 29 petitionsförslag
663 503 32 16 om
710 496 105 23 kanalise-

212 533 148 28 ringsarbeten
375 533 7 22 i
398 533 59 22 olika
473 533 61 22 delar
549 533 25 22 af
587 533 79 22 landet.

141 601 42 21 Till
204 600 216 27 Jernvägsutskottet
437 600 64 22 hafva
517 600 134 22 remitterats
667 600 95 27 följande
777 606 36 21 pe-

71 636 165 27 titionsförslag,
253 636 119 22 berörande
388 636 58 22 olika
462 635 257 28 kanaliseringsarbeten:

434 715 22 18 1.

142 769 58 21 Från
215 769 165 20 Presteständet
396 775 26 14 en
438 768 24 21 af
475 768 56 22 Herr
549 767 27 23 H.
596 768 24 21 E.
637 768 131 21 Schroderus
784 768 33 21 in-

72 805 86 22 lemnad
173 804 94 27 petition
283 804 112 27 angäende
411 803 148 28 kanalisering
575 804 39 21 och
633 803 145 28 upprensning
796 803 24 22 af

72 840 97 22 farleden
193 840 92 22 emellan
306 839 78 21 lisvesi
406 840 39 20 och
467 839 112 26 Pielavesi,
600 839 86 22 hvilken
703 838 114 28 petition
804 834 17 37 i

73 876 158 27 Ofversättning
247 878 24 19 är
287 876 23 21 af
325 875 95 27 följande
436 876 91 26 lydelse:

210 954 53 20 Till
278 953 178 26 Högvördiga
471 954 218 20 Presteständet.

144 1008 68 19 Sedan
221 1007 99 20 Savolaks
325 1006 89 26 jernväg
422 1006 67 21 blifvit
504 1007 48 20 ledd
560 1014 72 19 genom
647 1006 124 26 Suonenjoki
782 1006 37 20 och

73 1044 26 14 en
119 1037 75 20 bibana
214 1037 80 25 anlagts
315 1037 31 19 till
362 1036 73 21 Iisvesi
451 1037 120 20 förutsätter
587 1037 56 20 detta
662 1037 45 20 med
727 1036 91 20 nödvän-

73 1068 76 25 dighet,
165 1070 31 17 att
212 1068 25 19 de
252 1074 48 13 norr
324 1074 31 12 om
378 1067 74 20 lisvesi
476 1067 105 25 befintliga
605 1067 79 25 sjöarne
709 1066 110 26 Pielavesi,

72 1097 89 21 Nilakka
182 1098 38 19 och
235 1097 107 20 Rasvanki
357 1097 47 20 med
419 1097 35 20 det
470 1099 93 18 snaraste
578 1097 85 20 medelst
679 1097 86 20 kanaler
779 1096 40 20 för-

73 1127 72 21 bindas
161 1127 46 20 med
224 1126 82 26 Iisvesi;
322 1130 22 22 ty
360 1126 118 26 derigenom
493 1127 79 20 komme
587 1127 177 21 Savolaksbanans
779 1128 40 18 tra-

73 1157 110 20 fikomräde
199 1159 31 18 att
245 1156 102 26 betydligt
363 1157 55 20 ökas.
439 1158 32 18 En
487 1157 23 20 af
523 1157 164 20 Nord-Savolaks
701 1156 119 25 befolkning

73 1187 60 26 länge
154 1187 49 25 hyst
224 1186 87 25 innerlig
333 1187 78 20 önskan
432 1194 32 13 om
487 1193 25 14 en
529 1186 227 21 kommunikationsleds
772 1189 47 23 öpp-

73 1216 67 21 nande
155 1217 32 19 till
202 1217 167 20 Savolaksbanan
384 1216 68 21 blefve
468 1217 117 26 härigenom
601 1217 142 25 förverkligad.

144 1246 120 20 Förenande
280 1246 41 26 mig
336 1246 46 20 med
397 1247 147 25 befolkningen
559 1247 7 19 i
587 1247 56 19 detta
662 1246 158 26 önskningsmäl,

73 1278 64 24 vägar
150 1276 37 26 jag
203 1276 103 20 vördsamt
322 1276 86 27 anhälla,
426 1279 30 17 att
472 1276 127 26 högvördiga
608 1276 155 20 Presteständet
773 1275 48 21 ville

74 1309 75 23 antaga
164 1313 26 13 en
205 1306 144 26 underdäning
364 1306 86 26 petition
465 1306 76 20 derom:

288 1360 32 20 att
340 1359 158 28 vattendragen
519 1359 91 21 emellan
626 1358 77 22 Iisvesi
719 1359 36 21 och
770 1358 50 22 Pie-

218 1388 66 22 lavesi
304 1389 64 21 måtte
386 1392 66 24 göras
476 1389 109 27 segelbara
602 1388 38 28 för
649 1388 47 28 fem
705 1388 38 28 fot
759 1388 62 27 djup-

215 1418 83 28 gäende
306 1418 121 28 farkoster,
444 1418 88 22 medelst
542 1418 149 29 kanalisering
701 1418 29 28 af
737 1418 84 22 Kolun-

145 1459 175 24 Jernväysutskottels
332 1460 109 18 betänkande
453 1460 35 19 N:o
501 1462 16 17 3.
741 1461 8 16 1
