1059 1670
227 121 43 21 128
418 120 226 23 Petitionsbetänkande
661 121 34 22 N:o
711 120 15 22 1.

195 180 41 22 och
257 180 112 26 Savolaks,
388 180 68 28 gjorts
473 180 34 22 till
523 180 93 22 föremål
632 180 34 22 för
681 180 133 22 Ständernas
830 178 120 28 öfverlägg-

195 216 84 26 ningar.
311 215 101 28 Ständigt
434 216 163 27 undanskjuten
617 222 78 21 genom
719 216 69 21 andra
804 222 60 15 mera
879 214 71 22 makt-

195 250 131 28 påliggande
352 251 196 28 jernvägsföretag,
576 251 101 27 flyttades
702 251 77 27 frågan
803 251 35 21 vid
863 251 87 21 senaste

195 286 106 28 landtdag
322 288 32 20 ett
375 289 48 25 steg
443 287 80 21 framåt
539 288 28 26 på
583 286 171 28 dagordningen.
786 286 71 22 Sedan
872 292 77 21 genom

195 322 97 22 beslutet
316 328 34 16 om
371 323 113 27 byggande
506 322 23 22 af
549 323 41 21 den
612 322 109 22 Karelska
741 323 71 21 banan
834 322 62 22 äfven
912 322 38 22 det

196 358 115 26 ostligaste
326 358 94 22 Finland
436 358 159 22 tillförsäkrats
612 360 40 26 att,
668 358 94 22 likasom
774 358 93 27 tidigare
878 353 72 26 Öster-

196 393 76 21 botten
294 394 39 21 och
354 393 115 28 Savolaks,
486 396 70 20 sättas
573 394 7 22 i
594 394 237 27 jernvägslörbindelse
847 394 49 21 med
913 394 37 21 det

195 428 71 27 öfriga
278 429 80 27 landet,
368 429 67 22 funno
444 429 109 28 nemligen
565 432 75 19 senast
648 429 132 22 församlade
788 429 93 21 Ständer
889 429 61 21 tiden

196 471 51 15 vara
262 465 50 21 inne
327 465 33 21 för
372 465 158 22 förberedande
543 466 102 27 åtgärder
656 465 7 21 i
675 465 57 28 syfte
742 467 34 19 att
786 465 116 26 tillgodose
913 465 37 21 det

196 500 112 22 mellersta
323 501 105 22 Finlands
445 513 27 4 —
489 501 69 22 Keski
570 501 86 22 Suomis
668 513 28 4 —
708 501 67 22 behof
783 501 23 21 af
815 501 135 21 förbättrade

195 536 221 22 kommunikationer.
449 536 123 22 Ständerna
594 536 88 27 ivgingo
703 538 29 26 på
752 536 70 27 grund
838 536 64 21 häraf
915 535 35 22 till

195 571 61 21 Hans
272 572 123 26 Kejserliga
410 572 103 27 Majestät
530 572 49 22 med
596 579 26 15 en
638 572 94 27 petition
749 572 74 21 derom
842 573 46 25 ,att
898 571 51 21 eko-

196 607 100 21 nomiska
312 608 40 21 och
368 608 103 21 tekniska
486 608 189 27 undersökningar
691 609 69 21 måtte
776 607 128 22 verkställas
916 607 33 21 för

195 649 27 15 en
244 643 92 27 jernväg
358 643 49 22 från
431 644 117 27 Jyväskylä
572 644 35 21 till
628 645 71 25 någon
721 644 71 26 punkt
812 644 13 20 å
848 643 101 21 sträckan

195 678 98 21 Keuru—
302 674 124 37 Myllymäki
444 679 23 21 af
481 679 67 21 Wasa
562 680 96 26 jernväg,
674 682 59 19 samt
748 680 34 20 att
792 679 67 27 nådig
870 685 79 20 propo-

195 714 67 21 sition
284 714 122 28 förelägges
427 717 50 19 näst
493 716 207 21 sammanträdande
717 714 93 22 Ständer
827 721 33 15 om
878 715 70 21 denna

192 749 104 27 jernvägs
312 751 136 21 utförande".

267 785 71 22 Sedan
360 787 71 21 denna
452 786 134 22 Ständernas
607 781 102 27 anhållan
729 786 77 22 vunnit
822 786 59 21 Hans
897 786 51 27 Kej-

195 820 81 27 serliga
292 821 114 27 Majestäts
423 822 69 27 bifall,
509 822 101 21 nedsatte
626 822 124 26 Kejserliga
761 822 94 21 Senaten
866 822 42 20 den
920 821 26 21 11

195 856 57 27 april
274 857 58 22 1889
354 863 27 15 en
401 857 145 22 kommission
567 857 34 22 för
616 858 119 27 utredning
750 857 24 22 af
788 857 42 21 den
846 857 7 20 i
869 857 79 20 ekono-

195 892 69 21 miskt
284 893 122 21 hänseende
428 893 181 27 fördelaktigaste
631 893 155 26 sträckningen
807 893 33 21 för
856 893 93 20 nämnda

191 928 100 27 jernväg.
328 928 62 21 Efter
413 929 38 21 det
474 929 171 22 kommissionen
667 929 99 27 fullgjort
789 928 40 21 sitt
852 928 97 27 uppdrag

195 963 124 21 inlemnade
341 964 127 21 densamma
485 964 6 21 i
507 964 78 27 början
601 965 23 20 af
639 966 24 19 är
680 965 59 21 1890
754 964 40 21 sitt
810 963 137 21 betänkande

195 998 7 21 i
223 1000 82 26 ämnet,
328 999 109 22 hvarefter
452 1000 124 27 Kejserliga
592 1000 101 27 Senaten,
710 1002 53 19 enär
778 998 170 22 kommissionen

194 1034 28 26 pä
242 1036 112 25 upptagna
376 1035 48 21 skäl
444 1035 98 21 förordat
561 1035 83 22 banans
660 1036 92 21 ledande
769 1034 48 22 från
833 1034 116 27 Jyväskylä

193 1069 36 21 till
245 1069 82 27 Keuru,
344 1070 127 22 alternativt
486 1071 133 27 Pihlajavesi
635 1071 90 27 station,
740 1070 122 22 anbefallde
874 1065 74 26 Öfver-

195 1105 108 27 styrelsen
324 1105 33 21 för
378 1108 51 24 väg-
451 1107 39 21 och
511 1106 231 28 vattenbyggnaderna
758 1108 34 19 att
807 1106 45 21 låta
868 1106 80 21 instru-

194 1140 94 22 mentalt
310 1142 124 21 undersöka
456 1143 146 21 nästnämnda
622 1142 132 22 alternativa
774 1142 70 20 linier.
879 1141 70 21 Dessa

194 1176 190 28 undersökningar
405 1177 65 22 hafva
492 1178 70 21 under
582 1184 123 16 sommaren
726 1178 58 22 1890
799 1177 72 23 blifvit
886 1177 62 21 verk-

194 1211 82 22 ställda
292 1212 40 22 och
349 1212 97 28 framgår
462 1220 25 14 ur
503 1214 113 21 desamma
632 1216 32 19 att
676 1214 122 21 kostnaden
810 1212 34 22 för
854 1219 26 15 en
889 1213 59 27 jern-

194 1247 108 26 vägslinie
322 1248 232 27 Jyväskylä—Keuru,
569 1249 65 21 hvars
650 1250 66 25 längd
732 1251 24 18 är
772 1249 46 24 80,8
833 1248 116 21 kilometer

194 1281 72 22 blefve
290 1283 120 27 7,450,000
431 1284 67 26 mark,
520 1284 54 21 eller
595 1285 80 26 92,184
696 1284 62 21 mark
780 1284 28 21 72
830 1283 64 27 penni
910 1289 39 21 per

193 1317 117 23 kilometer
330 1321 58 19 samt
409 1319 33 22 för
463 1319 67 22 linien
552 1319 288 28 Jyväskylä—Pihlajavesi,
856 1319 49 21 med
922 1325 26 14 en

194 1353 67 26 längd
277 1353 24 22 af
314 1355 46 26 84,4
376 1354 122 27 kilometer,
515 1355 119 27 7,425,000
650 1356 62 21 mark
728 1355 54 22 eller
794 1355 80 27 87,973
886 1354 63 21 mark

191 1395 41 20 per
248 1389 122 22 kilometer.

266 1465 177 23 Jernvägsutskoltets
455 1467 107 18 betänkande
574 1467 36 18 N:o
623 1469 14 16 1.
