1061 1673
229 164 84 23 Ständ.
328 164 57 23 Mot.
402 178 25 2 —
443 164 155 23 Motionsbet.
613 164 46 22 N:o
675 164 22 22 9.
801 165 12 20 3

90 228 79 28 slagna,
179 227 22 21 af
217 227 36 21 det
268 227 110 28 praktiska
387 227 105 22 behofvet
503 226 113 30 påkallade
626 226 157 28 förändringen,
796 234 45 14 som

90 262 7 20 i
112 261 88 21 främsta
215 264 90 18 rummet
320 261 58 21 afser
399 261 91 21 barnens
506 264 49 25 eget
576 262 96 20 intresse.
702 260 75 21 Säsom
800 260 41 21 den

91 296 114 27 vigtigaste
221 295 136 28 synpunkten
373 297 23 19 är
410 295 77 21 härvid
502 298 31 18 att
550 294 107 26 fasthålla,
680 297 30 18 att
731 294 112 21 inskränk-

91 330 79 26 ningen
184 330 7 20 i
206 328 42 22 den
263 329 152 28 minderåriges
438 329 102 21 arbetstid
563 328 48 22 icke
634 328 40 21 bör
695 328 68 21 blifva
785 335 58 13 mera

91 362 136 28 vidtgående,
237 364 27 19 än
279 363 114 21 omtanken
408 370 34 14 om
457 363 53 21 hans
525 362 60 21 helsa
599 362 41 21 och
656 362 123 28 själsodling
791 361 52 21 nöd-

91 396 122 28 vändigtvis
229 396 92 22 kräfver.
351 396 163 28 Förordningen
528 396 23 21 af
566 396 42 21 den
624 397 26 20 15
666 396 62 28 April
741 397 54 19 1889
806 396 38 20 har

92 430 126 28 visserligen
233 430 94 21 faststält
342 430 132 21 arbetstiden
488 430 35 21 för
538 430 52 21 barn
604 430 34 20 till
654 430 11 20 6
676 430 26 27 !/,
716 430 84 20 timmar
810 429 35 21 för

93 464 48 28 dag,
155 472 48 13 men
219 464 28 21 då
262 464 69 21 denna
347 464 134 28 bestämning
495 464 68 28 gäller
577 464 41 21 alla
636 464 46 27 slag
704 464 21 20 af
748 464 97 25 industri,

93 498 42 21 kan
150 498 75 21 måttet
240 498 23 21 af
277 499 152 27 ansträngning
444 498 35 21 för
494 498 26 21 de
535 498 37 22 vid
587 498 83 21 arbetet
685 497 97 22 använda
797 498 48 20 bar-

93 540 42 14 nen
151 532 55 21 dock
221 532 69 22 blifva
303 532 83 28 ganska
398 532 63 21 olika.
488 532 72 28 Sagda
570 532 124 21 normaltids
704 532 141 28 förlängning,

94 566 37 22 der
147 574 26 14 en
188 566 67 21 sådan
271 566 22 21 af
307 566 160 22 vederbörande
483 566 124 28 myndighet
622 573 62 14 anses
700 566 71 21 kunna
786 565 59 21 med-

94 600 77 28 gifvas,
185 600 116 21 innefattar
317 600 72 21 derför
404 601 18 27 ej
440 600 68 21 heller
523 603 30 18 ett
575 600 164 28 öfvergifvande
763 600 22 20 af
805 599 41 21 den

94 634 153 29 grundprincip
263 635 5 20 i
285 634 149 28 skyddslagen,
450 634 66 28 enligt
531 634 87 22 hvilken
641 634 150 27 minderåriges
815 641 32 13 ar-

95 668 80 21 betstid
189 668 39 21 bör
243 668 115 28 begränsas
373 668 29 26 så,
418 671 31 18 att
464 668 61 21 deras
540 668 60 21 helsa
619 668 48 21 icke
682 668 53 20 lider
756 675 49 13 men
824 667 23 21 af

96 702 86 21 arbetet.
211 702 167 28 Bestämningen
394 705 31 18 att
440 702 42 21 den
497 702 120 28 föreslagna
635 701 174 28 utsträckningen
825 701 22 21 af

96 736 131 21 arbetstiden
242 736 67 21 måste
324 737 7 20 i
345 736 74 28 hvarje
434 736 101 21 särskildt
550 736 38 21 fall
603 736 101 21 utverkas
727 736 38 21 hos
781 735 66 21 Indu-

97 770 148 28 stristyrelsen,
261 778 45 13 som
321 770 90 21 sålunda
426 770 96 21 kommer
536 771 6 19 i
557 770 84 20 tillfälle
657 772 31 18 att
709 772 49 25 taga
780 769 68 21 under

97 804 142 28 ompröfning,
253 804 106 22 huruvida
374 804 48 22 med
445 804 102 22 afseende
562 805 13 20 å
590 804 93 21 arbetets
702 804 147 21 beskaffenhet

98 839 41 20 och
153 838 66 21 andra
234 838 29 29 på
277 839 65 21 saken
358 839 132 21 inverkande
510 838 180 28 omständigheter
712 838 37 21 det
770 838 79 27 ifråga-

98 875 55 18 satta
164 872 163 28 medgifvandet
340 875 52 18 utan
407 872 46 21 fara
467 873 35 20 för
516 872 90 21 barnens
622 872 60 21 helsa
696 873 41 20 kan
752 872 97 28 beviljas,

98 906 61 21 torde
173 907 83 27 jemväl,
271 907 7 20 i
293 906 98 28 förening
406 906 48 21 med
471 906 26 21 de
512 906 205 28 försigtighetsmätt,
737 914 46 13 som
805 906 44 20 för-

99 939 117 28 ordningen
232 941 6 19 i
254 939 66 28 öfrigt
334 940 141 21 föreskrifver
489 940 132 21 beträffande
636 941 6 20 i
658 940 95 21 fabriker
773 939 78 29 syssel-

99 976 55 19 satta
169 974 58 26 barn,
243 974 69 21 lemna
327 974 115 28 tillräcklig
456 975 83 27 garanti
555 977 32 18 att
600 974 92 21 nämnda
707 975 84 27 princip
809 973 42 21 till-

99 1007 97 28 börligen
219 1007 131 28 tillgodoses.
379 1008 163 28 Förändringen
566 1008 95 21 kommer
688 1007 108 22 dessutom
821 1010 32 18 att

99 1042 76 20 beröra
198 1041 77 21 endast
296 1042 58 26 barn,
377 1049 46 14 som
444 1041 125 29 genomgätt
590 1042 65 28 högre
677 1042 119 25 folkskola;
812 1041 41 21 och

100 1075 64 21 dessa
177 1075 66 22 hafva
258 1076 7 20 i
280 1076 73 27 regeln
367 1075 67 21 redan
448 1076 93 28 uppnätt
556 1083 27 14 en
604 1075 60 21 älder
682 1076 22 20 af
721 1076 64 20 minst
802 1077 51 19 tret-

101 1112 38 18 ton
161 1109 50 21 eller
233 1109 80 28 fjorton
335 1109 24 21 är
382 1112 54 18 samt
458 1112 73 18 närma
549 1110 33 27 sig
596 1109 62 21 alltså
673 1109 72 21 åldern
761 1109 23 21 af
798 1116 57 20 unga

102 1150 106 21 personer.

171 1177 49 21 Den
239 1176 114 28 förlängda
367 1176 132 22 arbetstiden
514 1177 161 28 nödvändiggör
691 1177 64 21 äfven
770 1184 27 14 en
811 1176 45 21 för-

103 1210 87 28 delning
204 1210 23 21 af
242 1210 82 22 arbetet
339 1210 28 29 pä
381 1210 44 22 för-
440 1211 41 21 och
497 1211 147 27 eftermiddag.
672 1211 70 21 Häraf
759 1210 96 29 päkallas

103 1244 45 21 åter
164 1252 26 13 en
205 1244 106 21 afvikelse
333 1245 78 27 jemväl
426 1244 49 22 från
490 1244 128 28 stadgandet
632 1246 7 20 i
654 1244 66 21 andra
741 1246 116 20 momentet

103 1278 23 21 af
141 1278 163 28 förordningens
321 1279 12 27 $
349 1280 19 25 8,
379 1281 31 18 att
425 1278 59 27 barn,
500 1286 45 14 som
559 1280 56 20 varit
629 1280 7 19 i
652 1278 71 22 arbete
737 1278 46 21 före
798 1278 60 21 kloc-

103 1312 43 21 kan
160 1312 41 21 tolf
216 1312 28 28 pä
259 1312 76 28 dagen,
350 1313 18 27 ej
384 1312 36 21 mä
434 1312 72 21 dertill
526 1312 109 22 användas
651 1312 55 22 efter
719 1312 93 21 klockan
827 1314 32 18 ett

104 1353 80 13 samma
205 1346 48 27 dag.
282 1346 39 20 Ett
336 1346 125 28 uttryckligt
476 1346 118 28 stadgande
610 1346 73 21 härom
700 1346 67 26 torde,
781 1346 7 20 i
804 1353 55 13 sam-

104 1379 106 27 manhang
227 1379 50 21 med
292 1387 29 13 nu
335 1380 123 28 föreslagna
472 1380 125 28 förändring
612 1380 23 21 af
650 1381 13 26 &
676 1381 25 19 11
717 1380 8 20 i
740 1379 119 21 änberörda

104 1413 132 28 förordning,
251 1413 65 23 äfven
331 1414 53 22 böra
398 1414 7 20 i
420 1414 133 21 sistnämnda
567 1413 100 30 paragraf
678 1414 85 20 införas.
