1070 1670
275 121 12 19 2
383 119 83 22 Ständ.
481 119 54 22 Pet.
552 132 27 3 —
595 119 169 22 Petitionsbet.
779 119 45 22 N:o
840 119 34 22 19.

314 178 10 21 I
340 179 242 26 petitionsmemorialet
604 179 82 22 uttalas
703 179 42 22 den
761 179 65 28 åsigt,
842 182 33 19 att
890 179 27 22 de
933 179 58 22 forn-

245 214 46 21 tida
306 214 204 22 minnesmärkenas
527 214 107 23 fredande
642 215 41 21 och
693 215 126 22 bevarande
830 215 50 22 icke
898 218 37 25 egt
945 222 47 15 rum

243 250 8 21 i
267 250 42 21 den
324 249 139 28 omfattning,
488 257 46 14 som
558 251 49 21 med
630 251 81 26 nådiga
734 250 157 28 förordningen
909 251 7 21 i
932 251 61 22 detta

243 287 63 20 ämne
322 285 24 22 af
360 285 42 22 den
419 288 11 19 2
447 286 65 26 April
530 287 55 20 1883
610 286 102 27 åsyftats,
728 287 40 20 och
784 288 32 19 att
832 287 94 21 orsaken
941 287 50 26 här-

243 321 35 22 till
294 321 78 22 främst
389 323 25 20 är
430 323 33 20 att
487 322 54 21 söka
556 322 8 21 i
580 322 42 21 den
644 322 157 27 arkeologiska
824 322 167 27 myndighetens

242 357 156 28 organisation,
415 359 44 20 mot
473 357 99 27 hvilken,
588 357 67 22 bland
671 359 73 26 annat,
762 358 125 21 anmärkes:

311 395 33 19 att
368 393 154 27 arkeologiska
547 393 170 22 kommissionen
741 393 171 22 sammanträder
935 394 56 21 blott

243 435 27 15 en
293 428 59 28 gång
366 428 8 21 i
390 428 107 22 månaden
521 428 39 22 och
581 428 8 21 i
612 428 78 27 regeln
710 428 41 22 alls
772 428 49 22 icke
842 428 69 22 under
935 435 54 15 som-

241 470 83 21 maren;

313 501 33 20 att
362 499 25 22 af
400 500 27 21 de
444 506 39 15 sex
506 499 120 22 ledamöter
642 500 8 20 i
665 500 177 27 kommissionen,
867 500 76 22 hvilka
961 500 28 26 på

240 538 35 20 tre
291 536 25 21 år
331 535 71 27 väljas
418 535 25 21 af
457 535 111 22 särskilda
583 536 169 27 vetenskapliga
763 535 100 22 samfund
874 536 39 21 och
923 536 66 21 bland

240 572 78 22 hvilka
334 571 96 22 Senaten
445 573 62 19 utser
523 577 28 15 en
567 571 138 28 ordförande,
729 571 50 22 icke
802 571 86 21 fordras
908 572 80 26 speciel

241 608 68 27 insigt
327 608 8 20 i
354 607 119 27 arkeologi,
491 607 70 21 ehuru
576 607 171 21 kommissionen
764 607 58 21 skall
845 609 78 25 utgöra
946 607 42 22 den

240 643 127 27 egentligen
382 642 94 22 ledande
485 642 39 22 och
533 642 129 22 beslutande
673 642 164 28 myndigheten,
849 642 77 22 medan
937 642 48 22 der-

241 681 57 20 emot
314 679 198 27 statsarkeologen,
537 684 45 16 som
606 678 56 22 dock
677 679 41 21 bör
733 678 67 22 hafva
818 678 117 28 ådagalagt
954 679 33 21 sin

239 716 129 26 kompetens
384 720 79 21 genom
477 714 169 27 vetenskapliga
662 715 91 21 arbeten
763 714 8 21 i
782 714 117 28 arkeologi,
910 714 77 22 endast

239 750 105 27 fungerar
360 750 72 21 såsom
448 750 139 21 sekreterare
603 750 39 21 och
653 750 167 22 verkställande
830 750 95 21 ledamot
934 752 53 20 utan

238 786 109 27 rättighet
363 787 33 19 att
411 791 53 16 vare
475 786 34 26 sig
521 786 157 21 sammankalla
688 786 170 21 kommissionen
868 786 55 21 eller
934 788 52 19 mot-

238 824 52 25 taga
305 822 40 21 och
361 820 117 28 föredraga
491 821 35 21 till
537 821 50 21 dess
596 821 135 27 behandling
741 821 134 27 hänskjutna
882 822 103 26 ärenden;

309 859 33 20 att
357 857 84 22 vården
465 856 24 21 af
509 856 173 22 Universitetets
705 857 121 21 historiska
849 863 96 15 museum
961 859 24 19 är

237 893 66 27 ålagd
319 893 197 26 statsarkeologen,
533 892 91 22 hvilken
640 892 128 27 härigenom
783 892 91 22 hindras
889 894 32 19 att
937 893 48 20 med

237 928 113 23 önskvärd
365 927 116 28 framgång
503 927 70 22 verka
589 927 35 22 för
646 928 127 27 hägnandet
788 927 25 22 af
826 928 86 21 landets
927 927 58 22 fasta

237 964 179 27 fornlemningar,
432 964 93 21 likasom
541 963 40 22 ock
597 963 50 22 från
657 963 131 23 utöfvandet
798 963 26 22 af
831 963 154 28 vetenskaplig

236 999 143 22 verksamhet
396 998 155 27 öfverhufvud;
569 999 113 22 äfvensom
778 1021 2 3 .

307 1037 33 20 att
356 1035 38 21 vid
410 1034 121 22 ordnandet
547 1034 24 21 af
585 1035 148 27 samlingarna
749 1035 8 20 i
772 1035 94 21 nämnda
887 1041 96 16 museum

235 1071 123 27 tillräcklig
373 1070 107 22 assistens
496 1070 96 21 saknats.

306 1105 245 23 Petitionsmemorialet
573 1107 118 26 utmynnar
712 1106 8 21 i
735 1105 85 28 förslag
842 1111 34 16 om
892 1105 41 22 den
948 1112 34 15 ar-

234 1143 130 26 keologiska
380 1142 181 22 kommissionens
573 1142 126 21 ersättande
710 1141 84 22 medels
805 1147 27 16 en
843 1141 140 28 arkeologisk

234 1179 62 26 byrå,
313 1179 143 20 sammansatt
472 1177 77 22 endast
565 1177 24 21 af
602 1177 107 22 fackmän.

305 1213 77 22 Under
398 1213 163 27 öfvervägande
577 1212 24 22 af
614 1213 202 26 anmärkningarna
831 1213 44 20 mot
890 1212 42 22 den
947 1219 34 15 ar-

233 1249 130 27 keologiska
378 1248 170 27 myndighetens
565 1248 148 27 organisation
723 1247 68 22 hafva
807 1247 122 21 Ständerna
944 1254 37 15 an-

233 1286 45 20 sett
294 1290 27 16 en
335 1283 128 28 jemförelse
479 1283 49 22 med
545 1283 154 22 motsvarande
715 1282 153 22 förhållanden
878 1283 8 21 i
896 1282 84 28 länder,

233 1320 40 21 der
296 1320 27 21 de
346 1319 156 27 arkeologiska
525 1319 216 27 angelägenheterna
764 1320 38 20 äro
825 1318 37 22 väl
878 1318 101 28 ordnade,

232 1355 67 21 lända
313 1355 36 21 till
364 1355 72 27 någon
452 1354 139 27 upplysning.
614 1354 43 22 Vid
672 1360 29 16 en
717 1354 68 22 sådan
798 1353 127 28 jemförelse
940 1354 41 21 har

232 1391 13 21 å
261 1396 42 16 ena
318 1390 63 22 sidan
397 1390 7 21 i
420 1390 240 26 petitionsmemorialet
680 1389 92 28 anförts,
790 1391 33 19 att
843 1390 2 20 i
861 1389 118 28 Danmark,
