1061 1656
309 146 210 24 Petitionsbetänkande
535 147 34 23 N:o
583 146 20 24 4.
780 148 25 20 17

78 208 59 29 ning
160 208 26 22 af
206 208 45 22 den
269 208 85 22 nämda
369 208 266 29 fördelningsprincipen
652 208 72 29 sagda
741 209 24 21 år
780 216 57 22 upp-

79 243 52 28 gått
152 242 82 22 endast
249 242 37 22 till
302 244 11 20 7
329 242 116 22 millioner
460 243 72 21 mark.
549 256 28 2 —
591 243 42 21 Ett
655 242 94 30 förslag,
764 244 75 28 enligt

80 277 91 21 hvilket
192 276 101 22 Finland
308 276 37 22 för
359 276 125 22 framtiden
500 277 75 21 skulle
590 277 24 21 få
628 277 104 29 uppbära
748 280 34 19 ett
796 278 43 21 fixt

81 311 84 29 belopp
180 310 161 22 motsvarande
358 310 28 22 de
402 314 91 18 senaste
509 312 66 20 årens
590 311 112 29 uppbörd,
717 319 56 14 vore
788 312 51 20 icke

82 345 90 21 mindre
182 345 99 28 obilligt.
304 345 34 21 På
350 347 47 19 sätt
407 345 26 21 af
444 345 108 29 bifogade
562 346 72 21 tabell
645 346 86 28 (bilaga
740 346 56 22 Litt.
805 346 35 27 E.)

83 379 109 29 framgår,
207 379 30 21 ha
258 379 118 29 nemligen
399 380 205 22 tullinkomsterna
625 380 51 21 haft
692 382 35 19 att
741 380 100 29 uppvisa

85 421 29 14 en
129 413 182 28 utomordentlig
327 413 112 29 stegring,
458 414 84 21 medan
555 413 75 29 öfriga
648 413 141 22 skattetitlar
805 421 38 14 va-

83 447 32 22 rit
127 447 168 29 jemförelsevis
311 447 90 22 stabila.

153 482 84 28 Någon
261 489 77 14 annan
354 481 89 22 mindre
459 482 98 21 orättvis
573 481 222 30 fördelningsgrund
810 482 34 21 lå-

86 518 35 19 ter
145 516 72 22 heller
235 516 52 21 icke
303 516 72 21 tänka
390 517 42 28 sig,
449 517 43 20 och
508 516 116 22 utskottet
644 524 35 14 ser
695 517 49 21 deri
759 519 34 18 ett
807 519 38 26 yt-

86 551 108 28 terligare
217 550 50 22 skäl
289 553 49 19 mot
361 551 86 21 sådana
470 551 142 28 vidtgående
627 551 110 21 reformer
753 550 23 22 af
791 551 54 21 vårt

86 585 122 22 tullväsen.

157 687 77 22 Jemte
243 687 39 22 det
294 687 115 22 utskottet
418 688 31 27 på
458 687 168 22 ofvananförda
634 687 101 30 grunder
743 690 58 19 trott
809 687 37 28 sig

89 721 55 22 böra
165 722 10 21 i
197 722 46 21 alla
265 721 63 22 delar
346 721 92 22 biträda
453 721 28 22 de
496 722 188 29 betänkligheter
699 721 145 22 beträffande

90 756 27 21 de
140 756 84 21 väckta
238 755 210 29 reformförslagen,
464 756 81 21 hvilka
567 757 45 21 fått
627 757 41 21 sitt
683 756 94 28 uttryck
792 756 8 21 i
816 755 29 22 de

89 790 37 21 till
141 792 35 19 tre
192 790 25 21 af
229 790 90 21 landets
336 790 68 21 stånd
419 790 132 22 inlemnade
566 789 279 30 petitionsmemorialen
833 785 15 39 i

90 824 90 29 frågan,
196 825 113 21 erkänner
323 824 115 21 utskottet
453 825 59 21 dock
529 825 12 21 å
557 825 71 21 andra
644 825 65 21 sidan
724 825 40 21 det
779 824 69 21 önsk-

90 859 73 21 värda
176 859 9 20 i
200 858 83 29 sjelfva
297 858 72 29 syftet
384 859 53 21 med
448 859 28 21 de
485 859 137 28 ifrågasatta
630 859 146 27 reformerna,
785 866 64 13 nem-

90 893 64 28 ligen
170 895 34 19 ett
218 893 178 21 underlättande
412 893 26 21 af
451 893 152 21 samfärdseln
618 893 86 21 mellan
716 893 131 29 kejsaredö-

91 930 48 18 met
155 927 41 21 och
211 926 107 22 Finland.
348 927 122 21 Utskottet
485 927 43 22 har
543 927 77 21 derför
635 927 69 21 äfven
720 927 61 29 tagit
795 927 9 21 i
815 926 34 22 öf-

92 961 147 28 vervägande
262 961 28 21 de
311 961 75 21 medel
409 962 42 20 och
471 964 106 26 utvägar,
593 969 55 17 som,
663 964 58 18 utan
736 963 35 19 att
785 960 63 22 med-

93 995 50 21 föra
165 995 134 29 betänkliga
321 995 143 29 rubbningar
489 996 9 21 i
512 995 91 22 landets
620 995 107 22 ekonomi
742 995 44 22 och
801 995 49 21 för-

93 1030 114 28 valtning,
230 1030 77 20 kunde
329 1037 56 14 vara
412 1030 89 28 egnade
517 1032 34 19 att
568 1030 52 21 leda
636 1030 37 21 till
688 1030 39 21 det
743 1028 107 30 åsyftade

94 1063 77 22 målet.

163 1097 90 21 Härvid
268 1098 42 20 har
325 1097 39 21 det
379 1098 51 20 icke
448 1098 91 21 kunnat
559 1098 80 28 undgå
653 1098 126 21 utskottets
795 1104 56 22 upp-

95 1132 162 26 märksamhet,
273 1134 34 18 att
322 1132 44 21 den
382 1132 133 28 personliga
530 1132 152 22 samfärdseln
693 1132 42 21 och
743 1132 46 21 den
800 1131 51 21 der-

95 1166 53 21 med
163 1166 228 28 sammanhängande
414 1166 90 21 mindre
526 1166 163 27 varutrafiken,
705 1166 71 21 sedan
789 1165 64 29 jern-

96 1204 88 25 vägens
199 1200 37 21 till
265 1200 141 28 Petersburg
421 1200 131 29 öppnande,
568 1200 97 29 tilltagit
683 1200 9 22 i
716 1200 45 22 den
787 1199 66 29 grad,

97 1236 35 20 att
147 1236 33 20 ett
195 1234 164 29 upphäfvande
376 1234 25 22 af
414 1234 218 29 tullbehandlingen
648 1234 36 22 för
699 1234 75 22 denna
785 1233 69 22 trafik

96 1276 56 14 vore
173 1268 149 29 synnerligen
345 1268 133 22 önskvärdt.
510 1268 186 29 Olägenheterna
718 1268 26 22 af
759 1268 40 21 det
814 1274 42 14 nu-

97 1302 101 22 varande
221 1305 112 26 systemet
353 1302 31 22 ha
398 1302 139 30 visserligen
551 1303 63 21 varit
628 1302 88 22 mindre
731 1302 102 22 känbara
848 1302 9 20 i

97 1337 68 29 fråga
187 1344 36 14 om
239 1337 183 29 persontrafiken
438 1336 54 22 från
507 1337 103 22 Finland
630 1337 37 21 till
681 1336 177 29 kejsaredömet,

99 1374 56 19 enär
169 1372 8 20 i
193 1372 77 20 denna
290 1371 106 29 riktning
418 1372 80 28 nägen
520 1371 130 22 nämnvärd
665 1370 126 22 varutrafik
806 1370 52 22 icke

98 1405 170 22 förekommer
260 1400 13 38 i
277 1406 111 21 samband
398 1405 53 21 med
459 1405 191 28 persontrafiken.
668 1404 192 22 Tullbehandlin-

99 1447 46 22 gen
160 1439 43 23 har
218 1439 77 22 derför
309 1439 72 22 redan
396 1447 33 14 nu
444 1440 112 29 gestaltat
571 1440 36 28 sig
622 1440 25 21 så
662 1439 74 28 enkel,
760 1440 35 20 att
810 1438 50 22 kla-

169 1479 140 18 Statsutskottets
322 1480 111 17 betänkande
444 1479 38 18 N:o
496 1480 18 17 2.
778 1478 11 17 2
