1064 1661
257 119 12 19 6
360 116 83 23 Ständ.
458 117 53 22 Pet.
528 129 27 4 —
571 116 172 23 Petitionsbet.
759 116 44 23 N:o
819 117 23 21 4.

297 177 93 22 Oafsedt
413 177 27 22 de
465 177 64 22 ofvan
553 176 134 22 framhållna
708 176 210 27 betänkligheterna
933 179 45 20 mot

227 219 27 15 en
277 213 91 27 höjning
391 213 24 21 af
435 213 144 21 tullsatserna
602 213 8 20 i
630 212 102 27 Finland,
749 212 43 21 kan
809 212 37 22 det
863 213 48 22 med
927 213 51 21 skäl

227 251 72 25 sägas,
323 250 34 20 att
379 249 42 21 här
441 249 27 22 de
483 249 136 26 betingelser
635 249 87 26 saknas,
739 248 77 22 hvilka
832 248 144 22 annorstädes

226 283 59 28 gjort
307 284 38 22 det
367 284 87 27 möjligt
473 285 34 20 att
521 284 50 22 med
586 284 95 26 lyckligt
696 284 95 21 resultat
807 284 128 26 genomföra
951 290 26 15 en

226 318 152 29 tullförening.
409 320 43 21 Vid
474 320 95 26 tidigare
592 319 105 27 pröfning
721 319 25 21 af
764 319 65 22 dessa
844 319 77 27 frågor
937 320 40 21 hos

226 354 167 28 Kejsardömets
408 355 155 27 myndigheter
578 355 40 21 har
634 355 67 21 också
717 354 100 28 erkänts,
830 357 33 19 att
874 357 32 20 ett
916 355 61 21 inne-

227 390 102 22 slutande
352 390 25 22 af
398 390 95 22 Finland
513 391 58 21 inom
587 397 125 21 gemensam
728 390 111 28 tullgräns
855 397 53 15 vore
927 393 50 25 ,nä-

227 428 51 20 stan
301 426 136 23 outförbart"
463 429 56 19 samt
541 428 34 20 att
598 427 141 22 olikheterna
762 427 81 21 mellan
865 426 26 22 de
907 427 71 26 begge

227 461 108 22 länderna
357 462 73 22 skulle
455 462 114 27 ,försvåra
593 462 154 27 uppgörandet
762 461 25 22 af
801 467 27 16 en
843 462 36 21 till
895 462 83 27 begges

227 497 72 22 fördel
315 497 104 27 afpassad
434 497 79 22 tariff'!.
529 510 30 3 —
574 498 11 21 I
601 497 96 22 Finland
712 497 45 22 kan
773 497 43 22 den
827 497 92 27 farhäga
929 497 48 21 hel-

227 533 35 21 ler
283 533 51 22 icke
349 533 167 27 undertryckas,
532 536 33 19 att
581 533 87 22 landets
684 532 111 23 särskilda
810 533 112 22 intressen
938 533 40 21 och

227 568 69 22 behof
316 568 38 22 vid
376 568 165 22 fastställandet
565 568 24 22 af
603 575 28 15 en
647 574 127 22 gemensam
789 568 63 22 tariff
865 568 113 27 svårligen

227 604 74 22 kunde
317 606 54 25 göra
387 604 34 28 sig
437 605 108 27 gällande,
561 607 29 19 än
606 604 86 22 mindre
707 604 158 27 förändringar
881 604 47 22 deri
944 606 33 19 ut-

227 640 88 27 verkas,
340 640 28 21 då
390 640 79 22 sådant
491 640 116 22 härstädes
629 640 25 22 af
667 640 168 22 förhållandena
851 640 73 21 kunde
940 640 37 26 på-

228 674 77 22 kallas.

300 711 43 22 Vid
367 711 71 22 denna
461 711 74 27 frågas
559 711 166 28 öfvervägande
747 712 44 21 kan
807 711 38 22 det
856 711 38 21 för
910 710 68 28 öfrigt

227 746 20 28 ej
265 746 101 28 förbises,
383 749 33 19 att
431 747 60 22 vissa
505 746 154 23 förhållanden
675 747 25 21 af
713 747 92 27 rättslig
819 748 66 20 natur
900 745 35 23 för
951 752 27 16 en

227 782 33 21 tid
283 782 82 22 framåt
387 782 80 22 hindra
485 782 42 22 den
542 782 73 22 finska
629 782 101 22 tariffens
748 782 113 28 generella
877 782 101 27 stegring

227 817 36 21 till
286 817 73 22 likhet
381 818 50 21 med
455 818 42 21 den
517 818 75 27 ryska.
609 831 29 2 —
653 813 66 26 Ända
734 817 37 22 till
786 818 113 26 utgången
915 817 24 21 af
952 818 26 20 år

229 854 57 19 1905
310 853 29 21 ha
361 852 182 28 fabriksegarene
565 853 8 21 i
597 853 148 22 Tammerfors
767 854 47 20 rätt
833 854 34 20 att
884 853 94 21 tullfritt

227 887 120 28 importera
367 889 98 27 råvaror,
481 889 112 22 maskiner
609 895 26 15 m.
652 895 26 15 m.
709 889 36 21 Då
761 888 61 22 detta
837 888 141 27 privilegium

227 924 20 26 ej
271 924 44 21 kan
338 924 49 22 dem
410 924 121 28 fråntagas,
555 925 60 21 lärer
630 924 38 22 det
684 925 19 27 ej
719 924 73 22 heller
807 924 99 22 befinnas
922 926 55 19 rätt-

227 959 46 22 vist
288 961 33 20 att
337 966 77 21 genom
431 961 100 27 stegring
546 960 25 22 af
583 961 146 21 tullsatserna
745 960 14 21 å
775 960 94 22 berörda
884 960 94 21 artiklar

227 994 96 22 försätta
345 996 204 22 industriidkarene
572 997 13 21 å
601 996 69 22 andra
686 998 61 20 orter
763 996 9 21 i
785 995 128 28 jemförelse
928 996 49 21 med

227 1030 50 22 dem
292 1030 8 22 i
315 1031 150 23 Tammerfors
479 1032 8 20 i
503 1033 32 20 ett
551 1034 58 19 ännu
625 1037 168 22 ogynsammare
803 1031 51 27 läge
865 1031 49 21 med
924 1031 53 21 hän-

227 1066 46 26 sigt
287 1066 36 22 till
338 1066 191 22 tullkostnaderna
544 1067 37 21 vid
597 1067 167 27 produktionen.
781 1078 28 4 —
825 1066 35 22 Nu
876 1066 102 27 gällande

226 1101 180 22 handelstraktat
429 1102 49 22 med
501 1102 95 27 Spanien
620 1102 130 27 omöjliggör
775 1102 72 27 äfven,
872 1102 25 21 så
912 1102 66 27 länge

227 1136 43 22 den
286 1143 53 21 eger
354 1137 100 27 bestånd,
471 1137 126 28 förhöjning
612 1137 25 22 af
650 1138 28 21 de
693 1138 8 21 i
711 1138 98 21 annexet
819 1137 35 22 till
865 1137 112 22 traktaten

226 1174 113 26 upptagna
355 1173 144 22 tullsatserna
513 1174 14 21 å
542 1180 27 15 en
585 1174 36 21 del
637 1174 98 27 spanska
751 1173 96 22 artiklar
861 1173 38 22 vid
913 1173 64 22 deras

226 1207 93 23 införsel
342 1208 36 22 till
400 1209 102 28 Finland,
526 1209 76 22 hvilka
617 1209 116 22 tullsatser
750 1209 8 21 i
773 1208 55 28 följd
845 1208 26 21 af
883 1208 94 27 tidigare

226 1243 112 22 traktater
353 1244 49 22 med
412 1244 133 28 Frankrike,
556 1245 81 22 Italien
649 1245 40 21 och
699 1244 107 27 Portugal
817 1244 71 21 måste
898 1244 79 21 tilläm-

226 1285 40 20 pas
282 1279 68 22 äfven
365 1279 14 22 å
395 1280 113 21 enahanda
523 1286 65 17 varor
603 1279 51 23 från
670 1280 66 22 dessa
751 1280 86 22 länder.
