1064 1656
301 118 245 22 Petitionsbetänkande
561 118 35 22 N:o
612 117 20 22 7.
807 119 12 21 7

159 187 139 17 Tillsammans
309 186 35 17 499
356 192 40 17 nya
408 185 109 19 folkskolor
528 186 32 18 för
573 187 32 16 184
618 187 115 17 kommuner
746 197 22 2 —
780 193 21 12 se
813 187 35 17 där

89 215 58 18 alltså
164 215 33 18 det
208 215 88 23 resultat,
309 215 75 18 hvilket
396 215 38 18 den
446 215 22 18 af
478 221 32 12 oss
524 215 100 24 pätänktaj
632 215 149 24 bestämningen
793 215 55 18 inne-

89 245 39 21 bär,
146 246 47 16 utan
211 246 29 15 att
252 244 68 18 därvid
334 244 36 18 alls
379 244 59 23 tagits
450 245 45 17 med
507 245 7 17 i
526 245 139 22 beräkningen,
678 244 51 18 hvad
741 245 64 17 denna
817 245 31 17 be-

90 273 101 23 stämning
202 273 34 18 vid
252 272 150 24 befolkningens
418 273 79 17 tillväxt
516 273 64 18 kunde
596 273 65 18 verka.
685 273 46 18 Men
750 278 31 12 om
797 273 52 18 intet

90 303 61 16 annat
167 301 106 24 stadgande
285 301 115 23 tillkomme,
413 301 65 18 blefve
490 302 90 23 omkring
592 303 34 16 200
638 302 116 17 kommuner
768 301 80 18 stäende

91 330 79 18 utanför
189 331 63 17 denna
267 330 36 23 Jag,
316 330 22 17 af
348 331 38 17 den
399 331 57 17 orsak
469 332 29 16 att
510 330 130 18 folktätheten
652 330 7 17 i
672 330 43 18 dem
728 330 16 23 ej
758 331 6 16 i
776 330 72 18 medel-

90 359 28 18 tal
136 359 35 23 gär
188 365 40 17 upp
247 359 30 17 till
295 360 22 17 10
329 364 94 18 personer
434 360 26 23 pä
472 359 205 23 gvadratkilometern.
701 359 69 18 Säkert
782 361 22 15 är
816 359 33 18 det

91 388 84 22 likvisst,
188 389 29 16 att
228 387 59 19 äfven
299 388 7 17 i
319 388 57 18 dessa
388 389 116 17 kommuner
517 388 29 17 uti
554 394 54 12 mera
616 388 68 17 odlade
693 389 74 17 trakter
777 388 72 18 talrika

91 417 92 18 omräden
195 417 69 22 finnas,
277 417 25 23 pä
314 417 67 18 hvilka
393 416 140 24 befolkningen
546 419 58 21 utgör
612 417 61 18 minst
682 418 33 16 700
722 423 94 18 personer
824 417 25 23 pä

91 447 34 16 100
140 446 190 23 gvadratkilometer.
355 445 37 18 Om
404 452 45 11 man
463 446 17 23 ej
493 446 36 17 vill
541 446 65 17 lemna
618 446 57 18 dessa
686 446 99 23 naturliga
797 446 52 17 skol-

91 475 93 18 områden
197 477 48 15 utan
258 475 69 22 skolor,
341 475 61 17 måste
416 481 45 11 man
474 475 75 18 således
562 475 48 17 dock
622 475 52 18 hålla
683 475 38 18 fast
730 475 33 18 vid
771 475 38 18 den
817 475 32 17 be-

91 504 106 23 stämning,
217 509 41 12 som
274 503 21 18 vi
310 503 34 18 vid
356 503 106 18 folkrikare
475 505 74 16 trakter
562 504 96 22 undvikit,
671 505 99 22 nämligen
783 506 29 15 att
824 509 25 12 en

91 533 56 17 skola
158 533 35 17 bör
205 533 83 17 inrättas
299 532 54 18 inom
366 533 58 17 hvart
436 532 35 18 och
484 534 28 16 ett
524 533 70 17 sådant
606 533 83 18 område.
713 533 30 17 Då
755 533 20 17 vi
783 533 67 18 skrida

91 561 32 18 till
135 567 25 12 en
174 561 106 23 beräkning
293 561 22 18 af
325 561 57 18 dessa
394 561 103 18 omrädens
510 561 58 21 antal,
581 561 59 18 hafva
646 562 21 17 vi
675 562 43 17 med
727 561 122 24 nägorlunda

91 591 92 17 säkerhet
194 592 49 15 trott
255 595 32 12 oss
299 591 68 16 kunna
379 592 76 21 antaga,
469 592 29 15 att
508 590 59 18 äfven
574 591 29 16 uti
612 590 152 23 ifrägavarande,
773 590 76 23 glesare

91 618 103 19 befolkade
212 620 116 17 kommuner
347 619 51 23 1,400
417 625 93 17 personer
528 619 49 18 dock
596 619 80 23 erbjuda
687 620 70 17 skolan
769 621 28 16 ett
809 619 40 17 till-

91 647 151 19 tredsställande
254 648 54 18 antal
321 648 69 18 elever.
410 648 30 23 Ty
451 648 62 18 kändt
522 650 22 16 är
552 649 26 22 ju,
588 650 28 16 att
626 648 40 18 ofta
672 648 42 23 just
722 649 39 22 där,
770 648 79 18 hvarest

91 677 141 23 folkmängden
249 677 7 17 i
272 676 122 18 förhållande
410 677 30 17 till
452 677 131 23 ytinnehället
596 679 21 15 är
630 677 84 18 särdeles
727 678 36 22 låg,
776 677 73 17 bosätt-

91 706 73 22 ningen
178 706 61 17 likväl
252 706 76 17 ställvis
342 706 33 17 vid
387 705 97 18 flodernas
496 706 36 17 och
544 706 110 23 insjöarnas
667 706 88 18 stränder
767 708 22 14 är
800 705 50 17 rela-

91 734 39 18 tivt
147 736 35 16 tät.
207 734 39 18 Vär
264 735 108 23 beräkning
389 734 95 24 gestaltar
500 735 30 23 sig
545 735 7 17 i
565 734 86 24 enlighet
664 735 43 17 med
719 734 131 18 förhällandet

92 763 85 17 läseäret
189 764 113 16 1888—1889
315 763 25 23 pä
352 763 86 23 följande
451 765 49 16 sätt:

120 820 130 22 Kommuner,
263 820 6 18 i
282 821 69 18 hvilka
365 821 143 23 befolkningen
520 822 18 22 ej
553 821 79 23 uppgär
644 821 34 17 till
690 820 24 18 10
727 824 97 19 personer

389 850 25 22 pä
426 850 30 17 kil

154 892 5 2 i
205 892 225 2 Sh
472 893 17 1 N
520 893 30 1 m
597 892 30 2 =
664 892 16 2 N
712 890 124 34 Kommunen
844 895 3 23 I

253 954 7 3 N
415 919 81 40 Antal
500 920 42 16 kom
552 930 6 24 |
564 936 81 18 Antalet
657 942 39 17 nya
705 930 44 26 med
756 929 87 18 tillräek-|

224 953 64 17 Län
411 967 1 4 |
420 944 48 29 mun.
482 948 14 16 r,
509 948 42 12 som
723 953 36 23 ligt
771 952 55 18 antal

411 964 89 41 [bene
515 971 39 17 nyal
600 970 65 18 skolor
681 964 11 40 —
697 964 11 40 |
713 976 66 18 skolor
789 976 48 17 eller
846 968 2 31 |

454 994 92 12 TRA
747 1004 53 12 mera
846 1001 2 30 |

93 1058 2 9 |
415 1045 1 25 |
560 1045 2 15 |
846 1041 2 24 |

93 1069 2 5 i
108 1065 88 39 Nylands
207 1065 73 29 HAENRSRSRSEN
288 1065 120 29 BERTAN
415 1072 1 10 !
498 1075 7 17 1
640 1075 10 16 1
703 1083 2 21 |
764 1084 22 2 a

108 1102 43 17 Åbo
164 1102 35 16 och
215 1102 131 24 Björneborgs
415 1100 1 17 |
496 1105 11 15 4
560 1102 2 22 oo
639 1104 10 16 9
703 1105 1 14 i
764 1102 23 17 10

109 1130 125 18 Tavastehus
496 1133 10 15 9
627 1132 23 17 19
775 1131 11 16 9

93 1163 2 25 |
109 1159 93 23 Wiborgs
219 1168 15 4 ++
250 1169 18 4 «<
276 1169 61 4 <<00s<
347 1170 61 4 ennen
484 1162 22 16 13
560 1172 1 8 1
628 1160 22 17 28
703 1163 1 22 I
776 1160 9 16 7
847 1151 2 14 |

93 1189 2 3 |
109 1187 28 18 S:t
149 1188 85 18 Michels
242 1198 73 4 «.+.+..+
323 1198 85 5 Jean
484 1190 22 17 18
560 1198 1 4 i
628 1190 20 17 51
703 1190 1 8 i
775 1190 11 15 6

109 1217 87 23 Kuopio:
404 1227 4 4 .
484 1219 22 16 20
560 1229 1 13 i
627 1219 22 16 66
702 1231 2 14 j
776 1218 10 17 3

93 1241 2 11 |
109 1245 61 18 Wasa
181 1255 15 4 «-
405 1256 12 7 Ni
484 1247 21 18 26
559 1243 2 4 |
627 1247 21 17 47
703 1250 2 13 |
764 1247 23 16 10

109 1273 110 24 Uleåborgs
232 1284 26 4 ---
405 1285 4 4 a
484 1276 21 17 34
628 1277 21 16 52
765 1275 22 17 19

327 1309 81 18 Summa
471 1311 33 16 125
616 1311 33 17 273
701 1305 4 28 |
764 1310 23 17 64

159 1350 34 17 273
205 1355 40 18 nya
257 1350 66 17 skolor
335 1350 49 18 hade
397 1351 75 17 således
484 1351 24 18 de
516 1351 75 23 glesare
600 1351 101 18 befolkade
709 1351 143 17 kommunerna

90 1378 21 17 år
124 1378 45 17 1889
181 1378 44 18 bort
236 1379 79 22 inrätta,
328 1379 48 18 eller
388 1379 133 18 tillsammans
533 1380 7 17 i
555 1379 62 19 första
629 1382 36 15 och
677 1379 60 18 andra
749 1379 103 22 kategorin

91 1407 32 16 172
136 1407 71 17 skolor.
231 1407 57 18 Huru
300 1407 54 18 detta
366 1407 55 18 antal
433 1408 67 17 skolor
512 1408 64 18 skulle
589 1408 83 18 fördelat
684 1409 31 23 sig
722 1409 25 22 pä
755 1407 24 18 de
788 1407 64 18 skilda

89 1437 65 20 länen,
167 1434 85 24 framgår
264 1436 60 17 redan
336 1435 22 18 af
368 1436 34 17 det
414 1436 122 23 föregående,
549 1443 45 12 men
606 1437 22 18 af
634 1438 42 23 vigt
686 1439 21 16 är
715 1437 33 18 det
757 1436 95 23 därjämte

159 1469 99 18 Allmänna
272 1470 174 18 Besvärsutskottets
458 1471 112 18 betänkande
584 1472 33 17 N:o
629 1473 31 16 20.
