1064 1678
264 156 11 19 2
415 154 283 24 Petitionsbetänkande
709 150 55 28 N:o.
775 154 37 23 41.

234 225 38 19 gen
294 219 20 19 af
328 219 65 19 finska
411 219 116 25 postverket
543 219 50 28 skall
609 220 141 19 koncentreras
766 220 30 19 uti
811 219 77 20 Inrikes
904 220 90 19 Ministe-

233 248 53 19 rium
306 248 6 19 i
333 248 147 24 Kejsaredömet
495 248 38 19 och
548 248 162 25 Ofverstyrelsen
726 248 29 20 för
769 250 72 23 posten
857 248 37 20 och
909 248 85 26 telegra-

234 276 60 25 ferne,
309 276 63 25 enligt
386 276 85 26 följande
486 276 97 26 grunder:

304 305 20 25 1)
339 304 77 20 Inrikes
431 305 105 19 Ministern
551 305 129 20 tillkommer:
930 311 2 5 i

302 334 20 24 a)
344 335 30 17 att
392 334 33 18 vid
439 334 117 25 postverket
570 334 7 19 i
593 334 193 19 Storfurstendömet
800 334 89 24 Finland,
904 334 7 19 i
926 334 67 20 stället

234 362 29 19 för
284 361 25 20 de
331 361 65 20 lokala
417 362 169 25 förordningarna,
601 362 63 20 införa
679 363 25 19 de
718 363 6 18 i
739 362 148 25 Kejsaredömet
902 362 93 25 gällande

233 390 136 25 reglementen
384 390 37 20 och
436 392 63 23 taxor,
515 392 52 18 samt
581 392 30 18 att
627 391 89 19 meddela
732 391 34 19 vid
782 391 60 25 sagda
858 391 48 19 verk
918 391 75 19 anstäl-

234 419 25 20 de
274 419 121 25 tjenstemän
409 419 146 20 instruktioner
569 419 38 20 och
622 419 124 20 föreskrifter
756 419 103 25 angäende
868 419 57 20 deras
937 419 56 25 skyl-

234 448 90 25 digheter
347 447 37 20 och
407 448 130 24 verksamhet,
560 448 85 19 hvarvid
666 448 78 19 Inrikes
768 448 105 20 Ministern
893 448 102 20 meddelar

234 476 211 25 Generalguvernören
467 477 6 18 i
496 476 83 19 Finland
601 477 60 19 dessa
676 477 140 25 anordningar,
830 477 7 18 i
852 477 51 19 förra
918 477 53 19 fallet
985 477 8 20 i

234 505 37 20 och
296 502 29 22 för
347 502 70 22 dessas
438 505 166 25 promulgerande
618 505 7 20 i
639 505 131 20 föreskrifven
786 505 85 25 ordning
886 505 37 20 och
937 505 6 19 i
959 506 35 19 det

234 538 71 15 senare
320 533 6 20 i
342 533 37 20 och
394 533 29 20 för
437 533 167 26 verkställighet;:
613 534 37 19 och

304 562 17 25 0)
344 564 30 17 att
395 568 72 19 genom
490 562 74 20 Chefen
587 563 29 19 för
638 565 47 23 post
696 563 43 19 och.
754 562 239 25 telegraföfverstyrelsen

234 591 48 20 eller
296 591 75 19 honom
386 591 151 24 underlydande
552 591 120 25 tjenstemän
688 591 108 25 verkställa
808 591 87 20 revision
906 591 19 19 af
937 593 56 23 post-

234 619 123 24 anstalterna
371 619 7 19 i
392 619 89 20 Finland.

304 648 20 24 2)
340 647 116 20 Direktören
471 648 29 19 för
514 648 65 19 finska
594 645 119 29 postverket
728 650 108 17 utnämnes
851 648 20 19 af
886 647 38 20 Oss
937 647 26 26 pä
973 649 21 18 af

234 676 215 25 Generalguvernören,
460 676 49 20 efter
521 676 202 20 öfverenskommelse
737 676 46 20 med
794 676 77 20 Inrikes
882 676 111 25 Ministern,

235 700 56 34 gjord
307 704 126 48 avaa
447 705 152 25 framställning.

304 733 21 25 3):
348 728 67 30 Öfrige
437 733 34 20 vid
493 720 116 38 postverket
627 733 6 20 i
648 733 84 20 Finland
748 733 91 20 anstälde
854 733 86 19 embets-
956 733 37 19 och

234 762 122 25 tjenstemän
378 761 94 20 tillsättas
494 761 27 26 pä
543 764 40 17 sätt
605 762 82 25 hittills
700 762 59 20 skett.
782 761 51 20 dock
850 763 28 18 att
894 761 24 20 de
932 761 60 20 bland

234 791 52 24 dem,
308 796 44 13 som
373 790 19 19 af
415 790 85 19 Senaten
518 791 29 19 för
562 789 85 21 Finland
662 792 115 18 utnämnas,
793 792 56 17 utses
865 790 49 19 efter
929 790 64 19 öfver-

234 819 146 20 enskommelse
396 819 45 19 med
457 819 73 20 Chefen
545 819 30 20 för
590 822 55 23 post-
661 819 38 20 och
714 819 244 25 telegraföfverstyrelsen.

304 847 21 25 4)
340 847 98 26 Kunskap
453 848 6 19 i
474 848 61 24 ryska
551 847 81 26 spräket
647 847 51 20 skall
710 854 48 13 vara
770 847 129 26 obligatorisk
910 847 30 20 för
949 847 43 25 alla,

233 876 69 20 hvilka
316 875 106 20 framdeles
436 876 79 19 komma
529 878 30 23 att
574 876 96 20 anställas
686 876 34 19 vid
735 876 189 27 postanstalterna
916 871 12 36 i
937 875 55 25 Stor-

233 904 157 21 furstendömets
407 905 66 19 städer
487 905 37 19 och
538 905 55 19 inom
609 905 92 25 Wiborgs
718 905 40 19 län.

304 933 20 26 5)
340 933 73 19 Finska
427 933 116 25 postverket
557 933 84 20 rörande
653 935 64 18 stater
726 933 38 20 och
774 933 149 28 budgetförslag
933 934 59 23 gran

226 963 56 19 -skas
296 961 162 20 förberedelsevis
473 962 30 19 uti
519 957 161 30 Öfverstyrelsen
691 962 30 19 för.
734 961 119 26 posten:och
864 955 129 43 telegraferne

226 991 45 19 .dch
292 990 131 20 öfverlemnas
439 990 61 25 jämte
515 991 46 23 dess
577 982 104 32 utlätande
696 990 32 19 till'
742 990 87 20 Senaten
844 990 30 39 för
888 989 102 21 Finland
975 985 20 34 ;i

234 1019 37 19 och
286 1018 30 20 för
330 1018 67 19 vidare
412 1018 87 25 åtgärd."

303 1047 37 19 För
354 1047 101 19 vinnande
469 1047 20 19 af
503 1053 25 13 en
543 1047 62 25 riktig
617 1047 131 25 uppfattning
757 1046 20 20 af
787 1046 59 20 dessa
857 1023 135 53 stallgandens

232 1076 45 19 hela
291 1075 97 20 innebörd
403 1075 6 19 i
424 1075 121 20 förhållande
560 1076 30 19 till
605 1076 6 19 i
627 1076 83 19 Finland
726 1075 92 25 gällande
835 1075 158 25 grundlagsbud,

232 1105 36 19 har
284 1104 103 20 Utskottet
406 1105 49 19 trott
471 1104 30 25 sig
516 1104 46 20 böra
577 1106 45 23 taga
637 1104 6 19 i
657 1104 131 20 betraktande
804 1104 84 24 följande
903 1106 88 17 omstän-

232 1133 96 25 digheter.

302 1160 31 20 Då
354 1161 69 25 Kejsar
444 1161 114 19 Alexander
578 1161 9 19 I
609 1161 33 19 vid
657 1161 122 25 landtdagen
794 1161 15 19 i
815 1160 66 25 Borgå
896 1141 101 49 stadfäste

232 1190 38 20 och
293 1190 113 19 bekräftade
425 1190 29 20 för
475 1190 84 19 Finland
581 1190 24 19 de
627 1190 123 24 grundlagar
772 1189 45 19 vårt
831 1189 47 19 land
892 1188 99 21 därintills

232 1218 43 20 haft
297 1224 148 19 gemensamma
466 1218 46 19 med
534 1218 86 25 Sverige,
638 1218 82 19 innebar
736 1218 60 19 detta,
812 1219 29 17 att
855 1217 78 20 landets
948 1218 43 19 inre

233 1246 88 26 styrelse
341 1247 7 19 i
367 1246 38 20 alla
420 1247 47 19 dess
482 1246 51 20 olika
548 1252 71 20 grenar
635 1246 65 20 skulle
714 1246 124 19 handhafvas
854 1246 42 19 icke
911 1246 19 19 af
945 1246 45 25 Kej-

233 1276 123 19 saredömets
371 1276 140 24 myndigheter
526 1275 36 19 och
577 1275 64 25 enligt
655 1275 160 25 Kejsaredömets
830 1274 60 26 lagar,
905 1276 50 18 utan
971 1274 20 19 af

232 1304 105 19 inhemske
358 1304 130 24 embetsmän,
511 1304 91 25 skyldige
617 1305 30 18 att
663 1304 57 19 ställa
736 1304 32 24 sig
783 1303 94 19 Finlands
892 1303 55 25 lagar
961 1303 29 19 till

232 1332 140 19 efterrättelse.
401 1332 37 19 För
460 1332 157 25 förverkligande
637 1332 56 19 häraf
714 1332 48 19 aflät
777 1331 95 25 Kejsaren
887 1331 30 19 till
933 1330 57 20 Stän-

232 1360 73 19 dernas
328 1360 151 25 öfverläggning
498 1360 61 26 nådig
577 1360 125 25 proposition
717 1359 105 25 angående
835 1359 122 21 inrättandet
971 1360 20 18 af

232 1394 26 14 en
280 1388 188 26 Regeringskonselj
488 1389 54 19 inom
557 1388 73 25 landet,
645 1389 38 19 och
696 1388 7 20 i
718 1388 131 25 inledningen
864 1387 31 20 till
910 1388 33 18 det
958 1388 31 19 så-

232 1417 63 19 lunda
317 1417 104 19 tillkomna
443 1417 72 25 nådiga
536 1417 130 25 reglementet
686 1417 29 19 för
731 1416 62 26 sagda
808 1416 76 25 konselj
900 1416 39 19 den
953 1416 36 26 /,;

232 1445 82 25 augusti
338 1446 54 19 1809
416 1446 73 19 uttalar
506 1445 101 26 Kejsaren,
621 1447 30 18 att
665 1445 105 25 konseljen
786 1445 49 25 egde
850 1446 30 18 att
894 1444 45 20 leda
953 1445 37 25 (di-

301 1489 131 23 Lagutskottets
444 1490 109 17 betänkande
566 1490 37 17 N:o
615 1490 29 17 18.
