1056 1673
324 113 223 22 Petitionsbetänkande
564 114 35 21 N:o
614 112 15 22 1.
794 115 28 19 45

101 174 74 20 Pemar
194 174 38 20 och
252 173 80 20 Piikkis
347 174 47 19 rakt
409 173 53 20 fram
477 174 32 19 till
524 163 52 41 Åbo,
593 173 73 20 dervid
681 174 114 20 berörande
813 173 40 20 alla

102 204 25 19 de
142 205 27 27 på
184 204 68 20 denna
266 203 80 19 distans
361 203 60 25 djupt
435 203 132 25 inskjutaude
582 202 137 21 hafsvikarne.
750 204 62 20 Utom
822 206 31 16 att

102 233 68 21 denna
191 234 55 19 bana
268 232 66 20 skulle
354 232 71 20 förena
444 236 75 16 tvenne
535 234 28 18 sä
583 232 118 26 betydande
721 232 133 21 trafikcentra

103 270 43 13 som
161 263 81 19 landets
258 262 65 26 begge
338 262 121 20 folkrikaste
475 262 75 26 städer,
566 262 67 20 skulle
644 262 118 20 densamma
772 269 81 19 genom-

103 293 47 25 löpa
166 299 25 13 en
206 292 94 20 landsdel
315 292 46 20 med
376 292 7 19 i
398 292 63 20 rundt
476 292 30 20 tal
522 292 96 22 250,000
634 298 103 19 personer,
749 292 49 20 eller
817 292 36 27 1/,,

104 322 33 20 del
158 322 22 19 af
198 322 80 19 landets
294 322 47 19 hela
355 322 188 26 innevånareantal,
560 322 37 19 der
615 322 26 19 15
657 322 24 19 af
692 322 81 19 landets
788 321 67 20 äldsta

102 352 102 25 jernbruk
226 351 38 20 och
287 351 119 19 mekaniska
429 351 122 20 verkstäder
572 354 36 17 äro
628 351 93 25 belägna,
742 353 67 18 såsom
824 351 31 19 till

106 382 90 25 exempel
216 382 80 25 Svartå,
313 381 110 26 Fagervik,
440 370 137 42 Åminnefors,
594 381 85 26 Billnäs,
696 381 93 26 Fiskars,
805 381 50 19 Ant-

105 411 58 26 skog,
179 411 99 26 Kärkelä,
294 410 84 27 Koskis,
394 411 91 26 Skogby,
503 410 137 27 Trollshofda,
657 411 62 26 Näse,
735 411 66 26 Tykö,
813 411 42 19 Ma-

106 441 106 24 thildedal,
228 441 122 25 Kirjakkala
366 441 37 19 och
419 440 119 21 Dahlsbruk
554 453 27 2 —
597 441 84 20 hvartill
696 441 91 20 kommer
802 444 53 16 ännu

106 471 76 19 Littois
198 470 140 20 klädesfabrik
353 473 53 17 samt
422 470 89 25 Orijärvi
527 470 160 26 koppargrufva.
713 471 49 19 Icke
777 470 79 19 mindre

106 503 27 16 än
154 501 28 19 50
198 501 12 19 å
227 501 28 19 60
270 500 179 20 landskommuner
464 500 47 20 med
531 500 49 26 idog
601 500 38 20 och
659 500 104 25 förmögen
779 500 77 20 befolk-

106 530 51 25 ning
177 533 53 17 samt
250 530 50 25 högt
320 530 119 19 utveckladt
457 530 102 25 jordbruk
580 530 51 19 höra
651 530 31 19 till
697 530 58 19 detta
770 529 85 20 område.

177 560 62 19 Utom
255 559 61 20 ofvan
331 559 85 20 anförda
431 560 134 26 synpunkter,
582 560 72 19 hvilka
669 559 63 20 redan
748 558 51 27 högt
815 559 42 20 tala

107 589 31 20 för
159 589 67 20 denna
246 589 60 20 linies
326 589 115 26 byggande,
461 592 24 17 är
501 589 122 26 densamma,
639 589 37 20 allt
692 589 63 20 sedan
770 590 38 19 vår
824 595 33 13 ex-

107 622 47 23 port
177 619 39 20 och
238 619 74 25 import
332 625 73 19 genom
425 619 75 25 Hangö
520 619 65 20 under
606 621 67 18 större
693 619 59 20 delen
772 619 23 20 af
813 620 44 18 året

108 648 68 20 blifvit
196 649 23 19 af
237 650 24 18 så
276 648 123 20 omfattande
415 649 113 26 betydelse,
545 655 43 14 som
603 649 40 19 den
659 655 27 13 nu
701 649 64 20 redan
781 651 29 24 är,
827 651 30 16 att

108 679 106 18 betraktas
238 679 66 19 såsom
326 685 25 13 en
375 678 118 25 nödvändig
515 678 121 20 förmedlare
659 678 22 20 af
701 678 67 20 deuna
791 677 66 20 trafik.

108 706 52 21 Med
180 707 46 20 stöd
247 707 23 20 af
287 708 38 19 här
345 708 128 19 framställda
491 708 141 19 förhållanden
647 709 54 24 våga
716 708 21 20 vi
753 707 105 21 vördsamt

108 737 82 27 föreslå,
212 740 31 17 att
263 737 128 20 hedervärda
411 737 155 20 Bondeståndet
585 737 102 26 välvilligt
706 739 63 18 måtte
784 737 73 20 under-

108 767 60 19 stöda
182 774 40 19 oss,
239 770 53 17 samt
306 767 84 25 inbjuda
406 767 25 20 de
447 767 66 26 öfriga
529 767 134 20 medstånden
683 770 31 17 att
734 767 71 20 förena
826 766 32 25 sig

109 803 31 13 om
156 803 25 14 en
196 797 130 25 underdänig
340 797 86 26 petition
441 797 79 21 derom:

323 856 31 20 att
370 856 72 20 staten
458 856 25 20 så
498 857 63 19 snart
577 862 44 14 som
636 855 82 27 möjligt
733 856 65 20 mätte
814 854 45 22 låta

251 884 115 22 verkställa
386 884 156 22 instrumental
562 885 164 27 undersökning
753 886 14 20 å
787 884 72 22 denna

253 914 53 21 linie
321 916 55 20 samt
391 915 101 27 derjemte
509 914 44 22 låta
569 918 98 24 uppgöra
677 914 183 27 kostnadsförslag

251 943 37 27 för
304 951 27 14 en
347 944 126 28 bredspårig
489 944 58 22 bana
562 945 47 21 med
625 946 55 26 tung
691 944 168 28 öfverbyggnad,

253 972 111 28 äfvensom
384 975 33 19 att
437 974 339 28 undersökningshandlingarne
796 973 65 27 jemte

253 1003 214 28 kostnadsförslaget,
490 1003 50 27 ifall
563 1005 29 20 ett
615 1004 94 21 enskildt
729 1004 61 26 bolag
811 1002 50 22 ville

254 1033 64 27 åtaga
334 1033 32 27 sig
382 1033 178 28 banbyggnaden,
575 1033 70 22 skulle
661 1033 81 21 lemnas
758 1032 34 22 till
807 1032 54 21 bola-

252 1064 46 26 gets
321 1062 133 28 disposition,
479 1070 33 14 om
535 1063 121 21 statsmedel
671 1062 42 28 för
731 1063 130 27 jernvägens

254 1092 110 28 byggande
381 1092 20 27 ej
416 1092 145 27 derförinnan
578 1100 50 14 vore
643 1092 125 28 disponibla.

182 1152 138 26 Helsingfors,
336 1152 40 20 den
392 1153 14 18 4
421 1152 101 20 Februari
540 1153 62 19 1891.

185 1227 20 21 K.
221 1228 19 21 V.
258 1227 93 23 Hollmén.
643 1228 19 22 C.
678 1228 14 22 J.
708 1225 83 25 Stråhle.

187 1457 176 23 Jernvägsutskottets
375 1457 108 19 betänkande
495 1458 36 18 N:o
544 1459 15 17 1.
