1073 1675
285 164 12 20 2
480 164 209 24 Petitiongbotänkande
705 164 34 23 N:o
755 164 33 23 38.

255 228 124 19 fortfarande
401 228 68 24 stiger,
492 228 63 20 mäste
578 228 33 20 det
633 228 103 20 betraktas
759 234 42 14 som
819 234 24 13 en
859 230 42 18 stor
915 228 51 20 brist
981 228 35 19 hos

255 262 40 18 oss,
311 258 30 18 att
356 262 23 14 en
395 257 93 23 tidsenlig
502 256 125 25 lagstiftning
643 262 31 14 om
689 257 24 19 de
729 257 100 23 ätgärder,
846 262 41 14 som
905 257 50 19 böra
974 256 42 20 vid-

256 288 55 20 tagas
327 284 32 20 för
374 288 30 16 att
418 286 77 19 hämma
510 286 67 24 yppad
593 285 64 19 farsot
671 285 61 19 bland
748 286 76 24 boskap
840 285 38 20 och
893 286 63 18 andra
969 285 47 19 hus-

255 314 52 24 djur,
323 314 80 19 saknas.
433 313 87 20 Sälunda
535 316 24 17 är
573 314 38 19 den
627 314 6 18 i
649 314 55 19 detta
719 316 57 17 ämue
791 314 91 24 gällande
898 314 51 19 Näd.
960 314 56 19 Kun-

255 342 91 24 görelsen
362 342 21 19 af
397 343 38 19 den
451 342 13 20 6
479 342 47 20 Juni
543 342 55 20 1864
614 342 22 20 sä
651 343 81 19 allmänt
748 342 37 20 och
801 342 115 24 otidsenligt
927 342 88 26 affattad,

255 373 30 17 att
299 371 69 23 hvarje
383 371 170 19 veterinärläkare
568 371 45 19 med
625 371 113 19 densamma
751 371 42 19 stär
803 373 70 17 nästan
884 371 57 23 sagdt
951 371 64 19 makt-

255 399 30 19 lös
301 400 32 19 vid
349 400 34 18 det
397 399 64 20 första
476 400 146 24 bekämpandet
637 399 22 19 af
672 405 25 14 en
712 399 71 24 farsot,
799 400 43 23 och,
858 405 42 14 som
912 400 48 18 hvar
971 405 44 13 man

255 430 39 23 vet,
310 430 23 17 är
345 428 42 24 just
403 428 128 24 vidtagandet
547 428 20 19 af
579 428 24 19 de
614 427 63 21 första
687 428 121 24 ätgärderna
818 428 44 20 med
872 428 60 24 nödig
944 428 71 19 snabb-

254 456 35 19 het
304 456 36 20 och
356 457 66 23 energi
439 459 29 17 ett
482 457 123 23 nödvändigt
619 456 74 20 villkor
708 456 31 20 för
755 457 126 24 uppnäendet
889 456 21 20 af
922 458 28 18 ett
960 457 55 24 lyck-

255 485 36 23 ligt
305 485 84 19 resultat
404 486 7 18 i
427 485 55 19 detta
498 485 58 24 syfte.

324 514 45 18 Som
385 514 37 18 den
439 514 69 23 första,
522 514 141 23 väsentligaste
674 513 76 19 bristen
762 514 27 18 uti
800 513 151 25 ifrägavarande
963 514 51 19 Näd.

254 541 124 24 Kungörelse
401 548 59 19 synes
481 542 39 23 mig
543 542 46 25 den,
613 544 29 17 att
664 542 25 19 de
711 548 55 13 mera
788 542 49 19 eller
854 542 75 20 mindre
945 542 70 24 farliga

255 571 141 26 smittosamma
418 571 139 24 sjukdomarne
581 573 35 17 äro
638 570 98 20 hänförda
758 571 64 19 under
837 577 73 13 samma
924 571 90 23 kategori

255 599 123 24 nSmittosam
393 599 196 25 husdjurssjukdom*
612 599 49 20 eller
683 599 141 25 ,djurfarsot”;
843 600 35 19 och
895 599 51 20 dock
962 599 52 20 före-

253 627 63 20 finnes
339 628 60 19 bland
419 629 59 18 dessa
493 629 54 19 säväl
563 628 122 23 elakartade,
702 633 41 14 som
760 629 106 23 lindrigare
881 627 92 26 farsoter,
990 628 24 19 de

254 656 36 19 där
305 657 79 23 mycket
398 662 53 19 noga
466 657 60 19 borde
543 657 97 24 ätskiljas,
656 656 22 20 af
691 657 60 19 orsak
767 659 30 17 att
811 657 119 24 åtgärderna
945 656 32 19 för
990 657 24 18 de

253 685 66 19 förras
335 685 117 20 hämmande
467 685 69 20 fordra
551 691 54 14 mera
620 685 103 24 stränghet
737 686 37 19 och
790 685 97 20 snabbhet
902 687 25 17 än
942 685 32 19 för
989 685 24 19 de

253 719 88 14 senares.
364 714 74 19 Vidare
454 719 46 18 eger
515 714 150 19 vederbörande
681 714 113 24 djurläkare
805 714 26 24 pä
842 714 63 23 grund
917 713 21 20 af
950 714 64 19 denna

253 742 124 23 Kungörelse
394 743 17 23 ej
427 745 41 16 rätt
482 744 30 18 att
527 743 122 18 omedelbart
665 743 79 23 vidtaga
759 743 40 19 alla
814 743 24 18 de
854 742 48 19 mätt
914 742 37 19 och
964 745 49 20 steg,

254 776 41 13 som
311 771 38 18 han
365 771 30 18 till
411 771 160 19 förekommande
587 771 22 19 af
623 771 126 24 sjukdomens
766 771 102 24 spridning
878 771 37 20 och
926 770 30 20 för
968 771 44 18 dess

253 799 116 19 hämmande
385 805 60 14 anser
460 800 131 25 nödvändiga,
607 799 75 20 hvilket
697 800 36 19 allt
747 800 46 23 han,
810 805 41 14 som
864 799 101 24 specialist
976 799 36 19 och

252 827 89 19 kännare
364 827 21 19 af
406 828 151 19 förhällandena
577 828 25 24 pä
617 829 84 23 platsen,
717 828 46 19 bäst
777 829 57 18 torde
850 828 67 18 kunna
933 827 78 24 afgöra;

251 858 48 16 utan
320 856 114 19 ankommer
449 856 34 19 det
498 856 26 24 pä
539 856 149 20 vederbörande
704 856 109 24 Guvernör,
830 856 50 19 efter
895 856 117 19 Medicinal-

253 884 107 24 styrelsens
383 885 98 23 yttrande,
504 887 30 17 att
556 885 68 19 härom
647 887 91 17 närmare
758 886 6 18 i
786 885 86 23 enlighet
894 884 44 19 med
961 884 51 20 ofta-

251 912 86 20 nämnda
359 912 124 25 Kungörelse
505 913 115 24 bestämma,
643 914 112 23 antagligen
771 913 77 19 likvisst
863 913 25 24 pä
903 913 74 23 förslag
992 912 22 20 af

251 941 150 19 vederbörande
423 942 176 19 veterinärläkare.
629 942 36 19 Att
688 944 29 17 ett
732 942 101 24 energiskt
848 941 116 25 ingripande
980 941 32 19 för

251 970 184 24 undertryckandet
451 970 21 19 af
486 976 23 13 en
525 970 64 20 farsot
604 971 43 18 med
663 970 58 20 dessa
737 970 106 24 omgängar
858 970 18 24 ej
889 970 38 19 kan
938 970 73 23 ifräga-

251 998 84 23 komma,
359 998 57 19 torde
439 998 32 20 för
485 1004 24 14 en
524 998 50 20 hvar
589 1004 48 14 vara
651 999 60 19 klart.
741 999 56 19 Huru
812 998 84 20 förfaras
912 998 58 23 skall,
986 998 26 19 dä

251 1032 24 13 en
291 1026 64 19 farsot
369 1027 98 23 utbryter,
490 1032 41 14 som
551 1029 23 17 är
589 1027 22 19 af
625 1033 23 13 en
664 1028 22 18 sä
701 1028 46 18 svär
762 1027 141 25 beskaffenhet,
919 1029 29 17 att
964 1027 47 19 den-

251 1060 73 14 samma
347 1060 58 14 anses
428 1055 81 24 obotlig,
525 1056 6 18 i
547 1056 76 18 hvilket
644 1055 35 19 fall
695 1056 17 24 ej
728 1056 86 19 allenast
829 1056 23 18 de
868 1056 57 23 sjuka
941 1056 69 23 djuren

251 1084 47 18 utan
321 1082 57 20 äfven
402 1084 24 18 de
449 1083 31 20 för
502 1084 91 24 sjukdom
610 1084 118 19 misstänkta
742 1084 50 19 böra
806 1084 121 25 nedslagtas,
943 1084 68 19 därom

250 1112 53 19 talar
325 1112 133 23 kungörelsen
477 1112 16 24 ej
510 1114 29 17 ett
554 1113 42 19 ord.
627 1112 56 20 Skall
699 1113 17 23 ej
733 1113 37 19 den
787 1112 90 20 enskilda
892 1112 118 25 djuregaren

250 1140 63 19 under
336 1140 51 19 slika
411 1140 136 20 förhällanden
571 1141 76 19 erhålla
669 1141 110 24 ersättning
794 1141 21 19 af
828 1143 71 23 staten,
923 1146 31 15 om
971 1141 39 19 han

250 1169 76 23 nödgas
342 1169 91 24 uppoffra
449 1169 45 20 hela
509 1170 31 19 sin
555 1169 32 20 för
603 1171 108 18 smittosam
727 1169 90 24 sjukdom
828 1169 118 20 misstänkta
957 1170 53 23 djur-

249 1199 50 17 stam
315 1197 50 19 eller
379 1197 92 20 enskilda
486 1197 100 25 exemplar
601 1198 63 24 däraf,
680 1198 31 19 för
726 1198 33 19 det
775 1199 98 18 allmänna
888 1201 71 20 gagnet
982 1200 29 17 att

249 1225 21 20 få
285 1225 116 24 sjukdomen
423 1226 111 24 begränsad
557 1227 37 19 och
617 1227 91 24 möjligen
725 1226 103 20 hämmad?
858 1226 65 19 Sådan
939 1228 71 18 ersätt-

249 1254 47 23 ning
319 1253 36 20 har
377 1255 115 23 visserligen
508 1255 6 18 i
530 1255 92 19 enskilda
640 1255 34 19 fall
689 1255 58 19 äfven
763 1255 128 19 härförinnan
908 1255 102 23 utbetalts,

249 1287 44 42 nä
309 1281 37 20 har
361 1283 59 19 dessa
435 1283 66 20 berott
516 1283 26 24 pä
557 1283 160 20 vederbörandes
733 1283 65 20 beslut
812 1284 7 18 i
834 1283 68 24 hvarje
916 1283 94 20 särskildt

258 1310 34 20 all.

319 1339 92 19 Betänka
433 1339 19 19 vi
474 1340 115 23 ytterligare
612 1339 92 20 hurusom
727 1339 34 20 det
782 1339 32 20 för
836 1339 35 20 vär
890 1342 52 17 ännu
958 1340 6 18 i
980 1339 30 20 sin

249 1366 55 20 linda
319 1367 98 25 liggande,
433 1373 44 14 men
492 1368 41 19 helt
549 1368 68 19 säkert
631 1368 7 19 i
653 1373 25 14 en
693 1369 18 23 ej
727 1368 22 19 sä
765 1367 86 24 aflägsen
867 1367 81 20 framtid
960 1373 49 19 upp-

248 1395 135 19 blomstrande
406 1395 92 20 kreaturs
522 1397 36 19 och
581 1396 117 25 köttexport
717 1402 47 14 vore
779 1397 127 23 ruinerande,
922 1402 30 13 om
968 1397 41 18 lan-

249 1423 34 19 det
298 1423 65 20 blefve
379 1423 113 20 förklaradt
506 1424 32 20 för
553 1425 141 25 pestsmittadt,
709 1425 36 19 och
762 1425 35 19 vär
809 1430 51 19 unga
873 1425 137 19 veterinärkär

246 1451 28 20 dä
290 1452 17 24 ej
324 1452 65 19 kunde
405 1453 45 19 med
466 1453 45 19 stöd
526 1453 22 19 af
562 1459 24 14 en
602 1453 93 24 tidsenlig
710 1453 124 24 lagstiftning
850 1453 69 20 arbeta
931 1453 26 25 pä
967 1453 43 20 häf-

310 1495 106 19 Allmänna
429 1496 170 19 Besvärsutskotteis
613 1497 111 18 betänkande
735 1496 38 18 N:o
785 1497 32 17 28.
