1067 1673
247 137 84 23 Ständ.
346 138 58 23 Mot.
420 151 28 3 —
463 138 155 24 Motionsbet.
633 140 46 22 N:o
695 140 23 22 6.
826 141 12 20 9

315 212 98 28 aftonen,
435 220 51 14 men
507 213 45 21 icke
568 214 55 27 från
637 214 109 28 sistsagda
760 215 107 27 klockslag

315 247 70 27 dagen
407 246 47 28 före
475 249 52 19 sön-
551 248 53 21 eller
621 248 91 28 helgdag
727 249 35 21 till
777 249 91 21 klockan

314 288 38 14 sex
365 281 154 28 förmiddagen
533 282 72 28 första
615 282 69 28 derpå
693 282 100 29 följande
804 283 60 21 söck-

315 316 76 27 nedag.
425 316 42 21 Om
490 316 38 27 tid,
551 316 28 22 då
602 317 150 28 utskänkning
775 317 38 21 må
828 324 40 21 ega

315 356 52 14 rum
378 346 14 37 &
411 350 63 27 hotel,
485 350 134 22 konditorier
629 351 38 21 och
677 352 73 20 andra
759 352 107 27 närings-

315 384 80 22 ställen
409 384 10 21 i
433 385 50 21 stad
499 385 39 21 och
549 385 32 28 pä
597 386 80 27 landet,
693 386 38 21 der
745 386 120 21 värdshus-

315 419 78 20 rörelse
403 419 70 27 idkas,
484 419 57 27 gälle
551 419 59 22 hvad
618 420 74 21 derom
699 421 27 20 är
733 420 52 21 eller
792 420 74 27 fram-

316 453 56 20 deles
392 453 45 21 kan
451 454 70 21 varda
535 453 136 28 förordnadt.
703 447 20 28 Ä
737 453 131 29 gästyifveri

316 487 38 21 mä
368 488 151 27 utskänkning
537 488 29 27 af
577 489 146 27 maltdrycker
738 489 23 21 ät
776 488 92 22 resande

317 529 39 20 ega
370 529 52 14 rum
437 523 46 20 alla
499 523 56 21 tider
569 523 29 28 af
609 523 86 28 dygnet.

558 625 15 27 $
587 626 36 20 18.

387 687 56 27 Den,
466 694 47 14 som
533 687 38 21 vid
586 687 80 21 handel
681 687 67 28 säljer
763 687 52 21 eller
829 689 37 19 ut-

319 721 86 21 lemnar
426 721 87 21 mindre
535 723 31 19 än
588 721 35 21 det
645 721 36 22 till
701 721 137 28 försäljning
859 721 10 21 i

318 755 75 28 hvarje
415 755 43 28 fall
479 755 114 28 medgifna
615 756 85 21 minsta
720 756 81 27 belopp,
818 756 51 21 eller

318 791 47 20 mot
378 790 129 27 stadgandet
521 790 10 21 i
545 791 13 26 $
575 791 14 20 9
604 789 55 22 låter
668 790 34 21 det
713 790 64 27 köpta
787 789 14 22 ä
813 790 55 21 stäl-

319 824 29 21 let
361 823 104 29 förtäras,
481 825 52 21 eller
545 824 134 28 öfverträder
693 824 108 28 förbuden
815 824 10 21 i
839 824 30 28 $$

321 860 19 25 6,
356 859 27 20 14
397 858 39 22 och
450 860 35 26 15,
499 859 52 21 eller
560 859 11 20 i
582 859 105 27 egenskap
700 858 29 28 af
733 858 136 28 gästgifvare

319 893 117 21 utskänker
457 894 123 27 maltdryck
596 894 23 21 ät
634 901 79 14 annan
727 896 30 19 än
771 894 98 26 resande,

320 927 45 21 böte
386 927 71 28 första
473 927 86 28 gången
573 927 55 28 från
643 928 38 21 och
696 928 50 21 med
761 927 109 28 tjugufem

319 961 36 21 till
370 961 39 22 och
423 961 50 22 med
487 962 118 21 etthundra
612 962 77 27 femtio
704 962 64 21 mark
775 962 40 21 och
826 968 42 15 an-

319 995 41 21 dra
373 995 88 28 gängen
476 996 54 27 frän
544 996 39 21 och
593 997 49 20 med
651 996 122 28 sjuttiofem
783 996 37 21 till
832 995 38 22 och

319 1030 50 21 med
384 1030 121 21 trehundra
519 1031 70 20 mark.
615 1030 53 21 Sker
682 1031 35 20 det
732 1030 65 28 tredje
810 1029 58 28 gän-

318 1071 43 20 gen
375 1064 52 21 eller
441 1064 78 28 oftare,
534 1071 51 14 vare
601 1065 36 20 bot
650 1065 54 27 frän
719 1065 39 21 och
767 1064 51 21 med
828 1065 40 20 ett-

320 1098 89 21 hundra
415 1098 78 28 femtio
502 1099 35 21 till
546 1099 39 21 och
595 1099 50 21 med
653 1099 134 28 femhundra
797 1098 71 21 mark.

321 1132 50 21 Den
389 1133 10 20 %
413 1133 242 28 försäljningsrummet
670 1133 114 28 befintliga
798 1139 73 15 varan

320 1174 52 14 vare
386 1167 110 21 dessutom
510 1168 75 27 hvarje
598 1167 59 28 gäng
671 1167 122 28 förbruten.

388 1201 130 22 Fördristar
538 1201 35 28 sig
594 1201 74 28 någon
689 1203 34 20 att
743 1201 59 28 sälja
820 1201 51 21 eller

321 1235 109 22 utskänka
437 1236 128 28 maltdryck,
576 1237 57 20 utan
640 1237 39 26 att,
686 1235 33 28 pä
728 1235 61 22 sätt
782 1231 10 37 i
799 1235 73 21 denna

320 1269 132 29 förordning
474 1271 94 27 stadgas,
585 1277 55 14 vara
655 1270 74 21 dertill
744 1269 128 28 berättigad,

322 1304 45 21 böte
381 1311 48 15 som
444 1305 69 27 ofvan
527 1306 60 26 sagts
601 1305 39 21 och
655 1311 51 14 vare
718 1304 77 22 derhos
807 1303 66 22 alltid

321 1339 50 21 hela
385 1339 35 21 det
435 1339 39 21 hos
489 1339 42 21 den
545 1339 110 28 brottslige
670 1339 143 27 öfverkomna
823 1337 48 28 för-

321 1372 42 21 råd
377 1373 30 27 af
417 1373 146 28 maltdrycker
573 1373 68 28 jemte
656 1373 49 21 kärl
719 1373 115 27 förbrutet.

395 1406 83 22 Varder
499 1407 80 27 någon,
600 1407 89 21 hvilken
702 1407 65 21 idkar
780 1405 92 29 försälj-

322 1440 56 28 ning
394 1441 52 21 eller
459 1440 151 28 utskänkning
625 1444 26 24 aj
660 1440 151 28 malidrycker,
822 1439 47 28 för-
