1064 1656
767 137 42 22 VII

82 213 86 16 vensom
184 207 23 22 af
220 208 83 26 koppar
318 207 40 22 och
373 207 94 27 messing
487 213 28 15 m.
531 213 28 14 m.
575 213 28 14 nu
618 206 72 21 blifvit
709 205 128 22 utlemnade.

82 242 74 21 Redan
179 242 35 21 tvä
235 241 24 22 är
282 241 93 22 derefter
395 241 79 22 skedde
490 248 26 15 en
541 241 124 27 ytterligare
685 240 153 27 inskränkning

83 277 7 20 i
105 276 102 21 Finlands
222 276 129 27 importrätt,
368 275 7 21 i
390 276 36 21 det
445 278 32 19 att
492 282 76 21 genom
588 275 142 27 kungörelsen
749 275 40 21 den
811 275 26 20 25

81 310 84 27 januari
186 310 106 27 sistsagda
311 311 23 20 är
357 309 112 22 tobak:af
490 310 43 21 alla
556 310 46 27 slag
623 309 36 21 vid
680 309 89 21 införsel
792 308 46 21 från

83 345 92 21 Finland
190 344 33 21 till
238 344 156 27 kejsaredömet
409 344 87 21 belades
511 344 49 21 med
577 350 82 15 samma
669 343 111 28 tullafgift,
795 349 44 15 som

85 379 33 21 för
132 379 101 21 utländsk
249 385 50 14 vara
314 385 37 14 var
367 378 106 27 faststäld,
491 379 39 21 och
550 379 23 20 är
591 379 53 20 1828
663 377 96 28 förbjöds
773 377 67 22 inför-

85 413 44 22 seln
145 413 33 22 till
193 413 106 27 Ryssland
314 412 23 21 af
351 415 71 18 svarta
437 413 78 21 kläden
531 413 48 21 frän
593 413 98 20 Finland.

155 448 68 20 Dessa
245 447 179 27 inskränkningar
445 453 51 15 voro
520 447 54 21 dock
597 447 23 20 af
633 447 61 26 ringa
709 446 131 27 betydelse
829 442 15 36 i

86 481 133 22 förhällande
234 481 34 21 till
284 481 25 21 de
324 481 123 21 restriktiva
460 481 106 28 ätgärder,
580 487 45 16 som
641 481 98 27 vidtogos
750 481 24 20 är
787 481 53 20 1835

86 516 40 21 och
141 516 73 21 hvilka
229 515 66 22 under
311 515 111 22 decennier
440 516 48 21 icke
508 516 55 21 blott
583 515 101 22 utöfvade
707 517 31 19 ett
759 515 82 27 ganska

87 553 111 25 ogynsamt
213 549 115 28 inflytande
343 550 28 27 pä
386 549 103 22 Finlands
499 550 99 26 finanser,
609 552 52 19 utan
673 549 62 22 äfven
749 549 92 22 verkade

87 585 132 21 förlamande
233 584 28 27 pä
276 584 148 28 utvecklingen
441 584 24 21 af
478 585 84 21 landets
573 584 97 21 välstånd
683 583 58 22 öfver
753 583 87 22 hufvud.

87 619 82 21 Genom
191 619 151 27 förordningen
357 618 24 21 af
395 619 40 20 den
453 620 25 19 17
492 619 40 26 juli
554 619 53 20 1835
631 618 113 27 stadgades
768 617 74 22 nemli-

87 660 40 20 gen
149 654 12 20 &
183 660 40 14 ena
246 653 59 21 sidan
329 655 32 19 att
381 653 68 27 jemte
472 654 36 21 det
523 653 44 21 alla
581 653 65 27 ryska
660 659 69 19 varor,
749 652 92 22 förutom

87 688 95 25 bränvin,
199 687 131 21 fortfarande
346 688 68 20 skulle
430 688 22 20 fä
467 687 90 21 tullfritt
572 688 34 20 till
620 687 90 21 Finland
729 688 113 25 inhemtas,

88 722 111 21 enahanda
222 722 82 21 förmän
331 722 69 21 skulle
421 722 178 27 tillgodokomma
621 722 79 26 jemväl
725 721 118 21 utländska

87 762 69 20 varor,
181 762 44 15 som
249 756 117 27 landvägen
388 756 51 21 eller
463 756 60 22 öfver
545 756 88 27 Ladoga
654 756 47 21 frän
723 756 120 27 kejsaredö-

89 793 43 19 met
148 790 101 21 infördes.
279 790 102 22 Deremot
396 797 37 14 var
448 790 133 22 tullfriheten
597 790 34 21 för
645 790 69 21 finska
729 790 65 21 alster
805 789 39 21 och

89 824 164 28 tillverkningar
268 825 33 21 vid
319 825 61 21 deras
395 824 89 22 införsel
503 825 33 21 till
551 822 106 30 Ryssland
675 825 46 21 icke
743 824 100 27 generell,

90 861 53 19 utan
159 859 118 21 omfattade
297 859 75 21 endast
393 859 25 21 de
442 859 13 21 &
473 861 77 19 tvänne
566 859 110 26 särskilda,
693 859 150 26 förordningen

89 893 86 27 bilagda
199 893 159 27 förteckningar
379 895 112 25 upptagna
512 900 68 15 varor.
611 889 74 31 Öfriga
707 893 69 21 finska
796 899 49 21 pro-

90 928 76 20 dukter
182 928 167 20 underkastades
368 934 82 14 samma
466 928 128 27 tullafgifter
610 934 45 15 som
674 928 115 21 utländska
809 934 36 14 va-

91 968 36 15 ror
142 962 39 21 och
196 961 56 28 fingo
269 962 107 21 dessutom
396 962 82 21 införas
501 962 74 22 endast
598 962 59 21 öfver
680 962 95 28 saltsjön.
805 962 40 21 Om

91 996 26 20 de
141 996 95 21 deremot
257 998 51 19 utan
330 996 34 20 för
386 996 84 27 gängen
494 996 113 21 utverkadt
629 996 100 22 särskildt
748 996 97 22 tillständ

91 1030 154 26 importerades
266 1030 117 28 landvägen
405 1030 53 21 eller
474 1030 59 24 öfver
549 1031 93 27 Ladoga,
660 1031 145 21 behandlades
821 1030 26 21 de

91 1064 6 20 i
123 1064 68 21 likhet
220 1064 49 21 med
294 1065 33 21 till
351 1064 89 22 införsel
469 1064 114 28 förbjudna
607 1071 68 15 varor.
708 1065 31 21 Pä
766 1071 82 15 samma

92 1100 43 19 sätt
150 1098 56 28 fingo
219 1099 121 26 utländska,
352 1099 33 21 till
400 1099 90 21 införsel
505 1099 90 27 lofgifna
611 1106 62 14 varor
687 1100 104 20 likaledes
811 1105 35 15 en-

92 1132 47 22 dast
155 1132 59 22 öfver
225 1133 87 27 saltsjön
323 1133 47 21 frän
381 1133 92 21 Finland
489 1134 34 20 till
535 1134 106 26 Ryssland
656 1134 133 26 importeras.
813 1134 34 20 Nu

92 1166 94 22 infördes
199 1167 79 27 jemväl
294 1167 189 27 importlimiterna
499 1168 45 25 och,
561 1168 55 21 hvad
632 1168 100 21 särskildt
752 1168 96 21 tillverk-

91 1200 76 28 ningar
183 1201 21 21 af
217 1202 48 27 jern
281 1202 39 21 och
335 1202 42 21 stål
391 1201 126 27 beträffade,
534 1202 46 21 blef
600 1202 35 21 det
656 1202 81 21 tullfria
760 1203 87 26 import-

91 1235 101 27 beloppet
207 1236 46 21 icke
269 1242 37 15 ens
321 1235 98 27 fixeradt,
435 1238 53 19 utan
509 1236 122 21 faststäldes
653 1237 118 20 detsamma
793 1237 55 21 efter

92 1270 211 27 omständigheterna
317 1270 33 21 för
365 1270 74 27 hvarje
455 1271 24 20 är
495 1271 102 21 särskildt
613 1271 23 21 af
649 1271 200 21 finansministern
837 1266 16 37 i

91 1304 163 27 kejsaredömet.
285 1304 79 21 Härtill
385 1305 50 20 kom
452 1305 126 27 ytterligare
597 1307 32 19 att
651 1305 143 28 omgängarne
817 1305 33 22 för

93 1337 138 22 anskaffande
247 1338 23 21 af
284 1339 183 26 ursprungsbevis,
484 1339 73 21 hvilka
579 1339 56 22 förut
656 1339 107 22 utfärdats
785 1339 24 21 af
823 1340 26 21 de

93 1371 72 22 lokala
179 1372 176 27 tjenstemännen,
372 1372 143 27 försvärades,
527 1373 7 21 i
547 1373 36 21 det
598 1373 61 21 dessa
673 1374 57 20 bevis
741 1373 34 22 för
785 1373 65 22 fram-

93 1405 58 22 tiden
167 1406 66 21 borde
248 1407 124 26 ytterligare
387 1407 115 26 bestyrkas
518 1407 23 21 af
555 1409 154 26 guvernörerne
724 1408 46 26 och,
794 1408 56 21 hvad

90 1439 48 27 jern
155 1439 39 22 och
209 1441 98 20 metaller
322 1440 108 27 beträffar,
441 1441 81 27 jemväl
533 1441 96 22 utfärdas
640 1441 23 22 af
672 1442 178 27 Bergsstyrelsen.
