1070 1667
287 133 245 23 Petitionsbetänkande
547 133 37 22 N:o
600 132 35 23 20.
784 135 25 20 27

150 203 29 21 Af
192 204 65 20 dessa
271 203 70 21 siffror
356 202 95 28 framgår
466 203 135 21 omedelbart
616 205 31 19 att
663 203 103 21 skolorna
781 204 8 19 i
803 203 38 21 Ja-

80 237 99 27 kobstad,
203 237 142 22 Kristinestad
368 237 43 21 och
428 237 84 21 Raumo
534 237 52 22 eller
600 237 43 27 just
659 237 27 22 de
702 243 61 16 mera
778 237 62 27 bety-

82 272 70 21 dande
167 271 24 22 af
204 272 27 21 de
245 271 132 28 tvåklassiga
392 271 102 22 skolorna
509 271 143 27 uteslutande,
669 274 57 19 samt
741 271 76 22 skolan
833 271 7 21 i

81 306 88 27 Nystad,
185 313 48 14 som
249 308 24 19 är
288 306 42 21 den
345 308 56 19 mest
416 306 92 21 besökta
523 305 23 22 af
560 306 64 21 dessa
638 306 107 26 lärovärk,
760 307 80 20 nästan

81 341 136 21 uteslutande
233 340 50 28 fylla
298 343 30 18 ett
342 341 67 20 lokalt
424 340 72 27 behof,
512 341 122 26 hvarjämte
650 340 63 22 äfven
729 341 27 21 de
771 340 68 27 öfriga

81 376 7 20 i
109 375 118 22 allmänhet
249 375 47 21 icke
311 375 83 27 lyckats
409 375 98 21 tillvinna
522 375 33 27 sig
572 381 27 15 en
614 375 107 21 nämvärd
736 375 103 22 elevkon-

81 410 83 27 tingent
179 410 48 21 från
243 409 41 22 den
299 409 137 28 omgifvande
451 409 131 22 landsorten.
605 409 28 21 Af
646 410 92 21 intresse
754 411 24 20 är
788 410 51 21 här-

81 445 36 20 vid
133 451 27 15 en
172 444 125 27 jämförelse
312 444 49 21 med
376 443 165 22 förhållandena
556 445 7 20 i
583 444 27 21 de
625 443 137 28 fullständiga
780 445 59 26 lyce-

83 485 53 16 erna
151 479 115 22 äfvensom
281 479 101 20 särskildt
397 479 36 20 vid
443 479 27 21 de
481 478 69 27 öfriga
558 479 223 21 elementarskolorna
789 479 50 21 med

82 516 39 24 tre,
144 513 46 28 fyra
213 513 50 22 eller
280 513 43 21 fem
338 513 88 21 klasser.
456 513 43 21 För
514 513 80 21 sådant
609 512 104 22 ändamål
728 513 110 22 meddelas

82 547 93 28 följande
190 547 71 27 tabell,
277 547 113 21 utvisande
407 547 143 22 förhållandet
565 547 79 22 mellan
660 547 71 21 elever
750 547 89 21 bosatta

82 583 7 20 i
104 583 132 26 skolstaden,
252 582 59 21 inom
326 588 27 15 en
369 582 97 21 omkrets
482 581 23 22 af
520 583 26 20 10
561 582 37 21 mil
619 582 62 26 kring
704 581 71 22 denna
796 582 42 21 och

81 617 74 26 längre
172 619 28 19 än
217 618 27 20 10
261 617 37 20 mil
316 616 100 27 därifrån,
435 617 95 27 uttryckt
546 617 6 20 i
568 619 90 24 procent
673 616 24 22 af
716 617 49 20 hela
780 617 57 20 elev-

82 651 81 21 antalet
177 651 7 20 i
200 651 26 21 de
241 650 68 22 skilda
324 651 179 27 skolgrupperna:

439 725 17 13 3-,
476 727 18 15 4-,
525 725 33 17 5-kl.
581 726 47 16 elem.-

204 742 127 23 Fullständiga
343 742 60 23 lyceer
415 730 13 40 |
439 734 23 12 ””
490 727 63 39 aa
570 730 45 13 fem"
639 726 12 44 |
667 742 44 17 9.kl.
725 742 122 18 elem.-skolor

114 817 26 23 Är
216 817 22 23 9/0
251 817 59 17 elever
321 818 73 17 bosatte
410 813 14 33 |
441 818 23 22 ?/,
478 822 60 13 elever
550 818 72 16 bosatte
635 813 15 33 |
662 818 22 22 */,
697 817 59 18 elever
767 817 74 17 bosatte

277 861 12 11 N
502 858 64 12 Piste
727 858 63 15 ssi

208 876 40 8 a
238 860 15 34 =
277 869 64 18 505
399 876 80 9 =]
437 861 12 34 a
465 861 13 34 =
503 870 58 14 |*9E|
608 875 97 10 ma
727 870 58 16 -|"SB
848 876 17 6 =

208 886 14 7 8
237 896 12 7 7
302 880 34 18 25,
376 880 73 15 Ss)
503 882 58 16 LB
550 874 39 34 SI
601 880 98 21 Elf»
727 882 58 16 |-BSs
825 880 39 14 EE

208 895 45 33 25
279 893 57 29 ST8
353 892 17 32 2
434 895 46 33 alan
503 892 202 36 SFR:
727 900 58 22 SF
803 892 58 32 le

208 922 128 31 a
434 929 46 14 lä
503 924 59 28 ER
601 927 14 11 I
659 920 202 32 FEN

344 967 1 17 |
418 967 4 17 I
568 967 2 17 I

67 994 89 17 1886—87
170 1008 3 3 .
192 1008 1 3 |
221 995 22 17 51
262 984 17 42 |
296 995 21 17 31
344 988 2 24 |
371 996 23 16 18
412 984 16 42 |
447 996 21 16 59
488 984 16 42 |
522 996 22 17 33
596 996 11 16 18
635 984 19 42 I
671 996 22 17 75
714 984 16 42 |
746 996 21 17 25
790 984 16 42 I
821 1006 22 2 —

68 1028 90 17 1887—88
171 1042 3 3 .
189 1042 3 4 |
223 1030 21 16 52
297 1030 21 17 30
344 1013 2 68 |
372 1030 22 17 18
447 1030 21 17 56
522 1030 22 17 36
596 1030 12 16 8
672 1030 22 17 78
746 1031 22 16 22
821 1040 23 2 —

68 1063 91 16 1888—89
173 1077 3 3 .
191 1077 1 3 |
223 1064 22 16 49
297 1064 21 17 33
372 1064 22 17 18
447 1065 22 16 55
522 1065 22 16 37
596 1065 11 16 8
671 1065 23 17 80
746 1066 23 16 20
821 1073 22 4 —

345 1086 2 6 |
447 1087 21 9 =

70 1097 91 17 1889—90
174 1111 3 3 .
190 1111 3 3 |
224 1098 21 17 53
294 1095 26 30 30
346 1093 1 28 |
372 1099 21 16 17
447 1099 22 16 55
522 1099 22 16 37
597 1099 11 16 8
672 1099 21 16 75
746 1099 22 16 25
821 1108 23 3 -—

150 1132 76 22 Denna
231 1133 125 27 jämförelse
365 1133 63 22 torde
437 1139 53 16 vara
498 1133 70 28 egnad
578 1135 32 20 att
617 1134 65 21 stöda
690 1134 41 21 den
742 1133 95 28 uppfatt-

81 1166 58 27 ning,
154 1169 32 18 att
201 1167 26 21 de
243 1167 132 28 tväklassiga
390 1168 109 27 skolorna,
516 1168 72 21 hvilka
603 1169 22 26 ju
640 1170 39 19 äro
695 1168 98 27 förlagda
808 1168 29 21 till

83 1201 72 21 städer
170 1202 50 21 med
235 1201 25 22 sä
275 1202 62 27 ringa
352 1202 125 27 folkmängd
492 1203 43 20 och
550 1202 63 21 däraf
626 1202 110 22 beroende
744 1203 93 26 begrän-

83 1235 48 20 sadt
146 1236 60 21 antal
221 1236 54 21 barn
291 1237 6 20 i
312 1236 130 27 skoläldern,
459 1239 32 19 att
505 1237 181 27 tillströmningen
701 1237 48 21 frän
764 1237 73 21 lands-

83 1271 61 20 orten
165 1269 75 28 borde,
263 1270 42 21 ifall
328 1271 42 22 den
385 1277 53 15 vore
453 1271 43 21 lika
512 1271 60 21 stark
587 1278 47 15 som
649 1271 31 21 till
696 1271 68 27 öfriga
779 1271 58 21 läro-

82 1303 149 28 inrättningar,
248 1305 123 22 öfverträffa
386 1305 137 22 skolstadens
540 1306 181 27 elevkontingent,
736 1305 102 28 gestaltat

81 1337 33 28 sig
136 1338 30 21 till
188 1339 151 22 läroanstalter
361 1339 180 28 hufvudsakligen
564 1339 32 22 för
612 1340 76 27 själfva
707 1340 130 21 skolstaden.

82 1371 105 22 Särskildt
202 1373 208 28 anmärkningsvärd
426 1375 25 20 är
465 1374 43 21 den
523 1376 60 19 stora
598 1374 86 27 olikhet,
701 1381 48 14 som
760 1375 6 20 i
779 1374 59 21 detta

82 1406 101 23 afseende
205 1408 63 21 räder
290 1409 79 20 mellan
392 1409 26 21 de
440 1408 132 28 tväklassiga
594 1409 102 21 skolorna
712 1409 42 21 och
769 1408 69 27 öfriga

83 1440 47 22 icke
152 1441 137 28 fullständiga
311 1443 77 27 lyceer.
425 1442 73 22 Under
513 1443 36 21 det
564 1443 109 27 nämligen
689 1445 29 19 ett
733 1443 105 21 konstant

152 1480 99 18 Allmänna
265 1481 171 18 Besvärsutskottets
447 1481 109 18 betänkande
568 1482 34 17 N:o
613 1482 29 17 21.
