1073 1675
302 130 245 22 Petitionsbetänkande
562 129 36 23 N:o
615 128 28 24 31.
793 130 27 21 15

352 416 230 26 Reservationer.

459 491 17 21 I

155 543 61 21 Inom
238 543 38 21 vår
296 542 186 28 skollagstiftning
504 543 40 21 har
563 543 66 21 sedan
653 542 121 27 förgångna
789 542 56 22 tider

87 577 41 22 den
144 577 84 28 princip
244 577 55 21 varit
314 577 110 28 gällande,
440 580 33 19 att
489 578 41 21 den
546 577 66 28 högre
627 577 126 27 bildningen
768 577 19 27 ej
804 577 40 21 bör

86 613 64 26 göras
173 611 32 22 till
226 618 26 15 en
272 611 138 22 uteslutande
428 611 168 22 företrädesrätt
616 611 34 22 för
665 612 27 21 de
707 611 137 28 förmögnare

86 645 222 26 samhällsklasserna,
327 649 53 18 utan
397 647 33 20 att
446 646 89 21 tillfälle
550 646 40 21 bör
605 646 91 21 beredas
711 646 54 21 barn
781 646 62 21 äfven

86 680 48 21 från
149 680 79 27 fattiga
242 680 49 21 hem
306 682 33 19 att
354 681 53 20 ernå
422 681 26 20 de
464 680 101 26 fördelar,
583 681 41 20 den
640 681 67 26 högre
717 679 127 28 bildningen

86 715 90 21 medför.
206 715 77 20 Denna
305 715 83 27 princip
408 715 41 21 har
468 715 78 21 alstrat
565 722 26 14 en
607 715 52 26 liflig
675 714 168 21 ståndscirkula-

86 749 52 26 tion,
155 756 45 14 som
220 749 34 21 för
268 749 50 21 hela
332 749 48 21 vårt
396 749 52 21 land
464 749 57 22 burit
536 749 127 28 välsignade
677 749 89 21 frukter.
796 749 47 21 Den

87 783 79 28 nådiga
186 783 142 27 kungörelsen
350 783 24 21 af
388 784 41 20 den
446 784 28 21 22
490 783 87 28 augusti
595 784 54 21 1889
664 785 25 19 är
703 783 70 27 egnad
789 785 33 19 att
837 783 7 20 i

87 818 72 27 någon
184 819 49 20 mån
258 817 150 22 åstadkomma
433 817 154 29 förändringar
612 817 137 22 härutinnan.
789 817 55 22 Med

87 853 60 21 detta
162 852 113 21 uttalande
290 852 70 27 åsyfta
375 852 21 21 vi
411 852 49 21 icke
476 853 41 21 den
533 853 7 21 i
556 853 81 21 nämda
651 852 128 27 kungörelse
787 852 57 21 stad-

86 887 56 27 gade
157 886 167 28 nedsättningen
341 886 25 21 af
379 886 141 22 frielevernas
535 887 61 21 antal
611 886 34 22 till
659 887 29 21 20
698 888 27 26 9/,
741 886 25 21 af
773 886 71 21 klass-

87 922 129 20 numerären
236 923 53 19 utan
307 920 175 27 bestämmelsen,
498 924 33 19 att
547 921 99 22 frielever
661 921 40 21 alls
717 921 18 27 ej
753 920 22 22 fä
790 923 54 19 mot-

86 958 62 24 tagas
170 956 30 27 pä
217 955 67 21 första
304 955 92 22 klassen.
428 955 66 21 Detta
514 957 121 26 stadgande
658 956 44 21 kan
719 956 79 26 utgöra
813 957 31 19 ett

86 990 78 21 hinder
179 990 33 21 för
227 991 91 25 mången
334 990 106 27 begäfvad
456 990 48 22 elev
518 992 33 20 att
566 990 66 22 vinna
647 990 86 22 inträde
735 986 12 35 i
761 992 83 19 statens

87 1024 78 27 skolor,
190 1024 40 22 och
250 1032 50 14 man
318 1024 44 22 kan
382 1025 50 21 med
450 1024 48 22 skäl
516 1026 71 26 påstå,
602 1027 33 19 att
651 1026 41 20 den
708 1024 67 28 högre
789 1023 55 22 bild-

87 1059 79 27 ningen
185 1066 77 20 genom
280 1060 126 26 detsamma,
420 1059 42 21 blir
477 1060 7 20 i
499 1059 66 28 högre
580 1060 55 27 grad
650 1059 152 21 företrädesvis
818 1065 26 15 en

88 1094 42 21 den
145 1094 137 27 förmögnare
296 1094 99 21 klassens
410 1094 113 27 rättighet.

150 1129 128 21 Utskottets
294 1129 70 21 flertal
380 1128 64 22 söker
459 1129 126 27 visserligen
600 1129 72 28 stödja
682 1128 161 27 berättigandet

87 1162 25 22 af
125 1164 79 21 nämda
219 1164 120 26 stadgande
354 1170 78 21 genom
448 1165 34 20 att
498 1163 116 22 framhälla
629 1165 49 20 dess
688 1163 109 28 betydelse
808 1163 37 21 för

87 1197 128 28 afgörandet
233 1197 24 22 af
277 1198 83 27 frågan,
378 1197 76 22 hvilka
472 1198 71 22 elever
565 1199 38 20 äro
624 1198 25 21 af
662 1200 92 19 naturen
770 1197 74 27 begäf-

86 1233 62 25 vade,
164 1233 28 20 dä
210 1232 67 27 enligt
296 1232 50 22 dess
367 1232 89 27 mening
476 1233 77 21 endast
572 1233 54 21 barn
642 1233 49 21 med
706 1233 57 26 goda
777 1231 67 28 anlag

88 1266 53 22 böra
160 1267 7 20 i
188 1266 75 22 skolan
281 1267 87 27 intagas
386 1267 72 21 säsom
474 1267 107 22 frielever.
611 1267 67 21 Detta
693 1266 113 33 uttalande
822 1265 24 22 af

86 1301 118 22 utskottets
222 1301 77 26 flertal,
314 1303 33 20 att
362 1301 141 28 friplatserna
518 1302 39 20 äro
572 1301 92 22 afsedda
679 1301 34 22 för
727 1301 27 21 de
769 1299 74 28 begäf-

86 1336 61 25 vade,
174 1337 24 20 är
220 1335 36 22 väl
270 1335 140 28 berättigadt,
432 1343 51 14 men
506 1335 123 28 säkerligen
651 1337 62 20 torde
735 1342 51 14 man
812 1334 31 21 äf-

86 1377 41 14 ven
152 1371 30 26 pä
212 1372 69 19 annat
310 1371 40 21 och
380 1370 86 22 mindre
492 1370 84 28 obilligt
607 1372 44 20 sätt
672 1370 76 21 kunna
769 1370 75 20 ästad-

86 1405 87 21 komma
196 1405 36 21 det
250 1412 89 19 samma,
362 1407 54 20 utan
436 1407 36 19 att
489 1405 74 21 härför
578 1405 94 22 behöfva
687 1404 96 22 utesluta
797 1403 47 22 alla

86 1439 78 28 fattiga
184 1439 54 22 barn
261 1447 25 13 ur
308 1439 84 26 skolan,
411 1446 51 15 vare
484 1440 32 27 sig
531 1440 27 21 de
578 1439 66 22 hafva
659 1440 42 27 god
717 1439 52 21 eller
785 1437 59 28 dälig

155 1479 99 19 Allmänna
267 1479 172 18 Besvärsutskottets
451 1479 110 18 betänkande
573 1479 36 18 N:o
621 1479 31 19 24.
