1056 1673
324 101 224 22 Petitionsbetänkande
564 102 34 20 N:o
615 101 14 21 1.
795 104 26 18 41

457 161 39 18 17.

170 203 58 21 Från
250 202 185 26 Borgareståndet
455 208 27 15 en
505 202 24 22 af
551 202 82 21 Herrar
656 202 59 21 Leon
737 209 20 14 v.
773 202 80 26 Pfaler,

99 238 63 22 Ferd.
184 238 97 22 Juselius
302 244 28 14 m.
351 236 21 22 fl.
390 237 111 22 inlemnad
516 237 94 28 petition
635 244 35 14 om
692 238 161 21 verkställande

100 274 23 21 af
142 273 129 27 fullständig
290 273 89 21 teknisk
399 273 164 27 undersökning
581 273 70 27 jemte
674 274 141 26 uppgörande
831 272 24 22 af

98 308 228 27 kostnadsberäkning
346 308 33 22 för
400 315 27 15 en
447 308 92 28 jernväg
555 309 50 21 med
621 310 55 25 tung
692 308 161 28 öfverbyggnad

100 345 48 21 från
168 339 47 27 Åbo
237 344 59 22 öfver
311 344 49 21 Salo
377 344 34 21 till
427 344 65 21 Karis
509 344 83 21 station
609 344 40 22 och
666 344 95 22 derifrän
777 344 75 21 vidare

100 386 78 20 genom
193 380 175 21 kustsocknarna
384 379 34 21 till
434 379 146 27 Helsingfors:

254 446 49 19 Till
318 445 141 25 Vällofliga
473 446 48 19 Bor
528 445 172 26 gareständet.

172 487 73 20 Redan
260 487 36 19 vid
310 489 76 17 tvenne
400 486 125 26 landtdagar
541 487 38 19 har
594 486 60 26 fråga
669 486 54 20 varit
739 493 32 13 om
782 486 67 20 ästad-

101 517 121 20 kommande
243 517 23 19 af
283 523 55 13 mera
359 516 68 20 direkt
440 516 227 30 jernvägsförbindelse
682 516 74 20 mellan
771 516 82 19 landets

101 550 75 17 tvenne
187 549 76 17 största
274 546 74 26 städer,
358 546 131 25 Helsingfors
499 546 38 20 och
545 540 52 31 Äbo,
609 549 26 16 än
646 546 40 19 den
698 553 28 12 nu
736 545 117 25 bestäende,

101 577 84 19 hvilken
205 577 7 19 i
233 576 63 26 längd
316 579 61 22 utgör
393 576 94 25 omkring
503 576 43 20 260
562 576 112 24 kilometer,
691 576 72 19 medan
779 575 75 19 afstän-

102 607 35 19 det
156 607 8 19 i
184 609 33 17 rät
233 606 48 19 linie
296 606 74 19 mellan
385 606 89 19 nämnda
491 608 55 17 orter
561 608 62 23 utgör
638 606 54 19 blott
707 605 87 25 ungefär
811 605 42 19 160

101 636 112 20 kilometer.
244 636 42 19 Vid
306 636 96 19 sednaste
425 635 101 26 landtdag
548 635 101 19 stannade
670 635 38 19 ock
723 635 64 19 redan
803 634 50 20 Bor-

102 666 132 25 gareständet
250 665 31 20 för
296 666 32 19 sin
344 665 33 19 del
392 665 7 19 i
415 665 34 19 det
465 666 69 19 beslut
552 667 44 23 ,att
611 665 116 19 Ständerna
737 664 67 20 skulle
815 664 37 19 hos

102 696 58 19 Hans
181 695 119 25 Kejserliga
318 695 97 25 Majestät
430 694 82 20 anhålla
528 702 31 12 om
575 694 153 20 verkställande
744 694 23 20 af
780 694 73 29 ekono-

102 725 66 19 miska
183 725 38 19 och
236 725 95 19 tekniska
352 724 179 26 undersökningar
555 724 32 19 för
602 730 26 14 en
641 724 89 25 jernväg
745 724 47 18 frän
807 724 46 18 Abo

102 755 58 19 öfver
180 755 47 19 Salo
242 755 33 19 till
290 754 62 20 Karis
368 754 75 20 station
459 758 53 16 samt
527 754 79 24 vidare,
621 754 47 19 med
683 752 135 26 begagnande
834 752 23 20 af

102 786 68 24 nägon
186 784 33 20 del
235 784 22 20 af
270 784 74 25 Hangö
360 784 73 24 banan,
449 790 73 18 genom
537 784 166 19 kustsocknarna
713 783 32 19 till
756 782 97 25 Helsing-

102 814 62 20 fors.*
196 814 44 20 Och
260 814 152 25 Ridderskapet
433 814 38 18 och
486 813 67 20 Adeln
569 813 48 26 gick
633 816 55 16 ännu
703 813 78 26 längre,
797 812 6 19 i
819 812 36 19 det

103 844 82 19 ståndet
204 844 67 19 beslöt
294 846 30 17 att
344 844 82 19 anhålla
441 843 18 25 ej
480 843 53 20 blott
549 850 32 23 om
596 843 155 25 undersökning
768 841 45 28 ,för
829 848 26 13 en

102 873 136 26 kustjernväg
261 873 74 20 mellan
353 869 135 41 Helsingfors
510 873 38 19 och
568 866 68 32 Äbo*,
656 875 50 17 utan
728 872 75 25 jemväl
824 873 31 18 att

102 903 64 26 nådig
186 903 126 26 proposition
335 910 32 13 om
388 903 68 20 denna
474 903 100 25 jernvägs
590 888 109 34 utförande
715 902 66 19 skulle
797 904 56 17 näst-

103 933 191 19 sammanträdande
314 933 87 19 Ständer
421 932 122 25 föreläggas.
573 932 75 25 Någon
663 932 86 25 petition
764 931 7 19 i
787 932 68 18 ämnet

102 963 48 19 kom
170 962 53 20 dock
244 963 46 19 icke
310 962 31 19 till
362 962 67 25 stånd,
445 962 86 19 emedan
543 961 213 26 jernvägsutskottets
771 960 83 25 förslag,

103 995 31 16 att
149 992 227 25 petitionsmemorialen
394 992 43 25 ,för
453 991 67 20 denna
536 993 68 24 gång"
617 991 45 20 icke
673 991 66 20 skulle
750 989 105 20 föranleda

103 1021 31 19 till
154 1023 68 23 någon
242 1021 74 25 åtgärd
336 1021 46 19 från
403 1021 125 20 Ständernas
545 1021 50 25 sida,
611 1027 55 13 vann
682 1020 105 26 pluralitet
802 1019 53 20 både

103 1052 7 18 i
125 1051 81 19 Preste-
222 1052 38 18 och
276 1050 159 20 Bondeståndet.

174 1080 120 20 Emellertid
314 1080 37 20 har
366 1087 29 13 nu
410 1080 121 26 ytterligare
547 1086 26 14 en
588 1078 183 27 landtdagsperiod
787 1078 68 20 förflu-

103 1110 30 19 tit.
169 1110 104 20 Karelska
290 1110 115 25 jernvägen
425 1110 38 19 och
487 1110 214 25 Björneborgsbanan,
723 1108 72 20 hvilka
817 1107 36 20 vid

104 1142 82 17 senaste
204 1140 136 19 ständermöte
360 1140 62 25 kring
442 1140 32 24 sig
495 1139 90 20 samlade
611 1139 35 19 det
667 1141 64 17 mesta
752 1138 103 24 intresset,

104 1172 35 16 äro
158 1170 96 19 beslutna
270 1170 38 19 och
327 1169 65 20 delvis
411 1169 66 19 under
499 1169 74 19 arbete.
605 1169 79 19 Genom
699 1167 118 20 utförandet
835 1166 23 20 af

104 1198 25 20 de
145 1201 56 17 stora
215 1198 171 26 hufvudvägarne
401 1205 72 19 genom
490 1194 138 29 Österbotten,
644 1198 99 20 Savolaks
759 1196 38 20 och
811 1196 44 20 Ka-

103 1228 57 20 relen
176 1231 34 17 äro
226 1228 155 26 grundlinierna
395 1228 32 20 för
437 1228 36 20 det
483 1228 68 19 finska
559 1228 158 25 jernvägsnätet
726 1226 128 26 uppdragna.

104 1258 48 19 Men
173 1264 74 19 genom
267 1258 61 20 dessa
346 1258 152 25 anläggningar
518 1258 39 18 har
577 1257 39 20 ock
631 1257 85 19 bundits
731 1263 26 13 en
773 1256 23 20 sä
812 1258 43 16 stor

103 1287 160 26 kapitalmängd,
283 1290 50 17 utan
353 1288 107 25 synnerlig
479 1287 67 25 utsigt
567 1287 33 19 till
623 1293 25 13 en
669 1286 98 25 rikligare
787 1284 69 20 direkt

104 1317 127 25 afkastning,
254 1319 31 17 att
306 1317 34 20 det
363 1317 46 19 från
433 1317 75 19 allmän
531 1316 197 25 statshushällnings
749 1314 107 26 synpunkt

104 1353 49 13 vore
172 1346 108 26 högeligen
301 1346 96 26 önskligt,
419 1354 32 12 om
471 1346 37 20 vid
526 1346 161 25 planläggandet
707 1345 22 19 af
745 1351 42 19 nya
800 1344 56 26 jern-

103 1376 132 25 vägsföretag
255 1376 69 20 kunde
343 1376 110 26 päräknas,
474 1379 31 16 att
525 1376 103 19 desamma
649 1375 66 19 skulle
729 1374 82 20 komma
826 1375 31 17 att

103 1405 87 26 bidraga
210 1406 31 19 till
262 1406 40 19 den
322 1406 64 19 totala
401 1405 238 26 exploitationsvinstens
654 1404 87 26 höjande
758 1404 38 19 och
811 1402 46 20 icke

176 1445 172 23 Jernvägsutskottets
360 1445 109 18 betänkande
481 1445 36 19 N:o
531 1446 16 16 1.
