1070 1667
149 200 52 19 Med

80 233 121 21 hemställa:

153 938 39 21 Uti

261 136 281 22 Petitionsbetänkande
558 136 45 22 N:o
619 136 37 22 21.
797 138 12 18 9

221 199 50 20 stöd
287 199 25 20 af
324 199 37 20 det
376 199 90 20 anförda
482 199 30 20 får
528 199 115 20 Utskottet
659 199 54 20 altså
729 199 110 20 vördsamt

287 289 35 20 det
350 289 124 20 Ständerna
497 289 49 20 ville
569 289 35 20 till
624 289 65 20 Hans
715 289 124 27 Kejserliga

218 324 108 27 Majestät
348 323 70 28 aflåta
441 331 23 12 en
488 323 137 27 underdänig
636 323 90 27 petition
741 323 51 20 med
804 330 35 13 an-

217 357 77 21 hållan

289 394 32 17 att
343 391 65 20 Hans
431 391 124 27 Kejserliga
576 391 108 27 Majestät
699 391 80 20 täcktes
794 391 47 20 låta

220 427 83 26 öfverse
322 425 106 27 gällande
450 425 135 27 stadganden
608 425 111 26 angående
734 425 106 20 domstols-

219 459 102 21 väsendet
343 459 37 20 och
404 460 140 26 rättegången
566 462 58 17 samt
637 459 34 26 på
683 459 78 26 grund
773 459 72 25 däraf

220 494 45 21 dels
287 493 90 27 vidtaga
401 493 83 27 åtgärd
504 500 32 13 om
553 493 149 20 utarbetandet
716 494 29 25 af
750 493 93 27 förslag

220 528 36 21 till
275 528 86 20 sådana
383 535 60 13 mera
465 527 134 28 omfattande
617 528 109 26 reformer,
742 535 45 12 som
802 529 39 18 äro

219 563 30 26 af
267 562 97 26 behofvet
381 562 126 27 påkallade,
532 569 46 13 men
602 561 101 27 erfordra
726 569 24 13 en
765 562 76 26 längre

214 596 152 28 förberedelse,
390 596 44 20 dels
455 596 67 20 redan
538 596 36 20 till
586 597 64 18 nästa
665 595 108 27 landtdag
781 597 60 26 före-

221 631 66 26 lägga
310 630 125 20 Ständerna
458 630 70 27 nädig
544 630 131 27 proposition
698 637 33 13 om
756 630 85 20 sädana

216 664 105 27 partiella
336 664 166 26 jörändringar
515 664 9 20 i
538 663 207 27 rättegångsbalken,
764 670 77 20 genom

219 698 79 25 hvilka,
314 698 51 20 med
378 698 146 21 bibehållande
540 699 30 26 af
580 698 35 20 det
627 698 139 20 närvarande
779 699 62 19 rätte-

216 732 186 28 gängsväsendets
424 732 189 28 hufvudgrundcr,
636 734 68 18 större
718 732 123 27 skyndsam-

219 766 36 21 het
269 766 37 21 och
321 766 94 21 enkelhet
429 766 9 21 i
445 766 147 28 förfaraudet
606 766 69 20 kunde
691 766 81 21 vinnas.

214 937 159 27 behandlingen
394 938 24 20 af
436 938 60 20 detta
512 938 80 20 ärende
608 937 63 21 hafva
687 937 90 27 deltagit
793 937 49 21 ord-

83 972 104 21 föranden
208 967 155 36 Montgomery,
379 971 144 21 ledamöterne
543 972 126 20 friherrarne
681 972 26 20 R.
716 972 28 20 A.
753 971 88 25 Wrede,

83 1006 161 27 Langenskiöld
259 1005 42 21 och
316 1012 43 14 von
374 1006 64 25 Born,
455 1006 83 26 Jaakko
550 1006 109 25 Forsman,
671 1005 170 27 Schwartzberg,

83 1040 28 21 H.
126 1040 25 20 E.
167 1040 139 25 Schroderus,
323 1040 18 26 J.
357 1039 116 25 Stenbäck,
490 1039 97 27 Juselius,
606 1039 95 26 Castrén,
714 1040 127 27 Leppänen,

83 1073 130 22 Tensikkala
229 1073 42 21 och
285 1073 115 25 Teittinen,
417 1077 55 17 samt
488 1073 144 28 suppleanten
646 1074 63 27 Berg,
729 1074 113 21 äfvensom

85 1108 67 21 delvis
175 1108 146 29 ledamöterne
338 1107 26 21 G.
380 1107 128 27 Johansson,
532 1107 121 22 Serlachius
675 1108 41 21 och
734 1107 107 28 Clouberg

85 1145 56 18 samt
155 1136 167 33 suppleanterne
337 1142 120 27 Karlsberg
472 1142 42 21 och
529 1142 98 26 Jansson.

152 1199 135 28 Helsingfors
303 1199 41 20 den
360 1204 12 21 7
389 1199 54 27 april
460 1200 60 25 1891.

110 1464 129 23 Lagutskottets
251 1464 110 18 betänkande
372 1464 39 18 N:o
424 1464 17 17 8.
