1053 1675
243 98 29 19 24
432 96 223 24 Petitionsbetänkaude
671 98 34 22 N:o
721 97 13 22 1.

212 157 54 20 ifrån
286 157 134 21 Tammerfors
439 158 31 20 till
490 158 75 26 Hangö
581 159 43 19 276
639 158 111 26 kilometer,
765 157 73 21 medan
853 158 101 21 afståndet

212 187 53 19 ifrån
286 187 133 21 Tammerfors
438 188 32 20 till
489 188 129 26 Mäntyluoto
639 188 91 20 deremot
745 187 74 21 endast
833 191 60 23 utgör
910 189 41 19 155

212 217 109 19 kilometer.
351 217 41 21 Det
405 218 41 20 kan
461 218 45 20 icke
521 218 126 26 förutsättas,
663 221 30 17 att
709 218 25 20 de
744 218 45 20 inre
799 218 153 20 landsdelarnas

212 246 61 20 trafik
293 246 40 21 kan
348 247 66 21 lemna
428 247 116 21 fördelarna
560 248 22 20 af
595 254 25 14 en
636 248 58 26 dylik
709 248 107 20 förkortad
830 248 123 20 förbindelse

211 276 46 20 med
277 276 68 21 hafvet
365 277 124 26 obegagnad.
519 278 74 20 Redan
613 285 28 13 nu
659 278 66 20 finnas
740 278 7 19 i
764 278 134 20 Tammerfors
915 278 37 20 och

212 306 47 21 dess
279 309 101 18 närmaste
399 307 135 26 omgifningar
553 308 49 20 flere
624 308 93 26 sågverk,
737 308 72 20 hvilka
829 308 73 20 enkom
916 310 35 18 äro

212 336 87 26 anlagda
318 337 7 19 i
345 337 54 26 syfte
419 337 22 20 af
458 337 159 26 afverkningens
637 338 126 20 nedförande
783 338 31 19 till
833 338 63 20 Räfsö
915 338 37 20 och

211 366 65 20 andra
298 366 69 26 dylika
387 367 57 20 skola
464 369 50 19 utan
534 367 72 21 tvifvel
627 368 106 20 efterhand
753 368 81 26 uppstå,
854 375 32 13 om
901 368 51 20 blott

211 396 86 21 trafiken
312 397 73 20 mellan
399 397 127 26 Björneborg
540 398 39 19 och
594 397 47 21 dess
656 398 61 20 hamn
727 398 54 20 löses
792 397 52 21 ifrån
854 398 26 19 de
891 398 60 25 band,

211 426 70 20 hvilka
300 433 28 13 nu
347 428 23 18 så
389 427 84 25 menligt
492 427 86 21 inverka
593 428 27 25 på
634 427 122 21 densamma.
788 428 43 20 Och
846 427 60 21 äfven
921 427 31 20 för

212 455 65 26 öfriga
291 456 8 20 i
313 456 37 20 och
365 456 56 21 invid
432 457 136 20 Tammerfors
578 457 89 26 belägna
677 457 128 20 industriella
815 458 136 25 inrättningar

210 486 42 20 kan
272 486 40 20 den
330 486 131 26 nedsättning
480 487 8 19 i
507 487 245 26 transportkostnaderna
771 487 32 20 för
823 487 29 20 in-
868 487 37 20 och
921 490 30 17 ut-

210 516 79 25 gående
305 517 94 20 råämnen
415 517 37 19 och
467 516 148 26 fabriksalster,
630 517 83 20 hvilken
729 524 73 18 genom
817 517 134 25 Björneborg-

210 545 38 20 ska
260 546 113 26 jernvägen
388 546 69 21 ställes
472 546 7 20 i
494 547 71 26 utsigt,
581 547 45 20 icke
641 554 50 13 vara
706 549 63 18 annat
784 550 25 17 än
819 547 131 26 välkommen,

210 575 31 20 för
261 578 31 17 att
311 576 44 20 icke
375 577 42 20 tala
436 584 32 13 om
486 577 39 20 alla
541 577 25 20 de
581 577 128 20 industriella
723 577 143 26 inrättningar,
881 577 70 20 hvilka

210 605 44 20 dels
274 606 63 20 redan
356 607 92 26 existera,
469 607 43 20 dels
532 607 32 20 till
578 607 50 25 följd
643 607 24 20 af
676 607 125 26 jernvägens
817 606 111 27 inflytande
943 607 7 19 i

209 638 102 18 närmaste
325 636 82 20 framtid
421 639 50 18 utan
486 637 72 20 tvifvel
573 637 79 20 komma
668 639 30 18 att
708 638 77 25 uppstå
794 637 36 19 vid
840 637 25 20 de
875 637 73 25 många

209 665 71 26 forsar,
300 665 69 21 hvilka
388 668 169 25 vattensystemet
577 669 68 18 vester
666 674 31 13 om
718 666 135 21 Tammerfors
868 666 37 20 har
920 668 30 18 att

209 695 91 25 erbjuda.

279 725 40 20 Det
339 725 37 20 har
396 726 62 20 också
477 726 66 20 blifvit
564 726 93 27 uttaladt,
678 729 30 17 att
727 726 40 20 den
782 725 167 26 transitorörelse,

208 754 84 21 hvilken
313 755 69 20 kunde
404 755 78 20 komma
504 756 166 25 Björneborgska
690 757 115 24 jernvägen
827 756 31 19 till
880 755 40 26 del,
942 756 7 19 i

209 791 75 14 samma
304 786 46 19 mån
370 785 65 20 skulle
455 785 85 26 bidraga
560 785 32 20 till
614 788 31 18 att
660 785 80 20 minska
755 785 87 20 trafiken
857 786 12 19 &
884 785 65 25 öfriga

208 814 53 20 ifrån
281 815 134 20 Tammerfors
434 815 102 26 utgående
551 816 69 19 banor.
649 816 38 19 Ett
702 815 67 26 dylikt
784 815 165 20 betraktelsesätt

207 844 65 20 måste
292 844 51 20 dock
361 851 60 13 anses
440 845 47 25 föga
502 845 125 20 vidtseende.
657 845 38 20 Att
709 844 90 20 trafiken
814 844 135 20 öfverhufvud

207 874 12 19 å
234 874 40 20 alla
289 874 41 20 håll
345 874 36 20 vill
395 875 94 25 begagna
504 875 32 25 sig
550 874 23 20 af
581 875 25 19 de
616 875 92 20 kortaste
719 875 38 20 och
767 874 102 26 billigaste
879 877 69 24 vägar,

207 906 23 17 är
245 910 26 13 en
286 904 88 26 naturlig
389 904 42 27 sak,
446 904 84 20 hvilken
545 904 45 20 icke
605 904 46 20 med
661 904 109 20 konstlade
780 904 64 20 medel
854 904 33 20 får
896 906 49 18 mot-

207 933 79 20 verkas.
316 934 48 20 Men
387 934 56 20 detta
462 934 66 20 blefve
547 934 63 27 fallet,
630 941 32 13 om
682 941 47 13 man
749 941 73 19 genom
842 936 30 18 att
892 933 57 26 gifva

206 963 164 26 Björneborgska
389 964 111 25 jernvägen
520 970 26 14 en
566 964 79 20 mindre
660 964 161 25 ändamålsenlig
837 963 110 25 afslutning

206 992 48 24 ville
277 992 66 26 afböja
364 993 128 21 konkurrens
512 994 46 20 med
579 994 64 20 andra
665 994 70 20 banor.
771 994 81 19 Statens
874 993 73 25 högsta

206 1022 54 26 syfte
282 1024 63 18 måste
365 1023 60 20 sökas
445 1024 7 18 i
473 1024 39 19 alla
532 1023 143 26 medborgares
696 1024 75 24 högsta
790 1023 82 25 möjliga
886 1022 61 20 frihet

205 1052 32 19 till
256 1052 103 20 förkofran
378 1053 37 19 och
430 1053 124 26 utveckling.
584 1054 36 18 Ett
635 1053 167 20 betraktelsesätt
817 1052 72 20 sådant
904 1059 43 13 som

206 1081 34 20 det
262 1082 155 26 ifrågavarande
437 1083 41 19 kan
498 1083 8 19 i
526 1082 73 26 sjelfva
618 1083 71 20 verket
710 1083 46 19 icke
777 1082 63 20 heller
860 1089 24 12 ur
900 1089 47 19 syn-

205 1112 92 25 punkten
317 1112 22 20 af
357 1113 151 20 statsbanornas
530 1112 127 21 omedelbara
675 1112 66 21 fördel
761 1112 123 26 godkännas.
915 1112 32 19 En

205 1148 29 19 ny
248 1141 160 27 ändamålsenlig
422 1142 94 20 trafikled
531 1143 42 19 kan
588 1143 120 26 visserligen
719 1142 65 26 draga
795 1142 31 19 till
836 1142 32 25 sig
878 1142 67 25 någon

205 1171 33 20 del
259 1171 23 20 af
302 1171 39 20 den
361 1172 81 26 rörelse,
465 1172 83 20 hvilken
570 1172 87 26 tidigare
677 1172 89 21 fördelat
786 1171 32 26 sig
837 1173 26 24 på
884 1171 63 20 andra

204 1201 68 20 banor.
303 1202 48 19 Men
368 1201 40 20 den
423 1202 52 20 skall
490 1203 12 18 &
517 1201 67 22 andra
599 1202 58 20 sidan
673 1202 61 20 äfven
749 1201 76 20 tillföra
840 1201 56 20 äldre
911 1201 33 19 ba-

204 1237 37 13 nor
261 1237 25 14 en
306 1232 23 19 så
348 1231 82 26 mycket
450 1234 65 17 större
534 1231 38 20 och
593 1231 164 26 mångfaldigare
772 1231 67 26 trafik,
853 1231 24 25 ju
892 1237 55 13 mera

205 1260 46 20 dess
272 1267 51 19 egen
337 1261 75 20 rörelse
427 1262 27 25 på
468 1261 68 26 grund
552 1261 22 20 af
586 1262 145 25 utsträckning
746 1261 32 20 till
792 1260 155 27 betydelsefulla

203 1289 149 27 trafikpunkter
372 1291 129 26 uppbringas.
532 1291 138 26 Björneborgs
690 1291 48 20 stad
758 1293 23 17 är
802 1291 66 19 såsom
882 1289 64 21 sådan

203 1319 45 20 icke
268 1321 62 25 något
349 1321 119 25 tillräckligt
488 1321 68 20 starkt
576 1321 159 24 trafikcentrum,
756 1327 47 14 men
820 1320 66 19 tillika
900 1319 46 20 med

203 1349 64 20 Räfsö
288 1351 36 19 och
343 1351 8 19 i
369 1350 114 21 omedelbar
502 1350 124 21 förbindelse
646 1350 84 21 dermed
749 1353 22 17 är
787 1350 115 20 densamma
917 1351 29 18 ett

203 1378 158 29 trafikcentrum,
381 1380 62 21 hvars
463 1381 76 19 rörelse
559 1380 45 20 icke
623 1380 41 21 kan
679 1380 66 20 blifva
760 1381 50 18 utan
825 1381 75 18 största
915 1379 30 19 in-

202 1408 92 27 flytande
309 1410 59 20 äfven
382 1411 28 25 på
424 1409 87 21 trafiken
526 1411 12 18 &
553 1410 80 20 landets
649 1410 66 26 öfriga
731 1410 115 25 jernvägar.

274 1449 170 24 Jernvägsutskoltets
456 1450 107 19 betänkande
575 1449 36 19 N:o
622 1451 15 18 1.
