1067 1667
267 121 14 19 4
384 118 83 22 Ständ.
483 118 53 22 Pet.
552 132 27 2 —
596 118 171 23 Petitionsbet.
783 118 44 22 N:o
843 118 35 22 15.

237 179 73 26 lämpa
325 179 119 27 principer,
461 185 47 15 som
522 179 20 27 ej
560 179 74 21 kunde
647 179 72 27 gillas,
732 178 63 22 stode
805 180 97 26 utvägen
913 180 71 25 öppen

239 216 33 19 att
292 214 89 27 jemlikt
404 214 81 27 nådiga
506 214 150 27 kungörelsen
679 214 42 22 den
739 216 26 19 11
781 214 122 22 December
928 214 57 21 1884

239 249 103 22 förordna
358 256 34 15 om
407 250 156 21 understödets
579 250 128 26 minskning
722 250 56 21 eller
793 250 139 27 indragning.

309 285 31 22 På
356 286 72 26 grund
444 285 25 21 af
483 286 37 21 det
536 285 92 22 anförda
643 285 23 22 få
682 285 124 22 Ständerna
821 286 6 20 i
839 286 147 26 underdånig-

238 322 38 20 het
292 321 97 21 anhålla:

452 370 35 20 det
502 370 79 20 täcktes
596 370 72 21 Eders
683 370 123 26 Kejserliga
822 370 101 26 Majestät
932 370 9 20 i
951 368 37 22 nå-

416 406 40 21 der
464 406 117 26 förordna,
590 407 32 20 att
634 406 92 27 privata
734 406 101 21 läroverk
844 406 50 21 med
903 411 83 21 gemen-

416 447 50 15 sam
482 441 161 26 undervisning
659 441 38 26 för
710 447 81 21 gossar
806 441 38 21 och
857 441 76 26 flickor
948 441 38 21 må

416 478 8 19 i
442 477 101 26 afseende
565 476 15 21 å
603 477 189 26 subventionering
818 483 30 14 ur
872 477 115 21 allmänna

416 513 69 20 medel
500 513 107 20 likställas
622 513 50 20 med
683 513 92 26 privata
789 513 118 26 gosskolor.

310 570 124 22 Ständerna
449 570 23 22 få
488 571 79 21 derhos
579 570 159 27 underdånigst
749 571 93 26 anmäla,
854 572 34 19 att
897 570 89 22 Preste-

238 606 90 21 ståndet
343 606 49 21 icke
408 605 88 22 förenat
510 606 36 27 sig
562 612 34 15 om
612 606 72 21 denna
699 605 98 27 petition.

307 665 108 21 Finlands
432 665 95 22 Ständer
542 665 127 21 framhärda
685 668 39 19 etc.

308 718 148 27 Helsingfors,
472 719 42 22 den
531 721 27 19 30
575 719 65 26 April
658 721 63 19 1891.

295 1378 132 42 Helsingfors,
438 1378 69 42 Weilin
514 1394 16 16 &
543 1393 53 18 Göös'
610 1384 118 32 aktiebolags
740 1394 119 22 boktryckeri
873 1394 51 17 1891.
