1061 1711
236 153 27 21 46
426 152 29 22 U.
471 152 27 22 B.
515 166 27 2 —
558 152 74 28 Prop.
649 152 45 22 N:o
710 152 38 22 23.

505 529 157 28 Reservation.

275 597 57 20 Ense
347 598 50 20 med
412 598 166 26 Lagutskottets
594 597 68 27 öfriga
679 597 119 21 ledamöter
813 597 45 20 deri
871 599 31 17 att
912 602 50 14 man

206 631 63 21 äfven
284 632 37 20 vid
336 631 130 28 behandling
474 632 24 20 af
503 632 47 20 nåd.
562 633 166 26 propositionen
737 631 112 27 angående
858 630 104 20 särskilda

206 666 114 26 ändringar
336 667 6 19 i
356 665 129 27 Strafflagen
500 666 45 24 bör,
562 666 17 26 ej
596 666 82 20 mindre
694 667 5 19 i
715 665 98 27 politiskt
829 665 27 20 än
871 666 6 18 i
893 664 69 21 straff-

205 700 95 26 rättsligt
321 700 130 24 hänseende,
472 700 78 20 förfara
570 700 49 20 med
635 700 37 20 det
688 700 64 26 lugna
767 698 194 27 tillmötesgående,

205 740 48 14 som
268 734 154 20 medvetandet
438 741 35 13 om
489 742 26 12 en
530 736 6 18 i
552 734 102 20 afseende
670 734 12 20 å
697 734 60 20 såväl
772 733 42 20 mål
829 740 48 13 som
891 732 72 20 medel

204 768 76 21 rättvis
296 768 39 20 sak
349 768 83 24 tillåter,
450 769 37 20 har
501 768 36 27 jag
552 768 56 20 dock
624 780 26 3 —
662 768 93 21 förutom
771 768 66 25 några
853 766 109 27 ofullstän-

205 802 99 27 digheter
320 804 6 19 i
341 803 118 20 utskottets
474 804 134 25 motivering,
624 803 31 20 till
670 802 71 21 hvilka
755 801 38 28 jag
809 801 73 20 ämnar
894 804 68 17 munt-

204 836 57 26 ligen
277 837 133 20 återkomma
426 849 27 2 —
468 838 6 19 i
490 837 59 26 fråga
565 843 35 14 om
616 840 32 17 att
664 837 81 20 ersätta
761 836 68 20 orden
839 835 66 28 ,finsk
912 841 50 14 man

204 870 51 20 eller
273 878 69 13 annan
357 870 51 27 rysk
423 870 128 21 undersäte'
567 871 50 20 med
633 874 31 17 ett
681 869 179 28 begreppsenligt
875 868 86 27 uttryck

204 904 48 21 icke
267 904 80 21 kunnat
362 905 73 20 förena
450 906 44 25 mig
509 912 35 12 om
560 904 118 22 utskottets
690 904 75 27 förslag
778 898 68 37 ,,finsk
854 910 49 13 man
911 902 51 21 eller

203 945 70 14 annan
289 939 75 26 Ryska
380 939 76 21 Rikets
472 939 134 21 undersåte".
637 939 35 26 Ty
688 940 5 19 i
709 942 31 17 ett
756 938 51 23 rike,
824 938 64 20 hvars
903 937 59 20 delar

203 972 81 26 åtnjuta
307 973 74 27 statlig
396 974 116 24 autonomi,
528 973 70 20 kunna
616 973 173 27 medborgarene
805 973 6 19 i
827 972 27 20 de
869 971 94 21 särkilda

202 1010 97 17 staterna
318 1007 48 20 icke
384 1006 67 21 kallas
468 1007 63 20 rikers
546 1007 131 25 undersåtar,
694 1006 145 27 synnerligast
854 1006 38 20 der
906 1005 57 21 både

203 1040 145 28 etnografiska
371 1041 41 20 och
435 1041 114 21 historiska
572 1041 177 27 förutsättningar
771 1040 38 20 äro
828 1040 63 24 olika,
907 1042 56 18 samt

202 1075 43 20 den
270 1074 102 28 politiska
395 1076 173 26 organisationen
594 1075 80 21 företer
698 1074 121 27 väsentliga
842 1073 120 21 afvikelser.

202 1108 76 21 Under
300 1108 80 21 sådana
401 1109 146 20 förhållanden
569 1109 78 20 varder
662 1108 112 27 uttrycket
789 1124 6 9 ,
797 1108 74 24 rikets
886 1107 76 21 under-

201 1143 69 24 såte",
293 1143 20 20 d.
335 1150 19 13 v.
375 1149 17 14 s.
411 1142 187 27 rikskomplexens
614 1143 121 24 undersäte,
752 1142 18 26 ej
787 1141 91 21 allenast
892 1144 71 17 teore-

201 1176 53 21 tiskt
270 1176 115 25 inkorrekt,
402 1177 50 20 enär
468 1184 26 13 en
509 1183 80 20 person
603 1177 42 20 kan
661 1177 34 20 stä
710 1178 6 19 i
732 1175 143 27 undersätligt
886 1174 77 21 förhäl-

201 1210 64 21 lande
287 1211 77 20 endast
384 1212 6 19 i
408 1217 31 18 ex,
456 1217 47 14 men
517 1211 46 20 icke
579 1212 57 19 inom
651 1211 51 20 flere
717 1214 75 21 stater,
809 1213 52 17 utan
876 1209 41 20 kan
932 1209 32 20 ät-

200 1251 43 14 ven
258 1246 6 19 i
279 1246 57 19 vissa
352 1245 36 20 fall
402 1245 26 20 af
439 1245 97 26 praktisk
551 1244 135 27 tillämpning
701 1245 67 20 blifva
781 1243 182 21 vilseledande
946 1239 20 38 —

201 1279 42 20 och
259 1279 60 20 detta
335 1282 51 17 utan
401 1279 71 26 någon
488 1279 82 26 verklig
585 1279 69 20 fördel
669 1279 33 20 för
718 1282 31 17 ett
766 1277 120 21 önskvärdt
896 1277 66 25 ,,riks-

200 1312 127 21 samband”.
357 1313 111 24 Deremot,
485 1313 41 20 och
542 1313 51 20 enär
608 1313 157 26 undersätskap
782 1314 6 18 i
805 1311 75 26 sjelfva
888 1311 75 20 verket

200 1346 119 21 betecknar
334 1346 142 21 förhållandet
491 1347 90 20 emellan
596 1347 173 26 medborgarene
785 1347 6 19 i
808 1353 26 13 en
845 1348 44 18 stat
898 1346 12 19 å
922 1351 41 14 ena

199 1379 63 21 sidan
285 1380 42 20 och
349 1383 82 18 statens
454 1381 136 19 monarkiska
614 1381 143 19 öfverhufvud
781 1380 30 26 på
831 1380 43 20 den
889 1379 73 23 andra,

199 1420 60 18 vore,
282 1414 29 26 på
326 1414 44 20 sätt
386 1414 65 20 äfven
466 1414 93 21 Senaten
575 1414 35 20 vid
626 1414 155 27 uppgörandet
798 1413 25 20 af
835 1412 79 27 förslag
929 1412 33 21 till

199 1447 43 20 den
257 1447 48 20 nåd.
322 1449 165 25 propositionen
502 1448 104 24 anmärkt,
624 1448 110 25 uttrycket
750 1453 85 18 ,,annan
846 1445 116 26 Kejsarens

268 1485 130 23 Lagutskottets
410 1486 112 17 betänkande
534 1486 38 17 N:o
585 1487 27 16 15.
