1061 1700
322 126 28 23 U.
365 127 27 21 B.
408 139 28 3 —
451 127 72 27 Prop.
539 126 41 23 N:o
596 126 35 22 30.

310 577 252 23 Ekonomiutskottets
584 577 150 23 betänkande
758 577 42 21 N:o
823 576 35 26 11,

242 614 9 20 i
267 612 128 28 anledning
410 612 28 22 af
450 612 67 22 Hans
533 612 137 28 Kejserliga
686 611 124 29 Majestäts
819 610 39 22 nå-

243 648 56 26 diga
321 647 151 27 proposition
496 647 39 21 till
557 646 115 22 Finlands
695 646 109 27 Ständer,
820 651 38 16 an-

243 682 89 27 gäende
355 682 102 26 ändring
481 682 27 21 af
525 681 87 28 nädiga
631 681 174 27 förordningen
821 686 39 16 om

241 717 150 27 näringarne,
407 716 82 28 gifven
505 716 44 22 den
564 716 27 22 31
607 716 62 22 Mars
686 716 63 22 1879.

177 821 77 21 Denna
269 821 82 28 nädiga
368 820 139 29 proposition,
526 827 44 16 som
593 820 119 22 föranledts
736 819 25 23 af
774 820 27 21 de
816 819 46 22 lan-

107 855 47 23 dets
170 862 28 15 nu
212 855 129 23 församlade
356 856 93 22 Ständer
464 856 113 28 förelagda
592 855 185 28 propositionerna
788 861 33 15 om
831 854 31 22 in-

106 890 90 22 förande
219 890 24 22 af
264 890 56 22 accis
343 891 27 27 pä
391 891 67 22 tobak
480 891 39 22 och
541 891 111 28 pressjäst,
667 891 40 21 har
721 890 26 22 af
759 888 104 28 samtliga

107 925 70 23 Stånd
198 925 8 22 i
227 924 101 23 afseende
349 926 13 21 å
377 925 158 23 förberedande
550 925 164 28 handläggning
728 924 134 28 hänskjutits

108 960 33 22 till
157 959 217 27 Ekonomiutskottet,
397 966 44 16 som
457 960 29 28 på
501 960 63 28 gjord
580 959 114 29 förfrågan
708 959 88 22 erhållit
811 964 52 22 upp-

106 994 86 28 lysning
207 994 77 28 derom,
302 996 33 20 att
350 994 36 23 vid
401 994 171 28 propositionens
582 994 119 28 beredning
715 994 7 22 i
737 992 125 29 Kejserliga

107 1029 94 22 Senaten
217 1029 64 27 ingen
295 1029 253 28 meningsskiljaktighet
562 1029 141 22 förekommit.

177 1063 42 23 Vid
234 1064 158 28 behandlingen
407 1064 25 22 af
445 1064 62 22 detta
525 1064 79 22 ärende
622 1064 40 22 har
676 1062 188 23 Ekonomiutskot-

108 1099 39 27 tet,
164 1098 88 22 emedan
267 1098 115 22 införande
397 1098 24 22 af
434 1099 58 21 accis
507 1099 28 27 på
556 1099 73 27 tobak,
645 1098 70 22 såsom
730 1097 25 22 af
769 1097 42 22 den
826 1096 38 22 nå-

108 1132 52 29 diga
182 1133 158 28 propositionen
362 1134 93 21 rörande
477 1134 60 22 detta
552 1136 62 19 ämne
629 1133 102 28 framgår,
747 1132 118 22 förutsatte

108 1169 32 21 ett
154 1168 77 21 förbud
246 1169 43 20 mot
304 1168 74 28 odling
392 1167 25 22 af
430 1169 68 21 tobak
513 1169 33 21 till
562 1168 69 22 afsalu
646 1168 56 21 inom
719 1166 95 23 Finland
826 1166 39 22 och

108 1204 33 21 ett
162 1202 79 23 sådant
263 1203 78 22 förbud
362 1202 137 23 innefattade
522 1209 25 16 en
571 1202 157 28 inskränkning
744 1202 7 21 i
767 1201 42 22 den
825 1201 39 22 all-

108 1243 62 22 moge
192 1237 39 22 och
252 1237 255 28 lägenhetsinnehafvare
529 1237 28 28 på
572 1237 76 22 landet
662 1243 77 22 genom
755 1235 110 29 grundlag

108 1271 161 23 tillförsäkrade
291 1273 46 20 rätt
360 1273 33 20 att
408 1272 33 21 till
464 1272 48 22 salu
527 1272 59 22 hålla
601 1272 45 27 allt,
663 1271 57 22 hvad
735 1271 50 21 från
802 1270 63 22 deras

109 1306 126 28 lägenheter
251 1306 97 28 erhålles,
364 1308 56 20 samt
434 1306 87 28 frågan,
537 1306 73 22 såvidt
626 1306 40 22 den
683 1306 70 28 angår
768 1305 58 22 accis
837 1304 29 28 på

108 1341 73 26 tobak,
206 1340 68 28 enligt
295 1341 117 22 utskottets
434 1341 89 28 mening
544 1341 85 22 således
644 1340 65 22 borde
724 1338 143 24 behandlas
854 1334 16 39 i

110 1375 41 22 den
167 1375 33 21 för
216 1374 104 23 stiftande
343 1375 52 22 eller
416 1375 95 28 ändring
526 1375 24 22 af
564 1375 107 28 grundlag
686 1375 39 21 och
740 1373 127 29 privilegier

109 1410 107 27 stadgade
239 1409 97 28 ordning,
360 1411 72 21 ansett
454 1410 35 28 sig
511 1410 53 22 böra
586 1410 87 27 föreslå,
689 1411 33 20 att
737 1408 130 27 Ständerna,

177 1450 192 19 Ekonomiutskottets
382 1450 117 19 betänkande
512 1450 38 19 N;o
564 1451 26 18 11,
