1061 1706
253 130 25 20 16

402 129 83 23 Ständ.
501 129 38 23 Sv.
556 143 27 3 —
600 130 72 28 Prop.
689 130 44 22 N:o
763 130 37 22 24.

627 192 14 24 $
648 191 36 22 52.

438 238 148 28 Värnepligtig
609 239 41 21 hör
666 240 32 20 till
713 239 34 21 det
765 238 199 28 lottningsomräde,

362 280 47 15 som
425 275 106 26 omfattar
547 275 42 21 den
602 275 139 27 församling,
758 276 9 20 i
781 275 67 21 hvars
858 275 108 27 kyrkobok

361 310 46 20 han
422 312 27 19 är
465 310 127 26 inskrifven.

433 352 52 21 Har
499 352 176 27 flyttningsbetyg
690 352 114 27 utfärdats
819 352 24 22 ät
857 352 74 27 någon
941 353 26 26 af

362 388 96 21 mankön
481 388 71 21 innan
570 388 46 21 han
628 388 44 26 fylt
684 388 84 26 fyratio
787 387 28 22 är
831 389 50 21 eller
895 389 29 26 af
935 389 30 21 be-

362 424 63 27 hörig
447 424 127 27 myndighet
595 424 123 27 förklarats
741 424 87 27 oduglig
851 425 32 21 till
897 424 68 27 krigs-

363 460 69 26 tjenst,
442 459 41 28 får
493 460 45 21 han
552 460 20 27 ej
579 466 29 15 ur
626 460 135 27 kyrkoboken
775 461 91 26 afföras,
883 461 81 26 förrän

358 496 178 26 pastorsembetet
552 495 87 22 erhållit
654 496 85 27 behörig
754 497 165 26 underrättelse,
933 497 32 20 att

361 531 45 21 han
421 532 69 26 blifvit
504 533 9 20 i
527 538 77 15 annan
623 532 134 27 församling
771 532 126 27 inskrifven.
923 531 40 22 Sä-

362 567 45 21 dan
422 567 159 22 underrättelse
596 568 56 21 skall
663 568 177 26 pastorsembetet
852 568 9 21 i
871 568 41 21 den
920 568 44 26 för-

361 603 102 27 samling,
481 603 32 22 dit
528 604 151 26 inflyttningen
689 604 59 25 skett,
759 603 37 22 vid
807 603 157 27 tjensteansvar

362 639 157 27 ofördröjligen
533 645 77 21 genom
626 639 189 27 embetsskrifvelse
830 639 103 21 meddela.

632 724 14 24 $
662 723 34 21 54.

430 765 75 20 Innan
521 765 41 20 den
578 765 13 20 5
607 765 99 21 Januari
725 765 40 20 bör
775 764 83 27 jemväl
872 765 91 20 härads-

361 800 130 26 skrifvaren,
515 799 29 27 pä
566 800 77 26 grund
660 801 29 26 af
700 801 26 20 de
741 800 156 27 anteckningar
919 800 44 21 han

359 835 38 22 vid
411 836 238 27 mantalsskrifningen
659 836 39 27 för
707 835 82 22 sådant
799 835 107 22 ändamål
915 842 48 21 eger

357 871 59 26 föra,
426 872 32 21 till
475 871 215 27 uppdbädsnämnden
714 872 95 25 aflemna
829 871 134 27 förteckning

360 907 59 26 öfver
435 907 45 21 alla
495 908 34 21 uti
543 907 94 22 häradet
654 907 170 26 mantalskrifne
838 907 124 27 ynglingar,

359 942 72 21 hvilka
445 942 132 27 föregående
592 943 29 21 år
635 943 96 27 uppnått
743 943 91 27 tjuguett
844 942 40 22 års
894 943 68 22 ålder.

359 978 176 27 Förteckningen,
560 979 89 21 hvartill
671 979 81 26 nödiga
773 979 116 21 blanketter
904 979 59 20 skola

359 1014 28 26 af
398 1013 216 28 uppbådsnämnden
622 1015 109 21 tillställas
753 1015 210 26 häradsskrifvaren

359 1051 73 20 senast
446 1050 61 21 inom
520 1050 66 26 förra
602 1050 82 27 hälften
699 1051 28 26 af
738 1050 120 21 November
880 1049 83 22 månad

355 1084 132 27 föregående
503 1085 33 27 år,
554 1086 38 21 bör
608 1085 111 22 innehålla
736 1086 88 26 uppgift
834 1092 35 15 om
880 1086 26 21 de
917 1086 47 21 deri

357 1121 115 26 upptagna
483 1127 150 20 personernas:
639 1124 45 26 a)
696 1122 109 26 förnamn
820 1121 38 22 och
869 1121 94 26 familje-

358 1155 50 21 eller
423 1157 107 26 tillnamn,
547 1159 59 19 samt
618 1157 78 26 faders
715 1157 57 26 eller,
788 1163 35 14 om
840 1157 26 21 de
883 1158 40 19 äro
939 1157 28 26 af

357 1191 64 21 oäkta
433 1191 59 27 börd,
504 1193 88 20 moders
601 1198 83 18 namn;
695 1193 19 24 b)
726 1193 136 26 boningsort;
877 1194 18 23 c)
903 1192 60 26 yrke;

357 1227 24 24 d)
394 1226 115 27 födelseår,
533 1227 85 22 månad
633 1228 37 21 och
686 1229 55 25 dag;
763 1229 59 20 samt
836 1229 18 23 e)
868 1228 95 26 försam-

357 1262 63 27 ligen,
436 1263 88 21 hvarest
535 1269 109 21 personen
660 1265 27 19 är
702 1263 172 27 kyrkoskrifven.

612 1336 14 23 $
641 1335 35 20 58.

433 1375 155 27 Värnepligtig,
604 1382 47 15 som
668 1376 82 21 önskar
764 1376 88 21 komma
867 1376 9 21 i
891 1375 70 26 ätnju-

356 1411 65 20 tande
445 1411 27 26 af
492 1411 94 27 eftergift
604 1412 8 21 i
630 1412 162 27 värnepligtens
812 1411 149 27 fullgörande,
