1059 1695
267 127 83 24 Ständ.
368 127 37 23 Sv.
424 141 26 2 —
467 127 74 29 Prop.
557 127 45 23 N:o
618 128 35 22 17.
794 130 10 19 7

84 194 60 27 gifva
160 195 108 22 huruvida
282 195 117 27 journalen
416 194 210 23 öfverensstämmer
642 195 48 21 med
702 195 38 21 det
750 194 25 22 af
783 195 52 21 kon-

83 231 107 21 trollören
213 230 63 21 förda
297 230 116 27 protokoll,
437 230 114 22 äfvensom
572 230 36 21 för
624 231 68 26 öfrigt
708 230 59 21 fästa
782 237 54 20 upp-

84 266 177 21 märksamheten
278 266 37 22 vid
332 266 26 21 de
374 266 112 27 åtgärder,
504 273 44 14 som
565 266 7 21 i
588 266 105 21 afseende
710 266 13 21 å
738 266 98 21 kontrol-

84 302 36 21 len
136 302 75 21 kunna
226 308 54 15 vara
296 301 24 22 af
333 301 105 22 behofvet
454 302 123 26 påkallade.

430 399 25 20 12
473 397 18 29 8.

156 457 134 27 Kontrollör,
308 464 45 14 som
369 463 59 22 eger,
444 460 42 18 när
496 458 43 20 han
551 457 25 21 så
588 458 87 26 önskar,
687 458 97 27 granska
795 458 42 21 den

85 494 7 21 i
108 496 13 18 8
138 493 12 29 $
164 493 136 22 föreskrifna
309 493 95 28 journal,
416 493 114 22 äfvensom
542 494 84 21 erhålla
637 494 100 21 tillträde
748 494 35 21 till
794 494 44 21 alla

86 530 60 21 delar
162 530 24 21 af
200 529 105 27 bryggeri
322 530 40 20 och
378 530 76 21 dertill
465 530 98 21 hörande
574 530 91 28 lokaler,
678 530 65 28 skall,
756 530 27 21 då
794 530 43 21 han

86 566 77 22 dervid
179 566 55 21 eller
250 565 54 27 eljes
321 566 122 26 upptäcker
460 565 162 23 öfverträdelse
637 565 24 22 af
670 566 72 21 denna
753 566 84 21 förord-

85 602 65 26 nings
166 601 150 28 föreskrifter,
333 601 79 22 sådant
428 602 36 21 till
479 602 50 26 laga
545 602 45 21 åtal
607 602 86 21 anmäla
706 602 40 22 hos
760 602 76 21 veder-

84 638 98 21 börande
204 637 64 21 fiskal
289 638 55 20 eller
364 637 191 27 kronobetjening,
578 644 46 15 som
645 638 37 21 det
701 638 89 28 åligger
805 639 33 19 att

86 673 65 22 äfven
175 672 35 22 för
231 673 68 27 öfrigt
320 674 58 21 vaka
398 673 64 22 öfver
483 673 170 27 förordningens
676 673 162 23 efterlefvande

86 710 39 20 och
142 709 134 27 förbrytelse
294 709 98 21 deremot
409 709 112 27 sjelfmant
537 710 59 20 åtala
612 712 56 19 samt
684 712 34 18 att
731 709 107 21 särskildt

86 745 66 26 tillse,
169 747 33 19 att
217 745 147 27 tillverkning
379 745 50 21 icke
445 752 53 20 eger
514 752 54 20 rum,
583 746 67 20 innan
660 746 123 20 kontrollör
794 745 43 21 till-

86 780 132 28 förordnats,
236 780 57 22 efter
310 781 37 21 det
362 788 34 14 om
412 782 112 20 rörelsens
541 781 143 27 upphörande
700 785 25 17 så
739 781 99 26 anmälts,

86 823 46 15 som
148 817 7 20 i
172 818 11 20 5
201 816 12 28 $
231 816 151 22 föreskrifves.

434 896 25 19 13
478 894 18 29 &.

159 953 55 28 Den,
236 959 50 22 som,
306 953 36 22 för
358 955 32 20 att
406 954 83 21 bereda
505 954 35 27 sig
556 954 55 21 eller
627 960 71 15 annan
715 956 70 25 nytta,
802 960 36 21 ge-

87 995 49 16 nom
160 989 82 27 oriktig
265 989 87 27 uppgift
376 989 56 22 eller
454 992 66 19 annat
542 990 55 22 svek
614 990 154 27 undandrager
784 990 56 21 eller

88 1025 66 21 söker
177 1025 143 27 undandraga
343 1025 86 21 kronan
450 1025 66 22 ofvan
537 1025 119 22 faststälda
672 1026 167 27 tillverknings-

88 1061 66 27 skatt,
170 1061 52 22 böte
238 1061 65 27 högst
319 1061 121 22 trehundra
456 1062 68 21 mark.

160 1097 74 27 Stiger
250 1097 36 22 det
302 1098 170 21 undansnillade
487 1098 179 27 skattebeloppet
676 1098 56 22 eller
744 1098 36 22 det
791 1104 49 15 man

88 1133 51 21 sökt
155 1133 140 21 undansnilla
311 1133 35 21 till
363 1134 120 21 etthundra
498 1134 70 27 mark,
586 1134 56 22 eller
657 1136 38 19 äro
707 1134 133 27 omständig-

88 1168 92 22 heterna
200 1168 54 28 eljes
274 1169 144 27 synnerligen
434 1169 151 28 försvårande,
603 1170 55 21 eller
675 1170 52 21 sker
743 1169 97 26 återfall;

88 1204 88 22 straffes
192 1205 42 21 den
252 1205 102 27 skyldige
370 1205 50 21 med
436 1206 64 20 böter
516 1205 50 21 från
578 1206 118 21 etthundra
706 1206 35 21 till
753 1208 88 19 ettusen

88 1240 63 22 mark
175 1241 55 21 eller
250 1241 101 27 fängelse
372 1240 51 22 från
444 1242 41 20 och
506 1241 49 22 med
576 1242 38 21 två
631 1242 103 21 månader
750 1242 34 21 till
801 1242 39 20 och

88 1276 49 21 med
160 1277 39 21 två
222 1277 31 21 år.
284 1277 92 21 Ersätte
401 1277 41 22 ock
463 1277 85 22 kronan
570 1277 58 22 hvad
650 1277 91 22 sålunda
758 1277 82 22 undan-

89 1312 94 21 snillats.

161 1343 77 32 Öfriga
250 1348 175 22 öfverträdelser
436 1349 24 21 af
470 1349 72 22 denna
552 1349 130 27 förordning
693 1349 87 22 straffas
791 1349 50 21 med

88 1384 64 21 böter
168 1384 57 21 ända
241 1385 35 20 till
292 1384 136 27 fyrahundra
444 1386 70 21 mark.

160 1420 78 27 Enligt
249 1421 71 21 denna
332 1421 128 27 förordning
472 1421 92 22 ådömda
574 1422 64 21 böter
650 1421 88 22 tillfalla
750 1422 90 21 kronan.
