1061 1675
253 92 94 25 Ständ.
366 92 46 24 Sv.
432 106 34 3 —
485 92 84 30 Prop.
588 92 55 24 N:o
662 98 40 24 23.
795 92 25 20 15

84 159 77 19 brottet
183 159 62 19 berör
268 158 76 20 endast
366 158 214 20 Storfurstendömets
604 158 40 20 rätt
667 158 48 20 eller
730 158 104 20 säkerhet.

85 193 34 21 En
134 194 69 20 sådan
219 194 89 25 ändring
323 193 96 26 betingas
434 192 64 21 äfven
508 192 24 20 af
539 193 42 20 den
591 193 83 26 tydliga
684 193 91 26 analogi,
787 199 49 15 som

85 235 49 20 eger
157 236 48 14 rum
229 229 88 20 emellan
340 229 54 20 brott
417 230 58 18 emot
497 228 150 27 statsrättsliga
670 228 107 20 urkunder
795 229 41 20 och

85 266 56 19 brott
165 267 58 19 emot
245 265 170 26 regeringssättet
438 264 41 20 och
501 265 29 26 på
550 265 71 25 grund
640 264 77 20 hvaraf
729 264 106 26 ifrågava-

86 301 65 20 rande
174 301 85 26 uttryck
274 300 6 20 i
297 299 91 26 denna
379 295 9 36 &
403 301 39 19 bör
458 299 192 21 öfverensstämma
666 300 48 20 med
729 299 107 21 affattnin-

86 342 41 19 gen
143 336 23 21 af
179 335 14 22 3
209 341 65 16 mom.
292 335 12 20 2
321 335 11 26 8
348 335 5 20 i
367 335 23 20 11
408 336 56 26 kap.,
482 336 42 25 der,
540 335 63 20 äfven
620 335 63 26 enligt
701 335 41 20 den
757 335 79 26 nådiga

86 372 165 26 propositionen,
274 371 159 26 Kejsaredömet
456 371 42 20 och
521 371 202 20 Storfurstendömet
738 371 37 20 äro
792 372 44 18 sär-

87 407 62 20 skildt
164 407 99 20 nämnda.

156 443 8 20 I
187 442 14 21 9
225 441 18 27 8,
262 443 68 20 sådan
346 443 68 19 denna
430 442 5 20 i
452 442 234 25 författningsförslaget
701 442 66 26 lyder,
783 442 54 20 före-

87 478 96 21 kommer
207 479 40 19 den
265 478 191 26 inkonseqvensen,
472 480 30 18 att
518 478 78 20 medan
611 478 75 19 förlust
702 477 23 21 af
739 478 96 19 medbor-

87 513 75 26 gerligt
185 513 118 21 förtroende
326 515 24 18 är
372 514 91 25 stadgad
479 513 73 20 såsom
568 513 137 26 ovilkorligen
721 513 115 26 åtföljande

87 549 156 26 tukthusstraff,
258 549 88 21 ådömdt
361 549 63 26 enligt
440 549 57 20 detta
511 549 83 26 kapitel,
612 549 46 25 och,
676 548 6 20 i
692 548 34 21 fall
741 549 95 20 domsto-

87 585 34 20 len
139 585 26 21 så
181 585 92 27 pröfvar,
294 585 78 25 jemväl
395 586 86 20 komme
502 587 29 18 att
547 585 81 20 drabba
644 584 46 26 den,
707 590 48 15 som
770 584 67 20 blifvit

87 621 43 20 fäld
152 621 28 20 till
201 620 156 26 fängelsestraff
370 621 47 19 eller
432 621 66 25 böter,
515 621 34 19 det
565 620 97 20 svåraste
677 620 23 20 af
713 620 41 20 alla
769 619 67 25 straff,

88 656 142 25 dödsstraffet,
239 656 46 20 icke
292 656 66 20 skulle
369 657 73 19 kunna
453 656 95 20 medföra
558 662 85 14 samma
653 655 85 27 påföljd.
760 655 77 20 Denna

87 692 52 20 brist
154 692 65 20 hafva
234 691 117 21 Ständerna
366 694 48 18 trott
430 692 33 25 sig
478 692 52 20 böra
545 691 92 26 afhjelpa
653 696 78 21 genom
745 690 92 20 införan-

89 728 34 19 det
146 727 23 21 af
190 727 135 20 dödsstraffet
339 727 74 20 såsom
426 727 79 25 jemväl
521 727 138 25 ovilkorligen
675 726 96 20 förenadt
786 726 49 20 med

89 763 161 26 ifrågavarande
272 763 144 26 straffpåföljd,
439 763 41 20 och
498 763 38 20 har
552 763 6 19 i
575 763 157 24 sammanhang
750 761 88 21 härmed

89 799 105 26 uttrycket
215 813 6 9 ,
223 797 78 25 dömes
323 797 35 20 till
373 798 105 27 fängelse
501 798 54 20 eller
578 797 74 20 böter"
675 799 86 24 ansetts,
786 797 51 20 enär

89 834 98 25 samtliga
197 833 114 21 straffarter
326 833 90 21 sålunda
430 833 67 20 blifvit
510 834 6 19 i
527 833 126 27 paragrafen
664 833 87 25 införda,
763 833 75 20 kunna

89 870 88 25 utbytas
192 871 58 18 emot
265 869 65 20 orden
346 884 12 9 ,,
359 869 71 24 dömes
445 868 37 21 till
496 871 68 18 annat
578 868 87 27 straff.

404 982 28 23 13
451 975 70 30 Kap.

159 1041 42 20 För
224 1041 13 20 3
259 1040 11 27 8
289 1041 22 20 af
325 1041 55 20 detta
395 1041 77 26 kapitel
488 1040 64 21 hafva
567 1040 119 21 Ständerna
702 1039 80 26 antagit
798 1039 41 20 den

90 1076 6 20 i
112 1077 41 20 den
169 1077 79 25 nådiga
263 1077 157 26 propositionen
438 1076 121 26 föreslagna
577 1076 101 26 lydelsen,
698 1076 74 19 endast
791 1075 49 20 med

90 1112 118 26 utbytande
223 1112 6 20 i
245 1112 41 20 den
308 1112 93 20 svenska
415 1114 72 18 texten
503 1112 23 20 af
539 1112 112 26 uttrycken
666 1126 6 9 ,
674 1111 34 26 gå
723 1117 26 14 en
764 1109 35 21 tid
812 1109 30 26 af

91 1147 57 21 ända
164 1147 47 21 till"
226 1150 55 18 samt
297 1147 71 25 ,ända
382 1147 48 20 till"
448 1148 6 20 i
476 1147 250 26 straffbestämningarna
743 1148 45 18 mot
805 1146 35 20 det

91 1184 49 25 eljes
157 1184 6 19 i
178 1183 124 26 strafflagen
318 1184 99 19 använda
433 1182 23 25 ,?
466 1182 81 27 högst".

407 1295 29 24 14
454 1289 69 30 Kap.

161 1355 117 20 Ständerna
285 1355 64 20 hafva
356 1355 96 25 godkänt
457 1353 13 22 3
477 1354 41 20 och
523 1353 14 21 4
545 1353 161 27 paragrafernas
715 1352 127 21 förändrade

91 1391 80 26 lydelse
194 1391 49 20 med
265 1392 28 18 ett
315 1396 39 20 par
369 1391 81 20 smärre
465 1390 87 20 formela
572 1389 120 26 ändringar:
723 1387 119 27 Uttrycken
