1056 1695
321 106 19 20 U.
357 106 19 20 B.
392 118 30 2 —
438 105 56 27 Prop.
511 105 35 21 N:o
562 105 34 22 20.
779 106 28 22 25

86 165 119 27 Utskottet,
221 171 46 15 som
284 164 72 22 funnit
379 165 112 21 desamma
507 164 23 22 af
544 164 104 23 behofvet
664 165 122 27 päkallade,
805 164 33 22 in-

85 200 57 28 tagit
166 201 111 21 desamma
292 200 7 22 i
316 200 33 22 sin
365 200 74 27 kalkyl
455 200 34 21 till
505 200 127 28 förslagsvis
654 201 185 27 nedanupptagna

85 236 88 27 belopp.

159 306 230 29 Bevillningsfondens
405 307 120 29 tillgångar
541 309 51 21 åren
605 308 153 27 1892—1894,
770 307 70 22 skulle

88 343 85 21 säledes
189 344 90 26 utgöras
295 343 33 21 af:

88 408 130 27 Behällning
233 408 47 21 från
298 408 57 21 1891
375 425 2 4 .
409 424 4 4 .
446 425 5 4 .
664 409 123 27 8,483,321:
804 409 36 20 31.

88 449 171 22 Militiefondens
286 449 109 22 ordinarie
421 450 30 21 in-

118 486 113 21 komster.
263 502 4 4 .
373 501 78 5 0.0.
664 485 124 28 5,778,000:
804 498 29 3 —

88 521 81 27 Bidrag
185 521 48 22 från
244 521 58 21 allm.
313 521 138 22 statsfonden

118 557 34 22 för
168 557 150 22 folkskolorna
341 573 3 4 .
376 573 3 4 .
411 573 4 4 .
448 573 3 4 .
665 557 123 27 1,200,000:
805 570 29 2 —

88 593 84 22 Räntor
189 593 7 21 i
212 592 211 27 bevillningsfonden
451 609 3 4 .
690 593 99 28 150,000:
805 605 30 3 —

90 628 217 27 Stämpelbevillning
343 645 4 3 .
379 644 3 4 .
415 644 3 4 .
451 644 3 5 .
494 628 138 27 850,000:—

90 663 214 28 Näringsbevillning
342 681 5 4 .
378 680 3 4 .
413 680 4 4 .
450 680 3 4 .
508 663 124 28 35,000:—

91 699 123 26 Bevillning
229 699 34 22 för
279 699 146 28 maltdrycker
449 715 3 4 .
493 699 140 28 765,000:
618 695 18 36 —

153 751 10 10 ä
229 735 34 21 för
278 735 98 27 spelkort
414 751 4 4 .
451 751 3 3 .
510 735 85 26 13,000:
604 747 29 3 —

471 783 124 27 1,663,000:
605 795 27 3 —

411 818 83 22 utföres
511 818 33 21 för
560 820 34 20 tre
610 820 24 19 är
664 818 127 27 4,989,000:
808 831 29 2 —

483 859 88 22 Summa
587 860 55 21 Fmk
658 860 136 27 20,600,321:
810 860 35 21 31.

92 907 101 21 Fondens
209 907 91 26 utgifter
320 907 137 22 beräknades

122 943 39 20 här
177 943 64 21 ofvan
257 942 55 22 till.
345 959 3 4 .
380 959 3 4 .
416 959 4 4 .
452 959 4 4 .
654 943 138 27 23,449,716:
810 955 27 2 —

92 978 71 21 Alltså
184 977 116 23 förefinnes
323 985 26 15 en
365 979 56 21 brist
437 979 24 21 af
671 979 123 27 2,849,394:
811 979 34 21 69.

163 1049 72 22 Medel
251 1049 34 22 för
299 1050 136 22 betäckande
451 1050 24 21 af
489 1051 71 20 denna
575 1049 57 22 brist
648 1050 71 21 skulle
735 1051 52 20 utan
800 1050 45 21 svä-

93 1085 71 27 righet
180 1085 101 28 erhällas,
298 1091 35 16 om
350 1086 41 21 den
407 1085 119 28 bevillning
542 1087 28 26 pä
580 1086 74 27 tobak,
666 1092 46 15 som
724 1085 122 22 Ständerna

93 1121 59 21 förut
167 1121 69 26 ätagit
253 1121 33 26 sig
301 1121 34 21 för
350 1121 151 22 bestridandet
517 1121 24 21 af
550 1121 122 27 utgifterna
683 1121 33 21 för
728 1121 116 27 militären,

93 1156 63 21 äfven
171 1157 70 21 under
257 1159 63 19 nästa
335 1155 147 28 finansperiod
498 1157 87 21 komme
602 1159 33 19 att
652 1158 58 25 utgä.

164 1191 60 22 Hans
244 1193 123 26 Kejserliga
385 1193 103 26 Majestät
509 1193 39 20 har
568 1192 123 22 emellertid
707 1192 35 21 vid
759 1193 87 21 inneva-

93 1228 67 21 rande
185 1227 106 28 landtdag
309 1228 7 21 i
333 1228 74 21 stället
430 1228 33 21 för
487 1228 82 27 förslag
592 1235 35 14 om
648 1227 198 26 tobaksbevillning

94 1262 70 22 aflätit
179 1263 79 27 nädiga
273 1263 161 27 propositioner
450 1269 34 15 om
502 1263 116 22 införande
630 1263 24 21 af
663 1263 57 22 accis
731 1265 28 25 pä
770 1263 74 27 tobak,

94 1298 136 22 tändstickor
239 1299 40 21 och
287 1299 112 27 pressjäst.
408 1299 140 26 Antagandet
556 1298 24 22 af
587 1299 41 21 den
637 1298 135 22 förstnämda
780 1298 66 22 bland

94 1334 64 21 dessa
172 1334 169 27 propositioner,
357 1334 74 22 hvilka
447 1334 102 27 samtliga
565 1334 135 22 remitterats
716 1334 80 27 jämväl
812 1334 34 20 till

94 1369 180 22 Statsutskottets
297 1370 140 26 behandling,
453 1370 64 21 hafva
533 1370 67 21 likväl
616 1370 129 26 Ständerna,
762 1371 28 25 pä
805 1370 41 20 Be-

93 1404 224 27 villningsutskottets
329 1405 7 21 i
348 1405 49 21 dess
409 1405 138 21 betänkande
558 1405 38 21 N:o
609 1405 13 22 5
634 1405 136 21 framställda
781 1405 65 26 tungt

165 1445 134 18 Statsutskottets
311 1445 108 18 betänkande
432 1445 34 18 N:o
479 1447 28 17 12.
