1059 1692
295 111 28 22 U.
339 111 26 21 B.
382 124 29 3 —
427 110 74 29 Prop.
517 110 45 22 N:o
577 110 38 22 24.
774 112 26 20 11

80 178 40 15 nas
136 170 47 22 skäl
197 170 36 27 för
245 172 31 20 att
285 170 9 22 i
304 170 161 22 instruktionen
469 169 41 27 för
521 169 236 28 uppbädsnämnderna
767 169 65 27 blefve

81 206 76 27 införd
171 205 112 28 föreskrifi
299 206 33 21 att
339 205 94 28 förfara
447 206 29 26 pä
490 206 45 20 sätt
550 204 65 28 ofvan
632 205 95 27 antydts.

367 270 27 29 88
412 272 27 19 62
456 270 40 21 och
513 272 33 19 64.

154 313 61 21 Inom
231 311 115 23 Utskottet
361 312 41 21 har
417 311 133 22 framhällits
566 311 38 22 det
619 311 126 27 oegentliga
760 311 73 22 utiatt

83 354 106 21 personer
214 348 9 21 i
245 347 223 28 värnepligtsäldern,
492 353 47 16 som
561 347 8 20 i
592 346 55 28 följd
662 346 25 22 af
700 346 35 22 för
750 347 85 22 enhvar

83 384 124 27 uppenbart
217 383 130 27 kroppslyte
356 383 55 22 eller
419 383 72 27 tydlig
499 382 170 27 sinnessvaghet
677 382 111 27 klarligen
795 384 39 19 äro

84 419 103 27 odugliga
201 419 36 21 till
252 418 138 27 krigstjenst,
407 418 61 22 detta
483 418 92 21 oaktadt
590 417 95 22 inkallas
700 417 36 22 till
746 417 89 27 uppbåd

84 455 40 22 och
140 455 83 27 nödgas
246 454 90 22 inställa
359 454 34 27 sig
409 454 115 22 derstädes
540 454 36 21 för
591 456 33 19 att
639 453 100 28 undergå
753 453 82 27 besigt-

83 491 60 26 ning.
173 491 35 21 Dä
231 490 71 22 denna
325 490 128 27 skyldighet
476 490 35 21 för
526 490 95 21 nämnda
644 489 126 22 vanlottade
785 489 50 22 icke

85 526 57 22 blott
165 525 84 23 medför
264 526 79 27 onödig
358 526 101 27 kostnad,
476 528 53 19 utan
545 525 66 22 äfven
627 525 55 28 eljes
698 525 93 22 innebär
807 531 28 16 en

88 562 101 27 hårdhet,
204 562 41 21 har
261 561 37 22 det
313 561 106 28 päyrkats
436 563 33 20 att
484 561 82 22 sådana
581 561 132 28 personer,
702 557 12 36 i
729 561 40 22 fall
785 566 49 21 pre-

86 598 137 26 sterskapets
245 597 36 22 till
304 597 181 26 uppbädsnämnd
508 597 81 22 aflätna
611 597 142 27 förteckning
776 597 60 20 inne-

85 633 59 22 hölle
167 633 88 27 uppgift
277 639 34 15 om
332 633 63 26 dylik
417 633 199 27 kassationsorsak,
641 633 55 21 eller
711 633 126 21 densamma

87 669 130 21 annorledes
247 667 36 22 för
307 668 210 27 uppbädsnämnden
540 667 159 28 tillförlitligen
723 667 112 27 utreddes,

89 704 75 22 blefve
187 704 50 21 från
260 704 208 26 uppbädskallelsen
491 704 113 21 uteslutna
627 704 55 21 eller
705 704 132 21 åtminstone

87 739 99 22 befriade
201 739 51 21 frän
267 739 157 27 skyldigheten
439 741 33 20 att
487 739 37 22 vid
540 739 113 27 uppbädet
667 741 100 19 närvara.
797 738 40 21 Ut-

91 775 95 22 skottets
201 774 72 22 flertal
290 775 39 21 har
344 775 35 21 till
395 774 54 22 fullo
465 775 80 21 erkänt
561 775 161 27 befogenheten
733 774 24 21 af
766 774 71 22 denna

90 810 154 27 anmärkning;
260 816 49 16 men
325 810 7 21 i
348 810 109 22 anseende
473 810 35 21 till
522 810 144 27 svärigheten
677 809 34 22 för
721 809 117 22 Utskottet

91 846 58 28 att)
148 840 11 39 i
173 846 80 22 sakens
277 846 126 22 nuvarande
426 846 145 21 oförberedda
591 846 64 21 skick
670 847 52 20 utan
738 844 99 28 vidlyfti-

88 888 53 21 gare
156 881 166 27 undersökning
336 882 100 21 beräkna
451 881 42 22 den
509 881 114 27 päyrkade
639 881 134 27 ändringens
789 880 49 21 bär-

88 917 52 23 vidd
162 917 39 21 och
216 917 9 21 i
240 917 58 22 hvad
313 918 50 20 män
378 917 125 22 densamma
518 917 36 21 till
573 916 115 28 äfventyrs
703 915 135 27 nödvändig-

88 952 77 28 gjorde
180 952 94 28 ändring
289 952 25 22 af
327 952 69 22 andra
412 952 137 27 stadganden
565 952 7 21 i
589 952 210 27 Värnepligtslagen
811 953 28 19 än

89 988 12 28 8
118 990 27 19 62
162 988 55 22 eller
227 988 13 28 8
250 989 35 27 64,
293 988 41 21 har
342 988 115 22 Utskottet
465 989 74 21 ansett
550 988 35 27 sig
595 988 35 21 för
641 987 138 23 närvarande
789 986 50 22 icke

88 1024 75 21 kunna
177 1024 7 20 i
201 1023 71 22 denna
280 1023 63 28 fråga
353 1024 90 27 tilleöra
454 1025 67 20 annat
532 1026 28 19 än
571 1024 90 27 föreslå,
673 1025 33 20 att
715 1022 124 22 Ständerna

89 1059 68 21 mätte
178 1059 39 21 hos
238 1059 61 22 Hans
315 1060 126 26 Kejserliga
456 1060 105 27 Majestät
576 1059 159 27 underdänigst
751 1058 90 22 anhälla

88 1100 34 16 om
138 1094 192 28 ävägabringande
346 1094 24 22 af
384 1097 101 19 närmare
501 1095 119 27 utredning
636 1095 7 21 i
659 1095 69 21 saken
743 1094 41 22 och
800 1095 39 25 att,

89 1130 75 21 derest
189 1130 111 22 lättnader
323 1131 7 20 i
353 1130 158 22 ofvanberördt
534 1130 105 22 afseende
661 1130 79 22 funnes
763 1130 77 21 kunna

90 1164 121 28 medgifvas
226 1166 58 26 lytta
294 1166 40 21 och
342 1166 145 27 sinnessvaga
497 1166 7 21 i
516 1166 216 27 värnepligtsäldern
743 1164 98 23 varande

89 1201 124 27 ynglingar,
238 1202 135 26 proposition
397 1208 34 15 om
454 1201 115 22 införande
596 1201 25 21 af
634 1200 65 22 deraf
712 1200 129 22 föranledda

90 1236 120 27 ändringar
233 1236 8 21 i
263 1236 210 28 Värnepligtslagen
497 1237 68 21 mätte
585 1235 256 23 nästsammanträdande

90 1271 95 23 Ständer
200 1272 132 28 föreläggas.

376 1337 26 29 $$
419 1338 28 21 63
464 1337 40 22 och
521 1338 34 20 67.

160 1378 44 22 Det
228 1378 9 20 i
263 1380 28 19 60
317 1378 12 28 &
351 1378 50 22 frän
424 1378 43 22 den
483 1378 110 22 allmänna
609 1378 77 27 regeln
702 1380 32 19 att
751 1377 92 22 allmänt

92 1413 87 26 uppbäd
201 1413 58 21 skall
284 1413 107 22 anställas
410 1413 70 22 under
495 1413 62 22 tiden
573 1413 94 22 emellan
683 1413 42 22 den
742 1415 25 19 15
785 1411 57 28 april

164 1454 127 23 Lagutskottets
303 1454 107 18 betänkande
423 1455 36 17 N:o
472 1455 29 18 17.
