1059 1692
320 174 29 23 U.
365 175 26 22 B.
410 188 25 2 —
450 175 73 27 Prop.
538 174 41 23 N:o
595 174 34 22 18.

408 624 95 27 Tillägg
517 624 40 21 till
571 623 279 28 Bevillningsutskottets

337 658 148 22 betänkande
501 659 42 21 N:o
559 658 20 22 3.

164 761 43 22 För
224 761 132 21 bedömande
372 761 25 21 af
410 761 79 28 frågan
506 761 88 23 hvilken
609 761 94 22 inkomst
717 761 136 22 statsverket

95 796 44 21 kan
158 796 67 22 hafva
240 797 33 20 att
289 796 99 26 påräkna
404 796 24 21 af
441 796 239 28 näringsbevillningen
695 796 34 21 för
744 796 110 21 utländin-

96 837 40 21 gar
158 830 68 22 under
246 830 144 22 instundande
405 830 152 28 finansperiod,
573 831 40 21 bör
628 830 77 22 främst
720 830 133 27 observeras,

96 866 34 20 att
152 865 70 21 denna
243 865 61 21 skatt
322 865 68 21 under
408 865 27 21 de
450 867 88 19 senaste
554 866 52 20 åren
621 864 58 22 varit
694 864 8 22 i
717 864 136 28 nedgående.

96 899 79 21 Medan
195 899 70 22 denna
280 900 94 21 inkomst
389 900 33 21 för
437 900 172 27 finansperioden
624 901 113 20 1884—86
753 900 101 26 inbragte

98 936 89 25 127,680
210 934 67 27 mark,
297 934 101 27 utgjorde
413 934 154 22 motsvarande
582 940 82 16 summa
678 934 34 21 för
727 935 53 21 åren
797 936 54 19 1887

97 971 55 19 —89
176 969 76 21 endast
275 970 91 25 111,360
385 970 68 21 mark.
483 969 44 21 För
543 969 63 21 dessa
620 975 38 15 sex
674 969 25 21 är
713 970 49 26 steg
777 968 78 22 medel-

96 1002 55 22 talet
173 1003 84 21 således
276 1003 34 21 till
331 1005 77 25 39,840
423 1004 68 26 mark,
507 1010 48 15 men
571 1003 33 21 för
619 1003 27 21 de
661 1004 33 20 tre
709 1009 76 15 senare
801 1003 51 21 åren

96 1037 33 21 till
152 1039 77 25 37,120
244 1038 67 20 mark.
341 1038 51 21 Med
407 1038 102 21 afseende
525 1038 55 21 härå
595 1038 62 21 torde
672 1038 48 21 skäl
735 1037 117 22 förefinnas

97 1073 33 20 att
148 1072 48 22 icke
216 1072 34 21 för
264 1072 145 22 instundande
424 1072 145 27 finansperiod
585 1072 96 22 beräkna
695 1072 121 22 inkomsten
831 1071 25 22 af

97 1106 41 21 den
154 1106 68 28 enligt
236 1106 59 22 förut
309 1106 102 28 gällande
426 1107 95 27 grunder
531 1106 110 28 utgående
653 1106 202 28 näringsbevillnin-

96 1147 42 21 gen
155 1141 65 27 högre
235 1143 27 19 än
278 1141 33 21 till
327 1142 78 26 35,000
421 1142 60 20 mark
497 1140 34 22 för
548 1142 31 20 år.

165 1176 48 21 Den
235 1176 94 21 inkomst
348 1176 134 22 statsverket
499 1176 70 27 enligt
585 1176 41 21 den
641 1175 24 21 af
678 1176 108 21 utskottet
800 1174 56 22 före-

96 1210 77 27 slagna
188 1211 13 25 &
217 1212 12 19 2
244 1210 73 21 kunde
331 1210 67 22 hafva
414 1212 33 19 att
462 1210 107 27 päräkna,
585 1210 70 21 måste
669 1209 141 28 naturligtvis
821 1210 35 20 be-

96 1245 79 21 räknas
198 1246 96 20 närmast
315 1245 49 21 med
385 1245 90 27 ledning
498 1244 24 22 af
541 1251 28 15 nu
585 1244 96 21 rådande
696 1244 158 21 förhållanden.

96 1279 77 27 Enligt
195 1279 146 28 tillgängliga,
364 1279 128 28 visserligen
514 1279 49 22 icke
586 1278 142 27 fullständiga
744 1277 111 28 uppgifter

96 1313 66 22 hafva
177 1314 68 21 under
259 1315 86 20 senaste
356 1314 58 21 tider
426 1313 92 22 förutom
533 1313 26 22 de
573 1313 65 27 ryska
649 1313 90 27 bolagen
751 1319 104 15 samman-

96 1347 62 28 lagdt
172 1350 27 19 28
216 1348 116 21 utländska
347 1347 204 28 försäkringsbolag
567 1349 100 26 opererat
678 1347 8 21 i
697 1347 80 25 landet,
786 1347 71 27 några

96 1381 56 22 inom
167 1382 50 21 flere
232 1383 105 20 brancher
350 1382 126 27 jemnsides,
493 1382 26 21 de
533 1382 64 21 flesta
612 1388 76 21 genom
699 1381 156 28 generalagen-

96 1417 40 20 ter.
173 1416 306 27 Brandförsäkringsrörelsen
501 1416 40 21 har
563 1415 115 22 bedrifvits
702 1415 25 22 af
748 1417 18 24 7,
793 1415 64 21 lifför-

96 1450 90 27 säkring
209 1450 24 21 af
252 1452 32 25 14,
300 1450 159 27 sjöförsäkring
475 1450 24 21 af
517 1453 11 18 8
549 1451 38 20 och
607 1449 249 28 olycksfallsförsäkring

96 1484 24 21 af
140 1487 13 18 5
176 1485 117 21 utländska
314 1485 71 26 bolag.
415 1484 77 27 Enligt
516 1485 26 21 de
566 1484 24 21 af
609 1484 108 21 utskottet
731 1483 126 27 föreslagna
