1056 1698
817 91 25 21 11

394 150 123 29 Transport
532 150 139 27 21,666,000:
688 164 29 2 —
748 150 123 28 6,840,000.

85 187 162 27 förhällanden,
270 190 29 18 än
314 186 8 22 i
337 194 28 14 en
380 186 87 22 normal
481 188 36 19 ut-

85 222 107 29 veckling
210 222 26 22 af
247 222 87 22 landets
350 222 165 21 konsumtions-

86 258 109 29 förmäga,
211 258 93 22 hvarför
318 258 46 22 kan
380 261 93 26 antagas
485 260 33 18 ett

86 294 131 29 nedgäende
238 294 7 21 i
266 294 197 22 tullinkomsterna
483 293 35 21 för

86 330 151 22 innevarande
253 332 30 19 år.
310 330 73 28 Giltig
397 329 123 29 anledning

87 373 66 21 synes
175 365 75 22 derför
271 365 80 22 saknas
373 367 34 19 att
428 365 39 22 vid
483 365 37 21 be-

87 401 126 29 räkningen
235 401 26 21 af
278 408 100 22 revenyn
399 400 50 22 från
468 400 52 22 tull-

88 437 175 29 beskattningen
284 437 35 21 för
341 437 179 29 finansperioden

88 475 54 27 taga
170 473 89 28 hänsyn
284 473 36 21 till
345 472 176 29 tulluppbörden

88 508 71 22 under
175 510 25 20 år
212 508 62 28 1890,
285 508 60 22 helst
355 516 28 13 en
390 508 131 28 minskning

89 548 25 18 är
129 544 116 22 emotsedd
260 544 8 21 i
284 544 58 29 följd
353 544 65 22 deraf
426 546 34 19 att
471 546 50 26 såg-

88 580 172 29 ningsafgiften,
276 582 30 27 på
319 580 74 28 grund
405 580 26 21 af
438 580 84 28 nådiga

89 616 151 29 kungörelsen
270 616 43 21 den
346 616 28 21 10
398 616 125 21 December

90 652 64 27 1890,
178 652 51 21 från
251 652 43 21 den
316 652 11 21 1
351 652 94 21 Januari
465 652 56 20 1891

89 688 102 28 erlägges
207 688 50 20 med
273 687 95 29 ungefär
378 687 79 21 endast
466 687 57 21 hälf-

90 725 38 19 ten
144 723 26 22 af
182 723 50 21 dess
248 723 143 21 derförinnan
405 723 118 21 bestämda

90 759 89 29 belopp.
203 760 107 20 Deremot
325 759 64 21 torde
405 761 33 19 ett
453 766 69 22 unge-

90 794 80 29 färligt
188 795 106 21 medeltal
309 794 27 22 af
348 795 175 21 tullinkomster-

90 838 30 14 na
146 830 72 22 under
243 832 53 20 åren
325 831 152 27 1887—1889,
501 830 26 22 af

92 866 78 22 hvilka
185 868 53 19 åren
250 867 57 20 1888
318 867 43 20 och
372 867 57 20 1889
439 867 86 21 lemnat

92 904 33 19 ett
140 903 110 21 oväntadt
260 905 107 26 gynsamt
376 902 101 28 resultat,
486 903 37 20 be-

91 938 54 21 reda
155 940 71 19 större
237 938 109 29 trygghet
356 938 39 22 vid
405 938 119 29 uppskatt-

91 973 85 29 ningen
197 974 26 21 af
242 974 172 29 ifrågavarande
437 974 87 21 inkom-

92 1012 51 25 ster,
166 1009 43 22 och
230 1010 64 21 dessa
315 1009 62 29 förty
392 1010 71 21 under
478 1013 49 18 när-

93 1047 71 19 maste
185 1045 150 28 finansperiod
354 1045 77 22 kunna
445 1045 79 22 beräk-

93 1088 40 14 nas
152 1081 35 20 till
204 1081 86 28 årligen
307 1081 131 27 16,000,000
453 1081 70 21 mark.

63 1116 82 29 Någon
164 1116 122 29 anledning
301 1117 35 20 till
352 1117 121 21 förändrad
488 1117 37 21 be-

92 1151 98 29 räkning
214 1152 26 21 af
262 1152 74 29 öfriga
359 1153 70 20 under
453 1153 72 20 denna

93 1187 50 22 titel
154 1187 112 29 ingående
276 1187 175 29 inkomstposter
459 1195 66 22 synes

92 1223 20 28 ej
137 1223 127 28 förefinnas,
287 1223 42 22 och
351 1226 110 26 upptages
485 1224 41 21 här

94 1258 74 21 derför
188 1275 4 4 .
299 1276 41 4 ar
373 1276 40 4 rr
557 1273 29 2 —
617 1273 28 2 —
667 1273 29 2 —
744 1259 136 28 16,050,000.

62 1329 40 22 4:0.
132 1329 97 28 Afgifter
250 1330 36 21 vid
304 1330 119 22 anlitandet
444 1330 24 21 af
482 1331 43 20 sär-

93 1365 71 22 skilda
179 1366 159 22 statsanstalter
372 1383 4 4 .
409 1383 4 4 .
447 1384 2 2 .
484 1383 3 4 .
521 1383 3 4 .
556 1367 124 26 2,750,000:
697 1379 29 2 —
771 1379 29 2 —
816 1379 29 2 —

403 1408 124 28 Transport
541 1409 140 26 24,416,000:
698 1421 28 2 —
742 1407 139 28 22,890,000.
