1061 1706
222 154 12 19 6
522 154 44 23 N:o
587 155 38 22 23.

198 220 76 27 högsta
298 222 93 25 makten,
417 222 52 20 eller
494 222 76 20 hindra
593 222 77 20 honom
690 222 6 20 i
712 220 123 28 utöfningen
858 221 23 21 af
903 222 50 20 den-

196 261 92 20 samma;

266 290 21 25 2)
314 291 32 19 att
371 290 47 20 från
438 290 74 26 Ryska
534 290 64 21 Riket
616 290 98 26 lösrycka
736 289 99 26 Finland,
851 290 52 21 eller
919 290 33 21 del

193 322 66 28 deraf,
286 324 52 20 eller
364 326 66 19 annat
454 324 60 27 ryskt
538 324 93 26 område,
648 324 52 21 eller
715 324 64 26 lägga
794 325 70 25 någon
880 324 34 21 del
931 324 24 21 af

193 358 73 26 Ryska
282 358 64 21 Riket
361 359 68 21 under
445 358 133 22 främmande
594 359 70 25 makt;
680 358 53 22 eller

268 392 22 26 3)
312 392 105 28 olagligen
434 393 108 27 upphäfva
558 393 52 21 eller
626 393 67 21 ändra
709 393 157 26 styrelsesättet
881 393 6 21 i
903 393 50 27 Kej-

194 427 122 21 saredömet
332 428 51 20 eller
397 427 213 26 Storfurstendömet,
628 428 52 20 eller
696 427 117 27 ordningen
829 427 34 21 för
878 428 74 20 thron-

192 460 86 28 följden,

265 496 66 26 begår
354 496 110 27 handling,
481 502 45 15 som
542 496 117 21 innefattar
674 497 112 26 uppsåtets
802 496 149 21 fullbordande

194 530 53 21 eller
264 530 72 21 försök
352 530 79 27 dertill,
447 530 85 22 straffes
548 530 32 21 för
596 530 148 27 högförräderi
761 530 47 21 med
825 530 88 21 tukthus
924 531 27 25 på

194 564 67 22 lifstid
279 565 52 21 eller
347 565 47 21 från
411 566 37 20 och
466 566 47 21 med
529 567 47 20 åtta
592 566 32 20 till
642 566 39 21 och
698 566 47 20 med
761 564 41 22 tolf
816 564 30 21 år.

548 618 10 27 $
577 619 19 20 3.

266 652 70 21 Hafva
359 654 36 20 två
419 653 52 21 eller
493 652 51 22 flere
568 652 76 21 aftalat
668 654 32 19 att
721 652 54 26 begå
792 651 157 27 högförräderi;

197 686 85 21 straffes
306 687 79 21 enhvar
409 688 22 20 af
453 688 46 20 dem
524 687 32 21 för
578 687 67 20 sådan
670 686 113 26 stämpling
798 686 48 20 med
863 685 87 21 tukthus

197 721 48 21 från
262 722 37 20 och
317 723 47 20 med
381 724 32 19 ett
428 722 33 21 till
477 722 38 21 och
531 722 47 21 med
595 722 45 20 åtta
657 722 29 20 år.

548 786 11 26 8
576 787 19 18 4.

266 819 52 25 Den,
336 825 50 20 som,
403 820 6 20 i
425 819 62 27 afsigt
511 822 33 18 att
567 819 53 26 begå
644 818 154 26 högförräderi,
814 819 66 19 sätter
896 817 32 26 sig
944 823 6 14 i

194 853 130 21 förbindelse
348 854 48 20 med
418 853 132 21 främmande
570 854 104 26 regering,
691 853 53 21 eller
760 851 133 21 missbrukar
910 851 40 20 den

194 888 213 26 embetsmyndighet,
429 894 45 15 som
490 890 24 18 är
530 888 78 20 honom
624 886 134 26 anförtrodd,
775 886 51 21 eller
842 884 107 22 anskaffar

194 928 68 20 vapen
278 922 53 20 eller
347 922 103 27 manskap
467 922 51 21 eller
534 922 108 26 företager
658 928 69 14 annan
743 922 24 19 så
783 919 110 22 beskaffad
908 919 42 21 för-

194 956 220 28 beredelsehandling,
431 957 85 21 straffes
531 957 48 21 med
596 956 89 21 tukthus
700 956 48 20 från
765 955 38 21 och
820 954 48 21 med
878 956 30 19 ett
919 954 31 20 till

194 991 39 21 och
249 990 49 22 med
314 990 45 22 åtta
375 991 30 21 år.
429 991 69 21 Sällar
514 992 32 26 sig
561 991 70 27 någon
648 991 5 20 i
670 990 58 27 dylik
745 990 62 26 afsigt
824 988 34 21 till
874 988 77 20 sådant

195 1025 113 26 manskap;
326 1025 71 21 dömes
413 1026 32 20 till
462 1026 88 20 tukthus
567 1026 6 20 i
590 1025 62 26 högst
668 1031 36 15 sex
721 1024 29 20 år.

549 1087 11 27 8
577 1089 19 19 6.

266 1122 52 25 Den,
336 1128 45 15 som
397 1123 58 26 gjort
471 1123 32 26 sig
519 1122 83 26 skyldig
618 1122 31 20 till
668 1121 61 21 straff
743 1120 54 21 efter
814 1120 59 20 detta
888 1119 60 26 kapi-

194 1156 36 26 tel,
248 1156 55 21 skall
320 1157 39 20 ock
375 1157 74 20 dömas
466 1156 99 27 förlustig
580 1155 167 27 medborgerligt
763 1153 128 22 förtroende.

487 1254 42 16 12
553 1255 111 18 Kap.

266 1299 34 22 Om
318 1299 160 22 landsförräderi
495 1299 37 22 och
548 1299 64 21 andra
629 1298 57 21 brott
701 1297 54 22 emot
772 1296 111 28 Rysslands

521 1338 102 22 säkerhet.

552 1390 11 27 8
582 1392 18 19 1.

267 1425 67 20 Finsk
358 1431 48 14 man
431 1425 52 20 eller
509 1431 69 14 annan
603 1424 50 27 rysk
677 1422 120 25 undersäte,
821 1427 45 15 som
889 1422 66 20 inträ-

196 1459 38 20 der
259 1459 32 20 uti
317 1459 100 26 krigshär
443 1459 47 20 med
516 1459 90 26 vetskap
630 1460 32 19 att
686 1457 39 21 den
749 1459 24 18 är
793 1456 95 26 fiendtlig
903 1455 54 22 eller
