1059 1703
236 135 13 20 2
534 137 45 23 N:o
600 138 39 21 27.

208 203 191 27 accisafgifterna
395 199 12 36 i
422 204 164 27 Kejsaredömet
609 204 98 27 erläggas
734 204 6 21 i
764 203 138 28 kreditmynt,
925 204 41 21 har

208 239 146 26 evalveringen
371 239 33 20 till
418 238 66 22 finskt
499 241 60 24 mynt
574 239 117 21 verkstälts
707 238 27 27 på
748 239 69 26 grund
829 238 23 21 af
863 239 54 20 1890
930 240 34 19 års

208 273 121 21 medelkurs
346 273 28 27 på
389 274 80 25 rubeln,
486 274 53 21 eller
555 273 55 22 efter
624 274 119 25 beräkning
759 273 23 20 af
796 275 12 18 2
824 273 62 21 mark
902 275 24 19 91
944 280 20 19 p.

207 314 38 20 per
260 307 68 22 rubel.

279 342 95 21 Emedan
398 342 171 27 accisafgifterna
585 342 98 27 erläggas
699 342 5 20 i
721 341 136 22 förhållande
873 342 33 21 till
922 342 42 20 till-

207 376 143 26 verkningens
373 376 57 21 olika
452 376 95 27 qvalitet,
571 379 55 18 samt
641 376 182 26 klassificeringen
839 376 23 20 af
876 376 88 21 tobaks-

208 410 94 21 fabrikat
317 411 6 20 i
339 410 66 27 högre
428 411 40 21 och
486 412 60 26 lägre
562 413 70 19 sorter
646 411 46 21 icke
708 411 41 20 kan
765 411 48 20 med
829 410 135 27 tillförlitlig-

207 445 37 21 het
266 445 128 21 verkställas
410 446 23 20 af
450 452 69 14 annan
536 448 26 18 än
578 446 144 26 fabrikanten,
746 445 55 21 skall
817 444 147 27 accisafgiften

207 479 129 21 bestämmas
359 481 34 25 på'
408 480 68 27 grund
500 480 22 21 af
540 480 148 21 fabrikantens
708 480 84 26 uppgift
808 486 33 14 om
857 480 107 20 tobakens

208 514 99 27 qvalitet;
323 520 47 15 men
387 514 28 27 på
431 514 35 22 det
482 516 32 20 att
530 514 95 22 fabrikat
640 514 23 21 af
676 514 67 27 högre
760 516 44 19 sort
815 514 19 27 ej
847 514 34 20 må
893 514 70 21 såsom

207 550 69 20 sämre
300 549 110 27 uppgifvas
435 550 39 21 och
494 550 90 21 sålunda
599 550 141 21 underkastas
756 549 59 26 lägre
832 549 68 26 afgift,
918 549 45 26 har,

207 583 32 21 till
263 583 174 22 förekommande
461 584 22 21 af
504 584 52 21 slikt
578 584 116 25 underslef,
718 583 161 21 fastställandet
896 583 23 21 af
934 585 30 19 ett

207 617 76 28 högsta
298 617 184 28 försäljningspris
497 619 34 20 för
546 619 174 21 tobaksfabrikat
732 618 24 21 af
766 618 59 27 lägre
836 619 46 20 sort
893 617 71 22 blifvit

207 653 140 26 nödvändigt.

279 687 142 27 Erforderligt
436 688 116 21 statistiskt
568 688 98 21 material
682 688 34 20 för
726 689 32 19 ett
769 689 108 25 noggrant
889 686 75 22 beräk-

207 722 69 20 nande
292 721 24 21 af
329 722 56 21 hvad
400 728 26 15 en
442 722 91 21 sålunda
548 722 83 21 ordnad
646 722 140 26 beskattning
800 722 28 26 på
843 720 120 22 tobaksför-

207 756 134 26 brukningen
358 756 55 22 skall
427 757 97 27 inbringa
540 757 40 21 har
596 757 47 21 icke
658 757 82 21 kunnat
753 755 143 25 införskaffas,
913 757 51 19 enär

207 790 142 22 aflemnandet
365 790 23 22 af
401 791 83 27 uppgift
503 798 34 14 om
552 791 118 27 qvaliteten
686 791 23 21 af
724 791 27 21 de
768 791 58 20 olika
843 790 120 21 tobakstill-

207 825 156 27 verkningarne
379 826 107 21 härintills
502 826 48 21 icke
567 826 71 26 ålegat
652 825 160 22 vederbörande
824 824 139 22 fabrikanter.

207 859 49 21 Men
280 860 48 20 med
351 860 100 21 säkerhet
466 866 61 21 synes
544 853 54 28 dock
614 860 72 21 kunna
701 862 92 24 antagas
809 862 32 18 att
856 861 61 19 netto
932 859 31 20 in-

207 894 98 21 komsten
328 894 23 21 af
373 895 54 21 accis
450 894 28 27 på
499 895 57 21 inom
575 895 89 21 Finland
685 894 117 22 bearbetad
819 894 65 21 tobak
900 894 6 20 i
922 894 42 20 alla

208 928 113 22 händelser
344 930 55 20 skall
422 930 70 26 uppgå
512 930 34 20 till
570 930 35 20 det
621 930 83 26 belopp,
720 929 221 26 tobaksbevillningen
957 928 7 20 i

208 963 101 21 medeltal
326 970 33 14 om
376 963 46 22 året
436 964 116 27 inbringat.

278 997 145 22 Omförmälda
438 998 80 27 förslag
534 1000 24 19 är
574 998 22 21 af
610 998 94 27 följande
720 998 92 27 lydelse:

413 1124 117 32 Förslag
558 1125 33 24 till
613 1125 134 30 förordning
766 1123 114 32 angående
906 1124 57 25 accis

345 1169 29 33 på
396 1170 69 25 tobak
488 1171 130 25 förmedelst
640 1170 138 32 erläggande
802 1170 26 24 af
845 1170 117 25 banderol-

345 1216 69 31 afgift
432 1216 37 24 för
490 1216 266 31 tobakstillverkningar.

564 1296 10 26 $
594 1298 16 18 1.

277 1340 73 21 Såsom
367 1340 76 27 bidrag
458 1341 31 20 till
506 1341 137 21 bestridande
659 1341 22 21 af
696 1340 117 27 utgifterna
829 1341 33 21 för
877 1341 85 21 landets

206 1373 174 22 militärväsende
404 1375 54 20 skall
481 1375 45 20 från
547 1375 39 21 oeh
602 1375 48 21 med
666 1375 40 21 den
725 1377 8 18 1
753 1375 88 21 Januari
860 1376 54 20 1892
931 1375 31 21 till

207 1408 39 21 och
269 1408 47 21 med
340 1409 40 20 den
404 1410 25 19 31
447 1409 117 21 December
583 1410 52 20 1894
652 1409 56 21 accis
725 1409 99 27 erläggas
840 1409 33 21 för
888 1409 74 27 hvarje

206 1443 46 26 slag
269 1443 57 20 inom
343 1443 89 21 Finland
448 1444 89 21 arbetad
556 1444 73 21 tobak.
