1061 1706
247 166 13 18 4
542 164 45 24 N:o
608 166 39 22 29.

218 231 56 27 gång
289 233 33 19 att
337 232 46 21 dem
399 232 34 22 till
448 233 53 21 fullo
517 234 69 26 gälda,
603 234 60 26 skall,
675 234 7 21 i
693 234 78 26 stället,
780 233 69 21 hållas
860 233 7 21 i
878 233 94 27 fängelse

218 265 34 21 för
274 266 48 21 hela
344 266 169 29 bötesbeloppet,
529 268 88 22 hvarvid
632 268 46 27 fyra
695 269 76 27 dagars
788 268 95 27 fängelse
899 275 73 15 svarar

218 302 44 18 mot
277 300 62 21 böter
354 301 33 21 till
403 302 39 20 och
458 302 48 21 med
522 302 60 27 tjugu
601 302 71 27 mark;
688 302 32 22 för
736 303 36 21 det
787 303 84 26 belopp,
887 309 45 15 som
941 302 30 22 öf-

217 334 119 27 verskjuter
357 336 62 26 tjugu
441 336 61 22 mark
520 337 40 21 och
575 337 67 27 stiger
657 338 33 20 till
705 338 116 20 etthundra
836 338 67 26 mark,
919 338 52 20 ökas

216 369 179 26 fängelsestraffet
418 371 49 21 med
490 378 25 14 en
538 372 41 26 dag
599 372 33 20 för
647 372 72 27 hvarje
735 372 50 21 fullt
800 372 77 31 belopp
893 372 22 21 af
928 372 42 20 fem

216 404 72 26 mark;
304 405 39 21 och
358 405 32 21 för
406 406 39 21 den
463 406 34 22 del
508 406 22 22 af
539 406 96 27 böterna,
647 413 45 15 som
703 407 141 27 öfverskjuter
855 407 115 21 etthundra

216 439 68 27 mark,
300 440 52 20 ökas
366 440 179 27 fängelsestraffet
559 442 49 20 med
617 448 25 14 en
655 442 42 26 dag
706 442 34 20 för
750 442 73 26 hvarje
834 441 49 21 fullt
893 442 76 26 belopp

216 473 22 21 af
252 474 30 20 tio
298 474 70 26 mark;
384 475 55 21 dock
450 478 32 18 att
492 476 153 26 fängelsetiden
656 476 47 21 icke
713 476 7 21 i
731 476 65 27 något
806 476 38 21 fall
855 477 35 20 må
901 478 67 19 sättas

215 508 74 27 längre
304 510 27 19 än
347 509 62 21 nittio
425 510 72 27 dagar.

286 543 66 22 Böter
367 544 39 22 och
422 544 107 22 förbrutet
544 545 74 21 dömdt
633 546 52 26 gods
700 545 86 21 tillfalla
801 546 88 20 kronan.

560 609 11 27 8
590 610 31 20 12.

286 642 170 27 Öfverträdelser
472 648 22 21 af
508 648 162 22 föreskrifterna
685 649 6 20 i
707 649 69 21 denna
791 648 126 27 förordning
932 649 35 21 be-

213 681 53 21 ifras
282 682 39 21 och
337 682 68 21 ätalas
421 682 23 22 af
458 683 79 21 allmän
553 683 108 27 äklagare.

560 747 11 27 8
589 748 32 20 13.

281 786 127 22 Kostnaden
428 788 32 20 för
476 788 138 26 tillverkning
629 788 23 20 af
666 787 128 21 banderoler
810 786 107 22 äfvensom
933 786 32 21 för

212 820 121 22 kontrollen
356 822 142 27 tilläfventyrs
521 822 140 27 erforderliga
681 825 60 19 extra
756 821 89 27 utgifter
860 821 105 21 bestridas

212 862 25 14 ur
253 855 40 21 den
310 856 115 27 inflytande
442 857 150 21 accisskatten.

561 920 11 28 8
589 921 32 20 14.

282 954 18 26 Ä
316 959 104 22 Senatens
436 960 266 27 Ekonomiedepartement
721 960 125 21 ankommer
864 961 32 19 att
907 959 56 21 med-

210 994 48 21 dela
274 994 26 21 de
316 996 99 19 närmare
431 994 140 26 föreskrifter,
588 1001 45 15 som
644 995 32 21 för
686 994 120 22 kontrollen
822 994 39 20 och
872 994 91 26 uppbör-

210 1029 40 20 den
266 1028 22 21 af
302 1029 147 27 accisatgiften
466 1031 54 19 samt
535 1029 163 27 tillämpningen
714 1028 23 22 af
751 1028 71 21 denna
837 1028 125 26 förordning

208 1063 7 20 i
231 1062 64 27 öfrigt
310 1062 71 22 kunna
396 1063 96 21 befinnas
508 1063 147 26 erforderliga.

483 1126 73 27 Enligt
578 1126 59 21 Hans
659 1125 120 28 Kejserliga
799 1125 110 26 Majestäts
924 1125 37 21 nä-

414 1161 50 26 diga
483 1160 122 27 befallning,
621 1161 69 26 gifven
705 1160 7 21 i
729 1160 31 21 S:t
774 1159 131 26 Petersburg
921 1160 39 21 den

414 1197 26 26 33
456 1195 60 21 Mars
533 1196 61 20 1891.
791 1197 3 3 N

422 1271 29 24 C.
470 1269 276 26 EHRNROOTH.

674 1373 67 21 Alexis
758 1371 131 28 Gripenberg.

332 1483 123 22 Helsingfors,
467 1482 103 22 Kejserliga
583 1481 87 18 Senatens
683 1481 86 23 tryckeri,
783 1481 50 16 1891.
