1061 1703
418 184 45 23 N:o
483 185 38 22 24.
795 185 24 19 17

163 252 42 21 För
220 251 146 27 värnepligtig,
389 257 45 15 som
450 251 90 22 sålunda
554 252 83 21 inträdt
652 251 36 22 vid
703 252 59 21 aktiv
777 254 71 25 trupp,

91 287 78 21 räknas
184 286 139 27 tjenstetiden
338 285 46 22 från
401 285 121 28 påföljande
541 287 9 20 1
567 286 44 27 Maj
628 287 53 20 eller
702 288 5 19 1
720 287 127 24 November,

93 321 40 21 och
155 322 35 20 mä
214 321 40 21 den
277 320 37 27 tid,
337 320 41 21 han
402 321 105 26 undergär
524 321 88 21 ådömdt
627 321 163 26 fängelsestraff,
806 321 40 26 ej
836 316 14 36 i

92 355 137 27 tjenstetiden
248 354 137 22 inberäknas.
415 355 77 21 Finnes
507 355 42 21 han
566 355 33 21 till
615 355 124 27 krigstjenst
756 355 91 27 oduglig,

93 390 56 21 skall
171 390 48 21 med
239 390 78 20 honom
332 389 91 21 förfaras
439 389 28 27 på
481 391 44 19 sätt
539 389 68 22 finnes
623 389 100 27 stadgadt
739 389 109 27 angående

93 424 111 22 kassation
220 424 23 21 af
257 424 7 21 i
280 423 59 22 aktiv
354 424 66 26 tjenst
435 424 98 21 anstälda
548 430 109 21 personer.

165 459 117 21 Frikännes
298 458 40 21 den
357 458 108 21 tilltalade
486 459 23 21 af
523 459 65 27 högre
605 461 51 25 rätt,
672 459 64 21 varde
751 459 49 26 han,
816 465 32 15 se-

96 494 43 20 dan
155 494 93 26 utslaget
263 493 74 21 vunnit
352 493 50 27 laga
417 492 64 28 kraft,
497 493 48 21 från
556 495 92 25 truppen
660 494 122 26 entledigad
793 495 56 19 samt

94 528 93 26 följande
211 528 23 20 år
257 527 54 27 ånyo
333 527 115 27 uppbådad
471 528 33 21 till
519 528 99 26 lottning,
635 528 40 21 och
691 528 54 21 skall
761 528 39 21 den
817 528 31 21 tid

94 562 44 22 han
149 562 118 22 emellertid
278 562 34 21 vid
324 564 91 25 truppen
425 562 122 27 tjenstgjort
558 562 78 21 honom
645 562 203 27 tillgodoberäknas.

369 631 74 26 Enligt
464 631 61 21 Hans
548 631 120 28 Kejserliga
686 632 111 27 Majestäts
812 631 37 21 nå-

302 666 49 26 diga
367 665 122 27 befallning,
505 666 70 27 gifven
591 667 7 19 i
615 667 31 21 S:t
661 667 129 26 Petersburg
808 666 40 20 den

301 700 16 12 28
328 700 74 12 Febrnari

373 719 30 1 -—
422 707 60 20 1891.

301 718 12 2 *
318 723 16 12 2
344 723 39 13 Mars

308 798 29 24 C.
357 798 285 32 EHRNROOTAE.

564 902 68 22 Alexis
650 902 131 27 Gripenberg.

371 1033 203 10 mum
