<?xml version="1.0" encoding="UTF-8"?>
<alto xmlns="http://www.loc.gov/standards/alto/ns-v3#" xmlns:xlink="http://www.w3.org/1999/xlink" xmlns:xsi="http://www.w3.org/2001/XMLSchema-instance" xsi:schemaLocation="http://www.loc.gov/standards/alto/ns-v3# http://www.loc.gov/alto/v3/alto-3-0.xsd">
	<Description>
		<MeasurementUnit>pixel</MeasurementUnit>
		<sourceImageInformation>
			<fileName>/tmp/tess_5_5oamz0_input.PNG</fileName>
		</sourceImageInformation>
		<OCRProcessing ID="OCR_0">
			<ocrProcessingStep>
				<processingSoftware>
					<softwareName>tesseract 5.3.4</softwareName>
				</processingSoftware>
			</ocrProcessingStep>
		</OCRProcessing>
	</Description>
	<Layout>
		<Page WIDTH="1061" HEIGHT="1709" PHYSICAL_IMG_NR="0" ID="page_0">
			<PrintSpace HPOS="0" VPOS="0" WIDTH="1061" HEIGHT="1709">
				<ComposedBlock ID="cblock_0" HPOS="405" VPOS="136" WIDTH="323" HEIGHT="28">
					<TextBlock ID="block_0" HPOS="405" VPOS="136" WIDTH="323" HEIGHT="28">
						<TextLine ID="line_0" HPOS="405" VPOS="136" WIDTH="323" HEIGHT="28">
							<String ID="string_0" HPOS="405" VPOS="136" WIDTH="29" HEIGHT="21" WC="0.88" CONTENT="U."/><SP WIDTH="17" VPOS="136" HPOS="434"/>
							<String ID="string_1" HPOS="451" VPOS="136" WIDTH="27" HEIGHT="21" WC="0.90" CONTENT="B."/><SP WIDTH="17" VPOS="136" HPOS="478"/>
							<String ID="string_2" HPOS="495" VPOS="148" WIDTH="24" HEIGHT="3" WC="0.92" CONTENT="—"/><SP WIDTH="17" VPOS="148" HPOS="519"/>
							<String ID="string_3" HPOS="536" VPOS="136" WIDTH="76" HEIGHT="28" WC="0.95" CONTENT="Prop."/><SP WIDTH="16" VPOS="136" HPOS="612"/>
							<String ID="string_4" HPOS="628" VPOS="136" WIDTH="46" HEIGHT="22" WC="0.93" CONTENT="N:o"/><SP WIDTH="16" VPOS="136" HPOS="674"/>
							<String ID="string_5" HPOS="690" VPOS="136" WIDTH="38" HEIGHT="22" WC="0.93" CONTENT="23."/>
						</TextLine>
					</TextBlock>
				</ComposedBlock>
				<ComposedBlock ID="cblock_1" HPOS="397" VPOS="198" WIDTH="550" HEIGHT="195">
					<TextBlock ID="block_1" HPOS="397" VPOS="198" WIDTH="550" HEIGHT="195">
						<TextLine ID="line_1" HPOS="449" VPOS="198" WIDTH="495" HEIGHT="35">
							<String ID="string_6" HPOS="449" VPOS="198" WIDTH="140" HEIGHT="35" WC="0.95" CONTENT="Förordning"/><SP WIDTH="25" VPOS="198" HPOS="589"/>
							<String ID="string_7" HPOS="614" VPOS="198" WIDTH="119" HEIGHT="35" WC="0.95" CONTENT="angående"/><SP WIDTH="19" VPOS="198" HPOS="733"/>
							<String ID="string_8" HPOS="752" VPOS="198" WIDTH="96" HEIGHT="35" WC="0.96" CONTENT="ändring"/><SP WIDTH="20" VPOS="198" HPOS="848"/>
							<String ID="string_9" HPOS="868" VPOS="199" WIDTH="25" HEIGHT="28" WC="0.96" CONTENT="af"/><SP WIDTH="18" VPOS="199" HPOS="893"/>
							<String ID="string_10" HPOS="911" VPOS="199" WIDTH="33" HEIGHT="28" WC="0.96" CONTENT="45"/>
						</TextLine>
						<TextLine ID="line_2" HPOS="397" VPOS="238" WIDTH="548" HEIGHT="35">
							<String ID="string_11" HPOS="397" VPOS="239" WIDTH="16" HEIGHT="34" WC="0.85" CONTENT="S"/><SP WIDTH="20" VPOS="239" HPOS="413"/>
							<String ID="string_12" HPOS="433" VPOS="239" WIDTH="6" HEIGHT="27" WC="0.96" CONTENT="i"/><SP WIDTH="20" VPOS="239" HPOS="439"/>
							<String ID="string_13" HPOS="459" VPOS="238" WIDTH="162" HEIGHT="35" WC="0.96" CONTENT="förordningen"/><SP WIDTH="21" VPOS="238" HPOS="621"/>
							<String ID="string_14" HPOS="642" VPOS="239" WIDTH="41" HEIGHT="28" WC="0.96" CONTENT="den"/><SP WIDTH="21" VPOS="239" HPOS="683"/>
							<String ID="string_15" HPOS="704" VPOS="239" WIDTH="23" HEIGHT="28" WC="0.96" CONTENT="19"/><SP WIDTH="14" VPOS="239" HPOS="727"/>
							<String ID="string_16" HPOS="741" VPOS="239" WIDTH="122" HEIGHT="28" WC="0.91" CONTENT="december"/><SP WIDTH="12" VPOS="239" HPOS="863"/>
							<String ID="string_17" HPOS="875" VPOS="238" WIDTH="70" HEIGHT="32" WC="0.96" CONTENT="1889,"/>
						</TextLine>
						<TextLine ID="line_3" HPOS="397" VPOS="279" WIDTH="550" HEIGHT="34">
							<String ID="string_18" HPOS="397" VPOS="286" WIDTH="34" HEIGHT="21" WC="0.96" CONTENT="om"/><SP WIDTH="20" VPOS="286" HPOS="431"/>
							<String ID="string_19" HPOS="451" VPOS="279" WIDTH="119" HEIGHT="28" WC="0.96" CONTENT="införande"/><SP WIDTH="20" VPOS="279" HPOS="570"/>
							<String ID="string_20" HPOS="590" VPOS="279" WIDTH="26" HEIGHT="28" WC="0.96" CONTENT="af"/><SP WIDTH="18" VPOS="279" HPOS="616"/>
							<String ID="string_21" HPOS="634" VPOS="286" WIDTH="27" HEIGHT="27" WC="0.96" CONTENT="ny"/><SP WIDTH="19" VPOS="286" HPOS="661"/>
							<String ID="string_22" HPOS="680" VPOS="279" WIDTH="84" HEIGHT="28" WC="0.92" CONTENT="allmän"/><SP WIDTH="19" VPOS="279" HPOS="764"/>
							<String ID="string_23" HPOS="783" VPOS="279" WIDTH="108" HEIGHT="34" WC="0.92" CONTENT="strafflag"/><SP WIDTH="18" VPOS="279" HPOS="891"/>
							<String ID="string_24" HPOS="909" VPOS="279" WIDTH="38" HEIGHT="28" WC="0.96" CONTENT="för"/>
						</TextLine>
						<TextLine ID="line_4" HPOS="397" VPOS="319" WIDTH="548" HEIGHT="28">
							<String ID="string_25" HPOS="397" VPOS="319" WIDTH="224" HEIGHT="28" WC="0.96" CONTENT="Storfurstendömet"/><SP WIDTH="20" VPOS="319" HPOS="621"/>
							<String ID="string_26" HPOS="641" VPOS="319" WIDTH="93" HEIGHT="28" WC="0.96" CONTENT="Finland"/><SP WIDTH="20" VPOS="319" HPOS="734"/>
							<String ID="string_27" HPOS="754" VPOS="319" WIDTH="42" HEIGHT="28" WC="0.93" CONTENT="och"/><SP WIDTH="19" VPOS="319" HPOS="796"/>
							<String ID="string_28" HPOS="815" VPOS="319" WIDTH="58" HEIGHT="28" WC="0.88" CONTENT="hvad"/><SP WIDTH="13" VPOS="319" HPOS="873"/>
							<String ID="string_29" HPOS="886" VPOS="319" WIDTH="7" HEIGHT="27" WC="0.70" CONTENT="i"/><SP WIDTH="13" VPOS="319" HPOS="893"/>
							<String ID="string_30" HPOS="906" VPOS="319" WIDTH="39" HEIGHT="28" WC="0.70" CONTENT="af-"/>
						</TextLine>
						<TextLine ID="line_5" HPOS="397" VPOS="358" WIDTH="390" HEIGHT="35">
							<String ID="string_31" HPOS="397" VPOS="359" WIDTH="86" HEIGHT="28" WC="0.91" CONTENT="seende"/><SP WIDTH="19" VPOS="359" HPOS="483"/>
							<String ID="string_32" HPOS="502" VPOS="358" WIDTH="56" HEIGHT="29" WC="0.92" CONTENT="derä"/><SP WIDTH="19" VPOS="358" HPOS="558"/>
							<String ID="string_33" HPOS="577" VPOS="359" WIDTH="60" HEIGHT="28" WC="0.92" CONTENT="skall"/><SP WIDTH="21" VPOS="359" HPOS="637"/>
							<String ID="string_34" HPOS="658" VPOS="359" WIDTH="129" HEIGHT="34" WC="0.92" CONTENT="iakttagas."/>
						</TextLine>
					</TextBlock>
				</ComposedBlock>
				<ComposedBlock ID="cblock_2" HPOS="338" VPOS="461" WIDTH="609" HEIGHT="199">
					<TextBlock ID="block_2" HPOS="454" VPOS="461" WIDTH="493" HEIGHT="28">
						<TextLine ID="line_6" HPOS="454" VPOS="461" WIDTH="493" HEIGHT="28">
							<String ID="string_35" HPOS="454" VPOS="462" WIDTH="134" HEIGHT="27" WC="0.93" CONTENT="Härigenom"/><SP WIDTH="16" VPOS="462" HPOS="588"/>
							<String ID="string_36" HPOS="604" VPOS="462" WIDTH="83" HEIGHT="21" WC="0.92" CONTENT="varder"/><SP WIDTH="7" VPOS="462" HPOS="687"/>
							<String ID="string_37" HPOS="694" VPOS="461" WIDTH="140" HEIGHT="28" WC="0.42" CONTENT="förordnadt,"/><SP WIDTH="10" VPOS="461" HPOS="834"/>
							<String ID="string_38" HPOS="844" VPOS="464" WIDTH="33" HEIGHT="18" WC="0.96" CONTENT="att"/><SP WIDTH="12" VPOS="464" HPOS="877"/>
							<String ID="string_39" HPOS="889" VPOS="467" WIDTH="29" HEIGHT="22" WC="0.92" CONTENT="45"/><SP WIDTH="10" VPOS="467" HPOS="918"/>
							<String ID="string_40" HPOS="928" VPOS="463" WIDTH="19" HEIGHT="24" WC="0.92" CONTENT="$"/>
						</TextLine>
					</TextBlock>
					<TextBlock ID="block_3" HPOS="397" VPOS="496" WIDTH="550" HEIGHT="28">
						<TextLine ID="line_7" HPOS="397" VPOS="496" WIDTH="550" HEIGHT="28">
							<String ID="string_41" HPOS="397" VPOS="496" WIDTH="8" HEIGHT="20" WC="0.96" CONTENT="i"/><SP WIDTH="14" VPOS="496" HPOS="405"/>
							<String ID="string_42" HPOS="419" VPOS="496" WIDTH="157" HEIGHT="27" WC="0.93" CONTENT="förordningen"/><SP WIDTH="22" VPOS="496" HPOS="576"/>
							<String ID="string_43" HPOS="598" VPOS="497" WIDTH="40" HEIGHT="20" WC="0.95" CONTENT="den"/><SP WIDTH="20" VPOS="497" HPOS="638"/>
							<String ID="string_44" HPOS="658" VPOS="503" WIDTH="26" HEIGHT="21" WC="0.93" CONTENT="19"/><SP WIDTH="23" VPOS="503" HPOS="684"/>
							<String ID="string_45" HPOS="707" VPOS="496" WIDTH="109" HEIGHT="21" WC="0.89" CONTENT="dccember"/><SP WIDTH="15" VPOS="496" HPOS="816"/>
							<String ID="string_46" HPOS="831" VPOS="496" WIDTH="65" HEIGHT="27" WC="0.96" CONTENT="1889,"/><SP WIDTH="17" VPOS="496" HPOS="896"/>
							<String ID="string_47" HPOS="913" VPOS="503" WIDTH="34" HEIGHT="13" WC="0.96" CONTENT="om"/>
						</TextLine>
					</TextBlock>
					<TextBlock ID="block_4" HPOS="397" VPOS="529" WIDTH="549" HEIGHT="28">
						<TextLine ID="line_8" HPOS="397" VPOS="529" WIDTH="549" HEIGHT="28">
							<String ID="string_48" HPOS="397" VPOS="530" WIDTH="113" HEIGHT="27" WC="0.94" CONTENT="införande"/><SP WIDTH="22" VPOS="530" HPOS="510"/>
							<String ID="string_49" HPOS="532" VPOS="531" WIDTH="30" HEIGHT="26" WC="0.96" CONTENT="af"/><SP WIDTH="13" VPOS="531" HPOS="562"/>
							<String ID="string_50" HPOS="575" VPOS="537" WIDTH="28" HEIGHT="20" WC="0.96" CONTENT="ny"/><SP WIDTH="15" VPOS="537" HPOS="603"/>
							<String ID="string_51" HPOS="618" VPOS="531" WIDTH="83" HEIGHT="20" WC="0.93" CONTENT="allmän"/><SP WIDTH="14" VPOS="531" HPOS="701"/>
							<String ID="string_52" HPOS="715" VPOS="530" WIDTH="107" HEIGHT="27" WC="0.95" CONTENT="strafflag"/><SP WIDTH="7" VPOS="530" HPOS="822"/>
							<String ID="string_53" HPOS="829" VPOS="531" WIDTH="44" HEIGHT="26" WC="0.93" CONTENT="för"/><SP WIDTH="14" VPOS="531" HPOS="873"/>
							<String ID="string_54" HPOS="887" VPOS="529" WIDTH="59" HEIGHT="21" WC="0.93" CONTENT="Stor-"/>
						</TextLine>
					</TextBlock>
					<TextBlock ID="block_5" HPOS="391" VPOS="564" WIDTH="556" HEIGHT="27">
						<TextLine ID="line_9" HPOS="391" VPOS="564" WIDTH="556" HEIGHT="27">
							<String ID="string_55" HPOS="391" VPOS="565" WIDTH="159" HEIGHT="26" WC="0.74" CONTENT="furstendömet"/><SP WIDTH="19" VPOS="565" HPOS="550"/>
							<String ID="string_56" HPOS="569" VPOS="565" WIDTH="97" HEIGHT="20" WC="0.96" CONTENT="Finland"/><SP WIDTH="20" VPOS="565" HPOS="666"/>
							<String ID="string_57" HPOS="686" VPOS="565" WIDTH="37" HEIGHT="20" WC="0.93" CONTENT="och"/><SP WIDTH="21" VPOS="565" HPOS="723"/>
							<String ID="string_58" HPOS="744" VPOS="565" WIDTH="62" HEIGHT="20" WC="0.96" CONTENT="hvad"/><SP WIDTH="17" VPOS="565" HPOS="806"/>
							<String ID="string_59" HPOS="823" VPOS="565" WIDTH="9" HEIGHT="20" WC="0.93" CONTENT="i"/><SP WIDTH="16" VPOS="565" HPOS="832"/>
							<String ID="string_60" HPOS="848" VPOS="564" WIDTH="99" HEIGHT="27" WC="0.95" CONTENT="afseende"/>
						</TextLine>
					</TextBlock>
					<TextBlock ID="block_6" HPOS="338" VPOS="597" WIDTH="609" HEIGHT="63">
						<TextLine ID="line_10" HPOS="338" VPOS="597" WIDTH="609" HEIGHT="29">
							<String ID="string_61" HPOS="338" VPOS="597" WIDTH="11" HEIGHT="9" WC="0.46" CONTENT="*"/><SP WIDTH="48" VPOS="597" HPOS="349"/>
							<String ID="string_62" HPOS="397" VPOS="599" WIDTH="54" HEIGHT="20" WC="0.20" CONTENT=" derå"/><SP WIDTH="21" VPOS="599" HPOS="451"/>
							<String ID="string_63" HPOS="472" VPOS="599" WIDTH="58" HEIGHT="20" WC="0.93" CONTENT="skall"/><SP WIDTH="18" VPOS="599" HPOS="530"/>
							<String ID="string_64" HPOS="548" VPOS="599" WIDTH="115" HEIGHT="26" WC="0.96" CONTENT="iakttagas,"/><SP WIDTH="16" VPOS="599" HPOS="663"/>
							<String ID="string_65" HPOS="679" VPOS="599" WIDTH="60" HEIGHT="20" WC="0.93" CONTENT="skall"/><SP WIDTH="12" VPOS="599" HPOS="739"/>
							<String ID="string_66" HPOS="751" VPOS="599" WIDTH="83" HEIGHT="20" WC="0.88" CONTENT="erhålla"/><SP WIDTH="8" VPOS="599" HPOS="834"/>
							<String ID="string_67" HPOS="842" VPOS="598" WIDTH="105" HEIGHT="28" WC="0.91" CONTENT="följande"/>
						</TextLine>
						<TextLine ID="line_11" HPOS="396" VPOS="633" WIDTH="238" HEIGHT="27">
							<String ID="string_68" HPOS="396" VPOS="633" WIDTH="134" HEIGHT="25" WC="0.96" CONTENT="förändrade"/><SP WIDTH="16" VPOS="633" HPOS="530"/>
							<String ID="string_69" HPOS="546" VPOS="633" WIDTH="88" HEIGHT="27" WC="0.96" CONTENT="lydelse:"/>
						</TextLine>
					</TextBlock>
				</ComposedBlock>
				<ComposedBlock ID="cblock_3" HPOS="391" VPOS="714" WIDTH="558" HEIGHT="311">
					<TextBlock ID="block_7" HPOS="637" VPOS="714" WIDTH="68" HEIGHT="28">
						<TextLine ID="line_12" HPOS="637" VPOS="714" WIDTH="68" HEIGHT="28">
							<String ID="string_70" HPOS="637" VPOS="714" WIDTH="18" HEIGHT="25" WC="0.69" CONTENT="S"/><SP WIDTH="15" VPOS="714" HPOS="655"/>
							<String ID="string_71" HPOS="670" VPOS="719" WIDTH="35" HEIGHT="23" WC="0.84" CONTENT="45-"/>
						</TextLine>
					</TextBlock>
					<TextBlock ID="block_8" HPOS="391" VPOS="758" WIDTH="558" HEIGHT="267">
						<TextLine ID="line_13" HPOS="456" VPOS="758" WIDTH="490" HEIGHT="27">
							<String ID="string_72" HPOS="456" VPOS="758" WIDTH="75" HEIGHT="20" WC="0.95" CONTENT="Såsom"/><SP WIDTH="21" VPOS="758" HPOS="531"/>
							<String ID="string_73" HPOS="552" VPOS="758" WIDTH="80" HEIGHT="27" WC="0.94" CONTENT="tillägg"/><SP WIDTH="13" VPOS="758" HPOS="632"/>
							<String ID="string_74" HPOS="645" VPOS="759" WIDTH="36" HEIGHT="20" WC="0.96" CONTENT="till"/><SP WIDTH="12" VPOS="759" HPOS="681"/>
							<String ID="string_75" HPOS="693" VPOS="765" WIDTH="26" HEIGHT="14" WC="0.90" CONTENT="21"/><SP WIDTH="15" VPOS="765" HPOS="719"/>
							<String ID="string_76" HPOS="734" VPOS="759" WIDTH="18" HEIGHT="25" WC="0.54" CONTENT="£"/><SP WIDTH="15" VPOS="759" HPOS="752"/>
							<String ID="string_77" HPOS="767" VPOS="763" WIDTH="26" HEIGHT="15" WC="0.96" CONTENT="10"/><SP WIDTH="14" VPOS="763" HPOS="793"/>
							<String ID="string_78" HPOS="807" VPOS="758" WIDTH="49" HEIGHT="27" WC="0.93" CONTENT="kap."/><SP WIDTH="16" VPOS="758" HPOS="856"/>
							<String ID="string_79" HPOS="872" VPOS="759" WIDTH="74" HEIGHT="20" WC="0.90" CONTENT="Rätte-"/>
						</TextLine>
						<TextLine ID="line_14" HPOS="393" VPOS="792" WIDTH="553" HEIGHT="28">
							<String ID="string_80" HPOS="393" VPOS="793" WIDTH="148" HEIGHT="27" WC="0.36" CONTENT="gängsbalken"/><SP WIDTH="17" VPOS="793" HPOS="541"/>
							<String ID="string_81" HPOS="558" VPOS="793" WIDTH="76" HEIGHT="20" WC="0.89" CONTENT="varder"/><SP WIDTH="18" VPOS="793" HPOS="634"/>
							<String ID="string_82" HPOS="652" VPOS="792" WIDTH="109" HEIGHT="27" WC="0.81" CONTENT="stadgadt,"/><SP WIDTH="17" VPOS="792" HPOS="761"/>
							<String ID="string_83" HPOS="778" VPOS="795" WIDTH="33" HEIGHT="18" WC="0.93" CONTENT="att"/><SP WIDTH="14" VPOS="795" HPOS="811"/>
							<String ID="string_84" HPOS="825" VPOS="793" WIDTH="52" HEIGHT="27" WC="0.92" CONTENT="laga"/><SP WIDTH="12" VPOS="793" HPOS="877"/>
							<String ID="string_85" HPOS="889" VPOS="793" WIDTH="57" HEIGHT="20" WC="0.92" CONTENT="dom-"/>
						</TextLine>
						<TextLine ID="line_15" HPOS="396" VPOS="827" WIDTH="553" HEIGHT="28">
							<String ID="string_86" HPOS="396" VPOS="828" WIDTH="43" HEIGHT="20" WC="0.94" CONTENT="stol"/><SP WIDTH="13" VPOS="828" HPOS="439"/>
							<String ID="string_87" HPOS="452" VPOS="828" WIDTH="9" HEIGHT="20" WC="0.95" CONTENT="i"/><SP WIDTH="12" VPOS="828" HPOS="461"/>
							<String ID="string_88" HPOS="473" VPOS="828" WIDTH="48" HEIGHT="20" WC="0.95" CONTENT="mä!"/><SP WIDTH="11" VPOS="828" HPOS="521"/>
							<String ID="string_89" HPOS="532" VPOS="834" WIDTH="34" HEIGHT="13" WC="0.92" CONTENT="om"/><SP WIDTH="8" VPOS="834" HPOS="566"/>
							<String ID="string_90" HPOS="574" VPOS="827" WIDTH="143" HEIGHT="28" WC="0.94" CONTENT="lurendrejeri"/><SP WIDTH="6" VPOS="827" HPOS="717"/>
							<String ID="string_91" HPOS="723" VPOS="827" WIDTH="38" HEIGHT="21" WC="0.93" CONTENT="och"/><SP WIDTH="8" VPOS="827" HPOS="761"/>
							<String ID="string_92" HPOS="769" VPOS="827" WIDTH="180" HEIGHT="27" WC="0.90" CONTENT="tullförsnillning"/>
						</TextLine>
						<TextLine ID="line_16" HPOS="396" VPOS="857" WIDTH="550" HEIGHT="32">
							<String ID="string_93" HPOS="396" VPOS="865" WIDTH="58" HEIGHT="17" WC="0.93" CONTENT="samt"/><SP WIDTH="21" VPOS="865" HPOS="454"/>
							<String ID="string_94" HPOS="475" VPOS="869" WIDTH="33" HEIGHT="13" WC="0.96" CONTENT="om"/><SP WIDTH="21" VPOS="869" HPOS="508"/>
							<String ID="string_95" HPOS="529" VPOS="862" WIDTH="56" HEIGHT="20" WC="0.92" CONTENT="brott"/><SP WIDTH="13" VPOS="862" HPOS="585"/>
							<String ID="string_96" HPOS="598" VPOS="865" WIDTH="55" HEIGHT="17" WC="0.95" CONTENT="emot"/><SP WIDTH="8" VPOS="865" HPOS="653"/>
							<String ID="string_97" HPOS="661" VPOS="857" WIDTH="120" HEIGHT="32" WC="0.96" CONTENT="föreskrift"/><SP WIDTH="14" VPOS="857" HPOS="781"/>
							<String ID="string_98" HPOS="795" VPOS="862" WIDTH="36" HEIGHT="20" WC="0.93" CONTENT="till"/><SP WIDTH="5" VPOS="862" HPOS="831"/>
							<String ID="string_99" HPOS="836" VPOS="861" WIDTH="110" HEIGHT="28" WC="0.85" CONTENT="förekom-"/>
						</TextLine>
						<TextLine ID="line_17" HPOS="397" VPOS="896" WIDTH="550" HEIGHT="28">
							<String ID="string_100" HPOS="397" VPOS="897" WIDTH="78" HEIGHT="20" WC="0.94" CONTENT="mande"/><SP WIDTH="20" VPOS="897" HPOS="475"/>
							<String ID="string_101" HPOS="495" VPOS="897" WIDTH="29" HEIGHT="26" WC="0.92" CONTENT="af"/><SP WIDTH="18" VPOS="897" HPOS="524"/>
							<String ID="string_102" HPOS="542" VPOS="897" WIDTH="74" HEIGHT="27" WC="0.54" CONTENT="olofiig"/><SP WIDTH="20" VPOS="897" HPOS="616"/>
							<String ID="string_103" HPOS="636" VPOS="897" WIDTH="128" HEIGHT="26" WC="0.91" CONTENT="varuförsel"/><SP WIDTH="16" VPOS="897" HPOS="764"/>
							<String ID="string_104" HPOS="780" VPOS="897" WIDTH="28" HEIGHT="19" WC="0.93" CONTENT="är"/><SP WIDTH="14" VPOS="897" HPOS="808"/>
							<String ID="string_105" HPOS="822" VPOS="896" WIDTH="125" HEIGHT="27" WC="0.70" CONTENT="rädstufvu-"/>
						</TextLine>
						<TextLine ID="line_18" HPOS="398" VPOS="930" WIDTH="549" HEIGHT="25">
							<String ID="string_106" HPOS="398" VPOS="931" WIDTH="44" HEIGHT="19" WC="0.90" CONTENT="rätt"/><SP WIDTH="23" VPOS="931" HPOS="442"/>
							<String ID="string_107" HPOS="465" VPOS="931" WIDTH="8" HEIGHT="20" WC="0.95" CONTENT="i"/><SP WIDTH="20" VPOS="931" HPOS="473"/>
							<String ID="string_108" HPOS="493" VPOS="931" WIDTH="35" HEIGHT="20" WC="0.93" CONTENT="det"/><SP WIDTH="22" VPOS="931" HPOS="528"/>
							<String ID="string_109" HPOS="550" VPOS="930" WIDTH="132" HEIGHT="25" WC="0.88" CONTENT="tulldistrikt,"/><SP WIDTH="24" VPOS="930" HPOS="682"/>
							<String ID="string_110" HPOS="706" VPOS="931" WIDTH="57" HEIGHT="20" WC="0.93" CONTENT="inom"/><SP WIDTH="14" VPOS="931" HPOS="763"/>
							<String ID="string_111" HPOS="777" VPOS="930" WIDTH="80" HEIGHT="21" WC="0.95" CONTENT="hvilket"/><SP WIDTH="15" VPOS="930" HPOS="857"/>
							<String ID="string_112" HPOS="872" VPOS="930" WIDTH="75" HEIGHT="20" WC="0.96" CONTENT="brottet"/>
						</TextLine>
						<TextLine ID="line_19" HPOS="391" VPOS="964" WIDTH="558" HEIGHT="27">
							<String ID="string_113" HPOS="391" VPOS="965" WIDTH="120" HEIGHT="26" WC="0.53" CONTENT="Jföröfvats,"/><SP WIDTH="17" VPOS="965" HPOS="511"/>
							<String ID="string_114" HPOS="528" VPOS="965" WIDTH="52" HEIGHT="20" WC="0.96" CONTENT="dock"/><SP WIDTH="15" VPOS="965" HPOS="580"/>
							<String ID="string_115" HPOS="595" VPOS="965" WIDTH="51" HEIGHT="20" WC="0.93" CONTENT="med"/><SP WIDTH="13" VPOS="965" HPOS="646"/>
							<String ID="string_116" HPOS="659" VPOS="965" WIDTH="119" HEIGHT="26" WC="0.96" CONTENT="undantag,"/><SP WIDTH="17" VPOS="965" HPOS="778"/>
							<String ID="string_117" HPOS="795" VPOS="971" WIDTH="33" HEIGHT="13" WC="0.93" CONTENT="om"/><SP WIDTH="10" VPOS="971" HPOS="828"/>
							<String ID="string_118" HPOS="838" VPOS="964" WIDTH="74" HEIGHT="21" WC="0.92" CONTENT="hvilka"/><SP WIDTH="8" VPOS="964" HPOS="912"/>
							<String ID="string_119" HPOS="920" VPOS="965" WIDTH="29" HEIGHT="19" WC="0.96" CONTENT="är"/>
						</TextLine>
						<TextLine ID="line_20" HPOS="397" VPOS="999" WIDTH="225" HEIGHT="26">
							<String ID="string_120" HPOS="397" VPOS="999" WIDTH="104" HEIGHT="20" WC="0.88" CONTENT="särskildt"/><SP WIDTH="12" VPOS="999" HPOS="501"/>
							<String ID="string_121" HPOS="513" VPOS="999" WIDTH="109" HEIGHT="26" WC="0.72" CONTENT="stadgadt."/>
						</TextLine>
					</TextBlock>
				</ComposedBlock>
				<ComposedBlock ID="cblock_4" HPOS="260" VPOS="1163" WIDTH="515" HEIGHT="26">
					<TextBlock ID="block_9" HPOS="260" VPOS="1163" WIDTH="515" HEIGHT="26">
						<TextLine ID="line_21" HPOS="260" VPOS="1163" WIDTH="515" HEIGHT="26">
							<String ID="string_122" HPOS="260" VPOS="1163" WIDTH="110" HEIGHT="26" WC="0.93" CONTENT="Härjämte"/><SP WIDTH="15" VPOS="1163" HPOS="370"/>
							<String ID="string_123" HPOS="385" VPOS="1164" WIDTH="31" HEIGHT="21" WC="0.92" CONTENT="fär"/><SP WIDTH="17" VPOS="1164" HPOS="416"/>
							<String ID="string_124" HPOS="433" VPOS="1164" WIDTH="114" HEIGHT="21" WC="0.92" CONTENT="Utskottet"/><SP WIDTH="15" VPOS="1164" HPOS="547"/>
							<String ID="string_125" HPOS="562" VPOS="1165" WIDTH="112" HEIGHT="20" WC="0.92" CONTENT="vördsamt"/><SP WIDTH="16" VPOS="1165" HPOS="674"/>
							<String ID="string_126" HPOS="690" VPOS="1163" WIDTH="85" HEIGHT="26" WC="0.90" CONTENT="föreslä,"/>
						</TextLine>
					</TextBlock>
				</ComposedBlock>
				<ComposedBlock ID="cblock_5" HPOS="259" VPOS="1226" WIDTH="691" HEIGHT="266">
					<TextBlock ID="block_10" HPOS="390" VPOS="1226" WIDTH="560" HEIGHT="232">
						<TextLine ID="line_22" HPOS="454" VPOS="1226" WIDTH="494" HEIGHT="27">
							<String ID="string_127" HPOS="454" VPOS="1230" WIDTH="33" HEIGHT="17" WC="0.83" CONTENT="att"/><SP WIDTH="25" VPOS="1230" HPOS="487"/>
							<String ID="string_128" HPOS="512" VPOS="1227" WIDTH="124" HEIGHT="20" WC="0.83" CONTENT="Ständerna"/><SP WIDTH="23" VPOS="1227" HPOS="636"/>
							<String ID="string_129" HPOS="659" VPOS="1227" WIDTH="66" HEIGHT="20" WC="0.95" CONTENT="måtte"/><SP WIDTH="23" VPOS="1227" HPOS="725"/>
							<String ID="string_130" HPOS="748" VPOS="1226" WIDTH="9" HEIGHT="20" WC="0.89" CONTENT="i"/><SP WIDTH="21" VPOS="1226" HPOS="757"/>
							<String ID="string_131" HPOS="778" VPOS="1226" WIDTH="170" HEIGHT="27" WC="0.89" CONTENT="underdänighet"/>
						</TextLine>
						<TextLine ID="line_23" HPOS="397" VPOS="1260" WIDTH="550" HEIGHT="28">
							<String ID="string_132" HPOS="397" VPOS="1261" WIDTH="94" HEIGHT="23" WC="0.95" CONTENT="anmäla,"/><SP WIDTH="16" VPOS="1261" HPOS="491"/>
							<String ID="string_133" HPOS="507" VPOS="1261" WIDTH="35" HEIGHT="20" WC="0.96" CONTENT="det"/><SP WIDTH="14" VPOS="1261" HPOS="542"/>
							<String ID="string_134" HPOS="556" VPOS="1261" WIDTH="26" HEIGHT="20" WC="0.93" CONTENT="de"/><SP WIDTH="14" VPOS="1261" HPOS="582"/>
							<String ID="string_135" HPOS="596" VPOS="1261" WIDTH="112" HEIGHT="27" WC="0.94" CONTENT="samtycka"/><SP WIDTH="17" VPOS="1261" HPOS="708"/>
							<String ID="string_136" HPOS="725" VPOS="1261" WIDTH="77" HEIGHT="24" WC="0.83" CONTENT="tillatt,"/><SP WIDTH="12" VPOS="1261" HPOS="802"/>
							<String ID="string_137" HPOS="814" VPOS="1260" WIDTH="10" HEIGHT="20" WC="0.54" CONTENT="i"/><SP WIDTH="2" VPOS="1260" HPOS="824"/>
							<String ID="string_138" HPOS="826" VPOS="1261" WIDTH="52" HEIGHT="26" WC="0.54" CONTENT="fall"/><SP WIDTH="4" VPOS="1261" HPOS="878"/>
							<String ID="string_139" HPOS="882" VPOS="1260" WIDTH="65" HEIGHT="21" WC="0.96" CONTENT="Hans"/>
						</TextLine>
						<TextLine ID="line_24" HPOS="397" VPOS="1294" WIDTH="550" HEIGHT="28">
							<String ID="string_140" HPOS="397" VPOS="1295" WIDTH="122" HEIGHT="27" WC="0.94" CONTENT="Kejserliga"/><SP WIDTH="22" VPOS="1295" HPOS="519"/>
							<String ID="string_141" HPOS="541" VPOS="1296" WIDTH="109" HEIGHT="26" WC="0.95" CONTENT="Majestät"/><SP WIDTH="20" VPOS="1296" HPOS="650"/>
							<String ID="string_142" HPOS="670" VPOS="1296" WIDTH="27" HEIGHT="20" WC="0.93" CONTENT="sä"/><SP WIDTH="15" VPOS="1296" HPOS="697"/>
							<String ID="string_143" HPOS="712" VPOS="1296" WIDTH="73" HEIGHT="24" WC="0.92" CONTENT="finner"/><SP WIDTH="13" VPOS="1296" HPOS="785"/>
							<String ID="string_144" HPOS="798" VPOS="1294" WIDTH="80" HEIGHT="27" WC="0.91" CONTENT="nödigt,"/><SP WIDTH="9" VPOS="1294" HPOS="878"/>
							<String ID="string_145" HPOS="887" VPOS="1295" WIDTH="60" HEIGHT="26" WC="0.96" CONTENT="från"/>
						</TextLine>
						<TextLine ID="line_25" HPOS="390" VPOS="1328" WIDTH="560" HEIGHT="28">
							<String ID="string_146" HPOS="390" VPOS="1329" WIDTH="160" HEIGHT="27" WC="0.95" CONTENT="förordningen"/><SP WIDTH="22" VPOS="1329" HPOS="550"/>
							<String ID="string_147" HPOS="572" VPOS="1330" WIDTH="112" HEIGHT="26" WC="0.95" CONTENT="angående"/><SP WIDTH="14" VPOS="1330" HPOS="684"/>
							<String ID="string_148" HPOS="698" VPOS="1329" WIDTH="112" HEIGHT="21" WC="0.96" CONTENT="särskilda"/><SP WIDTH="15" VPOS="1329" HPOS="810"/>
							<String ID="string_149" HPOS="825" VPOS="1328" WIDTH="125" HEIGHT="27" WC="0.96" CONTENT="ändringar"/>
						</TextLine>
						<TextLine ID="line_26" HPOS="397" VPOS="1362" WIDTH="552" HEIGHT="28">
							<String ID="string_150" HPOS="397" VPOS="1363" WIDTH="10" HEIGHT="20" WC="0.95" CONTENT="i"/><SP WIDTH="19" VPOS="1363" HPOS="407"/>
							<String ID="string_151" HPOS="426" VPOS="1363" WIDTH="130" HEIGHT="27" WC="0.95" CONTENT="strafflagen"/><SP WIDTH="18" VPOS="1363" HPOS="556"/>
							<String ID="string_152" HPOS="574" VPOS="1364" WIDTH="35" HEIGHT="20" WC="0.96" CONTENT="det"/><SP WIDTH="14" VPOS="1364" HPOS="609"/>
							<String ID="string_153" HPOS="623" VPOS="1370" WIDTH="75" HEIGHT="14" WC="0.96" CONTENT="senare"/><SP WIDTH="14" VPOS="1370" HPOS="698"/>
							<String ID="string_154" HPOS="712" VPOS="1366" WIDTH="113" HEIGHT="18" WC="0.96" CONTENT="momentet"/><SP WIDTH="14" VPOS="1366" HPOS="825"/>
							<String ID="string_155" HPOS="839" VPOS="1364" WIDTH="30" HEIGHT="26" WC="0.96" CONTENT="af"/><SP WIDTH="7" VPOS="1364" HPOS="869"/>
							<String ID="string_156" HPOS="876" VPOS="1369" WIDTH="16" HEIGHT="20" WC="0.93" CONTENT="3"/><SP WIDTH="15" VPOS="1369" HPOS="892"/>
							<String ID="string_157" HPOS="907" VPOS="1364" WIDTH="18" HEIGHT="24" WC="0.83" CONTENT="S"/><SP WIDTH="15" VPOS="1364" HPOS="925"/>
							<String ID="string_158" HPOS="940" VPOS="1362" WIDTH="9" HEIGHT="20" WC="0.95" CONTENT="i"/>
						</TextLine>
						<TextLine ID="line_27" HPOS="397" VPOS="1396" WIDTH="552" HEIGHT="28">
							<String ID="string_159" HPOS="397" VPOS="1404" WIDTH="11" HEIGHT="13" WC="0.90" CONTENT="I"/><SP WIDTH="15" VPOS="1404" HPOS="408"/>
							<String ID="string_160" HPOS="423" VPOS="1397" WIDTH="50" HEIGHT="27" WC="0.94" CONTENT="kap."/><SP WIDTH="21" VPOS="1397" HPOS="473"/>
							<String ID="string_161" HPOS="494" VPOS="1398" WIDTH="124" HEIGHT="24" WC="0.95" CONTENT="utelämnas,"/><SP WIDTH="27" VPOS="1398" HPOS="618"/>
							<String ID="string_162" HPOS="645" VPOS="1398" WIDTH="53" HEIGHT="20" WC="0.96" CONTENT="dock"/><SP WIDTH="25" VPOS="1398" HPOS="698"/>
							<String ID="string_163" HPOS="723" VPOS="1397" WIDTH="51" HEIGHT="21" WC="0.95" CONTENT="med"/><SP WIDTH="13" VPOS="1397" HPOS="774"/>
							<String ID="string_164" HPOS="787" VPOS="1396" WIDTH="116" HEIGHT="28" WC="0.95" CONTENT="förbehåll"/><SP WIDTH="12" VPOS="1396" HPOS="903"/>
							<String ID="string_165" HPOS="915" VPOS="1400" WIDTH="34" HEIGHT="17" WC="0.96" CONTENT="att"/>
						</TextLine>
						<TextLine ID="line_28" HPOS="393" VPOS="1431" WIDTH="554" HEIGHT="27">
							<String ID="string_166" HPOS="393" VPOS="1432" WIDTH="33" HEIGHT="26" WC="0.91" CONTENT="på"/><SP WIDTH="12" VPOS="1432" HPOS="426"/>
							<String ID="string_167" HPOS="438" VPOS="1432" WIDTH="77" HEIGHT="26" WC="0.95" CONTENT="grund"/><SP WIDTH="12" VPOS="1432" HPOS="515"/>
							<String ID="string_168" HPOS="527" VPOS="1432" WIDTH="30" HEIGHT="26" WC="0.96" CONTENT="af"/><SP WIDTH="11" VPOS="1432" HPOS="557"/>
							<String ID="string_169" HPOS="568" VPOS="1432" WIDTH="69" HEIGHT="20" WC="0.93" CONTENT="denna"/><SP WIDTH="14" VPOS="1432" HPOS="637"/>
							<String ID="string_170" HPOS="651" VPOS="1432" WIDTH="136" HEIGHT="20" WC="0.92" CONTENT="Ständernas"/><SP WIDTH="11" VPOS="1432" HPOS="787"/>
							<String ID="string_171" HPOS="798" VPOS="1431" WIDTH="149" HEIGHT="26" WC="0.90" CONTENT="underdåniga"/>
						</TextLine>
					</TextBlock>
					<TextBlock ID="block_11" HPOS="259" VPOS="1470" WIDTH="343" HEIGHT="22">
						<TextLine ID="line_29" HPOS="259" VPOS="1470" WIDTH="343" HEIGHT="22">
							<String ID="string_172" HPOS="259" VPOS="1470" WIDTH="130" HEIGHT="22" WC="0.84" CONTENT="Lagutskottets"/><SP WIDTH="12" VPOS="1470" HPOS="389"/>
							<String ID="string_173" HPOS="401" VPOS="1470" WIDTH="110" HEIGHT="18" WC="0.96" CONTENT="betänkande"/><SP WIDTH="13" VPOS="1470" HPOS="511"/>
							<String ID="string_174" HPOS="524" VPOS="1472" WIDTH="36" HEIGHT="16" WC="0.96" CONTENT="N:o"/><SP WIDTH="13" VPOS="1472" HPOS="560"/>
							<String ID="string_175" HPOS="573" VPOS="1472" WIDTH="29" HEIGHT="16" WC="0.90" CONTENT="15."/>
						</TextLine>
					</TextBlock>
				</ComposedBlock>
			</PrintSpace>
		</Page>
	</Layout>
</alto>
