1056 1700
665 159 122 29 Transport
806 154 17 38 =
832 158 124 28 5,018,011:
975 158 32 20 16.

222 194 36 22 för
272 194 89 22 handen
377 195 97 21 varande
491 194 127 23 öfverskott
628 195 8 21 i
646 194 142 22 statsfonden

221 230 115 28 beviljats:

222 266 81 28 bidrag
318 266 34 20 till
368 266 138 22 slutförande
521 266 25 22 af
553 266 118 29 pågående
679 266 117 29 jernvägs-

222 301 134 29 byggnader
370 303 51 21 med
449 320 3 4 .
486 320 4 4 .
783 319 4 4 .
833 302 124 27 —6,500,000:
974 314 28 2 —

222 337 36 21 d:o
274 336 35 22 till
325 337 136 23 bekostande
475 338 26 22 af
508 315 158 67 Helsingfors
682 319 105 41 Tavaste-

222 373 61 21 hus—
289 376 40 18 S:t
344 374 147 29 Petersburgs
504 374 108 29 jernvägs
627 374 161 22 utsträckande

222 408 35 21 till
272 409 141 29 Helsingfors
429 411 61 20 stads
506 410 65 21 södra
586 410 69 21 hamn
671 410 51 21 med
747 427 3 4 .
784 427 3 4 .
835 410 122 27 1,000,000:
975 422 27 2 —

192 444 63 22 Ifrån
274 445 27 21 de
317 445 126 22 beräknade
458 446 153 29 tillgångarna
625 446 70 21 borde
710 445 78 22 vidare

222 488 132 14 reserveras:

222 516 28 21 de
262 517 177 29 anslagsbelopp,
451 517 94 22 hvarom
553 517 128 28 Kejserliga
689 517 98 22 Senaten

221 552 167 22 nedanstäende
409 553 70 29 dagar
497 553 8 21 i
523 553 182 29 underdänighet
725 553 62 21 hem-

222 588 59 28 stält,
298 589 122 29 nemligen:

222 624 43 22 den
282 624 27 22 19
325 625 124 21 November
466 625 63 27 1890,
539 626 116 28 angäende
663 625 81 29 bidrag
752 624 34 22 till

463 661 140 21 slutförande
619 661 26 21 af
657 660 130 30 byggnads-

463 696 92 22 arbeten
571 696 35 22 för
614 704 28 14 en
650 696 70 29 högre
729 696 58 21 folk-

463 733 63 21 skola
546 734 13 20 &
581 733 44 21 den
648 732 35 22 till
701 732 86 28 Björkö

463 768 82 22 socken
566 768 100 22 hörande
688 768 101 22 Seitskär

462 806 40 20 utö
557 821 78 4 R.
781 821 3 4 a
887 804 70 26 5,000:
974 816 29 2 —

222 839 43 21 den
282 840 26 20 21
326 839 93 22 Januari
442 840 63 27 1891,
527 840 117 28 angäende
665 818 124 54 understöd

463 876 36 20 för
520 876 157 21 fullbordande
699 875 25 22 af
737 883 28 13 en
781 875 8 21 i

463 911 150 21 Mariehamns
636 911 50 21 stad
705 911 83 29 anlagd

462 946 179 22 hafskuranstalt
673 964 3 4 .
709 964 4 4 .
747 964 5 3 .
785 964 3 3 .
873 946 85 27 20,000:
976 959 27 2 —-

221 982 43 21 den
280 983 27 20 21
324 982 94 22 Januari
430 983 62 27 1891,
505 983 116 28 angäende
631 982 123 22 understöd
765 984 24 20 ät

466 1018 162 29 Aktiebolaget
647 1018 35 22 för
697 1020 89 19 vatten-

462 1054 156 22 kuranstalten
627 1054 8 21 i
642 1054 85 22 Lovisa
737 1054 51 21 stad

463 1090 35 21 för
513 1089 120 22 utförande
645 1090 25 21 af
678 1090 110 28 tillbygg-

464 1126 149 21 nadsarbeten
621 1126 40 21 vid
669 1126 114 21 anstalten
875 1124 84 28 12,000:
978 1137 26 2 —

220 1161 45 21 den
281 1162 29 21 28
326 1162 93 22 Januari
437 1163 62 26 1891,
522 1162 117 28 angående
659 1161 128 28 beviljande

464 1198 25 21 af
507 1200 34 19 ett
561 1197 116 22 räntefritt
693 1200 95 18 amorte-

463 1233 101 29 ringslän
579 1233 36 21 för
625 1233 69 28 inköp
706 1233 26 21 af
739 1233 48 21 Hu-

463 1269 59 21 vitus
537 1269 8 21 i
561 1269 72 21 Yläne
653 1269 82 21 socken
751 1269 37 20 be-

464 1305 68 28 lägna
539 1304 117 28 egendom,
667 1304 78 21 afsedd
754 1304 35 21 för

463 1348 27 13 en
515 1340 127 21 kuranstalt
668 1340 35 21 för
729 1340 60 20 drin-

465 1376 59 21 kare.
549 1376 34 21 Af
596 1376 43 20 den
651 1376 95 21 ansökta
756 1376 32 20 lä-

663 1418 123 28 Transport
819 1416 140 27 12,555,011:
979 1416 33 21 16.
