1061 1700
258 119 82 23 Ständ.
357 119 38 23 Sv.
411 132 29 4 —
456 120 74 28 Prop.
545 120 44 22 N:o
605 120 38 22 24.
768 122 26 20 15

490 182 14 24 $
519 181 35 21 32.

290 222 114 27 Personer,
420 229 48 15 som
478 223 117 26 innehafva
606 223 158 21 nedannämda
774 224 50 20 bild-

220 258 153 26 ningsgrader,
397 257 93 28 åtnjuta,
517 258 29 22 dä
569 259 26 21 de
611 259 54 26 efter
688 259 91 26 lottning
794 260 31 20 in-

220 294 50 20 träa
286 294 36 21 vid
338 294 25 21 de
373 294 74 21 aktiva
458 296 129 25 trupperna,
611 294 122 26 förkortad
744 294 80 26 tjenste-

220 330 32 21 tid
267 330 65 26 enligt
345 330 99 26 följande
458 330 111 26 grunder:

292 384 42 24 1:0)
363 384 39 26 De,
418 390 47 15 som
487 383 124 27 genomgätt
633 384 65 26 högre
711 384 112 26 folkskola,

221 418 42 22 tvä-
286 420 51 20 eller
366 420 116 26 treklassig
505 420 176 21 elementarskola
705 420 50 21 eller
778 420 47 21 der-

221 456 55 20 emot
298 455 110 21 svarande
428 455 84 22 klasser
528 455 27 27 af
567 455 90 27 lyceum,
673 455 65 27 högre
748 455 78 21 handi-

222 491 128 26 verksskola,
361 491 160 22 industriskola
535 491 51 21 eller
594 491 61 27 lägre
677 491 149 21 handelsläro-

222 527 56 26 verk,
294 527 50 21 eller
357 527 67 26 aflagt
433 527 154 21 motsvarande
596 527 172 26 kunskapsprof,
777 527 50 21 eller

222 563 91 27 afslutat
335 563 56 21 kurs
416 563 37 21 vid
481 563 184 27 jordbruksskola
691 563 51 21 eller
767 563 60 27 lägre

222 599 112 26 afdelning
349 599 28 26 af
383 599 224 26 landtbruksinstitut,
624 599 112 27 äfvensom
746 599 80 21 maski-

222 636 68 20 nister
313 635 38 21 och
370 635 176 26 understyrmän
561 634 35 22 stä
611 636 8 20 i
635 635 58 21 aktiv
713 635 64 26 tjenst
792 633 35 22 två

222 670 28 22 år
266 671 37 21 och
318 671 56 21 höra
390 671 94 26 derefter
502 672 32 20 tre
549 670 28 21 är
593 671 32 21 till
640 676 106 16 reserven.

294 724 43 25 2:0
368 724 31 21 De
422 730 48 15 som
492 724 125 27 genomgätt
630 724 62 27 fyra-
707 724 51 21 eller
770 724 55 26 fem-

224 760 81 27 klassig
322 760 177 21 elementarskola
514 760 50 21 eller
579 760 155 21 motsvarande
744 760 84 21 klasser

224 796 28 26 af
264 796 89 26 lyceum,
369 796 51 21 eller
435 796 108 21 realskola
554 796 49 21 med
611 796 55 26 fyra
676 796 91 26 klasser,
776 795 52 27 folk-

225 832 275 26 skollärareseminarium,
515 832 66 26 högre
593 832 197 25 handelsläroverk,
800 832 28 20 el-

224 868 32 20 ler
269 868 66 26 högre
343 868 115 26 afdelming
479 868 29 26 af
527 867 227 26 landibruksinstitut,
778 867 50 21 eller

225 904 66 26 aflagt
312 904 155 20 motsvarande
490 903 171 27 kunskapsprof,
678 903 152 26 farmaciestu-

225 939 103 26 derande,
351 939 112 27 äfvensom
485 939 25 21 de
532 939 73 21 hvilka
627 939 37 21 vid
687 939 143 26 navigations-

225 976 61 20 skola
296 974 118 27 undergätt
424 976 122 25 styrmans-
557 975 51 21 eller
619 975 210 26 skeppare-examen,

226 1010 34 22 stä
275 1012 9 20 i
299 1011 58 21 aktiv
380 1010 64 27 tjenst
459 1012 30 20 ett
504 1010 28 21 är
547 1010 38 22 och
601 1016 38 15 sex
663 1009 108 22 mänader
793 1010 37 20 och

225 1047 55 21 höra
292 1047 93 26 derefter
396 1048 32 20 tre
436 1045 29 22 är
474 1046 37 21 och
520 1052 37 16 sex
565 1046 111 21 månader
685 1046 31 21 till
723 1051 106 16 reserven.

297 1102 43 22 8:0)
370 1100 140 22 Studerande
524 1100 37 22 vid
571 1100 145 21 universitetet
727 1100 39 20 och
775 1099 56 21 ordi-

226 1138 64 21 narie
305 1137 66 21 elever
386 1137 38 21 vid
436 1136 152 27 polytekniska
604 1137 106 20 institutet
720 1135 111 27 äfvensom

228 1173 31 27 de,
275 1173 73 21 hvilka
369 1171 126 28 genomgått
517 1172 101 26 normal-,
643 1172 53 21 real-
712 1171 50 21 eller
777 1171 55 20 klas-

227 1209 54 21 siskt
296 1209 83 26 lyceum
395 1208 51 21 eller
462 1208 115 21 allmänna
592 1207 116 22 klasserna
722 1207 28 26 af
760 1206 72 26 finska

226 1243 143 23 kadettkären
388 1244 51 21 eller
454 1243 68 27 aflagt
537 1243 154 21 motsvarande
713 1243 119 25 kunskaps-

224 1280 60 27 prof,
306 1281 59 20 samt
388 1280 32 26 de,
439 1279 74 21 hvilka
528 1278 118 27 undergätt
661 1278 171 26 sjökaptensera-

228 1322 56 20 men,
301 1314 35 22 stä
351 1316 8 20 i
374 1315 58 21 aktiv
448 1315 65 26 tjenst
529 1316 27 20 ett
571 1313 28 22 är
615 1314 38 21 och
667 1314 56 21 höra
739 1313 93 27 derefter

225 1351 55 27 fyra
296 1350 28 22 är
340 1351 32 21 till
387 1356 107 16 reserven.
