1059 1700
303 102 27 22 U.
346 102 27 21 B.
392 115 25 2 —
434 101 74 29 Prop.
524 102 46 22 N:o
586 101 37 22 22.

301 415 215 28 Lagutskottets
532 416 183 23 betänkande
730 416 45 23 N:o
791 416 49 23 161

230 451 136 28 anledning
374 451 28 22 af
407 451 67 23 Hans
479 451 139 29 Kejserliga
623 451 120 30 Majestäts
750 452 89 28 nädiga

230 487 155 28 proposition
412 487 126 28 angäende
562 488 108 27 ändring
693 488 8 22 i
725 488 114 28 gällande

230 523 151 27 stadganden
404 528 41 17 om
468 523 87 22 besvär
571 523 10 22 i
596 523 117 23 brottmål
736 524 47 22 och
804 523 34 22 ut

230 558 112 28 mätning
358 558 40 23 för
414 558 78 23 böter.

158 632 156 21 Förevarande
330 631 82 27 nådiga
424 632 140 26 proposition
575 632 41 21 har
627 632 25 22 af
660 632 106 27 samtliga
778 632 59 22 stån-

88 668 42 20 den
145 668 75 21 blifvit
236 667 6 21 i
258 667 106 21 afseende
381 667 13 21 å
410 667 162 22 förberedande
587 668 167 26 handläggning
762 668 75 22 remit-

87 702 64 22 terad
166 702 35 22 till
217 702 171 28 Lagutskottet,
406 708 50 16 som
471 702 74 22 tillika
561 703 90 21 erhållit
668 703 34 21 del
718 703 26 22 af
754 704 35 21 ett
800 703 37 22 vid

87 738 106 22 ärendets
214 738 158 27 föredragning
392 738 7 21 i
414 738 166 28 Ridderskapet
596 739 42 21 och
654 739 73 21 Adeln
743 738 94 28 afgifvet

84 774 108 26 yttrande
208 774 41 20 och
263 773 86 27 jämväl
364 774 130 21 sedermera
509 774 30 26 på
554 774 99 26 begäran
668 774 46 21 fått
724 774 50 21 från
785 774 50 27 Kej-

84 809 82 27 serliga
184 808 101 22 Senaten
300 809 34 21 till
351 809 137 27 upplysning
504 810 118 26 emottaga
638 809 110 22 särskilda
764 809 71 22 saken

84 844 94 22 rörande
195 844 139 28 handlingar.

154 981 34 21 Af
206 982 27 20 de
255 982 7 20 i
284 982 42 21 den
342 982 82 26 nådiga
439 982 169 26 propositionen
624 981 110 27 ingående
750 982 85 21 tvänne

83 1016 258 28 författningsförslagen
358 1017 124 21 innehåller
499 1018 39 20 det
553 1017 60 21 förra
628 1017 63 21 vissa
703 1016 132 22 förändrade

82 1052 170 27 bestämningar
269 1053 116 27 angående
402 1053 208 27 ändringssökande
626 1053 7 21 i
648 1053 116 27 brottmål,
790 1058 44 16 me-

84 1088 42 21 dan
150 1088 38 21 det
212 1094 80 15 senare
312 1088 109 27 förslaget
436 1088 60 22 afser
512 1088 129 22 införandet
656 1088 26 22 af
694 1088 140 26 stadganden

83 1129 37 16 om
135 1123 169 22 verkställande
320 1124 23 21 af
359 1124 133 27 utmätning
507 1124 35 21 för
557 1124 65 21 böter
638 1124 29 27 på
682 1124 72 26 grund
768 1124 25 22 af
801 1124 33 21 ut-

82 1159 55 28 slag,
154 1165 49 16 som
219 1161 61 20 ännu
297 1160 19 27 ej
334 1160 81 21 vunnit
431 1160 51 27 laga
497 1160 69 21 kraft.

152 1195 76 26 Enligt
251 1195 60 21 hvad
334 1195 26 22 af
379 1195 123 22 Utskottet
519 1195 97 27 delgifna
632 1195 132 26 handlingar
779 1195 55 21 kun-

82 1231 40 20 nat
138 1230 120 27 inhämtas,
275 1230 41 21 har
332 1231 43 21 den
391 1231 98 21 revision
506 1230 25 22 af
545 1231 103 26 gällande
664 1230 171 27 bestämningar

82 1271 36 15 om
143 1266 87 26 besvär,
254 1266 91 21 hvilken
367 1266 7 21 i
390 1272 31 15 nu
437 1266 171 27 ifrågavarande
626 1265 60 23 delar
702 1265 29 27 på
746 1266 88 26 Kejser-

81 1301 44 27 liga
145 1301 112 21 Senatens
277 1302 181 21 föranstaltande
480 1303 38 25 egt
534 1308 58 21 rum,
609 1302 124 21 föranledts
749 1301 25 21 af
787 1307 47 21 pro-

81 1337 121 21 kuratorns
225 1337 168 26 framställning
416 1343 37 16 om
474 1338 108 21 behofvet
598 1337 26 21 af
643 1343 29 15 en
690 1338 83 20 allmän
792 1337 41 21 för-

80 1372 99 27 fattning
202 1372 95 22 rörande
321 1372 43 22 den
388 1373 100 27 ordning,
510 1373 65 21 hvari
596 1372 115 22 allmänna
726 1372 107 27 åklagare

80 1407 56 27 egde
152 1408 127 22 inbefordra
294 1408 50 22 sina
360 1408 83 22 besvär
459 1408 7 21 i
482 1408 27 22 de
525 1408 26 22 af
564 1408 52 21 dem
632 1408 15 22 å
657 1408 113 27 tjänstens
782 1409 51 25 väg-

152 1447 126 23 Lagutskottets
290 1448 108 18 betänkande
411 1446 36 20 N:o
460 1448 26 18 16.
