<?xml version="1.0" encoding="UTF-8"?>
<alto xmlns="http://www.loc.gov/standards/alto/ns-v3#" xmlns:xlink="http://www.w3.org/1999/xlink" xmlns:xsi="http://www.w3.org/2001/XMLSchema-instance" xsi:schemaLocation="http://www.loc.gov/standards/alto/ns-v3# http://www.loc.gov/alto/v3/alto-3-0.xsd">
	<Description>
		<MeasurementUnit>pixel</MeasurementUnit>
		<sourceImageInformation>
			<fileName>/tmp/tess_v95yhft5_input.PNG</fileName>
		</sourceImageInformation>
		<OCRProcessing ID="OCR_0">
			<ocrProcessingStep>
				<processingSoftware>
					<softwareName>tesseract 5.3.4</softwareName>
				</processingSoftware>
			</ocrProcessingStep>
		</OCRProcessing>
	</Description>
	<Layout>
		<Page WIDTH="1059" HEIGHT="1700" PHYSICAL_IMG_NR="0" ID="page_0">
			<PrintSpace HPOS="0" VPOS="0" WIDTH="1059" HEIGHT="1700">
				<ComposedBlock ID="cblock_0" HPOS="321" VPOS="198" WIDTH="308" HEIGHT="28">
					<TextBlock ID="block_0" HPOS="321" VPOS="198" WIDTH="308" HEIGHT="28">
						<TextLine ID="line_0" HPOS="321" VPOS="198" WIDTH="308" HEIGHT="28">
							<String ID="string_0" HPOS="321" VPOS="198" WIDTH="28" HEIGHT="22" WC="0.88" CONTENT="U."/><SP WIDTH="15" VPOS="198" HPOS="349"/>
							<String ID="string_1" HPOS="364" VPOS="198" WIDTH="28" HEIGHT="22" WC="0.91" CONTENT="B."/><SP WIDTH="16" VPOS="198" HPOS="392"/>
							<String ID="string_2" HPOS="408" VPOS="210" WIDTH="27" HEIGHT="3" WC="0.88" CONTENT="—"/><SP WIDTH="15" VPOS="210" HPOS="435"/>
							<String ID="string_3" HPOS="450" VPOS="198" WIDTH="73" HEIGHT="28" WC="0.94" CONTENT="Prop."/><SP WIDTH="15" VPOS="198" HPOS="523"/>
							<String ID="string_4" HPOS="538" VPOS="198" WIDTH="41" HEIGHT="22" WC="0.95" CONTENT="N:o"/><SP WIDTH="14" VPOS="198" HPOS="579"/>
							<String ID="string_5" HPOS="593" VPOS="198" WIDTH="36" HEIGHT="22" WC="0.95" CONTENT="25."/>
						</TextLine>
					</TextBlock>
				</ComposedBlock>
				<ComposedBlock ID="cblock_1" HPOS="303" VPOS="549" WIDTH="552" HEIGHT="166">
					<TextBlock ID="block_1" HPOS="303" VPOS="549" WIDTH="552" HEIGHT="166">
						<TextLine ID="line_1" HPOS="371" VPOS="549" WIDTH="484" HEIGHT="28">
							<String ID="string_6" HPOS="371" VPOS="549" WIDTH="249" HEIGHT="23" WC="0.91" CONTENT="Ekonomiutskottets"/><SP WIDTH="7" VPOS="549" HPOS="620"/>
							<String ID="string_7" HPOS="627" VPOS="549" WIDTH="149" HEIGHT="23" WC="0.95" CONTENT="betänkande"/><SP WIDTH="8" VPOS="549" HPOS="776"/>
							<String ID="string_8" HPOS="784" VPOS="550" WIDTH="41" HEIGHT="22" WC="0.95" CONTENT="N:o"/><SP WIDTH="8" VPOS="550" HPOS="825"/>
							<String ID="string_9" HPOS="833" VPOS="549" WIDTH="22" HEIGHT="28" WC="0.96" CONTENT="4,"/>
						</TextLine>
						<TextLine ID="line_2" HPOS="303" VPOS="583" WIDTH="552" HEIGHT="29">
							<String ID="string_10" HPOS="303" VPOS="584" WIDTH="10" HEIGHT="21" WC="0.96" CONTENT="i"/><SP WIDTH="22" VPOS="584" HPOS="313"/>
							<String ID="string_11" HPOS="335" VPOS="584" WIDTH="128" HEIGHT="27" WC="0.96" CONTENT="anledning"/><SP WIDTH="26" VPOS="584" HPOS="463"/>
							<String ID="string_12" HPOS="489" VPOS="584" WIDTH="28" HEIGHT="22" WC="0.96" CONTENT="af"/><SP WIDTH="21" VPOS="584" HPOS="517"/>
							<String ID="string_13" HPOS="538" VPOS="584" WIDTH="66" HEIGHT="22" WC="0.96" CONTENT="Hans"/><SP WIDTH="25" VPOS="584" HPOS="604"/>
							<String ID="string_14" HPOS="629" VPOS="583" WIDTH="135" HEIGHT="29" WC="0.92" CONTENT="Kejserliga"/><SP WIDTH="21" VPOS="583" HPOS="764"/>
							<String ID="string_15" HPOS="785" VPOS="583" WIDTH="70" HEIGHT="29" WC="0.92" CONTENT="Maje-"/>
						</TextLine>
						<TextLine ID="line_3" HPOS="305" VPOS="617" WIDTH="550" HEIGHT="29">
							<String ID="string_16" HPOS="305" VPOS="618" WIDTH="62" HEIGHT="22" WC="0.92" CONTENT="stäts"/><SP WIDTH="25" VPOS="618" HPOS="367"/>
							<String ID="string_17" HPOS="392" VPOS="617" WIDTH="88" HEIGHT="28" WC="0.95" CONTENT="nådiga"/><SP WIDTH="21" VPOS="617" HPOS="480"/>
							<String ID="string_18" HPOS="501" VPOS="618" WIDTH="153" HEIGHT="28" WC="0.95" CONTENT="proposition"/><SP WIDTH="23" VPOS="618" HPOS="654"/>
							<String ID="string_19" HPOS="677" VPOS="618" WIDTH="40" HEIGHT="22" WC="0.96" CONTENT="till"/><SP WIDTH="24" VPOS="618" HPOS="717"/>
							<String ID="string_20" HPOS="741" VPOS="618" WIDTH="114" HEIGHT="23" WC="0.96" CONTENT="Finlands"/>
						</TextLine>
						<TextLine ID="line_4" HPOS="306" VPOS="652" WIDTH="549" HEIGHT="28">
							<String ID="string_21" HPOS="306" VPOS="652" WIDTH="109" HEIGHT="28" WC="0.91" CONTENT="Ständer,"/><SP WIDTH="16" VPOS="652" HPOS="415"/>
							<String ID="string_22" HPOS="431" VPOS="652" WIDTH="120" HEIGHT="28" WC="0.96" CONTENT="angående"/><SP WIDTH="26" VPOS="652" HPOS="551"/>
							<String ID="string_23" HPOS="577" VPOS="653" WIDTH="107" HEIGHT="27" WC="0.95" CONTENT="grunden"/><SP WIDTH="22" VPOS="653" HPOS="684"/>
							<String ID="string_24" HPOS="706" VPOS="653" WIDTH="39" HEIGHT="22" WC="0.92" CONTENT="för"/><SP WIDTH="22" VPOS="653" HPOS="745"/>
							<String ID="string_25" HPOS="767" VPOS="653" WIDTH="88" HEIGHT="27" WC="0.91" CONTENT="tolags-"/>
						</TextLine>
						<TextLine ID="line_5" HPOS="305" VPOS="687" WIDTH="288" HEIGHT="28">
							<String ID="string_26" HPOS="305" VPOS="687" WIDTH="116" HEIGHT="28" WC="0.91" CONTENT="afgiftens"/><SP WIDTH="15" VPOS="687" HPOS="421"/>
							<String ID="string_27" HPOS="436" VPOS="687" WIDTH="157" HEIGHT="22" WC="0.96" CONTENT="beräknande."/>
						</TextLine>
					</TextBlock>
				</ComposedBlock>
				<ComposedBlock ID="cblock_2" HPOS="99" VPOS="749" WIDTH="759" HEIGHT="270">
					<TextBlock ID="block_2" HPOS="99" VPOS="749" WIDTH="759" HEIGHT="270">
						<TextLine ID="line_6" HPOS="168" VPOS="749" WIDTH="689" HEIGHT="29">
							<String ID="string_28" HPOS="168" VPOS="750" WIDTH="72" HEIGHT="22" WC="0.96" CONTENT="Sedan"/><SP WIDTH="15" VPOS="750" HPOS="240"/>
							<String ID="string_29" HPOS="255" VPOS="750" WIDTH="70" HEIGHT="23" WC="0.96" CONTENT="denna"/><SP WIDTH="20" VPOS="750" HPOS="325"/>
							<String ID="string_30" HPOS="345" VPOS="750" WIDTH="82" HEIGHT="28" WC="0.96" CONTENT="nådiga"/><SP WIDTH="15" VPOS="750" HPOS="427"/>
							<String ID="string_31" HPOS="442" VPOS="750" WIDTH="132" HEIGHT="28" WC="0.96" CONTENT="proposition"/><SP WIDTH="15" VPOS="750" HPOS="574"/>
							<String ID="string_32" HPOS="589" VPOS="750" WIDTH="25" HEIGHT="22" WC="0.96" CONTENT="af"/><SP WIDTH="12" VPOS="750" HPOS="614"/>
							<String ID="string_33" HPOS="626" VPOS="750" WIDTH="101" HEIGHT="28" WC="0.96" CONTENT="samtliga"/><SP WIDTH="15" VPOS="750" HPOS="727"/>
							<String ID="string_34" HPOS="742" VPOS="750" WIDTH="69" HEIGHT="22" WC="0.93" CONTENT="Stånd"/><SP WIDTH="15" VPOS="750" HPOS="811"/>
							<String ID="string_35" HPOS="826" VPOS="749" WIDTH="31" HEIGHT="23" WC="0.93" CONTENT="öf-"/>
						</TextLine>
						<TextLine ID="line_7" HPOS="100" VPOS="784" WIDTH="757" HEIGHT="29">
							<String ID="string_36" HPOS="100" VPOS="784" WIDTH="130" HEIGHT="23" WC="0.92" CONTENT="verlemnats"/><SP WIDTH="15" VPOS="784" HPOS="230"/>
							<String ID="string_37" HPOS="245" VPOS="785" WIDTH="34" HEIGHT="22" WC="0.96" CONTENT="till"/><SP WIDTH="14" VPOS="785" HPOS="279"/>
							<String ID="string_38" HPOS="293" VPOS="785" WIDTH="132" HEIGHT="28" WC="0.96" CONTENT="behandling"/><SP WIDTH="20" VPOS="785" HPOS="425"/>
							<String ID="string_39" HPOS="445" VPOS="785" WIDTH="24" HEIGHT="21" WC="0.93" CONTENT="af"/><SP WIDTH="16" VPOS="785" HPOS="469"/>
							<String ID="string_40" HPOS="485" VPOS="784" WIDTH="219" HEIGHT="28" WC="0.85" CONTENT="Ekonomiutskottet,"/><SP WIDTH="15" VPOS="784" HPOS="704"/>
							<String ID="string_41" HPOS="719" VPOS="791" WIDTH="46" HEIGHT="16" WC="0.93" CONTENT="som"/><SP WIDTH="11" VPOS="791" HPOS="765"/>
							<String ID="string_42" HPOS="776" VPOS="784" WIDTH="81" HEIGHT="28" WC="0.92" CONTENT="jemväl"/>
						</TextLine>
						<TextLine ID="line_8" HPOS="100" VPOS="819" WIDTH="757" HEIGHT="28">
							<String ID="string_43" HPOS="100" VPOS="819" WIDTH="88" HEIGHT="22" WC="0.93" CONTENT="erhällit"/><SP WIDTH="15" VPOS="819" HPOS="188"/>
							<String ID="string_44" HPOS="203" VPOS="819" WIDTH="34" HEIGHT="22" WC="0.96" CONTENT="del"/><SP WIDTH="16" VPOS="819" HPOS="237"/>
							<String ID="string_45" HPOS="253" VPOS="819" WIDTH="24" HEIGHT="22" WC="0.96" CONTENT="af"/><SP WIDTH="13" VPOS="819" HPOS="277"/>
							<String ID="string_46" HPOS="290" VPOS="819" WIDTH="26" HEIGHT="22" WC="0.92" CONTENT="de"/><SP WIDTH="21" VPOS="819" HPOS="316"/>
							<String ID="string_47" HPOS="337" VPOS="819" WIDTH="123" HEIGHT="28" WC="0.91" CONTENT="yttranden,"/><SP WIDTH="22" VPOS="819" HPOS="460"/>
							<String ID="string_48" HPOS="482" VPOS="819" WIDTH="75" HEIGHT="22" WC="0.91" CONTENT="hvilka"/><SP WIDTH="14" VPOS="819" HPOS="557"/>
							<String ID="string_49" HPOS="571" VPOS="819" WIDTH="58" HEIGHT="22" WC="0.93" CONTENT="inom"/><SP WIDTH="14" VPOS="819" HPOS="629"/>
							<String ID="string_50" HPOS="643" VPOS="819" WIDTH="160" HEIGHT="28" WC="0.92" CONTENT="Ridderskapet"/><SP WIDTH="15" VPOS="819" HPOS="803"/>
							<String ID="string_51" HPOS="818" VPOS="819" WIDTH="39" HEIGHT="22" WC="0.96" CONTENT="och"/>
						</TextLine>
						<TextLine ID="line_9" HPOS="101" VPOS="853" WIDTH="757" HEIGHT="28">
							<String ID="string_52" HPOS="101" VPOS="853" WIDTH="71" HEIGHT="23" WC="0.91" CONTENT="Adeln"/><SP WIDTH="15" VPOS="853" HPOS="172"/>
							<String ID="string_53" HPOS="187" VPOS="855" WIDTH="56" HEIGHT="20" WC="0.93" CONTENT="samt"/><SP WIDTH="21" VPOS="855" HPOS="243"/>
							<String ID="string_54" HPOS="264" VPOS="853" WIDTH="187" HEIGHT="28" WC="0.91" CONTENT="Borgareständet"/><SP WIDTH="13" VPOS="853" HPOS="451"/>
							<String ID="string_55" HPOS="464" VPOS="853" WIDTH="8" HEIGHT="22" WC="0.93" CONTENT="i"/><SP WIDTH="16" VPOS="853" HPOS="472"/>
							<String ID="string_56" HPOS="488" VPOS="855" WIDTH="73" HEIGHT="20" WC="0.92" CONTENT="ämnet"/><SP WIDTH="14" VPOS="855" HPOS="561"/>
							<String ID="string_57" HPOS="575" VPOS="853" WIDTH="106" HEIGHT="28" WC="0.92" CONTENT="afgifvits,"/><SP WIDTH="16" VPOS="853" HPOS="681"/>
							<String ID="string_58" HPOS="697" VPOS="854" WIDTH="40" HEIGHT="21" WC="0.93" CONTENT="har"/><SP WIDTH="14" VPOS="854" HPOS="737"/>
							<String ID="string_59" HPOS="751" VPOS="853" WIDTH="107" HEIGHT="22" WC="0.93" CONTENT="utskottet"/>
						</TextLine>
						<TextLine ID="line_10" HPOS="100" VPOS="887" WIDTH="757" HEIGHT="29">
							<String ID="string_60" HPOS="100" VPOS="888" WIDTH="50" HEIGHT="22" WC="0.96" CONTENT="från"/><SP WIDTH="21" VPOS="888" HPOS="150"/>
							<String ID="string_61" HPOS="171" VPOS="887" WIDTH="123" HEIGHT="29" WC="0.96" CONTENT="Kejserliga"/><SP WIDTH="21" VPOS="887" HPOS="294"/>
							<String ID="string_62" HPOS="315" VPOS="888" WIDTH="94" HEIGHT="22" WC="0.95" CONTENT="Senaten"/><SP WIDTH="22" VPOS="888" HPOS="409"/>
							<String ID="string_63" HPOS="431" VPOS="887" WIDTH="44" HEIGHT="22" WC="0.92" CONTENT="fått"/><SP WIDTH="22" VPOS="887" HPOS="475"/>
							<String ID="string_64" HPOS="497" VPOS="889" WIDTH="110" HEIGHT="26" WC="0.90" CONTENT="emottaga"/><SP WIDTH="23" VPOS="889" HPOS="607"/>
							<String ID="string_65" HPOS="630" VPOS="887" WIDTH="26" HEIGHT="22" WC="0.84" CONTENT="de"/><SP WIDTH="19" VPOS="887" HPOS="656"/>
							<String ID="string_66" HPOS="675" VPOS="887" WIDTH="8" HEIGHT="22" WC="0.84" CONTENT="i"/><SP WIDTH="22" VPOS="887" HPOS="683"/>
							<String ID="string_67" HPOS="705" VPOS="887" WIDTH="89" HEIGHT="22" WC="0.89" CONTENT="ärendet"/><SP WIDTH="20" VPOS="887" HPOS="794"/>
							<String ID="string_68" HPOS="814" VPOS="887" WIDTH="43" HEIGHT="22" WC="0.29" CONTENT="till"/>
						</TextLine>
						<TextLine ID="line_11" HPOS="99" VPOS="922" WIDTH="757" HEIGHT="29">
							<String ID="string_69" HPOS="99" VPOS="922" WIDTH="80" HEIGHT="22" WC="0.93" CONTENT="komna"/><SP WIDTH="20" VPOS="922" HPOS="179"/>
							<String ID="string_70" HPOS="199" VPOS="922" WIDTH="156" HEIGHT="29" WC="0.91" CONTENT="handlingarne"/><SP WIDTH="19" VPOS="922" HPOS="355"/>
							<String ID="string_71" HPOS="374" VPOS="923" WIDTH="69" HEIGHT="28" WC="0.96" CONTENT="jämte"/><SP WIDTH="19" VPOS="923" HPOS="443"/>
							<String ID="string_72" HPOS="462" VPOS="922" WIDTH="141" HEIGHT="23" WC="0.96" CONTENT="meddelande"/><SP WIDTH="22" VPOS="922" HPOS="603"/>
							<String ID="string_73" HPOS="625" VPOS="922" WIDTH="79" HEIGHT="28" WC="0.96" CONTENT="därom,"/><SP WIDTH="23" VPOS="922" HPOS="704"/>
							<String ID="string_74" HPOS="727" VPOS="923" WIDTH="34" HEIGHT="21" WC="0.96" CONTENT="att"/><SP WIDTH="21" VPOS="923" HPOS="761"/>
							<String ID="string_75" HPOS="782" VPOS="922" WIDTH="74" HEIGHT="27" WC="0.96" CONTENT="någon"/>
						</TextLine>
						<TextLine ID="line_12" HPOS="100" VPOS="957" WIDTH="758" HEIGHT="28">
							<String ID="string_76" HPOS="100" VPOS="957" WIDTH="249" HEIGHT="28" WC="0.90" CONTENT="meningsskiljaktighet"/><SP WIDTH="21" VPOS="957" HPOS="349"/>
							<String ID="string_77" HPOS="370" VPOS="957" WIDTH="38" HEIGHT="23" WC="0.96" CONTENT="vid"/><SP WIDTH="21" VPOS="957" HPOS="408"/>
							<String ID="string_78" HPOS="429" VPOS="957" WIDTH="79" HEIGHT="22" WC="0.95" CONTENT="sakens"/><SP WIDTH="23" VPOS="957" HPOS="508"/>
							<String ID="string_79" HPOS="531" VPOS="957" WIDTH="132" HEIGHT="28" WC="0.96" CONTENT="behandling"/><SP WIDTH="23" VPOS="957" HPOS="663"/>
							<String ID="string_80" HPOS="686" VPOS="957" WIDTH="55" HEIGHT="22" WC="0.96" CONTENT="inom"/><SP WIDTH="22" VPOS="957" HPOS="741"/>
							<String ID="string_81" HPOS="763" VPOS="957" WIDTH="95" HEIGHT="22" WC="0.81" CONTENT="Senaten"/>
						</TextLine>
						<TextLine ID="line_13" HPOS="100" VPOS="991" WIDTH="171" HEIGHT="28">
							<String ID="string_82" HPOS="100" VPOS="991" WIDTH="50" HEIGHT="22" WC="0.95" CONTENT="icke"/><SP WIDTH="14" VPOS="991" HPOS="150"/>
							<String ID="string_83" HPOS="164" VPOS="993" WIDTH="39" HEIGHT="26" WC="0.96" CONTENT="egt"/><SP WIDTH="14" VPOS="993" HPOS="203"/>
							<String ID="string_84" HPOS="217" VPOS="998" WIDTH="54" HEIGHT="15" WC="0.95" CONTENT="rum."/>
						</TextLine>
					</TextBlock>
				</ComposedBlock>
				<ComposedBlock ID="cblock_3" HPOS="100" VPOS="1157" WIDTH="763" HEIGHT="373">
					<TextBlock ID="block_3" HPOS="100" VPOS="1157" WIDTH="763" HEIGHT="338">
						<TextLine ID="line_14" HPOS="170" VPOS="1157" WIDTH="690" HEIGHT="29">
							<String ID="string_85" HPOS="170" VPOS="1158" WIDTH="44" HEIGHT="22" WC="0.96" CONTENT="För"/><SP WIDTH="22" VPOS="1158" HPOS="214"/>
							<String ID="string_86" HPOS="236" VPOS="1157" WIDTH="122" HEIGHT="28" WC="0.95" CONTENT="debitering"/><SP WIDTH="22" VPOS="1157" HPOS="358"/>
							<String ID="string_87" HPOS="380" VPOS="1157" WIDTH="25" HEIGHT="22" WC="0.96" CONTENT="af"/><SP WIDTH="21" VPOS="1157" HPOS="405"/>
							<String ID="string_88" HPOS="426" VPOS="1158" WIDTH="42" HEIGHT="22" WC="0.92" CONTENT="den"/><SP WIDTH="22" VPOS="1158" HPOS="468"/>
							<String ID="string_89" HPOS="490" VPOS="1157" WIDTH="144" HEIGHT="29" WC="0.92" CONTENT="tolagsafgift,"/><SP WIDTH="24" VPOS="1157" HPOS="634"/>
							<String ID="string_90" HPOS="658" VPOS="1164" WIDTH="43" HEIGHT="16" WC="0.96" CONTENT="som"/><SP WIDTH="16" VPOS="1164" HPOS="701"/>
							<String ID="string_91" HPOS="717" VPOS="1158" WIDTH="85" HEIGHT="22" WC="0.93" CONTENT="landets"/><SP WIDTH="15" VPOS="1158" HPOS="802"/>
							<String ID="string_92" HPOS="817" VPOS="1158" WIDTH="43" HEIGHT="21" WC="0.91" CONTENT="sta-"/>
						</TextLine>
						<TextLine ID="line_15" HPOS="100" VPOS="1191" WIDTH="761" HEIGHT="29">
							<String ID="string_93" HPOS="100" VPOS="1192" WIDTH="111" HEIGHT="28" WC="0.92" CONTENT="pelstäder"/><SP WIDTH="15" VPOS="1192" HPOS="211"/>
							<String ID="string_94" HPOS="226" VPOS="1196" WIDTH="37" HEIGHT="19" WC="0.96" CONTENT="äro"/><SP WIDTH="23" VPOS="1196" HPOS="263"/>
							<String ID="string_95" HPOS="286" VPOS="1192" WIDTH="138" HEIGHT="28" WC="0.96" CONTENT="berättigade"/><SP WIDTH="23" VPOS="1192" HPOS="424"/>
							<String ID="string_96" HPOS="447" VPOS="1194" WIDTH="34" HEIGHT="20" WC="0.96" CONTENT="att"/><SP WIDTH="19" VPOS="1194" HPOS="481"/>
							<String ID="string_97" HPOS="500" VPOS="1192" WIDTH="99" HEIGHT="28" WC="0.96" CONTENT="uppbära"/><SP WIDTH="14" VPOS="1192" HPOS="599"/>
							<String ID="string_98" HPOS="613" VPOS="1192" WIDTH="34" HEIGHT="22" WC="0.93" CONTENT="för"/><SP WIDTH="14" VPOS="1192" HPOS="647"/>
							<String ID="string_99" HPOS="661" VPOS="1191" WIDTH="200" HEIGHT="23" WC="0.90" CONTENT="vidmakthållande"/>
						</TextLine>
						<TextLine ID="line_16" HPOS="102" VPOS="1226" WIDTH="759" HEIGHT="28">
							<String ID="string_100" HPOS="102" VPOS="1226" WIDTH="25" HEIGHT="22" WC="0.96" CONTENT="af"/><SP WIDTH="18" VPOS="1226" HPOS="127"/>
							<String ID="string_101" HPOS="145" VPOS="1226" WIDTH="102" HEIGHT="28" WC="0.92" CONTENT="bryggor,"/><SP WIDTH="22" VPOS="1226" HPOS="247"/>
							<String ID="string_102" HPOS="269" VPOS="1227" WIDTH="96" HEIGHT="27" WC="0.92" CONTENT="packhus"/><SP WIDTH="22" VPOS="1227" HPOS="365"/>
							<String ID="string_103" HPOS="387" VPOS="1227" WIDTH="40" HEIGHT="21" WC="0.96" CONTENT="och"/><SP WIDTH="22" VPOS="1227" HPOS="427"/>
							<String ID="string_104" HPOS="449" VPOS="1226" WIDTH="74" HEIGHT="28" WC="0.96" CONTENT="dylika"/><SP WIDTH="20" VPOS="1226" HPOS="523"/>
							<String ID="string_105" HPOS="543" VPOS="1226" WIDTH="33" HEIGHT="22" WC="0.96" CONTENT="för"/><SP WIDTH="14" VPOS="1226" HPOS="576"/>
							<String ID="string_106" HPOS="590" VPOS="1226" WIDTH="93" HEIGHT="22" WC="0.96" CONTENT="trafiken"/><SP WIDTH="15" VPOS="1226" HPOS="683"/>
							<String ID="string_107" HPOS="698" VPOS="1226" WIDTH="80" HEIGHT="28" WC="0.93" CONTENT="nödiga"/><SP WIDTH="15" VPOS="1226" HPOS="778"/>
							<String ID="string_108" HPOS="793" VPOS="1226" WIDTH="68" HEIGHT="28" WC="0.93" CONTENT="bygg-"/>
						</TextLine>
						<TextLine ID="line_17" HPOS="102" VPOS="1260" WIDTH="759" HEIGHT="29">
							<String ID="string_109" HPOS="102" VPOS="1260" WIDTH="73" HEIGHT="28" WC="0.96" CONTENT="nader,"/><SP WIDTH="17" VPOS="1260" HPOS="175"/>
							<String ID="string_110" HPOS="192" VPOS="1262" WIDTH="77" HEIGHT="27" WC="0.96" CONTENT="antogs"/><SP WIDTH="22" VPOS="1262" HPOS="269"/>
							<String ID="string_111" HPOS="291" VPOS="1261" WIDTH="37" HEIGHT="23" WC="0.96" CONTENT="vid"/><SP WIDTH="27" VPOS="1261" HPOS="328"/>
							<String ID="string_112" HPOS="355" VPOS="1262" WIDTH="55" HEIGHT="20" WC="0.96" CONTENT="1872"/><SP WIDTH="23" VPOS="1262" HPOS="410"/>
							<String ID="string_113" HPOS="433" VPOS="1261" WIDTH="36" HEIGHT="21" WC="0.93" CONTENT="års"/><SP WIDTH="24" VPOS="1261" HPOS="469"/>
							<String ID="string_114" HPOS="493" VPOS="1261" WIDTH="152" HEIGHT="27" WC="0.90" CONTENT="ständermöte,"/><SP WIDTH="16" VPOS="1261" HPOS="645"/>
							<String ID="string_115" HPOS="661" VPOS="1260" WIDTH="8" HEIGHT="22" WC="0.96" CONTENT="i"/><SP WIDTH="14" VPOS="1260" HPOS="669"/>
							<String ID="string_116" HPOS="683" VPOS="1261" WIDTH="73" HEIGHT="22" WC="0.96" CONTENT="stället"/><SP WIDTH="14" VPOS="1261" HPOS="756"/>
							<String ID="string_117" HPOS="770" VPOS="1260" WIDTH="34" HEIGHT="22" WC="0.96" CONTENT="för"/><SP WIDTH="15" VPOS="1260" HPOS="804"/>
							<String ID="string_118" HPOS="819" VPOS="1260" WIDTH="42" HEIGHT="22" WC="0.96" CONTENT="den"/>
						</TextLine>
						<TextLine ID="line_18" HPOS="102" VPOS="1294" WIDTH="759" HEIGHT="30">
							<String ID="string_119" HPOS="102" VPOS="1295" WIDTH="140" HEIGHT="22" WC="0.89" CONTENT="därförinnan"/><SP WIDTH="15" VPOS="1295" HPOS="242"/>
							<String ID="string_120" HPOS="257" VPOS="1295" WIDTH="101" HEIGHT="29" WC="0.93" CONTENT="gällande"/><SP WIDTH="15" VPOS="1295" HPOS="358"/>
							<String ID="string_121" HPOS="373" VPOS="1295" WIDTH="232" HEIGHT="28" WC="0.91" CONTENT="beräkningsgrunden"/><SP WIDTH="16" VPOS="1295" HPOS="605"/>
							<String ID="string_122" HPOS="621" VPOS="1294" WIDTH="55" HEIGHT="23" WC="0.93" CONTENT="efter"/><SP WIDTH="10" VPOS="1294" HPOS="676"/>
							<String ID="string_123" HPOS="686" VPOS="1295" WIDTH="137" HEIGHT="27" WC="0.88" CONTENT="varuvärdet,"/><SP WIDTH="11" VPOS="1295" HPOS="823"/>
							<String ID="string_124" HPOS="834" VPOS="1301" WIDTH="27" HEIGHT="15" WC="0.96" CONTENT="en"/>
						</TextLine>
						<TextLine ID="line_19" HPOS="102" VPOS="1329" WIDTH="759" HEIGHT="29">
							<String ID="string_125" HPOS="102" VPOS="1330" WIDTH="123" HEIGHT="28" WC="0.96" CONTENT="debitering"/><SP WIDTH="14" VPOS="1330" HPOS="225"/>
							<String ID="string_126" HPOS="239" VPOS="1330" WIDTH="26" HEIGHT="22" WC="0.93" CONTENT="af"/><SP WIDTH="14" VPOS="1330" HPOS="265"/>
							<String ID="string_127" HPOS="279" VPOS="1329" WIDTH="119" HEIGHT="29" WC="0.92" CONTENT="afgifterna"/><SP WIDTH="15" VPOS="1329" HPOS="398"/>
							<String ID="string_128" HPOS="413" VPOS="1330" WIDTH="7" HEIGHT="21" WC="0.96" CONTENT="i"/><SP WIDTH="15" VPOS="1330" HPOS="420"/>
							<String ID="string_129" HPOS="435" VPOS="1332" WIDTH="90" HEIGHT="25" WC="0.96" CONTENT="procent"/><SP WIDTH="22" VPOS="1332" HPOS="525"/>
							<String ID="string_130" HPOS="547" VPOS="1330" WIDTH="26" HEIGHT="22" WC="0.96" CONTENT="af"/><SP WIDTH="12" VPOS="1330" HPOS="573"/>
							<String ID="string_131" HPOS="585" VPOS="1330" WIDTH="41" HEIGHT="21" WC="0.96" CONTENT="den"/><SP WIDTH="15" VPOS="1330" HPOS="626"/>
							<String ID="string_132" HPOS="641" VPOS="1336" WIDTH="69" HEIGHT="16" WC="0.93" CONTENT="varan"/><SP WIDTH="15" VPOS="1336" HPOS="710"/>
							<String ID="string_133" HPOS="725" VPOS="1330" WIDTH="73" HEIGHT="22" WC="0.90" CONTENT="åsatta"/><SP WIDTH="15" VPOS="1330" HPOS="798"/>
							<String ID="string_134" HPOS="813" VPOS="1329" WIDTH="48" HEIGHT="22" WC="0.88" CONTENT="tull-"/>
						</TextLine>
						<TextLine ID="line_20" HPOS="102" VPOS="1363" WIDTH="760" HEIGHT="29">
							<String ID="string_135" HPOS="102" VPOS="1365" WIDTH="80" HEIGHT="27" WC="0.95" CONTENT="satsen,"/><SP WIDTH="16" VPOS="1365" HPOS="182"/>
							<String ID="string_136" HPOS="198" VPOS="1364" WIDTH="71" HEIGHT="22" WC="0.93" CONTENT="såsom"/><SP WIDTH="16" VPOS="1364" HPOS="269"/>
							<String ID="string_137" HPOS="285" VPOS="1364" WIDTH="70" HEIGHT="28" WC="0.91" CONTENT="egnad"/><SP WIDTH="16" VPOS="1364" HPOS="355"/>
							<String ID="string_138" HPOS="371" VPOS="1365" WIDTH="34" HEIGHT="21" WC="0.96" CONTENT="att"/><SP WIDTH="14" VPOS="1365" HPOS="405"/>
							<String ID="string_139" HPOS="419" VPOS="1364" WIDTH="8" HEIGHT="22" WC="0.96" CONTENT="i"/><SP WIDTH="14" VPOS="1364" HPOS="427"/>
							<String ID="string_140" HPOS="441" VPOS="1364" WIDTH="44" HEIGHT="28" WC="0.96" CONTENT="hög"/><SP WIDTH="16" VPOS="1364" HPOS="485"/>
							<String ID="string_141" HPOS="501" VPOS="1364" WIDTH="55" HEIGHT="28" WC="0.95" CONTENT="grad"/><SP WIDTH="15" VPOS="1364" HPOS="556"/>
							<String ID="string_142" HPOS="571" VPOS="1364" WIDTH="99" HEIGHT="22" WC="0.92" CONTENT="förenkla"/><SP WIDTH="15" VPOS="1364" HPOS="670"/>
							<String ID="string_143" HPOS="685" VPOS="1364" WIDTH="104" HEIGHT="28" WC="0.91" CONTENT="afgiftens"/><SP WIDTH="15" VPOS="1364" HPOS="789"/>
							<String ID="string_144" HPOS="804" VPOS="1363" WIDTH="58" HEIGHT="23" WC="0.92" CONTENT="debi-"/>
						</TextLine>
						<TextLine ID="line_21" HPOS="102" VPOS="1398" WIDTH="760" HEIGHT="28">
							<String ID="string_145" HPOS="102" VPOS="1398" WIDTH="73" HEIGHT="28" WC="0.96" CONTENT="tering"/><SP WIDTH="14" VPOS="1398" HPOS="175"/>
							<String ID="string_146" HPOS="189" VPOS="1398" WIDTH="40" HEIGHT="22" WC="0.93" CONTENT="och"/><SP WIDTH="14" VPOS="1398" HPOS="229"/>
							<String ID="string_147" HPOS="243" VPOS="1398" WIDTH="97" HEIGHT="28" WC="0.91" CONTENT="uppbörd"/><SP WIDTH="15" VPOS="1398" HPOS="340"/>
							<String ID="string_148" HPOS="355" VPOS="1399" WIDTH="56" HEIGHT="21" WC="0.96" CONTENT="samt"/><SP WIDTH="14" VPOS="1399" HPOS="411"/>
							<String ID="string_149" HPOS="425" VPOS="1398" WIDTH="126" HEIGHT="23" WC="0.96" CONTENT="underlätta"/><SP WIDTH="14" VPOS="1398" HPOS="551"/>
							<String ID="string_150" HPOS="565" VPOS="1398" WIDTH="121" HEIGHT="22" WC="0.93" CONTENT="kontrollen"/><SP WIDTH="10" VPOS="1398" HPOS="686"/>
							<String ID="string_151" HPOS="696" VPOS="1398" WIDTH="106" HEIGHT="28" WC="0.92" CONTENT="däröfver,"/><SP WIDTH="11" VPOS="1398" HPOS="802"/>
							<String ID="string_152" HPOS="813" VPOS="1403" WIDTH="49" HEIGHT="16" WC="0.96" CONTENT="men"/>
						</TextLine>
						<TextLine ID="line_22" HPOS="101" VPOS="1432" WIDTH="761" HEIGHT="28">
							<String ID="string_153" HPOS="101" VPOS="1432" WIDTH="50" HEIGHT="22" WC="0.95" CONTENT="med"/><SP WIDTH="15" VPOS="1432" HPOS="151"/>
							<String ID="string_154" HPOS="166" VPOS="1432" WIDTH="101" HEIGHT="22" WC="0.93" CONTENT="afseende"/><SP WIDTH="14" VPOS="1432" HPOS="267"/>
							<String ID="string_155" HPOS="281" VPOS="1433" WIDTH="14" HEIGHT="21" WC="0.88" CONTENT="å"/><SP WIDTH="15" VPOS="1433" HPOS="295"/>
							<String ID="string_156" HPOS="310" VPOS="1432" WIDTH="151" HEIGHT="22" WC="0.90" CONTENT="tullsatsernas"/><SP WIDTH="23" VPOS="1432" HPOS="461"/>
							<String ID="string_157" HPOS="484" VPOS="1432" WIDTH="172" HEIGHT="28" WC="0.90" CONTENT="föränderlighet"/><SP WIDTH="15" VPOS="1432" HPOS="656"/>
							<String ID="string_158" HPOS="671" VPOS="1432" WIDTH="54" HEIGHT="22" WC="0.96" CONTENT="dock"/><SP WIDTH="15" VPOS="1432" HPOS="725"/>
							<String ID="string_159" HPOS="740" VPOS="1432" WIDTH="78" HEIGHT="22" WC="0.96" CONTENT="endast"/><SP WIDTH="15" VPOS="1432" HPOS="818"/>
							<String ID="string_160" HPOS="833" VPOS="1432" WIDTH="29" HEIGHT="27" WC="0.96" CONTENT="på"/>
						</TextLine>
						<TextLine ID="line_23" HPOS="102" VPOS="1466" WIDTH="761" HEIGHT="29">
							<String ID="string_161" HPOS="102" VPOS="1466" WIDTH="45" HEIGHT="23" WC="0.96" CONTENT="viss"/><SP WIDTH="15" VPOS="1466" HPOS="147"/>
							<String ID="string_162" HPOS="162" VPOS="1466" WIDTH="39" HEIGHT="22" WC="0.93" CONTENT="tid."/><SP WIDTH="30" VPOS="1466" HPOS="201"/>
							<String ID="string_163" HPOS="231" VPOS="1466" WIDTH="137" HEIGHT="23" WC="0.90" CONTENT="Sistnämnde"/><SP WIDTH="21" VPOS="1466" HPOS="368"/>
							<String ID="string_164" HPOS="389" VPOS="1467" WIDTH="205" HEIGHT="28" WC="0.91" CONTENT="beräkningsgrund"/><SP WIDTH="23" VPOS="1467" HPOS="594"/>
							<String ID="string_165" HPOS="617" VPOS="1468" WIDTH="40" HEIGHT="21" WC="0.96" CONTENT="har"/><SP WIDTH="21" VPOS="1468" HPOS="657"/>
							<String ID="string_166" HPOS="678" VPOS="1467" WIDTH="8" HEIGHT="22" WC="0.96" CONTENT="i"/><SP WIDTH="17" VPOS="1467" HPOS="686"/>
							<String ID="string_167" HPOS="703" VPOS="1467" WIDTH="50" HEIGHT="22" WC="0.96" CONTENT="stöd"/><SP WIDTH="14" VPOS="1467" HPOS="753"/>
							<String ID="string_168" HPOS="767" VPOS="1467" WIDTH="25" HEIGHT="22" WC="0.93" CONTENT="af"/><SP WIDTH="12" VPOS="1467" HPOS="792"/>
							<String ID="string_169" HPOS="804" VPOS="1468" WIDTH="59" HEIGHT="21" WC="0.92" CONTENT="stän-"/>
						</TextLine>
					</TextBlock>
					<TextBlock ID="block_4" HPOS="171" VPOS="1512" WIDTH="404" HEIGHT="18">
						<TextLine ID="line_24" HPOS="171" VPOS="1512" WIDTH="404" HEIGHT="18">
							<String ID="string_170" HPOS="171" VPOS="1512" WIDTH="192" HEIGHT="18" WC="0.90" CONTENT="Ekonomiutskottets"/><SP WIDTH="13" VPOS="1512" HPOS="363"/>
							<String ID="string_171" HPOS="376" VPOS="1512" WIDTH="119" HEIGHT="18" WC="0.96" CONTENT="betänkande"/><SP WIDTH="12" VPOS="1512" HPOS="495"/>
							<String ID="string_172" HPOS="507" VPOS="1513" WIDTH="39" HEIGHT="17" WC="0.96" CONTENT="N:o"/><SP WIDTH="12" VPOS="1513" HPOS="546"/>
							<String ID="string_173" HPOS="558" VPOS="1513" WIDTH="17" HEIGHT="17" WC="0.95" CONTENT="4."/>
						</TextLine>
					</TextBlock>
				</ComposedBlock>
			</PrintSpace>
		</Page>
	</Layout>
</alto>
