1059 1689
247 137 13 20 4
544 139 46 24 N:o
612 141 37 21 17.

216 206 56 21 skall
290 207 13 20 å
317 207 73 28 hvarje
408 207 99 28 bryggeri
526 207 58 22 föras
601 214 26 15 en
640 208 94 27 journal,
754 207 139 28 upptagande
908 207 63 22 malt-

217 242 109 20 mätarens
342 241 69 22 siffror
426 242 7 21 i
449 242 40 21 den
510 242 98 27 ordning,
625 242 26 21 de
667 243 12 20 å
695 243 123 20 densamma
832 241 138 27 förekomma,

216 275 49 21 från
287 277 87 20 venster
396 276 31 21 till
451 277 73 26 höger,
547 276 33 22 för
595 277 73 27 hvarje
688 277 41 27 dag
745 277 53 21 efter
813 277 72 21 slutad
900 277 72 21 kross-

217 310 57 27 ning,
295 311 67 26 jemte
380 311 36 21 det
437 311 78 27 belopp
541 311 59 26 malt,
616 318 46 15 som
677 312 69 21 under
761 318 81 15 samma
857 311 31 22 tid
903 311 69 22 blifvit

216 345 108 26 krossadt,
340 347 70 20 utsatt
425 346 6 21 i
446 346 106 27 kilogram
568 346 50 21 eller
634 347 36 20 det
680 347 98 26 vigtslag,
792 346 108 21 hvarefter
909 346 63 21 malt-

216 381 98 20 mätaren
330 380 68 22 blifvit
410 381 106 27 justerad,
533 381 69 26 dagen
617 381 33 21 för
669 381 73 27 hvarje
757 381 67 27 brygd
840 381 37 21 och
890 381 36 21 det
936 381 36 21 be-

216 413 51 28 lopp
290 415 58 26 malt,
372 421 45 15 som
439 415 33 21 till
487 415 73 27 hvarje
576 416 67 20 sådan
658 415 69 21 blifvit
746 416 101 25 användt,
864 415 108 21 äfvensom

217 448 41 21 den
278 449 79 27 mängd
374 449 120 27 maltdryck
511 450 7 20 i
533 450 88 26 litertal,
644 450 85 21 hvilken
753 450 95 21 erhållits
864 449 23 21 af
899 449 73 28 hvarje

215 482 75 28 brygd,
307 483 53 21 dock
376 485 32 20 att
424 484 37 21 det
476 484 132 27 svagdricka,
627 484 80 22 hvilket
723 485 70 21 såsom
808 484 117 27 biprodukt
940 490 32 15 er-

216 516 78 28 hållits,
317 518 47 21 häri
386 518 45 22 icke
447 518 54 22 skall
519 518 130 27 inbegripas.
680 518 86 22 Sådana
777 518 112 28 journaler
904 518 66 27 skola,

215 550 116 29 behörigen
346 553 160 27 genomdragna
521 553 40 21 och
576 553 136 27 paginerade,
730 553 22 22 af
768 553 153 27 länestyrelsen
936 559 35 15 ve-

217 586 135 22 derbörande
371 587 180 22 tillhandahållas.

569 645 13 29 &
600 648 19 19 9.

284 678 113 22 Guvernör
419 680 130 21 tillkommer
568 682 40 24 att,
624 680 32 21 för
672 680 115 27 uppsigten
804 680 58 21 öfver
877 680 94 21 tillverk-

216 713 78 27 ningen
311 712 23 22 af
346 714 150 27 maltdrycker,
512 714 58 22 inom
586 715 59 21 länet
656 714 92 22 tillsätta
763 714 73 27 nödigt
848 714 60 22 antal
918 715 53 21 kon-

215 747 100 22 trollörer
331 749 55 20 samt
402 750 33 20 att
450 749 120 21 kontrollör
585 749 48 21 från
649 750 48 20 dess
712 749 122 27 befattning
850 749 68 27 skilja.

282 782 126 22 Kontrollör
430 784 43 20 kan
495 783 114 22 förordnas
633 785 33 19 att
688 784 29 27 på
733 790 25 15 en
779 784 56 26 gång
850 783 119 21 handhafva

214 816 123 22 kontrollen
352 817 35 21 vid
402 817 51 21 flere
469 818 131 27 närbelägna
615 818 124 27 bryggerier
755 818 39 21 och
809 818 96 27 åtnjuter
920 818 6 21 i
938 824 33 15 ar-

214 850 54 22 vode
288 852 12 20 5
316 852 66 26 penni
399 851 33 22 för
447 852 73 28 hvarje
536 852 30 21 tio
582 852 105 27 kilogram
702 852 59 26 malt,
780 858 46 15 som
842 852 106 21 användts
964 853 6 20 i

215 885 26 21 de
264 885 69 21 under
351 886 54 22 hans
421 887 87 27 uppsigt
524 887 95 21 varande
634 887 130 27 bryggerier,
780 886 56 22 intill
852 887 48 21 dess
916 893 55 15 sam-

214 920 116 26 manlagda
344 920 101 27 beloppet
461 921 68 21 under
546 923 32 19 ett
594 922 24 20 år
633 922 85 26 uppgår
728 921 32 21 till
771 922 77 25 42,500
859 921 111 26 kilogram,

214 955 56 20 samt
288 955 37 20 två
340 954 40 21 och
394 961 26 14 en
431 955 46 21 half
485 955 65 27 penni
561 955 33 21 för
606 955 72 28 hvarje
689 956 30 20 tio
728 955 103 27 kilogram
842 954 128 22 derutöfver.

280 988 49 21 Kan
352 989 87 27 lämplig
462 989 120 22 kontrollör
606 992 57 19 emot
677 989 138 22 förestående
831 990 79 21 arvode
925 990 46 21 icke

214 1022 98 27 erhållas,
336 1024 113 21 ankomme
468 1025 12 20 å
498 1024 106 22 Senatens
627 1025 117 21 Ekonomie
759 1025 155 26 Departement
931 1025 38 26 att,

213 1057 29 26 på
256 1057 162 22 vederbörande
434 1058 124 22 Guvernörs
573 1058 164 28 framställning,
747 1059 89 27 tillägga
850 1059 120 21 kontrollör

213 1091 93 22 särskild
322 1092 126 27 ersättning.

558 1139 13 28 $
589 1141 31 20 10.

280 1171 127 22 Kontrollör
423 1173 79 27 äligger
518 1175 40 24 att,
574 1173 77 22 medan
667 1173 137 26 tillverkning
819 1173 75 26 pägär,
905 1173 65 21 minst

213 1206 79 21 tvenne
314 1207 81 26 gånger
414 1207 7 21 i
440 1207 106 22 månaden
569 1207 80 22 besöka
664 1207 105 27 bryggeri,
788 1206 112 22 hvaröfver
915 1213 55 21 upp-

213 1240 71 27 sigten
298 1240 70 22 blifvit
383 1241 79 22 honom
478 1242 132 27 anförtrodd,
628 1243 33 20 att
677 1242 74 21 dervid
762 1241 66 22 afläsa
838 1241 40 22 och
885 1242 85 27 justera

212 1275 154 22 maltmätaren
386 1276 57 27 eller,
460 1277 6 20 i
482 1277 36 21 det
537 1277 33 21 uti
592 1276 6 29 &
615 1279 11 19 7
642 1283 63 15 mom.
723 1279 11 19 3
754 1275 88 28 angifna
856 1275 43 27 fall,
916 1275 54 22 efter

214 1315 72 16 annan
308 1309 141 23 föreskrifven
472 1311 69 27 grund
565 1313 79 19 utröna
667 1311 41 22 den
724 1311 108 27 gvantitet
849 1310 59 27 malt,
924 1317 46 14 som

212 1344 67 21 sedan
295 1345 180 27 nästföregäende
489 1346 67 21 besök
572 1346 101 27 skrotats,
690 1347 34 20 att
735 1346 107 21 anteckna
855 1345 114 21 resultatet

214 1378 109 22 äfvensom
339 1380 59 21 tiden
413 1379 33 22 för
461 1380 89 21 besöket
564 1381 8 20 i
587 1381 40 20 den
643 1380 85 27 jemlikt
744 1379 13 29 &
773 1381 12 20 8
800 1379 63 21 förda
875 1379 93 28 journal,

212 1414 34 20 att
268 1413 47 23 föra
338 1415 32 20 ett
384 1415 51 20 kort
453 1415 115 26 protokoll,
583 1414 151 22 innehällande
750 1414 130 26 anteckning
896 1414 72 21 derom

212 1446 110 24 äfvensom
345 1448 93 23 rörande
461 1448 25 22 de
510 1448 100 27 ätgärder
633 1448 39 22 och
691 1448 175 27 anmärkningar,
883 1448 86 22 hvartill
