1061 1703
417 127 43 22 N:o
481 129 39 21 24.
795 129 11 19 7

92 194 149 21 uteblifvande
257 193 47 21 från
321 194 112 26 uppbåden
450 194 33 21 för
500 194 66 27 öfrige
582 195 135 26 uppbådade,
729 197 25 19 är
764 202 25 15 ur
800 197 52 19 rätt-

90 228 74 21 visans
189 228 104 26 synpunkt
315 228 22 21 af
352 228 91 21 särskild
460 229 116 26 betydelse.
606 229 47 21 Den
668 229 136 27 lämpligaste
819 231 33 20 ut-

91 264 69 25 vägen
176 262 34 21 till
227 262 133 21 ändamålets
375 263 108 20 vinnande
499 263 38 20 har
553 265 59 24 synts
628 269 51 16 vara
696 264 40 20 den
753 266 32 19 att
797 265 55 20 före-

94 299 50 24 taga
162 296 139 27 erforderliga
318 297 116 26 ändringar
450 297 135 21 beträffande
601 297 76 27 sjelfva
687 298 121 26 grunderna
819 298 33 21 för

93 331 121 25 uppbådets
237 330 128 27 fördelning.
397 331 73 26 Enligt
485 338 29 14 nu
530 331 100 27 gällande
645 331 136 22 föreskrifter
799 333 54 20 skall

93 364 39 22 den
157 364 107 26 behöfliga
285 364 189 28 årskontingenten
490 365 33 21 till
540 365 72 21 aktiva
627 367 118 25 trupperna
761 366 93 21 fördelas

93 399 27 26 på
143 399 25 21 de
191 399 69 21 skilda
277 400 60 20 länen
356 400 38 20 och
410 399 223 27 lottningsomrädena
648 400 5 20 i
670 400 135 21 förhållande
821 400 33 22 till

95 434 162 26 sammanlagda
281 434 81 20 antalet
384 435 58 20 inom
463 434 73 27 hvarje
553 435 33 20 län
606 434 38 21 och
660 434 193 28 lottningsområde

95 468 23 20 af
131 468 94 26 följande
242 471 32 17 tre
290 468 130 26 kategorier:
440 470 30 19 1:0
487 468 26 20 de
529 474 45 15 som
590 470 30 19 ett
636 468 127 27 föregående
781 469 23 21 år
822 475 32 14 er-

94 502 60 21 hållit
180 502 93 27 uppskof
294 502 32 21 till
350 503 36 21 det
409 502 164 27 ifrågavarande
597 504 47 20 med
668 504 84 20 inträde
773 504 6 20 i
795 503 59 21 aktiv

95 537 72 26 tjenst,
191 538 51 20 eller
266 536 24 21 de
307 537 6 21 i
329 538 183 26 fyllnadslängden
529 538 17 20 A
562 537 94 25 införde;
681 539 33 19 2:o
731 538 26 21 de
773 538 80 21 mellan

96 572 72 20 hvilka
190 571 93 27 lottning
305 571 123 27 försiggått;
453 572 38 20 och
509 574 32 19 3:o
558 572 25 20 de
600 572 129 21 förfallolöst
744 572 110 21 uteblifne.

95 606 32 21 Då
151 607 26 20 de
201 606 131 21 sistnämnda
355 606 119 21 emellertid
498 607 44 21 dels
566 606 72 21 kunna
657 613 50 14 vara
724 607 5 20 i
746 606 108 27 uppbäds-

96 641 90 27 längden
212 643 56 19 orätt
293 641 91 26 införda,
408 642 45 20 dels
477 642 101 26 omöjliga
598 644 32 18 att
646 641 90 21 anträffa
753 642 38 20 och
808 642 46 20 dels

97 676 31 20 till
152 676 124 26 krigstjenst
299 675 129 26 oförmögna,
452 678 23 17 är
499 676 35 21 det
550 675 84 27 obilligt
650 678 32 18 att
698 676 25 20 de
739 675 116 21 uteblifnes

97 710 59 20 anta]
174 709 53 21 skall
245 709 48 27 ingä
309 709 68 21 säsom
393 709 72 22 faktor
481 709 34 21 vid
532 709 153 27 fördelningen,
700 709 39 21 och
751 710 104 26 derjemte

97 744 118 26 olämpligt,
231 745 51 19 enär
298 744 122 26 härigenom
437 744 123 27 upprepade
574 745 80 26 gänger
669 744 96 21 inträffat
776 745 32 20 att
820 743 37 21 det

97 779 33 21 för
147 781 30 18 ett
193 779 191 26 lottningsomräde
404 779 111 20 bestämda
531 779 82 21 antalet
629 779 94 20 soldater
740 779 18 26 ej
775 779 82 20 kunnat

82 811 4 4 *
96 813 49 21 fullt
170 815 92 24 uttagas.
295 813 110 26 Härjemte
428 813 39 21 bör
490 813 72 21 vidare
585 813 90 21 beaktas
698 815 31 19 att
745 819 25 15 en
787 813 33 21 del
837 812 23 21 af

98 847 55 26 dem,
170 853 43 15 som
231 847 88 26 deltagit
337 848 5 19 i
360 847 124 27 lottningen,
496 847 80 22 kunnat
586 847 66 21 blifva
663 847 46 21 frän
721 847 59 21 aktiv
791 848 66 25 tjenst

98 882 95 21 befriade
217 882 51 21 eller
292 882 39 21 ock
354 882 162 21 tillförsäkrade
531 881 93 27 uppskof
638 882 33 21 till
687 885 65 18 annat
768 883 24 19 är
808 881 50 21 med

99 916 91 21 inträdet
214 916 6 21 i
243 916 72 27 tjenst,
339 917 86 20 hvarför
449 917 18 26 ej
491 917 67 20 heller
578 917 61 20 dessa
656 916 133 27 rättvisligen
804 916 54 21 böra

99 951 34 20 vid
149 950 146 27 fördelningen
318 951 134 21 medräknas.
484 951 41 21 För
540 953 32 19 att
589 951 144 26 ävägabringa
749 950 39 21 full
804 951 53 20 rätt-

99 985 44 20 visa
164 985 37 20 och
227 985 205 27 ändamälsenlighet
449 985 6 20 i
472 985 91 21 berörda
579 985 99 21 afseende
693 985 66 20 borde
775 984 85 21 säledes

99 1019 155 27 fördelningen,
278 1020 47 20 med
349 1019 135 21 uteslutande
508 1019 22 21 af
552 1020 26 20 de
602 1019 128 21 förfallolöst
747 1017 111 26 uteblifne,

101 1053 129 21 verkställas
246 1054 7 20 i
269 1054 132 21 förhållande
417 1054 31 20 till
465 1060 96 14 summan
578 1053 23 21 af
616 1053 25 21 de
653 1053 6 21 i
671 1052 185 28 fyllnadslängden

100 1088 19 20 A
134 1090 108 24 upptagne
259 1088 38 21 och
314 1089 47 20 dem
378 1094 44 15 som
439 1088 6 20 i
462 1088 57 21 ärets
535 1088 92 26 lottning
644 1087 95 26 deltagit,
756 1086 57 22 efter
828 1085 31 21 af-

102 1122 51 26 drag
170 1122 22 21 af
207 1122 47 21 dem
270 1129 45 15 som
331 1122 86 22 erhållit
431 1122 95 27 uppskof
535 1122 38 21 och
584 1122 70 21 blifvit
665 1121 46 21 från
723 1121 59 21 aktiv
793 1120 67 27 tjenst

101 1157 102 21 befriade.
235 1158 32 20 En
291 1157 65 21 sådan
376 1157 147 21 modifikation
544 1156 22 22 af
580 1155 228 27 fördelningsgrunden
824 1154 38 27 pä-

102 1192 70 20 kallar
186 1192 91 26 ändring
293 1192 23 20 af
330 1192 147 26 stadgandena
489 1192 6 20 i
506 1192 24 26 $$
543 1192 33 26 75,
596 1192 32 24 76,
641 1191 26 20 79
679 1190 37 21 och
727 1191 26 19 81
767 1189 22 21 af
800 1188 60 21 V.L.

174 1226 9 20 I
199 1226 154 26 sammanhang
376 1226 49 20 med
448 1225 134 21 förestäende
605 1225 39 20 har
660 1224 108 21 befunnits
785 1223 76 26 nödigt

103 1261 86 27 vidtaga
205 1260 81 21 sädana
301 1260 115 27 ändringar
432 1260 23 21 af
469 1260 164 21 föreskrifterna
648 1259 6 20 i
670 1259 12 27 $
698 1260 25 19 32
740 1258 25 22 V.
783 1258 23 20 L.
825 1263 34 15 om

103 1295 112 21 förkortad
231 1295 108 26 tjenstetid
356 1294 35 21 vid
408 1295 73 20 aktiva
497 1296 116 24 trupperna
630 1293 32 21 för
678 1293 46 20 dem
741 1298 45 15 som
803 1292 59 20 inne-

104 1330 64 21 hafva
185 1330 42 20 viss
243 1329 170 27 bildningsgrad,
430 1329 73 21 hvilka
518 1328 69 21 blifvit
602 1327 107 27 behöfliga
719 1327 6 21 i
737 1326 52 27 följd
802 1325 64 21 deraf

104 1366 31 19 att
151 1363 55 22 efter
223 1363 72 27 lagens
311 1363 129 21 utfärdande
457 1369 26 14 en
501 1363 33 20 del
550 1362 23 21 af
587 1362 25 21 de
628 1362 5 20 i
645 1361 92 21 berörda
748 1361 11 26 $
771 1360 93 21 nämnda

105 1398 99 21 läroverk
221 1397 93 27 upphört
330 1397 38 21 och
385 1397 66 21 andra
467 1397 70 20 blifvit
553 1396 112 21 inrättade.

177 1433 58 20 Enär
258 1432 100 26 slutligen
382 1431 154 26 hänvisningen
560 1431 5 20 i
590 1431 26 20 88
640 1429 12 28 &
673 1430 24 20 V.
720 1429 23 21 L.
759 1429 33 20 till
809 1428 11 26 $
839 1427 25 20 18
