1061 1703
328 138 29 22 U.
373 138 28 22 B.
418 150 27 3 —
461 137 74 28 Prop.
550 137 47 22 N:o
612 137 39 22 23.
814 137 26 21 39

360 201 56 23 Den,
431 207 45 13 som
491 200 71 20 dömes
577 199 36 21 till
625 200 71 27 straff
702 200 56 26 efter
766 199 70 20 denna
850 200 18 25 $

318 235 59 20 skall
396 234 38 21 ock
450 234 118 27 förklaras
583 233 110 28 förlustig
705 233 164 27 medborgerligt

312 268 133 27 förtroende.

361 303 82 20 Försök
468 303 36 20 till
526 302 60 25 brott,
609 309 45 13 som
676 301 43 21 här
732 303 94 23 nämnes,
842 302 28 19 är

318 337 122 27 straffbart.

567 468 15 26 $
600 473 20 21 4.

363 530 72 21 Hvad
455 530 9 20 i
484 530 59 20 detta
561 529 82 28 kapitel
655 529 89 28 stadgas
759 537 33 14 om
807 529 63 22 sedel

320 567 60 24 mynt
390 565 61 26 gälle
466 564 38 20 ock
518 564 71 20 sådan
599 564 70 27 tryckt
678 564 118 27 obligation,
808 564 62 21 bank-

320 602 41 21 not,
385 599 52 20 eller
458 599 14 19 å
494 598 156 27 innehafvaren
671 595 68 24 stäldt
753 599 117 26 värdepap-

316 637 46 22 per,
385 639 45 14 som
453 633 100 26 utgifvits
568 633 30 26 af
611 633 121 26 regeringen
748 633 10 20 i
770 633 100 27 Kejsare-

321 667 75 23 dömet,
421 666 208 27 Storfursteudömet
643 667 52 19 eller
724 667 148 19 främmande

322 703 47 22 stat,
397 700 52 20 eller
472 701 30 26 af
520 700 136 27 vederbörlig
675 700 116 24 statsbank,
814 700 56 24 eller,

321 734 52 20 med
385 734 103 20 tillstånd
500 735 30 25 af
541 734 78 20 nämde
635 734 131 26 regeringar,
783 735 29 26 af
818 734 54 20 kom-

322 776 56 16 mun,
402 769 112 26 samfund,
524 768 113 27 förening,
653 768 101 28 sällskap,
771 768 64 27 bolag
848 769 24 19 el-

322 803 34 21 ler
369 802 84 21 enskild
461 806 85 23 person.

367 836 77 21 Såsom
467 837 70 26 tryckt
557 837 60 20 skall
641 837 151 27 värdepapper
812 843 62 13 anses

324 872 65 26 äfven
412 878 34 13 om
466 872 141 19 utställarens
623 871 138 27 underskrift,
778 871 52 20 eller
842 877 31 13 en

323 905 70 21 skilda
409 905 42 21 ord
463 906 53 20 eller
528 905 77 27 siffror
618 906 39 19 äro
671 905 93 26 skrifna.

531 1002 43 17 48
587 1001 81 24 Kap.

347 1058 42 23 Om
405 1059 69 22 brott
489 1059 66 22 emot
569 1058 130 23 föreskrift
713 1058 42 22 till
770 1059 92 21 statens

390 1087 114 22 säkerhet
520 1087 63 22 eller
597 1086 92 23 allmän
704 1087 114 27 ordning.

575 1151 18 25 S
602 1147 24 34 1.

368 1196 73 24 Hvar,
458 1203 45 13 som
519 1198 52 18 utan
587 1196 102 20 tillständ
701 1196 115 26 aftecknar
818 1196 59 26 jäst-

326 1230 120 26 ningsverk,
469 1230 89 27 strafes
573 1230 51 20 med
640 1230 59 20 böter
711 1229 63 27 högst
788 1229 89 21 tvähun-

326 1264 42 20 dra
390 1264 64 20 mark
476 1264 53 20 eller
543 1264 103 26 fängelse
668 1264 21 27 ej
710 1264 64 26 öfver
787 1266 31 17 tre
833 1264 44 19 mä-

326 1298 73 20 nader.

369 1332 55 24 Den,
439 1339 46 13 som
501 1335 52 17 utan
571 1332 103 20 tillstånd
683 1332 109 27 delgifver
794 1332 84 26 främ-

326 1365 94 21 mande
442 1365 62 20 makt
526 1366 52 20 eller
591 1366 137 27 offentliggör
742 1365 99 27 teckning
854 1367 29 25 af

326 1399 170 27 fästningsverk,
524 1400 71 20 dömes
621 1400 35 20 till
678 1399 86 21 tukthus
789 1400 9 20 i
817 1399 63 27 högst

325 1440 38 13 sex
378 1433 34 21 år.

189 1471 131 23 Lagutskottets
333 1472 114 17 betänkande
460 1473 38 16 N:o
511 1472 28 17 15.
