1059 1689
297 115 29 23 U.
341 116 28 21 B.
384 128 29 3 —
429 115 74 28 Prop.
518 115 45 22 N:o
578 113 39 24 24.
791 116 13 21 3

85 175 69 29 ålder,
170 177 25 20 är
210 175 19 28 ej
246 175 69 22 heller
331 175 34 22 för
379 175 92 27 handen,
487 175 92 22 emedan
595 181 27 16 en
634 175 68 28 sådan
713 175 120 28 värneplig-

84 211 33 27 tig
138 211 25 27 ju
185 211 41 22 bör
248 211 74 22 kunna
344 211 105 22 anträffas
465 211 39 22 och
519 210 68 23 blifva
601 210 104 27 slutligen
720 211 66 22 dömd
800 217 34 16 re-

85 247 43 21 dan
144 246 47 23 före
207 247 104 26 uppnådd
326 247 99 27 tjugusju
440 247 35 21 års
491 247 68 27 ålder,
575 246 54 23 eller
644 246 59 22 inom
719 247 27 22 de
763 253 37 16 sex
810 247 24 21 år

84 288 47 16 som
146 281 93 23 förflutit
254 282 48 22 från
317 282 117 27 uppbådet.

155 317 11 22 I
189 317 225 23 öfverensstämmelse
437 318 90 22 härmed
550 318 63 21 torde
629 318 63 22 äfven
708 318 13 21 2
738 324 57 15 mom
811 317 25 22 af

86 353 42 22 113
152 353 18 27 8,
194 353 67 22 sådan
285 354 71 21 denna
379 354 62 27 lyder
463 353 8 22 i
493 353 170 28 propositionen,
686 353 54 22 böra
755 353 78 22 ändras

85 383 89 27 derhän,

299 449 32 20 att
353 449 44 20 rätt
419 447 34 22 till
475 447 45 22 åtal
534 447 37 28 för
585 447 27 22 de
626 447 9 22 i
650 447 73 22 denna
739 447 36 22 och
791 447 44 22 112

227 485 16 26 $
266 483 129 28 omfömälda
406 483 131 28 föreseelser
554 483 56 22 skall
625 484 34 21 stå
675 485 68 26 öppen
759 483 76 22 endast

227 519 59 22 intill
301 519 47 22 dess
364 519 41 22 den
420 519 156 29 värnepligtige
585 519 49 28 fylt
649 519 100 29 tjugusju
765 520 32 21 år.

161 584 43 22 För
219 585 42 22 den
276 585 104 22 händelse
397 585 64 22 dessa
476 585 168 27 anmärkningar
659 585 132 27 godkännas,
801 585 34 22 får

83 620 39 27 jag
137 621 112 22 vördsamt
263 620 81 23 föreslå
359 623 33 20 att
407 620 148 23 betänkandet
564 621 71 22 blefve
647 621 188 21 återremitteradt

86 655 34 22 till
144 656 110 22 utskottet
275 657 35 26 jör
325 657 72 27 $$:nes
414 656 179 28 omformulering
609 656 7 21 i
631 656 78 27 antydt
724 656 109 21 afseende.

85 691 137 28 Helsingfors
239 692 41 22 den
296 693 27 21 21
341 692 43 27 Maj
403 693 63 22 1891.

571 727 71 28 Ludvig
659 727 103 28 Clouberg.

157 779 11 22 I
183 780 138 23 förestående
336 781 134 22 reservation
486 781 75 22 förena
576 781 34 27 sig

156 827 62 22 Julian
235 828 119 23 Serlachius.
613 828 42 22 Jon.
672 827 90 23 Castrén.

156 881 12 21 I
191 882 26 21 de
240 881 69 28 bägge
333 888 76 16 senare
433 883 123 21 momenten
575 881 24 22 af
613 882 162 22 reservationen
791 881 42 22 för-

86 923 52 16 enar
153 917 34 27 sig

602 953 55 22 Ferd.
673 952 90 23 Jusélius.

160 1458 127 24 Lagutskottets
299 1459 106 19 betänkande
417 1458 36 20 N:o
465 1460 31 18 17.
