1059 1692
312 104 29 22 U.
357 104 27 22 B.
399 117 30 3 —
444 104 75 28 Prop.
534 103 45 23 N:o
595 103 38 22 24.
807 106 12 20 5

100 166 31 20 2:0
152 164 59 28 fyra-
232 164 39 21 och
287 163 146 27 femklassiga
451 163 196 22 elementarskolor
665 163 68 27 jemte
754 165 94 20 motsva-

96 194 72 26 rande
189 194 88 21 klasser
297 193 25 21 af
343 194 110 26 lyceerna,
475 193 125 21 realskolan
621 192 8 21 i
647 192 142 28 Helsingfors
808 193 39 21 och

100 223 311 28 folkskollärareseminarier;
427 224 33 20 3:o
476 222 103 27 samtliga
595 222 80 27 lyceer.

301 264 32 22 På
349 259 192 32 Öfverstyrelsens
559 266 98 25 vägnar:

401 307 24 20 L.
441 305 108 27 Lindelöf.

589 341 52 21 Carl
657 340 134 29 Svibergson.

128 389 236 22 Jordbruksexpeditionen

103 421 6 16 i
126 419 133 22 Kejserliga
279 419 108 18 Senaten

181 449 28 17 för
221 448 85 18 Finland.

170 484 149 23 Helsingfors

146 514 34 18 den
191 514 24 17 25
227 514 53 22 April
294 514 52 17 1891.

106 555 45 22 Till
173 555 154 27 Ordföranden
347 555 8 21 i
376 554 109 22 Finlands
505 554 106 22 Ständers
627 554 134 28 Lagutskott,
778 554 73 22 Presi-

332 591 79 21 denten
426 589 27 22 R.
471 590 157 28 Montgomery.

175 633 39 21 Uti
235 632 119 22 skrifvelse
374 632 26 21 til
420 632 166 21 undertecknad
607 632 57 21 Chef
677 631 34 22 för
726 632 126 22 Jordbruks

104 662 162 27 Expeditionen
282 661 24 22 af
320 662 42 21 den
378 663 27 20 23
421 662 149 21 innevarande
591 662 65 26 April
671 662 40 21 har
726 662 59 22 Herr
800 662 53 21 Pre-

106 692 99 21 sidenten
221 691 49 22 med
285 691 108 22 förmälan
409 693 32 19 att
457 691 102 28 samtliga
575 691 65 22 stånd
650 691 35 22 till
695 691 158 28 Lagutskottet

105 722 123 21 remitterat
250 721 62 22 Hans
334 721 125 27 Kejserliga
481 721 116 27 Majestäts
618 721 85 27 Nådiga
722 721 133 27 proposition

106 751 38 21 N:o
160 753 29 19 24
204 751 113 27 angående
333 751 83 21 ändrad
436 751 85 27 lydelse
540 751 25 21 af
578 751 111 21 särskilda
705 751 26 29 $$
747 751 7 21 i
770 751 84 21 Värne-

106 781 139 27 pligtslagen,
262 781 93 21 anhållit
370 783 33 19 att
418 780 131 28 fullständig
564 780 88 28 uppgift
667 780 62 23 öfver
746 781 27 21 de
784 780 70 22 under

106 810 173 27 Expeditionens
294 810 105 22 inseende
410 810 91 22 stående
512 811 59 21 olika
582 811 49 27 slag
641 810 25 21 af
674 811 179 26 undervisnings-

106 841 107 21 anstalter
236 842 56 20 samt
313 842 33 19 ett
365 840 49 22 med
435 840 104 22 afseende
555 840 13 21 å
583 840 168 22 lärokursernas
767 839 86 23 omfatt-

107 870 53 27 ning
179 870 132 22 motiveradt
331 869 84 27 förslag
429 870 36 21 till
481 870 63 22 deras
560 870 162 28 klassificering
737 870 50 21 med
802 870 53 20 hän-

108 906 40 20 syn
169 900 35 21 till
225 900 192 26 bestämningarne
437 900 8 20 i
461 900 123 26 åberopade
600 899 13 29 &
629 899 24 22 af
666 898 187 28 författningsför-

108 930 71 26 slaget
193 929 74 22 blefve
283 929 114 22 Utskottet
412 929 189 22 tillhandahållne.

178 959 11 21 I
210 959 119 27 anledning
348 958 67 22 häraf
427 959 41 21 har
483 959 126 21 Jordbruks
625 959 161 27 Expeditionen
803 960 53 20 äran

108 988 109 22 meddela:

321 1025 34 19 att
369 1024 70 21 under
455 1024 174 27 Expeditionens
644 1024 105 22 inseende
765 1024 35 21 stå
816 1023 41 21 föl-

248 1053 67 27 jande
330 1054 203 27 läroinrättningar,
550 1054 38 22 vid
598 1054 77 22 hvilka
685 1054 81 26 elever,
778 1053 79 21 under-

251 1083 92 21 kastade
359 1084 133 27 värnepligt,
509 1085 127 26 emottagas,
653 1084 122 26 nemligen:

321 1112 104 22 Mustiala
435 1113 141 21 landtbruks-
588 1113 40 21 och
636 1113 177 27 mejeriinstituts
821 1112 36 21 hö-

251 1148 40 21 gre
306 1142 141 22 landtbruks-
464 1143 40 21 och
519 1142 200 28 mejeriafdelning;

323 1171 86 22 Samma
424 1172 100 22 instituts
540 1173 63 26 lägre
619 1172 122 27 afdelning;

323 1202 142 27 Kronoborgs
481 1202 230 27 landtbruksinstitut;

323 1231 74 27 Lägre
415 1231 196 27 jordbruksskolor
631 1232 50 22 med
699 1232 20 26 a)
734 1231 86 27 treårig
835 1230 24 28 b)

251 1260 90 28 tvåårig
361 1261 40 22 och
419 1261 22 28 c)
457 1261 83 28 ettårig
555 1262 103 21 lärokurs
674 1263 56 20 samt
746 1261 63 22 skola
824 1260 35 21 för

253 1291 143 22 meddelande
419 1291 25 21 af
464 1291 124 22 theoretisk
611 1291 160 26 undervisning
791 1290 70 21 under

252 1322 82 20 tvenne
349 1321 156 22 vinterkurser
515 1321 24 21 åt
549 1321 114 27 lärlingar,
674 1320 133 22 tillhörande
819 1319 42 22 den

253 1351 104 21 besuttne
372 1350 196 27 allmogeklassen
557 1346 13 37 ;

324 1379 273 28 Kreatursskötareskola;

326 1409 214 27 Hotbeslagsskolor.

183 1449 127 23 Lagutskottets
323 1450 106 18 betänkande
442 1451 37 18 N:o
491 1452 30 16 17.
