1061 1703
266 155 28 22 U.
310 155 28 22 B.
353 168 28 3 —
396 155 76 29 Prop.
487 156 46 22 N:o
549 156 39 22 23.
781 157 25 21 21

77 218 84 21 riktade
176 218 42 20 lika
233 218 36 20 väl
285 222 59 17 emot
358 218 91 21 Finland
465 226 47 13 som
529 222 58 17 emot
598 218 117 27 Ryssland.
738 219 99 27 Kejsare-

77 252 75 21 dömet
175 252 41 20 och
234 252 210 22 Storfurstendömet
463 253 64 20 hafva
543 253 72 20 därför
631 253 25 20 af
668 253 115 21 Utskottet
798 254 40 20 här

77 286 70 21 nämts
170 286 68 26 jämte
253 286 126 21 hvarandra.
409 287 106 20 Däremot
530 287 39 20 har
584 287 159 27 benämningen
758 287 79 27 ,,Ryss-

78 320 67 20 land"
162 322 5 19 i
187 320 65 21 slutet
268 320 25 20 af
306 326 10 20 3
333 320 13 27 &
361 320 84 27 utbytts
461 324 60 18 emot
536 320 80 27 ,,ryska
631 321 76 20 riket".
733 321 104 27 Slutligen

78 354 39 20 har
131 355 7 19 i
153 360 14 19 4
182 354 14 27 &
212 353 110 27 uttrycket
337 371 12 8 ,,
352 354 60 21 ända
427 355 56 24 till",
500 355 90 20 likasom
602 356 6 19 i
620 355 118 27 föregände
748 355 88 27 kapitel,

79 391 77 18 ersatts
172 388 50 21 med
237 388 23 25 ,,i
276 387 81 28 högst".

406 536 29 21 16
451 536 56 28 kap.

147 593 69 21 Bland
240 593 88 21 brotten
351 596 59 18 emot
432 594 98 26 offentlig
550 594 127 26 myndighet
700 594 41 20 och
759 594 77 21 allmän

80 628 91 26 ordning
192 628 89 20 nämnes
304 629 6 19 i
326 628 41 20 den
382 628 79 26 nådiga
477 629 165 26 propositionen
658 628 83 27 olofligt
755 628 82 21 bortta-

79 662 72 26 gande
172 665 56 17 samt
251 661 120 27 uppsåtligt
395 661 112 21 skadande
530 662 42 20 och
587 662 148 20 vanställande
751 662 24 20 af
786 662 51 26 rysk

79 695 58 27 flagg
158 695 51 21 eller
231 695 121 26 Rysslands
371 702 77 20 vapen,
465 703 48 13 som
529 697 28 26 på
572 696 138 27 myndighets
726 695 111 22 föranstal-

79 730 65 21 tande
167 729 126 27 offentligen
315 729 92 25 utstälts,
431 729 72 21 hvilka
519 729 140 28 förbrytelser
675 730 110 21 dessutom
800 730 37 20 be-

79 764 56 27 lagts
159 764 49 20 med
232 763 111 25 särskilda,
366 763 69 28 högre
458 764 67 25 straff,
545 765 27 20 då
588 764 27 21 de
631 764 104 21 föröfvats
751 765 6 19 i
773 764 64 27 afsigt

79 801 32 18 att
125 799 47 20 visa
187 797 142 28 missaktning
345 801 58 18 emot
419 798 163 27 myndigheten.

147 832 34 20 Af
201 832 41 20 den
264 832 93 27 tidigare
379 832 127 27 åberopade
529 832 127 21 skrifvelsen
671 832 45 21 från
731 833 106 20 Minister-

79 866 205 22 statssekreteraren
307 865 31 21 till
361 865 229 28 Generalguvernören
612 866 99 27 framgår,
731 869 31 18 att
777 866 60 20 Hans

79 900 121 27 Kejserliga
223 900 103 26 Majestät
342 900 71 21 täckts
429 900 72 21 bifalla
517 901 31 20 till
563 900 274 21 Ministerstatssekretera-

79 941 48 14 rens
143 934 145 27 underdåniga
304 934 155 27 framställning
474 935 82 24 därom,
573 938 32 17 att
620 936 6 19 i
641 934 141 21 förevarande
792 934 45 27 lag-

79 975 46 14 rum
147 972 60 17 utom
222 968 52 27 rysk
289 969 58 26 flagg
362 969 42 20 och
419 969 121 26 Rysslands
556 975 72 20 vapen
640 968 81 27 jämväl
735 968 101 21 Finlands

79 1008 72 21 vapen
173 1002 71 20 bletve
263 1003 81 24 ,,stäldt
354 1003 67 19 under
436 1003 75 26 lagens
527 1002 92 26 skydd".
649 1003 9 19 I
674 1002 164 20 öfverensstäm-

79 1035 67 21 melse
168 1036 89 20 härmed
280 1036 31 20 får
332 1036 116 21 Utskottet
473 1036 83 25 föreslå,
573 1039 32 18 att
620 1037 68 20 orden
703 1052 11 9 ,,
717 1035 121 28 Rysslands

81 1071 81 25 vapen"
184 1070 72 20 blefve
272 1070 86 26 utbytta
373 1071 7 20 i
395 1070 57 21 förra
468 1070 87 27 stycket
571 1073 58 18 emot
645 1086 11 9 ,
660 1069 65 28 ryska
741 1069 97 27 riksvap-

80 1106 35 18 net
136 1104 51 21 eller
211 1104 220 27 Storfurstendömets
454 1106 83 25 vapen"
562 1108 55 17 samt
640 1105 6 19 i
662 1111 75 13 senare
752 1103 86 27 stycket

81 1142 58 17 emot
155 1138 139 27 ,,riksvapnet
310 1139 51 20 eller
378 1138 223 25 Storfurstendömets
617 1140 89 24 vapen".

409 1285 31 22 34
455 1285 57 28 kap.

152 1354 22 14 12
186 1349 13 25 8
214 1350 6 18 i
237 1349 60 19 detta
312 1348 82 27 kapitel
410 1349 39 19 har
464 1348 69 20 blifvit
548 1348 90 20 tillökad
653 1348 50 20 med
719 1355 25 13 en
759 1347 80 27 mängd

79 1383 167 26 bestämningar,
266 1382 90 20 afsedda
372 1386 32 17 att
420 1382 86 26 skydda
521 1381 196 27 sjötelegratkabel.
749 1381 91 21 Utskot-

79 1420 64 17 tettet
158 1416 39 20 har
212 1416 85 21 afhållit
312 1418 34 25 sig
360 1416 46 21 från
421 1416 42 20 alla
479 1416 114 26 ändringar
608 1417 6 19 i
630 1416 69 20 denna
715 1416 35 20 del
766 1416 24 20 af
798 1415 42 21 för-

79 1450 214 27 fattningsförslaget.

148 1489 130 22 Lagutskottets
291 1489 110 17 betänkande
413 1491 38 15 N:o
463 1489 29 17 15.
