1056 1695
325 99 20 21 U.
361 99 20 21 B.
398 111 27 3 —
443 99 55 27 Prop.
516 99 34 21 N:o
566 99 35 21 20.
778 99 27 21 29

86 158 159 22 Ofvanstående
259 158 140 27 kalkylerade
410 158 55 21 brist
475 158 63 27 fylles
549 164 79 20 genom

114 195 36 21 lån
166 194 48 21 från
230 193 354 27 lagmanstingsgästningsfonden
621 209 6 5 .
658 193 126 28 3,800,000:
801 205 26 3 —

116 230 97 22 inkomst
223 229 24 21 af
254 229 60 21 skatt
329 230 13 20 å
357 229 74 25 tobak,
447 229 54 21 eller
517 228 111 22 eventuelt

116 266 39 21 och
171 266 7 21 i
195 266 49 21 mån
268 264 24 22 af
313 264 68 22 behof
400 264 23 22 af
438 264 104 22 Finlands
558 264 70 22 banks

115 300 130 22 vinstmedel
261 301 70 21 under
346 302 51 20 åren
415 300 147 22 1891—1093
584 316 5 4 .
622 316 4 4 .
658 300 126 27 2,849,394:
801 300 35 21 69.

538 342 89 21 Summa
658 342 66 26 0,620
739 342 45 43 105
802 342 34 20 69.

159 413 75 21 Under
249 412 158 27 förutsättning
423 414 33 19 att
472 413 154 21 ofvanstäende
642 412 146 27 beräkningar
799 412 39 21 och

88 449 81 26 förslag
192 448 23 22 af
238 447 124 22 Ständerna
385 448 133 27 godkännas,
542 448 33 21 fär
598 447 115 22 Utskottet
728 448 111 21 vördsamt

89 484 90 22 föreslä:

301 520 32 20 att
363 517 126 23 Ständerna
512 519 57 27 ville,
586 518 42 27 för
654 518 136 21 bestridande
816 517 26 27 af

231 555 66 26 ofvan
317 555 116 27 upptagna
448 554 96 28 utgifter,
559 553 36 28 för
610 554 71 21 sävidt
697 554 107 21 desamma
820 553 20 27 ej

231 590 53 28 utgå
299 589 29 28 af
339 589 76 27 därför
431 589 103 22 särskildt
550 589 108 28 anslagna
672 589 74 28 medel,
764 589 76 21 anvisa

231 626 21 27 ej
274 625 85 22 mindre
385 625 151 28 behållningen
554 625 9 21 i
578 625 212 28 bevillningsmedlen
804 624 37 21 vid

232 661 57 22 1891
317 661 36 21 års
377 661 86 28 utgäng,
486 663 31 19 än
540 661 121 21 inkomsten
688 660 72 22 under
787 660 53 21 åren

233 696 150 21 1892—1894
405 696 28 27 af
443 696 97 27 följande
555 696 151 28 bevillningar,
721 695 120 28 nämligen:

234 731 215 28 stämpelbevillning,
465 731 211 29 näringsbevillning
692 731 28 27 af
728 731 112 21 utländin-

233 774 47 21 gar,
296 766 117 29 vevillning
427 766 37 28 för
480 767 145 27 maltdrycker
640 767 37 21 och
692 769 62 19 extra
770 766 70 22 bevill-

231 802 56 28 ning
309 802 36 27 för
371 802 99 27 spelkort,
486 803 110 27 äfvensom
619 802 121 22 inkomsten
756 802 27 27 af
800 802 41 22 den

231 838 58 21 skatt
310 838 14 21 å
343 838 68 27 tobak,
434 845 44 14 som
502 838 44 21 kan
569 838 83 21 komma
668 838 173 28 bevillningsfon-

232 874 42 20 den
289 873 35 21 till
337 873 61 28 godo,
421 873 52 22 eller
484 873 105 22 eventuelt
604 873 59 22 ända
678 873 34 22 till
728 880 26 15 en
768 873 73 28 miljon

232 909 63 21 mark
310 909 85 28 årligen
411 909 26 26 af
453 909 111 22 Finlands
585 909 69 22 banks
669 909 124 22 vinstmedel
808 909 35 26 för

233 945 54 20 åren
305 944 154 23 1891—1893.

161 1098 12 21 I
184 1099 104 21 ärendets
297 1099 134 27 behandling
440 1098 66 23 hafva
515 1099 93 27 deltagit
616 1099 148 21 ordföranden
771 1098 72 22 Hack-

92 1140 56 21 man,
167 1134 150 22 ledamöterne
335 1135 26 21 N.
383 1134 132 28 Grotenfelt,
536 1135 114 26 Norrmen,
674 1135 26 22 A.
717 1134 126 26 Schauman,

92 1170 109 27 Kihlman,
225 1170 96 27 Donner,
345 1170 22 22 J.
385 1170 26 22 R.
428 1170 126 28 Danielson,
571 1170 136 27 Nordström,
725 1169 116 26 Snellman,

92 1200 91 33 Öhman,
200 1205 87 28 Heikel,
304 1205 103 28 Neovius,
423 1205 121 28 Meurman,
560 1205 82 28 Wärri,
659 1205 69 22 Häkli
744 1205 40 22 och
798 1205 47 21 Kii-

92 1241 52 26 pula
155 1243 55 20 samt
221 1241 171 27 suppleanterne
408 1241 95 22 friherre
519 1241 31 22 E..
561 1241 25 22 G.
602 1241 91 22 Palmen
701 1241 40 22 och
749 1241 21 21 J.
779 1241 66 21 Lind-

94 1276 60 27 berg.

162 1312 141 27 Helsingfors
319 1312 43 22 den
380 1314 26 19 18
424 1312 41 27 maj
485 1314 62 20 1891.

397 1376 142 11 ään
