1061 1709
241 160 26 19 22
426 158 29 22 U.
471 158 27 22 B.
516 171 24 3 —
557 158 75 28 Prop.
648 157 45 23 N:o
708 157 39 22 23.

540 220 31 23 36
587 220 56 28 kap.

281 283 64 21 Hvad
361 284 61 21 detta
436 283 83 28 kapitel
534 283 108 25 beträffar,
659 283 90 20 hänföra
764 284 34 25 sig
813 283 28 20 de
848 282 121 27 föreslagna

211 318 143 27 ändringarna
369 319 24 20 så
408 319 55 26 godt
478 325 48 13 som
540 317 136 22 uteslutande
687 317 30 21 till
727 317 98 20 formella
836 316 133 27 omständig-

211 352 68 21 heter.
310 352 73 21 Också
405 353 38 20 har
462 352 115 21 Utskottet
592 352 80 20 lämnat
687 351 104 27 förslaget
806 354 51 17 utan
872 350 97 21 anmärk-

211 387 82 26 ningar,
309 387 165 26 undantagande
490 389 32 18 att
537 389 32 18 ett
584 385 106 28 tryckfeli
699 386 42 20 den
751 385 92 21 svenska
853 388 77 18 texten
938 385 31 21 till

213 426 26 15 10
259 421 46 26 &:ns
329 426 10 21 3
356 427 64 14 mom.
436 420 117 28 (,afsedd”
570 422 6 19 i
591 423 27 18 st.
634 420 13 21 f.
664 419 111 28 ,afsedt*)
791 420 84 24 rättats,
890 423 57 17 samt
962 421 7 18 i

213 460 25 21 13
254 454 46 29 $:ns
319 455 65 20 andra
400 455 82 26 stycke,
499 456 6 19 i
521 454 224 21 öfverensstämmelse
760 453 50 21 med
826 453 90 27 tidigare
932 453 36 20 än-

211 489 93 27 dringar,
319 489 115 26 uttrycken
449 505 12 9 ,
465 489 100 20 utländsk
579 491 57 18 stat
652 489 42 20 och
704 488 65 27 ,rysk
779 487 129 24 tillverkare,
919 487 49 27 köp-

211 530 57 17 man,
292 526 51 17 etc.*
366 524 83 26 utbytts
472 527 59 16 emot
549 523 153 27 ,främmande
721 524 58 19 stat*
795 522 41 21 och
851 521 65 27 ,rysk
931 521 37 20 och

206 557 62 27 finsk
283 558 129 24 tillverkare,
428 558 96 27 köpman,
541 559 51 18 etc.*

540 648 27 28 37
584 653 55 28 kap.

280 711 73 26 Äfven
376 717 60 21 detta
458 717 81 27 kapitel
562 717 38 20 har
619 718 6 19 i
649 716 43 21 den
709 716 79 27 nådiga
803 717 165 26 propositionen

211 751 152 21 underkastats
379 751 76 20 endast
471 751 154 20 redaktionella
641 751 120 26 ändringar.
785 749 125 21 Utskottets
926 749 42 21 för-

210 785 48 27 slag
280 785 51 20 med
350 785 114 28 anledning
478 785 66 21 häraf
555 785 124 20 inskränker
694 786 33 25 sig
742 784 31 21 till
788 784 129 26 utbytandet
933 785 6 19 i
957 789 7 15 I

211 819 12 26 8
246 819 26 20 af
283 819 64 21 ordet
362 819 148 26 ,Rysslands*
525 823 59 17 emot
600 819 78 27 ,ryska
695 819 84 24 rikets,
796 821 56 18 samt
867 819 7 19 i
888 818 79 21 nämda

211 852 43 21 och
269 859 14 20 4
299 852 24 29 88
339 853 25 20 af
377 852 125 29 ,utländské
520 857 59 17 emot
596 852 173 28 ,främmande*.

539 949 31 22 42
586 949 56 28 kap.

279 1012 24 26 Ej
327 1012 66 21 heller
415 1014 6 19 i
443 1013 60 20 detta
518 1012 92 27 kapitels
628 1018 7 15 1
654 1011 19 29 $,
690 1012 39 21 där
744 1013 6 19 i
766 1012 42 20 den
823 1011 79 27 nådiga
917 1019 50 20 pro-

209 1047 125 26 positionen
347 1046 89 21 föreslås
449 1047 121 26 stadgande
581 1047 21 20 af
612 1046 154 21 tukthusstraff
773 1047 73 19 såsom
854 1045 114 27 ovilkorlig

210 1080 172 27 ansvarspäföljd
405 1081 31 20 för
460 1081 81 26 olofligt
565 1081 137 26 delgifvande
715 1081 22 20 ät
752 1079 101 22 utländsk
869 1079 28 28 (d.
914 1087 19 12 v.
949 1087 17 12 s.

209 1114 142 27 främmande)
374 1115 59 20 makt
456 1115 24 20 af
497 1115 101 26 teckning
618 1115 61 20 öfver
694 1114 166 26 fästningsverk,
876 1113 91 20 likasom

209 1147 32 21 för
257 1148 43 20 den
315 1149 90 20 därmed
420 1149 51 26 föga
483 1149 132 26 gemenskap
627 1149 84 26 egande
725 1148 143 26 ftörbrytelsen
877 1151 31 17 att
916 1151 51 17 utan

208 1181 96 22 tillständ
320 1182 151 27 offentliggöra
486 1182 40 21 slik
540 1183 107 26 teckning,
664 1183 52 20 böra
729 1181 127 26 Ständerna,
865 1182 51 20 enär
924 1181 43 21 den

208 1216 113 26 praktiska
337 1217 127 26 betydelsen
480 1217 24 20 af
516 1217 63 20 dessa
595 1217 136 27 stadganden
741 1216 64 21 torde
812 1215 65 21 blifva
884 1215 82 27 ganska

207 1251 68 25 ringa,
292 1250 66 27 enligt
373 1250 125 21 Utskottets
514 1252 91 25 mening,
621 1251 89 26 vidtaga
725 1251 66 26 nägra
807 1250 66 20 andra
883 1249 85 21 ändrin-

208 1290 39 20 gar
263 1284 27 20 än
306 1287 32 18 att
354 1285 80 20 ersätta
450 1285 62 20 ordet
529 1284 126 28 ,utländsk"
672 1284 50 21 med
739 1283 172 28 "främmande".

276 1386 105 21 Förutom
404 1394 27 13 nu
454 1387 76 20 nämda
552 1387 120 27 ändringar,
688 1387 39 20 har
742 1386 43 21 den
806 1386 69 21 finska
889 1389 78 18 texten

206 1416 31 24 till
260 1419 147 28 lagförslaget,
431 1422 6 19 i
453 1420 42 21 den
510 1421 49 20 män
575 1421 76 20 sädant
667 1421 108 20 befunnits
790 1421 83 26 nödigt,
889 1420 25 20 af
926 1420 41 21 Ut-

206 1452 84 22 skottet
305 1455 6 19 i
327 1454 106 27 spräkligt
456 1454 102 21 afseende
579 1454 132 22 förbättrats.
742 1454 105 27 Slutligen
869 1454 38 20 har
926 1454 41 21 Ut-

276 1491 133 23 Lagutskottets
422 1493 111 18 betänkande
546 1494 35 17 N:o
594 1494 27 16 15.
