1059 1700
305 95 27 23 U.
348 96 28 21 B.
392 109 28 2 —
436 96 74 28 Prop.
526 96 46 22 N:o
588 96 36 22 22.
800 98 12 21 7

91 155 161 21 undersåtares
268 156 168 27 förolämpande
453 157 52 21 med
521 156 85 27 otidiga
621 156 109 22 Actioner
741 157 7 21 i
758 157 84 22 sådane

92 191 52 27 mål,
162 197 49 15 som
228 191 72 27 någon
318 192 84 22 beifran
419 192 49 22 icke
484 190 118 29 förtjena.*

165 226 63 22 Dock
243 227 39 22 vill
293 227 123 22 Utskottet
427 228 117 27 anmärka,
556 228 36 21 att
604 234 28 15 en
643 228 71 22 sådan
726 228 116 22 inskränk-

91 263 53 26 ning
160 263 7 21 i
183 263 147 27 äklagarenes
347 264 47 21 rätt
410 264 37 21 att
464 264 67 26 draga
543 264 53 21 sina
613 264 45 21 mål
674 264 72 22 under
762 264 80 27 högsta

92 298 140 22 domstolens
252 299 110 27 pröfning,
384 305 51 15 som
454 300 6 20 i
477 300 43 20 den
536 299 82 27 nådiga
632 300 169 26 propositionen
818 302 24 19 är

91 334 125 28 tillämnad,
240 335 147 27 hvarigenom
411 335 171 27 åklagaretalan
606 335 81 21 endast
710 336 7 20 i
734 336 107 21 händelse

91 370 129 26 synnerliga
235 370 50 21 skäl
300 370 96 27 ansäges
414 370 74 22 därtill
504 370 142 22 förekomma
656 370 59 28 finge
726 371 114 27 fullföljas,

92 406 123 21 betecknar
231 411 28 16 en
275 406 109 27 återgång
400 406 7 21 i
423 406 101 27 riktning
540 407 62 20 emot
614 406 43 22 den
668 412 82 21 genom
762 406 27 22 K.
801 406 41 21 för-

92 442 123 27 ordningen
236 443 43 21 den
300 443 28 20 27
345 443 56 26 april
420 443 56 20 1868
492 442 140 27 förändrade,
649 443 145 21 därförinnan
810 442 32 21 rå-

92 477 72 22 dande
188 477 129 28 ordningen,
342 478 70 27 enligt
428 478 93 21 hvilken
536 478 107 27 åklagare
659 478 20 27 ej
695 478 7 21 i
721 478 67 27 något
799 474 43 25 fall

92 513 90 22 tillkom
202 514 48 21 rätt
270 514 36 21 att
327 513 78 22 anföra
425 514 81 21 besvär
522 513 63 22 öfver
600 513 128 22 hofrättens
746 514 50 21 dom
813 525 29 3 —

92 555 29 15 en
136 549 117 27 återgång,
269 555 48 15 som
335 549 70 27 enligt
426 549 135 22 Utskottets
581 549 91 27 mening
692 549 74 22 skulle
782 549 59 21 inne-

92 585 54 21 bära
170 590 28 16 en
222 585 109 22 afvikelse
350 585 50 21 från
417 585 43 21 den
476 590 81 22 genom
573 585 69 27 sagda
658 585 128 27 förordning
808 585 34 21 för

92 620 243 28 brottmälsprocessen
351 621 122 21 faststälda
488 620 220 27 instansordningen.
739 621 48 21 Mot
804 620 38 22 det

92 656 170 27 ifrågavarande
271 656 120 27 förslagets
402 656 180 27 genomförande,
594 656 36 21 till
640 656 42 21 och
692 656 52 21 med
755 656 7 21 i
772 656 70 26 något

93 692 129 21 modifierad
238 692 65 27 form,
320 694 54 25 göra
390 692 34 26 sig
440 692 118 21 dessutom
571 692 70 21 andra
652 692 86 26 vigtiga
749 691 92 21 betänk-

92 727 96 27 ligheter
204 727 108 27 gällande.
337 728 42 20 För
396 728 35 21 att
448 728 43 20 den
506 727 104 27 pröfning
626 727 25 21 af
663 727 177 27 besvärsmålen,

92 768 50 15 som
160 762 74 22 blefve
250 763 151 27 prokuratorn
417 762 72 28 ålagd,
506 762 74 22 skulle
595 762 79 22 kunna
690 762 50 22 leda
755 762 35 22 till
806 763 35 21 ett

92 798 79 21 säkert
186 798 140 22 bedömande
342 799 25 21 af
380 798 78 22 skälen
475 798 33 21 för
525 798 41 22 och
582 799 63 21 emot
659 798 182 27 åklagaretalans

92 833 143 28 fullföljande,
256 834 68 22 borde
348 834 133 22 densamma
503 840 55 15 vara
581 834 53 21 vida
654 839 62 16 mera
732 834 109 26 ingående

92 871 29 19 än
138 869 42 21 den
195 870 165 26 jämförelsevis
375 870 67 21 korta
458 870 39 27 tid,
514 875 50 16 som
580 869 34 21 för
630 869 130 21 ändamålet
776 869 65 21 stode

92 904 34 22 till
149 905 64 28 buds,
230 905 6 21 i
253 906 27 21 de
303 906 66 21 flesta
391 906 41 21 fall
455 905 125 27 medgåfve.
612 905 155 21 Prokuratorn
787 910 54 16 vore

92 940 70 27 enligt
178 941 108 27 förslaget
301 942 117 21 nödsakad
433 942 37 21 att
486 941 57 21 efter
559 947 29 15 en
604 940 134 27 otillräcklig
750 940 91 27 gransk-

92 976 53 27 ning
168 976 26 22 af
213 976 140 28 tillgängliga
374 977 131 27 handlingar
521 977 7 20 i
544 977 35 21 ett
598 976 126 22 inkommet
740 976 101 21 besvärs-

92 1012 46 21 mål
160 1011 77 27 afgöra
261 1018 37 16 om
322 1012 134 27 åklagarens
479 1012 63 22 talan
558 1012 7 20 i
581 1012 71 21 målet
675 1017 53 16 vore
747 1011 94 27 befogad

92 1047 54 21 eller
168 1048 93 26 oskälig.
292 1048 45 21 Att
360 1049 35 21 ett
418 1048 83 21 sådant
516 1047 121 27 afgörande
653 1059 29 2 —-
698 1047 64 21 svårt
778 1046 7 21 i
800 1046 42 22 och

92 1082 33 22 för
145 1083 34 27 sig
194 1095 30 3 —
244 1084 76 21 därtill
341 1084 73 21 skulle
430 1084 79 20 kunna
524 1083 101 21 medföra
640 1082 201 27 inkonsekvenser,

91 1118 165 28 förvecklingar
274 1120 42 21 och
331 1119 131 22 rättsvådor
478 1119 25 21 af
516 1118 153 27 allvarligaste
685 1118 55 27 slag,
756 1120 26 19 är
797 1117 45 22 lätt

92 1155 35 20 att
148 1155 55 21 inse.
234 1154 124 22 Utskottet
378 1155 39 21 vill
433 1155 7 20 i
456 1154 82 22 sådant
556 1154 106 21 afseende
679 1154 81 21 endast
776 1153 65 22 fram-

92 1190 60 21 hålla
168 1190 42 21 den
227 1191 156 26 egendomliga
398 1191 42 21 och
456 1190 60 21 visst
532 1190 49 21 icke
596 1190 34 21 för
646 1189 196 28 rättsskipningen

92 1232 135 21 gynsamma
249 1227 110 26 ställning
380 1226 152 27 prokuratorn
554 1226 92 21 komme
662 1226 36 21 att
714 1226 77 25 intaga
807 1224 34 21 till

92 1261 112 22 Senatens
226 1262 256 27 justitiedepartement,
506 1267 82 22 genom
611 1262 36 21 att
668 1261 81 27 själfva
764 1261 77 21 inläm-

92 1298 84 21 nandet
191 1298 25 21 af
230 1298 35 21 ett
280 1298 142 22 besvärsmäl
438 1298 67 26 gäfve
521 1298 52 21 stöd
588 1298 34 20 för
638 1296 146 28 antagandet,
805 1297 37 20 att

91 1333 155 27 prokuratorn,
264 1334 104 26 lagarnas
384 1334 104 26 väktare,
504 1334 78 20 ansett
598 1333 134 26 äklagarens
748 1332 6 20 i
770 1331 72 21 mälet

91 1369 63 21 talan
176 1374 56 16 vara
252 1369 53 21 fullt
321 1369 101 27 befogad.
444 1368 43 22 Om
504 1368 68 22 ocksä
588 1368 163 27 prokuratorns
766 1366 74 22 beklä-

162 1409 127 23 Lagutskottets
301 1409 108 18 betänkande
421 1408 37 19 N:o
470 1410 28 17 16.
