1061 1698
312 164 29 22 U.
357 164 27 22 B.
401 177 28 2 —
444 164 74 28 Prop.
534 164 45 22 N:o
595 164 36 22 21.
810 166 12 20 3

95 226 50 21 dem
167 228 7 19 i
189 226 74 21 landet
278 226 142 21 öfverhufvud
435 227 81 21 kunnat
530 234 52 13 vara
598 227 101 27 påkallad
715 240 27 2 —
756 228 7 20 i
778 227 73 27 regeln

94 260 87 21 hänfört
192 262 33 26 sig
239 260 32 21 till
280 262 44 19 viss
334 260 253 28 betalningsskyldighet,
601 261 36 20 vid
647 261 116 27 utsökning
774 264 78 18 mesta-

95 294 47 20 dels
150 294 80 21 kunnat
238 294 118 21 behandlas
367 295 72 20 såsom
452 295 56 20 hade
517 295 27 20 de
552 296 55 19 varit
615 294 59 21 klara
685 295 165 27 förskrifningar,

95 328 142 27 hvarigenom
260 329 42 20 den
324 329 106 20 vinnande
449 332 51 18 utan
515 330 66 26 några
596 329 122 27 synnerliga
734 330 118 26 omgångar

96 362 84 21 erhållit
194 362 126 27 utmätning.

165 396 153 21 Förevarande
338 396 78 27 nådiga
432 398 137 26 proposition
585 397 57 20 afser
657 400 32 17 att
705 398 6 19 i
726 397 127 27 lagstiftnin-

96 438 43 19 gen
149 431 68 20 införa
227 431 166 26 bestämningar,
404 438 80 20 genom
494 431 72 20 hvilka
574 431 32 20 för
619 431 105 20 domstols
736 432 6 19 i
754 431 100 27 Kejsare-

97 465 75 21 dömet
202 465 50 20 dom
257 460 14 36 i
290 464 106 21 tvistemål
411 465 67 20 under
492 466 58 19 vissa
565 464 177 28 förutsättningar
757 465 97 27 medgåf-

97 506 38 13 ves
146 498 170 27 verkställighet.
336 498 72 26 Jämte
418 499 38 20 det
471 499 115 21 Utskottet
602 498 104 21 erkänner
723 499 131 27 berättigan-

98 534 38 20 det
158 533 25 20 af
195 533 61 21 detta
272 533 63 26 syfte,
344 534 24 19 så
390 533 88 26 mycket
493 540 58 14 mera
573 540 47 14 som
635 534 127 26 härigenom
777 534 77 20 endast

98 574 27 14 en
140 567 25 21 af
176 567 157 27 billighetsskäl
347 567 92 27 naturlig
461 568 156 26 motsvarighet
633 567 72 21 blefve
720 568 134 27 åvägabragt

98 602 32 20 till
152 601 161 27 lagstiftningen
328 602 7 19 i
350 601 115 26 Ryssland,
489 601 66 27 enligt
570 601 86 20 hvilken
671 602 54 20 finsk
748 602 106 20 domstols

99 635 52 20 dom
155 630 14 37 i
187 635 114 25 tvistemål,
320 634 54 21 efter
389 635 178 27 hufvudsakligen
582 642 81 13 samma
679 636 93 26 grunder
787 643 47 13 som
850 637 6 18 i

99 671 166 25 propositionen
276 669 95 25 föreslås,
387 669 112 21 befordras
514 669 32 21 till
560 669 163 27 verkställighet
739 671 6 20 i
755 670 100 26 Kejsare-

100 703 80 24 dömet,
205 711 62 12 anser
290 703 114 21 Utskottet
423 703 118 21 emellertid
564 704 37 21 det
617 705 6 19 i
639 705 164 26 propositionen
825 705 30 19 in-

99 738 85 26 gående
204 737 242 27 författningsförslaget
469 738 47 20 icke
535 737 71 21 kunna
624 739 22 19 af
661 737 121 22 Ständerna
797 738 57 20 oför-

99 771 92 21 ändradt
207 775 96 23 antagas.

169 805 202 27 Skiljaktigheterna
387 807 6 19 i
409 805 57 21 olika
486 805 85 21 länders
586 806 134 27 lagstiftning
742 806 42 20 och
806 813 50 20 pro-

101 839 171 21 cessförfarande
287 839 94 27 betinga,
405 843 32 17 att
459 840 154 27 rättsanspråk,
630 840 113 21 faststälda
758 840 25 20 af
795 840 61 20 dom-

100 874 43 20 stol
153 875 6 19 i
175 877 64 17 annat
250 874 56 25 land,
324 874 47 20 icke
383 874 71 20 kunna
467 875 68 20 sättas
548 876 6 18 i
566 874 76 21 verket
653 878 50 17 utan
715 874 140 27 iakttagande

101 908 24 20 af
136 909 56 19 vissa
208 908 74 24 vilkor,
300 908 90 20 afsedda
406 912 32 17 att
453 908 106 21 bibehålla
575 912 51 23 eget
641 909 61 20 lands
712 909 144 27 medborgare

101 944 6 18 i
123 942 123 26 åtnjutande
262 943 26 20 af
298 943 38 20 det
346 942 71 27 skydd
433 943 27 20 de
476 944 6 19 i
497 944 37 19 sitt
545 942 60 21 lands
621 943 60 27 lagar
696 943 36 21 äro
744 938 114 26 tillförsäk-

101 976 58 21 rade.
188 976 74 27 Enligt
284 976 101 21 Finlands
400 976 106 21 allmänna
525 976 36 28 lag
577 976 34 28 (R.
634 977 24 20 B.
677 983 21 14 11
716 977 58 27 kap.)
794 977 64 27 utgör

101 1010 109 27 stämning
225 1010 74 27 början
314 1011 32 20 till
355 1011 28 20 all
397 1011 121 27 rättegång,
537 1011 42 20 och
589 1012 64 26 ingen
668 1011 42 20 kan
721 1011 75 21 dömas
807 1014 51 18 utan

101 1048 33 17 att
149 1044 81 20 honom
245 1046 6 19 i
266 1044 49 27 laga
331 1045 91 26 ordning
444 1046 61 25 ågått
520 1045 114 27 stämning,
651 1045 85 20 hvilken
759 1045 77 21 endast
851 1046 6 20 i

103 1078 37 21 det
155 1078 36 20 fall
206 1082 32 17 att
253 1078 42 20 han
310 1078 66 21 håller
391 1080 34 26 sig
440 1079 71 20 undan
526 1086 49 13 men
585 1079 118 27 veterligen
718 1080 66 20 vistas
800 1080 13 20 å
824 1086 33 14 or-

101 1116 38 17 ten
161 1112 112 20 äfvensom
297 1113 28 19 då
339 1113 136 27 stämningen
498 1113 66 27 gäller
580 1120 26 13 en
629 1113 35 21 hel
679 1114 109 26 menighet
810 1113 48 21 icke

102 1146 104 21 behöfver
222 1147 120 20 svaranden
357 1147 138 27 personligen
510 1147 113 21 tillställas.
652 1148 35 20 De
705 1148 153 20 motsvarande

102 1181 161 26 bestämningar
284 1181 178 26 Kejsaredömets
482 1181 181 27 Civilprocesslag
678 1182 25 20 af
714 1182 42 20 den
772 1187 27 15 20
821 1188 39 14 no-

102 1214 89 21 vember
208 1214 54 26 1864
277 1215 115 21 innehåller
408 1215 38 21 äro
461 1215 135 27 väsentligen
611 1215 58 21 olika
685 1216 64 20 dessa
764 1216 37 20 vår
812 1216 46 26 lags

102 1249 143 26 stadganden.
275 1249 80 21 Därest
370 1249 48 21 icke
433 1250 185 26 svarandeparten
633 1250 101 20 anträffas
745 1250 12 20 å
772 1250 43 20 den
826 1252 34 18 ort

102 1283 111 20 käranden
227 1283 109 27 uppgifvit
346 1284 72 20 såsom
429 1284 53 20 hans
493 1284 133 26 boningsort,
643 1283 80 21 lämnas
735 1284 42 20 den
788 1283 72 21 skrift-

102 1317 44 26 liga
161 1317 142 26 stämningen,
327 1317 32 20 för
374 1321 32 17 att
421 1318 31 20 till
473 1318 121 20 svaranden
609 1317 153 27 öfverbringas,
786 1318 22 20 åt
824 1318 36 19 nå-

103 1357 44 20 gon
163 1351 24 20 af
198 1351 54 20 hans
267 1351 85 20 husfolk
363 1351 51 20 eller
426 1351 130 21 förvaltaren
571 1351 25 20 af
604 1351 54 20 hans
673 1351 55 27 gods
744 1351 52 20 eller
806 1351 55 27 gård

103 1384 52 21 eller
171 1385 41 20 den
228 1385 24 20 af
264 1385 53 20 hans
332 1392 98 20 grannar,
447 1392 48 14 som
510 1385 103 21 förklarar
628 1387 34 24 sig
675 1385 58 27 villig
748 1389 32 17 att
790 1385 71 21 utföra

103 1419 124 26 uppdraget
243 1419 42 20 och
300 1419 100 21 däröfver
416 1419 91 27 afgifver
522 1419 102 27 skriftligt
639 1419 143 25 erkännande,
804 1419 57 25 eller,

103 1459 37 14 om
155 1455 64 25 ingen
234 1454 68 20 sådan
316 1461 81 20 person
414 1453 73 26 finnes,
511 1455 6 19 i
531 1454 50 21 stad
597 1455 22 20 åt
634 1461 27 13 en
676 1453 187 28 polistjänsteman

171 1491 131 23 Lagutskottets
315 1493 110 17 betänkande
438 1493 34 17 N:o
485 1493 28 18 14.
