1059 1695
302 153 28 22 U.
347 153 27 22 B.
391 167 27 2 —
434 153 75 28 Prop.
525 153 46 22 N:o
587 153 40 22 20.
800 154 13 20 3

87 217 51 20 dant
153 216 59 27 syfte,
236 217 32 20 att
283 216 59 21 Hans
362 216 118 27 Kejserliga
495 216 101 27 Majestät
621 216 48 21 ville
684 218 49 25 taga
749 216 5 21 i
770 216 72 26 nådigt

87 251 159 26 öfvervägande,
262 257 34 14 om
312 251 45 20 icke
372 251 76 26 åtgärd
462 251 71 21 kunde
550 251 94 26 vidtagas
660 251 31 20 till
701 250 141 26 förstärkning

87 285 22 21 af
122 285 162 21 militiefondens
300 285 105 20 ordinarie
420 285 113 26 tillgångar
558 291 75 20 genom
661 284 125 27 öfverföring
812 283 29 22 till

87 319 64 26 sagda
166 318 50 22 fond
232 318 20 21 af
267 319 51 20 visst
333 319 63 26 årligt
411 319 93 26 anslag*.

155 352 158 22 Presteståndet
330 353 38 20 har
382 353 101 21 likaledes
498 353 88 21 beslutit
602 354 46 25 ,,att
664 353 22 21 åt
702 352 140 22 Statsutskot-

88 389 30 19 tet
134 386 126 22 öfverlemna
276 388 32 20 att
323 386 76 28 afgifva
414 387 115 26 utlåtande,
546 387 54 21 huru
626 386 161 22 militiefondens
810 392 33 16 or-

88 422 78 21 dinarie
182 422 112 26 tillgångar
309 422 70 20 kunde
395 422 61 20 vinna
472 422 163 25 förstärkning".

156 456 110 26 Härjämte
281 455 39 22 har
335 455 110 22 Utskottet
460 455 93 26 beaktat,
571 457 31 20 att
618 456 158 21 Bondeståndet
792 455 50 21 ien-

88 489 65 28 lighet
169 490 47 21 med
231 489 244 27 Bevillningsutskottets
491 490 126 21 hemställan
634 497 32 14 om
684 497 24 14 en
724 489 119 22 införselaf-

88 523 38 27 gift
150 525 27 26 på
200 523 64 22 tobak
288 524 87 21 beslutit
400 524 5 20 i
422 524 168 26 underdånighet
606 524 90 26 anhålla,
714 526 46 25 ,,att
775 524 25 21 H.
816 524 26 21 K.

88 558 99 27 Majestät
202 558 82 21 täcktes
300 558 6 21 i
322 558 66 21 nåder
402 557 106 28 förordna,
525 560 32 19 att
573 565 25 14 en
622 558 97 22 häremot
741 558 102 21 svarande

88 599 80 14 summa
184 592 21 21 af
220 592 104 21 allmänna
340 592 142 21 statsfondens
498 592 117 21 inkomster
630 593 80 26 årligen
735 592 53 22 skall
811 591 32 22 till

89 626 149 21 militiefonden
254 627 69 21 såsom
339 626 142 27 förstärkning
497 627 22 20 af
533 627 69 21 denna
617 627 61 21 fonds
690 626 104 22 ordinarie
802 626 40 21 till-

88 661 79 26 gångar
188 660 134 24 öfverföras'',
344 661 110 20 hvaremot
481 661 180 26 Borgareståndet
684 661 160 21 omformulerat

88 694 244 27 Bevillningsutskottets
353 695 140 27 nyssnämnda
514 695 126 21 hemställan
657 695 87 26 därhän,
761 696 31 20 att
808 696 35 19 än-

88 729 65 26 sagda
168 728 126 27 öfverföring
309 729 67 20 skulle
391 729 36 21 ske
443 729 32 20 till
491 729 214 26 bevillningsmedlen.

156 763 154 26 Ridderskapet
319 763 39 21 och
367 763 67 21 Adeln
447 765 54 19 samt
509 763 160 22 Presteståndet
685 763 61 22 hafva
761 763 81 22 således

89 797 100 22 anmodat
203 797 110 22 Utskottet
328 799 32 19 att
375 799 94 25 uppgöra
480 797 78 26 förslag
566 797 31 21 till
606 797 129 27 underdånig
744 797 98 22 hemstäl-

89 831 34 21 lan
139 831 108 27 angående
262 831 146 21 förstärkande
425 831 22 21 af
460 831 164 21 militiefondens
640 832 104 21 ordinarie
760 832 85 25 tillgån-

90 872 42 21 gar,
157 865 38 22 och
218 865 60 22 äfven
300 866 159 21 Bondeståndet
483 866 37 21 har
536 872 75 21 genom
628 867 118 26 antagande
762 865 20 22 af
796 872 49 21 nyss

90 900 87 21 anförda
199 900 207 27 resolutionsförslag
428 901 7 20 i
456 900 246 27 Bevillningsutskottets
718 900 126 21 hemställan

90 934 52 21 visat
157 934 31 27 sig
204 934 55 27 hylla
275 934 40 21 den
330 934 55 27 åsigt
400 935 32 20 att
447 940 40 21 nya
508 934 106 21 ordinarie
638 934 116 21 inkomster
778 934 66 21 borde

90 968 150 22 militiefonden
256 968 94 21 tillföras.

158 1003 40 21 Vid
219 1003 129 26 landtdagen
372 1003 118 26 1877—78,
511 1003 27 20 dä
554 1002 36 21 det
605 1008 75 21 genom
696 1003 24 21 V.
737 1003 22 20 L.
778 1003 10 26 $
805 1003 39 20 122

89 1036 43 22 blef
146 1037 104 26 stadgadt,
267 1038 31 20 att
313 1037 142 21 kostnaderna
471 1036 31 22 för
518 1038 126 25 truppernas
660 1037 120 26 utrustning
806 1036 38 21 och

90 1071 110 22 underhåll
216 1071 48 27 utgå
280 1071 22 21 af
316 1071 105 21 allmänna
436 1070 164 22 militiefondens
622 1071 117 26 disponibla
762 1071 82 26 tillgän-

90 1112 43 21 gar,
160 1105 38 22 och
224 1107 37 24 att,
290 1122 4 9 ,
296 1105 62 26 hvad
374 1105 120 21 därutöfver
510 1105 112 25 erfordras,
638 1105 100 22 betäckes
756 1105 48 21 med
820 1105 25 20 de

90 1139 74 27 medel,
180 1146 45 15 som
241 1139 31 22 för
288 1139 122 22 ändamålet
424 1139 68 21 blifvit
508 1139 20 21 af
544 1139 117 21 Ständerna
677 1139 119 26 anvisade",
809 1139 35 21 be-

90 1174 104 21 räknades
210 1174 35 21 det
260 1173 89 22 sälunda
364 1173 105 27 behöfliga
484 1173 116 21 tillskottet
615 1173 31 21 till
663 1174 112 25 1,200,000
787 1173 59 21 mark

90 1214 34 16 om
148 1209 47 20 året
219 1208 67 21 under
309 1207 169 28 finansperioden
504 1209 54 20 1878
572 1219 8 3 —
581 1208 69 26 1882,
667 1207 34 22 vid
716 1207 130 26 landtdagen

90 1242 129 22 sistnämnda
244 1243 24 20 år
290 1241 31 22 till
345 1242 113 26 3,124,630
474 1241 68 25 mark,
558 1241 34 21 vid
607 1241 128 27 landtdagen
750 1242 24 21 är
792 1241 52 21 1885

91 1276 32 21 till
138 1277 112 25 2,909,949
267 1276 60 21 mark
343 1276 39 21 och
399 1275 33 22 vid
448 1276 154 20 ständermötet
620 1275 53 21 1888
689 1274 31 22 till
733 1275 113 26 3,543,548

90 1310 66 22 mark.
186 1310 40 21 Vid
242 1310 142 22 innevarande
399 1310 101 26 landtdag
516 1310 39 21 har
570 1316 80 15 samma
665 1309 91 22 tillskott
774 1308 72 28 kalky-

89 1345 64 21 lerats
168 1344 32 21 till
219 1344 3 21 i
238 1344 98 22 medeltal
351 1345 113 26 4,504,605
481 1344 60 21 mark
557 1344 66 21 under
638 1344 51 21 åren
706 1344 118 21 1892—94.

158 1379 146 26 Anledningen
327 1378 71 21 därtill
424 1379 32 20 att
471 1378 37 21 det
523 1378 28 27 pä
566 1377 110 27 anvisning
691 1377 22 21 af
727 1377 119 22 Ständerna

90 1412 106 22 beroende
211 1412 76 27 belopp
300 1412 90 22 sälunda
405 1412 54 21 varit
474 1412 6 20 i
496 1413 75 20 nästan
588 1411 112 22 oafbruten
715 1411 82 22 tillväxt
808 1410 39 22 och

90 1453 87 15 numera
202 1447 90 26 uppnätt
316 1452 27 15 en
371 1446 34 21 vid
430 1445 155 28 värnepligtens
601 1445 109 22 införande
726 1444 121 23 oberäknad

164 1485 76 23 Bihang
253 1485 29 18 till
296 1485 154 18 Statsutskottets
462 1485 118 18 betänkande
592 1487 37 15 N:o
642 1485 31 17 12.
