<?xml version="1.0" encoding="UTF-8"?>
<alto xmlns="http://www.loc.gov/standards/alto/ns-v3#" xmlns:xlink="http://www.w3.org/1999/xlink" xmlns:xsi="http://www.w3.org/2001/XMLSchema-instance" xsi:schemaLocation="http://www.loc.gov/standards/alto/ns-v3# http://www.loc.gov/alto/v3/alto-3-0.xsd">
	<Description>
		<MeasurementUnit>pixel</MeasurementUnit>
		<sourceImageInformation>
			<fileName>/tmp/tess_575j3g4m_input.PNG</fileName>
		</sourceImageInformation>
		<OCRProcessing ID="OCR_0">
			<ocrProcessingStep>
				<processingSoftware>
					<softwareName>tesseract 5.3.4</softwareName>
				</processingSoftware>
			</ocrProcessingStep>
		</OCRProcessing>
	</Description>
	<Layout>
		<Page WIDTH="1061" HEIGHT="1706" PHYSICAL_IMG_NR="0" ID="page_0">
			<PrintSpace HPOS="0" VPOS="0" WIDTH="1061" HEIGHT="1706">
				<ComposedBlock ID="cblock_0" HPOS="318" VPOS="156" WIDTH="508" HEIGHT="28">
					<TextBlock ID="block_0" HPOS="318" VPOS="156" WIDTH="508" HEIGHT="28">
						<TextLine ID="line_0" HPOS="318" VPOS="156" WIDTH="508" HEIGHT="28">
							<String ID="string_0" HPOS="318" VPOS="156" WIDTH="28" HEIGHT="22" WC="0.89" CONTENT="U."/><SP WIDTH="16" VPOS="156" HPOS="346"/>
							<String ID="string_1" HPOS="362" VPOS="157" WIDTH="27" HEIGHT="21" WC="0.92" CONTENT="B."/><SP WIDTH="18" VPOS="157" HPOS="389"/>
							<String ID="string_2" HPOS="407" VPOS="170" WIDTH="27" HEIGHT="2" WC="0.89" CONTENT="—"/><SP WIDTH="16" VPOS="170" HPOS="434"/>
							<String ID="string_3" HPOS="450" VPOS="156" WIDTH="74" HEIGHT="28" WC="0.94" CONTENT="Prop."/><SP WIDTH="15" VPOS="156" HPOS="524"/>
							<String ID="string_4" HPOS="539" VPOS="156" WIDTH="45" HEIGHT="22" WC="0.93" CONTENT="N:o"/><SP WIDTH="16" VPOS="156" HPOS="584"/>
							<String ID="string_5" HPOS="600" VPOS="156" WIDTH="38" HEIGHT="23" WC="0.96" CONTENT="23."/><SP WIDTH="161" VPOS="156" HPOS="638"/>
							<String ID="string_6" HPOS="799" VPOS="157" WIDTH="27" HEIGHT="21" WC="0.96" CONTENT="43"/>
						</TextLine>
					</TextBlock>
				</ComposedBlock>
				<ComposedBlock ID="cblock_1" HPOS="99" VPOS="219" WIDTH="757" HEIGHT="300">
					<TextBlock ID="block_1" HPOS="99" VPOS="219" WIDTH="757" HEIGHT="300">
						<TextLine ID="line_1" HPOS="99" VPOS="219" WIDTH="757" HEIGHT="27">
							<String ID="string_7" HPOS="99" VPOS="219" WIDTH="72" HEIGHT="21" WC="0.96" CONTENT="dande"/><SP WIDTH="16" VPOS="219" HPOS="171"/>
							<String ID="string_8" HPOS="187" VPOS="220" WIDTH="6" HEIGHT="20" WC="0.96" CONTENT="i"/><SP WIDTH="15" VPOS="220" HPOS="193"/>
							<String ID="string_9" HPOS="208" VPOS="219" WIDTH="99" HEIGHT="27" WC="0.95" CONTENT="gällande"/><SP WIDTH="22" VPOS="219" HPOS="307"/>
							<String ID="string_10" HPOS="329" VPOS="220" WIDTH="62" HEIGHT="24" WC="0.96" CONTENT="kraft,"/><SP WIDTH="25" VPOS="220" HPOS="391"/>
							<String ID="string_11" HPOS="416" VPOS="220" WIDTH="56" HEIGHT="20" WC="0.96" CONTENT="helst"/><SP WIDTH="23" VPOS="220" HPOS="472"/>
							<String ID="string_12" HPOS="495" VPOS="220" WIDTH="54" HEIGHT="20" WC="0.96" CONTENT="efter"/><SP WIDTH="24" VPOS="220" HPOS="549"/>
							<String ID="string_13" HPOS="573" VPOS="220" WIDTH="69" HEIGHT="20" WC="0.96" CONTENT="denna"/><SP WIDTH="23" VPOS="220" HPOS="642"/>
							<String ID="string_14" HPOS="665" VPOS="220" WIDTH="47" HEIGHT="26" WC="0.96" CONTENT="lags"/><SP WIDTH="15" VPOS="220" HPOS="712"/>
							<String ID="string_15" HPOS="727" VPOS="220" WIDTH="129" HEIGHT="20" WC="0.96" CONTENT="utfärdande"/>
						</TextLine>
						<TextLine ID="line_2" HPOS="99" VPOS="254" WIDTH="757" HEIGHT="26">
							<String ID="string_16" HPOS="99" VPOS="254" WIDTH="68" HEIGHT="26" WC="0.96" CONTENT="något"/><SP WIDTH="15" VPOS="254" HPOS="167"/>
							<String ID="string_17" HPOS="182" VPOS="254" WIDTH="56" HEIGHT="20" WC="0.93" CONTENT="förut"/><SP WIDTH="16" VPOS="254" HPOS="238"/>
							<String ID="string_18" HPOS="254" VPOS="254" WIDTH="81" HEIGHT="20" WC="0.92" CONTENT="okändt"/><SP WIDTH="15" VPOS="254" HPOS="335"/>
							<String ID="string_19" HPOS="350" VPOS="254" WIDTH="180" HEIGHT="24" WC="0.95" CONTENT="sakförhållande,"/><SP WIDTH="21" VPOS="254" HPOS="530"/>
							<String ID="string_20" HPOS="551" VPOS="260" WIDTH="48" HEIGHT="14" WC="0.96" CONTENT="som"/><SP WIDTH="22" VPOS="260" HPOS="599"/>
							<String ID="string_21" HPOS="621" VPOS="254" WIDTH="68" HEIGHT="20" WC="0.93" CONTENT="skulle"/><SP WIDTH="21" VPOS="254" HPOS="689"/>
							<String ID="string_22" HPOS="710" VPOS="254" WIDTH="146" HEIGHT="26" WC="0.91" CONTENT="omöjliggjort"/>
						</TextLine>
						<TextLine ID="line_3" HPOS="101" VPOS="287" WIDTH="755" HEIGHT="27">
							<String ID="string_23" HPOS="101" VPOS="288" WIDTH="51" HEIGHT="19" WC="0.96" CONTENT="dess"/><SP WIDTH="22" VPOS="288" HPOS="152"/>
							<String ID="string_24" HPOS="174" VPOS="287" WIDTH="140" HEIGHT="27" WC="0.96" CONTENT="tillämpning,"/><SP WIDTH="23" VPOS="287" HPOS="314"/>
							<String ID="string_25" HPOS="337" VPOS="288" WIDTH="47" HEIGHT="20" WC="0.86" CONTENT="icke"/><SP WIDTH="24" VPOS="288" HPOS="384"/>
							<String ID="string_26" HPOS="408" VPOS="288" WIDTH="94" HEIGHT="20" WC="0.86" CONTENT="inträftat"/><SP WIDTH="24" VPOS="288" HPOS="502"/>
							<String ID="string_27" HPOS="526" VPOS="288" WIDTH="42" HEIGHT="20" WC="0.96" CONTENT="och"/><SP WIDTH="22" VPOS="288" HPOS="568"/>
							<String ID="string_28" HPOS="590" VPOS="288" WIDTH="60" HEIGHT="20" WC="0.96" CONTENT="tiden"/><SP WIDTH="20" VPOS="288" HPOS="650"/>
							<String ID="string_29" HPOS="670" VPOS="288" WIDTH="33" HEIGHT="20" WC="0.93" CONTENT="för"/><SP WIDTH="21" VPOS="288" HPOS="703"/>
							<String ID="string_30" HPOS="724" VPOS="288" WIDTH="132" HEIGHT="20" WC="0.92" CONTENT="Ständernas"/>
						</TextLine>
						<TextLine ID="line_4" HPOS="99" VPOS="321" WIDTH="757" HEIGHT="27">
							<String ID="string_31" HPOS="99" VPOS="322" WIDTH="203" HEIGHT="20" WC="0.91" CONTENT="sammanträdande"/><SP WIDTH="22" VPOS="322" HPOS="302"/>
							<String ID="string_32" HPOS="324" VPOS="328" WIDTH="37" HEIGHT="14" WC="0.96" CONTENT="var"/><SP WIDTH="15" VPOS="328" HPOS="361"/>
							<String ID="string_33" HPOS="376" VPOS="322" WIDTH="52" HEIGHT="20" WC="0.96" CONTENT="nära"/><SP WIDTH="15" VPOS="322" HPOS="428"/>
							<String ID="string_34" HPOS="443" VPOS="321" WIDTH="143" HEIGHT="21" WC="0.93" CONTENT="förestående."/><SP WIDTH="30" VPOS="321" HPOS="586"/>
							<String ID="string_35" HPOS="616" VPOS="322" WIDTH="156" HEIGHT="26" WC="0.89" CONTENT="Lagutskottet"/><SP WIDTH="15" VPOS="322" HPOS="772"/>
							<String ID="string_36" HPOS="787" VPOS="322" WIDTH="69" HEIGHT="20" WC="0.95" CONTENT="måste"/>
						</TextLine>
						<TextLine ID="line_5" HPOS="101" VPOS="355" WIDTH="755" HEIGHT="27">
							<String ID="string_37" HPOS="101" VPOS="355" WIDTH="137" HEIGHT="25" WC="0.89" CONTENT="fördenskull,"/><SP WIDTH="26" VPOS="355" HPOS="238"/>
							<String ID="string_38" HPOS="264" VPOS="356" WIDTH="28" HEIGHT="26" WC="0.96" CONTENT="på"/><SP WIDTH="20" VPOS="356" HPOS="292"/>
							<String ID="string_39" HPOS="312" VPOS="356" WIDTH="67" HEIGHT="26" WC="0.96" CONTENT="grund"/><SP WIDTH="20" VPOS="356" HPOS="379"/>
							<String ID="string_40" HPOS="399" VPOS="356" WIDTH="25" HEIGHT="20" WC="0.96" CONTENT="af"/><SP WIDTH="12" VPOS="356" HPOS="424"/>
							<String ID="string_41" HPOS="436" VPOS="356" WIDTH="38" HEIGHT="20" WC="0.96" CONTENT="det"/><SP WIDTH="16" VPOS="356" HPOS="474"/>
							<String ID="string_42" HPOS="490" VPOS="356" WIDTH="63" HEIGHT="20" WC="0.96" CONTENT="ofvan"/><SP WIDTH="16" VPOS="356" HPOS="553"/>
							<String ID="string_43" HPOS="569" VPOS="356" WIDTH="75" HEIGHT="26" WC="0.96" CONTENT="sagda,"/><SP WIDTH="17" VPOS="356" HPOS="644"/>
							<String ID="string_44" HPOS="661" VPOS="356" WIDTH="66" HEIGHT="20" WC="0.96" CONTENT="uttala"/><SP WIDTH="17" VPOS="356" HPOS="727"/>
							<String ID="string_45" HPOS="744" VPOS="356" WIDTH="41" HEIGHT="20" WC="0.93" CONTENT="den"/><SP WIDTH="16" VPOS="356" HPOS="785"/>
							<String ID="string_46" HPOS="801" VPOS="363" WIDTH="55" HEIGHT="19" WC="0.91" CONTENT="upp-"/>
						</TextLine>
						<TextLine ID="line_6" HPOS="100" VPOS="388" WIDTH="756" HEIGHT="28">
							<String ID="string_47" HPOS="100" VPOS="388" WIDTH="98" HEIGHT="28" WC="0.96" CONTENT="fattning,"/><SP WIDTH="17" VPOS="388" HPOS="198"/>
							<String ID="string_48" HPOS="215" VPOS="396" WIDTH="47" HEIGHT="14" WC="0.96" CONTENT="som"/><SP WIDTH="15" VPOS="396" HPOS="262"/>
							<String ID="string_49" HPOS="277" VPOS="393" WIDTH="50" HEIGHT="17" WC="0.92" CONTENT="utan"/><SP WIDTH="17" VPOS="393" HPOS="327"/>
							<String ID="string_50" HPOS="344" VPOS="389" WIDTH="76" HEIGHT="21" WC="0.92" CONTENT="tvifvel"/><SP WIDTH="18" VPOS="389" HPOS="420"/>
							<String ID="string_51" HPOS="438" VPOS="390" WIDTH="64" HEIGHT="20" WC="0.96" CONTENT="äfven"/><SP WIDTH="22" VPOS="390" HPOS="502"/>
							<String ID="string_52" HPOS="524" VPOS="390" WIDTH="102" HEIGHT="20" WC="0.96" CONTENT="omfattas"/><SP WIDTH="20" VPOS="390" HPOS="626"/>
							<String ID="string_53" HPOS="646" VPOS="390" WIDTH="25" HEIGHT="20" WC="0.96" CONTENT="af"/><SP WIDTH="20" VPOS="390" HPOS="671"/>
							<String ID="string_54" HPOS="691" VPOS="390" WIDTH="37" HEIGHT="20" WC="0.96" CONTENT="det"/><SP WIDTH="22" VPOS="390" HPOS="728"/>
							<String ID="string_55" HPOS="750" VPOS="390" WIDTH="106" HEIGHT="20" WC="0.96" CONTENT="allmänna"/>
						</TextLine>
						<TextLine ID="line_7" HPOS="100" VPOS="423" WIDTH="755" HEIGHT="28">
							<String ID="string_56" HPOS="100" VPOS="423" WIDTH="210" HEIGHT="22" WC="0.92" CONTENT="rättsmedvetandet"/><SP WIDTH="22" VPOS="423" HPOS="310"/>
							<String ID="string_57" HPOS="332" VPOS="425" WIDTH="6" HEIGHT="19" WC="0.96" CONTENT="i"/><SP WIDTH="22" VPOS="425" HPOS="338"/>
							<String ID="string_58" HPOS="360" VPOS="424" WIDTH="79" HEIGHT="24" WC="0.96" CONTENT="landet,"/><SP WIDTH="25" VPOS="424" HPOS="439"/>
							<String ID="string_59" HPOS="464" VPOS="427" WIDTH="31" HEIGHT="18" WC="0.97" CONTENT="att"/><SP WIDTH="30" VPOS="427" HPOS="495"/>
							<String ID="string_60" HPOS="525" VPOS="424" WIDTH="162" HEIGHT="27" WC="0.96" CONTENT="ifrågavarande"/><SP WIDTH="23" VPOS="424" HPOS="687"/>
							<String ID="string_61" HPOS="710" VPOS="425" WIDTH="78" HEIGHT="26" WC="0.93" CONTENT="nådiga"/><SP WIDTH="23" VPOS="425" HPOS="788"/>
							<String ID="string_62" HPOS="811" VPOS="430" WIDTH="44" HEIGHT="14" WC="0.92" CONTENT="ma-"/>
						</TextLine>
						<TextLine ID="line_8" HPOS="102" VPOS="458" WIDTH="752" HEIGHT="25">
							<String ID="string_63" HPOS="102" VPOS="458" WIDTH="70" HEIGHT="25" WC="0.92" CONTENT="nifest,"/><SP WIDTH="21" VPOS="458" HPOS="172"/>
							<String ID="string_64" HPOS="193" VPOS="458" WIDTH="50" HEIGHT="20" WC="0.96" CONTENT="enär"/><SP WIDTH="23" VPOS="458" HPOS="243"/>
							<String ID="string_65" HPOS="266" VPOS="458" WIDTH="36" HEIGHT="21" WC="0.96" CONTENT="det"/><SP WIDTH="22" VPOS="458" HPOS="302"/>
							<String ID="string_66" HPOS="324" VPOS="458" WIDTH="122" HEIGHT="21" WC="0.96" CONTENT="tillkommit"/><SP WIDTH="29" VPOS="458" HPOS="446"/>
							<String ID="string_67" HPOS="475" VPOS="462" WIDTH="51" HEIGHT="17" WC="0.93" CONTENT="utan"/><SP WIDTH="29" VPOS="462" HPOS="526"/>
							<String ID="string_68" HPOS="555" VPOS="458" WIDTH="132" HEIGHT="21" WC="0.91" CONTENT="Ständernas"/><SP WIDTH="30" VPOS="458" HPOS="687"/>
							<String ID="string_69" HPOS="717" VPOS="459" WIDTH="137" HEIGHT="23" WC="0.95" CONTENT="medverkan,"/>
						</TextLine>
						<TextLine ID="line_9" HPOS="102" VPOS="491" WIDTH="692" HEIGHT="28">
							<String ID="string_70" HPOS="102" VPOS="491" WIDTH="48" HEIGHT="21" WC="0.96" CONTENT="icke"/><SP WIDTH="15" VPOS="491" HPOS="150"/>
							<String ID="string_71" HPOS="165" VPOS="493" WIDTH="44" HEIGHT="20" WC="0.96" CONTENT="står"/><SP WIDTH="15" VPOS="493" HPOS="209"/>
							<String ID="string_72" HPOS="224" VPOS="494" WIDTH="6" HEIGHT="19" WC="0.93" CONTENT="i"/><SP WIDTH="16" VPOS="494" HPOS="230"/>
							<String ID="string_73" HPOS="246" VPOS="492" WIDTH="226" HEIGHT="21" WC="0.91" CONTENT="öfverensstämmelse"/><SP WIDTH="14" VPOS="492" HPOS="472"/>
							<String ID="string_74" HPOS="486" VPOS="493" WIDTH="50" HEIGHT="20" WC="0.96" CONTENT="med"/><SP WIDTH="19" VPOS="493" HPOS="536"/>
							<String ID="string_75" HPOS="555" VPOS="492" WIDTH="84" HEIGHT="21" WC="0.96" CONTENT="landets"/><SP WIDTH="20" VPOS="492" HPOS="639"/>
							<String ID="string_76" HPOS="659" VPOS="493" WIDTH="135" HEIGHT="26" WC="0.96" CONTENT="grundlagar."/>
						</TextLine>
					</TextBlock>
				</ComposedBlock>
				<ComposedBlock ID="cblock_2" HPOS="101" VPOS="543" WIDTH="758" HEIGHT="506">
					<TextBlock ID="block_2" HPOS="101" VPOS="543" WIDTH="758" HEIGHT="506">
						<TextLine ID="line_10" HPOS="171" VPOS="543" WIDTH="685" HEIGHT="27">
							<String ID="string_77" HPOS="171" VPOS="543" WIDTH="34" HEIGHT="20" WC="0.95" CONTENT="Af"/><SP WIDTH="19" VPOS="543" HPOS="205"/>
							<String ID="string_78" HPOS="224" VPOS="544" WIDTH="26" HEIGHT="20" WC="0.95" CONTENT="de"/><SP WIDTH="19" VPOS="544" HPOS="250"/>
							<String ID="string_79" HPOS="269" VPOS="543" WIDTH="126" HEIGHT="27" WC="0.96" CONTENT="handlingar"/><SP WIDTH="16" VPOS="543" HPOS="395"/>
							<String ID="string_80" HPOS="411" VPOS="545" WIDTH="6" HEIGHT="19" WC="0.96" CONTENT="i"/><SP WIDTH="17" VPOS="545" HPOS="417"/>
							<String ID="string_81" HPOS="434" VPOS="544" WIDTH="96" HEIGHT="24" WC="0.95" CONTENT="ärendet,"/><SP WIDTH="16" VPOS="544" HPOS="530"/>
							<String ID="string_82" HPOS="546" VPOS="551" WIDTH="48" HEIGHT="13" WC="0.93" CONTENT="som"/><SP WIDTH="15" VPOS="551" HPOS="594"/>
							<String ID="string_83" HPOS="609" VPOS="543" WIDTH="109" HEIGHT="27" WC="0.92" CONTENT="delgifvits"/><SP WIDTH="15" VPOS="543" HPOS="718"/>
							<String ID="string_84" HPOS="733" VPOS="543" WIDTH="123" HEIGHT="25" WC="0.96" CONTENT="Utskottet,"/>
						</TextLine>
						<TextLine ID="line_11" HPOS="102" VPOS="577" WIDTH="754" HEIGHT="28">
							<String ID="string_85" HPOS="102" VPOS="577" WIDTH="93" HEIGHT="28" WC="0.96" CONTENT="framgår"/><SP WIDTH="16" VPOS="577" HPOS="195"/>
							<String ID="string_86" HPOS="211" VPOS="577" WIDTH="52" HEIGHT="26" WC="0.95" CONTENT="icke,"/><SP WIDTH="17" VPOS="577" HPOS="263"/>
							<String ID="string_87" HPOS="280" VPOS="579" WIDTH="33" HEIGHT="19" WC="0.96" CONTENT="att"/><SP WIDTH="23" VPOS="579" HPOS="313"/>
							<String ID="string_88" HPOS="336" VPOS="578" WIDTH="64" HEIGHT="20" WC="0.96" CONTENT="ofvan"/><SP WIDTH="25" VPOS="578" HPOS="400"/>
							<String ID="string_89" HPOS="425" VPOS="578" WIDTH="92" HEIGHT="20" WC="0.95" CONTENT="berörda"/><SP WIDTH="22" VPOS="578" HPOS="517"/>
							<String ID="string_90" HPOS="539" VPOS="578" WIDTH="98" HEIGHT="27" WC="0.96" CONTENT="rättsliga"/><SP WIDTH="22" VPOS="578" HPOS="637"/>
							<String ID="string_91" HPOS="659" VPOS="578" WIDTH="110" HEIGHT="27" WC="0.96" CONTENT="synpunkt"/><SP WIDTH="20" VPOS="578" HPOS="769"/>
							<String ID="string_92" HPOS="789" VPOS="577" WIDTH="67" HEIGHT="21" WC="0.96" CONTENT="skulle"/>
						</TextLine>
						<TextLine ID="line_12" HPOS="101" VPOS="611" WIDTH="755" HEIGHT="27">
							<String ID="string_93" HPOS="101" VPOS="611" WIDTH="66" HEIGHT="21" WC="0.96" CONTENT="hafva"/><SP WIDTH="21" VPOS="611" HPOS="167"/>
							<String ID="string_94" HPOS="188" VPOS="612" WIDTH="100" HEIGHT="21" WC="0.95" CONTENT="beaktats"/><SP WIDTH="16" VPOS="612" HPOS="288"/>
							<String ID="string_95" HPOS="304" VPOS="612" WIDTH="24" HEIGHT="20" WC="0.96" CONTENT="af"/><SP WIDTH="12" VPOS="612" HPOS="328"/>
							<String ID="string_96" HPOS="340" VPOS="612" WIDTH="41" HEIGHT="20" WC="0.96" CONTENT="den"/><SP WIDTH="16" VPOS="612" HPOS="381"/>
							<String ID="string_97" HPOS="397" VPOS="612" WIDTH="129" HEIGHT="25" WC="0.96" CONTENT="Konferens,"/><SP WIDTH="16" VPOS="612" HPOS="526"/>
							<String ID="string_98" HPOS="542" VPOS="619" WIDTH="48" HEIGHT="13" WC="0.96" CONTENT="som"/><SP WIDTH="15" VPOS="619" HPOS="590"/>
							<String ID="string_99" HPOS="605" VPOS="612" WIDTH="40" HEIGHT="20" WC="0.96" CONTENT="hos"/><SP WIDTH="16" VPOS="612" HPOS="645"/>
							<String ID="string_100" HPOS="661" VPOS="612" WIDTH="59" HEIGHT="20" WC="0.95" CONTENT="Hans"/><SP WIDTH="16" VPOS="612" HPOS="720"/>
							<String ID="string_101" HPOS="736" VPOS="612" WIDTH="120" HEIGHT="26" WC="0.95" CONTENT="Kejserliga"/>
						</TextLine>
						<TextLine ID="line_13" HPOS="103" VPOS="645" WIDTH="754" HEIGHT="28">
							<String ID="string_102" HPOS="103" VPOS="646" WIDTH="103" HEIGHT="26" WC="0.96" CONTENT="Majestät"/><SP WIDTH="15" VPOS="646" HPOS="206"/>
							<String ID="string_103" HPOS="221" VPOS="646" WIDTH="110" HEIGHT="27" WC="0.96" CONTENT="föreslagit"/><SP WIDTH="16" VPOS="646" HPOS="331"/>
							<String ID="string_104" HPOS="347" VPOS="647" WIDTH="70" HEIGHT="19" WC="0.96" CONTENT="denna"/><SP WIDTH="15" VPOS="647" HPOS="417"/>
							<String ID="string_105" HPOS="432" VPOS="646" WIDTH="84" HEIGHT="26" WC="0.95" CONTENT="åtgärd."/><SP WIDTH="31" VPOS="646" HPOS="516"/>
							<String ID="string_106" HPOS="547" VPOS="646" WIDTH="28" HEIGHT="21" WC="0.96" CONTENT="På"/><SP WIDTH="16" VPOS="646" HPOS="575"/>
							<String ID="string_107" HPOS="591" VPOS="646" WIDTH="68" HEIGHT="27" WC="0.95" CONTENT="grund"/><SP WIDTH="23" VPOS="646" HPOS="659"/>
							<String ID="string_108" HPOS="682" VPOS="646" WIDTH="64" HEIGHT="20" WC="0.96" CONTENT="häraf"/><SP WIDTH="18" VPOS="646" HPOS="746"/>
							<String ID="string_109" HPOS="764" VPOS="646" WIDTH="42" HEIGHT="20" WC="0.96" CONTENT="och"/><SP WIDTH="24" VPOS="646" HPOS="806"/>
							<String ID="string_110" HPOS="830" VPOS="645" WIDTH="27" HEIGHT="20" WC="0.96" CONTENT="då"/>
						</TextLine>
						<TextLine ID="line_14" HPOS="103" VPOS="680" WIDTH="752" HEIGHT="27">
							<String ID="string_111" HPOS="103" VPOS="680" WIDTH="115" HEIGHT="21" WC="0.96" CONTENT="Utskottet"/><SP WIDTH="15" VPOS="680" HPOS="218"/>
							<String ID="string_112" HPOS="233" VPOS="680" WIDTH="64" HEIGHT="26" WC="0.96" CONTENT="hyser"/><SP WIDTH="17" VPOS="680" HPOS="297"/>
							<String ID="string_113" HPOS="314" VPOS="681" WIDTH="41" HEIGHT="20" WC="0.96" CONTENT="den"/><SP WIDTH="15" VPOS="681" HPOS="355"/>
							<String ID="string_114" HPOS="370" VPOS="680" WIDTH="56" HEIGHT="21" WC="0.93" CONTENT="fasta"/><SP WIDTH="16" VPOS="680" HPOS="426"/>
							<String ID="string_115" HPOS="442" VPOS="680" WIDTH="166" HEIGHT="27" WC="0.91" CONTENT="öfvertygelsen,"/><SP WIDTH="17" VPOS="680" HPOS="608"/>
							<String ID="string_116" HPOS="625" VPOS="683" WIDTH="32" HEIGHT="18" WC="0.96" CONTENT="att"/><SP WIDTH="16" VPOS="683" HPOS="657"/>
							<String ID="string_117" HPOS="673" VPOS="680" WIDTH="58" HEIGHT="20" WC="0.96" CONTENT="Hans"/><SP WIDTH="16" VPOS="680" HPOS="731"/>
							<String ID="string_118" HPOS="747" VPOS="680" WIDTH="108" HEIGHT="26" WC="0.95" CONTENT="Majestät,"/>
						</TextLine>
						<TextLine ID="line_15" HPOS="103" VPOS="713" WIDTH="754" HEIGHT="28">
							<String ID="string_119" HPOS="103" VPOS="713" WIDTH="133" HEIGHT="28" WC="0.96" CONTENT="fullständigt"/><SP WIDTH="15" VPOS="713" HPOS="236"/>
							<String ID="string_120" HPOS="251" VPOS="714" WIDTH="89" HEIGHT="27" WC="0.96" CONTENT="upplyst"/><SP WIDTH="16" VPOS="714" HPOS="340"/>
							<String ID="string_121" HPOS="356" VPOS="721" WIDTH="35" HEIGHT="13" WC="0.96" CONTENT="om"/><SP WIDTH="16" VPOS="721" HPOS="391"/>
							<String ID="string_122" HPOS="407" VPOS="714" WIDTH="57" HEIGHT="20" WC="0.96" CONTENT="hvad"/><SP WIDTH="16" VPOS="714" HPOS="464"/>
							<String ID="string_123" HPOS="480" VPOS="714" WIDTH="84" HEIGHT="21" WC="0.96" CONTENT="landets"/><SP WIDTH="16" VPOS="714" HPOS="564"/>
							<String ID="string_124" HPOS="580" VPOS="714" WIDTH="129" HEIGHT="27" WC="0.96" CONTENT="grundlagar"/><SP WIDTH="15" VPOS="714" HPOS="709"/>
							<String ID="string_125" HPOS="724" VPOS="715" WIDTH="6" HEIGHT="19" WC="0.96" CONTENT="i"/><SP WIDTH="16" VPOS="715" HPOS="730"/>
							<String ID="string_126" HPOS="746" VPOS="714" WIDTH="60" HEIGHT="21" WC="0.93" CONTENT="detta"/><SP WIDTH="20" VPOS="714" HPOS="806"/>
							<String ID="string_127" HPOS="826" VPOS="713" WIDTH="31" HEIGHT="20" WC="0.91" CONTENT="af-"/>
						</TextLine>
						<TextLine ID="line_16" HPOS="103" VPOS="748" WIDTH="754" HEIGHT="27">
							<String ID="string_128" HPOS="103" VPOS="748" WIDTH="80" HEIGHT="21" WC="0.96" CONTENT="seende"/><SP WIDTH="23" VPOS="748" HPOS="183"/>
							<String ID="string_129" HPOS="206" VPOS="748" WIDTH="73" HEIGHT="25" WC="0.95" CONTENT="förmå,"/><SP WIDTH="23" VPOS="748" HPOS="279"/>
							<String ID="string_130" HPOS="302" VPOS="748" WIDTH="48" HEIGHT="21" WC="0.96" CONTENT="icke"/><SP WIDTH="19" VPOS="748" HPOS="350"/>
							<String ID="string_131" HPOS="369" VPOS="748" WIDTH="67" HEIGHT="21" WC="0.96" CONTENT="skulle"/><SP WIDTH="17" VPOS="748" HPOS="436"/>
							<String ID="string_132" HPOS="453" VPOS="748" WIDTH="64" HEIGHT="21" WC="0.93" CONTENT="hafva"/><SP WIDTH="15" VPOS="748" HPOS="517"/>
							<String ID="string_133" HPOS="532" VPOS="749" WIDTH="62" HEIGHT="26" WC="0.91" CONTENT="gifvit"/><SP WIDTH="16" VPOS="749" HPOS="594"/>
							<String ID="string_134" HPOS="610" VPOS="750" WIDTH="37" HEIGHT="19" WC="0.96" CONTENT="sitt"/><SP WIDTH="15" VPOS="750" HPOS="647"/>
							<String ID="string_135" HPOS="662" VPOS="748" WIDTH="57" HEIGHT="21" WC="0.96" CONTENT="bifall"/><SP WIDTH="15" VPOS="748" HPOS="719"/>
							<String ID="string_136" HPOS="734" VPOS="748" WIDTH="31" HEIGHT="21" WC="0.93" CONTENT="till"/><SP WIDTH="15" VPOS="748" HPOS="765"/>
							<String ID="string_137" HPOS="780" VPOS="748" WIDTH="77" HEIGHT="27" WC="0.90" CONTENT="ifråga-"/>
						</TextLine>
						<TextLine ID="line_17" HPOS="103" VPOS="782" WIDTH="755" HEIGHT="27">
							<String ID="string_138" HPOS="103" VPOS="783" WIDTH="94" HEIGHT="20" WC="0.96" CONTENT="varande"/><SP WIDTH="16" VPOS="783" HPOS="197"/>
							<String ID="string_139" HPOS="213" VPOS="783" WIDTH="82" HEIGHT="26" WC="0.96" CONTENT="åtgärd,"/><SP WIDTH="17" VPOS="783" HPOS="295"/>
							<String ID="string_140" HPOS="312" VPOS="783" WIDTH="85" HEIGHT="20" WC="0.96" CONTENT="hvilken"/><SP WIDTH="17" VPOS="783" HPOS="397"/>
							<String ID="string_141" HPOS="414" VPOS="783" WIDTH="66" HEIGHT="26" WC="0.96" CONTENT="enligt"/><SP WIDTH="16" VPOS="783" HPOS="480"/>
							<String ID="string_142" HPOS="496" VPOS="783" WIDTH="125" HEIGHT="20" WC="0.96" CONTENT="Utskottets"/><SP WIDTH="16" VPOS="783" HPOS="621"/>
							<String ID="string_143" HPOS="637" VPOS="783" WIDTH="65" HEIGHT="20" WC="0.96" CONTENT="tanke"/><SP WIDTH="18" VPOS="783" HPOS="702"/>
							<String ID="string_144" HPOS="720" VPOS="782" WIDTH="47" HEIGHT="21" WC="0.93" CONTENT="icke"/><SP WIDTH="21" VPOS="782" HPOS="767"/>
							<String ID="string_145" HPOS="788" VPOS="782" WIDTH="70" HEIGHT="21" WC="0.92" CONTENT="öfver-"/>
						</TextLine>
						<TextLine ID="line_18" HPOS="103" VPOS="816" WIDTH="754" HEIGHT="28">
							<String ID="string_146" HPOS="103" VPOS="817" WIDTH="141" HEIGHT="20" WC="0.92" CONTENT="ensstämmer"/><SP WIDTH="26" VPOS="817" HPOS="244"/>
							<String ID="string_147" HPOS="270" VPOS="817" WIDTH="51" HEIGHT="20" WC="0.95" CONTENT="med"/><SP WIDTH="27" VPOS="817" HPOS="321"/>
							<String ID="string_148" HPOS="348" VPOS="817" WIDTH="27" HEIGHT="20" WC="0.95" CONTENT="de"/><SP WIDTH="31" VPOS="817" HPOS="375"/>
							<String ID="string_149" HPOS="406" VPOS="817" WIDTH="48" HEIGHT="20" WC="0.93" CONTENT="ädla"/><SP WIDTH="28" VPOS="817" HPOS="454"/>
							<String ID="string_150" HPOS="482" VPOS="817" WIDTH="88" HEIGHT="27" WC="0.87" CONTENT="afsigter"/><SP WIDTH="27" VPOS="817" HPOS="570"/>
							<String ID="string_151" HPOS="597" VPOS="824" WIDTH="36" HEIGHT="13" WC="0.96" CONTENT="om"/><SP WIDTH="24" VPOS="824" HPOS="633"/>
							<String ID="string_152" HPOS="657" VPOS="816" WIDTH="200" HEIGHT="27" WC="0.94" CONTENT="upprätthållandet"/>
						</TextLine>
						<TextLine ID="line_19" HPOS="103" VPOS="850" WIDTH="755" HEIGHT="27">
							<String ID="string_153" HPOS="103" VPOS="851" WIDTH="25" HEIGHT="20" WC="0.96" CONTENT="af"/><SP WIDTH="18" VPOS="851" HPOS="128"/>
							<String ID="string_154" HPOS="146" VPOS="851" WIDTH="51" HEIGHT="20" WC="0.96" CONTENT="våra"/><SP WIDTH="23" VPOS="851" HPOS="197"/>
							<String ID="string_155" HPOS="220" VPOS="851" WIDTH="134" HEIGHT="26" WC="0.96" CONTENT="grundlagar,"/><SP WIDTH="21" VPOS="851" HPOS="354"/>
							<String ID="string_156" HPOS="375" VPOS="857" WIDTH="47" HEIGHT="14" WC="0.95" CONTENT="som"/><SP WIDTH="25" VPOS="857" HPOS="422"/>
							<String ID="string_157" HPOS="447" VPOS="851" WIDTH="61" HEIGHT="20" WC="0.95" CONTENT="Hans"/><SP WIDTH="22" VPOS="851" HPOS="508"/>
							<String ID="string_158" HPOS="530" VPOS="851" WIDTH="101" HEIGHT="26" WC="0.93" CONTENT="Majestät"/><SP WIDTH="22" VPOS="851" HPOS="631"/>
							<String ID="string_159" HPOS="653" VPOS="851" WIDTH="60" HEIGHT="20" WC="0.96" CONTENT="såväl"/><SP WIDTH="18" VPOS="851" HPOS="713"/>
							<String ID="string_160" HPOS="731" VPOS="850" WIDTH="56" HEIGHT="21" WC="0.96" CONTENT="förut"/><SP WIDTH="23" VPOS="850" HPOS="787"/>
							<String ID="string_161" HPOS="810" VPOS="856" WIDTH="48" HEIGHT="14" WC="0.96" CONTENT="som"/>
						</TextLine>
						<TextLine ID="line_20" HPOS="103" VPOS="883" WIDTH="754" HEIGHT="29">
							<String ID="string_162" HPOS="103" VPOS="888" WIDTH="74" HEIGHT="17" WC="0.96" CONTENT="senast"/><SP WIDTH="15" VPOS="888" HPOS="177"/>
							<String ID="string_163" HPOS="192" VPOS="886" WIDTH="6" HEIGHT="19" WC="0.96" CONTENT="i"/><SP WIDTH="16" VPOS="886" HPOS="198"/>
							<String ID="string_164" HPOS="214" VPOS="885" WIDTH="36" HEIGHT="20" WC="0.96" CONTENT="det"/><SP WIDTH="16" VPOS="885" HPOS="250"/>
							<String ID="string_165" HPOS="266" VPOS="885" WIDTH="78" HEIGHT="27" WC="0.93" CONTENT="nådiga"/><SP WIDTH="16" VPOS="885" HPOS="344"/>
							<String ID="string_166" HPOS="360" VPOS="885" WIDTH="116" HEIGHT="26" WC="0.92" CONTENT="reskriptet"/><SP WIDTH="16" VPOS="885" HPOS="476"/>
							<String ID="string_167" HPOS="492" VPOS="885" WIDTH="24" HEIGHT="20" WC="0.96" CONTENT="af"/><SP WIDTH="17" VPOS="885" HPOS="516"/>
							<String ID="string_168" HPOS="533" VPOS="885" WIDTH="41" HEIGHT="20" WC="0.96" CONTENT="den"/><SP WIDTH="19" VPOS="885" HPOS="574"/>
							<String ID="string_169" HPOS="593" VPOS="891" WIDTH="23" HEIGHT="14" WC="0.96" CONTENT="12"/><SP WIDTH="16" VPOS="891" HPOS="616"/>
							<String ID="string_170" HPOS="632" VPOS="891" WIDTH="56" HEIGHT="14" WC="0.96" CONTENT="mars"/><SP WIDTH="16" VPOS="891" HPOS="688"/>
							<String ID="string_171" HPOS="704" VPOS="885" WIDTH="34" HEIGHT="26" WC="0.96" CONTENT="(28"/><SP WIDTH="20" VPOS="885" HPOS="738"/>
							<String ID="string_172" HPOS="758" VPOS="883" WIDTH="99" HEIGHT="28" WC="0.96" CONTENT="februari)"/>
						</TextLine>
						<TextLine ID="line_21" HPOS="103" VPOS="918" WIDTH="755" HEIGHT="28">
							<String ID="string_173" HPOS="103" VPOS="919" WIDTH="143" HEIGHT="20" WC="0.96" CONTENT="innevarande"/><SP WIDTH="11" VPOS="919" HPOS="246"/>
							<String ID="string_174" HPOS="257" VPOS="920" WIDTH="23" HEIGHT="19" WC="0.93" CONTENT="år"/><SP WIDTH="10" VPOS="920" HPOS="280"/>
							<String ID="string_175" HPOS="290" VPOS="919" WIDTH="95" HEIGHT="27" WC="0.91" CONTENT="behagat"/><SP WIDTH="10" VPOS="919" HPOS="385"/>
							<String ID="string_176" HPOS="395" VPOS="919" WIDTH="73" HEIGHT="24" WC="0.96" CONTENT="uttala,"/><SP WIDTH="12" VPOS="919" HPOS="468"/>
							<String ID="string_177" HPOS="480" VPOS="919" WIDTH="38" HEIGHT="20" WC="0.96" CONTENT="har"/><SP WIDTH="11" VPOS="919" HPOS="518"/>
							<String ID="string_178" HPOS="529" VPOS="919" WIDTH="114" HEIGHT="20" WC="0.96" CONTENT="Utskottet"/><SP WIDTH="12" VPOS="919" HPOS="643"/>
							<String ID="string_179" HPOS="655" VPOS="919" WIDTH="18" HEIGHT="26" WC="0.96" CONTENT="ej"/><SP WIDTH="11" VPOS="919" HPOS="673"/>
							<String ID="string_180" HPOS="684" VPOS="919" WIDTH="79" HEIGHT="20" WC="0.96" CONTENT="kunnat"/><SP WIDTH="8" VPOS="919" HPOS="763"/>
							<String ID="string_181" HPOS="771" VPOS="918" WIDTH="87" HEIGHT="21" WC="0.96" CONTENT="komma"/>
						</TextLine>
						<TextLine ID="line_22" HPOS="104" VPOS="952" WIDTH="754" HEIGHT="27">
							<String ID="string_182" HPOS="104" VPOS="953" WIDTH="31" HEIGHT="20" WC="0.96" CONTENT="till"/><SP WIDTH="15" VPOS="953" HPOS="135"/>
							<String ID="string_183" HPOS="150" VPOS="960" WIDTH="70" HEIGHT="13" WC="0.96" CONTENT="annan"/><SP WIDTH="15" VPOS="960" HPOS="220"/>
							<String ID="string_184" HPOS="235" VPOS="953" WIDTH="87" HEIGHT="21" WC="0.96" CONTENT="slutsats"/><SP WIDTH="16" VPOS="953" HPOS="322"/>
							<String ID="string_185" HPOS="338" VPOS="953" WIDTH="26" HEIGHT="20" WC="0.97" CONTENT="än"/><SP WIDTH="15" VPOS="953" HPOS="364"/>
							<String ID="string_186" HPOS="379" VPOS="957" WIDTH="33" HEIGHT="17" WC="0.96" CONTENT="att"/><SP WIDTH="16" VPOS="957" HPOS="412"/>
							<String ID="string_187" HPOS="428" VPOS="953" WIDTH="70" HEIGHT="20" WC="0.93" CONTENT="denna"/><SP WIDTH="15" VPOS="953" HPOS="498"/>
							<String ID="string_188" HPOS="513" VPOS="955" WIDTH="81" HEIGHT="24" WC="0.93" CONTENT="vigtiga"/><SP WIDTH="16" VPOS="955" HPOS="594"/>
							<String ID="string_189" HPOS="610" VPOS="953" WIDTH="110" HEIGHT="26" WC="0.96" CONTENT="synpunkt"/><SP WIDTH="22" VPOS="953" HPOS="720"/>
							<String ID="string_190" HPOS="742" VPOS="952" WIDTH="48" HEIGHT="21" WC="0.92" CONTENT="icke"/><SP WIDTH="22" VPOS="952" HPOS="790"/>
							<String ID="string_191" HPOS="812" VPOS="952" WIDTH="46" HEIGHT="20" WC="0.86" CONTENT="blif-"/>
						</TextLine>
						<TextLine ID="line_23" HPOS="105" VPOS="986" WIDTH="754" HEIGHT="27">
							<String ID="string_192" HPOS="105" VPOS="989" WIDTH="30" HEIGHT="18" WC="0.96" CONTENT="vit"/><SP WIDTH="15" VPOS="989" HPOS="135"/>
							<String ID="string_193" HPOS="150" VPOS="987" WIDTH="32" HEIGHT="20" WC="0.96" CONTENT="för"/><SP WIDTH="16" VPOS="987" HPOS="182"/>
							<String ID="string_194" HPOS="198" VPOS="987" WIDTH="59" HEIGHT="20" WC="0.96" CONTENT="Hans"/><SP WIDTH="16" VPOS="987" HPOS="257"/>
							<String ID="string_195" HPOS="273" VPOS="987" WIDTH="102" HEIGHT="26" WC="0.93" CONTENT="Majestät"/><SP WIDTH="12" VPOS="987" HPOS="375"/>
							<String ID="string_196" HPOS="387" VPOS="987" WIDTH="112" HEIGHT="21" WC="0.92" CONTENT="framstäld"/><SP WIDTH="16" VPOS="987" HPOS="499"/>
							<String ID="string_197" HPOS="515" VPOS="999" WIDTH="26" HEIGHT="3" WC="0.93" CONTENT="—"/><SP WIDTH="16" VPOS="999" HPOS="541"/>
							<String ID="string_198" HPOS="557" VPOS="991" WIDTH="32" HEIGHT="17" WC="0.96" CONTENT="ett"/><SP WIDTH="15" VPOS="991" HPOS="589"/>
							<String ID="string_199" HPOS="604" VPOS="987" WIDTH="137" HEIGHT="25" WC="0.96" CONTENT="förhållande,"/><SP WIDTH="17" VPOS="987" HPOS="741"/>
							<String ID="string_200" HPOS="758" VPOS="993" WIDTH="47" HEIGHT="14" WC="0.93" CONTENT="som"/><SP WIDTH="13" VPOS="993" HPOS="805"/>
							<String ID="string_201" HPOS="818" VPOS="986" WIDTH="41" HEIGHT="21" WC="0.90" CONTENT="Ut-"/>
						</TextLine>
						<TextLine ID="line_24" HPOS="103" VPOS="1021" WIDTH="561" HEIGHT="28">
							<String ID="string_202" HPOS="103" VPOS="1021" WIDTH="83" HEIGHT="21" WC="0.96" CONTENT="skottet"/><SP WIDTH="16" VPOS="1021" HPOS="186"/>
							<String ID="string_203" HPOS="202" VPOS="1022" WIDTH="76" HEIGHT="20" WC="0.96" CONTENT="endast"/><SP WIDTH="15" VPOS="1022" HPOS="278"/>
							<String ID="string_204" HPOS="293" VPOS="1021" WIDTH="41" HEIGHT="21" WC="0.96" CONTENT="kan"/><SP WIDTH="16" VPOS="1021" HPOS="334"/>
							<String ID="string_205" HPOS="350" VPOS="1023" WIDTH="28" HEIGHT="26" WC="0.96" CONTENT="på"/><SP WIDTH="15" VPOS="1023" HPOS="378"/>
							<String ID="string_206" HPOS="393" VPOS="1022" WIDTH="38" HEIGHT="20" WC="0.97" CONTENT="det"/><SP WIDTH="16" VPOS="1022" HPOS="431"/>
							<String ID="string_207" HPOS="447" VPOS="1022" WIDTH="100" HEIGHT="27" WC="0.96" CONTENT="djupaste"/><SP WIDTH="18" VPOS="1022" HPOS="547"/>
							<String ID="string_208" HPOS="565" VPOS="1021" WIDTH="99" HEIGHT="27" WC="0.96" CONTENT="beklaga."/>
						</TextLine>
					</TextBlock>
				</ComposedBlock>
				<ComposedBlock ID="cblock_3" HPOS="104" VPOS="1071" WIDTH="758" HEIGHT="442">
					<TextBlock ID="block_3" HPOS="104" VPOS="1071" WIDTH="758" HEIGHT="402">
						<TextLine ID="line_25" HPOS="173" VPOS="1071" WIDTH="689" HEIGHT="29">
							<String ID="string_209" HPOS="173" VPOS="1073" WIDTH="46" HEIGHT="20" WC="0.96" CONTENT="Hos"/><SP WIDTH="23" VPOS="1073" HPOS="219"/>
							<String ID="string_210" HPOS="242" VPOS="1073" WIDTH="48" HEIGHT="20" WC="0.96" CONTENT="vårt"/><SP WIDTH="18" VPOS="1073" HPOS="290"/>
							<String ID="string_211" HPOS="308" VPOS="1073" WIDTH="44" HEIGHT="20" WC="0.96" CONTENT="folk"/><SP WIDTH="15" VPOS="1073" HPOS="352"/>
							<String ID="string_212" HPOS="367" VPOS="1073" WIDTH="39" HEIGHT="20" WC="0.96" CONTENT="har"/><SP WIDTH="15" VPOS="1073" HPOS="406"/>
							<String ID="string_213" HPOS="421" VPOS="1073" WIDTH="90" HEIGHT="27" WC="0.96" CONTENT="aktning"/><SP WIDTH="15" VPOS="1073" HPOS="511"/>
							<String ID="string_214" HPOS="526" VPOS="1073" WIDTH="32" HEIGHT="20" WC="0.96" CONTENT="för"/><SP WIDTH="15" VPOS="1073" HPOS="558"/>
							<String ID="string_215" HPOS="573" VPOS="1073" WIDTH="36" HEIGHT="26" WC="0.96" CONTENT="lag"/><SP WIDTH="15" VPOS="1073" HPOS="609"/>
							<String ID="string_216" HPOS="624" VPOS="1073" WIDTH="41" HEIGHT="20" WC="0.97" CONTENT="och"/><SP WIDTH="16" VPOS="1073" HPOS="665"/>
							<String ID="string_217" HPOS="681" VPOS="1073" WIDTH="33" HEIGHT="20" WC="0.93" CONTENT="för"/><SP WIDTH="14" VPOS="1073" HPOS="714"/>
							<String ID="string_218" HPOS="728" VPOS="1073" WIDTH="94" HEIGHT="26" WC="0.91" CONTENT="hälgden"/><SP WIDTH="16" VPOS="1073" HPOS="822"/>
							<String ID="string_219" HPOS="838" VPOS="1071" WIDTH="24" HEIGHT="21" WC="0.95" CONTENT="af"/>
						</TextLine>
						<TextLine ID="line_26" HPOS="104" VPOS="1106" WIDTH="755" HEIGHT="28">
							<String ID="string_220" HPOS="104" VPOS="1107" WIDTH="137" HEIGHT="20" WC="0.92" CONTENT="herrskarens"/><SP WIDTH="23" VPOS="1107" HPOS="241"/>
							<String ID="string_221" HPOS="264" VPOS="1107" WIDTH="40" HEIGHT="20" WC="0.96" CONTENT="ord"/><SP WIDTH="22" VPOS="1107" HPOS="304"/>
							<String ID="string_222" HPOS="326" VPOS="1107" WIDTH="25" HEIGHT="20" WC="0.96" CONTENT="af"/><SP WIDTH="11" VPOS="1107" HPOS="351"/>
							<String ID="string_223" HPOS="362" VPOS="1107" WIDTH="59" HEIGHT="21" WC="0.96" CONTENT="ålder"/><SP WIDTH="15" VPOS="1107" HPOS="421"/>
							<String ID="string_224" HPOS="436" VPOS="1109" WIDTH="56" HEIGHT="18" WC="0.96" CONTENT="varit"/><SP WIDTH="15" VPOS="1109" HPOS="492"/>
							<String ID="string_225" HPOS="507" VPOS="1107" WIDTH="61" HEIGHT="27" WC="0.93" CONTENT="djupt"/><SP WIDTH="15" VPOS="1107" HPOS="568"/>
							<String ID="string_226" HPOS="583" VPOS="1107" WIDTH="84" HEIGHT="20" WC="0.92" CONTENT="rotfäst."/><SP WIDTH="30" VPOS="1107" HPOS="667"/>
							<String ID="string_227" HPOS="697" VPOS="1107" WIDTH="41" HEIGHT="20" WC="0.96" CONTENT="Att"/><SP WIDTH="16" VPOS="1107" HPOS="738"/>
							<String ID="string_228" HPOS="754" VPOS="1114" WIDTH="26" HEIGHT="13" WC="0.96" CONTENT="en"/><SP WIDTH="16" VPOS="1114" HPOS="780"/>
							<String ID="string_229" HPOS="796" VPOS="1106" WIDTH="63" HEIGHT="27" WC="0.96" CONTENT="länge"/>
						</TextLine>
						<TextLine ID="line_27" HPOS="105" VPOS="1140" WIDTH="755" HEIGHT="28">
							<String ID="string_230" HPOS="105" VPOS="1141" WIDTH="41" HEIGHT="20" WC="0.96" CONTENT="och"/><SP WIDTH="23" VPOS="1141" HPOS="146"/>
							<String ID="string_231" HPOS="169" VPOS="1141" WIDTH="146" HEIGHT="27" WC="0.96" CONTENT="omsorgsfullt"/><SP WIDTH="23" VPOS="1141" HPOS="315"/>
							<String ID="string_232" HPOS="338" VPOS="1141" WIDTH="115" HEIGHT="21" WC="0.96" CONTENT="förberedd"/><SP WIDTH="21" VPOS="1141" HPOS="453"/>
							<String ID="string_233" HPOS="474" VPOS="1146" WIDTH="56" HEIGHT="16" WC="0.96" CONTENT="samt"/><SP WIDTH="15" VPOS="1146" HPOS="530"/>
							<String ID="string_234" HPOS="545" VPOS="1141" WIDTH="67" HEIGHT="20" WC="0.96" CONTENT="under"/><SP WIDTH="15" VPOS="1141" HPOS="612"/>
							<String ID="string_235" HPOS="627" VPOS="1141" WIDTH="140" HEIGHT="27" WC="0.96" CONTENT="iakttagande"/><SP WIDTH="15" VPOS="1141" HPOS="767"/>
							<String ID="string_236" HPOS="782" VPOS="1141" WIDTH="24" HEIGHT="20" WC="0.96" CONTENT="af"/><SP WIDTH="13" VPOS="1141" HPOS="806"/>
							<String ID="string_237" HPOS="819" VPOS="1140" WIDTH="41" HEIGHT="20" WC="0.96" CONTENT="alla"/>
						</TextLine>
						<TextLine ID="line_28" HPOS="104" VPOS="1175" WIDTH="756" HEIGHT="27">
							<String ID="string_238" HPOS="104" VPOS="1175" WIDTH="78" HEIGHT="27" WC="0.96" CONTENT="lagliga"/><SP WIDTH="24" VPOS="1175" HPOS="182"/>
							<String ID="string_239" HPOS="206" VPOS="1175" WIDTH="78" HEIGHT="21" WC="0.95" CONTENT="former"/><SP WIDTH="23" VPOS="1175" HPOS="284"/>
							<String ID="string_240" HPOS="307" VPOS="1175" WIDTH="131" HEIGHT="21" WC="0.95" CONTENT="tillkommen"/><SP WIDTH="17" VPOS="1175" HPOS="438"/>
							<String ID="string_241" HPOS="455" VPOS="1175" WIDTH="36" HEIGHT="27" WC="0.96" CONTENT="lag"/><SP WIDTH="15" VPOS="1175" HPOS="491"/>
							<String ID="string_242" HPOS="506" VPOS="1175" WIDTH="24" HEIGHT="20" WC="0.96" CONTENT="af"/><SP WIDTH="12" VPOS="1175" HPOS="530"/>
							<String ID="string_243" HPOS="542" VPOS="1175" WIDTH="42" HEIGHT="20" WC="0.97" CONTENT="den"/><SP WIDTH="15" VPOS="1175" HPOS="584"/>
							<String ID="string_244" HPOS="599" VPOS="1175" WIDTH="129" HEIGHT="27" WC="0.96" CONTENT="omfattning"/><SP WIDTH="15" VPOS="1175" HPOS="728"/>
							<String ID="string_245" HPOS="743" VPOS="1175" WIDTH="42" HEIGHT="20" WC="0.93" CONTENT="och"/><SP WIDTH="13" VPOS="1175" HPOS="785"/>
							<String ID="string_246" HPOS="798" VPOS="1175" WIDTH="62" HEIGHT="26" WC="0.92" CONTENT="bety-"/>
						</TextLine>
						<TextLine ID="line_29" HPOS="105" VPOS="1209" WIDTH="755" HEIGHT="27">
							<String ID="string_247" HPOS="105" VPOS="1209" WIDTH="60" HEIGHT="20" WC="0.96" CONTENT="delse"/><SP WIDTH="9" VPOS="1209" HPOS="165"/>
							<String ID="string_248" HPOS="174" VPOS="1216" WIDTH="47" HEIGHT="13" WC="0.96" CONTENT="som"/><SP WIDTH="9" VPOS="1216" HPOS="221"/>
							<String ID="string_249" HPOS="230" VPOS="1209" WIDTH="41" HEIGHT="20" WC="0.96" CONTENT="den"/><SP WIDTH="8" VPOS="1209" HPOS="271"/>
							<String ID="string_250" HPOS="279" VPOS="1217" WIDTH="42" HEIGHT="19" WC="0.96" CONTENT="nya"/><SP WIDTH="7" VPOS="1217" HPOS="321"/>
							<String ID="string_251" HPOS="328" VPOS="1210" WIDTH="127" HEIGHT="26" WC="0.96" CONTENT="strafflagen"/><SP WIDTH="10" VPOS="1210" HPOS="455"/>
							<String ID="string_252" HPOS="465" VPOS="1209" WIDTH="50" HEIGHT="21" WC="0.96" CONTENT="kort"/><SP WIDTH="11" VPOS="1209" HPOS="515"/>
							<String ID="string_253" HPOS="526" VPOS="1209" WIDTH="45" HEIGHT="20" WC="0.96" CONTENT="före"/><SP WIDTH="11" VPOS="1209" HPOS="571"/>
							<String ID="string_254" HPOS="582" VPOS="1209" WIDTH="128" HEIGHT="27" WC="0.96" CONTENT="tidpunkten"/><SP WIDTH="9" VPOS="1209" HPOS="710"/>
							<String ID="string_255" HPOS="719" VPOS="1209" WIDTH="31" HEIGHT="20" WC="0.96" CONTENT="för"/><SP WIDTH="9" VPOS="1209" HPOS="750"/>
							<String ID="string_256" HPOS="759" VPOS="1209" WIDTH="50" HEIGHT="20" WC="0.93" CONTENT="dess"/><SP WIDTH="9" VPOS="1209" HPOS="809"/>
							<String ID="string_257" HPOS="818" VPOS="1209" WIDTH="42" HEIGHT="20" WC="0.91" CONTENT="trä-"/>
						</TextLine>
						<TextLine ID="line_30" HPOS="105" VPOS="1243" WIDTH="755" HEIGHT="27">
							<String ID="string_258" HPOS="105" VPOS="1243" WIDTH="71" HEIGHT="21" WC="0.96" CONTENT="dande"/><SP WIDTH="15" VPOS="1243" HPOS="176"/>
							<String ID="string_259" HPOS="191" VPOS="1245" WIDTH="6" HEIGHT="18" WC="0.96" CONTENT="i"/><SP WIDTH="16" VPOS="1245" HPOS="197"/>
							<String ID="string_260" HPOS="213" VPOS="1243" WIDTH="99" HEIGHT="27" WC="0.96" CONTENT="gällande"/><SP WIDTH="15" VPOS="1243" HPOS="312"/>
							<String ID="string_261" HPOS="327" VPOS="1243" WIDTH="56" HEIGHT="21" WC="0.96" CONTENT="kraft"/><SP WIDTH="15" VPOS="1243" HPOS="383"/>
							<String ID="string_262" HPOS="398" VPOS="1244" WIDTH="29" HEIGHT="26" WC="0.96" CONTENT="på"/><SP WIDTH="13" VPOS="1244" HPOS="427"/>
							<String ID="string_263" HPOS="440" VPOS="1247" WIDTH="32" HEIGHT="17" WC="0.96" CONTENT="ett"/><SP WIDTH="16" VPOS="1247" HPOS="472"/>
							<String ID="string_264" HPOS="488" VPOS="1243" WIDTH="49" HEIGHT="20" WC="0.93" CONTENT="med"/><SP WIDTH="15" VPOS="1243" HPOS="537"/>
							<String ID="string_265" HPOS="552" VPOS="1243" WIDTH="157" HEIGHT="27" WC="0.91" CONTENT="grundlagarna"/><SP WIDTH="15" VPOS="1243" HPOS="709"/>
							<String ID="string_266" HPOS="724" VPOS="1243" WIDTH="48" HEIGHT="20" WC="0.92" CONTENT="icke"/><SP WIDTH="18" VPOS="1243" HPOS="772"/>
							<String ID="string_267" HPOS="790" VPOS="1243" WIDTH="70" HEIGHT="20" WC="0.91" CONTENT="öfver-"/>
						</TextLine>
						<TextLine ID="line_31" HPOS="105" VPOS="1276" WIDTH="755" HEIGHT="28">
							<String ID="string_268" HPOS="105" VPOS="1278" WIDTH="173" HEIGHT="20" WC="0.91" CONTENT="ensstämmande"/><SP WIDTH="22" VPOS="1278" HPOS="278"/>
							<String ID="string_269" HPOS="300" VPOS="1278" WIDTH="44" HEIGHT="20" WC="0.96" CONTENT="sätt"/><SP WIDTH="21" VPOS="1278" HPOS="344"/>
							<String ID="string_270" HPOS="365" VPOS="1278" WIDTH="63" HEIGHT="26" WC="0.96" CONTENT="göres"/><SP WIDTH="17" VPOS="1278" HPOS="428"/>
							<String ID="string_271" HPOS="445" VPOS="1277" WIDTH="120" HEIGHT="25" WC="0.96" CONTENT="overksam,"/><SP WIDTH="17" VPOS="1277" HPOS="565"/>
							<String ID="string_272" HPOS="582" VPOS="1277" WIDTH="23" HEIGHT="20" WC="0.96" CONTENT="är"/><SP WIDTH="16" VPOS="1277" HPOS="605"/>
							<String ID="string_273" HPOS="621" VPOS="1277" WIDTH="72" HEIGHT="20" WC="0.96" CONTENT="därför"/><SP WIDTH="15" VPOS="1277" HPOS="693"/>
							<String ID="string_274" HPOS="708" VPOS="1284" WIDTH="26" HEIGHT="13" WC="0.96" CONTENT="en"/><SP WIDTH="15" VPOS="1284" HPOS="734"/>
							<String ID="string_275" HPOS="749" VPOS="1276" WIDTH="111" HEIGHT="25" WC="0.96" CONTENT="händelse,"/>
						</TextLine>
						<TextLine ID="line_32" HPOS="104" VPOS="1310" WIDTH="757" HEIGHT="28">
							<String ID="string_276" HPOS="104" VPOS="1318" WIDTH="47" HEIGHT="13" WC="0.96" CONTENT="som"/><SP WIDTH="23" VPOS="1318" HPOS="151"/>
							<String ID="string_277" HPOS="174" VPOS="1312" WIDTH="68" HEIGHT="20" WC="0.96" CONTENT="måste"/><SP WIDTH="23" VPOS="1312" HPOS="242"/>
							<String ID="string_278" HPOS="265" VPOS="1312" WIDTH="41" HEIGHT="20" WC="0.95" CONTENT="hos"/><SP WIDTH="18" VPOS="1312" HPOS="306"/>
							<String ID="string_279" HPOS="324" VPOS="1311" WIDTH="40" HEIGHT="21" WC="0.95" CONTENT="alla"/><SP WIDTH="15" VPOS="1311" HPOS="364"/>
							<String ID="string_280" HPOS="379" VPOS="1311" WIDTH="83" HEIGHT="21" WC="0.96" CONTENT="klasser"/><SP WIDTH="16" VPOS="1311" HPOS="462"/>
							<String ID="string_281" HPOS="478" VPOS="1311" WIDTH="24" HEIGHT="21" WC="0.96" CONTENT="af"/><SP WIDTH="12" VPOS="1311" HPOS="502"/>
							<String ID="string_282" HPOS="514" VPOS="1311" WIDTH="68" HEIGHT="21" WC="0.96" CONTENT="folket"/><SP WIDTH="15" VPOS="1311" HPOS="582"/>
							<String ID="string_283" HPOS="597" VPOS="1311" WIDTH="61" HEIGHT="27" WC="0.96" CONTENT="djupt"/><SP WIDTH="15" VPOS="1311" HPOS="658"/>
							<String ID="string_284" HPOS="673" VPOS="1311" WIDTH="67" HEIGHT="20" WC="0.96" CONTENT="rubba"/><SP WIDTH="16" VPOS="1311" HPOS="740"/>
							<String ID="string_285" HPOS="756" VPOS="1311" WIDTH="42" HEIGHT="20" WC="0.96" CONTENT="den"/><SP WIDTH="15" VPOS="1311" HPOS="798"/>
							<String ID="string_286" HPOS="813" VPOS="1310" WIDTH="48" HEIGHT="21" WC="0.96" CONTENT="tillit"/>
						</TextLine>
						<TextLine ID="line_33" HPOS="104" VPOS="1345" WIDTH="758" HEIGHT="27">
							<String ID="string_287" HPOS="104" VPOS="1345" WIDTH="31" HEIGHT="21" WC="0.93" CONTENT="till"/><SP WIDTH="15" VPOS="1345" HPOS="135"/>
							<String ID="string_288" HPOS="150" VPOS="1345" WIDTH="173" HEIGHT="27" WC="0.89" CONTENT="lagstiftningens"/><SP WIDTH="17" VPOS="1345" HPOS="323"/>
							<String ID="string_289" HPOS="340" VPOS="1345" WIDTH="41" HEIGHT="21" WC="0.93" CONTENT="och"/><SP WIDTH="10" VPOS="1345" HPOS="381"/>
							<String ID="string_290" HPOS="391" VPOS="1345" WIDTH="177" HEIGHT="27" WC="0.91" CONTENT="lagskipningens"/><SP WIDTH="11" VPOS="1345" HPOS="568"/>
							<String ID="string_291" HPOS="579" VPOS="1345" WIDTH="145" HEIGHT="27" WC="0.96" CONTENT="regelbundna"/><SP WIDTH="12" VPOS="1345" HPOS="724"/>
							<String ID="string_292" HPOS="736" VPOS="1346" WIDTH="64" HEIGHT="26" WC="0.96" CONTENT="gång,"/><SP WIDTH="14" VPOS="1346" HPOS="800"/>
							<String ID="string_293" HPOS="814" VPOS="1351" WIDTH="48" HEIGHT="14" WC="0.96" CONTENT="som"/>
						</TextLine>
						<TextLine ID="line_34" HPOS="105" VPOS="1378" WIDTH="755" HEIGHT="28">
							<String ID="string_294" HPOS="105" VPOS="1379" WIDTH="64" HEIGHT="27" WC="0.96" CONTENT="utgör"/><SP WIDTH="23" VPOS="1379" HPOS="169"/>
							<String ID="string_295" HPOS="192" VPOS="1387" WIDTH="26" HEIGHT="12" WC="0.96" CONTENT="en"/><SP WIDTH="23" VPOS="1387" HPOS="218"/>
							<String ID="string_296" HPOS="241" VPOS="1379" WIDTH="25" HEIGHT="20" WC="0.96" CONTENT="af"/><SP WIDTH="18" VPOS="1379" HPOS="266"/>
							<String ID="string_297" HPOS="284" VPOS="1379" WIDTH="156" HEIGHT="21" WC="0.96" CONTENT="hörnstenarna"/><SP WIDTH="24" VPOS="1379" HPOS="440"/>
							<String ID="string_298" HPOS="464" VPOS="1379" WIDTH="32" HEIGHT="20" WC="0.96" CONTENT="för"/><SP WIDTH="23" VPOS="1379" HPOS="496"/>
							<String ID="string_299" HPOS="519" VPOS="1379" WIDTH="72" HEIGHT="26" WC="0.93" CONTENT="hvarje"/><SP WIDTH="23" VPOS="1379" HPOS="591"/>
							<String ID="string_300" HPOS="614" VPOS="1379" WIDTH="117" HEIGHT="27" WC="0.92" CONTENT="lagbundet"/><SP WIDTH="19" VPOS="1379" HPOS="731"/>
							<String ID="string_301" HPOS="750" VPOS="1378" WIDTH="110" HEIGHT="21" WC="0.77" CONTENT="samhälle."/>
						</TextLine>
						<TextLine ID="line_35" HPOS="105" VPOS="1413" WIDTH="757" HEIGHT="27">
							<String ID="string_302" HPOS="105" VPOS="1413" WIDTH="77" HEIGHT="20" WC="0.75" CONTENT="Härtill"/><SP WIDTH="15" VPOS="1413" HPOS="182"/>
							<String ID="string_303" HPOS="197" VPOS="1413" WIDTH="87" HEIGHT="20" WC="0.96" CONTENT="komma"/><SP WIDTH="16" VPOS="1413" HPOS="284"/>
							<String ID="string_304" HPOS="300" VPOS="1414" WIDTH="65" HEIGHT="19" WC="0.93" CONTENT="andra"/><SP WIDTH="16" VPOS="1414" HPOS="365"/>
							<String ID="string_305" HPOS="381" VPOS="1413" WIDTH="124" HEIGHT="21" WC="0.92" CONTENT="rättsvädor"/><SP WIDTH="16" VPOS="1413" HPOS="505"/>
							<String ID="string_306" HPOS="521" VPOS="1413" WIDTH="24" HEIGHT="20" WC="0.96" CONTENT="af"/><SP WIDTH="12" VPOS="1413" HPOS="545"/>
							<String ID="string_307" HPOS="557" VPOS="1413" WIDTH="42" HEIGHT="20" WC="0.95" CONTENT="lika"/><SP WIDTH="16" VPOS="1413" HPOS="599"/>
							<String ID="string_308" HPOS="615" VPOS="1413" WIDTH="96" HEIGHT="27" WC="0.95" CONTENT="allvarlig"/><SP WIDTH="16" VPOS="1413" HPOS="711"/>
							<String ID="string_309" HPOS="727" VPOS="1417" WIDTH="39" HEIGHT="16" WC="0.95" CONTENT="art."/><SP WIDTH="30" VPOS="1417" HPOS="766"/>
							<String ID="string_310" HPOS="796" VPOS="1413" WIDTH="10" HEIGHT="20" WC="0.85" CONTENT="I"/><SP WIDTH="22" VPOS="1413" HPOS="806"/>
							<String ID="string_311" HPOS="828" VPOS="1413" WIDTH="34" HEIGHT="19" WC="0.90" CONTENT="sä-"/>
						</TextLine>
						<TextLine ID="line_36" HPOS="105" VPOS="1447" WIDTH="757" HEIGHT="26">
							<String ID="string_312" HPOS="105" VPOS="1447" WIDTH="52" HEIGHT="21" WC="0.96" CONTENT="dant"/><SP WIDTH="23" VPOS="1447" HPOS="157"/>
							<String ID="string_313" HPOS="180" VPOS="1447" WIDTH="102" HEIGHT="21" WC="0.96" CONTENT="afseende"/><SP WIDTH="23" VPOS="1447" HPOS="282"/>
							<String ID="string_314" HPOS="305" VPOS="1448" WIDTH="34" HEIGHT="19" WC="0.94" CONTENT="må"/><SP WIDTH="20" VPOS="1448" HPOS="339"/>
							<String ID="string_315" HPOS="359" VPOS="1447" WIDTH="37" HEIGHT="21" WC="0.94" CONTENT="det"/><SP WIDTH="16" VPOS="1447" HPOS="396"/>
							<String ID="string_316" HPOS="412" VPOS="1447" WIDTH="80" HEIGHT="21" WC="0.96" CONTENT="tillåtas"/><SP WIDTH="18" VPOS="1447" HPOS="492"/>
							<String ID="string_317" HPOS="510" VPOS="1447" WIDTH="112" HEIGHT="21" WC="0.96" CONTENT="Utskottet"/><SP WIDTH="15" VPOS="1447" HPOS="622"/>
							<String ID="string_318" HPOS="637" VPOS="1451" WIDTH="32" HEIGHT="17" WC="0.96" CONTENT="att"/><SP WIDTH="16" VPOS="1451" HPOS="669"/>
							<String ID="string_319" HPOS="685" VPOS="1447" WIDTH="100" HEIGHT="20" WC="0.93" CONTENT="särskildt"/><SP WIDTH="15" VPOS="1447" HPOS="785"/>
							<String ID="string_320" HPOS="800" VPOS="1449" WIDTH="62" HEIGHT="24" WC="0.92" CONTENT="anty-"/>
						</TextLine>
					</TextBlock>
					<TextBlock ID="block_4" HPOS="174" VPOS="1486" WIDTH="344" HEIGHT="27">
						<TextLine ID="line_37" HPOS="174" VPOS="1486" WIDTH="344" HEIGHT="27">
							<String ID="string_321" HPOS="174" VPOS="1486" WIDTH="130" HEIGHT="22" WC="0.90" CONTENT="Lagutskottets"/><SP WIDTH="12" VPOS="1486" HPOS="304"/>
							<String ID="string_322" HPOS="316" VPOS="1486" WIDTH="110" HEIGHT="17" WC="0.96" CONTENT="betänkande"/><SP WIDTH="13" VPOS="1486" HPOS="426"/>
							<String ID="string_323" HPOS="439" VPOS="1487" WIDTH="37" HEIGHT="26" WC="0.95" CONTENT="N:o"/><SP WIDTH="14" VPOS="1487" HPOS="476"/>
							<String ID="string_324" HPOS="490" VPOS="1487" WIDTH="28" HEIGHT="16" WC="0.96" CONTENT="15."/>
						</TextLine>
					</TextBlock>
				</ComposedBlock>
			</PrintSpace>
		</Page>
	</Layout>
</alto>
