1059 1692
269 176 82 22 Ständ.
369 176 37 22 Sv.
424 189 26 2 -—
467 176 74 28 Prop.
557 176 44 22 N:o
618 176 36 21 18.
799 178 12 19 3

93 242 25 21 af
131 242 114 22 medförda
267 242 264 27 landtmannaprodukter
555 242 39 21 och
610 242 69 22 alster
698 242 26 21 af
736 241 107 28 husslöjd,

94 279 58 21 skall
175 278 34 22 för
235 278 43 22 den
301 278 39 28 tid,
364 279 44 20 han
431 277 128 23 derutöfver
582 278 65 21 idkar
671 278 62 27 dylik
756 277 87 27 handel,

94 315 90 26 erlägga
200 314 215 27 näringsbevillning
431 314 49 21 med
499 314 182 27 ctthundratjugu
697 314 63 21 mark
776 314 8 21 i
799 313 45 21 mä-

94 350 77 27 naden,
188 350 92 21 hvilken
296 349 66 28 afgift
377 352 90 25 utgöres
484 349 35 22 för
535 349 41 22 full
592 350 85 27 mänad,
695 350 96 21 änskönt
801 349 43 21 han

94 386 78 22 endast
187 386 70 21 under
273 386 72 27 någon
362 386 35 21 del
414 385 65 22 deraf
492 386 7 21 i
515 386 282 27 handelsangelägenheter
809 385 34 27 sig

94 422 117 21 härstädes
227 422 136 26 uppehäller.

164 457 119 22 Likaledes
299 457 58 22 skall
376 458 216 27 näringsbevillning
616 458 103 27 erläggas
735 457 25 21 af
773 457 71 21 utlän-

95 493 59 28 ding,
171 500 45 15 som
233 493 48 22 med
298 493 151 28 vederbörligt
465 493 106 28 tillständ,
589 495 44 20 mot
649 493 72 28 afgift,
738 493 35 21 för
790 499 55 21 egen

95 530 96 27 räkning
206 529 73 27 gifver
295 529 263 28 cirkusföreställningar,
575 529 81 28 uppför
671 529 125 27 skädespel,
809 535 36 14 an-

96 565 78 22 ställer
190 565 91 22 konsert
297 565 56 22 eller
369 571 72 16 annan
465 565 130 22 musikalisk
619 566 150 27 tillställning,
786 565 57 21 före-

96 601 60 22 visar
171 601 148 27 lindansning,
344 601 130 22 mekaniska
491 602 54 21 eller
561 601 69 22 andra
645 602 98 27 konster,
761 602 84 21 kosmo-

95 643 78 21 ramor,
199 643 128 20 panoramor
351 637 40 21 och
414 637 69 21 andra
499 637 86 27 optiska
609 637 168 27 konststycken,
793 643 52 15 vax-

96 673 107 27 kabinett,
221 673 120 27 samlingar
357 673 24 21 af
395 673 49 27 djur
459 679 26 15 m.
502 679 33 21 m.,
553 673 55 21 eller
623 673 64 21 idkar
706 673 140 27 positivspel-

96 709 60 27 ning,
173 709 143 21 och
218 704 14 36 i
242 709 74 21 sådant
331 708 104 22 afseende
452 709 50 27 sigi
518 709 96 21 Finland
629 709 130 26 uppehåller
770 709 77 26 längre

96 745 33 29 tid
145 747 28 19 än
193 747 35 19 tre
252 745 79 27 dagar;
355 744 25 22 af
400 745 231 21 cirkusföreståndare
654 745 49 21 med
726 744 122 22 trehundra

97 781 69 27 mark,
183 780 24 21 af
220 781 170 26 positivspelare
406 781 50 21 med
472 781 30 21 tio
518 781 63 21 mark
597 781 40 21 och
653 780 24 22 af
687 780 71 28 öfriga
768 780 8 22 i
787 780 61 22 detta

98 823 60 15 mom.
175 816 129 22 omnämnda
327 823 106 20 personer
459 817 48 21 med
531 816 80 28 fyratio
631 817 63 21 mark
710 817 6 21 i
733 816 114 27 månaden,

97 853 77 21 hvilka
196 852 91 28 afgifter
311 853 63 21 skola
389 853 35 21 till
441 852 51 22 fullt
507 853 80 27 belopp
611 855 96 25 utgöras,
732 852 67 22 äfven
815 858 32 15 om

98 889 107 21 vistelsen
221 889 8 21 i
245 889 74 21 Jandet
336 888 49 22 icke
403 888 102 22 omfattar
521 889 37 21 hel
574 889 84 21 månad.

167 924 60 22 Från
245 924 134 28 erläggande
395 924 25 22 af
435 924 140 22 förestående
592 924 91 28 afgifter
694 927 37 19 äro
744 924 55 22 dock
810 924 38 21 fri-

99 960 88 22 kallade
203 960 132 21 undersåtar
351 960 7 21 i
375 960 26 22 de
419 962 76 25 stater,
512 960 50 22 med
577 960 78 21 hvilka
670 960 177 22 handelstrakta-

98 997 35 20 ter
149 995 74 22 blifvit
238 994 109 23 afslutade
359 1002 33 15 om
403 996 148 26 likställighet
563 996 48 20 med
622 996 116 21 inhemska
749 996 99 26 närings-

98 1031 78 21 idkare
191 1031 8 21 i
215 1031 104 21 afseende
343 1032 12 20 å
379 1031 103 21 vilkoren
505 1030 35 22 för
563 1031 145 22 bedrifvande
732 1031 25 21 af
769 1030 81 22 handel

99 1067 40 21 och
154 1067 85 27 näring,
257 1066 113 22 äfvensom
387 1067 148 27 utländingar,
551 1067 76 21 hvilka
645 1068 70 26 enligt
732 1069 26 19 12
771 1066 11 29 $
794 1066 7 21 i
813 1066 36 21 nå-

100 1103 50 27 diga
170 1102 157 28 förordningen
344 1102 25 22 af
383 1103 42 21 den
442 1105 27 19 31
486 1103 59 21 Mars
565 1104 62 26 1879,
653 1110 33 14 om
710 1103 140 26 näringarne,

100 1139 77 21 vunnit
193 1139 101 21 tillstånd
311 1140 32 20 att
360 1139 6 21 i
382 1138 97 22 Finland
495 1138 52 22 idka
562 1139 155 27 näringsyrke.

449 1266 12 19 2
475 1247 22 52 8.

172 1323 109 22 Utländsk
297 1324 124 21 handlande
438 1324 55 21 eller
508 1324 191 27 handelsexpedit,
716 1330 46 15 som
779 1325 24 19 är
814 1325 37 19 nä-

101 1359 187 28 ringsbevillning
304 1359 157 28 underkastad,
479 1360 86 27 äligger
581 1361 39 26 att,
638 1360 24 21 sä
679 1361 62 20 snart
757 1359 42 21 den
815 1359 37 20 be-

102 1395 85 22 stämda
202 1395 110 22 terminen
328 1395 25 21 af
367 1397 34 20 tre
418 1395 69 34 dagar
503 1395 58 22 efter
576 1395 55 22 hans
647 1395 102 22 ankomst
760 1394 34 21 till
805 1394 46 21 lan-

102 1431 37 21 det
162 1431 99 27 förflutit,
287 1431 35 21 till
346 1431 233 26 kronouppbördsman
603 1431 7 21 i
633 1431 49 22 stad
703 1431 92 26 erlägga
811 1432 42 19 ett-

102 1467 149 26 hundratjugu
267 1467 63 21 mark
346 1466 35 21 för
397 1467 137 27 rättigheten
550 1469 33 19 att
598 1467 70 21 under
680 1473 27 15 en
718 1466 91 21 mänads
821 1465 33 22 tid
