1061 1700
226 104 15 21 4
438 105 19 21 U.
473 105 20 21 B.
511 116 27 5 —
554 105 57 27 Prop.
628 104 34 22 N:o
678 104 33 22 28.

198 163 96 27 punkter
315 164 49 22 med
384 164 124 22 hänseende
529 164 35 22 till
585 164 104 22 liknande
709 162 151 23 förhällanden
881 162 68 22 utför-

198 198 42 28 ligt
256 199 133 22 framhällits
404 200 68 22 redan
488 200 33 21 uti
536 200 126 22 Utskottets
678 199 138 23 betänkande
831 205 35 16 n:o
882 199 21 22 5.

273 234 114 23 Utskottet
407 235 41 22 bör
468 236 104 27 slutligen
593 236 73 22 erinra
682 242 41 21 om,
743 237 34 20 att
792 234 69 28 enligt
876 235 38 21 det
929 234 24 22 af

203 270 173 23 Statsutskottet
395 272 50 21 med
460 271 118 27 anledning
594 272 24 21 af
629 272 61 21 Hans
703 271 123 27 Kejserliga
836 270 115 28 Majestäts

203 306 80 27 nädiga
299 307 134 27 proposition
448 314 37 15 n:n
496 308 29 21 20
538 314 35 15 om
585 308 27 21 de
627 307 37 22 vid
674 308 71 21 denna
755 307 105 27 landtdag
870 306 81 22 äskade

201 342 77 26 anslag
302 342 82 27 afgifna
406 342 139 22 betänkande
568 344 67 26 något
658 342 110 22 finansielt
789 342 68 22 behof
878 342 23 22 af
922 349 29 15 nu

199 376 169 28 ifrägavarande
383 378 120 27 bevillning
519 378 47 22 icke
582 378 122 28 föreligger.

272 413 32 21 På
331 414 70 26 grund
427 414 25 21 af
475 414 39 21 det
536 414 91 21 anförda
650 414 33 21 får
705 414 113 21 Utskottet
841 414 111 21 vördsamt

201 447 80 23 föreslä

416 486 32 20 att
470 484 127 23 Ständerna
620 485 66 22 mätte
708 485 9 21 i
740 485 37 21 sitt
800 483 151 29 underdäniga

345 527 51 14 svar
419 521 14 21 &
458 521 42 21 den
524 521 82 28 nådiga
628 520 161 28 propositionen
810 519 92 28 anmäla,
921 521 32 20 att

349 556 125 22 densamma
489 556 44 22 icke
549 556 86 23 kunnat
648 556 27 28 af
682 556 126 22 Ständerna
818 555 134 29 godkännas.

275 621 151 23 Förevarande
445 623 80 21 ärende
544 623 40 22 har
599 623 7 21 i
622 622 114 22 Utskottet
754 622 116 27 handlagts
885 622 24 21 af
922 622 30 21 le-

203 656 132 23 damöterna
354 657 62 27 Rein,
438 658 136 27 ordförande,
595 658 132 27 Furuhjelm,
748 657 116 27 Helander,
882 657 24 21 E.
927 657 24 21 G.

203 692 99 28 Palmén,
327 692 115 28 Sumelius,
466 693 166 27 Neppenström,
652 694 132 26 Borgström,
804 693 80 27 Klami,
905 692 47 22 Col-

203 727 86 22 liander
309 728 40 22 och
368 728 108 28 Kyander,
493 730 57 20 samt
571 729 168 27 suppleanterna
759 728 54 22 Karl
829 728 124 27 Tigerstedt

204 763 40 21 och
260 763 110 23 Järvinen.

275 828 138 28 Helsingfors
430 830 42 22 den
488 830 27 21 21
532 830 43 27 Maj
593 830 64 22 1891.

307 1413 123 23 Helsingfors,
443 1414 69 17 Weilin
525 1414 15 17 &
553 1414 54 17 Göös'
620 1414 113 22 aktiebolags
745 1413 124 21 boktryckeri.
