1059 1698
428 483 325 29 Reservation.

280 558 46 21 Mot
347 559 112 21 utskottets
481 559 79 27 förslag
580 560 30 20 att
628 560 90 26 pålägga
736 560 25 20 de
776 560 7 20 i
798 559 89 21 Finland
903 566 70 21 opere-

211 592 65 22 rande
298 593 112 21 utländska
432 594 187 27 assuransbolagen
634 594 88 21 särskild
737 594 135 27 beskattning
888 600 48 15 anse
952 594 20 21 vi

212 633 33 15 oss
260 628 51 20 böra
326 628 77 21 erinra:
420 629 31 20 att
466 628 63 28 något
540 628 63 22 behof
610 628 22 22 af
638 629 238 27 näringsbevillningens
884 628 88 28 höjande

210 661 83 22 utöfver
315 662 54 21 hvad
389 662 8 21 i
415 662 40 22 den
477 663 46 21 nåd.
539 663 154 27 propositionen
708 663 118 27 föreslagits
842 663 44 21 icke
902 663 67 21 blifvit

211 696 153 25 konstateradt;
381 698 31 20 att
426 697 7 21 i
448 698 102 20 traktater
562 698 102 21 afslutade
683 698 89 21 emellan
787 697 106 28 Ryssland
909 697 60 28 (resp.

210 730 98 27 Finland)
325 731 12 21 å
352 737 39 15 ena
406 731 60 21 sidan
481 733 55 19 samt
552 731 166 22 Storbritannien
734 732 27 26 (d.
774 732 26 20 12
810 732 89 21 Januari
909 732 62 26 1859,

211 766 38 19 art.
267 765 41 26 11),
321 765 87 27 Belgien
424 765 28 27 (d.
468 766 28 21 30
510 766 52 21 Nov.
580 766 69 27 1865),
666 766 90 21 Schweiz
773 766 26 27 (d.
816 766 28 21 26
858 766 114 21 December

211 798 62 27 1872,
289 800 37 20 art.
346 799 20 28 1)
382 801 56 20 samt
452 800 113 22 Frankrike
582 800 26 27 (d.
626 801 10 20 1
653 801 59 27 April
729 800 61 26 1874,
807 801 37 20 art.
862 800 26 27 1),
904 800 12 21 å
932 800 40 21 den

210 834 70 25 andra,
302 834 60 22 dessa
384 835 83 21 länders
489 835 123 22 undersåtar
636 835 90 21 likstälts
750 834 48 22 med
818 834 82 22 landets
916 841 54 21 egna

210 868 115 27 inbyggare
348 869 127 22 beträffande
498 869 136 28 erläggandet
657 869 22 22 af
696 869 84 28 afgifter
795 869 32 21 för
842 869 76 21 handel
934 869 38 21 och

210 903 80 27 näring,
314 903 82 21 hvadan
411 904 40 21 den
467 904 22 21 af
501 904 103 21 utskottet
618 904 118 27 föreslagna
751 903 161 27 beskattningen
925 903 45 21 icke

209 937 8 20 i
232 937 69 27 någon
324 938 98 21 händelse
447 939 82 20 komme
553 939 31 20 att
606 939 56 26 gälla
681 938 177 25 storbritanniska,
874 937 98 27 belgiska,

209 971 133 22 schweiziska
366 973 38 20 och
427 972 83 21 franska
531 973 65 26 bolag,
612 972 71 21 hvilka
698 972 88 21 sålunda
802 971 65 22 blefve
882 971 68 22 stälda
964 971 8 21 i

210 1006 31 21 ett
256 1013 148 20 gynsammare
420 1007 47 27 läge
482 1008 28 20 än
524 1007 66 21 andra
604 1007 112 21 utländska
731 1007 67 26 bolag,
810 1013 46 14 som
863 1005 109 22 härstädes

208 1040 50 21 idka
273 1041 216 27 försäkringsrörelse;
506 1042 32 20 att
552 1041 26 21 de
593 1041 112 21 utländska
720 1040 252 27 assuransbolagen,
917 1036 7 36 i
933 1036 42 36 lik-

208 1074 38 21 het
268 1075 49 20 med
340 1075 24 21 de
386 1075 115 26 inhemska,
524 1075 32 21 för
578 1075 32 21 sin
625 1075 39 21 här
678 1075 8 20 i
701 1075 71 21 landet
787 1074 95 22 bedrifna
896 1075 76 20 rörelse

209 1109 70 21 betala
294 1115 26 15 en
335 1109 51 22 efter
400 1109 119 22 inkomsten
535 1109 95 28 afpassad
646 1109 180 22 kommunalskatt
838 1109 38 20 och
884 1109 88 20 sålunda

209 1143 106 22 allaredan
338 1144 50 21 bära
411 1150 26 15 en
461 1144 79 27 ganska
554 1144 54 27 dryg
622 1143 144 27 beskattning;
782 1143 32 21 att
828 1143 144 21 förstnämnda

208 1178 64 27 bolag
290 1178 54 21 varit
358 1178 72 22 landet
446 1179 32 20 till
492 1179 84 27 mycket
591 1185 55 20 gagn
662 1184 75 21 genom
753 1178 31 21 att
799 1177 7 21 i
822 1183 26 15 en
864 1177 33 21 del
911 1177 61 21 bran-

208 1212 50 21 cher
280 1213 93 26 upptaga
391 1213 141 27 försäkringar
548 1219 45 15 som
608 1213 25 21 de
648 1212 110 21 inhemska
772 1211 89 28 bolagen
876 1211 44 21 icke
934 1211 39 21 ris-

208 1247 64 25 kerat,
295 1247 84 21 hvarför
402 1248 39 20 och
462 1247 25 22 då
502 1253 25 16 en
544 1247 52 21 ökad
612 1247 129 21 konkurrens
756 1245 135 28 naturligtvis
905 1245 67 22 måste

207 1281 64 21 hafva
284 1287 25 16 en
325 1282 130 21 allmännare
470 1281 136 27 nedsättning
621 1281 23 22 af
656 1281 117 28 premierna
787 1281 33 21 till
834 1279 83 29 påföljd,
932 1280 40 21 den

208 1315 23 21 af
251 1315 103 22 utskottet
377 1316 105 27 päyrkade
504 1316 160 27 beskattningen
687 1315 67 22 blefve
773 1315 23 21 sä
817 1315 84 26 mycket
915 1320 57 15 mera

207 1349 59 22 odiös
289 1350 39 21 och
350 1351 72 26 obillig
441 1357 45 15 som
506 1351 91 20 hvarken
616 1350 25 21 de
660 1350 67 21 finska
742 1349 50 22 eller
806 1349 64 27 ryska
885 1349 87 26 bolagen

206 1384 84 21 komme
314 1385 31 20 att
367 1385 89 21 drabbas
478 1385 23 21 af
521 1385 132 24 densamma;
676 1385 32 20 att
728 1390 50 15 man
794 1383 105 27 snarligen
914 1382 58 22 torde

206 1419 64 21 hafva
285 1420 32 20 att
332 1420 78 21 emotse
426 1426 26 15 en
467 1419 122 28 förändring
603 1419 7 21 i
626 1419 35 22 det
676 1419 23 21 af
711 1419 103 20 utskottet
830 1417 86 22 anförda
930 1417 42 22 för-

278 1453 219 22 Bevillningsutskottets
510 1453 116 18 betänkande
638 1453 38 18 N:o
689 1453 17 17 3.
