<?xml version="1.0" encoding="UTF-8"?>
<alto xmlns="http://www.loc.gov/standards/alto/ns-v3#" xmlns:xlink="http://www.w3.org/1999/xlink" xmlns:xsi="http://www.w3.org/2001/XMLSchema-instance" xsi:schemaLocation="http://www.loc.gov/standards/alto/ns-v3# http://www.loc.gov/alto/v3/alto-3-0.xsd">
	<Description>
		<MeasurementUnit>pixel</MeasurementUnit>
		<sourceImageInformation>
			<fileName>/tmp/tess_k6vp3mki_input.PNG</fileName>
		</sourceImageInformation>
		<OCRProcessing ID="OCR_0">
			<ocrProcessingStep>
				<processingSoftware>
					<softwareName>tesseract 5.3.4</softwareName>
				</processingSoftware>
			</ocrProcessingStep>
		</OCRProcessing>
	</Description>
	<Layout>
		<Page WIDTH="1059" HEIGHT="1706" PHYSICAL_IMG_NR="0" ID="page_0">
			<PrintSpace HPOS="0" VPOS="0" WIDTH="1059" HEIGHT="1706">
				<ComposedBlock ID="cblock_0" HPOS="245" VPOS="127" WIDTH="539" HEIGHT="29">
					<TextBlock ID="block_0" HPOS="245" VPOS="127" WIDTH="539" HEIGHT="29">
						<TextLine ID="line_0" HPOS="245" VPOS="127" WIDTH="539" HEIGHT="29">
							<String ID="string_0" HPOS="245" VPOS="128" WIDTH="12" HEIGHT="20" WC="0.96" CONTENT="6"/><SP WIDTH="139" VPOS="128" HPOS="257"/>
							<String ID="string_1" HPOS="396" VPOS="127" WIDTH="83" HEIGHT="23" WC="0.87" CONTENT="Ständ."/><SP WIDTH="18" VPOS="127" HPOS="479"/>
							<String ID="string_2" HPOS="497" VPOS="127" WIDTH="36" HEIGHT="23" WC="0.93" CONTENT="Sv."/><SP WIDTH="16" VPOS="127" HPOS="533"/>
							<String ID="string_3" HPOS="549" VPOS="141" WIDTH="29" HEIGHT="3" WC="0.92" CONTENT="—"/><SP WIDTH="16" VPOS="141" HPOS="578"/>
							<String ID="string_4" HPOS="594" VPOS="127" WIDTH="75" HEIGHT="29" WC="0.96" CONTENT="Prop."/><SP WIDTH="16" VPOS="127" HPOS="669"/>
							<String ID="string_5" HPOS="685" VPOS="127" WIDTH="45" HEIGHT="23" WC="0.96" CONTENT="N:o"/><SP WIDTH="17" VPOS="127" HPOS="730"/>
							<String ID="string_6" HPOS="747" VPOS="127" WIDTH="37" HEIGHT="22" WC="0.96" CONTENT="22."/>
						</TextLine>
					</TextBlock>
				</ComposedBlock>
				<ComposedBlock ID="cblock_1" HPOS="214" VPOS="187" WIDTH="752" HEIGHT="313">
					<TextBlock ID="block_1" HPOS="214" VPOS="187" WIDTH="752" HEIGHT="241">
						<TextLine ID="line_1" HPOS="215" VPOS="187" WIDTH="751" HEIGHT="27">
							<String ID="string_7" HPOS="215" VPOS="187" WIDTH="83" HEIGHT="27" WC="0.96" CONTENT="ökning"/><SP WIDTH="20" VPOS="187" HPOS="298"/>
							<String ID="string_8" HPOS="318" VPOS="188" WIDTH="7" HEIGHT="20" WC="0.96" CONTENT="i"/><SP WIDTH="16" VPOS="188" HPOS="325"/>
							<String ID="string_9" HPOS="341" VPOS="188" WIDTH="28" HEIGHT="21" WC="0.96" CONTENT="de"/><SP WIDTH="15" VPOS="188" HPOS="369"/>
							<String ID="string_10" HPOS="384" VPOS="188" WIDTH="36" HEIGHT="21" WC="0.93" CONTENT="till"/><SP WIDTH="16" VPOS="188" HPOS="420"/>
							<String ID="string_11" HPOS="436" VPOS="188" WIDTH="206" HEIGHT="21" WC="0.89" CONTENT="öfverinstanserna"/><SP WIDTH="15" VPOS="188" HPOS="642"/>
							<String ID="string_12" HPOS="657" VPOS="187" WIDTH="154" HEIGHT="22" WC="0.93" CONTENT="inkommande"/><SP WIDTH="16" VPOS="187" HPOS="811"/>
							<String ID="string_13" HPOS="827" VPOS="188" WIDTH="139" HEIGHT="21" WC="0.92" CONTENT="besvärsmå-"/>
						</TextLine>
						<TextLine ID="line_2" HPOS="214" VPOS="222" WIDTH="752" HEIGHT="28">
							<String ID="string_14" HPOS="214" VPOS="222" WIDTH="43" HEIGHT="28" WC="0.96" CONTENT="len,"/><SP WIDTH="24" VPOS="222" HPOS="257"/>
							<String ID="string_15" HPOS="281" VPOS="224" WIDTH="34" HEIGHT="20" WC="0.96" CONTENT="att"/><SP WIDTH="14" VPOS="224" HPOS="315"/>
							<String ID="string_16" HPOS="329" VPOS="223" WIDTH="73" HEIGHT="27" WC="0.93" CONTENT="någon"/><SP WIDTH="15" VPOS="223" HPOS="402"/>
							<String ID="string_17" HPOS="417" VPOS="223" WIDTH="234" HEIGHT="27" WC="0.91" CONTENT="lagstiftningsåtgärd"/><SP WIDTH="16" VPOS="223" HPOS="651"/>
							<String ID="string_18" HPOS="667" VPOS="223" WIDTH="35" HEIGHT="21" WC="0.93" CONTENT="för"/><SP WIDTH="16" VPOS="223" HPOS="702"/>
							<String ID="string_19" HPOS="718" VPOS="223" WIDTH="157" HEIGHT="22" WC="0.92" CONTENT="motverkande"/><SP WIDTH="16" VPOS="223" HPOS="875"/>
							<String ID="string_20" HPOS="891" VPOS="223" WIDTH="25" HEIGHT="21" WC="0.93" CONTENT="af"/><SP WIDTH="13" VPOS="223" HPOS="916"/>
							<String ID="string_21" HPOS="929" VPOS="224" WIDTH="37" HEIGHT="21" WC="0.92" CONTENT="be-"/>
						</TextLine>
						<TextLine ID="line_3" HPOS="215" VPOS="258" WIDTH="751" HEIGHT="28">
							<String ID="string_22" HPOS="215" VPOS="260" WIDTH="52" HEIGHT="20" WC="0.96" CONTENT="svär"/><SP WIDTH="15" VPOS="260" HPOS="267"/>
							<String ID="string_23" HPOS="282" VPOS="258" WIDTH="8" HEIGHT="21" WC="0.93" CONTENT="i"/><SP WIDTH="16" VPOS="258" HPOS="290"/>
							<String ID="string_24" HPOS="306" VPOS="258" WIDTH="103" HEIGHT="28" WC="0.91" CONTENT="oträngdt"/><SP WIDTH="15" VPOS="258" HPOS="409"/>
							<String ID="string_25" HPOS="424" VPOS="259" WIDTH="44" HEIGHT="21" WC="0.96" CONTENT="mål"/><SP WIDTH="16" VPOS="259" HPOS="468"/>
							<String ID="string_26" HPOS="484" VPOS="259" WIDTH="73" HEIGHT="21" WC="0.96" CONTENT="skulle"/><SP WIDTH="16" VPOS="259" HPOS="557"/>
							<String ID="string_27" HPOS="573" VPOS="265" WIDTH="54" HEIGHT="15" WC="0.93" CONTENT="vara"/><SP WIDTH="17" VPOS="265" HPOS="627"/>
							<String ID="string_28" HPOS="644" VPOS="258" WIDTH="101" HEIGHT="28" WC="0.92" CONTENT="behöflig."/><SP WIDTH="27" VPOS="258" HPOS="745"/>
							<String ID="string_29" HPOS="772" VPOS="258" WIDTH="78" HEIGHT="28" WC="0.93" CONTENT="Enligt"/><SP WIDTH="11" VPOS="258" HPOS="850"/>
							<String ID="string_30" HPOS="861" VPOS="258" WIDTH="105" HEIGHT="22" WC="0.90" CONTENT="Ständer-"/>
						</TextLine>
						<TextLine ID="line_4" HPOS="214" VPOS="294" WIDTH="752" HEIGHT="27">
							<String ID="string_31" HPOS="214" VPOS="300" WIDTH="40" HEIGHT="14" WC="0.95" CONTENT="nas"/><SP WIDTH="24" VPOS="300" HPOS="254"/>
							<String ID="string_32" HPOS="278" VPOS="294" WIDTH="67" HEIGHT="21" WC="0.94" CONTENT="tanke"/><SP WIDTH="23" VPOS="294" HPOS="345"/>
							<String ID="string_33" HPOS="368" VPOS="294" WIDTH="69" HEIGHT="22" WC="0.95" CONTENT="borde"/><SP WIDTH="15" VPOS="294" HPOS="437"/>
							<String ID="string_34" HPOS="452" VPOS="295" WIDTH="50" HEIGHT="21" WC="0.96" CONTENT="icke"/><SP WIDTH="23" VPOS="295" HPOS="502"/>
							<String ID="string_35" HPOS="525" VPOS="300" WIDTH="28" HEIGHT="16" WC="0.96" CONTENT="en"/><SP WIDTH="16" VPOS="300" HPOS="553"/>
							<String ID="string_36" HPOS="569" VPOS="294" WIDTH="25" HEIGHT="22" WC="0.96" CONTENT="så"/><SP WIDTH="23" VPOS="294" HPOS="594"/>
							<String ID="string_37" HPOS="617" VPOS="294" WIDTH="112" HEIGHT="27" WC="0.93" CONTENT="väsentlig"/><SP WIDTH="16" VPOS="294" HPOS="729"/>
							<String ID="string_38" HPOS="745" VPOS="294" WIDTH="110" HEIGHT="22" WC="0.91" CONTENT="afvikelse"/><SP WIDTH="16" VPOS="294" HPOS="855"/>
							<String ID="string_39" HPOS="871" VPOS="294" WIDTH="49" HEIGHT="22" WC="0.96" CONTENT="från"/><SP WIDTH="16" VPOS="294" HPOS="920"/>
							<String ID="string_40" HPOS="936" VPOS="300" WIDTH="30" HEIGHT="16" WC="0.96" CONTENT="nu"/>
						</TextLine>
						<TextLine ID="line_5" HPOS="214" VPOS="329" WIDTH="752" HEIGHT="28">
							<String ID="string_41" HPOS="214" VPOS="329" WIDTH="103" HEIGHT="27" WC="0.96" CONTENT="gällande"/><SP WIDTH="16" VPOS="329" HPOS="317"/>
							<String ID="string_42" HPOS="333" VPOS="330" WIDTH="100" HEIGHT="27" WC="0.96" CONTENT="ordning,"/><SP WIDTH="18" VPOS="330" HPOS="433"/>
							<String ID="string_43" HPOS="451" VPOS="336" WIDTH="45" HEIGHT="16" WC="0.96" CONTENT="som"/><SP WIDTH="16" VPOS="336" HPOS="496"/>
							<String ID="string_44" HPOS="512" VPOS="330" WIDTH="108" HEIGHT="27" WC="0.96" CONTENT="förslaget"/><SP WIDTH="15" VPOS="330" HPOS="620"/>
							<String ID="string_45" HPOS="635" VPOS="330" WIDTH="99" HEIGHT="26" WC="0.96" CONTENT="innebär,"/><SP WIDTH="16" VPOS="330" HPOS="734"/>
							<String ID="string_46" HPOS="750" VPOS="330" WIDTH="146" HEIGHT="27" WC="0.96" CONTENT="genomföras,"/><SP WIDTH="16" VPOS="330" HPOS="896"/>
							<String ID="string_47" HPOS="912" VPOS="332" WIDTH="54" HEIGHT="19" WC="0.96" CONTENT="utan"/>
						</TextLine>
						<TextLine ID="line_6" HPOS="215" VPOS="365" WIDTH="751" HEIGHT="28">
							<String ID="string_48" HPOS="215" VPOS="366" WIDTH="32" HEIGHT="20" WC="0.96" CONTENT="att"/><SP WIDTH="16" VPOS="366" HPOS="247"/>
							<String ID="string_49" HPOS="263" VPOS="365" WIDTH="72" HEIGHT="27" WC="0.96" CONTENT="någon"/><SP WIDTH="16" VPOS="365" HPOS="335"/>
							<String ID="string_50" HPOS="351" VPOS="365" WIDTH="128" HEIGHT="22" WC="0.96" CONTENT="erfarenhet"/><SP WIDTH="15" VPOS="365" HPOS="479"/>
							<String ID="string_51" HPOS="494" VPOS="365" WIDTH="122" HEIGHT="28" WC="0.95" CONTENT="föreligger"/><SP WIDTH="11" VPOS="365" HPOS="616"/>
							<String ID="string_52" HPOS="627" VPOS="366" WIDTH="81" HEIGHT="26" WC="0.96" CONTENT="derom,"/><SP WIDTH="13" VPOS="366" HPOS="708"/>
							<String ID="string_53" HPOS="721" VPOS="366" WIDTH="109" HEIGHT="21" WC="0.96" CONTENT="huruvida"/><SP WIDTH="11" VPOS="366" HPOS="830"/>
							<String ID="string_54" HPOS="841" VPOS="366" WIDTH="125" HEIGHT="21" WC="0.95" CONTENT="densamma"/>
						</TextLine>
						<TextLine ID="line_7" HPOS="214" VPOS="400" WIDTH="288" HEIGHT="28">
							<String ID="string_55" HPOS="214" VPOS="400" WIDTH="117" HEIGHT="28" WC="0.95" CONTENT="verkligen"/><SP WIDTH="16" VPOS="400" HPOS="331"/>
							<String ID="string_56" HPOS="347" VPOS="403" WIDTH="25" HEIGHT="19" WC="0.97" CONTENT="är"/><SP WIDTH="15" VPOS="403" HPOS="372"/>
							<String ID="string_57" HPOS="387" VPOS="401" WIDTH="25" HEIGHT="21" WC="0.96" CONTENT="af"/><SP WIDTH="13" VPOS="401" HPOS="412"/>
							<String ID="string_58" HPOS="425" VPOS="401" WIDTH="77" HEIGHT="22" WC="0.96" CONTENT="nöden."/>
						</TextLine>
					</TextBlock>
					<TextBlock ID="block_2" HPOS="215" VPOS="436" WIDTH="750" HEIGHT="64">
						<TextLine ID="line_8" HPOS="287" VPOS="436" WIDTH="678" HEIGHT="28">
							<String ID="string_59" HPOS="287" VPOS="436" WIDTH="123" HEIGHT="22" WC="0.91" CONTENT="Ständerna"/><SP WIDTH="15" VPOS="436" HPOS="410"/>
							<String ID="string_60" HPOS="425" VPOS="436" WIDTH="24" HEIGHT="22" WC="0.93" CONTENT="få"/><SP WIDTH="15" VPOS="436" HPOS="449"/>
							<String ID="string_61" HPOS="464" VPOS="436" WIDTH="139" HEIGHT="22" WC="0.90" CONTENT="fördenskull"/><SP WIDTH="16" VPOS="436" HPOS="603"/>
							<String ID="string_62" HPOS="619" VPOS="436" WIDTH="39" HEIGHT="22" WC="0.91" CONTENT="hos"/><SP WIDTH="16" VPOS="436" HPOS="658"/>
							<String ID="string_63" HPOS="674" VPOS="436" WIDTH="72" HEIGHT="22" WC="0.89" CONTENT="Eders"/><SP WIDTH="16" VPOS="436" HPOS="746"/>
							<String ID="string_64" HPOS="762" VPOS="436" WIDTH="126" HEIGHT="28" WC="0.93" CONTENT="Kejserliga"/><SP WIDTH="10" VPOS="436" HPOS="888"/>
							<String ID="string_65" HPOS="898" VPOS="436" WIDTH="67" HEIGHT="28" WC="0.92" CONTENT="Maje-"/>
						</TextLine>
						<TextLine ID="line_9" HPOS="215" VPOS="472" WIDTH="368" HEIGHT="28">
							<String ID="string_66" HPOS="215" VPOS="473" WIDTH="46" HEIGHT="20" WC="0.92" CONTENT="stät"/><SP WIDTH="15" VPOS="473" HPOS="261"/>
							<String ID="string_67" HPOS="276" VPOS="472" WIDTH="7" HEIGHT="20" WC="0.93" CONTENT="i"/><SP WIDTH="16" VPOS="472" HPOS="283"/>
							<String ID="string_68" HPOS="299" VPOS="472" WIDTH="177" HEIGHT="28" WC="0.92" CONTENT="underdånighet"/><SP WIDTH="15" VPOS="472" HPOS="476"/>
							<String ID="string_69" HPOS="491" VPOS="472" WIDTH="92" HEIGHT="28" WC="0.96" CONTENT="anmäla,"/>
						</TextLine>
					</TextBlock>
				</ComposedBlock>
				<ComposedBlock ID="cblock_2" HPOS="357" VPOS="536" WIDTH="609" HEIGHT="136">
					<TextBlock ID="block_3" HPOS="357" VPOS="536" WIDTH="609" HEIGHT="136">
						<TextLine ID="line_10" HPOS="429" VPOS="536" WIDTH="537" HEIGHT="28">
							<String ID="string_70" HPOS="429" VPOS="539" WIDTH="33" HEIGHT="19" WC="0.90" CONTENT="att"/><SP WIDTH="28" VPOS="539" HPOS="462"/>
							<String ID="string_71" HPOS="490" VPOS="536" WIDTH="125" HEIGHT="22" WC="0.80" CONTENT="Ständerna"/><SP WIDTH="27" VPOS="536" HPOS="615"/>
							<String ID="string_72" HPOS="642" VPOS="537" WIDTH="45" HEIGHT="21" WC="0.93" CONTENT="icke"/><SP WIDTH="23" VPOS="537" HPOS="687"/>
							<String ID="string_73" HPOS="710" VPOS="537" WIDTH="87" HEIGHT="21" WC="0.93" CONTENT="kunnat"/><SP WIDTH="26" VPOS="537" HPOS="797"/>
							<String ID="string_74" HPOS="823" VPOS="537" WIDTH="143" HEIGHT="27" WC="0.84" CONTENT="oförändradt"/>
						</TextLine>
						<TextLine ID="line_11" HPOS="357" VPOS="572" WIDTH="608" HEIGHT="28">
							<String ID="string_75" HPOS="357" VPOS="572" WIDTH="114" HEIGHT="26" WC="0.95" CONTENT="godkänna"/><SP WIDTH="24" VPOS="572" HPOS="471"/>
							<String ID="string_76" HPOS="495" VPOS="573" WIDTH="35" HEIGHT="21" WC="0.95" CONTENT="det"/><SP WIDTH="18" VPOS="573" HPOS="530"/>
							<String ID="string_77" HPOS="548" VPOS="573" WIDTH="63" HEIGHT="27" WC="0.95" CONTENT="förra"/><SP WIDTH="16" VPOS="573" HPOS="611"/>
							<String ID="string_78" HPOS="627" VPOS="573" WIDTH="27" HEIGHT="27" WC="0.95" CONTENT="af"/><SP WIDTH="11" VPOS="573" HPOS="654"/>
							<String ID="string_79" HPOS="665" VPOS="573" WIDTH="26" HEIGHT="21" WC="0.96" CONTENT="de"/><SP WIDTH="21" VPOS="573" HPOS="691"/>
							<String ID="string_80" HPOS="712" VPOS="573" WIDTH="8" HEIGHT="21" WC="0.95" CONTENT="i"/><SP WIDTH="16" VPOS="573" HPOS="720"/>
							<String ID="string_81" HPOS="736" VPOS="573" WIDTH="41" HEIGHT="21" WC="0.96" CONTENT="den"/><SP WIDTH="15" VPOS="573" HPOS="777"/>
							<String ID="string_82" HPOS="792" VPOS="573" WIDTH="82" HEIGHT="27" WC="0.93" CONTENT="nådiga"/><SP WIDTH="13" VPOS="573" HPOS="874"/>
							<String ID="string_83" HPOS="887" VPOS="580" WIDTH="78" HEIGHT="20" WC="0.92" CONTENT="propo-"/>
						</TextLine>
						<TextLine ID="line_12" HPOS="357" VPOS="608" WIDTH="607" HEIGHT="29">
							<String ID="string_84" HPOS="357" VPOS="608" WIDTH="94" HEIGHT="22" WC="0.91" CONTENT="sitionen"/><SP WIDTH="15" VPOS="608" HPOS="451"/>
							<String ID="string_85" HPOS="466" VPOS="608" WIDTH="106" HEIGHT="28" WC="0.93" CONTENT="ingående"/><SP WIDTH="13" VPOS="608" HPOS="572"/>
							<String ID="string_86" HPOS="585" VPOS="608" WIDTH="260" HEIGHT="29" WC="0.78" CONTENT="författningsförslagen,"/><SP WIDTH="17" VPOS="608" HPOS="845"/>
							<String ID="string_87" HPOS="862" VPOS="610" WIDTH="53" HEIGHT="20" WC="0.93" CONTENT="utan"/><SP WIDTH="11" VPOS="610" HPOS="915"/>
							<String ID="string_88" HPOS="926" VPOS="615" WIDTH="38" HEIGHT="14" WC="0.93" CONTENT="an-"/>
						</TextLine>
						<TextLine ID="line_13" HPOS="357" VPOS="644" WIDTH="256" HEIGHT="28">
							<String ID="string_89" HPOS="357" VPOS="644" WIDTH="55" HEIGHT="28" WC="0.96" CONTENT="tagit"/><SP WIDTH="15" VPOS="644" HPOS="412"/>
							<String ID="string_90" HPOS="427" VPOS="651" WIDTH="28" HEIGHT="15" WC="0.95" CONTENT="en"/><SP WIDTH="14" VPOS="651" HPOS="455"/>
							<String ID="string_91" HPOS="469" VPOS="645" WIDTH="25" HEIGHT="21" WC="0.96" CONTENT="så"/><SP WIDTH="17" VPOS="645" HPOS="494"/>
							<String ID="string_92" HPOS="511" VPOS="644" WIDTH="102" HEIGHT="27" WC="0.95" CONTENT="lydande:"/>
						</TextLine>
					</TextBlock>
				</ComposedBlock>
				<ComposedBlock ID="cblock_3" HPOS="358" VPOS="744" WIDTH="606" HEIGHT="77">
					<TextBlock ID="block_4" HPOS="358" VPOS="744" WIDTH="606" HEIGHT="77">
						<TextLine ID="line_14" HPOS="425" VPOS="744" WIDTH="539" HEIGHT="35">
							<String ID="string_93" HPOS="425" VPOS="744" WIDTH="148" HEIGHT="35" WC="0.96" CONTENT="Förordning,"/><SP WIDTH="8" VPOS="744" HPOS="573"/>
							<String ID="string_94" HPOS="581" VPOS="744" WIDTH="160" HEIGHT="29" WC="0.96" CONTENT="innehållande"/><SP WIDTH="8" VPOS="744" HPOS="741"/>
							<String ID="string_95" HPOS="749" VPOS="746" WIDTH="66" HEIGHT="27" WC="0.96" CONTENT="vissa"/><SP WIDTH="7" VPOS="746" HPOS="815"/>
							<String ID="string_96" HPOS="822" VPOS="745" WIDTH="142" HEIGHT="28" WC="0.96" CONTENT="förändrade"/>
						</TextLine>
						<TextLine ID="line_15" HPOS="358" VPOS="786" WIDTH="606" HEIGHT="35">
							<String ID="string_97" HPOS="358" VPOS="787" WIDTH="145" HEIGHT="33" WC="0.95" CONTENT="stadganden"/><SP WIDTH="23" VPOS="787" HPOS="503"/>
							<String ID="string_98" HPOS="526" VPOS="794" WIDTH="34" HEIGHT="20" WC="0.93" CONTENT="om"/><SP WIDTH="25" VPOS="794" HPOS="560"/>
							<String ID="string_99" HPOS="585" VPOS="787" WIDTH="216" HEIGHT="34" WC="0.90" CONTENT="ändringssökande"/><SP WIDTH="20" VPOS="787" HPOS="801"/>
							<String ID="string_100" HPOS="821" VPOS="788" WIDTH="6" HEIGHT="26" WC="0.96" CONTENT="i"/><SP WIDTH="20" VPOS="788" HPOS="827"/>
							<String ID="string_101" HPOS="847" VPOS="786" WIDTH="117" HEIGHT="28" WC="0.96" CONTENT="brottmål."/>
						</TextLine>
					</TextBlock>
				</ComposedBlock>
				<ComposedBlock ID="cblock_4" HPOS="428" VPOS="857" WIDTH="492" HEIGHT="28">
					<TextBlock ID="block_5" HPOS="428" VPOS="857" WIDTH="492" HEIGHT="28">
						<TextLine ID="line_16" HPOS="428" VPOS="857" WIDTH="492" HEIGHT="28">
							<String ID="string_102" HPOS="428" VPOS="857" WIDTH="135" HEIGHT="28" WC="0.93" CONTENT="Härigenom"/><SP WIDTH="14" VPOS="857" HPOS="563"/>
							<String ID="string_103" HPOS="577" VPOS="858" WIDTH="79" HEIGHT="21" WC="0.91" CONTENT="varder"/><SP WIDTH="15" VPOS="858" HPOS="656"/>
							<String ID="string_104" HPOS="671" VPOS="858" WIDTH="102" HEIGHT="27" WC="0.91" CONTENT="stadgadt"/><SP WIDTH="14" VPOS="858" HPOS="773"/>
							<String ID="string_105" HPOS="787" VPOS="864" WIDTH="45" HEIGHT="14" WC="0.96" CONTENT="som"/><SP WIDTH="14" VPOS="864" HPOS="832"/>
							<String ID="string_106" HPOS="846" VPOS="857" WIDTH="74" HEIGHT="28" WC="0.96" CONTENT="följer:"/>
						</TextLine>
					</TextBlock>
				</ComposedBlock>
				<ComposedBlock ID="cblock_5" HPOS="353" VPOS="917" WIDTH="612" HEIGHT="507">
					<TextBlock ID="block_6" HPOS="353" VPOS="917" WIDTH="612" HEIGHT="507">
						<TextLine ID="line_17" HPOS="634" VPOS="917" WIDTH="50" HEIGHT="27">
							<String ID="string_107" HPOS="634" VPOS="917" WIDTH="13" HEIGHT="21" WC="0.86" CONTENT="1"/><SP WIDTH="16" VPOS="917" HPOS="647"/>
							<String ID="string_108" HPOS="663" VPOS="918" WIDTH="21" HEIGHT="26" WC="0.86" CONTENT="$."/>
						</TextLine>
						<TextLine ID="line_18" HPOS="428" VPOS="958" WIDTH="536" HEIGHT="28">
							<String ID="string_109" HPOS="428" VPOS="958" WIDTH="65" HEIGHT="21" WC="0.93" CONTENT="Hvad"/><SP WIDTH="23" VPOS="958" HPOS="493"/>
							<String ID="string_110" HPOS="516" VPOS="958" WIDTH="9" HEIGHT="21" WC="0.95" CONTENT="i"/><SP WIDTH="22" VPOS="958" HPOS="525"/>
							<String ID="string_111" HPOS="547" VPOS="958" WIDTH="31" HEIGHT="21" WC="0.92" CONTENT="38"/><SP WIDTH="19" VPOS="958" HPOS="578"/>
							<String ID="string_112" HPOS="597" VPOS="958" WIDTH="101" HEIGHT="27" WC="0.96" CONTENT="punkten"/><SP WIDTH="20" VPOS="958" HPOS="698"/>
							<String ID="string_113" HPOS="718" VPOS="958" WIDTH="27" HEIGHT="27" WC="0.93" CONTENT="af"/><SP WIDTH="4" VPOS="958" HPOS="745"/>
							<String ID="string_114" HPOS="749" VPOS="958" WIDTH="157" HEIGHT="28" WC="0.95" CONTENT="förklaringen"/><SP WIDTH="16" VPOS="958" HPOS="906"/>
							<String ID="string_115" HPOS="922" VPOS="958" WIDTH="42" HEIGHT="22" WC="0.96" CONTENT="den"/>
						</TextLine>
						<TextLine ID="line_19" HPOS="357" VPOS="993" WIDTH="607" HEIGHT="28">
							<String ID="string_116" HPOS="357" VPOS="993" WIDTH="30" HEIGHT="21" WC="0.96" CONTENT="23"/><SP WIDTH="24" VPOS="993" HPOS="387"/>
							<String ID="string_117" HPOS="411" VPOS="993" WIDTH="62" HEIGHT="21" WC="0.96" CONTENT="Mars"/><SP WIDTH="16" VPOS="993" HPOS="473"/>
							<String ID="string_118" HPOS="489" VPOS="993" WIDTH="59" HEIGHT="21" WC="0.96" CONTENT="1807"/><SP WIDTH="16" VPOS="993" HPOS="548"/>
							<String ID="string_119" HPOS="564" VPOS="996" WIDTH="55" HEIGHT="19" WC="0.96" CONTENT="samt"/><SP WIDTH="16" VPOS="996" HPOS="619"/>
							<String ID="string_120" HPOS="635" VPOS="994" WIDTH="30" HEIGHT="20" WC="0.96" CONTENT="30"/><SP WIDTH="16" VPOS="994" HPOS="665"/>
							<String ID="string_121" HPOS="681" VPOS="994" WIDTH="47" HEIGHT="26" WC="0.95" CONTENT="kap."/><SP WIDTH="17" VPOS="994" HPOS="728"/>
							<String ID="string_122" HPOS="745" VPOS="994" WIDTH="29" HEIGHT="21" WC="0.93" CONTENT="19"/><SP WIDTH="16" VPOS="994" HPOS="774"/>
							<String ID="string_123" HPOS="790" VPOS="995" WIDTH="16" HEIGHT="26" WC="0.92" CONTENT="$"/><SP WIDTH="17" VPOS="995" HPOS="806"/>
							<String ID="string_124" HPOS="823" VPOS="994" WIDTH="28" HEIGHT="21" WC="0.93" CONTENT="R."/><SP WIDTH="16" VPOS="994" HPOS="851"/>
							<String ID="string_125" HPOS="867" VPOS="994" WIDTH="33" HEIGHT="25" WC="0.88" CONTENT="B.,"/><SP WIDTH="16" VPOS="994" HPOS="900"/>
							<String ID="string_126" HPOS="916" VPOS="994" WIDTH="48" HEIGHT="21" WC="0.89" CONTENT="sist-"/>
						</TextLine>
						<TextLine ID="line_20" HPOS="355" VPOS="1029" WIDTH="609" HEIGHT="28">
							<String ID="string_127" HPOS="355" VPOS="1029" WIDTH="98" HEIGHT="21" WC="0.93" CONTENT="nämnda"/><SP WIDTH="16" VPOS="1029" HPOS="453"/>
							<String ID="string_128" HPOS="469" VPOS="1029" WIDTH="84" HEIGHT="27" WC="0.90" CONTENT="lagrum"/><SP WIDTH="16" VPOS="1029" HPOS="553"/>
							<String ID="string_129" HPOS="569" VPOS="1030" WIDTH="78" HEIGHT="21" WC="0.93" CONTENT="sädant"/><SP WIDTH="23" VPOS="1030" HPOS="647"/>
							<String ID="string_130" HPOS="670" VPOS="1030" WIDTH="35" HEIGHT="21" WC="0.93" CONTENT="det"/><SP WIDTH="16" VPOS="1030" HPOS="705"/>
							<String ID="string_131" HPOS="721" VPOS="1030" WIDTH="60" HEIGHT="26" WC="0.92" CONTENT="lyder"/><SP WIDTH="16" VPOS="1030" HPOS="781"/>
							<String ID="string_132" HPOS="797" VPOS="1029" WIDTH="68" HEIGHT="28" WC="0.93" CONTENT="enligt"/><SP WIDTH="14" VPOS="1029" HPOS="865"/>
							<String ID="string_133" HPOS="879" VPOS="1029" WIDTH="85" HEIGHT="27" WC="0.92" CONTENT="förord-"/>
						</TextLine>
						<TextLine ID="line_21" HPOS="356" VPOS="1063" WIDTH="608" HEIGHT="30">
							<String ID="string_134" HPOS="356" VPOS="1063" WIDTH="82" HEIGHT="28" WC="0.96" CONTENT="ningen"/><SP WIDTH="11" VPOS="1063" HPOS="438"/>
							<String ID="string_135" HPOS="449" VPOS="1065" WIDTH="42" HEIGHT="20" WC="0.96" CONTENT="den"/><SP WIDTH="16" VPOS="1065" HPOS="491"/>
							<String ID="string_136" HPOS="507" VPOS="1065" WIDTH="30" HEIGHT="20" WC="0.95" CONTENT="27"/><SP WIDTH="10" VPOS="1065" HPOS="537"/>
							<String ID="string_137" HPOS="547" VPOS="1065" WIDTH="66" HEIGHT="26" WC="0.96" CONTENT="April"/><SP WIDTH="16" VPOS="1065" HPOS="613"/>
							<String ID="string_138" HPOS="629" VPOS="1065" WIDTH="64" HEIGHT="28" WC="0.92" CONTENT="1868,"/><SP WIDTH="16" VPOS="1065" HPOS="693"/>
							<String ID="string_139" HPOS="709" VPOS="1064" WIDTH="142" HEIGHT="27" WC="0.70" CONTENT="föreskrifves"/><SP WIDTH="16" VPOS="1064" HPOS="851"/>
							<String ID="string_140" HPOS="867" VPOS="1072" WIDTH="31" HEIGHT="13" WC="0.93" CONTENT="om"/><SP WIDTH="9" VPOS="1072" HPOS="898"/>
							<String ID="string_141" HPOS="907" VPOS="1065" WIDTH="57" HEIGHT="27" WC="0.92" CONTENT="skyl-"/>
						</TextLine>
						<TextLine ID="line_22" HPOS="356" VPOS="1099" WIDTH="609" HEIGHT="28">
							<String ID="string_142" HPOS="356" VPOS="1099" WIDTH="73" HEIGHT="28" WC="0.96" CONTENT="dighet"/><SP WIDTH="21" VPOS="1099" HPOS="429"/>
							<String ID="string_143" HPOS="450" VPOS="1099" WIDTH="35" HEIGHT="27" WC="0.96" CONTENT="för"/><SP WIDTH="23" VPOS="1099" HPOS="485"/>
							<String ID="string_144" HPOS="508" VPOS="1100" WIDTH="48" HEIGHT="26" WC="0.96" CONTENT="den,"/><SP WIDTH="21" VPOS="1100" HPOS="556"/>
							<String ID="string_145" HPOS="577" VPOS="1107" WIDTH="44" HEIGHT="14" WC="0.96" CONTENT="som"/><SP WIDTH="23" VPOS="1107" HPOS="621"/>
							<String ID="string_146" HPOS="644" VPOS="1102" WIDTH="27" HEIGHT="19" WC="0.96" CONTENT="är"/><SP WIDTH="21" VPOS="1102" HPOS="671"/>
							<String ID="string_147" HPOS="692" VPOS="1100" WIDTH="34" HEIGHT="21" WC="0.93" CONTENT="till"/><SP WIDTH="15" VPOS="1100" HPOS="726"/>
							<String ID="string_148" HPOS="741" VPOS="1100" WIDTH="58" HEIGHT="21" WC="0.93" CONTENT="böter"/><SP WIDTH="14" VPOS="1100" HPOS="799"/>
							<String ID="string_149" HPOS="813" VPOS="1099" WIDTH="54" HEIGHT="28" WC="0.86" CONTENT="fäld,"/><SP WIDTH="16" VPOS="1099" HPOS="867"/>
							<String ID="string_150" HPOS="883" VPOS="1101" WIDTH="31" HEIGHT="20" WC="0.96" CONTENT="att"/><SP WIDTH="15" VPOS="1101" HPOS="914"/>
							<String ID="string_151" HPOS="929" VPOS="1100" WIDTH="36" HEIGHT="27" WC="0.96" CONTENT="för"/>
						</TextLine>
						<TextLine ID="line_23" HPOS="356" VPOS="1135" WIDTH="608" HEIGHT="28">
							<String ID="string_152" HPOS="356" VPOS="1135" WIDTH="201" HEIGHT="28" WC="0.91" CONTENT="ändringssökande"/><SP WIDTH="23" VPOS="1135" HPOS="557"/>
							<String ID="string_153" HPOS="580" VPOS="1136" WIDTH="99" HEIGHT="21" WC="0.85" CONTENT="nedsätta"/><SP WIDTH="18" VPOS="1136" HPOS="679"/>
							<String ID="string_154" HPOS="697" VPOS="1135" WIDTH="148" HEIGHT="28" WC="0.48" CONTENT="bötesbeloppet"/><SP WIDTH="18" VPOS="1135" HPOS="845"/>
							<String ID="string_155" HPOS="863" VPOS="1135" WIDTH="50" HEIGHT="22" WC="0.96" CONTENT="eller"/><SP WIDTH="14" VPOS="1135" HPOS="913"/>
							<String ID="string_156" HPOS="927" VPOS="1135" WIDTH="37" HEIGHT="27" WC="0.96" CONTENT="för"/>
						</TextLine>
						<TextLine ID="line_24" HPOS="356" VPOS="1170" WIDTH="607" HEIGHT="29">
							<String ID="string_157" HPOS="356" VPOS="1170" WIDTH="117" HEIGHT="22" WC="0.90" CONTENT="detsamma"/><SP WIDTH="14" VPOS="1170" HPOS="473"/>
							<String ID="string_158" HPOS="487" VPOS="1171" WIDTH="65" HEIGHT="21" WC="0.92" CONTENT="ställa"/><SP WIDTH="16" VPOS="1171" HPOS="552"/>
							<String ID="string_159" HPOS="568" VPOS="1171" WIDTH="77" HEIGHT="28" WC="0.92" CONTENT="borgen"/><SP WIDTH="16" VPOS="1171" HPOS="645"/>
							<String ID="string_160" HPOS="661" VPOS="1171" WIDTH="52" HEIGHT="22" WC="0.93" CONTENT="eller"/><SP WIDTH="16" VPOS="1171" HPOS="713"/>
							<String ID="string_161" HPOS="729" VPOS="1171" WIDTH="36" HEIGHT="22" WC="0.93" CONTENT="ock"/><SP WIDTH="16" VPOS="1171" HPOS="765"/>
							<String ID="string_162" HPOS="781" VPOS="1172" WIDTH="35" HEIGHT="21" WC="0.93" CONTENT="sin"/><SP WIDTH="17" VPOS="1172" HPOS="816"/>
							<String ID="string_163" HPOS="833" VPOS="1171" WIDTH="130" HEIGHT="28" WC="0.92" CONTENT="oförmögen-"/>
						</TextLine>
						<TextLine ID="line_25" HPOS="355" VPOS="1206" WIDTH="609" HEIGHT="28">
							<String ID="string_164" HPOS="355" VPOS="1206" WIDTH="34" HEIGHT="21" WC="0.93" CONTENT="het"/><SP WIDTH="16" VPOS="1206" HPOS="389"/>
							<String ID="string_165" HPOS="405" VPOS="1206" WIDTH="72" HEIGHT="21" WC="0.92" CONTENT="dertill"/><SP WIDTH="16" VPOS="1206" HPOS="477"/>
							<String ID="string_166" HPOS="493" VPOS="1207" WIDTH="82" HEIGHT="27" WC="0.92" CONTENT="styrka,"/><SP WIDTH="17" VPOS="1207" HPOS="575"/>
							<String ID="string_167" HPOS="592" VPOS="1207" WIDTH="55" HEIGHT="21" WC="0.93" CONTENT="skall"/><SP WIDTH="16" VPOS="1207" HPOS="647"/>
							<String ID="string_168" HPOS="663" VPOS="1207" WIDTH="45" HEIGHT="21" WC="0.91" CONTENT="icke"/><SP WIDTH="15" VPOS="1207" HPOS="708"/>
							<String ID="string_169" HPOS="723" VPOS="1207" WIDTH="76" HEIGHT="21" WC="0.92" CONTENT="vidare"/><SP WIDTH="16" VPOS="1207" HPOS="799"/>
							<String ID="string_170" HPOS="815" VPOS="1213" WIDTH="39" HEIGHT="21" WC="0.92" CONTENT="ega"/><SP WIDTH="16" VPOS="1213" HPOS="854"/>
							<String ID="string_171" HPOS="870" VPOS="1207" WIDTH="94" HEIGHT="27" WC="0.93" CONTENT="tillämp-"/>
						</TextLine>
						<TextLine ID="line_26" HPOS="357" VPOS="1241" WIDTH="69" HEIGHT="28">
							<String ID="string_172" HPOS="357" VPOS="1241" WIDTH="69" HEIGHT="28" WC="0.92" CONTENT="lighet."/>
						</TextLine>
						<TextLine ID="line_27" HPOS="633" VPOS="1284" WIDTH="50" HEIGHT="27">
							<String ID="string_173" HPOS="633" VPOS="1284" WIDTH="16" HEIGHT="20" WC="0.86" CONTENT="2"/><SP WIDTH="14" VPOS="1284" HPOS="649"/>
							<String ID="string_174" HPOS="663" VPOS="1285" WIDTH="20" HEIGHT="26" WC="0.48" CONTENT="8."/>
						</TextLine>
						<TextLine ID="line_28" HPOS="427" VPOS="1324" WIDTH="537" HEIGHT="29">
							<String ID="string_175" HPOS="427" VPOS="1324" WIDTH="89" HEIGHT="21" WC="0.91" CONTENT="Allmän"/><SP WIDTH="21" VPOS="1324" HPOS="516"/>
							<String ID="string_176" HPOS="537" VPOS="1324" WIDTH="110" HEIGHT="29" WC="0.91" CONTENT="äklagare,"/><SP WIDTH="20" VPOS="1324" HPOS="647"/>
							<String ID="string_177" HPOS="667" VPOS="1332" WIDTH="44" HEIGHT="14" WC="0.96" CONTENT="som"/><SP WIDTH="15" VPOS="1332" HPOS="711"/>
							<String ID="string_178" HPOS="726" VPOS="1325" WIDTH="41" HEIGHT="21" WC="0.96" CONTENT="har"/><SP WIDTH="16" VPOS="1325" HPOS="767"/>
							<String ID="string_179" HPOS="783" VPOS="1326" WIDTH="32" HEIGHT="20" WC="0.96" CONTENT="att"/><SP WIDTH="15" VPOS="1326" HPOS="815"/>
							<String ID="string_180" HPOS="830" VPOS="1325" WIDTH="37" HEIGHT="21" WC="0.93" CONTENT="hos"/><SP WIDTH="16" VPOS="1325" HPOS="867"/>
							<String ID="string_181" HPOS="883" VPOS="1324" WIDTH="81" HEIGHT="27" WC="0.88" CONTENT="hofrätt"/>
						</TextLine>
						<TextLine ID="line_29" HPOS="355" VPOS="1359" WIDTH="609" HEIGHT="29">
							<String ID="string_182" HPOS="355" VPOS="1359" WIDTH="14" HEIGHT="21" WC="0.92" CONTENT="å"/><SP WIDTH="22" VPOS="1359" HPOS="369"/>
							<String ID="string_183" HPOS="391" VPOS="1360" WIDTH="104" HEIGHT="26" WC="0.91" CONTENT="tjenstens"/><SP WIDTH="20" VPOS="1360" HPOS="495"/>
							<String ID="string_184" HPOS="515" VPOS="1362" WIDTH="86" HEIGHT="26" WC="0.96" CONTENT="vägnar"/><SP WIDTH="20" VPOS="1362" HPOS="601"/>
							<String ID="string_185" HPOS="621" VPOS="1360" WIDTH="78" HEIGHT="27" WC="0.95" CONTENT="anföra"/><SP WIDTH="22" VPOS="1360" HPOS="699"/>
							<String ID="string_186" HPOS="721" VPOS="1361" WIDTH="75" HEIGHT="21" WC="0.96" CONTENT="besvär"/><SP WIDTH="16" VPOS="1361" HPOS="796"/>
							<String ID="string_187" HPOS="812" VPOS="1360" WIDTH="51" HEIGHT="21" WC="0.93" CONTENT="eller"/><SP WIDTH="16" VPOS="1360" HPOS="863"/>
							<String ID="string_188" HPOS="879" VPOS="1359" WIDTH="85" HEIGHT="29" WC="0.92" CONTENT="afgifva"/>
						</TextLine>
						<TextLine ID="line_30" HPOS="353" VPOS="1394" WIDTH="611" HEIGHT="30">
							<String ID="string_189" HPOS="353" VPOS="1394" WIDTH="132" HEIGHT="29" WC="0.93" CONTENT="förklaring,"/><SP WIDTH="17" VPOS="1394" HPOS="485"/>
							<String ID="string_190" HPOS="502" VPOS="1403" WIDTH="36" HEIGHT="21" WC="0.93" CONTENT="ege"/><SP WIDTH="15" VPOS="1403" HPOS="538"/>
							<String ID="string_191" HPOS="553" VPOS="1397" WIDTH="45" HEIGHT="20" WC="0.96" CONTENT="rätt"/><SP WIDTH="16" VPOS="1397" HPOS="598"/>
							<String ID="string_192" HPOS="614" VPOS="1397" WIDTH="31" HEIGHT="20" WC="0.93" CONTENT="att"/><SP WIDTH="16" VPOS="1397" HPOS="645"/>
							<String ID="string_193" HPOS="661" VPOS="1396" WIDTH="102" HEIGHT="21" WC="0.96" CONTENT="besvären"/><SP WIDTH="16" VPOS="1396" HPOS="763"/>
							<String ID="string_194" HPOS="779" VPOS="1395" WIDTH="51" HEIGHT="22" WC="0.93" CONTENT="eller"/><SP WIDTH="14" VPOS="1395" HPOS="830"/>
							<String ID="string_195" HPOS="844" VPOS="1395" WIDTH="120" HEIGHT="27" WC="0.93" CONTENT="förklarin-"/>
						</TextLine>
					</TextBlock>
				</ComposedBlock>
			</PrintSpace>
		</Page>
	</Layout>
</alto>
