1056 1700
198 100 28 20 34
432 98 19 21 U.
468 98 19 21 B.
504 110 27 4 —
548 98 57 26 Prop.
622 98 34 21 N:o
672 97 35 22 20.

166 158 150 27 upptagandet
340 157 24 21 af
385 159 32 20 ett
439 157 116 22 utländskt
575 157 37 21 län
627 157 38 22 vid
681 156 68 28 sagda
764 156 33 22 tid
813 156 19 28 ej
849 157 28 26 pä
893 156 94 22 förhand

166 194 45 20 kan
227 193 108 22 bedömas.
366 191 31 23 På
413 193 71 27 grund
499 192 68 22 häraf
580 193 41 21 har
634 192 39 28 jag
689 193 73 21 ansett
777 192 84 28 nödigt,
873 194 32 20 att
917 192 69 22 Stats-

167 230 116 26 utskottet,
305 229 50 21 med
378 229 118 27 anledning
522 228 25 22 af
561 228 37 22 det
614 228 25 21 af
651 228 141 27 Regeringen
807 228 78 27 gjorda
900 228 86 22 medde-

165 265 83 27 landet,
265 265 72 21 skulle
353 264 35 22 för
404 264 123 22 Ständerna
542 264 83 22 föreslå
642 270 27 15 en
685 264 103 20 anhållan
803 264 40 21 hos
859 264 61 21 Hans
934 263 52 27 Kej-

166 301 83 27 serliga
264 300 104 28 Majestät
384 300 80 28 derom,

380 367 33 20 att
435 365 34 22 det
491 366 74 21 senast
583 365 130 28 ifrägasatta
731 364 124 22 inlösandet
870 364 27 27 af
911 372 27 14 en
953 364 34 22 del

309 401 28 27 af
358 401 57 22 lånet
430 401 45 22 icke
490 400 66 28 blefve
573 400 132 28 verkställät,
721 402 55 20 utan
791 402 32 20 att
838 401 43 21 den
895 400 92 28 tidigare

302 437 121 27 faststälda
446 437 179 24 konverteringen
648 436 30 27 af
697 437 67 27 sagda
785 437 44 27 län,
851 437 9 20 i
881 437 105 27 öfverens-

309 473 118 22 stämmelse
442 473 47 21 med
504 472 136 22 Ständernas
655 472 112 26 anhållan,
783 473 14 20 å
813 472 102 28 lämpliga
931 472 55 21 tider

308 509 66 21 mätte
389 509 90 26 utföras.

238 574 134 27 Härigenom
395 574 72 22 skulle
490 574 104 26 beloppet
618 573 25 21 af
666 574 27 21 de
710 573 129 28 öfverskott,
857 580 45 15 som
917 574 70 21 under

165 610 192 26 budgetperioden
376 611 145 20 1892—1894
537 609 74 22 kunde
622 609 50 22 från
683 610 110 21 allmänna
807 609 136 22 statsfonden
952 609 35 21 till

165 645 282 22 kommunikationsfonden
463 644 129 28 öfverföras,
608 646 8 20 i
632 645 111 27 väsentlig
761 645 50 21 män
828 645 59 21 ökas.

237 681 35 21 Dä
294 681 113 22 intetdera
425 681 25 21 af
465 681 141 22 förestäende
622 683 82 19 tvenne
720 680 25 22 af
758 681 45 27 mig
818 681 58 21 inom
892 680 93 22 Statsut-

166 716 85 22 skottet
266 717 81 21 väckta
370 717 83 27 förslag
472 716 112 23 omfattats
601 716 24 22 af
639 716 50 22 dess
706 716 119 28 pluralitet,
841 717 41 20 har
895 716 38 27 jag
949 722 37 14 an-

166 753 45 20 sett
231 752 45 27 mig
296 753 54 21 böra
371 752 182 23 reservationsvis
571 752 118 21 framhålla
704 752 44 21 min
764 752 6 21 i
788 752 64 21 dessa
867 751 119 22 afscenden

165 786 51 22 frän
232 787 127 23 Utskottets
375 788 72 22 beslut
463 788 118 22 afvikande
597 788 93 26 mening.

749 852 57 22 Frith.
823 852 90 22 Neovius.

559 952 34 22 IL

237 1011 47 22 För
305 1012 43 21 den
364 1012 105 22 händelse
484 1012 219 27 brännvinsskatten,
715 1012 69 26 enligt
795 1012 44 20 min
850 1012 137 21 reservation

164 1046 36 22 till
221 1047 127 22 Utskottets
370 1048 139 21 betänkande
531 1048 113 27 angående
664 1048 71 21 denna
751 1047 72 21 skatts
839 1047 147 27 användning,

164 1082 76 22 blefve
256 1082 113 22 öfverförd
384 1083 36 21 till
435 1083 222 27 bevillningsfonden,
674 1082 72 22 skulle
762 1082 132 27 kalkylerna
904 1082 35 21 för
949 1082 38 22 be-

164 1118 196 27 villningsmedlen
376 1118 35 22 för
427 1119 53 21 åren
497 1120 118 20 1892—94
631 1118 96 28 gestalta
743 1118 34 27 sig
793 1118 102 21 sålunda:

236 1153 299 23 Kommunikationsfondens
551 1154 92 27 utgifter
659 1153 74 22 blefve
749 1153 142 22 oförändradt
908 1153 34 29 (se
959 1154 29 21 si-

166 1188 43 21 dan
224 1188 40 28 20)
280 1190 49 27 Fay
346 1191 138 26 33,113,000:
501 1203 34 8 —

237 1224 105 23 Fondens
358 1225 163 22 inkomstkonto
537 1225 73 22 skulle
625 1227 104 25 upptaga:

273 1290 134 27 Behällning
423 1290 50 22 från
491 1292 75 20 1891.
598 1306 4 4 .
633 1306 4 4 .
670 1291 159 26 .10,665,629:
847 1290 33 21 21.

273 1325 101 22 Inkomst
390 1325 25 21 af
429 1326 205 27 statsjärnvägarna
668 1342 4 4 .
705 1327 123 25 9,600,000:
844 1338 29 2 —

273 1360 84 28 Bidrag
372 1360 25 22 af
409 1361 149 27 Björneborgs
574 1361 61 21 stad.
668 1377 4 4 .
742 1362 86 26 75,000:
845 1373 28 2 —

552 1402 123 27 Transport
698 1403 181 26 20,340,629:
845 1398 36 36 21.

236 1442 148 19 Statsutskottets
398 1444 116 18 betänkande
527 1444 37 18 N:o
577 1444 28 18 12.
