1053 1692
310 109 25 21 U.
351 109 26 21 B.
394 122 26 3 —
437 108 73 29 Prop.
526 108 44 22 N:o
586 108 36 27 24,
782 110 27 20 21

233 168 91 27 institut,
340 168 110 28 äfvensom
465 168 140 22 maskinister
620 168 38 21 och
671 167 171 27 understyrmän

233 204 35 21 stä
290 204 8 21 i
319 204 58 22 aktiv
397 204 65 28 tjenst
480 204 35 21 två
536 204 26 21 är
578 203 37 22 och
631 203 54 22 höra
700 202 93 28 derefter
809 204 32 20 tre

234 240 26 21 år
276 239 34 22 till
324 246 105 15 reserven.

304 276 45 23 2:0)
379 274 41 27 De,
436 281 43 15 som
496 275 122 27 genomgått
629 276 69 26 fyra-
711 274 62 21 eller
783 273 58 27 fem-

235 310 99 28 klassig
350 310 215 22 elementarskola
581 310 63 22 eller
659 310 183 21 motsvarande

234 346 99 21 klasser
352 346 30 27 af
403 347 106 26 lyceum,
527 346 63 21 eller
605 345 108 22 realskola
727 346 47 21 med
788 345 54 28 fyra

234 381 87 28 klasser,
332 381 314 28 folkskollärareseminarium,
663 381 178 22 handelsläro-

234 417 60 22 verk
314 417 53 22 med
389 417 90 28 längre
494 417 71 27 kurs,
582 417 50 22 eller
647 417 65 28 högre
727 417 115 27 afdelning

234 453 28 27 af
286 453 220 26 landtbruksinstitut,
526 453 50 22 eller
599 453 68 28 aflagt
693 452 149 22 motsvarande

234 488 165 28 kunskapsprof,
417 489 296 28 farmaciestuderande,
733 489 109 27 äfvensom

235 525 31 26 de,
289 524 73 22 hvilka
383 525 37 21 vid
440 525 199 28 navigationsskola
654 525 117 28 undergätt
787 525 54 27 styr-

234 566 71 16 mans-
322 559 51 22 eller
388 561 187 27 skepparexamen,
592 561 34 21 stä
641 561 9 20 i
665 560 58 22 aktiv
737 561 68 27 tjenst
815 562 27 20 ett

235 596 26 21 är
284 595 37 22 och
344 603 37 14 sex
401 596 105 22 månader
526 597 37 21 och
585 596 53 22 höra
659 596 94 27 derefter
769 598 32 20 tre
817 597 25 21 är

235 631 37 22 och
288 638 37 15 sex
340 632 90 21 månder
447 632 34 21 till
496 639 104 14 reserven.

306 667 42 26 3:0)
378 667 137 22 Studerande
531 668 36 21 vid
580 668 147 22 wniversitetet
739 668 37 21 och
787 668 55 21 ordi-

235 703 63 21 narie
313 703 69 22 elever
398 703 36 22 vid
444 703 154 28 polytekniska
612 703 111 22 institutet
733 703 109 27 äfvensom

236 739 30 26 de,
278 738 72 22 hvilka
359 739 121 28 genomgått
491 739 122 28 normal-,
625 739 66 22 real-
703 739 63 22 eller
777 739 65 21 klas-

237 773 65 22 siskt
317 774 100 27 lyceum
433 775 63 21 eller
512 775 135 22 allmänna
664 775 137 22 klasserna
817 774 30 27 af

237 809 90 24 finska
349 809 171 23 kadettkåren
544 810 49 21 eller
609 810 68 27 aflagt
693 810 151 22 motsvarande

238 845 165 27 kunskapsprof,
420 848 55 19 samt
491 846 31 26 de,
538 846 72 21 hvilka
626 846 116 28 undergått
758 845 84 28 sjökap-

237 882 141 26 tensexamen,
402 882 34 20 stå
458 881 9 21 i
488 881 60 21 aktiv
569 881 65 28 tjenst
653 883 28 20 ett
697 882 26 22 år
738 881 37 22 och
791 881 53 21 höra

238 916 92 27 derefter
345 916 52 28 fyra
413 918 26 20 år
455 917 33 21 till
502 924 106 14 reserven.

507 1001 15 27 5
538 1000 34 21 52.

472 1042 143 22 Oförändrad.

512 1120 15 26 $
543 1119 35 21 04.

308 1165 77 22 Innan
403 1166 41 21 den
462 1167 15 20 5
496 1166 98 22 Januari
614 1166 35 22 bör
660 1167 81 27 jemväl
756 1166 89 22 härads-

236 1201 130 27 skrifvaren,
386 1202 32 27 pä
440 1202 74 27 grund
535 1202 29 26 af
581 1202 25 22 de
627 1202 158 28 anteckningar
800 1202 46 20 han

237 1236 37 22 vid
288 1236 235 28 mantalsskrifningen
537 1236 37 28 för
590 1238 79 21 sådant
684 1237 102 22 ändamål
797 1244 49 20 eger

230 1272 62 27 föra,
317 1272 36 22 till
376 1272 191 28 uppdbädsnämden
592 1272 94 27 aflemna
705 1272 140 28 förteckning

238 1307 60 27 öfver
313 1308 45 21 alla
374 1308 35 22 uti
424 1308 90 22 häradet
530 1308 178 28 mantalsskrifne
719 1308 126 28 ynglingar,

237 1343 73 22 hvilka
323 1343 130 28 föregående
468 1345 27 21 år
510 1345 93 27 uppnått
618 1344 93 28 tjuguett
727 1344 36 22 års
779 1343 67 22 ålder.

236 1378 181 29 Förteckningen,
441 1380 89 22 hvartill
554 1380 81 28 nödiga
653 1380 117 21 blanketter
786 1378 60 22 skola

238 1413 26 27 af
276 1415 190 26 uppbådsnämden
477 1415 110 22 tillställas
598 1415 206 27 häradsskrifvaren
815 1421 31 14 se-

166 1456 127 23 Lagutskottets
306 1456 106 18 betänkande
423 1456 35 18 N:o
471 1457 30 17 17.
