1059 1703
85 293 120 18 Permanenta

88 327 72 17 en-gros
174 327 29 13 ne-

111 350 68 22 derlag.

76 506 85 18 Handeln
168 507 40 17 med

77 535 88 18 oarbetad
180 537 26 16 to-

124 564 41 18 bak.

93 639 108 18 Grunderna

88 667 29 18 för
129 669 73 16 tobaks-

89 696 113 18 beskattnin-

128 731 40 17 gen.

251 152 24 19 12

220 219 125 26 skaffenhet,
369 220 45 21 dels
439 220 22 21 af
483 220 73 21 stället
584 220 94 21 derifrån
703 221 123 20 densamma
850 220 70 21 blifvit
943 220 30 21 af-

220 254 60 21 sänd.

289 289 142 21 Permanenta
457 295 87 20 en-gros
569 290 101 25 nederlag
694 290 33 20 för
751 289 117 21 bladtobak
892 291 37 19 äro
952 289 23 21 af

221 325 75 19 trenne
319 324 55 25 slag:
400 324 20 27 1)
444 324 103 25 nederlag
570 324 34 20 för
620 324 58 20 såväl
696 324 101 20 utländsk
815 330 44 14 som
877 324 96 20 inhemsk

221 358 66 20 tobak
310 358 47 21 med
382 359 109 25 undantag
507 358 23 21 af
545 358 114 26 mahorka;
680 360 21 25 2)
718 358 102 26 nederlag
836 358 138 21 uteslutande

221 391 32 21 för
270 392 97 21 inhemsk
383 392 124 25 bladtobak,
525 395 57 18 utom
600 393 112 25 mahorka;
730 393 39 20 och
782 392 21 26 3)
815 393 103 25 nederlag
928 395 45 19 ute-

221 427 99 21 slutande
343 427 34 21 för
400 427 109 25 mahorka,
526 428 5 20 i
549 427 72 21 hvilka
644 428 61 20 äfven
729 427 22 21 fä
772 428 118 26 uppläggas
907 428 68 20 andra

221 462 87 20 dermed
325 462 102 20 likstälää
443 464 77 19 sorter.

289 497 139 26 Rättigheten
444 500 32 18 att
493 498 78 20 handla
586 498 48 20 med
651 498 103 20 oarbetad
766 497 66 21 tobak
845 497 129 21 tillkommer

221 532 77 20 endast
321 532 152 21 tobaksodlare
497 534 56 19 samt
576 532 138 21 innehafvare
731 532 23 21 af
769 538 86 21 en-gros
873 532 100 26 nederlag

221 566 53 21 eller
290 567 77 20 tabrik.
398 567 135 26 Försäljning
554 567 33 21 får
603 567 56 21 dock
676 567 37 21 ske
729 567 78 20 endast
823 567 31 20 till
872 573 102 19 personer

221 607 45 14 som
283 603 37 18 äro
338 602 134 25 berättigade
488 604 33 19 att
537 602 100 27 uppköpa
654 602 39 21 och
709 601 114 21 innehafva
839 601 66 20 sådan
918 607 56 14 vara.

290 635 73 21 Tobak
379 636 23 21 af
416 637 97 20 inhemsk
537 637 140 25 tillverkning
697 636 74 21 afsedd
788 636 33 20 för
838 635 136 21 konsumtion

221 669 33 21 får
271 671 17 25 ej
305 670 46 20 från
370 671 69 20 fabrik
456 671 52 21 eller
529 677 86 20 en-gros
633 671 102 26 nederlag
750 671 6 19 i
774 671 91 19 handeln
882 670 93 26 utgifvas

221 704 65 20 innan
311 704 140 22 föreskrifven
476 705 121 27 accisafgift
620 705 71 21 blifvit
715 704 74 26 erlagd
805 710 76 20 genom
898 710 76 14 varans

221 738 134 27 beläggande
371 740 46 20 med
435 740 110 20 banderol.
571 739 121 21 Utländska
704 739 175 21 tobaksfabrikat
890 741 36 18 äro
939 745 36 14 un-

221 772 130 22 derkastade
375 774 39 20 tull
438 774 38 21 och
500 774 69 21 förses
594 774 34 21 vid
645 774 154 26 förtullningen
817 774 47 20 med
881 774 92 20 särskild

222 807 109 21 banderol.
364 808 8 21 I
389 808 100 21 afseende
506 809 12 20 å
535 809 138 25 beskattning
697 808 82 21 indelas
801 808 173 21 tobakstillverk-

223 842 76 26 ningar
315 843 6 19 i
338 845 76 19 tvenne
437 846 60 18 stora
520 850 101 20 grupper,
646 844 105 25 nemligen
778 844 19 24 1)
814 842 106 21 röktobak
937 843 38 20 och

223 882 58 19 sous,
298 877 127 21 tillverkade
441 878 23 20 af
479 878 103 21 mahorka
598 878 52 21 eller
666 878 67 20 andra
750 877 112 21 inhemska
874 877 46 21 med
933 884 42 14 ma-

222 911 69 21 horka
307 912 102 21 likstälda
425 913 128 26 bladsorter,
571 913 38 21 och
621 913 21 26 2)
655 912 166 26 tillverkningar
837 912 22 20 af
874 912 100 20 utländsk

222 946 53 21 eller
291 946 66 21 finare
373 947 97 21 inhemsk
488 947 123 21 bladtobak.
635 947 74 21 Tobak
725 946 130 21 tillhörande
867 946 40 20 den
919 946 57 20 förra

222 987 97 20 gruppen
336 984 23 18 är
377 982 76 26 belagd
470 982 47 20 med
533 982 56 20 accis
606 982 31 20 till
655 982 59 26 lägre
731 981 84 27 belopp,
825 981 151 20 motsvarande

221 1016 14 18 8
251 1015 71 26 kopek
338 1016 33 20 för
388 1016 136 27 skälpundet,
542 1016 38 21 och
597 1016 54 21 skall
669 1016 91 20 beredas
772 1016 32 19 till
816 1014 59 26 groft
886 1014 88 21 karfvad

222 1049 155 26 kardustobak,
401 1051 89 26 pressad
516 1051 123 24 bladtobak,
656 1049 119 22 bladtobak
792 1049 4 20 i
815 1049 92 20 bundtar
924 1049 51 20 eller

222 1090 59 15 snus.
312 1085 42 20 För
377 1085 164 26 tillverkningar
565 1085 95 20 hörande
681 1085 32 20 till
731 1085 40 20 den
789 1089 75 16 senare
881 1089 95 20 gruppen

222 1119 39 20 och
279 1119 116 21 bestäende
411 1119 22 21 af
448 1119 89 22 karfvad
554 1119 71 26 tobak,
650 1125 58 20 snus,
729 1119 102 26 cigarrer,
848 1123 129 22 papyrosser

222 1159 18 14 0.
258 1159 16 14 s.
291 1160 18 14 v.
327 1154 62 26 utgär
413 1154 146 26 accisafgiften
583 1154 33 21 till
641 1154 84 26 mycket
749 1153 127 21 varierande
893 1152 83 27 belopp,

222 1187 108 22 beroende
353 1188 22 20 af
397 1189 177 26 tillverkningens
598 1188 155 21 beskaffenhet.
784 1187 41 21 Till
841 1187 135 21 undvikande

222 1222 23 20 af
259 1222 109 21 missbruk
385 1223 34 21 vid
437 1223 138 27 tillverkning
591 1223 22 21 af
628 1223 102 25 fabrikat,
747 1222 96 21 hörande
860 1222 32 20 till
904 1222 72 20 ofvan-

223 1258 92 20 nämnda
339 1257 68 21 första
431 1258 104 26 kategori,
553 1260 24 18 är
599 1260 139 24 transporten
762 1257 21 20 af
800 1256 73 21 härför
890 1256 88 21 afsedda

222 1292 152 20 tobakssorter
394 1292 145 21 underkastad
557 1292 92 21 särskild
666 1292 95 21 kontroll
778 1291 39 21 och
834 1291 33 21 fär
882 1290 96 21 tillverk-

222 1326 79 26 ningen
325 1326 108 21 bedrifvas
450 1327 77 21 endast
542 1327 6 20 i
565 1327 89 27 specielt
671 1326 32 21 för
720 1326 61 21 detta
797 1326 99 20 ändamål
912 1327 66 19 inrät-

222 1361 51 20 tade
297 1361 96 20 fabriker
415 1361 53 20 eller
483 1362 7 20 i
506 1362 107 20 särskilda
636 1360 137 27 afdelningar
792 1360 22 21 af
830 1360 25 20 de
873 1360 105 20 allmänna

222 1395 131 21 fabrikerna.
384 1395 123 27 Beredning
531 1395 38 21 och
585 1395 167 26 banderolering
769 1395 22 20 af
805 1395 91 26 pressad
912 1394 66 21 tobak

222 1430 39 20 och
279 1430 117 21 bladtobak
413 1431 5 20 i
436 1431 93 20 bundtar
545 1432 23 19 är
585 1430 54 21 dock
655 1430 68 21 under
740 1429 58 20 vissa
815 1429 69 20 vilkor
895 1429 82 20 tilläten

221 1465 13 20 å
250 1471 87 20 en-gros
355 1465 107 26 nederlag.
