1031 1698
208 150 12 20 2
344 176 2 2 >
404 149 28 23 U.
447 150 28 22 B.
492 163 26 2 —
533 150 73 28 Prop.
621 150 42 22 N:o
680 151 34 21 17.

386 215 166 29 Omröstning
563 211 177 37 sproposition
757 217 50 21 N:o
825 217 19 21 1.

385 261 55 27 Den,
464 270 45 13 som
522 263 124 27 godkänner
667 265 14 24 $
702 265 14 18 4
731 264 8 20 i
753 263 135 28 lagförslaget
910 265 26 20 sä

318 296 100 27 lydande:
447 297 153 28 ,Beträffande
623 297 37 22 tull
684 298 34 26 för
740 297 120 28 maltdryck,
890 304 46 15 som

320 330 30 21 till
371 330 95 22 Finland
487 331 84 27 införes,
592 331 74 22 länder
686 331 31 21 till
732 331 136 27 efterrättelse
882 331 55 22 hvad

319 364 70 21 derom
404 367 25 19 är
445 365 47 21 eller
506 365 76 22 varder
597 366 120 27 stadgadt",
733 368 69 19 röstar
812 366 45 27 ja.

385 399 48 22 Den
456 400 34 21 det
504 400 43 21 icke
560 402 45 25 gör,
620 402 71 20 röstar
705 400 55 27 nej.

251 467 56 22 Ifall
318 468 64 21 minst
393 468 37 21 tvä
444 468 132 28 tredjedelar
590 470 59 20 rösta
662 469 28 27 ja,
706 469 67 26 gäller
788 469 72 21 säsom
876 469 61 21 Stän-

182 501 78 22 dernas
276 502 78 25 beslut,
378 504 33 20 att
433 502 151 28 förordningen
601 509 34 16 om
650 503 112 22 maltskatt
780 503 93 27 antagits
888 504 50 21 med

182 536 13 25 $
211 537 12 19 4
239 535 7 21 i
263 536 39 21 den
318 536 22 21 af
354 537 115 22 Utskottet
484 537 122 27 föreslagna
620 538 102 27 lydelsen,
735 541 55 18 samt
800 539 52 20 utan
864 537 40 22 den
916 538 24 21 af

182 570 184 26 Borgareständet
389 571 100 22 beslutna
511 572 117 27 ingressen.
658 572 9 21 I
686 571 36 22 fall
743 572 47 21 icke
806 573 36 20 två
858 572 78 27 tredje-

183 604 59 21 delar
262 606 59 20 rösta
334 605 29 27 ja,
380 605 24 22 så
421 605 140 22 öfverlemnas
578 606 31 21 till
625 606 132 21 besvarande
772 606 93 27 följande

390 669 169 37 Omröstning
571 669 175 37 sproposition
763 674 51 22 N:o
830 675 25 21 2.

389 720 55 27 Den,
467 727 46 15 som
526 721 123 26 godkänner
664 721 193 26 Borgareständets
873 721 66 22 beslut

322 755 8 20 i
344 755 84 27 frägan,
444 757 70 19 röstar
522 755 46 27 ja.

390 789 48 22 Den
454 789 34 22 det
502 790 42 21 icke
558 791 44 26 gör,
618 791 69 20 röstar
703 789 55 27 nej.

254 858 78 21 Derest
347 858 47 21 icke
406 858 66 21 minst
487 858 35 22 två
538 858 131 27 tredjedelar
684 860 60 20 rösta
756 859 30 27 ja,
804 859 80 26 åligger
900 859 38 21 det

184 891 242 27 Bevillningsutskottet
444 894 33 20 att
492 893 108 21 inkomma
616 893 47 21 med
680 894 48 26 nytt
742 892 80 28 förslag
838 894 6 20 i
862 895 76 19 ämnet.

254 926 42 22 För
319 926 40 22 den
382 927 103 21 händelse
509 929 32 19 att
564 928 117 26 någotdera
704 927 24 21 af
744 928 26 20 de
787 927 153 22 ofvanstående

184 960 142 22 alternativen
342 962 74 20 vinner
432 962 92 26 lagenlig
540 962 118 26 pluralitet,
673 961 90 22 föreslås
780 962 70 21 såsom

392 1036 356 27 Omröstningsproposition
764 1035 52 22 N:o
830 1036 24 22 3.

390 1082 54 27 Den,
466 1090 45 14 som
535 1085 87 25 antager
636 1084 16 24 $
667 1084 13 20 1
695 1083 63 27 enligt
777 1082 113 23 Utskottets
906 1091 34 13 ur-

324 1117 124 27 sprungliga
464 1117 80 27 förslag
560 1118 26 20 så
602 1117 100 27 lydande:
727 1117 137 25 ,Tillverkare
880 1118 26 26 af
916 1118 25 24 öl,

322 1153 72 24 porter
409 1152 48 20 eller
477 1158 71 15 annan
564 1152 114 26 maltdryck
694 1152 53 21 skall
762 1152 8 20 i
785 1152 109 27 bevillning
910 1160 31 14 er-

324 1186 63 27 lägga
403 1193 24 14 en
442 1186 59 21 mark
516 1186 71 27 femtio
599 1186 68 27 penni
680 1186 35 27 för
724 1186 70 28 hvarje
803 1187 29 21 tio
842 1187 100 27 kilogram

324 1221 58 26 malt,
405 1227 45 15 som
473 1220 31 22 till
527 1221 114 21 beredande
661 1221 27 26 af
699 1221 70 22 sådan
784 1221 63 28 dryck
863 1223 79 20 använ-

325 1255 57 25 des",
397 1257 71 19 röstar
475 1255 45 26 ja.

392 1289 49 22 Den
457 1290 33 21 det
505 1289 41 22 icke
560 1291 44 26 gör,
620 1291 72 20 röstar
706 1290 56 27 nej.

256 1352 40 21 Om
312 1352 65 21 minst
399 1353 36 20 två
459 1352 130 27 tredjedelar
608 1352 23 22 af
645 1353 36 21 det
696 1352 117 23 förstärkta
829 1353 113 22 Utskottet

187 1387 61 20 rösta
263 1386 27 26 ja,
306 1387 68 26 gäller
388 1387 72 21 såsom
476 1387 131 22 Ständernas
623 1388 79 26 beslut,
718 1389 32 20 att
766 1388 86 21 skatten
868 1388 32 22 för
918 1391 24 19 10

186 1420 106 27 kilogram
314 1421 52 21 malt
390 1421 54 21 skall
468 1423 77 24 utgöra
568 1425 7 18 1
594 1423 60 20 mark
670 1424 26 19 50
712 1422 70 27 penni.
812 1423 10 20 I
838 1421 35 22 fall
896 1423 48 22 icke

187 1455 37 21 två
239 1455 131 27 tredjedelar
386 1457 60 20 rösta
458 1457 29 26 ja,
505 1456 24 21 så
546 1457 118 26 uppställes
681 1457 93 26 följande
