1059 1695
306 138 30 22 U.
352 139 28 21 B.
395 150 29 4 —
439 138 73 27 Prop.
528 138 42 22 N:o
587 138 35 22 18.
809 140 12 19 3

94 206 54 21 York
172 205 37 22 och
232 205 169 26 Massachusetts,
424 205 22 21 så
462 205 66 21 skulle
544 205 40 21 den
600 205 65 27 ärliga
680 205 171 21 statsinkomsten

94 241 22 20 af
129 240 68 21 denna
212 240 132 27 beskattning
360 240 73 27 belöpa
444 239 31 28 sig
490 239 33 21 till
539 239 75 25 35,000
630 239 12 21 å
658 239 76 26 50,000
749 239 64 25 mark,
826 245 25 14 en

95 281 87 18 summa,
198 274 42 21 lika
255 274 42 21 stor
312 274 48 21 med
374 274 55 21 hvad
444 274 48 21 hela
506 273 227 28 näringsbevillningen
745 274 31 21 för
784 273 68 21 utlän-

95 309 73 28 dingar
184 309 65 22 under
264 309 81 21 senaste
361 309 53 20 tider
428 308 89 27 inbragt.

163 344 30 21 På
215 343 67 28 grund
306 343 21 21 af
345 343 55 21 hvad
417 343 61 21 ofvan
493 343 125 20 framhällits
632 343 39 20 har
686 343 108 21 Utskottet
808 342 44 21 icke

95 379 80 20 kunnat
189 379 57 20 finna
261 378 35 21 det
311 385 49 14 vara
374 378 48 21 med
438 378 87 21 rättvisa
540 378 38 21 och
588 377 95 28 billighet
694 377 158 22 öfverensstäm-

95 413 80 25 mande,
199 414 31 20 att
249 413 66 26 enligt
329 412 157 27 ifrågavarande
501 412 122 27 förordning
638 412 94 20 beskatta
747 411 105 21 utländin-

96 454 42 21 gar,
152 448 71 21 hvilka
237 448 48 20 idka
300 454 25 14 en
341 447 84 21 alldeles
441 446 105 28 obetydlig
561 447 75 27 näring
652 446 76 27 (såsom
744 448 14 20 t.
774 452 28 15 ex.
817 453 36 21 po-

96 482 142 28 sitivspelare),
252 482 38 21 och
305 482 26 27 på
346 488 81 15 samma
440 482 56 27 gång
506 482 43 20 låta
560 482 24 20 de
595 481 111 21 utländska
716 481 136 27 försäkrings-

96 518 98 26 bolagens
214 517 47 21 vida
280 518 65 20 större
361 516 195 22 affärsverksamhet
570 516 8 20 i
593 516 71 21 landet
678 516 44 21 helt
736 516 38 21 och
789 516 65 21 hållet

96 552 70 27 undgå
181 552 40 21 den
235 551 48 21 med
298 551 68 21 denna
381 551 114 27 bevillning
510 550 85 22 afsedda
610 551 164 27 beskattningen.

164 586 113 28 Angående
293 586 63 21 sättet
372 585 30 21 för
418 585 134 27 beskattning
568 585 22 21 af
598 585 111 21 utländska
717 585 136 27 försäkrings-

96 622 61 26 bolag
172 622 71 20 kunna
258 620 54 22 olika
326 620 110 27 meningar
450 620 118 21 förefinnas.
598 620 50 20 Men
663 620 5 20 i
680 620 134 20 betraktande
828 620 24 25 af,

97 656 31 21 att
143 656 35 21 det
196 655 66 21 blefve
278 655 56 21 svårt
349 655 31 21 att
395 655 119 21 konstatera
529 655 97 27 beloppet
641 654 23 21 af
676 654 24 21 de
717 654 67 21 skilda
798 654 56 21 bola-

97 697 51 21 gens
163 690 61 26 vinst,
239 690 38 21 har
292 690 107 21 Utskottet
415 690 73 25 ansett,
504 690 32 20 att
551 690 160 26 beskattningen
726 690 66 21 blefve
800 690 54 20 mest

97 725 169 27 ändamålsenlig,
282 732 33 14 om
331 725 82 21 skatten
429 725 65 21 skulle
506 724 22 22 af
535 724 216 28 försäkringsbolagen
759 725 94 27 erläggas

97 760 26 28 på
138 766 80 15 samma
239 760 41 20 sätt
296 766 44 14 som
356 759 22 21 af
391 759 63 27 öfriga
472 759 66 27 enligt
552 759 156 27 ifrågavarande
723 760 36 26 lag
773 759 81 21 beskat-

97 794 48 22 tade
160 794 112 21 utländska
286 794 170 27 närings-idkare,
472 794 18 21 d.
506 801 18 14 v.
542 800 14 15 s.
567 794 31 20 för
610 794 42 21 viss
661 794 35 25 tid,
705 794 113 21 oberoende
829 794 25 24 af,

97 829 54 20 huru
170 830 56 19 stora
241 828 72 21 affärer
328 828 25 21 de
368 828 96 21 bedrifva.
495 828 232 27 Näringsbevillningen
742 828 62 21 borde
820 835 35 14 en-

96 863 40 27 ligt
151 863 117 21 Utskottets
286 863 86 27 mening
390 863 94 27 erläggas
500 863 7 20 i
522 864 31 20 ett
568 863 32 20 för
616 863 37 20 allt
668 862 22 21 af
702 863 152 21 vederbörande

97 898 71 27 bolags
183 898 7 20 i
205 898 88 21 Finland
316 897 116 22 etablerade
455 898 178 27 generalagentur,
650 904 34 15 om
699 897 64 22 sådan
778 898 76 23 finnes;

97 933 7 20 i
119 933 87 20 motsatt
221 932 36 21 fall
272 933 32 20 till
319 933 81 20 mindre
414 933 73 26 belopp
504 932 22 21 af
539 932 70 26 hvarje
624 932 160 27 underagentur.
807 932 48 21 Lik-

97 967 34 21 väl
146 967 38 21 har
198 967 112 25 Utskottet,
325 967 32 21 för
372 968 31 20 att
418 969 50 25 göra
484 973 25 15 en
524 967 75 21 rättvis
610 967 81 21 skilnad
702 967 88 21 emellan
801 967 54 21 olika

97 1002 47 27 slag
166 1001 22 22 af
205 1002 263 27 försäkringsverksamhet,
492 1001 85 22 hänfört
592 1001 215 28 försäkringsbolagen
823 1001 32 21 till

98 1037 76 20 tvänne
192 1037 120 27 kategorier,
328 1037 92 25 sålunda,
437 1037 31 20 att
483 1037 35 20 det
533 1036 108 27 föreslagit
657 1043 25 14 en
697 1037 53 26 årlig
765 1037 55 20 skatt
836 1036 22 21 af

98 1071 63 25 2,000
182 1072 60 20 mark
260 1071 31 21 för
308 1072 24 20 de
348 1072 66 26 bolag,
430 1072 70 20 hvilka
514 1072 49 20 idka
578 1071 80 25 brand-,
674 1071 32 21 lif-
721 1072 49 20 eller
785 1070 71 28 sjöför-

98 1106 84 27 säkring
205 1106 37 21 och
262 1106 60 25 1,500
339 1106 60 21 mark
413 1106 32 20 för
460 1106 52 25 dem,
529 1112 45 15 som
589 1106 93 21 bedrifva
697 1106 64 21 annat
776 1106 44 26 slag
836 1105 22 21 af

98 1140 122 27 försäkring,
235 1140 98 21 förutsatt
348 1140 7 21 i
365 1140 101 21 hvardera
474 1140 64 26 fallet,
547 1141 31 20 att
588 1140 88 27 bolagen
684 1140 6 20 i
699 1140 70 21 landet
780 1140 76 21 etable-

98 1176 33 20 rat
146 1181 25 15 en
187 1176 176 26 generalagentur.
392 1174 107 22 Bedrifves
518 1175 44 21 åter
578 1175 92 21 rörelsen
681 1181 74 21 genom
766 1176 90 26 agenter,

98 1209 84 21 stående
198 1209 6 21 i
220 1209 116 21 omedelbar
351 1209 124 21 förbindelse
491 1209 49 21 med
554 1210 94 26 bolagets
664 1210 91 26 styrelse,
769 1210 38 20 har
817 1209 39 21 Ut-

99 1244 77 21 skottet
191 1244 68 21 ansett
274 1244 34 20 det
323 1244 43 21 icke
382 1250 50 15 vara
446 1244 32 21 för
492 1244 84 27 mycket
590 1244 138 27 betungande,
744 1251 34 14 om
786 1244 70 26 hvarje

98 1277 156 28 underagentur
268 1278 65 21 skulle
349 1278 105 21 beskattas
476 1278 48 21 med
543 1278 43 21 200
600 1278 60 21 mark
677 1278 78 27 årligen
770 1278 32 21 för
817 1278 39 21 den

98 1312 55 21 förra
176 1312 38 21 och
238 1312 40 21 150
300 1312 58 21 mark
381 1312 31 21 för
430 1312 40 21 den
488 1319 72 14 senare
576 1312 108 27 kategorin
700 1313 22 20 af
734 1312 122 27 försäkring.

97 1346 107 21 Bedrifves
228 1346 22 21 af
265 1353 81 14 samma
363 1347 61 26 bolag
439 1347 206 27 försäkringsrörelse
659 1347 7 20 i
682 1347 54 21 olika
750 1347 106 25 brancher,

98 1381 37 21 bör
150 1381 160 27 ofvanstadgade
326 1381 114 28 bevillning
455 1381 103 27 sjelffallet
573 1382 95 27 erläggas
683 1381 32 22 för
729 1381 70 27 hvarje
814 1382 43 20 sär-

98 1415 53 22 skild
166 1415 94 22 branche.

167 1455 214 22 Bevillningsutskottets
394 1455 117 18 betänkande
524 1456 38 17 N:o
574 1457 16 16 3.
