1056 1686
400 147 45 23 N:o
466 149 38 21 17.
792 147 12 20 3

432 214 13 29 8
461 216 19 21 5.

148 257 85 25 Önskar
256 261 71 26 nägon
351 262 32 19 att
402 261 7 20 i
429 260 33 21 för
477 261 79 21 sädant
572 260 100 21 ändamäl
688 260 69 21 afsedt
771 260 63 26 bryg-

78 296 45 26 geri
146 295 31 21 till
200 294 127 28 försäljning
349 295 98 21 tillverka
462 295 127 27 maltdryck,
608 294 55 22 skall
678 295 41 21 han
736 294 38 22 hos
790 294 44 22 Gu-

78 332 105 19 vernören
203 330 7 20 i
225 330 59 20 länet
307 330 73 20 derom
403 330 85 21 anmäla
510 330 66 20 minst
591 331 34 19 tre
640 330 77 20 veckor
732 329 46 21 före
792 328 42 22 till-

79 364 144 27 verkningens
238 364 136 27 vidtagande.

148 399 145 26 Tillverkning
309 398 22 22 af
344 398 119 28 maltdryck
479 405 63 15 anses
558 398 90 22 fortfara
667 398 39 22 och
720 398 115 26 bevillning

78 434 40 20 bör
134 434 97 26 erläggas
247 433 56 21 intill
318 434 48 21 dess
381 433 123 21 tillverkare
519 440 35 14 om
572 433 106 21 rörelsens
694 432 142 28 upphörande

80 468 81 21 anmält
184 468 39 21 hos
246 468 140 21 Guvernören
401 468 7 20 i
423 468 65 26 länet,
504 468 86 20 hvilken
606 468 36 20 det
658 468 80 26 äligger
754 468 32 20 att
802 472 33 15 om

80 503 67 21 sädan
159 502 100 22 anmälan
268 503 129 21 underrätta
407 502 162 22 vederbörande
578 502 121 22 kontrollör
710 502 39 21 och
757 502 78 21 krono-

79 537 116 27 betjening.

433 600 14 29 8
464 603 18 19 6.

148 641 42 21 Vid
204 642 123 21 beredande
343 641 22 22 af
379 642 119 26 maltdryck
513 642 36 21 mä
564 643 101 25 surrogat
680 641 33 21 för
727 641 53 22 malt
791 641 45 21 icke

82 676 117 22 användas.

435 727 14 29 8
465 730 19 18 7.

151 767 71 27 Egare
238 768 51 21 eller
303 768 139 22 innehafvare
458 768 23 22 af
493 768 106 27 bryggeri,
616 767 70 22 afsedt
700 767 33 21 för
743 768 94 20 tillverk-

82 803 52 27 ning
150 802 23 21 af
186 802 144 27 maltdrycker
345 803 33 21 till
392 802 133 28 försäljning,
541 809 51 15 vare
607 802 83 27 skyldig
706 804 33 19 att
753 802 7 21 i
775 802 62 27 bryg-

81 837 69 26 geriet
166 837 50 21 eller
232 837 128 21 dithörande
374 837 101 27 byggnad
485 837 110 27 uppställa
606 837 38 21 och
659 836 92 22 derefter
761 837 7 20 i
779 836 59 21 skick

81 871 58 21 hålla
161 877 26 15 en
210 871 48 21 med
281 872 132 21 automatisk
436 871 137 22 maltmätare
595 871 86 21 försedd
704 877 68 21 gvarn
788 871 50 21 eller

81 906 70 26 kross,
175 912 53 20 som,
252 905 53 22 efter
329 905 98 22 deröfver
448 905 109 22 inlemnad
579 905 139 27 beskrifning,
733 905 69 21 blifvit
818 905 22 21 af

82 939 141 22 Guvernören
238 940 8 21 i
260 940 59 21 länet
334 940 107 27 godkänd.
458 940 127 27 Ansökning
600 940 74 21 härom
684 940 40 21 bör
734 940 58 21 inom
802 940 37 21 tvä

81 975 79 20 veckor
179 974 54 21 efter
249 975 48 21 dess
312 975 137 21 inlemnande
465 975 23 21 af
501 975 113 22 Guvernör
625 974 32 21 till
668 974 100 27 pröfning
784 981 54 20 upp-

82 1011 69 25 tagas.

149 1043 60 27 Malt,
233 1050 45 15 som
301 1044 32 21 till
355 1044 69 27 brygd
439 1044 56 21 skall
513 1044 117 27 användas,
646 1044 35 21 mä
699 1044 46 21 icke
761 1049 77 16 annor-

82 1079 74 21 städes
178 1079 93 26 skrotas,
295 1081 27 18 än
341 1079 7 20 i
366 1079 134 27 bryggeriets
516 1085 60 21 egen,
592 1079 48 20 med
658 1078 68 21 sädan
741 1078 98 21 maltmä-

83 1115 48 19 tare
146 1113 101 21 försedda
263 1120 67 20 gvarn
347 1113 50 21 eller
413 1114 69 21 kross.

152 1147 17 21 A
193 1146 105 23 Senatens
320 1148 118 21 Ekonomie
460 1148 156 27 Departement
636 1148 124 21 ankommer
775 1147 65 22 likväl

84 1183 39 26 att,
148 1182 37 21 der
208 1183 25 20 sä
255 1183 75 26 nödigt
350 1182 93 27 pröfvas,
467 1183 30 26 pä
519 1182 120 27 ansökning
654 1182 77 27 bevilja
746 1182 93 21 anständ

83 1218 49 21 med
147 1217 153 28 uppställande
315 1218 23 21 af
352 1217 63 22 ofvan
431 1217 129 22 föreskrifna
570 1218 203 27 mätningsapparat
784 1219 55 20 samt

83 1253 6 20 i
106 1252 60 21 detta
182 1252 43 27 fall,
242 1252 108 21 äfvensom
366 1253 27 20 dä
408 1253 138 21 maltmätare
560 1253 56 26 tagit
631 1252 67 21 skada
709 1252 38 21 och
758 1251 33 22 för
802 1252 36 21 nä-

84 1293 42 21 gon
141 1287 32 21 tid
188 1288 68 27 gjorts
272 1287 115 27 obrukbar,
403 1288 98 21 meddela
513 1287 138 27 erforderliga
661 1286 133 21 föreskrifter
805 1293 33 14 om

83 1322 134 21 kontrollens
232 1322 170 21 handhafvande.

441 1391 48 27 88.

151 1424 32 21 På
205 1425 148 21 tillverkarens
374 1431 77 15 ansvar
467 1425 40 21 och
521 1425 70 21 under
609 1424 131 28 förpligtelse
755 1423 33 22 för
803 1424 37 21 ho-

85 1466 50 15 nom
158 1460 39 25 att,
221 1460 27 20 dä
270 1460 79 20 sädant
371 1460 72 26 yrkas,
458 1460 91 27 beediga
568 1458 148 28 uppgifternas
731 1458 109 27 riktighet,
