1059 1695
333 92 19 23 U.
369 93 19 22 B.
405 104 29 5 —
451 92 81 29 Propes.
542 93 42 22 N:o
601 93 33 24 26.
816 95 13 23 9

110 157 48 15 som
186 152 126 21 motsvarar
341 153 90 22 stadens
455 152 52 23 hela
528 153 113 22 kontanta
667 154 74 29 utgift
764 154 35 23 för
822 155 38 22 ba-

109 193 57 14 nans
185 187 130 29 byggande,
337 187 54 23 eller
406 188 52 23 med
473 189 168 29 sammanlagdt
658 191 117 26 1,800,000
790 190 69 22 mark.

110 221 86 23 Staden
219 223 74 22 skulle
313 223 8 22 i
341 223 82 23 sådant
443 223 40 23 fall
507 232 76 15 ensam
604 225 25 22 få
649 225 96 22 bekosta
766 225 45 23 alla
833 225 28 23 de

109 258 86 29 nödiga
210 259 237 30 kajanläggningarna
462 262 59 21 samt
537 261 114 22 dessutom
666 263 54 20 utan
731 261 130 30 ersättning

109 293 61 23 afstä
187 295 35 22 för
238 295 145 22 hamnbanan
399 295 135 30 erforderlig
549 296 151 30 odisponerad
716 297 71 22 mark.
817 297 43 22 Ut-

110 330 86 23 skottet
211 330 41 23 har
268 333 57 20 trott
341 334 33 19 ett
389 332 59 23 efter
464 332 73 23 denna
553 333 76 29 grund
640 333 128 22 beräknadt
778 333 82 29 bidrag

110 367 26 21 af
156 367 131 22 statsmedel
310 369 24 20 sä
360 369 93 28 mycket
475 376 61 15 mera
552 369 70 22 hafva
637 368 50 23 skäl
703 369 36 22 för
754 369 43 30 sig,
813 376 47 15 som

109 402 156 23 hamnbanans
287 404 122 22 utförande
428 405 9 21 i
458 404 83 29 sjelfva
561 404 80 22 verket
656 404 103 23 kommer
775 406 35 20 att
825 405 35 21 för

110 439 137 22 statsverket
267 439 101 23 medföra
383 448 29 14 en
428 440 121 29 besparing
565 441 29 28 pä
609 443 72 19 annat
696 440 53 22 häll.
779 440 80 22 Redan

110 476 71 21 under
205 483 28 14 en
253 476 58 29 följd
333 476 25 22 af
375 477 24 21 är
420 476 41 22 har
481 476 190 30 godsbangärden
687 476 8 22 i
711 476 148 29 Helsingfors

109 511 61 23 visat
185 512 36 29 sig
235 519 56 15 vara
307 512 154 22 öfvermättan
476 514 74 28 träng,
567 512 42 22 och
623 512 52 22 med
686 512 175 30 nödvändighet

109 547 92 29 påkalla
216 547 106 30 betydlig
336 548 147 30 utvidgning.
513 548 37 22 En
566 548 70 22 sådan
652 549 73 28 pågår
740 548 69 22 också
825 548 36 22 för

109 584 141 22 närvarande
275 584 51 22 med
342 584 117 29 ansenliga
474 584 131 28 kostnader;
622 592 52 14 men
696 584 44 22 den
757 584 104 28 ständigt

110 620 103 22 växande
229 620 97 22 trafiken
337 620 58 22 skall
406 620 41 22 allt
459 620 140 22 fortfarande
610 620 95 29 betinga
717 620 143 29 bangårdens

110 656 78 22 vidare
207 656 130 30 förstoring.
368 656 151 23 Tillkomsten
535 657 26 21 af
575 656 44 22 den
634 656 131 30 föreslagna
780 656 79 22 hamn-

110 692 75 22 banan
208 692 59 22 skall
287 692 40 22 vid
347 692 80 23 sädant
442 692 143 23 förhällande
601 692 35 22 för
651 693 209 28 statsjernvägarne

110 728 82 22 bereda
212 728 120 29 möjlighet
352 728 37 22 till
410 736 28 14 en
459 728 141 29 välbehöflig
618 728 198 22 decentralisation
835 727 28 22 af

111 764 96 22 trafiken
226 764 8 21 i
250 764 150 29 Helsingfors.
430 764 42 22 Uti
487 764 238 30 Jernvägsstyrelsens
741 764 9 22 i
767 763 93 22 ärendet

110 800 89 29 afgifna
214 800 108 28 yttrande
338 800 103 29 antydes,
458 801 73 21 säsom
547 800 120 23 ofvanföre
681 802 100 25 nämnts,
798 801 62 19 utvä-

110 844 45 20 gen
178 838 39 24 att,
240 836 99 21 förutom
361 836 43 22 den
422 836 99 29 rymliga
539 835 133 30 bangärden
689 836 13 21 &
717 834 142 28 Skatudden,

110 871 98 30 anlägga
228 871 187 30 filialbangärdar
433 873 13 20 &
465 869 175 32 Kampmalinen
656 871 42 22 och
715 870 144 29 Hafstorget.

110 907 63 22 Både
193 907 132 30 härigenom
347 909 59 20 samt
421 915 82 22 genom
519 907 150 30 möjligheten
685 909 35 20 att
736 908 14 21 å
765 906 92 22 stadens

110 943 74 30 öfriga
205 943 64 29 kajer
290 943 87 22 direkte
392 943 52 22 från
460 943 79 30 fartyg
555 943 55 22 eller
625 943 103 29 magasin
744 943 61 22 lasta
820 949 39 15 va-

109 987 37 14 ror
162 979 8 22 i
186 987 66 21 vagn,
268 979 115 29 förflyttas
399 979 150 30 naturligtvis
565 987 28 14 en
609 981 47 20 stor
672 978 37 23 del
723 978 27 22 af
761 977 98 23 trafiken

110 1016 52 21 från
182 1015 44 22 den
246 1015 131 22 nuvarande
398 1015 137 30 bangården.
566 1015 166 22 Hamnbanans
748 1013 113 22 tillkomst

110 1051 100 23 minskar
225 1051 87 23 således
327 1051 141 29 väsendtligt
484 1051 109 22 behofvet
609 1051 25 22 af
647 1049 110 24 framtida
767 1049 92 30 utvidg-

110 1088 82 29 ningar
212 1089 52 21 utaf
281 1087 145 30 Helsingfors
445 1087 166 29 godsbangård,
630 1086 81 23 hvilka
725 1085 135 30 utvidgnin-

110 1132 42 22 gar
167 1124 114 22 dessutom
297 1124 8 22 i
321 1124 38 22 det
374 1126 114 20 närmaste
502 1123 163 30 omöjliggöras
679 1130 83 22 genom
773 1122 28 22 de
812 1128 48 15 oer-

110 1160 71 22 hörda
196 1160 126 28 kostnader,
338 1160 27 22 de
381 1160 74 22 skulle
470 1160 112 28 medtaga.

181 1196 43 22 Om
252 1196 43 22 den
320 1196 26 22 af
369 1196 112 23 utskottet
503 1203 32 15 nu
555 1194 120 24 förordade
697 1194 106 30 grunden
824 1193 36 22 för

110 1232 174 29 statsbidragets
300 1232 129 28 beviljande
445 1232 81 22 vinner
537 1230 139 23 Ständernas
686 1229 174 31 godkännande,

110 1269 71 20 måste
201 1268 8 21 i
229 1268 58 29 följd
305 1268 69 21 häraf
392 1268 91 21 utöfver
503 1267 28 22 de
547 1267 26 22 af
586 1267 66 22 Hans
668 1266 129 29 Kejserliga
811 1265 48 22 Ma-

108 1303 71 29 jestät
194 1311 27 14 ur
237 1303 115 23 allmänna
366 1303 145 22 statsfonden
526 1302 71 23 redan
610 1301 121 23 utlofvade
743 1301 118 29 1,000,000

110 1339 70 28 mark,
201 1341 124 27 yttermera
345 1339 35 22 för
401 1338 129 23 ändamålet
550 1338 75 23 anslås
641 1338 96 27 800,000
753 1336 66 23 mark
834 1343 28 14 ur

111 1375 299 22 kommunikationsfonden.

181 1417 174 23 Jernvägsutskottets
367 1415 108 20 betänkande
488 1416 36 19 N:o
537 1416 18 18 2.
