1045 1648
235 97 14 20 4
386 96 82 23 Ständ.
485 96 38 23 Sv.
540 109 28 4 —
584 96 73 29 Prop.
673 96 44 23 N:o
733 96 37 22 26.

203 156 94 22 nämnda
320 163 97 16 summan
438 157 40 22 bör
498 157 55 22 dock
570 157 103 28 afdragas
689 159 32 20 ett
737 157 78 27 belopp
832 157 25 21 af
870 158 80 26 42,430

204 193 62 21 mark
283 195 27 19 30
326 193 72 28 penni,
413 193 122 28 utgörande
546 193 123 22 kostnaden
680 193 35 22 för
725 193 128 28 kajarbeten
865 193 7 21 i
883 193 67 22 Sand-

203 229 73 27 viken,
297 229 76 22 hvilka
393 231 87 26 strängt
501 231 61 26 taget
578 229 49 22 icke
643 231 37 20 äro
696 229 35 22 för
744 229 135 28 jernvägens
894 229 56 22 utfö-

203 264 68 22 rande
288 264 150 28 erforderliga.
468 265 83 22 Vidare
568 265 64 28 ingår
647 265 6 22 i
671 271 81 16 samma
768 271 83 16 summa
867 267 32 20 ett
914 265 36 22 be-

203 301 51 26 lopp
278 300 24 21 af
323 302 94 26 333,884
440 301 70 28 mark,
532 301 121 28 utgörande
669 301 230 27 värderingssumman
915 300 35 22 för

203 336 77 21 staden
309 336 99 27 tillhörig
431 343 49 16 men
504 339 58 20 ännu
586 337 144 27 odisponerad
753 337 68 27 mark,
846 343 45 15 som
914 336 35 21 för

202 372 149 22 hamnbanans
366 372 68 22 behof
447 370 70 24 måste
533 373 108 26 upplåtas.
664 372 110 28 Afdragas
790 372 65 23 dessa
868 374 81 21 tvenne

203 410 81 26 poster,
305 409 96 22 erhålles
422 411 32 20 ett
475 409 79 27 belopp
576 409 23 21 af
621 411 115 26 1,795,862
753 409 62 22 mark
833 411 26 19 70
876 409 72 27 penni,

202 444 56 22 eller
273 444 8 21 i
296 445 66 21 rundt
378 445 31 21 tal
427 447 115 26 1,800,000.
560 445 68 28 mark,
645 445 198 27 representerande
859 445 89 22 stadens

202 480 126 23 beräknade
350 481 105 21 kontanta
476 480 67 29 utgift
564 481 35 22 för
618 481 137 22 hamnbanan
776 488 81 21 ensam,
875 481 74 22 derest

202 517 51 22 dess
269 516 116 23 utförande
400 517 85 23 komme
501 519 34 20 att
550 517 25 22 af
589 518 76 22 staden
682 517 133 28 öfvertagas.

274 552 93 23 Utöfver
395 553 71 22 denna
494 554 95 21 kostnad
614 554 83 27 nödgas
724 554 77 21 staden
825 553 122 22 cmellertid

201 589 76 22 ikläda
292 589 34 27 sig
341 589 124 27 betydande
481 589 93 28 utgifter
590 589 34 22 för
640 590 27 21 de
683 589 204 28 kajanläggningar,
902 596 45 15 som

203 625 48 22 med
279 625 148 22 hamnbanans
451 625 117 23 utförande
592 626 34 21 stå
649 625 8 21 i
680 626 135 21 omedelbart
839 625 108 22 samband.

202 661 276 27 Anläggningskostnaden
502 661 35 22 för
560 662 109 21 desamma
692 662 85 27 uppgår
801 662 36 21 till
859 662 7 20 i
881 661 67 22 rundt

201 697 32 21 tal
257 698 116 26 2,400,000
398 698 68 21 mark.
498 697 93 23 Stadens
612 698 107 22 kontanta
734 697 93 28 utgifter
842 697 34 22 för
892 696 55 23 före-

202 734 62 26 taget
279 733 7 21 i
302 733 50 22 dess
368 733 76 22 helhet
460 734 72 22 skulle
548 734 92 21 sålunda
655 735 156 26 representera
827 740 28 15 en
865 739 82 16 summa

202 768 25 22 af
240 770 117 27 4,200,000
374 770 68 21 mark.

273 805 43 22 Vid
343 805 78 22 sådant
443 804 138 23 förhållande
605 812 66 21 synes
695 805 38 22 det
756 805 122 22 Ständerna
899 804 48 23 icke

202 841 87 28 obilligt
303 843 33 20 att
352 841 77 23 staden
445 841 35 22 för
496 842 148 22 hamnbanans
661 841 116 22 utförande
793 843 95 20 ersättes
899 841 48 22 med

202 878 32 21 ett
255 877 85 28 belopp,
357 884 46 16 som
419 880 122 20 motsvarar
557 878 50 22 hela
623 878 42 22 den
681 878 106 22 kontanta
803 877 94 28 utgiften
913 876 35 23 för

201 913 83 23 banans
300 914 122 28 byggande,
439 914 55 22 eller
510 914 49 22 med
575 914 158 28 sammanlagdt
751 915 115 26 1,800,000
879 914 68 21 mark.

202 948 82 23 Staden
304 950 73 22 skulle
396 948 7 23 i
423 950 79 22 sådant
517 949 40 23 fall
573 956 74 16 ensam
663 950 22 21 få
701 950 92 21 bekosta
809 949 44 21 alla
868 949 26 22 de
910 951 36 20 nö-

202 985 51 28 diga
268 986 228 28 kajanläggningarna
512 989 56 19 samt
584 986 110 22 dessutom
710 988 52 19 utan
778 986 124 26 ersättning
916 984 30 22 af-

202 1022 34 21 stå
260 1021 34 22 för
317 1022 136 21 hamnbanan
474 1021 133 28 erforderlig
622 1021 145 27 odisponerad
785 1021 68 22 mark.
885 1020 61 22 Stän-

202 1057 68 22 derna
286 1057 65 23 hafva
367 1059 55 21 trott
438 1060 32 20 ett
486 1057 57 23 efter
559 1058 70 22 denna
645 1058 72 27 grund
732 1057 123 22 beräknadt
871 1056 77 28 bidrag

202 1092 24 22 af
248 1094 128 22 statsmedel
399 1094 24 21 så
447 1094 87 27 mycket
558 1100 60 15 mera
637 1093 67 22 hafva
724 1093 49 21 skäl
794 1092 35 22 för
845 1092 40 28 sig,
902 1099 45 15 som

201 1129 148 22 hamnbanans
373 1129 116 22 utförande
512 1130 7 21 i
543 1129 79 28 sjelfva
645 1129 80 22 verket
748 1129 97 21 kommer
865 1130 33 20 att
913 1128 35 22 för

201 1165 137 22 statsverket
361 1165 97 22 medföra
482 1172 27 15 en
530 1165 119 27 besparing
664 1165 29 27 på
709 1166 66 20 annat
790 1164 51 22 håll.
872 1164 75 22 Redan

201 1200 70 22 under
290 1207 26 15 en
335 1200 54 28 följd
405 1200 25 22 af
443 1201 25 21 år
484 1201 40 21 har
540 1200 182 28 godsbangården
738 1200 7 21 i
761 1199 139 28 Helsingfors
916 1200 31 22 vi-

201 1238 35 20 sat
262 1237 34 27 sig
319 1243 53 16 vara
395 1236 146 23 öfvermåttan
564 1237 66 27 trång
655 1237 39 21 och
715 1236 48 22 med
785 1236 163 27 nödvändighet

200 1272 90 27 påkalla
312 1274 100 26 betydlig
433 1274 135 27 utvidgning.
600 1273 34 21 En
655 1273 68 21 sådan
746 1272 69 28 pågår
831 1272 67 22 också
913 1272 35 21 för

200 1309 138 22 närvarande
361 1309 49 22 med
434 1309 114 28 ansenliga
569 1309 129 27 kostnader;
721 1315 49 16 men
791 1308 42 23 den
849 1308 99 27 ständigt

199 1345 100 22 växande
315 1345 95 22 trafiken
427 1345 56 22 skall
500 1345 41 22 allt
556 1345 136 22 fortfarande
708 1345 90 27 betinga
808 1343 139 28 bangårdens

200 1381 76 22 vidare
299 1380 126 29 förstoring,
456 1381 145 22 Tillkomsten
623 1380 24 22 af
666 1381 43 22 den
730 1380 125 27 föreslagna
872 1380 74 21 hamn-

199 1417 71 21 banan
296 1417 57 22 skall
377 1417 37 22 vid
438 1417 78 22 sådant
537 1417 137 22 förhållande
694 1416 34 22 för
744 1416 203 27 statsjernvägarne
