1061 1703
224 155 13 24 4
418 154 29 23 U.
463 154 28 23 B.
506 167 28 3 —
549 155 75 28 Prop.
639 154 45 23 N:o
700 154 36 25 21,

196 218 43 20 och
254 218 30 27 pä
298 218 73 20 landet
385 218 23 20 ät
423 217 166 27 samfällighets-
604 217 52 21 eller
671 217 136 27 bystyrelsen
823 217 51 21 eller
888 216 66 28 polis-

196 252 104 26 tjänaren,
319 251 149 21 hvarförutom
483 252 137 26 stämningen
634 251 71 21 ansläs
720 252 29 26 pä
765 258 26 14 en
806 251 32 21 för
853 251 101 23 ändamä-

196 286 30 20 let
237 285 141 21 föreskrifven
389 285 98 28 offentlig
502 285 57 28 plats
578 285 55 27 (Art.
645 286 48 24 282,
709 286 41 26 283
767 285 41 21 och
823 286 56 26 285).
902 285 52 21 Men

197 326 36 14 om
258 319 109 21 käranden
392 319 48 21 icke
465 320 80 20 kunnat
570 320 106 27 uppgifva
703 320 131 20 svarandens
856 319 98 21 vistelse-

197 357 40 21 ort,
264 353 23 20 är
313 352 102 22 kallelsen
437 353 48 21 icke
508 353 64 21 desto
594 353 84 21 mindre
700 353 42 21 lika
766 353 62 27 giltig
850 359 48 14 som
917 359 37 15 om

197 387 43 21 den
249 387 71 21 blifvit
330 387 119 21 svaranden
460 387 94 25 tillstäld,
571 387 57 21 blott
638 388 125 21 densamma
773 387 79 21 införes
863 389 6 19 i
879 390 75 18 trenne

196 421 74 21 härför
280 421 113 21 bestämda
401 422 108 26 tidningar
517 421 55 27 (Art.
583 427 41 21 293
633 421 43 21 och
684 423 56 25 295).
756 421 110 27 Härjämte
875 421 39 21 bör
922 424 32 18 ta-

197 462 39 21 gas
250 457 6 19 i
266 455 149 25 betraktande,
427 459 32 18 att
470 456 42 20 den
520 456 65 26 ryska
596 456 214 27 civilprocesslagens
818 455 136 27 stadganden

197 496 35 14 om
245 489 107 22 domstols
362 489 128 28 behörighet
500 491 6 19 i
517 489 42 21 den
569 491 83 26 vigtiga
663 490 68 27 punkt
745 489 71 22 afvika
827 489 45 21 frän
882 489 72 21 hvadi

198 523 109 21 Finland
302 519 15 36 i
322 530 81 14 samma
415 523 103 24 afseende
531 524 23 20 är
568 523 107 28 gällande,
694 527 31 18 att
735 523 78 21 medan
826 523 53 21 finsk
894 523 61 21 dom-

197 557 43 21 stol
264 557 23 21 är
309 557 87 28 skyldig
411 561 32 18 att
459 557 63 21 äfven
543 561 51 18 utan
609 558 131 27 invändning
755 557 45 21 frän
822 557 131 21 svarandens

197 592 46 21 sida
260 591 78 28 pröfva
352 593 33 20 sin
400 592 136 27 kompetens,
560 592 28 21 de
602 592 66 27 ryska
686 592 146 21 domstolarna
848 591 104 25 däremot,

197 627 7 20 i
219 626 105 21 händelse
338 626 68 21 sädan
421 626 131 27 invändning
566 625 48 22 icke
629 626 71 27 göres,
719 626 78 21 endast
811 627 7 19 i
833 625 120 27 undantags

197 660 37 21 fall
249 667 42 21 ega
305 660 32 21 till
352 660 100 27 pröfning
467 664 98 23 upptaga
578 660 74 27 frägan
668 667 36 14 om
719 662 31 19 sin
761 660 127 26 behörighet
899 659 54 27 (Art.

199 694 55 26 584.)

268 728 63 20 Klart
347 728 22 20 är
384 728 132 27 visserligen,
532 732 33 17 att
579 728 55 21 finsk
649 728 149 27 medborgare,
820 728 77 20 medan
912 727 42 21 han

197 763 69 19 vistas
280 763 3 19 i
296 762 172 26 Kejsaredömet,
483 762 49 21 icke
546 762 43 21 kan
604 762 81 26 ätnjuta
700 762 69 20 större
785 762 104 22 förmäner
904 761 51 21 med

198 796 104 20 afseende
324 797 12 19 å
351 796 108 28 stämning
473 797 28 20 än
523 797 67 20 andra
605 796 32 22 till
658 796 95 21 domstol
768 796 84 20 kallade
874 799 79 23 parter,

198 832 51 18 utan
272 833 32 17 att
320 830 28 20 de
363 830 114 22 därstädes
492 830 100 27 gällande
615 830 159 21 föreskrifterna
790 837 35 13 om
848 830 107 26 stämning

198 863 62 21 skola
275 864 108 27 tillämpas
399 864 64 22 äfven
477 865 29 27 pä
517 864 87 25 honom,
620 865 28 20 dä
664 864 41 21 han
715 864 67 21 kallas
798 867 31 17 att
844 870 62 14 svara
918 864 37 20 vid

198 898 52 26 rysk
267 898 101 23 domstol.
389 898 52 21 Men
457 899 12 20 å
484 898 66 22 andra
566 899 62 21 sidan
643 898 74 25 skulle,
733 898 29 27 pä
775 898 44 20 sätt
835 898 25 20 af
871 898 37 21 det
924 897 32 21 of-

197 932 113 26 vansagda
318 932 99 27 framgär,
426 940 27 13 en
462 934 5 19 i
475 932 90 23 Finland
576 932 73 21 bosatt
664 932 55 20 finsk
727 932 143 26 medborgare
884 931 71 22 kunna

198 965 26 22 af
230 965 97 21 domstol
337 967 7 21 i
354 966 173 26 Kejsaredömet,
539 970 51 17 utan
600 969 33 18 att
643 966 108 26 stämning
764 966 80 22 honom
854 965 101 25 tillstälts,

198 999 28 20 än
241 1000 83 20 mindre
337 1000 107 21 svaromäl
459 1002 6 19 i
483 1000 66 21 saken
565 1000 25 21 af
601 1000 82 21 honom
694 1000 100 27 afgifvits,
811 1000 42 20 och
863 1003 50 17 utan
924 1002 32 19 att

197 1033 43 20 han
257 1040 38 14 ens
311 1033 37 21 vid
362 1033 60 22 tiden
433 1035 76 20 vistats
529 1036 2 19 i
544 1034 173 27 Kejsaredömet,
733 1033 76 21 dömas
825 1033 71 21 säsom
909 1040 48 15 sva-

197 1067 68 20 rande
287 1068 5 19 i
309 1070 31 19 ett
355 1067 48 25 mäl,
426 1068 60 21 hvari
501 1068 42 20 han
566 1068 66 28 enligt
647 1067 53 21 finsk
715 1067 35 27 lag
773 1067 46 21 haft
842 1068 36 19 sitt
900 1067 57 21 rätta

198 1099 70 22 forum
284 1102 6 19 i
306 1101 90 21 Finland
419 1102 43 21 ach
476 1101 66 21 ehuru
558 1101 42 22 han
615 1101 85 21 således
720 1105 37 23 egt
773 1101 50 20 med
838 1101 38 26 fog
891 1101 66 21 förut-

198 1134 58 22 sätta
279 1138 33 17 att
326 1135 43 21 han
384 1135 72 23 blefve
471 1137 6 22 i
491 1135 65 23 mälet
572 1135 50 22 sökt
637 1135 36 21 vid
689 1135 60 21 detta
768 1135 75 20 forum.
873 1135 41 20 Att
929 1141 28 15 en

197 1168 69 20 under
288 1169 81 22 sädana
385 1169 185 28 omständigheter
584 1169 133 21 tillkommen
733 1169 52 20 dom
800 1169 72 20 blefve
887 1170 6 20 i
908 1169 49 19 Fin-

198 1200 52 25 land
266 1205 44 18 satt
325 1204 7 18 i
347 1202 163 28 verkställighet
526 1206 59 18 emot
600 1203 87 25 honom,
710 1210 53 14 vore
779 1203 47 20 icke
840 1201 56 21 blott
911 1201 46 21 helt

200 1235 42 21 och
259 1235 66 22 hället
340 1236 111 22 stridande
466 1240 47 18 mot
528 1237 27 21 de
570 1237 145 27 grundsatser,
735 1236 71 21 hvilka
822 1236 37 21 vär
874 1236 36 26 lag
925 1235 32 21 för

196 1268 164 28 betryggandet
382 1270 25 21 af
418 1271 186 21 rättssäkerheten
624 1271 43 21 och
682 1270 115 28 välfängna
819 1270 138 27 rättigheters

197 1302 141 22 oförkränkta
353 1304 125 28 ätnjutande
493 1305 119 28 uppställer
623 1305 134 21 beträffande
768 1304 80 21 enhvar
858 1304 99 20 medbor-

196 1343 65 21 gares
280 1338 43 20 rätt
338 1341 33 18 att
385 1338 67 21 blifva
474 1339 66 20 dömd
556 1339 24 21 af
599 1339 43 21 den
657 1339 101 24 domstol,
781 1338 120 21 hvarunder
915 1337 43 21 han

197 1371 68 27 enligt
280 1371 36 28 lag
331 1372 114 28 rätteligen
461 1373 44 24 hör,
522 1376 51 17 utan
588 1373 68 20 skulle
669 1373 42 20 ock
726 1372 101 21 innebära
838 1379 27 13 en
875 1378 83 22 uppen-

196 1405 40 20 bar
251 1405 114 27 obillighet
379 1409 47 18 mot
441 1407 42 20 den
498 1407 89 20 sälunda
602 1407 88 20 dömde.

267 1478 132 23 Lagutskottets
412 1479 110 18 betänkande
533 1481 37 16 N:o
582 1480 28 18 14.
