1061 1700
763 122 25 20 13

132 190 64 22 Utom
221 190 147 26 accisafgiften
393 190 33 21 för
446 190 244 26 tobakstillverkningar
711 190 107 26 uppbäres

65 232 26 14 en
108 225 93 21 särskild
217 225 135 26 patentskatt
368 224 33 21 för
418 225 131 25 rättigheten
566 226 33 19 att
614 224 52 21 idka
682 224 77 21 handel
771 224 48 20 med

64 260 74 20 tobak.
168 254 69 26 Äfven
261 259 203 21 tobaksfabrikerna
487 261 38 19 äro
548 259 161 21 underkastade
732 265 25 14 en
775 260 44 19 sär-

64 294 57 21 skild
137 294 136 26 patentskatt
288 293 39 21 och
343 294 25 20 de
385 294 35 20 vid
436 294 168 26 bearbetningen
621 294 23 20 af
658 294 67 20 tobak
742 293 77 27 begag-

64 329 55 20 nade
135 329 108 20 maskiner
259 334 24 14 en
300 328 231 27 tilläggspatentskatt.
552 328 177 21 Patentskattens
741 328 78 26 belopp

65 366 24 18 är
106 363 105 21 beroende
228 363 23 20 af
265 363 142 26 rättighetens
431 364 87 25 omfäng
538 363 38 21 och
592 363 40 21 den
650 366 34 17 ort
700 363 37 20 der
754 363 66 20 rörel-

66 404 36 15 sen
119 398 88 20 drifves.
237 397 81 21 Genom
335 398 141 26 erläggandet
492 398 22 20 af
529 398 62 20 dessa
603 398 83 20 skatter
698 400 23 18 är
733 397 87 21 tobaks-

65 432 111 21 fabrikant
199 432 52 21 eller
274 431 121 22 handlande
418 432 47 21 icke
486 432 92 26 fritagen
594 432 48 20 frän
659 432 25 21 de
700 433 6 19 i
723 432 98 25 närings-

67 467 61 26 lagen
146 467 115 20 faststälda
277 466 108 21 allmänna
401 466 88 27 afgifter
505 467 33 20 för
549 467 105 26 rättighet
664 468 33 19 att
708 466 51 21 idka
770 466 51 20 han-

67 501 34 21 del
118 502 53 20 eller
186 501 173 21 fabriksrörelse.

135 537 11 20 I
162 535 171 21 residensstäder
356 535 39 21 och
418 536 109 26 sjöstäder
549 538 56 18 samt
628 537 192 25 guvernementens
835 536 118 23 Stadganden

67 571 39 21 och
122 571 131 21 häradernas
270 570 141 21 hufvudorter
427 570 22 20 fä
464 570 175 21 tobaksfabriker
650 570 103 26 anläggas
765 570 55 21 efter
832 565 129 33 angäende
930 561 35 41 to-

67 606 117 20 utverkadt
199 605 97 21 tillstånd
313 605 23 20 af
350 607 166 24 guvernements
532 605 170 27 accisstyrelsen.
725 605 43 21 För
784 611 36 14 an-
833 594 128 33 Paksfabrika-

67 640 107 26 läggande
197 640 22 20 af
241 640 66 20 sådan
328 639 72 21 fabrik
416 640 12 20 å
443 640 68 20 andra
527 641 58 19 orter
601 639 108 21 erfordras
726 640 97 20 deremot
863 626 67 15 Honen:

68 674 105 21 särskildt
196 674 126 26 begifvande
345 674 23 20 af
384 674 200 20 Finansministern.
615 674 159 20 Tobaksfabrik
790 674 33 20 fär

70 708 81 21 drifvas
174 709 77 20 endast
267 708 22 20 af
303 708 127 25 handlande,
456 708 131 21 tillhörande
603 708 69 21 första
688 708 52 21 eller
756 708 68 20 andra

68 743 61 26 gillet
145 743 52 21 eller
213 742 137 22 innehafvare
363 742 22 21 af
400 743 152 21 motsvarande
568 743 62 26 gilles
647 743 66 26 intyg,
730 743 39 20 och
785 744 37 18 äro

69 778 124 20 fabrikerna
216 778 22 20 af
259 780 33 18 tre
316 778 46 26 slag
378 778 116 26 nemligen:
514 777 20 27 1)
551 778 113 25 allmänna,
682 778 6 20 i
704 777 73 21 hvilka
792 778 31 19 to-

69 812 218 26 bakstillverkningar
311 812 22 20 af
348 812 42 20 alla
406 814 47 24 slag
469 812 22 20 fä
507 812 91 20 beredas
614 812 23 20 af
652 812 102 20 utländsk
771 812 52 20 eller

70 848 98 20 inhemsk
184 847 73 25 tobak,
280 847 103 21 mahorka
399 847 165 26 tillverkningar
581 847 63 20 likväl
662 846 77 21 endast
755 847 6 19 i
778 848 45 18 sär-

69 882 57 20 skild
143 882 118 26 afdelning;
279 882 20 26 2)
317 882 201 21 mahorkafabriker
534 882 32 20 för
583 882 138 24 tillverkning
737 881 22 21 af
774 880 50 21 rök-

70 916 66 21 tobak
160 916 39 21 och
222 923 51 14 snus
289 917 137 21 uteslutande
442 916 24 21 af
481 916 103 21 mahorka
599 916 39 21 och
654 916 67 20 andra
737 915 87 21 dermed

71 952 103 20 likstälda
197 952 131 25 bladsorter;
353 954 56 18 samt
432 951 22 27 3)
478 952 96 20 fabriker
596 950 33 21 för
649 951 139 25 tillverkning
804 950 22 20 af

70 985 67 21 finare
153 988 82 18 sorters
251 992 57 14 snus.
339 986 198 20 Tobaksfabrikant
553 988 24 18 är
593 986 85 26 skyldig
694 988 32 18 att
741 985 84 27 årligen

71 1020 73 21 tillösa
160 1021 32 26 sig
208 1021 127 20 banderoler
352 1021 31 20 till
395 1020 116 21 faststäldt
519 1020 167 26 minimibelopp,
699 1020 127 20 varierande

71 1055 91 21 emellan
187 1056 61 25 3,000
272 1056 38 20 och
329 1056 76 21 10,000
422 1056 68 20 rubel.
520 1055 149 26 Reglementet
684 1054 141 21 innehåller
814 1050 14 36 i

73 1090 78 21 minsta
174 1090 65 26 detalj
263 1090 82 26 gående
365 1090 135 26 stadganden
517 1096 34 14 om
567 1090 156 26 anläggningen
740 1089 39 21 och
795 1088 32 21 in-

72 1124 116 27 redningen
205 1124 23 21 af
242 1124 124 21 fabrikerna
389 1124 111 21 äfvensom
523 1124 92 21 rörande
639 1124 75 27 sjelfva
737 1124 90 21 handte-

72 1159 81 26 ringen.
185 1159 48 20 Alla
256 1159 33 20 till
313 1159 71 20 fabrik
403 1159 97 20 hörande
517 1159 123 26 byggnader
656 1159 52 20 böra
724 1165 51 14 vara
792 1159 35 20 be-

73 1194 64 25 lägna
152 1194 56 20 inom
225 1200 25 14 en
267 1193 136 27 fullständigt
420 1193 80 21 afskild
516 1193 123 27 gårdsplan,
656 1193 33 21 till
705 1193 86 21 hvilken
808 1192 18 27 ej

73 1228 33 20 får
121 1228 69 21 finnas
206 1228 74 21 vidare
296 1230 26 19 än
338 1235 25 13 en
380 1229 124 26 tillgänglig
520 1228 85 27 ingång.
635 1228 105 21 Fönstren
752 1228 6 20 i
768 1227 59 27 jord-

73 1263 39 20 och
130 1263 64 20 nedre
210 1263 131 25 våningarna
358 1263 45 25 och,
421 1269 32 14 om
472 1263 182 26 accismyndighet
671 1269 63 14 anser
750 1262 78 20 sådant

73 1296 82 27 nödigt,
179 1296 60 21 äfven
256 1297 6 20 i
279 1297 25 21 de
328 1297 70 26 öfriga
422 1297 131 27 våningarna
576 1297 54 21 böra
653 1303 51 15 vara
727 1296 102 21 försedda

74 1331 48 21 med
138 1331 67 26 galler
221 1331 22 21 af
259 1331 129 21 metalltråd.
420 1331 132 27 Noggranna
567 1331 136 21 föreskrifter
719 1331 69 21 ordna
798 1330 30 21 lo-

73 1366 101 20 kalernas
197 1366 120 25 fördelning
340 1366 49 20 med
412 1366 102 20 afseende
537 1366 13 20 &
565 1366 177 26 tillverkningens
765 1365 63 27 gång.

74 1399 32 21 De
123 1400 200 26 hufvudsakligaste
340 1400 150 26 stadgandena
506 1400 92 21 rörande
614 1400 76 26 sjelfva
705 1400 124 21 handterin-

74 1440 41 20 gen
132 1436 37 18 äro
186 1434 103 26 följande:
313 1434 122 21 Bladtobak
458 1434 35 21 får
509 1437 119 23 emottagas
644 1435 6 20 i
667 1434 70 21 fabrik
753 1434 77 21 endast
