1061 1681
250 81 27 21 10
368 82 96 24 Ständ.
483 81 45 25 Sv.
546 95 35 3 —
606 81 83 31 Prop.
708 80 54 26 N:o
781 88 39 24 23.

218 147 5 20 i
240 147 91 26 tjensten
347 147 23 20 af
383 148 49 24 den,
449 153 48 15 som
514 148 6 19 i
536 147 90 21 Finland
642 147 89 20 innehar
745 149 67 17 annat
827 147 60 20 lands
899 147 68 25 tjenst,

217 183 36 20 vid
269 183 56 20 finsk
341 183 92 20 domstol
450 185 105 24 upptages
570 183 76 20 endast
662 183 69 20 såvidt
746 183 121 20 detsamma
882 183 86 20 innefat-

218 221 31 18 tar
269 219 149 20 öfverträdelse
440 219 23 20 af
482 219 78 20 allmän
580 219 36 26 lag
636 219 49 20 eller
700 219 118 20 föranleder
833 219 134 20 skadestånd.

218 254 67 20 Fotad
301 254 28 26 på
345 255 41 20 den
397 254 107 26 naturliga
514 255 178 25 förutsättningen
704 256 30 18 att
744 256 29 18 ett
789 254 102 26 tjenstefel
902 254 66 26 angår

218 290 75 20 endast
316 290 41 19 den
381 292 48 23 stat,
452 295 48 15 som
525 289 21 20 åt
570 290 41 19 den
635 289 81 21 felande
737 290 113 25 uppdragit
868 290 100 25 tjenstens

218 325 97 26 utöfning
331 326 40 20 och
386 326 64 20 hvars
466 325 147 26 myndigheter
628 325 69 20 allena
712 325 73 20 kunna
801 326 40 19 rätt
857 325 112 26 uppskatta

218 361 58 20 felets
297 361 141 25 straffbarhet,
460 362 23 19 är
503 361 70 20 denna
588 362 108 25 rättsregel
711 361 80 20 uttalad
808 361 5 20 i
829 361 13 20 3
859 362 40 19 och
914 360 15 21 6
943 360 25 26 88

218 396 23 21 af
255 397 134 26 strafflagens
408 397 8 20 1
435 397 83 26 kapitel.
539 397 8 20 I
563 397 135 26 lagförslaget
708 398 38 19 har
759 397 113 20 emellertid
886 397 82 26 tjenste-

219 432 123 26 förbrytelse
361 433 23 20 af
398 433 56 20 finsk
471 433 126 26 tjensteman
613 433 5 20 i
634 433 159 26 Kejsaredömet
808 435 56 18 samt
880 433 23 20 af
917 432 51 26 rysk

219 468 127 25 tjensteman
369 468 6 20 i
396 468 89 20 Finland
505 468 137 26 undantagits
662 469 45 20 från
723 469 26 19 de
765 469 32 20 för
816 469 81 20 sådana
912 468 56 20 brott

218 504 98 25 gällande
331 504 108 20 allmänna
455 504 192 26 bestämningarna.
669 504 114 21 Saknaden
799 504 23 20 af
835 504 132 25 stadganden

218 539 5 19 i
240 539 56 20 detta
311 539 99 20 afseende
426 540 6 19 i
448 539 122 26 strafflagen
586 540 94 25 innebär,
696 542 29 18 att
736 539 161 26 ifrågavarande
913 540 55 19 brott

219 575 86 19 komme
321 577 36 23 att,
374 575 5 20 i
396 575 64 20 likhet
476 575 48 20 med
540 575 66 20 andra
622 575 23 20 af
658 575 56 20 finsk
725 581 50 14 man
787 575 5 20 i
804 575 105 26 Ryssland
921 575 47 20 eller

218 610 52 26 rysk
293 617 50 14 man
367 611 6 20 i
396 611 89 20 Finland
509 611 109 20 föröfvade
642 611 139 26 förbrytelser,
806 611 76 20 beifras
905 610 63 25 enligt

219 646 106 20 särskilda
340 647 75 19 härom
432 647 97 25 gällande
544 647 131 20 föreskrifter.

290 681 63 20 Hvad
374 681 14 21 3
412 681 11 26 8
447 682 105 25 beträffar,
576 682 67 20 blefve
664 688 26 14 en
706 682 68 20 sådan
790 682 176 25 ofullständighet,

218 717 64 25 enligt
297 717 129 20 Ständernas
442 717 143 27 förmenande,
603 717 5 20 i
624 718 44 25 hög
683 718 51 25 grad
751 718 112 25 betänklig.
884 717 82 20 Genom

219 752 131 21 likställande
371 753 23 20 af
412 753 105 26 egentliga
532 753 215 26 tjensteförbrytelser,
763 753 114 26 begångna
892 753 23 20 af
929 753 37 20 fin-

219 788 38 19 ske
273 788 127 25 tjenstemän
416 789 6 19 i
439 788 112 26 Ryssland,
562 789 49 19 med
620 789 55 20 brott
684 790 57 19 emot
749 788 78 20 allmän
837 789 35 24 lag
882 789 85 19 komme

217 823 83 20 sådana
323 823 134 26 förbrytelser
480 826 29 18 att
532 825 105 24 upptagas
661 824 41 19 och
723 823 98 20 afdömas
837 823 5 20 i
858 824 108 25 gernings-

218 861 60 18 orten
302 859 64 26 enligt
387 859 52 26 rysk
460 860 45 19 rätt.
535 859 91 20 Hvilken
642 859 109 20 rättsvåda
766 859 41 20 och
822 859 71 20 hvilka
909 861 58 18 snart

217 895 62 25 sagdt
303 895 181 25 oöfvervinneliga
507 895 129 26 svårigheter
660 901 26 14 en
713 895 68 20 sådan
804 895 119 25 anordning
946 895 24 20 af

217 930 131 25 tjensteåtals
364 931 110 19 utförande
491 933 44 18 mot
551 931 168 25 tjenstemännen
735 930 36 20 vid
786 930 180 20 Statssekretaria-

218 967 34 23 tet,
276 965 101 21 Finlands
400 966 69 20 banks
492 966 76 20 kontor
589 967 41 19 och
646 966 66 20 andra
728 965 70 21 finska
814 966 131 20 embetsverk
961 966 6 19 i

217 1001 160 25 Kejsaredömet
400 1001 68 20 skulle
491 1001 101 25 medföra,
616 1001 57 20 inses
696 1001 43 25 lätt,
763 1001 28 20 då
814 1007 50 14 man
888 1001 78 26 tager
954 997 16 34 i

218 1037 138 20 betraktande
379 1039 29 18 att
434 1037 98 26 samtliga
554 1037 64 20 dessa
641 1037 138 26 tjenstemäns
802 1037 135 26 förbrytelser
961 1037 5 19 i

217 1072 90 25 tjensten
324 1072 68 20 måste
407 1073 104 19 bedömas
527 1073 48 19 med
591 1073 86 25 hänsyn
693 1072 27 21 till
737 1073 26 19 de
779 1072 32 20 för
826 1073 65 24 ryska
907 1073 59 19 dom-

217 1107 64 20 stolar
302 1107 125 26 fullkomligt
449 1107 131 21 främmande
596 1108 150 20 instruktioner
762 1108 41 19 och
819 1107 147 26 reglementen,

217 1143 72 19 hvilka
305 1143 28 20 till
349 1144 99 19 bemälda
464 1143 137 26 tjenstemäns
622 1143 133 20 efterrättelse
771 1143 66 20 blifvit
852 1143 57 20 inom
925 1143 42 20 den

217 1178 70 20 finska
303 1179 171 26 lagstiftningens
489 1179 57 26 gebit
561 1179 115 20 utfärdade.

285 1214 124 26 Ständerna,
429 1220 48 15 som
493 1215 18 25 ej
528 1215 81 19 kunnat
624 1217 80 23 antaga
719 1214 13 20 3
749 1214 12 26 &
777 1215 49 19 med
842 1214 40 20 den
898 1214 68 24 lucka,

216 1255 48 14 som
288 1249 5 19 i
307 1250 136 25 lagförslaget
460 1250 42 20 deri
519 1250 95 26 lemnats,
632 1250 64 20 hafva
713 1250 69 20 derför
798 1250 74 20 såsom
888 1252 29 18 ett
932 1255 34 14 se-

217 1290 50 14 nare
283 1288 95 17 moment
394 1286 6 19 i
416 1286 126 25 paragrafen
558 1286 73 26 intagit
647 1292 26 14 en
689 1286 136 25 bestämning
841 1286 80 24 derom,
937 1287 30 18 att

215 1320 208 26 tjensteförbrytelse,
448 1321 96 20 föröfvad
568 1322 6 19 i
597 1322 160 25 Kejsaredömet
778 1321 23 20 af
815 1321 47 25 den,
879 1326 47 15 som
943 1322 24 18 är

216 1355 5 20 i
237 1355 56 20 finsk
309 1356 63 25 tjenst
387 1356 90 25 anstäld,
493 1357 99 19 likaledes
608 1356 96 21 afdömes
720 1357 65 25 enligt
801 1356 56 20 finsk
874 1356 33 26 lag
926 1356 41 20 och

217 1390 24 20 af
249 1390 56 20 finsk
315 1391 98 25 domstol,
431 1392 68 20 derest
515 1392 45 20 icke
570 1392 47 20 felet
628 1392 111 20 innefattar
751 1392 56 20 brott
820 1394 58 18 emot
888 1392 78 20 allmän
