<?xml version="1.0" encoding="UTF-8"?>
<alto xmlns="http://www.loc.gov/standards/alto/ns-v3#" xmlns:xlink="http://www.w3.org/1999/xlink" xmlns:xsi="http://www.w3.org/2001/XMLSchema-instance" xsi:schemaLocation="http://www.loc.gov/standards/alto/ns-v3# http://www.loc.gov/alto/v3/alto-3-0.xsd">
	<Description>
		<MeasurementUnit>pixel</MeasurementUnit>
		<sourceImageInformation>
			<fileName>/tmp/tess_5j1msa1i_input.PNG</fileName>
		</sourceImageInformation>
		<OCRProcessing ID="OCR_0">
			<ocrProcessingStep>
				<processingSoftware>
					<softwareName>tesseract 5.3.4</softwareName>
				</processingSoftware>
			</ocrProcessingStep>
		</OCRProcessing>
	</Description>
	<Layout>
		<Page WIDTH="1059" HEIGHT="1700" PHYSICAL_IMG_NR="0" ID="page_0">
			<PrintSpace HPOS="0" VPOS="0" WIDTH="1059" HEIGHT="1700">
				<ComposedBlock ID="cblock_0" HPOS="276" VPOS="119" WIDTH="539" HEIGHT="29">
					<TextBlock ID="block_0" HPOS="276" VPOS="119" WIDTH="539" HEIGHT="29">
						<TextLine ID="line_0" HPOS="276" VPOS="119" WIDTH="539" HEIGHT="29">
							<String ID="string_0" HPOS="276" VPOS="120" WIDTH="83" HEIGHT="22" WC="0.77" CONTENT="Ständ."/><SP WIDTH="17" VPOS="120" HPOS="359"/>
							<String ID="string_1" HPOS="376" VPOS="120" WIDTH="38" HEIGHT="22" WC="0.93" CONTENT="Sv."/><SP WIDTH="17" VPOS="120" HPOS="414"/>
							<String ID="string_2" HPOS="431" VPOS="133" WIDTH="28" HEIGHT="3" WC="0.91" CONTENT="—"/><SP WIDTH="15" VPOS="133" HPOS="459"/>
							<String ID="string_3" HPOS="474" VPOS="120" WIDTH="75" HEIGHT="28" WC="0.96" CONTENT="Prop."/><SP WIDTH="15" VPOS="120" HPOS="549"/>
							<String ID="string_4" HPOS="564" VPOS="119" WIDTH="45" HEIGHT="23" WC="0.96" CONTENT="N:o"/><SP WIDTH="18" VPOS="119" HPOS="609"/>
							<String ID="string_5" HPOS="627" VPOS="120" WIDTH="36" HEIGHT="22" WC="0.95" CONTENT="27."/><SP WIDTH="127" VPOS="120" HPOS="663"/>
							<String ID="string_6" HPOS="790" VPOS="122" WIDTH="25" HEIGHT="20" WC="0.96" CONTENT="13"/>
						</TextLine>
					</TextBlock>
				</ComposedBlock>
				<ComposedBlock ID="cblock_1" HPOS="96" VPOS="179" WIDTH="758" HEIGHT="1238">
					<TextBlock ID="block_1" HPOS="96" VPOS="179" WIDTH="754" HEIGHT="490">
						<TextLine ID="line_1" HPOS="167" VPOS="179" WIDTH="682" HEIGHT="29">
							<String ID="string_7" HPOS="167" VPOS="180" WIDTH="77" HEIGHT="27" WC="0.96" CONTENT="Enligt"/><SP WIDTH="16" VPOS="180" HPOS="244"/>
							<String ID="string_8" HPOS="260" VPOS="180" WIDTH="42" HEIGHT="21" WC="0.93" CONTENT="den"/><SP WIDTH="15" VPOS="180" HPOS="302"/>
							<String ID="string_9" HPOS="317" VPOS="179" WIDTH="152" HEIGHT="22" WC="0.93" CONTENT="förstnämnda"/><SP WIDTH="16" VPOS="179" HPOS="469"/>
							<String ID="string_10" HPOS="485" VPOS="179" WIDTH="170" HEIGHT="27" WC="0.92" CONTENT="förordningens"/><SP WIDTH="12" VPOS="179" HPOS="655"/>
							<String ID="string_11" HPOS="667" VPOS="182" WIDTH="13" HEIGHT="18" WC="0.90" CONTENT="2"/><SP WIDTH="12" VPOS="182" HPOS="680"/>
							<String ID="string_12" HPOS="692" VPOS="179" WIDTH="12" HEIGHT="29" WC="0.86" CONTENT="&amp;"/><SP WIDTH="12" VPOS="179" HPOS="704"/>
							<String ID="string_13" HPOS="716" VPOS="181" WIDTH="57" HEIGHT="19" WC="0.96" CONTENT="samt"/><SP WIDTH="11" VPOS="181" HPOS="773"/>
							<String ID="string_14" HPOS="784" VPOS="181" WIDTH="12" HEIGHT="19" WC="0.96" CONTENT="2"/><SP WIDTH="12" VPOS="181" HPOS="796"/>
							<String ID="string_15" HPOS="808" VPOS="179" WIDTH="41" HEIGHT="21" WC="0.96" CONTENT="och"/>
						</TextLine>
						<TextLine ID="line_2" HPOS="96" VPOS="214" WIDTH="753" HEIGHT="30">
							<String ID="string_16" HPOS="96" VPOS="217" WIDTH="14" HEIGHT="20" WC="0.95" CONTENT="4"/><SP WIDTH="21" VPOS="217" HPOS="110"/>
							<String ID="string_17" HPOS="131" VPOS="215" WIDTH="27" HEIGHT="29" WC="0.85" CONTENT="88"/><SP WIDTH="19" VPOS="215" HPOS="158"/>
							<String ID="string_18" HPOS="177" VPOS="216" WIDTH="8" HEIGHT="21" WC="0.95" CONTENT="i"/><SP WIDTH="16" VPOS="216" HPOS="185"/>
							<String ID="string_19" HPOS="201" VPOS="216" WIDTH="42" HEIGHT="21" WC="0.96" CONTENT="den"/><SP WIDTH="16" VPOS="216" HPOS="243"/>
							<String ID="string_20" HPOS="259" VPOS="222" WIDTH="78" HEIGHT="15" WC="0.93" CONTENT="senare"/><SP WIDTH="16" VPOS="222" HPOS="337"/>
							<String ID="string_21" HPOS="353" VPOS="222" WIDTH="53" HEIGHT="20" WC="0.93" CONTENT="eger"/><SP WIDTH="15" VPOS="222" HPOS="406"/>
							<String ID="string_22" HPOS="421" VPOS="215" WIDTH="146" HEIGHT="22" WC="0.92" CONTENT="innehafvare"/><SP WIDTH="16" VPOS="215" HPOS="567"/>
							<String ID="string_23" HPOS="583" VPOS="214" WIDTH="24" HEIGHT="22" WC="0.93" CONTENT="af"/><SP WIDTH="14" VPOS="214" HPOS="607"/>
							<String ID="string_24" HPOS="621" VPOS="215" WIDTH="124" HEIGHT="27" WC="0.92" CONTENT="skattejord"/><SP WIDTH="15" VPOS="215" HPOS="745"/>
							<String ID="string_25" HPOS="760" VPOS="215" WIDTH="32" HEIGHT="21" WC="0.96" CONTENT="uti"/><SP WIDTH="16" VPOS="215" HPOS="792"/>
							<String ID="string_26" HPOS="808" VPOS="215" WIDTH="41" HEIGHT="21" WC="0.96" CONTENT="allt"/>
						</TextLine>
						<TextLine ID="line_3" HPOS="96" VPOS="250" WIDTH="752" HEIGHT="28">
							<String ID="string_27" HPOS="96" VPOS="251" WIDTH="47" HEIGHT="21" WC="0.93" CONTENT="lika"/><SP WIDTH="16" VPOS="251" HPOS="143"/>
							<String ID="string_28" HPOS="159" VPOS="251" WIDTH="101" HEIGHT="27" WC="0.91" CONTENT="orubblig"/><SP WIDTH="15" VPOS="251" HPOS="260"/>
							<String ID="string_29" HPOS="275" VPOS="250" WIDTH="93" HEIGHT="28" WC="0.91" CONTENT="egande-"/><SP WIDTH="13" VPOS="250" HPOS="368"/>
							<String ID="string_30" HPOS="381" VPOS="251" WIDTH="39" HEIGHT="21" WC="0.96" CONTENT="och"/><SP WIDTH="13" VPOS="251" HPOS="420"/>
							<String ID="string_31" HPOS="433" VPOS="250" WIDTH="45" HEIGHT="22" WC="0.93" CONTENT="lika"/><SP WIDTH="16" VPOS="250" HPOS="478"/>
							<String ID="string_32" HPOS="494" VPOS="250" WIDTH="28" HEIGHT="22" WC="0.92" CONTENT="fri"/><SP WIDTH="17" VPOS="250" HPOS="522"/>
							<String ID="string_33" HPOS="539" VPOS="250" WIDTH="189" HEIGHT="26" WC="0.91" CONTENT="dispositionsrätt"/><SP WIDTH="11" VPOS="250" HPOS="728"/>
							<String ID="string_34" HPOS="739" VPOS="257" WIDTH="46" HEIGHT="15" WC="0.93" CONTENT="som"/><SP WIDTH="10" VPOS="257" HPOS="785"/>
							<String ID="string_35" HPOS="795" VPOS="250" WIDTH="53" HEIGHT="22" WC="0.91" CONTENT="fräl-"/>
						</TextLine>
						<TextLine ID="line_4" HPOS="97" VPOS="285" WIDTH="752" HEIGHT="28">
							<String ID="string_36" HPOS="97" VPOS="293" WIDTH="75" HEIGHT="15" WC="0.92" CONTENT="seman"/><SP WIDTH="21" VPOS="293" HPOS="172"/>
							<String ID="string_37" HPOS="193" VPOS="287" WIDTH="70" HEIGHT="26" WC="0.93" CONTENT="enligt"/><SP WIDTH="18" VPOS="287" HPOS="263"/>
							<String ID="string_38" HPOS="281" VPOS="286" WIDTH="136" HEIGHT="27" WC="0.92" CONTENT="privilegier,"/><SP WIDTH="17" VPOS="286" HPOS="417"/>
							<String ID="string_39" HPOS="434" VPOS="286" WIDTH="37" HEIGHT="27" WC="0.96" CONTENT="lag"/><SP WIDTH="15" VPOS="286" HPOS="471"/>
							<String ID="string_40" HPOS="486" VPOS="286" WIDTH="40" HEIGHT="22" WC="0.93" CONTENT="och"/><SP WIDTH="16" VPOS="286" HPOS="526"/>
							<String ID="string_41" HPOS="542" VPOS="286" WIDTH="159" HEIGHT="27" WC="0.90" CONTENT="författningar"/><SP WIDTH="16" VPOS="286" HPOS="701"/>
							<String ID="string_42" HPOS="717" VPOS="292" WIDTH="52" HEIGHT="20" WC="0.93" CONTENT="eger"/><SP WIDTH="17" VPOS="292" HPOS="769"/>
							<String ID="string_43" HPOS="786" VPOS="285" WIDTH="63" HEIGHT="23" WC="0.95" CONTENT="öfver"/>
						</TextLine>
						<TextLine ID="line_5" HPOS="97" VPOS="322" WIDTH="752" HEIGHT="27">
							<String ID="string_44" HPOS="97" VPOS="323" WIDTH="35" HEIGHT="21" WC="0.92" CONTENT="sin"/><SP WIDTH="23" VPOS="323" HPOS="132"/>
							<String ID="string_45" HPOS="155" VPOS="322" WIDTH="180" HEIGHT="27" WC="0.88" CONTENT="frälselägenhet,"/><SP WIDTH="26" VPOS="322" HPOS="335"/>
							<String ID="string_46" HPOS="361" VPOS="322" WIDTH="40" HEIGHT="21" WC="0.96" CONTENT="och"/><SP WIDTH="23" VPOS="322" HPOS="401"/>
							<String ID="string_47" HPOS="424" VPOS="322" WIDTH="78" HEIGHT="21" WC="0.93" CONTENT="honom"/><SP WIDTH="23" VPOS="322" HPOS="502"/>
							<String ID="string_48" HPOS="525" VPOS="322" WIDTH="135" HEIGHT="21" WC="0.93" CONTENT="tillkommer"/><SP WIDTH="16" VPOS="322" HPOS="660"/>
							<String ID="string_49" HPOS="676" VPOS="322" WIDTH="112" HEIGHT="21" WC="0.96" CONTENT="dessutom"/><SP WIDTH="14" VPOS="322" HPOS="788"/>
							<String ID="string_50" HPOS="802" VPOS="322" WIDTH="47" HEIGHT="20" WC="0.96" CONTENT="rätt"/>
						</TextLine>
						<TextLine ID="line_6" HPOS="97" VPOS="357" WIDTH="751" HEIGHT="27">
							<String ID="string_51" HPOS="97" VPOS="360" WIDTH="33" HEIGHT="19" WC="0.96" CONTENT="att"/><SP WIDTH="14" VPOS="360" HPOS="130"/>
							<String ID="string_52" HPOS="144" VPOS="358" WIDTH="58" HEIGHT="21" WC="0.96" CONTENT="inom"/><SP WIDTH="16" VPOS="358" HPOS="202"/>
							<String ID="string_53" HPOS="218" VPOS="357" WIDTH="75" HEIGHT="21" WC="0.92" CONTENT="landet"/><SP WIDTH="17" VPOS="357" HPOS="293"/>
							<String ID="string_54" HPOS="310" VPOS="357" WIDTH="61" HEIGHT="27" WC="0.90" CONTENT=",föra"/><SP WIDTH="16" VPOS="357" HPOS="371"/>
							<String ID="string_55" HPOS="387" VPOS="357" WIDTH="40" HEIGHT="21" WC="0.93" CONTENT="och"/><SP WIDTH="16" VPOS="357" HPOS="427"/>
							<String ID="string_56" HPOS="443" VPOS="357" WIDTH="82" HEIGHT="21" WC="0.90" CONTENT="afsätta"/><SP WIDTH="16" VPOS="357" HPOS="525"/>
							<String ID="string_57" HPOS="541" VPOS="357" WIDTH="34" HEIGHT="21" WC="0.96" CONTENT="sin"/><SP WIDTH="16" VPOS="357" HPOS="575"/>
							<String ID="string_58" HPOS="591" VPOS="363" WIDTH="57" HEIGHT="21" WC="0.96" CONTENT="egen"/><SP WIDTH="16" VPOS="363" HPOS="648"/>
							<String ID="string_59" HPOS="664" VPOS="357" WIDTH="40" HEIGHT="21" WC="0.96" CONTENT="och"/><SP WIDTH="15" VPOS="357" HPOS="704"/>
							<String ID="string_60" HPOS="719" VPOS="357" WIDTH="48" HEIGHT="21" WC="0.93" CONTENT="sine"/><SP WIDTH="17" VPOS="357" HPOS="767"/>
							<String ID="string_61" HPOS="784" VPOS="363" WIDTH="64" HEIGHT="21" WC="0.91" CONTENT="gran-"/>
						</TextLine>
						<TextLine ID="line_7" HPOS="96" VPOS="392" WIDTH="753" HEIGHT="28">
							<String ID="string_62" HPOS="96" VPOS="400" WIDTH="53" HEIGHT="15" WC="0.89" CONTENT="nars"/><SP WIDTH="21" VPOS="400" HPOS="149"/>
							<String ID="string_63" HPOS="170" VPOS="392" WIDTH="59" HEIGHT="23" WC="0.89" CONTENT="afvel"/><SP WIDTH="18" VPOS="392" HPOS="229"/>
							<String ID="string_64" HPOS="247" VPOS="393" WIDTH="40" HEIGHT="21" WC="0.91" CONTENT="och"/><SP WIDTH="21" VPOS="393" HPOS="287"/>
							<String ID="string_65" HPOS="308" VPOS="392" WIDTH="108" HEIGHT="28" WC="0.86" CONTENT="slögder.*"/><SP WIDTH="39" VPOS="392" HPOS="416"/>
							<String ID="string_66" HPOS="455" VPOS="392" WIDTH="140" HEIGHT="22" WC="0.82" CONTENT="Sistnämnda"/><SP WIDTH="26" VPOS="392" HPOS="595"/>
							<String ID="string_67" HPOS="621" VPOS="392" WIDTH="86" HEIGHT="27" WC="0.91" CONTENT="vigtiga"/><SP WIDTH="23" VPOS="392" HPOS="707"/>
							<String ID="string_68" HPOS="730" VPOS="392" WIDTH="119" HEIGHT="27" WC="0.96" CONTENT="grundsats"/>
						</TextLine>
						<TextLine ID="line_8" HPOS="97" VPOS="428" WIDTH="752" HEIGHT="27">
							<String ID="string_69" HPOS="97" VPOS="429" WIDTH="82" HEIGHT="21" WC="0.91" CONTENT="uttalas"/><SP WIDTH="22" VPOS="429" HPOS="179"/>
							<String ID="string_70" HPOS="201" VPOS="428" WIDTH="66" HEIGHT="22" WC="0.91" CONTENT="äfven"/><SP WIDTH="20" VPOS="428" HPOS="267"/>
							<String ID="string_71" HPOS="287" VPOS="428" WIDTH="8" HEIGHT="21" WC="0.96" CONTENT="i"/><SP WIDTH="21" VPOS="428" HPOS="295"/>
							<String ID="string_72" HPOS="316" VPOS="435" WIDTH="29" HEIGHT="14" WC="0.96" CONTENT="nu"/><SP WIDTH="19" VPOS="435" HPOS="345"/>
							<String ID="string_73" HPOS="364" VPOS="428" WIDTH="103" HEIGHT="27" WC="0.93" CONTENT="gällande"/><SP WIDTH="16" VPOS="428" HPOS="467"/>
							<String ID="string_74" HPOS="483" VPOS="428" WIDTH="81" HEIGHT="26" WC="0.92" CONTENT="nädiga"/><SP WIDTH="16" VPOS="428" HPOS="564"/>
							<String ID="string_75" HPOS="580" VPOS="428" WIDTH="130" HEIGHT="27" WC="0.93" CONTENT="förordning"/><SP WIDTH="15" VPOS="428" HPOS="710"/>
							<String ID="string_76" HPOS="725" VPOS="434" WIDTH="34" HEIGHT="15" WC="0.91" CONTENT="om"/><SP WIDTH="16" VPOS="434" HPOS="759"/>
							<String ID="string_77" HPOS="775" VPOS="428" WIDTH="74" HEIGHT="21" WC="0.91" CONTENT="närin-"/>
						</TextLine>
						<TextLine ID="line_9" HPOS="98" VPOS="462" WIDTH="751" HEIGHT="30">
							<String ID="string_78" HPOS="98" VPOS="471" WIDTH="69" HEIGHT="21" WC="0.96" CONTENT="garna"/><SP WIDTH="15" VPOS="471" HPOS="167"/>
							<String ID="string_79" HPOS="182" VPOS="464" WIDTH="25" HEIGHT="21" WC="0.96" CONTENT="af"/><SP WIDTH="13" VPOS="464" HPOS="207"/>
							<String ID="string_80" HPOS="220" VPOS="464" WIDTH="42" HEIGHT="22" WC="0.96" CONTENT="den"/><SP WIDTH="17" VPOS="464" HPOS="262"/>
							<String ID="string_81" HPOS="279" VPOS="466" WIDTH="26" HEIGHT="19" WC="0.96" CONTENT="31"/><SP WIDTH="22" VPOS="466" HPOS="305"/>
							<String ID="string_82" HPOS="327" VPOS="464" WIDTH="60" HEIGHT="21" WC="0.96" CONTENT="Mars"/><SP WIDTH="19" VPOS="464" HPOS="387"/>
							<String ID="string_83" HPOS="406" VPOS="465" WIDTH="62" HEIGHT="25" WC="0.93" CONTENT="1879,"/><SP WIDTH="16" VPOS="465" HPOS="468"/>
							<String ID="string_84" HPOS="484" VPOS="464" WIDTH="67" HEIGHT="21" WC="0.96" CONTENT="hvars"/><SP WIDTH="17" VPOS="464" HPOS="551"/>
							<String ID="string_85" HPOS="568" VPOS="464" WIDTH="13" HEIGHT="21" WC="0.92" CONTENT="8"/><SP WIDTH="17" VPOS="464" HPOS="581"/>
							<String ID="string_86" HPOS="598" VPOS="463" WIDTH="12" HEIGHT="29" WC="0.54" CONTENT="&amp;"/><SP WIDTH="16" VPOS="463" HPOS="610"/>
							<String ID="string_87" HPOS="626" VPOS="464" WIDTH="67" HEIGHT="20" WC="0.96" CONTENT="bland"/><SP WIDTH="16" VPOS="464" HPOS="693"/>
							<String ID="string_88" HPOS="709" VPOS="465" WIDTH="67" HEIGHT="19" WC="0.93" CONTENT="annat"/><SP WIDTH="15" VPOS="465" HPOS="776"/>
							<String ID="string_89" HPOS="791" VPOS="462" WIDTH="58" HEIGHT="22" WC="0.92" CONTENT="stad-"/>
						</TextLine>
						<TextLine ID="line_10" HPOS="98" VPOS="498" WIDTH="751" HEIGHT="29">
							<String ID="string_90" HPOS="98" VPOS="506" WIDTH="48" HEIGHT="21" WC="0.93" CONTENT="gar:"/><SP WIDTH="19" VPOS="506" HPOS="146"/>
							<String ID="string_91" HPOS="165" VPOS="500" WIDTH="106" HEIGHT="27" WC="0.92" CONTENT=",allmoge"/><SP WIDTH="16" VPOS="500" HPOS="271"/>
							<String ID="string_92" HPOS="287" VPOS="500" WIDTH="39" HEIGHT="20" WC="0.93" CONTENT="och"/><SP WIDTH="15" VPOS="500" HPOS="326"/>
							<String ID="string_93" HPOS="341" VPOS="498" WIDTH="263" HEIGHT="28" WC="0.92" CONTENT="lägenhetsinnehafvare"/><SP WIDTH="16" VPOS="498" HPOS="604"/>
							<String ID="string_94" HPOS="620" VPOS="500" WIDTH="13" HEIGHT="20" WC="0.93" CONTENT="å"/><SP WIDTH="16" VPOS="500" HPOS="633"/>
							<String ID="string_95" HPOS="649" VPOS="499" WIDTH="75" HEIGHT="21" WC="0.93" CONTENT="landet"/><SP WIDTH="11" VPOS="499" HPOS="724"/>
							<String ID="string_96" HPOS="735" VPOS="505" WIDTH="53" HEIGHT="16" WC="0.93" CONTENT="vare"/><SP WIDTH="11" VPOS="505" HPOS="788"/>
							<String ID="string_97" HPOS="799" VPOS="499" WIDTH="50" HEIGHT="21" WC="0.91" CONTENT="obe-"/>
						</TextLine>
						<TextLine ID="line_11" HPOS="97" VPOS="534" WIDTH="752" HEIGHT="28">
							<String ID="string_98" HPOS="97" VPOS="537" WIDTH="63" HEIGHT="25" WC="0.92" CONTENT="taget"/><SP WIDTH="15" VPOS="537" HPOS="160"/>
							<String ID="string_99" HPOS="175" VPOS="537" WIDTH="38" HEIGHT="25" WC="0.96" CONTENT="att,"/><SP WIDTH="16" VPOS="537" HPOS="213"/>
							<String ID="string_100" HPOS="229" VPOS="536" WIDTH="53" HEIGHT="20" WC="0.96" CONTENT="utan"/><SP WIDTH="16" VPOS="536" HPOS="282"/>
							<String ID="string_101" HPOS="298" VPOS="535" WIDTH="97" HEIGHT="21" WC="0.93" CONTENT="särskild"/><SP WIDTH="11" VPOS="535" HPOS="395"/>
							<String ID="string_102" HPOS="406" VPOS="535" WIDTH="106" HEIGHT="27" WC="0.91" CONTENT="anmälan,"/><SP WIDTH="12" VPOS="535" HPOS="512"/>
							<String ID="string_103" HPOS="524" VPOS="534" WIDTH="80" HEIGHT="28" WC="0.92" CONTENT="sjelfve"/><SP WIDTH="11" VPOS="534" HPOS="604"/>
							<String ID="string_104" HPOS="615" VPOS="535" WIDTH="56" HEIGHT="21" WC="0.96" CONTENT="eller"/><SP WIDTH="14" VPOS="535" HPOS="671"/>
							<String ID="string_105" HPOS="685" VPOS="540" WIDTH="77" HEIGHT="22" WC="0.96" CONTENT="genom"/><SP WIDTH="11" VPOS="540" HPOS="762"/>
							<String ID="string_106" HPOS="773" VPOS="534" WIDTH="76" HEIGHT="27" WC="0.96" CONTENT="andra,"/>
						</TextLine>
						<TextLine ID="line_12" HPOS="98" VPOS="570" WIDTH="751" HEIGHT="23">
							<String ID="string_107" HPOS="98" VPOS="571" WIDTH="63" HEIGHT="22" WC="0.96" CONTENT="såväl"/><SP WIDTH="23" VPOS="571" HPOS="161"/>
							<String ID="string_108" HPOS="184" VPOS="571" WIDTH="8" HEIGHT="21" WC="0.96" CONTENT="i"/><SP WIDTH="23" VPOS="571" HPOS="192"/>
							<String ID="string_109" HPOS="215" VPOS="571" WIDTH="49" HEIGHT="21" WC="0.96" CONTENT="stad"/><SP WIDTH="23" VPOS="571" HPOS="264"/>
							<String ID="string_110" HPOS="287" VPOS="577" WIDTH="45" HEIGHT="15" WC="0.92" CONTENT="som"/><SP WIDTH="24" VPOS="577" HPOS="332"/>
							<String ID="string_111" HPOS="356" VPOS="571" WIDTH="13" HEIGHT="21" WC="0.91" CONTENT="å"/><SP WIDTH="16" VPOS="571" HPOS="369"/>
							<String ID="string_112" HPOS="385" VPOS="571" WIDTH="76" HEIGHT="21" WC="0.96" CONTENT="landet"/><SP WIDTH="16" VPOS="571" HPOS="461"/>
							<String ID="string_113" HPOS="477" VPOS="571" WIDTH="35" HEIGHT="21" WC="0.96" CONTENT="till"/><SP WIDTH="16" VPOS="571" HPOS="512"/>
							<String ID="string_114" HPOS="528" VPOS="571" WIDTH="48" HEIGHT="21" WC="0.93" CONTENT="salu"/><SP WIDTH="16" VPOS="571" HPOS="576"/>
							<String ID="string_115" HPOS="592" VPOS="571" WIDTH="60" HEIGHT="21" WC="0.96" CONTENT="hålla"/><SP WIDTH="16" VPOS="571" HPOS="652"/>
							<String ID="string_116" HPOS="668" VPOS="571" WIDTH="41" HEIGHT="20" WC="0.93" CONTENT="allt"/><SP WIDTH="14" VPOS="571" HPOS="709"/>
							<String ID="string_117" HPOS="723" VPOS="571" WIDTH="60" HEIGHT="21" WC="0.96" CONTENT="hvad"/><SP WIDTH="15" VPOS="571" HPOS="783"/>
							<String ID="string_118" HPOS="798" VPOS="570" WIDTH="51" HEIGHT="21" WC="0.96" CONTENT="från"/>
						</TextLine>
						<TextLine ID="line_13" HPOS="98" VPOS="605" WIDTH="752" HEIGHT="28">
							<String ID="string_119" HPOS="98" VPOS="607" WIDTH="65" HEIGHT="21" WC="0.93" CONTENT="deras"/><SP WIDTH="23" VPOS="607" HPOS="163"/>
							<String ID="string_120" HPOS="186" VPOS="607" WIDTH="130" HEIGHT="26" WC="0.91" CONTENT="lägenheter"/><SP WIDTH="19" VPOS="607" HPOS="316"/>
							<String ID="string_121" HPOS="335" VPOS="607" WIDTH="96" HEIGHT="21" WC="0.92" CONTENT="erhälles"/><SP WIDTH="18" VPOS="607" HPOS="431"/>
							<String ID="string_122" HPOS="449" VPOS="607" WIDTH="55" HEIGHT="21" WC="0.96" CONTENT="eller"/><SP WIDTH="16" VPOS="607" HPOS="504"/>
							<String ID="string_123" HPOS="520" VPOS="606" WIDTH="25" HEIGHT="21" WC="0.96" CONTENT="af"/><SP WIDTH="14" VPOS="606" HPOS="545"/>
							<String ID="string_124" HPOS="559" VPOS="606" WIDTH="48" HEIGHT="21" WC="0.96" CONTENT="dem"/><SP WIDTH="16" VPOS="606" HPOS="607"/>
							<String ID="string_125" HPOS="623" VPOS="607" WIDTH="40" HEIGHT="20" WC="0.96" CONTENT="och"/><SP WIDTH="17" VPOS="607" HPOS="663"/>
							<String ID="string_126" HPOS="680" VPOS="606" WIDTH="64" HEIGHT="21" WC="0.93" CONTENT="deras"/><SP WIDTH="16" VPOS="606" HPOS="744"/>
							<String ID="string_127" HPOS="760" VPOS="605" WIDTH="90" HEIGHT="22" WC="0.92" CONTENT="husfolk"/>
						</TextLine>
						<TextLine ID="line_14" HPOS="98" VPOS="642" WIDTH="398" HEIGHT="27">
							<String ID="string_128" HPOS="98" VPOS="649" WIDTH="78" HEIGHT="20" WC="0.93" CONTENT="genom"/><SP WIDTH="16" VPOS="649" HPOS="176"/>
							<String ID="string_129" HPOS="192" VPOS="642" WIDTH="107" HEIGHT="27" WC="0.93" CONTENT="hemslöjd"/><SP WIDTH="16" VPOS="642" HPOS="299"/>
							<String ID="string_130" HPOS="315" VPOS="642" WIDTH="181" HEIGHT="22" WC="0.85" CONTENT="ästadkommes.*"/>
						</TextLine>
					</TextBlock>
					<TextBlock ID="block_2" HPOS="98" VPOS="676" WIDTH="755" HEIGHT="522">
						<TextLine ID="line_15" HPOS="170" VPOS="676" WIDTH="680" HEIGHT="29">
							<String ID="string_131" HPOS="170" VPOS="678" WIDTH="51" HEIGHT="21" WC="0.93" CONTENT="Med"/><SP WIDTH="16" VPOS="678" HPOS="221"/>
							<String ID="string_132" HPOS="237" VPOS="678" WIDTH="118" HEIGHT="27" WC="0.91" CONTENT="anledning"/><SP WIDTH="16" VPOS="678" HPOS="355"/>
							<String ID="string_133" HPOS="371" VPOS="677" WIDTH="24" HEIGHT="22" WC="0.96" CONTENT="af"/><SP WIDTH="14" VPOS="677" HPOS="395"/>
							<String ID="string_134" HPOS="409" VPOS="678" WIDTH="26" HEIGHT="21" WC="0.93" CONTENT="de"/><SP WIDTH="16" VPOS="678" HPOS="435"/>
							<String ID="string_135" HPOS="451" VPOS="678" WIDTH="82" HEIGHT="27" WC="0.92" CONTENT="nädiga"/><SP WIDTH="15" VPOS="678" HPOS="533"/>
							<String ID="string_136" HPOS="548" VPOS="677" WIDTH="191" HEIGHT="27" WC="0.92" CONTENT="propositionerna"/><SP WIDTH="10" VPOS="677" HPOS="739"/>
							<String ID="string_137" HPOS="749" VPOS="683" WIDTH="34" HEIGHT="16" WC="0.93" CONTENT="om"/><SP WIDTH="10" VPOS="683" HPOS="783"/>
							<String ID="string_138" HPOS="793" VPOS="676" WIDTH="57" HEIGHT="21" WC="0.91" CONTENT="infö-"/>
						</TextLine>
						<TextLine ID="line_16" HPOS="98" VPOS="712" WIDTH="751" HEIGHT="28">
							<String ID="string_139" HPOS="98" VPOS="713" WIDTH="70" HEIGHT="22" WC="0.95" CONTENT="rande"/><SP WIDTH="28" VPOS="713" HPOS="168"/>
							<String ID="string_140" HPOS="196" VPOS="713" WIDTH="24" HEIGHT="21" WC="0.93" CONTENT="af"/><SP WIDTH="25" VPOS="713" HPOS="220"/>
							<String ID="string_141" HPOS="245" VPOS="713" WIDTH="57" HEIGHT="22" WC="0.91" CONTENT="accis"/><SP WIDTH="28" VPOS="713" HPOS="302"/>
							<String ID="string_142" HPOS="330" VPOS="714" WIDTH="41" HEIGHT="21" WC="0.93" CONTENT="har"/><SP WIDTH="26" VPOS="714" HPOS="371"/>
							<String ID="string_143" HPOS="397" VPOS="713" WIDTH="73" HEIGHT="22" WC="0.33" CONTENT="Hders"/><SP WIDTH="27" VPOS="713" HPOS="470"/>
							<String ID="string_144" HPOS="497" VPOS="713" WIDTH="127" HEIGHT="27" WC="0.96" CONTENT="Kejserliga"/><SP WIDTH="23" VPOS="713" HPOS="624"/>
							<String ID="string_145" HPOS="647" VPOS="713" WIDTH="105" HEIGHT="27" WC="0.95" CONTENT="Majestät"/><SP WIDTH="24" VPOS="713" HPOS="752"/>
							<String ID="string_146" HPOS="776" VPOS="712" WIDTH="73" HEIGHT="21" WC="0.96" CONTENT="funnit"/>
						</TextLine>
						<TextLine ID="line_17" HPOS="99" VPOS="748" WIDTH="752" HEIGHT="28">
							<String ID="string_147" HPOS="99" VPOS="749" WIDTH="53" HEIGHT="27" WC="0.96" CONTENT="godt"/><SP WIDTH="26" VPOS="749" HPOS="152"/>
							<String ID="string_148" HPOS="178" VPOS="750" WIDTH="33" HEIGHT="20" WC="0.96" CONTENT="att"/><SP WIDTH="26" VPOS="750" HPOS="211"/>
							<String ID="string_149" HPOS="237" VPOS="749" WIDTH="35" HEIGHT="21" WC="0.93" CONTENT="till"/><SP WIDTH="26" VPOS="749" HPOS="272"/>
							<String ID="string_150" HPOS="298" VPOS="748" WIDTH="123" HEIGHT="22" WC="0.90" CONTENT="Ständerna"/><SP WIDTH="26" VPOS="748" HPOS="421"/>
							<String ID="string_151" HPOS="447" VPOS="748" WIDTH="65" HEIGHT="22" WC="0.90" CONTENT="aflåta"/><SP WIDTH="26" VPOS="748" HPOS="512"/>
							<String ID="string_152" HPOS="538" VPOS="755" WIDTH="28" HEIGHT="15" WC="0.96" CONTENT="en"/><SP WIDTH="26" VPOS="755" HPOS="566"/>
							<String ID="string_153" HPOS="592" VPOS="749" WIDTH="98" HEIGHT="21" WC="0.96" CONTENT="särskild"/><SP WIDTH="25" VPOS="749" HPOS="690"/>
							<String ID="string_154" HPOS="715" VPOS="748" WIDTH="136" HEIGHT="27" WC="0.96" CONTENT="proposition"/>
						</TextLine>
						<TextLine ID="line_18" HPOS="100" VPOS="784" WIDTH="749" HEIGHT="27">
							<String ID="string_155" HPOS="100" VPOS="784" WIDTH="113" HEIGHT="27" WC="0.96" CONTENT="angående"/><SP WIDTH="20" VPOS="784" HPOS="213"/>
							<String ID="string_156" HPOS="233" VPOS="784" WIDTH="94" HEIGHT="27" WC="0.96" CONTENT="ändring"/><SP WIDTH="21" VPOS="784" HPOS="327"/>
							<String ID="string_157" HPOS="348" VPOS="784" WIDTH="24" HEIGHT="21" WC="0.96" CONTENT="af"/><SP WIDTH="13" VPOS="784" HPOS="372"/>
							<String ID="string_158" HPOS="385" VPOS="784" WIDTH="81" HEIGHT="27" WC="0.96" CONTENT="nådiga"/><SP WIDTH="20" VPOS="784" HPOS="466"/>
							<String ID="string_159" HPOS="486" VPOS="784" WIDTH="159" HEIGHT="27" WC="0.96" CONTENT="förordningen"/><SP WIDTH="15" VPOS="784" HPOS="645"/>
							<String ID="string_160" HPOS="660" VPOS="791" WIDTH="34" HEIGHT="14" WC="0.96" CONTENT="om"/><SP WIDTH="15" VPOS="791" HPOS="694"/>
							<String ID="string_161" HPOS="709" VPOS="784" WIDTH="140" HEIGHT="27" WC="0.96" CONTENT="näringarna,"/>
						</TextLine>
						<TextLine ID="line_19" HPOS="100" VPOS="819" WIDTH="751" HEIGHT="28">
							<String ID="string_162" HPOS="100" VPOS="819" WIDTH="75" HEIGHT="28" WC="0.91" CONTENT="gifven"/><SP WIDTH="16" VPOS="819" HPOS="175"/>
							<String ID="string_163" HPOS="191" VPOS="820" WIDTH="41" HEIGHT="21" WC="0.96" CONTENT="den"/><SP WIDTH="17" VPOS="820" HPOS="232"/>
							<String ID="string_164" HPOS="249" VPOS="821" WIDTH="27" HEIGHT="20" WC="0.96" CONTENT="31"/><SP WIDTH="16" VPOS="821" HPOS="276"/>
							<String ID="string_165" HPOS="292" VPOS="820" WIDTH="60" HEIGHT="21" WC="0.96" CONTENT="Mars"/><SP WIDTH="18" VPOS="820" HPOS="352"/>
							<String ID="string_166" HPOS="370" VPOS="821" WIDTH="62" HEIGHT="20" WC="0.96" CONTENT="1879."/><SP WIDTH="31" VPOS="821" HPOS="432"/>
							<String ID="string_167" HPOS="463" VPOS="819" WIDTH="100" HEIGHT="22" WC="0.95" CONTENT="Nämnda"/><SP WIDTH="15" VPOS="819" HPOS="563"/>
							<String ID="string_168" HPOS="578" VPOS="820" WIDTH="136" HEIGHT="26" WC="0.93" CONTENT="proposition"/><SP WIDTH="11" VPOS="820" HPOS="714"/>
							<String ID="string_169" HPOS="725" VPOS="819" WIDTH="59" HEIGHT="22" WC="0.92" CONTENT="afser"/><SP WIDTH="11" VPOS="819" HPOS="784"/>
							<String ID="string_170" HPOS="795" VPOS="819" WIDTH="56" HEIGHT="21" WC="0.96" CONTENT="dock"/>
						</TextLine>
						<TextLine ID="line_20" HPOS="99" VPOS="855" WIDTH="752" HEIGHT="28">
							<String ID="string_171" HPOS="99" VPOS="856" WIDTH="57" HEIGHT="21" WC="0.95" CONTENT="intet"/><SP WIDTH="23" VPOS="856" HPOS="156"/>
							<String ID="string_172" HPOS="179" VPOS="857" WIDTH="72" HEIGHT="26" WC="0.95" CONTENT="annat,"/><SP WIDTH="22" VPOS="857" HPOS="251"/>
							<String ID="string_173" HPOS="273" VPOS="857" WIDTH="28" HEIGHT="20" WC="0.96" CONTENT="än"/><SP WIDTH="21" VPOS="857" HPOS="301"/>
							<String ID="string_174" HPOS="322" VPOS="857" WIDTH="32" HEIGHT="20" WC="0.96" CONTENT="att"/><SP WIDTH="16" VPOS="857" HPOS="354"/>
							<String ID="string_175" HPOS="370" VPOS="855" WIDTH="35" HEIGHT="22" WC="0.96" CONTENT="för"/><SP WIDTH="16" VPOS="855" HPOS="405"/>
							<String ID="string_176" HPOS="421" VPOS="856" WIDTH="43" HEIGHT="21" WC="0.96" CONTENT="den"/><SP WIDTH="15" VPOS="856" HPOS="464"/>
							<String ID="string_177" HPOS="479" VPOS="856" WIDTH="39" HEIGHT="27" WC="0.96" CONTENT="tid,"/><SP WIDTH="17" VPOS="856" HPOS="518"/>
							<String ID="string_178" HPOS="535" VPOS="855" WIDTH="68" HEIGHT="22" WC="0.96" CONTENT="tobak"/><SP WIDTH="16" VPOS="855" HPOS="603"/>
							<String ID="string_179" HPOS="619" VPOS="855" WIDTH="40" HEIGHT="22" WC="0.93" CONTENT="och"/><SP WIDTH="15" VPOS="855" HPOS="659"/>
							<String ID="string_180" HPOS="674" VPOS="855" WIDTH="109" HEIGHT="27" WC="0.92" CONTENT="pressjäst"/><SP WIDTH="15" VPOS="855" HPOS="783"/>
							<String ID="string_181" HPOS="798" VPOS="860" WIDTH="53" HEIGHT="16" WC="0.96" CONTENT="vore"/>
						</TextLine>
						<TextLine ID="line_21" HPOS="100" VPOS="890" WIDTH="751" HEIGHT="29">
							<String ID="string_182" HPOS="100" VPOS="891" WIDTH="163" HEIGHT="22" WC="0.95" CONTENT="underkastade"/><SP WIDTH="20" VPOS="891" HPOS="263"/>
							<String ID="string_183" HPOS="283" VPOS="891" WIDTH="64" HEIGHT="28" WC="0.95" CONTENT="accis,"/><SP WIDTH="16" VPOS="891" HPOS="347"/>
							<String ID="string_184" HPOS="363" VPOS="891" WIDTH="81" HEIGHT="22" WC="0.96" CONTENT="handel"/><SP WIDTH="15" VPOS="891" HPOS="444"/>
							<String ID="string_185" HPOS="459" VPOS="891" WIDTH="50" HEIGHT="22" WC="0.96" CONTENT="med"/><SP WIDTH="16" VPOS="891" HPOS="509"/>
							<String ID="string_186" HPOS="525" VPOS="891" WIDTH="66" HEIGHT="22" WC="0.96" CONTENT="dessa"/><SP WIDTH="20" VPOS="891" HPOS="591"/>
							<String ID="string_187" HPOS="611" VPOS="897" WIDTH="65" HEIGHT="16" WC="0.96" CONTENT="varor"/><SP WIDTH="15" VPOS="897" HPOS="676"/>
							<String ID="string_188" HPOS="691" VPOS="891" WIDTH="8" HEIGHT="21" WC="0.96" CONTENT="i"/><SP WIDTH="16" VPOS="891" HPOS="699"/>
							<String ID="string_189" HPOS="715" VPOS="891" WIDTH="72" HEIGHT="21" WC="0.96" CONTENT="likhet"/><SP WIDTH="15" VPOS="891" HPOS="787"/>
							<String ID="string_190" HPOS="802" VPOS="890" WIDTH="49" HEIGHT="21" WC="0.96" CONTENT="med"/>
						</TextLine>
						<TextLine ID="line_22" HPOS="100" VPOS="926" WIDTH="753" HEIGHT="29">
							<String ID="string_191" HPOS="100" VPOS="927" WIDTH="27" HEIGHT="21" WC="0.96" CONTENT="de"/><SP WIDTH="21" VPOS="927" HPOS="127"/>
							<String ID="string_192" HPOS="148" VPOS="927" WIDTH="8" HEIGHT="20" WC="0.96" CONTENT="i"/><SP WIDTH="22" VPOS="927" HPOS="156"/>
							<String ID="string_193" HPOS="178" VPOS="928" WIDTH="27" HEIGHT="19" WC="0.93" CONTENT="14"/><SP WIDTH="21" VPOS="928" HPOS="205"/>
							<String ID="string_194" HPOS="226" VPOS="926" WIDTH="12" HEIGHT="29" WC="0.87" CONTENT="&amp;"/><SP WIDTH="21" VPOS="926" HPOS="238"/>
							<String ID="string_195" HPOS="259" VPOS="926" WIDTH="24" HEIGHT="22" WC="0.90" CONTENT="af"/><SP WIDTH="19" VPOS="926" HPOS="283"/>
							<String ID="string_196" HPOS="302" VPOS="927" WIDTH="157" HEIGHT="27" WC="0.90" CONTENT="näringslagen"/><SP WIDTH="21" VPOS="927" HPOS="459"/>
							<String ID="string_197" HPOS="480" VPOS="927" WIDTH="144" HEIGHT="26" WC="0.96" CONTENT="uppräknade"/><SP WIDTH="17" VPOS="927" HPOS="624"/>
							<String ID="string_198" HPOS="641" VPOS="927" WIDTH="77" HEIGHT="26" WC="0.96" CONTENT="slagen"/><SP WIDTH="15" VPOS="927" HPOS="718"/>
							<String ID="string_199" HPOS="733" VPOS="926" WIDTH="26" HEIGHT="21" WC="0.96" CONTENT="af"/><SP WIDTH="13" VPOS="926" HPOS="759"/>
							<String ID="string_200" HPOS="772" VPOS="926" WIDTH="81" HEIGHT="26" WC="0.96" CONTENT="näring"/>
						</TextLine>
						<TextLine ID="line_23" HPOS="100" VPOS="961" WIDTH="751" HEIGHT="28">
							<String ID="string_201" HPOS="100" VPOS="963" WIDTH="68" HEIGHT="20" WC="0.93" CONTENT="måtte"/><SP WIDTH="15" VPOS="963" HPOS="168"/>
							<String ID="string_202" HPOS="183" VPOS="962" WIDTH="136" HEIGHT="27" WC="0.91" CONTENT="undantagas"/><SP WIDTH="16" VPOS="962" HPOS="319"/>
							<String ID="string_203" HPOS="335" VPOS="962" WIDTH="50" HEIGHT="21" WC="0.95" CONTENT="från"/><SP WIDTH="17" VPOS="962" HPOS="385"/>
							<String ID="string_204" HPOS="402" VPOS="962" WIDTH="27" HEIGHT="21" WC="0.96" CONTENT="de"/><SP WIDTH="16" VPOS="962" HPOS="429"/>
							<String ID="string_205" HPOS="445" VPOS="962" WIDTH="7" HEIGHT="21" WC="0.96" CONTENT="i"/><SP WIDTH="16" VPOS="962" HPOS="452"/>
							<String ID="string_206" HPOS="468" VPOS="963" WIDTH="120" HEIGHT="20" WC="0.96" CONTENT="allmänhet"/><SP WIDTH="16" VPOS="963" HPOS="588"/>
							<String ID="string_207" HPOS="604" VPOS="969" WIDTH="33" HEIGHT="14" WC="0.93" CONTENT="om"/><SP WIDTH="16" VPOS="969" HPOS="637"/>
							<String ID="string_208" HPOS="653" VPOS="962" WIDTH="96" HEIGHT="21" WC="0.91" CONTENT="idkande"/><SP WIDTH="11" VPOS="962" HPOS="749"/>
							<String ID="string_209" HPOS="760" VPOS="961" WIDTH="25" HEIGHT="22" WC="0.93" CONTENT="af"/><SP WIDTH="13" VPOS="961" HPOS="785"/>
							<String ID="string_210" HPOS="798" VPOS="962" WIDTH="53" HEIGHT="20" WC="0.92" CONTENT="han-"/>
						</TextLine>
						<TextLine ID="line_24" HPOS="100" VPOS="997" WIDTH="751" HEIGHT="28">
							<String ID="string_211" HPOS="100" VPOS="997" WIDTH="36" HEIGHT="22" WC="0.96" CONTENT="del"/><SP WIDTH="20" VPOS="997" HPOS="136"/>
							<String ID="string_212" HPOS="156" VPOS="997" WIDTH="40" HEIGHT="22" WC="0.96" CONTENT="och"/><SP WIDTH="21" VPOS="997" HPOS="196"/>
							<String ID="string_213" HPOS="217" VPOS="999" WIDTH="66" HEIGHT="20" WC="0.93" CONTENT="annat"/><SP WIDTH="22" VPOS="999" HPOS="283"/>
							<String ID="string_214" HPOS="305" VPOS="998" WIDTH="148" HEIGHT="27" WC="0.92" CONTENT="näringsyrke"/><SP WIDTH="22" VPOS="998" HPOS="453"/>
							<String ID="string_215" HPOS="475" VPOS="998" WIDTH="103" HEIGHT="27" WC="0.96" CONTENT="gällande"/><SP WIDTH="24" VPOS="998" HPOS="578"/>
							<String ID="string_216" HPOS="602" VPOS="997" WIDTH="143" HEIGHT="27" WC="0.95" CONTENT="stadganden."/><SP WIDTH="31" VPOS="997" HPOS="745"/>
							<String ID="string_217" HPOS="776" VPOS="997" WIDTH="44" HEIGHT="21" WC="0.95" CONTENT="Det"/><SP WIDTH="23" VPOS="997" HPOS="820"/>
							<String ID="string_218" HPOS="843" VPOS="997" WIDTH="8" HEIGHT="20" WC="0.96" CONTENT="i"/>
						</TextLine>
						<TextLine ID="line_25" HPOS="101" VPOS="1032" WIDTH="752" HEIGHT="29">
							<String ID="string_219" HPOS="101" VPOS="1035" WIDTH="11" HEIGHT="18" WC="0.94" CONTENT="6"/><SP WIDTH="18" VPOS="1035" HPOS="112"/>
							<String ID="string_220" HPOS="130" VPOS="1033" WIDTH="12" HEIGHT="28" WC="0.82" CONTENT="S"/><SP WIDTH="12" VPOS="1033" HPOS="142"/>
							<String ID="string_221" HPOS="154" VPOS="1033" WIDTH="25" HEIGHT="21" WC="0.96" CONTENT="af"/><SP WIDTH="7" VPOS="1033" HPOS="179"/>
							<String ID="string_222" HPOS="186" VPOS="1039" WIDTH="30" HEIGHT="15" WC="0.96" CONTENT="nu"/><SP WIDTH="10" VPOS="1039" HPOS="216"/>
							<String ID="string_223" HPOS="226" VPOS="1033" WIDTH="152" HEIGHT="28" WC="0.96" CONTENT="föreliggande"/><SP WIDTH="11" VPOS="1033" HPOS="378"/>
							<String ID="string_224" HPOS="389" VPOS="1034" WIDTH="81" HEIGHT="27" WC="0.96" CONTENT="nådiga"/><SP WIDTH="11" VPOS="1034" HPOS="470"/>
							<String ID="string_225" HPOS="481" VPOS="1033" WIDTH="137" HEIGHT="27" WC="0.96" CONTENT="proposition"/><SP WIDTH="11" VPOS="1033" HPOS="618"/>
							<String ID="string_226" HPOS="629" VPOS="1033" WIDTH="109" HEIGHT="27" WC="0.96" CONTENT="ingående"/><SP WIDTH="11" VPOS="1033" HPOS="738"/>
							<String ID="string_227" HPOS="749" VPOS="1032" WIDTH="104" HEIGHT="22" WC="0.96" CONTENT="förbudet"/>
						</TextLine>
						<TextLine ID="line_26" HPOS="100" VPOS="1068" WIDTH="752" HEIGHT="29">
							<String ID="string_228" HPOS="100" VPOS="1070" WIDTH="45" HEIGHT="20" WC="0.93" CONTENT="mot"/><SP WIDTH="20" VPOS="1070" HPOS="145"/>
							<String ID="string_229" HPOS="165" VPOS="1069" WIDTH="155" HEIGHT="28" WC="0.91" CONTENT="tobaksodling"/><SP WIDTH="19" VPOS="1069" HPOS="320"/>
							<String ID="string_230" HPOS="339" VPOS="1069" WIDTH="89" HEIGHT="22" WC="0.91" CONTENT="utöfver"/><SP WIDTH="17" VPOS="1069" HPOS="428"/>
							<String ID="string_231" HPOS="445" VPOS="1069" WIDTH="146" HEIGHT="27" WC="0.90" CONTENT="jordegarens"/><SP WIDTH="15" VPOS="1069" HPOS="591"/>
							<String ID="string_232" HPOS="606" VPOS="1068" WIDTH="112" HEIGHT="22" WC="0.92" CONTENT="husbehof"/><SP WIDTH="12" VPOS="1068" HPOS="718"/>
							<String ID="string_233" HPOS="730" VPOS="1068" WIDTH="122" HEIGHT="21" WC="0.95" CONTENT="innefattar"/>
						</TextLine>
						<TextLine ID="line_27" HPOS="101" VPOS="1104" WIDTH="750" HEIGHT="28">
							<String ID="string_234" HPOS="101" VPOS="1105" WIDTH="123" HEIGHT="21" WC="0.96" CONTENT="emellertid"/><SP WIDTH="15" VPOS="1105" HPOS="224"/>
							<String ID="string_235" HPOS="239" VPOS="1104" WIDTH="66" HEIGHT="23" WC="0.96" CONTENT="äfven"/><SP WIDTH="15" VPOS="1104" HPOS="305"/>
							<String ID="string_236" HPOS="320" VPOS="1105" WIDTH="165" HEIGHT="27" WC="0.96" CONTENT="inskränkning"/><SP WIDTH="16" VPOS="1105" HPOS="485"/>
							<String ID="string_237" HPOS="501" VPOS="1105" WIDTH="25" HEIGHT="21" WC="0.93" CONTENT="af"/><SP WIDTH="11" VPOS="1105" HPOS="526"/>
							<String ID="string_238" HPOS="537" VPOS="1105" WIDTH="158" HEIGHT="27" WC="0.91" CONTENT="näringslagen"/><SP WIDTH="10" VPOS="1105" HPOS="695"/>
							<String ID="string_239" HPOS="705" VPOS="1105" WIDTH="33" HEIGHT="20" WC="0.96" CONTENT="uti"/><SP WIDTH="11" VPOS="1105" HPOS="738"/>
							<String ID="string_240" HPOS="749" VPOS="1110" WIDTH="54" HEIGHT="21" WC="0.92" CONTENT="nyss"/><SP WIDTH="11" VPOS="1110" HPOS="803"/>
							<String ID="string_241" HPOS="814" VPOS="1109" WIDTH="37" HEIGHT="15" WC="0.92" CONTENT="an-"/>
						</TextLine>
						<TextLine ID="line_28" HPOS="100" VPOS="1140" WIDTH="753" HEIGHT="30">
							<String ID="string_242" HPOS="100" VPOS="1140" WIDTH="64" HEIGHT="22" WC="0.96" CONTENT="förda"/><SP WIDTH="10" VPOS="1140" HPOS="164"/>
							<String ID="string_243" HPOS="174" VPOS="1143" WIDTH="95" HEIGHT="19" WC="0.96" CONTENT="moment"/><SP WIDTH="10" VPOS="1143" HPOS="269"/>
							<String ID="string_244" HPOS="279" VPOS="1141" WIDTH="24" HEIGHT="21" WC="0.96" CONTENT="af"/><SP WIDTH="9" VPOS="1141" HPOS="303"/>
							<String ID="string_245" HPOS="312" VPOS="1141" WIDTH="51" HEIGHT="21" WC="0.96" CONTENT="dess"/><SP WIDTH="12" VPOS="1141" HPOS="363"/>
							<String ID="string_246" HPOS="375" VPOS="1143" WIDTH="12" HEIGHT="19" WC="0.93" CONTENT="8"/><SP WIDTH="12" VPOS="1143" HPOS="387"/>
							<String ID="string_247" HPOS="399" VPOS="1141" WIDTH="19" HEIGHT="29" WC="0.80" CONTENT="$,"/><SP WIDTH="12" VPOS="1141" HPOS="418"/>
							<String ID="string_248" HPOS="430" VPOS="1148" WIDTH="27" HEIGHT="15" WC="0.96" CONTENT="en"/><SP WIDTH="12" VPOS="1148" HPOS="457"/>
							<String ID="string_249" HPOS="469" VPOS="1141" WIDTH="169" HEIGHT="27" WC="0.96" CONTENT="omständighet,"/><SP WIDTH="13" VPOS="1141" HPOS="638"/>
							<String ID="string_250" HPOS="651" VPOS="1146" WIDTH="46" HEIGHT="16" WC="0.96" CONTENT="som"/><SP WIDTH="10" VPOS="1146" HPOS="697"/>
							<String ID="string_251" HPOS="707" VPOS="1140" WIDTH="49" HEIGHT="21" WC="0.95" CONTENT="icke"/><SP WIDTH="11" VPOS="1140" HPOS="756"/>
							<String ID="string_252" HPOS="767" VPOS="1140" WIDTH="86" HEIGHT="21" WC="0.96" CONTENT="kunnat"/>
						</TextLine>
						<TextLine ID="line_29" HPOS="100" VPOS="1176" WIDTH="213" HEIGHT="22">
							<String ID="string_253" HPOS="100" VPOS="1176" WIDTH="83" HEIGHT="22" WC="0.91" CONTENT="lemnas"/><SP WIDTH="17" VPOS="1176" HPOS="183"/>
							<String ID="string_254" HPOS="200" VPOS="1176" WIDTH="113" HEIGHT="22" WC="0.92" CONTENT="obeaktad."/>
						</TextLine>
					</TextBlock>
					<TextBlock ID="block_3" HPOS="98" VPOS="1211" WIDTH="756" HEIGHT="206">
						<TextLine ID="line_30" HPOS="172" VPOS="1211" WIDTH="680" HEIGHT="29">
							<String ID="string_255" HPOS="172" VPOS="1211" WIDTH="51" HEIGHT="22" WC="0.92" CONTENT="Men"/><SP WIDTH="18" VPOS="1211" HPOS="223"/>
							<String ID="string_256" HPOS="241" VPOS="1212" WIDTH="76" HEIGHT="22" WC="0.90" CONTENT="dertill"/><SP WIDTH="15" VPOS="1212" HPOS="317"/>
							<String ID="string_257" HPOS="332" VPOS="1212" WIDTH="104" HEIGHT="28" WC="0.96" CONTENT="kommer,"/><SP WIDTH="18" VPOS="1212" HPOS="436"/>
							<String ID="string_258" HPOS="454" VPOS="1213" WIDTH="33" HEIGHT="20" WC="0.93" CONTENT="att"/><SP WIDTH="15" VPOS="1213" HPOS="487"/>
							<String ID="string_259" HPOS="502" VPOS="1211" WIDTH="155" HEIGHT="27" WC="0.91" CONTENT="upphäfvande"/><SP WIDTH="17" VPOS="1211" HPOS="657"/>
							<String ID="string_260" HPOS="674" VPOS="1212" WIDTH="55" HEIGHT="20" WC="0.92" CONTENT="eller"/><SP WIDTH="20" VPOS="1212" HPOS="729"/>
							<String ID="string_261" HPOS="749" VPOS="1211" WIDTH="103" HEIGHT="21" WC="0.92" CONTENT="inskrän-"/>
						</TextLine>
						<TextLine ID="line_31" HPOS="100" VPOS="1246" WIDTH="753" HEIGHT="29">
							<String ID="string_262" HPOS="100" VPOS="1247" WIDTH="73" HEIGHT="21" WC="0.96" CONTENT="kande"/><SP WIDTH="15" VPOS="1247" HPOS="173"/>
							<String ID="string_263" HPOS="188" VPOS="1247" WIDTH="25" HEIGHT="21" WC="0.95" CONTENT="af"/><SP WIDTH="14" VPOS="1247" HPOS="213"/>
							<String ID="string_264" HPOS="227" VPOS="1248" WIDTH="26" HEIGHT="21" WC="0.96" CONTENT="de"/><SP WIDTH="10" VPOS="1248" HPOS="253"/>
							<String ID="string_265" HPOS="263" VPOS="1248" WIDTH="140" HEIGHT="27" WC="0.96" CONTENT="rättigheter,"/><SP WIDTH="12" VPOS="1248" HPOS="403"/>
							<String ID="string_266" HPOS="415" VPOS="1248" WIDTH="78" HEIGHT="21" WC="0.93" CONTENT="hvilka"/><SP WIDTH="8" VPOS="1248" HPOS="493"/>
							<String ID="string_267" HPOS="501" VPOS="1247" WIDTH="88" HEIGHT="27" WC="0.92" CONTENT="jemlikt"/><SP WIDTH="11" VPOS="1247" HPOS="589"/>
							<String ID="string_268" HPOS="600" VPOS="1246" WIDTH="161" HEIGHT="22" WC="0.92" CONTENT="ofvanberörda"/><SP WIDTH="10" VPOS="1246" HPOS="761"/>
							<String ID="string_269" HPOS="771" VPOS="1246" WIDTH="82" HEIGHT="27" WC="0.91" CONTENT="grund-"/>
						</TextLine>
						<TextLine ID="line_32" HPOS="100" VPOS="1282" WIDTH="754" HEIGHT="28">
							<String ID="string_270" HPOS="100" VPOS="1284" WIDTH="58" HEIGHT="26" WC="0.92" CONTENT="lags-"/><SP WIDTH="25" VPOS="1284" HPOS="158"/>
							<String ID="string_271" HPOS="183" VPOS="1283" WIDTH="40" HEIGHT="21" WC="0.92" CONTENT="och"/><SP WIDTH="25" VPOS="1283" HPOS="223"/>
							<String ID="string_272" HPOS="248" VPOS="1284" WIDTH="251" HEIGHT="26" WC="0.90" CONTENT="privilegiistadganden"/><SP WIDTH="23" VPOS="1284" HPOS="499"/>
							<String ID="string_273" HPOS="522" VPOS="1282" WIDTH="75" HEIGHT="23" WC="0.93" CONTENT="blifvit"/><SP WIDTH="22" VPOS="1282" HPOS="597"/>
							<String ID="string_274" HPOS="619" VPOS="1282" WIDTH="108" HEIGHT="22" WC="0.96" CONTENT="Finlands"/><SP WIDTH="24" VPOS="1282" HPOS="727"/>
							<String ID="string_275" HPOS="751" VPOS="1282" WIDTH="103" HEIGHT="26" WC="0.96" CONTENT="samtliga"/>
						</TextLine>
						<TextLine ID="line_33" HPOS="98" VPOS="1316" WIDTH="755" HEIGHT="30">
							<String ID="string_276" HPOS="98" VPOS="1319" WIDTH="117" HEIGHT="27" WC="0.90" CONTENT="jordegare"/><SP WIDTH="23" VPOS="1319" HPOS="215"/>
							<String ID="string_277" HPOS="238" VPOS="1318" WIDTH="173" HEIGHT="28" WC="0.92" CONTENT="tillförsäkrade,"/><SP WIDTH="25" VPOS="1318" HPOS="411"/>
							<String ID="string_278" HPOS="436" VPOS="1320" WIDTH="45" HEIGHT="20" WC="0.90" CONTENT="kan"/><SP WIDTH="26" VPOS="1320" HPOS="481"/>
							<String ID="string_279" HPOS="507" VPOS="1318" WIDTH="102" HEIGHT="27" WC="0.90" CONTENT="vidtagas"/><SP WIDTH="24" VPOS="1318" HPOS="609"/>
							<String ID="string_280" HPOS="633" VPOS="1318" WIDTH="79" HEIGHT="21" WC="0.96" CONTENT="endast"/><SP WIDTH="19" VPOS="1318" HPOS="712"/>
							<String ID="string_281" HPOS="731" VPOS="1318" WIDTH="8" HEIGHT="20" WC="0.96" CONTENT="i"/><SP WIDTH="20" VPOS="1318" HPOS="739"/>
							<String ID="string_282" HPOS="759" VPOS="1318" WIDTH="42" HEIGHT="20" WC="0.96" CONTENT="den"/><SP WIDTH="16" VPOS="1318" HPOS="801"/>
							<String ID="string_283" HPOS="817" VPOS="1316" WIDTH="36" HEIGHT="22" WC="0.96" CONTENT="för"/>
						</TextLine>
						<TextLine ID="line_34" HPOS="101" VPOS="1352" WIDTH="751" HEIGHT="30">
							<String ID="string_284" HPOS="101" VPOS="1354" WIDTH="106" HEIGHT="22" WC="0.92" CONTENT="stiftande"/><SP WIDTH="19" VPOS="1354" HPOS="207"/>
							<String ID="string_285" HPOS="226" VPOS="1354" WIDTH="39" HEIGHT="22" WC="0.94" CONTENT="och"/><SP WIDTH="26" VPOS="1354" HPOS="265"/>
							<String ID="string_286" HPOS="291" VPOS="1354" WIDTH="94" HEIGHT="28" WC="0.96" CONTENT="ändring"/><SP WIDTH="27" VPOS="1354" HPOS="385"/>
							<String ID="string_287" HPOS="412" VPOS="1354" WIDTH="25" HEIGHT="22" WC="0.89" CONTENT="af"/><SP WIDTH="24" VPOS="1354" HPOS="437"/>
							<String ID="string_288" HPOS="461" VPOS="1354" WIDTH="70" HEIGHT="22" WC="0.89" CONTENT="sädan"/><SP WIDTH="22" VPOS="1354" HPOS="531"/>
							<String ID="string_289" HPOS="553" VPOS="1354" WIDTH="38" HEIGHT="26" WC="0.93" CONTENT="lag"/><SP WIDTH="25" VPOS="1354" HPOS="591"/>
							<String ID="string_290" HPOS="616" VPOS="1353" WIDTH="119" HEIGHT="22" WC="0.92" CONTENT="faststälda"/><SP WIDTH="22" VPOS="1353" HPOS="735"/>
							<String ID="string_291" HPOS="757" VPOS="1352" WIDTH="95" HEIGHT="27" WC="0.96" CONTENT="ordning"/>
						</TextLine>
						<TextLine ID="line_35" HPOS="102" VPOS="1388" WIDTH="749" HEIGHT="29">
							<String ID="string_292" HPOS="102" VPOS="1390" WIDTH="45" HEIGHT="20" WC="0.92" CONTENT="Och"/><SP WIDTH="22" VPOS="1390" HPOS="147"/>
							<String ID="string_293" HPOS="169" VPOS="1389" WIDTH="122" HEIGHT="23" WC="0.92" CONTENT="Ständerna"/><SP WIDTH="20" VPOS="1389" HPOS="291"/>
							<String ID="string_294" HPOS="311" VPOS="1390" WIDTH="54" HEIGHT="22" WC="0.96" CONTENT="böra"/><SP WIDTH="21" VPOS="1390" HPOS="365"/>
							<String ID="string_295" HPOS="386" VPOS="1390" WIDTH="19" HEIGHT="27" WC="0.96" CONTENT="ej"/><SP WIDTH="22" VPOS="1390" HPOS="405"/>
							<String ID="string_296" HPOS="427" VPOS="1390" WIDTH="117" HEIGHT="21" WC="0.96" CONTENT="underlåta"/><SP WIDTH="20" VPOS="1390" HPOS="544"/>
							<String ID="string_297" HPOS="564" VPOS="1391" WIDTH="33" HEIGHT="19" WC="0.93" CONTENT="att"/><SP WIDTH="15" VPOS="1391" HPOS="597"/>
							<String ID="string_298" HPOS="612" VPOS="1389" WIDTH="77" HEIGHT="27" WC="0.96" CONTENT="uttala,"/><SP WIDTH="18" VPOS="1389" HPOS="689"/>
							<String ID="string_299" HPOS="707" VPOS="1390" WIDTH="32" HEIGHT="20" WC="0.96" CONTENT="att"/><SP WIDTH="16" VPOS="1390" HPOS="739"/>
							<String ID="string_300" HPOS="755" VPOS="1388" WIDTH="27" HEIGHT="22" WC="0.93" CONTENT="de"/><SP WIDTH="16" VPOS="1388" HPOS="782"/>
							<String ID="string_301" HPOS="798" VPOS="1393" WIDTH="53" HEIGHT="15" WC="0.95" CONTENT="anse"/>
						</TextLine>
					</TextBlock>
				</ComposedBlock>
			</PrintSpace>
		</Page>
	</Layout>
</alto>
