1061 1692
300 100 28 22 U.
344 100 27 22 B.
387 113 29 3 —
432 99 74 29 Prop.
522 100 46 22 N:o
583 100 38 22 24.
780 103 26 19 15

84 159 231 23 öfverensstämmelse
330 159 91 22 härmed
436 160 41 21 har
487 159 41 22 ock
538 158 35 22 för
584 159 27 22 de
622 159 163 28 värnepligtige
798 166 38 16 an-

83 195 82 22 vändts
186 201 81 16 samma
286 194 106 22 formulär
412 195 36 21 till
466 194 200 28 krigsmannaeden
682 201 46 15 som
744 195 37 22 det
796 196 40 21 all-

83 232 82 20 männa
174 230 35 22 för
216 230 111 28 tjensteed
334 229 142 29 föreskrifna,
485 232 53 20 utan
549 232 33 19 att
592 230 73 27 någon
673 230 110 28 ändring
770 225 12 37 i
792 230 44 22 for-

84 266 95 22 muläret
194 268 84 19 ansetts
294 266 103 26 påkallad
413 265 25 21 af
450 266 223 27 Värnepligtslagens
688 265 148 22 förevarande

84 301 127 28 stadgande.
241 301 46 21 För
307 300 141 27 aflägsnande
469 300 25 21 af
512 301 117 21 anmärkta
644 301 152 27 oegentlighet
811 303 26 20 är

83 336 59 22 altså
162 342 28 16 en
208 335 161 28 omredigering
389 335 25 22 af
432 337 28 20 88
480 335 12 30 $
508 336 133 27 nödvändig.
672 335 82 23 Likväl
770 343 66 21 synes

83 372 63 21 detta
161 371 104 28 syftemål
282 371 50 22 icke
346 371 115 22 föranleda
476 377 28 16 en
520 372 25 21 så
560 371 135 28 vidtgående
710 371 74 28 saklig
799 375 37 18 än-

84 407 65 28 dring
171 407 25 22 af
217 407 136 28 stadgandet,
377 413 47 16 som
439 407 42 22 den
499 406 109 28 förslaget
623 407 99 22 innebär.
753 407 84 22 Genom

84 443 73 22 dettas
172 443 140 28 ordalydelse
326 443 86 22 komme
427 443 112 27 nämligen
548 443 84 27 jemväl
643 443 43 22 den
696 443 142 28 bestämning

83 479 8 21 i
113 481 27 20 18
160 479 13 29 &
192 479 26 22 R.
240 479 32 25 F.
290 480 34 20 att
343 479 165 27 krigsmaktens
526 479 115 22 trohetsed
665 479 58 21 skall
739 479 97 28 afläggas

83 515 50 22 icke
148 515 58 22 blott
220 515 36 22 till
271 515 121 22 Monarken
407 517 53 20 utan
476 515 41 22 ock
532 515 36 22 till
584 515 81 28 landet,
679 515 8 21 i
697 515 92 22 hvilken
800 515 37 22 del

84 551 37 22 det
144 551 124 26 äberopade
283 551 169 27 lagstadgandet
466 550 137 22 fortfarande
619 551 41 21 har
676 551 34 21 sin
725 551 111 27 giltighet,

83 585 119 24 framdeles
225 587 33 20 att
280 586 50 21 icke
352 586 76 22 vidare
444 586 60 27 gälla
523 586 28 22 de
569 586 175 27 värnepligtiges
762 586 75 27 krigs-

83 622 113 22 mannaed.
227 621 100 22 Anförda
348 622 146 27 bestämning,
518 621 92 22 hvilken
633 621 117 28 iakttagits
774 622 9 21 i
807 621 27 22 de

83 657 111 22 härintills
218 657 101 22 använda
342 656 179 28 edsformulären,
547 657 8 21 i
579 657 38 22 det
635 658 34 21 att
685 657 69 27 enligt
771 657 66 22 dessa

83 692 72 23 lofvas
178 694 34 20 att
236 693 40 27 ,H.
298 692 53 22 M:ts
370 693 40 21 och
425 693 87 21 landets
528 699 59 20 gagn
610 693 40 21 och
666 693 64 21 bästa
744 693 33 21 uti
793 693 44 21 alla

83 728 70 21 mätto
174 728 54 21 söka
244 728 42 21 och
301 727 91 28 främja*
410 729 56 20 samt
484 728 40 27 ,de
541 728 8 21 i
565 728 76 21 landet
657 728 101 27 gällande
774 728 63 27 lagar

84 763 40 22 och
139 762 158 29 författningar
306 763 53 27 lyda
368 763 41 22 och
420 763 165 25 efterkomma*,
594 764 48 21 står
653 763 123 22 emellertid
786 763 51 22 icke

83 799 58 22 blott
155 799 9 21 i
178 798 42 22 full
236 798 230 23 öfverensstämmelse
480 799 50 22 med
544 799 43 22 den
597 799 9 21 i
614 799 222 27 Värnepligtslagens

85 834 36 28 18
137 834 99 22 uttalade
251 834 110 22 allmänna
375 835 153 27 grundsatsen,
540 837 33 19 att
585 835 78 27 hvarje
671 834 57 22 finsk
736 835 100 21 medbor-

84 876 56 20 gare
160 872 26 19 är
206 870 149 27 värnepligtig
369 869 36 23 för
419 872 91 20 tronens
526 870 40 22 och
582 869 192 23 fäderneslandets
790 868 47 22 för-

84 911 57 21 svar,
165 906 52 20 utan
241 906 25 20 är
289 904 66 23 äfven
378 905 132 22 derutinnan
534 904 25 22 af
577 907 82 20 största
674 905 54 27 vigt,
745 906 33 20 att
794 904 43 22 den

84 940 73 27 gifver
176 940 91 27 uttryck
286 940 24 22 åt
331 940 155 28 förpligtelsen
501 940 34 22 för
551 941 89 21 landets
655 940 125 28 krigsmakt
797 941 40 25 att,

81 976 84 27 jemväl
188 976 42 22 den
253 975 35 23 för
310 976 35 22 sin
367 976 42 28 del,
430 976 52 28 lyda
505 977 40 21 och
569 976 160 22 vidmakthålla
748 976 89 21 landets

84 1011 140 28 grundlagar.
255 1012 113 22 Uteslutes
383 1012 162 27 hänvisningen
562 1012 36 21 till
616 1013 27 20 18
660 1011 13 29 &
688 1011 25 21 R.
729 1011 25 21 F.
770 1018 27 14 ur
808 1012 29 21 88

85 1046 12 29 8
113 1047 215 27 Värnepligtslagen,
344 1054 67 20 synes
426 1048 67 22 alltså
508 1048 61 21 detta
585 1047 159 27 lagstadgande
759 1048 55 20 böra
829 1047 8 21 i

85 1082 76 22 stället
188 1083 151 27 uttryckligen
366 1083 111 27 ätergifva
504 1083 124 22 innehället
653 1082 25 22 af
702 1082 136 22 sistnämnda

84 1118 148 28 bestämning;
256 1119 40 21 och
318 1119 41 21 har
381 1119 116 22 Utskottet
520 1120 7 20 i
551 1119 100 27 enlighet
665 1118 92 22 härmed
774 1118 9 21 i
800 1118 38 21 det

84 1154 127 27 föreslagna
226 1154 132 28 stadgandet
373 1154 58 22 efter
446 1154 63 22 ordet
522 1154 197 28 ,krigsmannaed*
731 1153 107 28 inskjutit

85 1191 75 20 satsen
184 1196 60 20 ,som
266 1189 97 28 aflägges
383 1190 36 21 till
440 1190 108 27 Kejsaren
569 1190 40 21 och
626 1188 137 23 Storfursten
780 1190 56 20 samt

84 1224 200 23 fäderneslandet*.

422 1290 13 29 8
453 1292 47 20 118.

155 1331 122 28 Utskottet,
294 1338 46 15 som
355 1331 25 21 af
392 1332 118 26 praktiska
526 1331 52 22 skäl
593 1332 74 21 ansett
683 1330 35 28 sig
728 1331 54 21 böra
790 1330 48 21 till-

84 1367 79 27 styrka
178 1366 160 28 godkännande
352 1367 8 21 i
375 1366 127 23 hufvudsak
518 1366 24 22 af
557 1366 37 22 det
610 1366 8 21 i
635 1368 10 19 1
658 1372 60 15 mom.
727 1365 111 28 ingäende

83 1408 44 21 nya
143 1402 132 27 stadgandet
291 1404 33 19 att
339 1402 70 21 forum
424 1402 34 21 för
473 1402 164 27 behandlingen
649 1401 24 22 af
682 1401 42 21 mä]
740 1400 99 22 rörande

155 1443 127 23 Lagutskottets
294 1443 108 18 betänkande
414 1443 36 18 N:o
462 1444 30 17 17.
