1059 1695
403 141 58 23 N:o
478 141 51 23 19.

295 446 76 26 Hans
389 447 181 32 Kejserliga
588 447 164 32 Majestäts
765 446 81 33 nådiga

228 499 139 33 proposition
385 500 34 24 till
432 499 103 25 Finlands
553 500 103 32 Ständer,
674 499 115 32 angående
808 506 39 18 an-

227 551 91 24 visande
338 551 27 24 af
381 551 69 25 medel
481 552 37 36 för
548 551 172 25 folkskolornas
742 552 7 24 i
772 551 75 25 landet

229 602 115 26 underhåll
363 603 71 25 under
452 602 55 26 åren
527 603 177 25 1892—1894,

160 684 38 21 Uti
222 684 40 20 den
285 683 34 21 till
344 684 54 20 1888
423 684 35 21 års
480 683 102 27 landtdag
598 683 78 21 aflätna
692 683 156 27 proposition
837 679 15 36 i

93 720 71 19 ämnet
180 718 134 21 meddelades
331 718 119 21 Ständerna
466 720 32 20 att
513 718 150 27 behällningen
679 718 7 20 i
702 718 102 26 anslagen
815 717 34 21 för

93 752 219 21 folkskoleväsendets
336 752 114 21 underhäll
473 752 35 21 vid
532 753 53 20 1886
602 753 35 20 ärs
653 753 80 26 utgäng
749 751 99 28 utgjorde

95 788 89 25 102,053
201 787 60 20 mark
277 788 27 20 20
320 787 64 26 penni
396 789 56 19 samt
460 789 32 19 att
500 787 34 21 för
542 787 50 21 ären
603 788 51 20 1887
665 787 39 21 och
714 787 54 21 1888
778 786 71 21 kunde

93 823 89 25 antagas
206 828 26 13 en
254 821 126 27 ytterligare
403 820 124 28 behällning
550 822 7 20 i
575 822 67 26 sagda
657 822 76 26 anslag
748 820 24 22 af
786 820 64 21 minst

93 856 77 25 50,000
186 855 60 21 mark
262 855 32 21 för
310 855 116 21 hvartdera
442 855 52 26 äret,
510 855 85 21 hvadan
606 855 36 21 vid
652 854 199 28 bevillningsperio-

94 889 50 22 dens
160 891 80 25 utgäng
257 889 7 22 i
280 889 66 22 slutet
362 890 24 20 af
403 889 23 22 är
444 891 53 20 1888
513 890 66 21 borde
596 891 86 25 gvarstä
698 889 152 27 odisponeradt

94 926 32 19 ett
141 924 76 27 belopp
234 924 22 21 af
270 924 86 27 vidpass
374 925 92 25 200,000
482 925 68 20 mark.

163 958 68 22 Sedan
249 959 175 26 räkenskaperna
440 959 34 20 för
489 959 50 21 ären
558 959 52 21 1887
628 959 38 21 och
678 959 54 21 1888
744 958 106 25 afslutats,

93 993 39 20 har
149 993 40 20 den
206 993 100 21 effektiva
322 993 92 26 utgiften
430 993 34 21 för
480 994 62 21 dessa
558 993 24 21 är
597 993 55 22 visat
668 993 31 28 sig
714 994 66 26 något
796 993 53 21 min-

94 1027 36 21 dre
146 1029 27 19 än
189 1028 41 20 den
245 1027 121 22 beräknade
382 1030 56 19 saint
453 1028 41 21 den
509 1028 96 27 verkliga
619 1028 151 27 behällningen
782 1027 6 22 i
799 1027 52 27 följd

94 1062 61 21 deraf
178 1061 135 28 öfverskjutit
332 1062 159 28 ofvanantagna
506 1063 88 27 belopp;
610 1063 40 21 och
666 1063 39 21 har
721 1062 127 22 differensen

93 1096 6 21 i
116 1096 25 21 de
157 1096 69 22 skilda
241 1099 103 24 posterna
361 1096 81 22 utfallit
458 1097 27 27 pä
500 1097 94 27 följande
610 1099 53 19 sätt:

377 1168 1 8 !
527 1168 1 16 |

387 1188 37 18 Vid
434 1189 44 17 1885
486 1187 31 19 ärs

387 1223 90 22 landtdag
486 1223 30 17 be-
527 1237 2 4 |
554 1222 81 18 Effektiv
649 1225 28 15 ut-

96 1211 1 25 |

96 1237 2 38 |
699 1245 2 16 |
725 1240 97 18 Differens.

96 1296 1 21 |
377 1298 1 10 |
432 1291 46 22 slag.

96 1328 2 7 i
378 1325 15 17 -
398 1333 57 1 ="
537 1333 61 2 is
700 1327 1 4 LE

96 1343 2 36 |
378 1343 1 26 [|
422 1343 24 17 M
488 1340 28 31 |p.
584 1343 24 17 M
660 1342 30 28 jp
724 1333 45 27 M.
809 1338 30 44 E

106 1422 36 17 Till
156 1422 97 18 underhäll
266 1423 20 17 af
298 1423 70 17 städer-

393 1257 69 22 viljade
476 1263 31 12 an-
554 1275 3 2 2
578 1253 6 31 =
598 1257 40 22 gift.
790 1206 62 129 "|

851 1397 1 9 !

851 1408 1 13 i

659 1437 2 7 i
851 1418 1 34 |

129 1462 33 12 nas
175 1457 105 18 folkskolor
304 1470 3 4 .
333 1470 3 4 .
364 1470 3 4 .|
404 1458 126 22 363,600j—|
550 1449 14 36 =
578 1453 114 25 373,958:383|—
710 1457 92 21 10,358
851 1456 1 22 !

820 1457 22 16 33
