1061 1703
468 127 45 24 N:o
534 129 38 21 23.
843 126 25 21 15

21 193 61 18 Stats
99 193 162 17 Sekretariatet

127 229 30 17 för

40 263 201 18 Storfurstendömet

99 303 87 18 Finland

39 344 62 20 Andra
118 344 130 26 Afdelningen.

30 442 35 16 den

77 389 25 17 S:t
115 389 108 22 Petersburg,

84 430 17 12 28
109 430 76 12 Februari

83 448 85 17 Mars
205 441 49 17 1891.

99 486 34 18 N:o
149 487 36 17 190.

209 544 44 24 Till
276 545 62 22 Herr
358 544 100 24 General
480 544 150 23 Guvernören
649 544 64 28 öfver
731 544 112 24 Finland.

215 624 33 21 Då
264 624 30 21 uti
309 624 100 21 Komiten
424 623 34 22 för
474 624 70 21 finska
555 624 92 21 ärenden
659 624 112 27 handlagts
783 625 37 20 det
830 623 23 22 af
862 623 37 22 Sc-

147 661 64 18 naten
226 658 33 21 för
275 658 91 21 Finland
382 658 120 26 uppgjorda
513 658 80 26 förslag
604 659 32 20 till
647 658 254 26 landtdagsproposition,

147 692 110 27 angäende
273 692 107 21 särskilda
396 693 115 26 ändringar
527 693 31 20 uti
574 692 126 27 strafflagen
714 692 33 21 för
758 692 143 21 Storfursten-

147 728 72 21 dömet
235 728 90 20 Finland
341 726 21 22 af
376 727 40 21 den
434 728 25 20 19
474 727 120 21 December
611 728 61 25 1889,
688 727 38 21 har
742 726 101 22 Komiten
854 726 49 20 med

147 761 100 22 afseende
263 761 12 21 å
290 762 56 20 hvad
360 761 202 21 Justitieministern
577 762 6 20 i
600 761 90 21 ärendet
707 763 74 25 yttrat,
798 760 105 21 underdä-

147 796 57 27 nigst
212 796 107 26 hemstält,
331 798 31 19 att
373 796 133 26 proposition
517 796 109 26 angående
638 796 61 20 dessa
709 796 117 26 ändringar
834 794 69 22 skulle

148 830 76 22 aflåtas
247 832 51 19 utan
322 830 102 21 afvikelse
440 830 49 21 från
505 830 149 27 ordalydelsen
670 831 6 20 i
693 830 111 21 Särskilda
824 828 79 22 Konfe-

148 871 86 15 rensens
250 864 140 27 allernådigst
405 864 116 22 faststälda
534 865 93 26 journal.
657 864 79 21 Dervid
752 864 39 21 har
803 863 101 21 Komitén

148 899 66 21 likväl
230 899 155 27 underdänigst
401 899 92 21 anmält:
519 900 20 25 1)
556 901 32 19 att
603 899 108 26 uttrycket
726 898 75 27 ,finskt
816 898 88 26 fartyg”,

149 940 45 14 som
210 934 78 21 hittills
303 933 104 22 användts
422 934 7 20 i
445 933 91 21 officiela
551 934 134 26 handlingar,
701 939 50 15 vore
762 938 59 15 mera
832 931 72 27 exakt,

148 970 27 19 än
199 968 36 22 det
255 968 23 21 af
297 968 110 22 Särskilda
422 968 147 22 Konferensen
585 971 93 23 antagna
693 968 108 26 uttrycket
816 967 18 25 ,i
849 966 55 21 finsk

148 1003 65 20 hamn
229 1003 113 21 inskrifvet
357 1002 88 27 fartyg”,
462 1005 55 19 samt
532 1003 23 26 2)
572 1004 32 19 att
620 1003 36 20 det
672 1004 71 25 syntes
759 1001 99 26 lämpligt
873 1002 32 19 att

148 1037 6 20 i
177 1037 12 28 $
214 1038 25 20 16
262 1037 23 21 af
306 1037 136 27 strafflagens
467 1038 25 20 16
513 1037 48 26 kap.
578 1037 64 20 ställa
656 1036 68 21 under
740 1036 74 26 lagens
830 1034 75 27 skydd,

148 1073 59 20 utom
223 1071 50 27 rysk
283 1071 70 27 flagga
364 1071 40 22 och
414 1071 117 27 Rysslands
542 1077 74 21 vapen,
626 1071 79 26 jemväl
716 1069 103 22 Finlands
831 1074 75 21 vapen.

217 1106 42 21 Vid
275 1106 133 27 underdånig
422 1105 154 27 föredragning
592 1105 23 21 af
630 1105 60 21 detta
705 1105 80 20 ärende
795 1104 41 20 har
847 1103 60 21 Hans

149 1140 119 27 Kejserliga
290 1141 101 26 Majestät
406 1141 70 20 täckts
492 1140 112 21 Komiténs
620 1139 155 22 ofvananförda
790 1137 117 22 framställ-

149 1175 50 27 ning
222 1176 6 20 i
251 1175 66 21 nåder
340 1176 124 26 godkänna;
480 1175 82 21 hvilket
578 1175 68 21 Eders
662 1174 110 21 Excellens
787 1172 120 27 behagade,

149 1210 48 20 med
221 1209 172 22 öfverlemnande
417 1209 23 22 af
461 1209 79 21 härhos
565 1209 111 21 närslutna
692 1208 85 27 nädigst
793 1206 114 22 faststälda

149 1244 229 27 ständerproposition,
402 1244 100 21 meddela
527 1244 91 21 Senaten
642 1243 32 21 för
697 1242 93 22 Finland
806 1241 33 22 till
855 1241 52 20 kän-

150 1279 76 20 nedom
243 1281 54 19 samt
313 1279 33 20 för
362 1279 131 26 vidtagande
509 1278 22 21 af
546 1279 40 20 den
603 1279 27 26 pä
646 1278 93 21 Senaten
752 1275 156 23 ankommande

150 1313 83 26 ätgärd.

375 1361 28 24 C.
424 1360 263 25 EHRNROOTH.

623 1439 65 22 Alexis
705 1438 131 27 Gripenberg.
