1059 1703
336 145 29 22 U.
380 144 29 22 B.
426 157 27 2 —
469 145 75 28 Prop.
560 145 45 22 N:o
617 145 38 23 23.
819 148 26 19 27

325 210 29 17 tet
375 210 55 17 emot
452 208 83 20 allmän
557 208 39 27 lag
614 208 36 20 till
661 209 71 27 straff
743 209 81 20 dömas.
854 210 21 20 A

324 241 137 25 skadestånd,
472 249 45 13 som
527 242 108 28 härjlyter
643 243 30 26 af
678 243 82 20 sådan
775 243 100 27 tjenste-

319 275 160 27 fJörbrytelse
493 277 37 19 mä
541 276 61 28 finsk
617 277 40 26 lag
670 277 115 27 tillämpas.

539 444 32 17 11
586 444 77 23 Kap

483 498 44 23 Om
542 498 182 28 högförräderi.

577 557 17 25 f
609 563 18 13 2.

396 613 72 25 Hvar,
485 620 43 13 som
545 613 9 21 i
567 614 90 26 uppsåt:

396 649 22 24 1)
433 650 33 17 att
476 647 89 27 beröfva
576 648 108 27 Kejsaren
694 648 37 20 och
743 648 134 25 Storfursten

321 682 102 26 friheten,
440 682 77 26 bringa
527 682 76 20 honom
614 682 9 20 i
625 682 85 27 fiendes
720 683 52 20 eller
781 686 96 23 upprors-

326 717 63 18 mäns
411 716 59 24 väld,
486 716 134 27 fränhända
639 716 75 21 honom
728 717 75 26 högsta
819 716 59 20 mak-

327 753 40 21 ten,
383 750 53 20 eller
449 750 78 21 hindra
543 751 75 20 honom
631 751 8 20 i
650 751 124 27 utöfningen
790 751 30 26 af
831 750 46 21 den-

326 791 96 16 samma;

395 820 24 23 2)
435 821 33 18 att
477 819 58 26 frän
551 819 74 26 Ryska
641 819 64 20 Riket
719 819 97 26 lösrycka
828 818 50 21 Fin-

327 853 58 24 land,
401 853 53 20 eller
467 853 37 20 del
516 853 70 27 deraf,
598 853 53 20 eller
659 856 68 17 annat
737 853 44 20 till
793 852 85 27 Ryska

327 887 76 20 Riket
421 887 113 20 hörande
553 887 88 20 område
661 887 52 20 eller
726 887 67 27 lägga
807 887 71 26 någon

328 921 37 20 del
377 922 30 26 af
417 921 74 26 Ryska
506 921 64 21 Riket
580 921 69 21 under
653 921 145 28 främmande
808 921 70 23 makt;

328 956 53 19 eller

394 992 27 25 3)
443 991 107 26 olagligen
566 990 113 27 upphäfva
694 990 51 20 eller
758 989 71 20 ändra
846 996 33 13 re-

325 1024 189 26 geringssättet
528 1024 9 20 i
550 1024 165 27 Kejsaredömet
731 1024 52 20 eller
796 1023 9 21 i
820 1022 59 21 Stor-

322 1058 166 27 furstendömet,
502 1058 52 28 eller
565 1058 116 26 ordningen
689 1059 40 25 för
737 1057 142 27 tronföljden;

397 1092 69 27 begår
481 1092 110 27 handling,
608 1100 44 12 som
667 1092 121 27 innefattar
802 1092 77 26 uppså-

327 1130 40 17 tets
375 1126 158 28 fullbordande
548 1127 53 20 eller
605 1127 78 27 försök
695 1127 83 23 dertill;
789 1126 90 27 straffes

321 1161 45 27 för
379 1161 157 27 högförräderi
549 1161 50 20 med
612 1161 85 20 tukthus
705 1161 33 27 på
749 1160 72 28 lifstid
829 1160 52 20 eller

322 1195 59 27 från
397 1195 37 21 och
450 1196 51 20 med
514 1196 48 20 åtta
577 1195 36 21 till
625 1195 36 21 och
677 1195 50 21 med
739 1195 45 27 tolf
795 1194 32 20 år.

579 1287 14 25 S
609 1292 22 21 3

397 1343 81 26 Hafva
497 1343 38 20 två
551 1343 53 20 eller
611 1342 56 27 flere
683 1343 82 26 aftalat
779 1344 34 18 att
827 1342 54 26 begå

327 1377 165 27 högförräderi;
507 1377 89 27 straffes
611 1376 84 21 enhvar
708 1377 29 26 af
743 1376 48 21 dem
801 1377 39 23 för
848 1375 33 20 så-

328 1411 44 20 dan
387 1411 120 26 stämpling
520 1411 51 20 med
584 1411 87 20 tukthus
678 1411 58 26 från
747 1410 37 21 och
795 1409 50 21 med
853 1412 29 17 ett

329 1445 35 20 till
377 1445 37 20 och
430 1445 51 20 med
494 1445 48 20 åtta
558 1445 32 20 år.

192 1484 129 22 Lagutskottets
334 1484 113 17 betänkande
460 1485 35 16 N:o
508 1484 28 17 15.
