1061 1678
247 93 12 20 2
331 92 93 25 Ständ.
443 92 47 25 Sv.
510 106 34 3 —
563 91 84 32 Prop.
667 91 54 25 N:o
741 98 38 23 23.

215 158 24 20 af
252 158 41 20 den
311 157 26 22 19
352 158 116 20 December
487 157 56 21 1889
558 159 57 18 samt
631 157 150 26 förordningen
795 157 23 20 af
830 163 84 14 samma
925 157 42 25 dag

216 199 36 15 om
268 193 136 26 strafflagens
427 193 109 20 införande
560 194 40 20 och
621 194 57 19 hvad
700 193 5 20 i
726 193 100 20 afseende
849 193 50 20 derå
914 193 53 20 skall

216 229 110 26 iakttagas.

285 265 8 20 I
317 265 40 20 den
380 265 79 25 nådiga
473 265 160 26 propositionen
649 265 39 20 har
705 265 131 26 upplysning
852 265 114 20 meddelats

216 306 36 14 om
268 300 140 26 anledningen
424 300 72 25 dertill,
513 302 29 18 att
556 300 60 20 vissa
632 300 147 26 förändringar
795 300 6 20 i
812 300 100 20 Finlands
923 307 44 19 nya

216 335 96 26 strafflag
335 338 80 18 ansetts
438 336 112 26 behöfliga,
575 336 41 20 och
632 342 35 14 om
684 336 34 20 det
734 336 104 26 uppdrag,
855 341 47 15 som
918 336 48 20 med

215 370 100 21 afseende
338 371 13 20 å
368 371 70 20 denna
462 372 153 25 angelägenhet
636 371 54 20 varit
707 371 94 20 lemnadt
821 377 26 14 en
864 371 22 20 af
899 370 67 21 Eders

216 407 115 26 Kejserliga
354 407 98 26 Majestät
474 407 72 20 tillsatt
569 407 91 20 särskild
678 407 125 25 Konferens,
819 407 64 20 hvars
900 407 66 26 tillgö-

216 443 80 20 randen
317 443 32 20 för
364 443 62 26 öfrigt
441 444 97 19 närmare
554 443 138 20 omförmälas
708 443 5 19 i
735 443 120 20 Ständerna
876 442 90 25 delgifna

216 478 132 25 handlingar.

286 513 41 20 Vid
340 514 159 25 granskningen
515 514 23 20 af
551 514 147 25 förenämnda,
715 513 28 20 till
759 513 130 21 Ständernas
900 514 65 19 hand-

216 549 101 26 läggning
333 549 155 20 öfverlemnade
504 549 79 26 förslag
599 549 27 20 till
643 549 153 26 förordningar,
813 555 48 14 som
877 549 88 20 tillkom-

216 584 37 20 mit
268 585 28 26 pä
312 585 153 26 framställning
480 585 23 20 af
519 585 98 20 bemälda
632 585 125 25 Konferens,
773 585 65 20 hafva
849 585 117 20 Ständerna

215 619 76 26 funnit,
307 622 30 18 att
360 620 67 26 nägra
446 620 22 20 af
482 621 25 19 de
523 620 121 26 föreslagna
660 620 143 26 ändringarna
818 620 5 19 i
840 620 125 25 strafflagen

215 655 74 20 kunna
302 661 64 14 anses
376 656 101 20 innebära
489 662 26 14 en
530 656 125 26 förbättring
667 656 47 20 eller
731 658 27 18 ett
775 656 154 25 förtydligande
945 655 23 20 af

216 690 73 26 lagens
305 692 123 19 nuvarande
444 692 138 24 stadganden.
614 690 42 21 Till
673 691 145 20 erkännandet
839 691 62 20 häraf
913 691 52 20 böra

216 725 118 21 Ständerna
349 727 55 20 dock
420 727 50 25 foga
485 729 28 18 ett
529 727 107 20 uttalande
652 727 24 20 af
689 727 32 20 sin
733 726 141 26 öfvertygelse
885 727 79 25 derom,

215 763 30 18 att
267 762 103 20 bristerna
394 762 5 20 i
424 763 63 19 dessa
505 763 132 25 stadganden
653 762 116 26 ingalunda
785 763 37 19 äro
839 762 23 20 af
875 762 39 20 den
930 762 35 20 be-

215 796 125 26 skaffenhet,
364 800 29 17 att
417 798 25 20 de
466 798 67 20 skulle
555 798 83 20 kunnat
659 798 96 20 medföra
773 798 68 25 nägra
856 798 109 20 kännbara

215 832 136 25 olägenheter
365 832 35 21 vid
416 833 158 26 tillämpningen
591 833 47 20 eller
654 838 38 15 ens
709 832 138 21 närmelsevis
862 832 44 21 haft
924 833 41 20 den

215 869 58 18 stora
288 867 114 26 betydelse,
419 874 48 15 som
483 869 146 20 Konferensen
645 871 68 18 ansett
730 869 111 19 desamma
856 868 51 20 böra
928 868 37 20 till-

215 903 77 20 mätas.

284 938 67 20 Jemte
374 939 34 20 det
432 945 53 20 nyss
508 940 95 25 antydda
622 939 183 26 ändringsförslag
821 941 51 18 utan
888 939 76 20 tvekan

215 973 22 20 af
257 973 118 21 Ständerna
398 975 98 25 antagits,
520 975 65 20 hafva
608 975 95 20 deremot
726 975 67 19 andra
810 974 5 19 i
832 974 40 20 den
888 974 77 26 nädiga

214 1008 158 26 propositionen
388 1010 76 25 gjorda
479 1010 78 25 förslag
573 1010 45 19 icke
634 1010 81 19 kunnat
732 1009 74 25 undgä
816 1010 30 18 att
856 1009 109 20 framkalla

214 1044 170 26 betänkligheter.
412 1045 34 20 Dä
462 1045 39 20 den
518 1045 70 20 finska
603 1045 137 25 strafflagens
751 1044 140 26 stadganden,
902 1045 63 25 enligt

213 1079 72 20 hvilka
311 1080 61 25 brott,
396 1086 48 14 som
460 1080 66 26 begäs
542 1082 61 18 utom
619 1080 96 25 Finland,
733 1080 67 20 under
815 1080 59 20 vissa
889 1080 75 20 förhäl-

213 1115 78 19 landen
301 1115 60 20 skola
372 1115 50 20 efter
433 1116 56 19 finsk
499 1116 35 25 lag
545 1116 41 20 och
597 1116 23 19 af
628 1116 56 20 finsk
700 1115 92 21 domstol
804 1116 82 24 dömas,
898 1115 67 20 öfver-

213 1151 134 20 ensstämmä
370 1151 48 20 med
436 1151 151 26 allmängiltiga
602 1152 145 25 grundsatser,
765 1151 41 20 och
822 1150 28 20 dä
865 1150 100 20 Finlands

213 1185 130 27 lagstiftning
359 1187 41 19 och
414 1186 135 27 lagskipning
565 1188 37 18 äro
614 1186 131 26 oafhängiga
755 1186 24 20 af
787 1186 178 25 Kejsaredömets,

213 1221 74 19 kunna
307 1222 26 19 de
354 1222 5 19 i
384 1222 7 19 1
410 1222 48 26 kap.
474 1222 120 26 föreslagna
610 1222 122 26 ändringar,
749 1228 49 14 som
813 1221 45 20 afse
874 1223 29 18 att
918 1221 47 20 frän

213 1256 41 20 den
271 1256 70 20 finska
356 1257 136 25 strafflagens
507 1258 131 26 tillämpning
654 1258 42 19 helt
712 1257 41 20 och
769 1256 63 20 hållet
843 1256 122 26 undantaga

213 1291 73 26 dylika
309 1292 54 20 brott
381 1292 115 26 begängna
512 1292 57 21 inom
585 1292 168 26 Kejsaredömet,
770 1292 46 20 icke
832 1297 62 14 anses
910 1292 55 25 prin-

213 1327 68 25 cipielt
304 1327 83 25 riktiga,
412 1333 36 15 om
463 1329 28 19 än
506 1328 101 20 Finlands
624 1329 52 19 nära
692 1327 97 25 förening
805 1327 49 19 med
870 1327 95 25 Kejsare-

213 1361 73 21 dömet
309 1362 42 20 kan
367 1362 108 21 föranleda
491 1369 26 14 en
533 1363 48 20 eller
597 1369 72 14 annan
685 1362 148 20 modifikation
849 1362 23 20 af
885 1362 26 20 de
930 1362 35 19 all-

213 1398 81 22 männa
309 1398 147 26 stadgandena
472 1398 111 26 angäende
599 1398 82 20 sädana
696 1398 41 20 fall.
759 1398 50 20 Med
826 1398 34 19 det
876 1397 5 20 i
897 1397 68 20 straff-
