1061 1706
244 108 12 20 2
387 106 83 22 Ständ.
487 106 38 22 Sv.
541 120 29 2 —
585 106 75 28 Prop.
675 106 44 22 N:o
734 105 38 22 28.

282 173 39 21 Uti
338 172 39 22 sitt
391 172 153 28 underdåniga
560 179 51 16 svar
626 172 7 22 i
650 172 119 27 anledning
784 171 24 22 af
821 172 80 28 nådiga
911 178 49 22 pro-

213 208 124 28 positionen
352 215 33 15 om
401 209 58 22 accis
474 209 29 27 på
519 209 67 21 tobak
606 208 67 23 hafva
694 208 124 22 Ständerna
838 208 51 22 sökt
906 215 55 21 upp-

213 244 49 22 visa
277 245 176 27 accissystemets
469 245 144 27 olämplighet
628 244 35 22 för
679 244 26 22 de
725 244 8 21 i
761 244 75 22 landet
864 244 97 22 rådande

213 280 160 22 förhållanden.
396 281 51 21 Med
463 281 140 27 åberopande
621 280 25 22 af
659 280 58 22 hvad
732 282 45 20 mot
792 280 60 22 detta
863 281 97 21 beskatt-

212 316 162 28 ningssystems
397 316 116 22 införande
529 317 8 21 i
552 316 97 22 Finland
668 316 33 22 uti
716 315 144 23 förenämnda
882 316 78 22 under-

214 352 80 28 dåniga
310 353 186 22 svarsskrifvelse
513 352 91 28 anförts,
620 359 54 15 anse
690 353 34 27 sig
740 352 122 22 Ständerna
878 352 82 22 beträf-

212 388 66 22 fande
302 389 108 21 särskildt
432 389 86 21 accisen
534 389 13 21 å
563 388 138 23 tändstickor
716 389 54 21 böra
785 388 122 27 framhålla,
924 388 37 21 det

212 424 51 22 skäl
284 424 35 22 för
340 425 137 22 närvarande
496 425 50 21 icke
562 424 118 22 förefinnas
691 426 32 20 att
733 424 95 27 pålägga
844 424 74 21 landet
934 430 27 15 en

212 466 30 21 ny
258 460 74 28 börda,
350 461 97 27 hvilken,
472 461 71 21 såsom
559 461 97 21 varande
672 467 27 15 en
715 460 62 22 skatt
793 460 13 22 å
822 466 26 16 en
865 460 95 22 nödvän-

213 496 177 28 dighetsartikel,
413 499 78 25 tyngst
514 497 85 21 komme
622 498 33 20 att
678 497 83 21 drabba
776 496 27 22 de
822 496 83 22 mindre
924 496 36 22 be-

212 532 100 22 medlade
328 532 122 22 klasserna.

282 568 63 22 Huru
361 569 209 27 oproportionerligt
585 569 43 27 hög
640 568 41 22 den
693 568 168 28 ifrågavarande
873 569 87 21 skatten

212 604 86 22 komme
314 606 33 20 att
363 605 76 26 blifva,
462 605 62 21 torde
546 605 84 27 framgå
651 605 69 21 redan
741 604 68 28 deraf,
827 607 38 24 att,
883 605 76 21 medan

212 640 70 27 priset
298 641 13 21 å
327 640 103 22 ordinära
445 641 138 21 tändstickor
606 641 90 26 belöper
712 640 34 28 sig
762 640 35 22 till
820 643 5 19 7
842 640 62 22 mark
920 641 39 21 och

212 676 34 22 för
262 677 74 21 bättre
352 676 97 22 fabrikat
460 677 35 21 till
508 679 26 19 10
546 677 62 21 mark
619 676 35 22 för
665 683 27 15 en
703 676 50 22 låda
764 683 33 15 om
811 678 63 26 1,000
886 677 72 27 askar,

212 712 153 28 accisafgiften
385 713 33 21 uti
439 713 43 21 den
503 713 80 27 nådiga
606 713 163 27 propositionen
786 712 93 22 föreslås
895 713 35 21 till
947 715 10 18 7

212 748 62 22 mark
299 750 28 20 30
352 749 65 26 penni
433 748 36 22 för
484 749 56 21 låda.
572 748 96 22 Sålunda
691 749 85 21 komme
796 749 71 26 priset
882 748 34 22 för
933 755 26 15 on

212 784 87 28 artikel,
316 784 92 22 hvilken
428 785 68 21 redan
513 784 74 22 blifvit
602 785 123 27 oumbärlig
739 784 7 21 i
763 784 76 28 hvarje
855 785 54 26 hem,
927 786 33 20 att

212 820 58 27 stiga
286 820 49 22 med
351 820 57 22 ända
423 820 36 22 till
477 822 40 20 100
534 822 96 25 procent.

281 856 34 21 En
332 856 62 27 dylik
417 856 149 28 prisstegring
589 856 74 22 blefve
687 856 127 28 säkerligen
837 856 49 22 icke
907 858 52 20 utan

210 892 109 21 inverkan
336 893 27 26 på
379 892 169 22 konsumtionen
572 892 24 22 af
610 892 168 28 ifrågavarande
801 892 86 22 artikel.
914 892 45 22 Och

210 928 7 20 i
244 928 42 21 den
317 928 50 21 mån
391 930 72 20 större
493 929 139 26 sparsamhet
658 928 37 22 vid
718 927 148 28 förbrukning
881 928 24 21 af
933 928 26 22 de

210 964 80 26 dyrare
314 964 70 22 blifna
406 964 168 22 tändstickorna
597 965 86 21 komme
706 966 33 20 att
754 964 118 28 iakttagas,
887 964 72 22 skulle

209 999 51 21 icke
283 1000 94 21 allenast
394 1000 42 22 den
452 1000 126 22 emotsedda
602 1000 176 22 skatteintraden
806 1000 77 27 nedgä,
907 1001 52 20 utan

210 1034 67 22 äfven
292 1035 237 23 tändsticksindustrin
544 1036 45 22 lida
604 1036 94 27 förfång.

280 1071 46 22 För
341 1071 70 28 några
427 1071 117 22 årtionden
567 1072 93 21 tillbaka
684 1071 103 23 arbetade
812 1071 71 22 denna
897 1071 63 21 indu-

210 1106 98 28 strigren
329 1107 49 22 icke
394 1108 57 21 blott
467 1107 34 22 för
517 1108 87 21 landets
620 1110 52 25 eget
686 1107 72 28 behof,
775 1109 53 20 utan
844 1107 66 22 äfven
926 1106 35 21 för

210 1145 84 24 export.
327 1137 65 28 Ännu
407 1143 26 22 år
451 1145 57 20 1870
531 1143 100 23 utfördes
654 1145 81 26 40,160
759 1143 63 22 lådor
844 1149 35 16 om
896 1144 63 26 1,000

209 1178 73 28 askar,
294 1185 50 15 men
355 1185 91 16 numera
456 1180 41 21 har
515 1181 106 26 exporten
632 1179 25 22 af
665 1179 138 22 tändstickor
814 1179 25 22 af
846 1178 115 27 åtskilliga

209 1214 93 21 orsaker
318 1216 79 21 nästan
413 1215 48 22 helt
477 1215 40 22 och
532 1215 69 22 hållet
616 1215 101 28 upphört.

279 1250 123 27 Angående
427 1251 88 22 landets
538 1251 220 22 tändsticksindustri
780 1251 34 21 för
830 1251 27 21 de
872 1252 89 20 senaste

209 1286 54 21 åren
279 1286 111 28 föreligga
405 1286 98 29 följande
519 1287 183 28 sifferuppgifter:
