1053 1700
272 108 13 20 2
479 108 20 22 U.
515 109 20 21 B.
550 121 29 3 —
595 109 56 27 Prop.
668 109 33 22 N:o
717 108 34 23 20.

483 168 102 22 Allmänna
601 168 136 22 Statsfonden.

313 215 41 21 Till
376 215 88 28 ledning
486 216 37 22 vid
545 217 150 27 uppgörandet
715 216 25 22 af
761 217 64 21 dessa
840 217 144 28 beräkningar

241 251 39 21 har
301 251 114 22 Utskottet
434 251 49 22 frän
501 252 232 28 Finansexpeditionen
750 253 121 26 emottagit,
887 253 94 22 förutom

242 286 165 28 statsförslagen
429 287 34 22 för
481 288 24 21 är
522 288 63 27 1891,
601 288 95 28 följande
712 289 60 21 detta
787 288 135 23 betänkande
938 289 44 22 vid-

242 322 77 27 fogade
334 322 127 28 handlingar
476 324 120 26 nämligen:

312 364 163 28 Approximativ
493 365 73 27 kalkyl
583 366 59 21 öfver
658 366 147 21 statsfondens
821 367 60 20 extra
897 366 85 22 ordina-

241 400 32 22 rie
294 400 82 28 budget
398 400 33 22 för
455 402 50 20 ären
530 402 147 22 1891—1894
698 401 49 29 (Bil.
765 400 39 30 1.);
820 402 162 27 Approximativ

241 436 73 28 kalkyl
342 436 60 22 öfver
424 437 146 22 statsfondens
595 438 108 22 ordinarie
728 437 83 27 budget
835 438 69 21 under
928 439 54 21 åren

242 472 146 22 1892—1894
403 472 51 29 (Bil.
470 473 29 27 2);
515 474 57 20 samt
587 472 145 28 Förteckning
747 472 60 22 öfver
823 474 81 20 sädana
915 474 67 21 under

241 509 51 20 ären
309 508 146 22 1891—1894
469 508 176 22 förekommande
661 509 110 21 allmänna
781 508 200 29 byggnadsföretag,

240 543 34 22 för
292 544 73 21 hvilka
385 544 146 22 kostnaderna
553 546 53 25 utgä
627 544 53 22 eller
698 544 119 28 förskjutas
833 551 26 15 ur
874 544 108 23 allmänna

241 579 147 22 statsfondens
404 580 69 22 medel
489 579 52 28 (Bil.
557 581 36 26 3.).

311 622 58 21 Enär
383 621 114 22 Utskottet
511 623 72 20 ansett
599 623 37 20 det
651 622 124 27 principielt
790 621 82 28 riktigt,
884 623 33 20 att
928 621 53 22 lika-

240 663 46 16 som
309 658 36 21 vid
368 659 86 20 senaste
476 657 105 28 landtdag
603 658 66 27 skett,
691 658 107 27 budgeten
821 657 33 22 för
874 657 108 22 allmänna

239 693 136 22 statsfonden
391 695 106 26 uppgöres
513 693 34 22 för
562 700 82 15 samma
661 693 126 27 tidsperiod,
803 699 46 16 som
865 693 68 27 gäller
948 693 34 22 för

238 729 221 27 bevillningsmedlen,
479 729 40 21 har
534 729 114 22 Utskottet
663 729 67 22 skildt
745 729 106 22 beräknat
865 729 116 27 tillgängar

239 765 40 22 och
302 765 90 27 utgifter
413 765 34 22 för
467 765 145 22 innevarande
629 767 24 20 år
670 765 55 22 1891
743 765 39 22 och
798 765 68 22 skildt
881 765 33 21 för
929 766 51 21 åren

239 801 152 22 1892—1894.
427 801 81 21 Härvid
531 801 40 21 har
591 801 35 21 väl
644 801 114 22 Utskottet
772 802 57 20 mött
844 801 41 21 den
900 801 80 27 svärig-

237 836 44 26 het,
296 838 33 19 att
349 836 8 21 i
382 836 149 22 förstnämnda
551 836 170 27 approximativa
741 836 74 27 kalkyl
838 836 58 22 öfver
917 838 63 20 stats-

237 872 91 21 fondens
351 874 60 19 extra
422 872 120 22 .ordinarie
565 872 91 27 utgifter
676 873 63 21 dessa
754 872 19 27 ej
791 872 104 21 fördelats
910 873 28 26 pä
953 873 26 20 de

237 907 71 22 skilda
330 907 215 28 budgetperioderna,
572 910 53 19 utan
654 907 111 28 upptagits
792 909 134 26 gemensamt
946 907 33 22 för

237 944 51 20 åren
311 943 152 22 1891—1894.
493 943 115 22 Utskottet
628 943 40 22 har
689 943 62 27 dock,
767 943 46 22 dels
830 945 27 25 pä
872 943 69 27 grund
957 943 25 22 af

237 979 124 21 inhemtade
382 979 161 27 upplysningar,
559 979 45 21 dels
620 979 55 22 efter
689 979 106 27 pröfning,
811 979 8 21 i
835 979 37 21 det
886 979 94 27 följande

236 1015 115 21 verkställt
366 1021 26 15 en
408 1014 121 27 fördelning
544 1014 24 22 af
582 1015 62 21 dessa
660 1014 90 28 utgifter
765 1015 28 26 pä
804 1015 27 21 de
842 1014 70 21 skilda
922 1015 57 21 ären.

235 1051 41 20 Att
291 1051 71 21 denna
377 1049 121 28 fördelning
514 1051 19 26 ej
549 1051 43 20 kan
607 1052 53 25 göra
674 1051 95 26 anspräk
784 1051 29 26 pä
826 1051 33 20 att
869 1056 51 15 vara
931 1049 49 22 fullt

235 1086 69 27 riktig
320 1086 57 21 inses
393 1088 105 25 nogsamt,
510 1093 49 14 men
570 1087 13 20 &
598 1087 68 21 andra
681 1086 62 21 sidan
759 1086 75 21 kunna
848 1086 27 21 de
890 1085 89 28 möjliga

236 1121 173 27 oriktigheterna
424 1122 19 27 ej
459 1122 68 22 heller
542 1122 118 27 väsentligt
674 1121 90 23 inverka
773 1123 29 25 pä
813 1121 166 22 slutresultatet.

307 1163 137 22 Beträffande
459 1163 99 22 enskilda
580 1165 75 25 poster
677 1164 33 21 uti
735 1169 51 21 nyss
802 1163 94 21 nämnda
906 1162 72 28 kalkyl

236 1198 51 28 (Bil.
297 1198 23 29 1)
329 1199 40 21 har
383 1198 113 22 Utskottet
511 1198 72 22 funnit
598 1199 48 21 skäl
661 1199 35 21 till
711 1198 96 28 följande
824 1198 129 26 erinringar:

307 1241 33 21 1:o
361 1240 116 22 Allmänna
494 1241 147 21 statstondens
661 1240 170 27 behållning
846 1240 7 21 i
869 1240 109 21 statskon-

235 1277 60 20 toret
311 1276 41 21 den
368 1276 28 21 31
413 1276 112 22 december
541 1276 58 22 1890
615 1276 100 28 utgjorde
734 1275 142 30 (Statsutsk:s
890 1275 44 21 bet.
945 1281 34 15 n:o

235 1312 13 20 3
271 1311 42 21 Bil.
335 1311 37 29 D.)
387 1312 56 21 Fmk
459 1312 137 28 13,214,418:
613 1312 33 22 10.
678 1312 33 22 Då
727 1311 121 23 emellertid
864 1317 26 15 en
906 1311 34 21 del
958 1311 24 21 af

234 1347 71 21 denna
328 1354 85 15 summa
434 1350 25 19 är
482 1348 125 22 reserverad
634 1348 34 22 för
691 1347 109 23 särskilda
824 1347 100 21 ändamål
940 1347 39 21 och

233 1382 74 22 därför
323 1383 19 27 ej
359 1383 133 22 omedelbart
507 1383 121 28 disponibel
643 1384 33 22 för
692 1383 105 28 fyllandet
812 1382 25 22 af
850 1382 129 22 statsbehof-

233 1425 40 15 ven
289 1420 70 21 mäste
375 1419 96 22 härifrän
487 1419 112 27 afdragas:

304 1460 133 18 Statsutskottets
449 1460 107 19 betänkande
567 1460 38 19 N:o
619 1462 30 17 12.
