1061 1698
255 114 26 19 16
440 111 30 22 U.
486 111 27 22 B-
529 124 29 3 —
573 111 73 28 Prop.
661 109 45 23 N:o
722 109 38 22 24.

223 173 67 26 brott,
314 171 77 22 hvilka
414 173 126 20 omnämnas
561 171 8 21 i
588 171 42 22 112
647 170 40 21 och
705 171 41 20 113
763 168 27 30 $$
806 171 26 20 är
846 169 129 22 underdom-

224 208 73 21 stolen
312 207 8 21 i
336 207 43 22 den
394 207 132 27 brottsliges
542 207 92 26 hemort,
650 206 42 21 har
707 205 56 22 dock
778 205 68 27 något
861 204 114 23 omformu-

224 243 58 22 lerat
297 244 120 20 momentet
432 243 29 26 på
476 242 38 22 det
529 243 34 20 att
580 242 121 21 detsamma
716 241 68 21 måtte
799 241 71 22 blifva
883 241 93 26 tillämp-

224 279 44 26 ligt
284 278 66 22 äfven
365 278 29 27 på
410 278 142 22 medlemmar
567 277 26 22 af
605 276 196 28 grekisk-ortodox
811 276 165 27 kyrkoförsam-

224 314 48 27 ling
288 313 56 22 eller
359 313 244 27 dissentertörsamling
621 313 8 21 i
645 312 82 28 landet,
744 318 46 15 som
805 311 103 22 omfattar
923 311 54 22 flere

224 349 106 28 tingslag,
346 349 115 22 äfvensom
476 349 14 22 å
506 349 83 22 sådana
604 354 112 21 personer,
734 347 78 22 hvilka
826 347 50 22 icke
886 347 91 22 tillhöra

225 385 74 27 någon
319 385 132 28 församling
471 384 117 22 härstädes
607 384 40 21 och
663 383 60 28 förty
739 383 20 28 ej
775 385 39 20 äro
830 382 147 28 någonstädes

226 420 8 22 i
250 421 76 21 landet
341 420 153 28 kyrkskrifne.

297 455 78 28 Enligt
393 456 28 21 14
436 455 13 30 &
465 456 8 21 i
488 455 43 22 den
546 455 71 22 under
633 455 136 22 Ständernas
785 454 134 23 medverkan
932 454 45 21 till-

227 491 80 23 komna
322 491 127 28 Kejserliga
465 491 157 27 förordningen
638 490 25 22 af
677 491 42 22 den
735 492 27 20 29
779 490 122 22 December
921 491 56 20 1885

228 527 116 27 angäende
365 527 115 22 lättnader
494 527 9 21 i
518 526 168 28 värnepligtens
702 526 138 28 fullgörande
857 526 35 22 för
906 525 73 22 finske

226 562 151 28 medborgare,
400 569 46 15 som
462 562 69 23 vistas
547 562 8 21 i
570 562 118 28 Ryssland,
705 562 59 22 skall
779 562 58 21 finsk
853 561 125 27 värneplig-

226 598 39 28 tig,
289 604 46 16 som
355 598 51 22 med
422 604 52 22 pass
490 598 130 27 uppehäller
636 598 35 27 sig
687 598 57 21 inom
759 597 112 28 Ryssland
886 597 40 22 och
941 603 38 15 an-

227 634 55 22 mält
306 634 34 27 sig
362 634 55 27 vilja
439 633 71 22 blifva
530 633 95 22 hänförd
640 633 36 21 till
691 633 96 27 Viborgs
802 634 50 20 läns
868 632 111 22 särskilda

227 669 191 27 uppbädsomräde
442 669 93 22 tilltalas
558 668 38 22 vid
616 668 212 23 Rädstufvurättens
852 669 7 21 i
883 668 96 27 Viborgs

227 705 50 21 stad
300 704 35 22 för
357 705 62 21 brott
438 711 45 15 som
498 704 8 22 i
525 706 40 20 113
582 704 13 29 &
611 704 25 22 V.
653 704 24 22 L.
693 704 145 22 omförmälas.
869 704 34 21 Då
919 704 61 21 detta

228 740 122 28 stadgande
371 740 99 22 kommer
486 742 33 20 att
534 740 93 22 kvarstä
642 740 144 22 oförändradt
801 740 41 21 har
858 739 121 27 Utskottet,

228 776 70 22 ehuru
314 776 122 22 detsamma
451 776 49 21 icke
516 775 83 22 strider
615 777 58 20 emot
688 776 155 27 ordalydelsen
858 776 8 20 i
884 776 40 20 118
941 774 12 29 8
967 776 10 19 1

226 818 63 15 mom.
306 811 79 22 sädant
402 811 38 22 det
455 811 85 21 komme
556 812 33 20 att
604 811 53 27 lyda
672 812 70 26 enligt
752 811 127 22 Utskottets
887 810 91 27 förslag,

229 847 56 22 dock
308 846 36 22 för
359 846 152 28 tydlighetens
528 846 59 23 skull
603 847 72 22 säsom
691 847 69 22 andra
775 848 95 21 moment
884 846 8 21 i
908 846 72 22 denna

227 882 13 29 8
256 882 70 22 infört
342 888 27 16 en
384 882 138 27 påminnelse
537 889 34 15 om
586 884 34 20 att
635 883 115 27 angående
764 882 163 28 värnepligtige
934 881 46 22 till-

228 919 99 21 hörande
350 918 97 28 Viborgs
466 918 49 22 läns
531 918 112 22 särskilda
658 918 190 28 uppbädsomräde
863 919 25 21 är
903 917 32 22 uti
951 923 30 15 nu

227 954 140 22 omförmäldt
383 953 105 23 afseende
504 954 109 22 särskildt
628 954 110 28 stadgadt.

298 990 12 20 I
334 990 42 21 den
396 990 82 27 nädiga
493 990 164 26 propositionen
673 990 94 22 föresläs
784 989 66 23 äfven
866 988 115 22 införande

226 1025 33 22 uti
276 1025 72 22 denna
363 1024 13 29 &
392 1025 26 21 af
431 1025 117 22 föreskrift
564 1026 74 21 derom
654 1027 33 20 att
703 1026 48 21 ifall
766 1026 72 27 någon
855 1024 126 27 värneplig-

226 1060 34 28 tig
283 1059 25 22 af
330 1060 93 22 domstol
447 1060 53 22 fälts
520 1060 35 22 till
571 1066 83 16 ansvar
669 1060 36 22 för
720 1063 92 20 utevaro
828 1060 51 22 från
894 1059 88 28 uppbåd

227 1096 41 21 och
290 1095 122 22 förklarats
433 1096 90 27 skyldig
545 1098 33 20 att
597 1096 66 22 träda
678 1096 8 22 i
701 1096 63 22 aktiv
779 1096 78 28 tjenst,
874 1096 43 21 den
932 1095 50 22 sak-

227 1130 62 22 fälde
314 1133 79 25 genast
418 1131 104 28 derefter,
547 1132 71 22 ehvad
641 1134 105 25 parterne
768 1132 25 22 ät
808 1132 98 26 utslaget
921 1130 62 28 nöjas

228 1166 56 22 eller
306 1166 56 27 icke,
385 1166 59 22 skall
468 1173 77 21 genom
568 1168 133 26 åklagarens
725 1167 88 27 försorg
830 1167 102 21 inställas
948 1166 35 21 till

227 1202 150 27 tjenstgöring
400 1202 39 22 vid
462 1203 92 21 anvisad
569 1205 72 25 trupp.
672 1203 50 22 Den
737 1202 175 28 lagförändring,
927 1201 56 22 infö-

227 1237 80 21 randet
330 1237 25 21 af
375 1238 96 21 nämnda
486 1238 118 22 föreskrift
618 1239 8 21 i
642 1238 212 28 Värnepligtslagen
870 1238 113 26 innebure,

227 1274 67 26 utgör
310 1279 27 15 en
353 1273 25 21 af
391 1273 57 28 dem,
467 1274 76 22 hvilka
558 1274 8 22 i
582 1274 136 22 förbemälda
733 1274 95 22 komitös
843 1273 141 22 betänkande

228 1308 40 22 och
284 1308 32 22 uti
333 1308 42 22 den
391 1309 82 27 nådiga
487 1310 164 26 propositionen
668 1310 88 21 anföras
776 1309 72 22 såsom
859 1308 80 28 nödiga
949 1308 36 21 för

227 1342 142 29 afhjelpande
385 1343 27 22 af
424 1344 38 22 det
477 1344 60 23 förut
552 1345 115 27 påpekade
683 1344 203 23 missförhållandet
904 1346 33 19 att
953 1346 32 19 ett

229 1379 26 21 så
270 1380 58 20 stort
344 1379 60 21 antal
420 1381 163 27 värnepligtige
601 1381 88 27 årligen
698 1380 50 22 från
760 1380 117 27 uppbåden
888 1379 97 22 förfallo-

227 1414 45 21 löst
295 1414 115 23 uteblifva.
441 1415 121 28 Utskottet,
586 1423 46 15 som
648 1417 49 21 icke
713 1416 41 23 vill
769 1416 95 22 förneka
879 1417 33 20 att
927 1415 58 22 före-

300 1455 132 23 Lagutskottets
444 1457 107 18 betänkande
564 1458 35 18 N:o
612 1458 31 18 17.
