1056 1692
304 146 29 23 U.
349 147 27 21 B.
393 159 28 3 —
437 146 73 28 Prop.
526 146 42 22 N:o
584 146 35 22 17.
809 149 10 19 3

90 212 22 22 af
132 212 194 28 skatteförhöjning
350 213 143 26 konstateras,
516 212 77 22 främst
616 214 51 25 taga
690 212 6 22 i
716 212 133 22 betrakande

90 248 32 20 ett
145 246 155 28 skatteobjekt,
324 254 53 19 som,
400 249 52 19 utan
468 249 33 19 att
517 254 51 14 vara
584 254 25 14 en
625 247 225 27 nödvändighetsarti-

93 282 41 25 kel,
151 282 64 21 likväl
231 282 75 21 vunnit
322 289 25 15 en
364 282 78 22 allmän
458 281 112 28 spridning
586 282 39 22 och
642 282 72 27 stadig
725 282 124 27 afsättning,

90 318 55 19 samt
169 316 79 22 lättare
272 318 26 20 än
317 317 92 27 mången
424 323 69 15 annan
510 323 51 15 vara
576 317 41 21 kan
635 317 51 21 bära
703 323 25 15 en
744 317 105 27 prissteg-

91 357 53 21 ring.

160 385 31 21 På
206 386 69 26 grund
291 386 63 21 häraf
368 386 38 21 har
422 386 120 26 Utskottet,
559 386 130 21 anslutande
704 386 34 27 sig
746 386 31 21 till
787 385 62 21 ofvan

94 420 77 21 nämda
188 420 125 21 uttalanden
329 420 31 21 uti
377 420 100 26 samtliga
493 420 150 26 ofrälsestånd,
660 422 73 19 ansett
748 420 33 26 sig
797 420 52 21 böra

91 454 40 22 hos
147 454 86 22 landets
249 454 94 22 Ständer
351 455 111 21 vördsamt
473 454 86 27 föreslå,
571 456 32 20 att
615 455 40 21 den
664 455 68 21 hittils
742 454 107 27 utgående

92 489 39 21 och
154 489 32 21 uti
210 489 41 21 den
267 489 78 27 nådiga
360 490 162 26 propositionen
538 489 62 22 äfven
616 489 32 22 för
664 492 62 19 nästa
742 489 108 27 finanspe-

92 524 46 21 riod
160 523 124 27 föreslagna
307 524 87 21 skatten
418 524 12 21 å
454 524 52 21 malt
522 524 69 22 skulle
606 524 47 21 från
670 530 25 16 en
711 524 60 22 mark
788 524 61 26 höjas

92 558 32 21 till
147 564 25 15 en
192 558 60 21 mark
268 557 73 23 femtio
358 558 63 27 penni
436 558 33 22 för
485 558 73 28 hvarje
574 558 30 22 tio
620 559 111 26 kilogram,
747 558 103 28 synnerli-

92 594 48 26 gast
155 598 46 16 som
218 593 41 21 den
274 592 127 28 ifrågasatta
416 592 150 28 förhöjningen
582 594 47 21 icke
646 594 69 21 skulle
723 594 86 21 komma
817 595 33 19 att

92 627 78 27 belöpa
192 627 34 27 sig
241 627 32 21 till
289 633 59 16 mera
363 629 26 19 än
406 628 97 26 omkring
522 630 36 24 1,05
574 628 13 21 &
604 630 37 23 1,25
656 628 63 27 penni
734 628 33 22 för
782 627 67 27 butelj

92 662 40 21 och
148 662 87 21 skatten
252 662 84 21 således
352 661 115 23 framdeles
483 664 77 25 utgöra
576 663 77 21 endast
664 664 39 25 3,15
714 662 13 22 &
739 664 38 25 3,75
786 662 64 27 penni

91 697 33 21 tör
146 696 73 28 hvarje
234 696 75 27 butelj,
326 696 56 22 efter
397 697 119 27 beräkning
530 696 22 22 af
569 698 25 20 10
611 697 13 21 &
642 698 25 20 12
682 697 83 21 kannor
780 697 21 21 öl
817 696 33 22 för

93 730 75 28 hvarje
183 731 31 21 tio
230 731 103 27 kilogram
349 731 57 21 malt.

162 765 42 21 Vid
227 765 61 27 fråga
311 772 34 15 om
362 765 194 28 skatteförhöjning
572 766 13 21 å
600 766 98 22 inhemsk
715 766 136 26 tillverkning

92 799 130 22 framställer
246 800 32 26 sig
301 800 136 27 naturligtvis
460 800 41 22 den
525 800 154 27 betänklighet,
704 802 32 20 att
752 801 40 21 den
808 800 43 22 för-

94 834 65 27 höjda
180 834 86 22 skatten
282 835 102 27 möjligen
400 835 42 21 kan
458 835 64 21 verka
539 841 26 15 en
581 835 55 22 ökad
652 835 87 22 införsel
755 835 23 22 af
791 837 61 20 utom

94 869 85 22 landets
195 871 89 25 gränser
300 869 114 22 tillverkad
430 875 56 16 vara.
506 869 50 22 Men
571 870 35 21 vid
619 870 40 21 den
670 869 128 28 ifrågasatta
808 869 43 22 för-

95 903 115 28 höjningen
234 903 22 22 af
277 904 140 21 maltskatten
440 904 42 21 kan
506 904 70 21 denna
594 904 90 27 farhåga
700 905 54 22 dock
770 905 81 22 lemnas

96 938 87 26 derhän,
208 939 28 20 då
259 938 131 27 tullafgiften
411 937 34 22 för
467 938 27 27 öl,
511 945 46 15 som
572 939 127 27 importeras
715 939 54 22 ifrån
786 941 65 20 annat

95 973 50 21 land
167 973 33 21 till
222 973 98 27 Finland,
343 974 64 25 utgör
430 974 26 19 30
475 973 64 26 penni
555 973 33 22 för
603 974 76 26 kanna,
696 974 51 21 eller
762 973 91 28 ungefär

96 1009 26 19 50
138 1008 28 25 %
181 1007 23 21 af
217 1007 7 22 i
240 1007 73 22 landet
328 1007 100 28 gällande
444 1007 190 28 försäljningspris.

164 1041 74 22 Skulle
262 1042 47 22 åter
332 1043 41 21 den
394 1042 122 26 föreslagna
531 1043 154 27 förhöjningen,
702 1044 24 21 så
742 1043 111 28 obetydlig

96 1076 41 21 den
160 1078 26 19 än
210 1079 30 22 är,
256 1076 86 23 komma
358 1079 32 20 att
404 1078 90 21 invärka
510 1078 127 21 hämmande
654 1078 28 27 på
697 1078 154 21 ölkonsumtio-

96 1117 40 15 nen
160 1111 6 21 i
189 1111 81 27 landet,
294 1111 25 22 så
340 1112 85 22 komme
441 1113 61 21 detta
516 1112 153 22 företrädesvis
686 1115 32 18 att
733 1112 74 22 utöfva
821 1112 32 21 in-

96 1145 94 27 flytande
210 1146 28 27 på
260 1146 180 22 lefnadsvanorna
462 1147 40 22 hos
526 1147 26 22 de
574 1147 66 21 minst
655 1147 125 22 bemedlade
796 1147 58 21 klas-

96 1186 64 15 serna
182 1179 23 22 af
228 1180 158 28 befolkningen,
408 1181 57 22 inom
480 1182 72 21 hvilka
568 1182 170 27 maltdryckerna
753 1181 45 22 ofta
813 1187 42 21 nog

100 1215 104 22 användts
228 1215 72 22 såsom
323 1216 135 27 rusdrycker,
477 1216 7 21 i
504 1216 80 21 hvilket
598 1216 37 21 fall
651 1217 69 21 denna
734 1215 122 29 förhöjning

98 1249 6 21 i
122 1249 32 22 sin
170 1250 48 21 mån
234 1249 90 28 bidroge
340 1252 33 19 att
388 1251 122 21 motarbeta
526 1251 41 21 den
582 1251 33 22 för
630 1251 47 21 vårt
685 1251 44 21 folk
737 1251 24 21 så
773 1251 82 27 olycks-

96 1283 119 28 bringande
232 1284 240 27 dryckenskapslasten,
489 1285 40 22 och
543 1285 73 22 kunde
631 1285 85 22 således
732 1285 62 22 äfven
805 1285 48 21 här-

98 1319 31 20 uti
146 1317 116 22 förefinnas
279 1320 32 20 ett
326 1319 124 27 ytterligare
466 1319 54 28 skäl,
536 1325 46 16 som
598 1319 54 22 talar
667 1318 34 23 för
716 1319 103 28 höjandet
834 1319 22 22 af

96 1353 93 21 skatten.

165 1387 79 22 Vidare
263 1388 41 21 har
321 1388 112 22 Utskottet
449 1390 72 20 ansett
537 1389 32 27 sig
584 1389 53 22 böra
650 1389 56 21 fästa
722 1389 132 22 Ständernas

96 1422 192 27 uppmärksamhet
303 1423 34 21 vid
354 1423 41 21 den
411 1423 154 27 skiljaktighet,
582 1429 46 16 som
643 1423 31 22 uti
691 1423 12 28 &
718 1424 10 20 4
739 1423 115 22 förefinnes

165 1462 215 23 Bevillningsutskottets
394 1462 116 19 betänkande
523 1463 36 18 N:o
572 1463 16 18 2.
