1059 1700
386 114 44 23 N:o
451 116 39 21 23.
763 115 24 20 13

131 182 44 27 Lag
198 188 82 15 samma
303 188 56 19 vare,
384 188 34 15 om
437 188 67 14 varan
520 181 69 21 blifvit
605 181 123 27 falskeligen
746 183 71 20 märkt

59 217 49 20 med
130 216 141 26 tillverkares,
294 217 113 26 köpmans,
429 215 73 22 firmas
525 216 51 21 eller
599 216 131 27 inrättnings
753 217 7 20 i
783 218 34 19 ut-

59 251 78 21 ländsk
152 252 44 19 stat
212 251 80 26 märke,
309 251 6 20 i
331 251 101 20 händelse
453 251 89 20 emellan
559 251 41 20 den
614 252 72 19 staten
705 251 39 20 och
754 251 64 26 Ryss-

59 285 52 21 Jand
134 287 24 18 är
181 285 105 21 afslutadt
305 285 88 26 fördrag
409 291 32 14 om
458 285 68 26 skydd
542 285 33 21 för
591 291 63 15 varu-
674 285 39 21 och
727 285 91 21 fabriks-

60 320 96 25 märken,
180 319 51 21 eller
254 320 50 25 rysk
327 319 129 26 tillverkare,
480 320 100 26 köpman,
597 319 61 21 firma
674 319 50 21 eller
740 320 78 20 inrätt-

61 354 51 26 ning
139 354 31 21 uti
196 360 82 15 samma
301 355 44 19 stat
368 354 97 26 åtnjuter
488 353 119 25 enahanda,
624 354 26 25 på
668 353 150 27 ömsesidighet

62 388 109 27 grundadt
194 388 74 26 skydd,
293 387 50 21 eller
364 389 69 25 någon
453 389 6 19 i
480 388 162 27 Kejsaredömet
659 387 50 21 eller
724 387 94 22 Storfur-

62 422 122 21 stendömet
199 423 77 20 varder
292 429 76 20 genom
384 422 169 27 förfalskningen
569 422 115 27 bedragen.

134 457 63 21 Hvad
212 457 7 20 i
235 456 99 28 denna
322 452 12 36 &
358 457 88 26 stadgas
470 457 53 21 skall
548 457 39 20 ock
609 457 114 26 tillämpas,
749 459 39 19 när
808 457 12 20 å

63 498 52 14 vara
138 491 136 27 uppsåtligen
299 493 68 19 sättes
390 492 80 25 märke,
491 498 45 15 som
552 491 39 21 har
607 492 66 20 sådan
690 491 66 21 likhet
773 491 47 21 med

64 532 83 15 annans
163 526 80 25 märke,
261 527 32 19 att
309 525 117 27 förvexling
441 526 41 21 lätt
498 527 42 20 kan
557 527 43 20 ske.

351 584 48 16 37
424 586 114 18 Kap.

360 624 33 20 Om
411 624 116 27 myntbrott.

422 674 13 28 8
454 677 17 18 1.

137 703 46 20 Har
200 703 80 26 nägon:

140 738 20 25 1)
188 737 112 27 eftergjort
316 737 140 27 metallmynt,
481 744 44 15 som
542 740 24 19 är
582 738 105 27 gångbart
704 738 6 20 i
725 738 99 26 Kejsare-

67 771 78 26 dömet,
168 771 210 22 Storfurstendömet
401 772 51 21 eller
474 774 60 19 utom
554 772 116 27 Rysslands
687 772 93 25 område,
797 772 27 21 el-

65 805 31 21 ler
112 805 106 27 gångbart
234 806 125 27 sedelmynt,
376 813 44 14 som
438 809 24 18 är
477 807 90 26 utgifvet
584 807 22 20 af
620 807 125 26 regeringen
755 807 6 20 i
773 807 49 26 Kej-

66 840 128 26 saredömet,
211 839 208 22 Storfurstendömet
435 841 51 20 eller
504 841 103 21 utländsk
625 843 51 24 stat,
696 841 50 21 eller
757 840 22 21 af
787 847 35 14 ve-

66 874 106 27 derbörlig
188 874 120 26 statsbank,
326 875 56 26 eller,
400 875 47 20 med
463 875 97 21 tillstånd
572 875 23 21 af
604 875 76 21 nämde
692 875 129 26 regeringar,

66 907 22 21 af
102 914 72 15 annan
190 909 203 27 kreditinrättning;

420 943 13 28 &
450 946 19 19 4.

136 983 64 20 Hvad
215 983 6 20 i
239 983 60 21 detta
319 984 82 27 kapitel
417 985 89 26 stadgas
522 991 34 14 om
572 985 119 26 sedelmynt
713 985 55 27 gälle
784 985 38 21 ock

65 1017 67 20 sådan
149 1018 71 25 tryckt
237 1018 123 27 obligation,
376 1019 104 26 banknot,
498 1019 50 21 eller
564 1020 12 19 å
591 1019 153 22 innehafvaren
755 1019 67 22 stäldt

64 1051 157 27 värdepapper,
246 1058 44 14 som
314 1053 97 26 utgifvits
435 1053 23 21 af
478 1054 126 26 regeringen
628 1055 6 19 i
654 1055 168 26 Kejsaredömet,

64 1084 209 23 Storfurstendömet
297 1087 51 21 eller
371 1087 102 21 utländsk
497 1090 51 24 stat,
572 1088 51 21 eller
646 1088 23 21 af
689 1088 134 26 vederbörlig

64 1119 121 27 statsbank,
203 1120 57 27 eller,
276 1121 48 21 med
337 1121 99 22 tillstånd
452 1122 22 21 af
488 1122 78 21 nämde
581 1123 130 27 regeringar,
728 1122 22 22 af
763 1123 59 21 kom-

64 1160 58 20 mun,
140 1154 106 27 samfund,
262 1155 105 28 förening,
384 1156 102 27 sällskap,
502 1157 64 26 bolag
581 1157 51 21 eller
643 1157 83 21 enskild
736 1163 85 21 person.

136 1188 75 21 Såsom
235 1190 71 26 tryckt
330 1190 54 21 skall
407 1191 151 26 värdepapper
576 1197 62 16 anses
662 1191 60 22 äfven
739 1198 33 15 om
788 1193 34 19 ut-

64 1222 115 21 ställarens
205 1223 139 27 underskrift,
362 1224 50 21 eller
436 1225 97 21 enskilda
556 1226 39 20 ord
618 1225 51 22 eller
692 1225 70 22 siffror
785 1228 37 18 äro

64 1257 88 21 skrifna.

350 1295 46 16 42
416 1296 112 19 Kap.

87 1337 33 21 Om
137 1337 56 22 brott
208 1339 55 20 emot
279 1339 106 22 föreskrift
401 1340 29 21 till
447 1340 81 22 statens
544 1341 96 21 säkerhet
656 1341 50 22 eller
721 1342 74 20 allmän

396 1375 92 26 ordning.

420 1420 13 28 8
452 1422 17 19 1.

131 1452 67 26 Hvar,
215 1459 45 14 som
276 1455 54 19 utan
346 1454 99 21 tillstånd
459 1454 112 22 aftecknar
581 1455 165 27 fästningsverk,
758 1455 64 22 straf-
