<?xml version="1.0" encoding="UTF-8"?>
<alto xmlns="http://www.loc.gov/standards/alto/ns-v3#" xmlns:xlink="http://www.w3.org/1999/xlink" xmlns:xsi="http://www.w3.org/2001/XMLSchema-instance" xsi:schemaLocation="http://www.loc.gov/standards/alto/ns-v3# http://www.loc.gov/alto/v3/alto-3-0.xsd">
	<Description>
		<MeasurementUnit>pixel</MeasurementUnit>
		<sourceImageInformation>
			<fileName>/tmp/tess_5xvktjo9_input.PNG</fileName>
		</sourceImageInformation>
		<OCRProcessing ID="OCR_0">
			<ocrProcessingStep>
				<processingSoftware>
					<softwareName>tesseract 5.3.4</softwareName>
				</processingSoftware>
			</ocrProcessingStep>
		</OCRProcessing>
	</Description>
	<Layout>
		<Page WIDTH="1061" HEIGHT="1709" PHYSICAL_IMG_NR="0" ID="page_0">
			<PrintSpace HPOS="0" VPOS="0" WIDTH="1061" HEIGHT="1709">
				<ComposedBlock ID="cblock_0" HPOS="240" VPOS="140" WIDTH="400" HEIGHT="24">
					<TextBlock ID="block_0" HPOS="240" VPOS="140" WIDTH="400" HEIGHT="24">
						<TextLine ID="line_0" HPOS="240" VPOS="140" WIDTH="400" HEIGHT="24">
							<String ID="string_0" HPOS="240" VPOS="140" WIDTH="24" HEIGHT="19" WC="0.96" CONTENT="10"/><SP WIDTH="272" VPOS="140" HPOS="264"/>
							<String ID="string_1" HPOS="536" VPOS="140" WIDTH="44" HEIGHT="24" WC="0.93" CONTENT="N:o"/><SP WIDTH="22" VPOS="140" HPOS="580"/>
							<String ID="string_2" HPOS="602" VPOS="142" WIDTH="38" HEIGHT="21" WC="0.96" CONTENT="24."/>
						</TextLine>
					</TextBlock>
				</ComposedBlock>
				<ComposedBlock ID="cblock_1" HPOS="208" VPOS="207" WIDTH="757" HEIGHT="166">
					<TextBlock ID="block_1" HPOS="208" VPOS="207" WIDTH="757" HEIGHT="166">
						<TextLine ID="line_1" HPOS="282" VPOS="207" WIDTH="683" HEIGHT="28">
							<String ID="string_3" HPOS="282" VPOS="208" WIDTH="45" HEIGHT="20" WC="0.93" CONTENT="Har"/><SP WIDTH="23" VPOS="208" HPOS="327"/>
							<String ID="string_4" HPOS="350" VPOS="208" WIDTH="113" HEIGHT="27" WC="0.91" CONTENT="uppbådad"/><SP WIDTH="22" VPOS="208" HPOS="463"/>
							<String ID="string_5" HPOS="485" VPOS="208" WIDTH="141" HEIGHT="26" WC="0.92" CONTENT="värnepligtig"/><SP WIDTH="17" VPOS="208" HPOS="626"/>
							<String ID="string_6" HPOS="643" VPOS="207" WIDTH="45" HEIGHT="22" WC="0.96" CONTENT="före"/><SP WIDTH="16" VPOS="207" HPOS="688"/>
							<String ID="string_7" HPOS="704" VPOS="209" WIDTH="105" HEIGHT="25" WC="0.96" CONTENT="uppropet"/><SP WIDTH="15" VPOS="209" HPOS="809"/>
							<String ID="string_8" HPOS="824" VPOS="208" WIDTH="33" HEIGHT="20" WC="0.93" CONTENT="till"/><SP WIDTH="17" VPOS="208" HPOS="857"/>
							<String ID="string_9" HPOS="874" VPOS="208" WIDTH="91" HEIGHT="21" WC="0.92" CONTENT="nämden"/>
						</TextLine>
						<TextLine ID="line_2" HPOS="209" VPOS="242" WIDTH="756" HEIGHT="27">
							<String ID="string_10" HPOS="209" VPOS="242" WIDTH="103" HEIGHT="21" WC="0.90" CONTENT="inlemnat"/><SP WIDTH="17" VPOS="242" HPOS="312"/>
							<String ID="string_11" HPOS="329" VPOS="243" WIDTH="52" HEIGHT="20" WC="0.93" CONTENT="eller"/><SP WIDTH="16" VPOS="243" HPOS="381"/>
							<String ID="string_12" HPOS="397" VPOS="242" WIDTH="85" HEIGHT="22" WC="0.92" CONTENT="insändt"/><SP WIDTH="17" VPOS="242" HPOS="482"/>
							<String ID="string_13" HPOS="499" VPOS="242" WIDTH="143" HEIGHT="27" WC="0.96" CONTENT="vederbörligt"/><SP WIDTH="16" VPOS="242" HPOS="642"/>
							<String ID="string_14" HPOS="658" VPOS="242" WIDTH="58" HEIGHT="27" WC="0.96" CONTENT="intyg"/><SP WIDTH="16" VPOS="242" HPOS="716"/>
							<String ID="string_15" HPOS="732" VPOS="248" WIDTH="33" HEIGHT="14" WC="0.96" CONTENT="om"/><SP WIDTH="16" VPOS="248" HPOS="765"/>
							<String ID="string_16" HPOS="781" VPOS="244" WIDTH="33" HEIGHT="19" WC="0.96" CONTENT="att"/><SP WIDTH="15" VPOS="244" HPOS="814"/>
							<String ID="string_17" HPOS="829" VPOS="242" WIDTH="41" HEIGHT="21" WC="0.93" CONTENT="han"/><SP WIDTH="12" VPOS="242" HPOS="870"/>
							<String ID="string_18" HPOS="882" VPOS="242" WIDTH="83" HEIGHT="21" WC="0.93" CONTENT="utöfvar"/>
						</TextLine>
						<TextLine ID="line_3" HPOS="208" VPOS="276" WIDTH="757" HEIGHT="28">
							<String ID="string_19" HPOS="208" VPOS="276" WIDTH="66" HEIGHT="26" WC="0.96" CONTENT="något"/><SP WIDTH="17" VPOS="276" HPOS="274"/>
							<String ID="string_20" HPOS="291" VPOS="276" WIDTH="23" HEIGHT="21" WC="0.96" CONTENT="af"/><SP WIDTH="14" VPOS="276" HPOS="314"/>
							<String ID="string_21" HPOS="328" VPOS="276" WIDTH="25" HEIGHT="22" WC="0.96" CONTENT="de"/><SP WIDTH="16" VPOS="276" HPOS="353"/>
							<String ID="string_22" HPOS="369" VPOS="277" WIDTH="6" HEIGHT="20" WC="0.95" CONTENT="i"/><SP WIDTH="16" VPOS="277" HPOS="375"/>
							<String ID="string_23" HPOS="391" VPOS="277" WIDTH="11" HEIGHT="27" WC="0.80" CONTENT="8"/><SP WIDTH="17" VPOS="277" HPOS="402"/>
							<String ID="string_24" HPOS="419" VPOS="278" WIDTH="26" HEIGHT="20" WC="0.93" CONTENT="36"/><SP WIDTH="22" VPOS="278" HPOS="445"/>
							<String ID="string_25" HPOS="467" VPOS="276" WIDTH="141" HEIGHT="21" WC="0.91" CONTENT="omförmälda"/><SP WIDTH="16" VPOS="276" HPOS="608"/>
							<String ID="string_26" HPOS="624" VPOS="276" WIDTH="72" HEIGHT="27" WC="0.96" CONTENT="yrken,"/><SP WIDTH="17" VPOS="276" HPOS="696"/>
							<String ID="string_27" HPOS="713" VPOS="276" WIDTH="55" HEIGHT="21" WC="0.96" CONTENT="skall"/><SP WIDTH="16" VPOS="276" HPOS="768"/>
							<String ID="string_28" HPOS="784" VPOS="276" WIDTH="42" HEIGHT="21" WC="0.96" CONTENT="han"/><SP WIDTH="16" VPOS="276" HPOS="826"/>
							<String ID="string_29" HPOS="842" VPOS="283" WIDTH="60" HEIGHT="14" WC="0.93" CONTENT="anses"/><SP WIDTH="16" VPOS="283" HPOS="902"/>
							<String ID="string_30" HPOS="918" VPOS="276" WIDTH="47" HEIGHT="22" WC="0.93" CONTENT="der-"/>
						</TextLine>
						<TextLine ID="line_4" HPOS="210" VPOS="311" WIDTH="754" HEIGHT="27">
							<String ID="string_31" HPOS="210" VPOS="312" WIDTH="87" HEIGHT="26" WC="0.96" CONTENT="igenom"/><SP WIDTH="17" VPOS="312" HPOS="297"/>
							<String ID="string_32" HPOS="314" VPOS="312" WIDTH="61" HEIGHT="20" WC="0.96" CONTENT="äfven"/><SP WIDTH="17" VPOS="312" HPOS="375"/>
							<String ID="string_33" HPOS="392" VPOS="312" WIDTH="64" HEIGHT="21" WC="0.96" CONTENT="hafva"/><SP WIDTH="17" VPOS="312" HPOS="456"/>
							<String ID="string_34" HPOS="473" VPOS="311" WIDTH="88" HEIGHT="21" WC="0.94" CONTENT="anhållit"/><SP WIDTH="17" VPOS="311" HPOS="561"/>
							<String ID="string_35" HPOS="578" VPOS="313" WIDTH="31" HEIGHT="20" WC="0.96" CONTENT="att"/><SP WIDTH="17" VPOS="313" HPOS="609"/>
							<String ID="string_36" HPOS="626" VPOS="312" WIDTH="87" HEIGHT="20" WC="0.96" CONTENT="komma"/><SP WIDTH="15" VPOS="312" HPOS="713"/>
							<String ID="string_37" HPOS="728" VPOS="311" WIDTH="6" HEIGHT="21" WC="0.96" CONTENT="i"/><SP WIDTH="18" VPOS="311" HPOS="734"/>
							<String ID="string_38" HPOS="752" VPOS="311" WIDTH="125" HEIGHT="27" WC="0.96" CONTENT="åtnjutande"/><SP WIDTH="16" VPOS="311" HPOS="877"/>
							<String ID="string_39" HPOS="893" VPOS="312" WIDTH="22" HEIGHT="20" WC="0.96" CONTENT="af"/><SP WIDTH="10" VPOS="312" HPOS="915"/>
							<String ID="string_40" HPOS="925" VPOS="312" WIDTH="39" HEIGHT="21" WC="0.96" CONTENT="den"/>
						</TextLine>
						<TextLine ID="line_5" HPOS="208" VPOS="346" WIDTH="364" HEIGHT="27">
							<String ID="string_41" HPOS="208" VPOS="346" WIDTH="6" HEIGHT="20" WC="0.96" CONTENT="i"/><SP WIDTH="16" VPOS="346" HPOS="214"/>
							<String ID="string_42" HPOS="230" VPOS="346" WIDTH="78" HEIGHT="20" WC="0.93" CONTENT="nämda"/><SP WIDTH="17" VPOS="346" HPOS="308"/>
							<String ID="string_43" HPOS="325" VPOS="346" WIDTH="11" HEIGHT="27" WC="0.92" CONTENT="$"/><SP WIDTH="16" VPOS="346" HPOS="336"/>
							<String ID="string_44" HPOS="352" VPOS="346" WIDTH="103" HEIGHT="26" WC="0.96" CONTENT="stadgade"/><SP WIDTH="17" VPOS="346" HPOS="455"/>
							<String ID="string_45" HPOS="472" VPOS="346" WIDTH="100" HEIGHT="26" WC="0.96" CONTENT="eftergift."/>
						</TextLine>
					</TextBlock>
				</ComposedBlock>
				<ComposedBlock ID="cblock_2" HPOS="207" VPOS="410" WIDTH="756" HEIGHT="240">
					<TextBlock ID="block_2" HPOS="557" VPOS="410" WIDTH="60" HEIGHT="27">
						<TextLine ID="line_6" HPOS="557" VPOS="410" WIDTH="60" HEIGHT="27">
							<String ID="string_46" HPOS="557" VPOS="410" WIDTH="11" HEIGHT="27" WC="0.92" CONTENT="$"/><SP WIDTH="16" VPOS="410" HPOS="568"/>
							<String ID="string_47" HPOS="584" VPOS="411" WIDTH="33" HEIGHT="19" WC="0.94" CONTENT="60."/>
						</TextLine>
					</TextBlock>
					<TextBlock ID="block_3" HPOS="208" VPOS="450" WIDTH="755" HEIGHT="96">
						<TextLine ID="line_7" HPOS="281" VPOS="450" WIDTH="682" HEIGHT="27">
							<String ID="string_48" HPOS="281" VPOS="450" WIDTH="94" HEIGHT="21" WC="0.96" CONTENT="Allmänt"/><SP WIDTH="16" VPOS="450" HPOS="375"/>
							<String ID="string_49" HPOS="391" VPOS="450" WIDTH="86" HEIGHT="27" WC="0.96" CONTENT="uppbåd"/><SP WIDTH="16" VPOS="450" HPOS="477"/>
							<String ID="string_50" HPOS="493" VPOS="450" WIDTH="32" HEIGHT="21" WC="0.96" CONTENT="till"/><SP WIDTH="17" VPOS="450" HPOS="525"/>
							<String ID="string_51" HPOS="542" VPOS="451" WIDTH="120" HEIGHT="26" WC="0.96" CONTENT="utgörande"/><SP WIDTH="11" VPOS="451" HPOS="662"/>
							<String ID="string_52" HPOS="673" VPOS="450" WIDTH="23" HEIGHT="22" WC="0.93" CONTENT="af"/><SP WIDTH="9" VPOS="450" HPOS="696"/>
							<String ID="string_53" HPOS="705" VPOS="451" WIDTH="147" HEIGHT="26" WC="0.91" CONTENT="värnepligten"/><SP WIDTH="12" VPOS="451" HPOS="852"/>
							<String ID="string_54" HPOS="864" VPOS="450" WIDTH="38" HEIGHT="21" WC="0.93" CONTENT="och"/><SP WIDTH="13" VPOS="450" HPOS="902"/>
							<String ID="string_55" HPOS="915" VPOS="450" WIDTH="48" HEIGHT="20" WC="0.91" CONTENT="lott-"/>
						</TextLine>
						<TextLine ID="line_8" HPOS="208" VPOS="484" WIDTH="755" HEIGHT="28">
							<String ID="string_56" HPOS="208" VPOS="484" WIDTH="49" HEIGHT="26" WC="0.96" CONTENT="ning"/><SP WIDTH="24" VPOS="484" HPOS="257"/>
							<String ID="string_57" HPOS="281" VPOS="490" WIDTH="32" HEIGHT="15" WC="0.93" CONTENT="om"/><SP WIDTH="20" VPOS="490" HPOS="313"/>
							<String ID="string_58" HPOS="333" VPOS="485" WIDTH="84" HEIGHT="20" WC="0.96" CONTENT="inträde"/><SP WIDTH="21" VPOS="485" HPOS="417"/>
							<String ID="string_59" HPOS="438" VPOS="486" WIDTH="5" HEIGHT="20" WC="0.96" CONTENT="i"/><SP WIDTH="17" VPOS="486" HPOS="443"/>
							<String ID="string_60" HPOS="460" VPOS="485" WIDTH="59" HEIGHT="21" WC="0.92" CONTENT="aktiv"/><SP WIDTH="16" VPOS="485" HPOS="519"/>
							<String ID="string_61" HPOS="535" VPOS="485" WIDTH="63" HEIGHT="27" WC="0.92" CONTENT="tjenst"/><SP WIDTH="16" VPOS="485" HPOS="598"/>
							<String ID="string_62" HPOS="614" VPOS="485" WIDTH="52" HEIGHT="21" WC="0.96" CONTENT="eller"/><SP WIDTH="17" VPOS="485" HPOS="666"/>
							<String ID="string_63" HPOS="683" VPOS="492" WIDTH="97" HEIGHT="14" WC="0.93" CONTENT="reserven"/><SP WIDTH="17" VPOS="492" HPOS="780"/>
							<String ID="string_64" HPOS="797" VPOS="485" WIDTH="101" HEIGHT="21" WC="0.91" CONTENT="anställes"/><SP WIDTH="17" VPOS="485" HPOS="898"/>
							<String ID="string_65" HPOS="915" VPOS="484" WIDTH="48" HEIGHT="21" WC="0.92" CONTENT="årli-"/>
						</TextLine>
						<TextLine ID="line_9" HPOS="208" VPOS="518" WIDTH="694" HEIGHT="28">
							<String ID="string_66" HPOS="208" VPOS="525" WIDTH="40" HEIGHT="19" WC="0.96" CONTENT="gen"/><SP WIDTH="17" VPOS="525" HPOS="248"/>
							<String ID="string_67" HPOS="265" VPOS="518" WIDTH="67" HEIGHT="21" WC="0.96" CONTENT="under"/><SP WIDTH="16" VPOS="518" HPOS="332"/>
							<String ID="string_68" HPOS="348" VPOS="520" WIDTH="57" HEIGHT="20" WC="0.96" CONTENT="tiden"/><SP WIDTH="18" VPOS="520" HPOS="405"/>
							<String ID="string_69" HPOS="423" VPOS="520" WIDTH="77" HEIGHT="20" WC="0.96" CONTENT="mellan"/><SP WIDTH="17" VPOS="520" HPOS="500"/>
							<String ID="string_70" HPOS="517" VPOS="520" WIDTH="39" HEIGHT="20" WC="0.96" CONTENT="den"/><SP WIDTH="20" VPOS="520" HPOS="556"/>
							<String ID="string_71" HPOS="576" VPOS="520" WIDTH="24" HEIGHT="20" WC="0.96" CONTENT="15"/><SP WIDTH="17" VPOS="520" HPOS="600"/>
							<String ID="string_72" HPOS="617" VPOS="520" WIDTH="60" HEIGHT="26" WC="0.96" CONTENT="April"/><SP WIDTH="17" VPOS="520" HPOS="677"/>
							<String ID="string_73" HPOS="694" VPOS="520" WIDTH="37" HEIGHT="21" WC="0.96" CONTENT="och"/><SP WIDTH="17" VPOS="520" HPOS="731"/>
							<String ID="string_74" HPOS="748" VPOS="520" WIDTH="40" HEIGHT="21" WC="0.96" CONTENT="den"/><SP WIDTH="16" VPOS="520" HPOS="788"/>
							<String ID="string_75" HPOS="804" VPOS="521" WIDTH="26" HEIGHT="19" WC="0.96" CONTENT="24"/><SP WIDTH="16" VPOS="521" HPOS="830"/>
							<String ID="string_76" HPOS="846" VPOS="519" WIDTH="56" HEIGHT="21" WC="0.96" CONTENT="Juni."/>
						</TextLine>
					</TextBlock>
					<TextBlock ID="block_4" HPOS="207" VPOS="554" WIDTH="756" HEIGHT="96">
						<TextLine ID="line_10" HPOS="280" VPOS="554" WIDTH="683" HEIGHT="26">
							<String ID="string_77" HPOS="280" VPOS="554" WIDTH="58" HEIGHT="20" WC="0.96" CONTENT="Inom"/><SP WIDTH="25" VPOS="554" HPOS="338"/>
							<String ID="string_78" HPOS="363" VPOS="554" WIDTH="120" HEIGHT="26" WC="0.96" CONTENT="Uleåborgs"/><SP WIDTH="24" VPOS="554" HPOS="483"/>
							<String ID="string_79" HPOS="507" VPOS="554" WIDTH="34" HEIGHT="21" WC="0.96" CONTENT="län"/><SP WIDTH="18" VPOS="554" HPOS="541"/>
							<String ID="string_80" HPOS="559" VPOS="556" WIDTH="33" HEIGHT="19" WC="0.97" CONTENT="mä"/><SP WIDTH="17" VPOS="556" HPOS="592"/>
							<String ID="string_81" HPOS="609" VPOS="554" WIDTH="54" HEIGHT="22" WC="0.93" CONTENT="dock"/><SP WIDTH="17" VPOS="554" HPOS="663"/>
							<String ID="string_82" HPOS="680" VPOS="556" WIDTH="13" HEIGHT="20" WC="0.88" CONTENT="&amp;"/><SP WIDTH="16" VPOS="556" HPOS="693"/>
							<String ID="string_83" HPOS="709" VPOS="555" WIDTH="26" HEIGHT="21" WC="0.96" CONTENT="de"/><SP WIDTH="16" VPOS="555" HPOS="735"/>
							<String ID="string_84" HPOS="751" VPOS="556" WIDTH="63" HEIGHT="24" WC="0.96" CONTENT="orter,"/><SP WIDTH="18" VPOS="556" HPOS="814"/>
							<String ID="string_85" HPOS="832" VPOS="554" WIDTH="37" HEIGHT="21" WC="0.93" CONTENT="der"/><SP WIDTH="15" VPOS="554" HPOS="869"/>
							<String ID="string_86" HPOS="884" VPOS="554" WIDTH="79" HEIGHT="20" WC="0.92" CONTENT="förhäl-"/>
						</TextLine>
						<TextLine ID="line_11" HPOS="210" VPOS="588" WIDTH="753" HEIGHT="27">
							<String ID="string_87" HPOS="210" VPOS="588" WIDTH="91" HEIGHT="21" WC="0.90" CONTENT="landena"/><SP WIDTH="23" VPOS="588" HPOS="301"/>
							<String ID="string_88" HPOS="324" VPOS="588" WIDTH="77" HEIGHT="22" WC="0.0" CONTENT=":ädant"/><SP WIDTH="25" VPOS="588" HPOS="401"/>
							<String ID="string_89" HPOS="426" VPOS="589" WIDTH="94" HEIGHT="26" WC="0.95" CONTENT="påkalla,"/><SP WIDTH="24" VPOS="589" HPOS="520"/>
							<String ID="string_90" HPOS="544" VPOS="589" WIDTH="85" HEIGHT="26" WC="0.96" CONTENT="uppbåd"/><SP WIDTH="24" VPOS="589" HPOS="629"/>
							<String ID="string_91" HPOS="653" VPOS="589" WIDTH="68" HEIGHT="21" WC="0.96" CONTENT="hållas"/><SP WIDTH="24" VPOS="589" HPOS="721"/>
							<String ID="string_92" HPOS="745" VPOS="588" WIDTH="60" HEIGHT="22" WC="0.96" CONTENT="äfven"/><SP WIDTH="20" VPOS="588" HPOS="805"/>
							<String ID="string_93" HPOS="825" VPOS="588" WIDTH="65" HEIGHT="22" WC="0.93" CONTENT="under"/><SP WIDTH="16" VPOS="588" HPOS="890"/>
							<String ID="string_94" HPOS="906" VPOS="588" WIDTH="57" HEIGHT="21" WC="0.95" CONTENT="förra"/>
						</TextLine>
						<TextLine ID="line_12" HPOS="207" VPOS="622" WIDTH="296" HEIGHT="28">
							<String ID="string_95" HPOS="207" VPOS="622" WIDTH="81" HEIGHT="22" WC="0.96" CONTENT="hälften"/><SP WIDTH="18" VPOS="622" HPOS="288"/>
							<String ID="string_96" HPOS="306" VPOS="623" WIDTH="22" HEIGHT="20" WC="0.95" CONTENT="af"/><SP WIDTH="15" VPOS="623" HPOS="328"/>
							<String ID="string_97" HPOS="343" VPOS="624" WIDTH="59" HEIGHT="26" WC="0.96" CONTENT="April"/><SP WIDTH="17" VPOS="624" HPOS="402"/>
							<String ID="string_98" HPOS="419" VPOS="624" WIDTH="84" HEIGHT="20" WC="0.96" CONTENT="månad."/>
						</TextLine>
					</TextBlock>
				</ComposedBlock>
				<ComposedBlock ID="cblock_3" HPOS="205" VPOS="688" WIDTH="758" HEIGHT="549">
					<TextBlock ID="block_5" HPOS="555" VPOS="688" WIDTH="61" HEIGHT="26">
						<TextLine ID="line_13" HPOS="555" VPOS="688" WIDTH="61" HEIGHT="26">
							<String ID="string_99" HPOS="555" VPOS="688" WIDTH="11" HEIGHT="26" WC="0.87" CONTENT="$"/><SP WIDTH="17" VPOS="688" HPOS="566"/>
							<String ID="string_100" HPOS="583" VPOS="688" WIDTH="33" HEIGHT="20" WC="0.96" CONTENT="61."/>
						</TextLine>
					</TextBlock>
					<TextBlock ID="block_6" HPOS="206" VPOS="727" WIDTH="757" HEIGHT="233">
						<TextLine ID="line_14" HPOS="279" VPOS="727" WIDTH="683" HEIGHT="27">
							<String ID="string_101" HPOS="279" VPOS="727" WIDTH="55" HEIGHT="21" WC="0.93" CONTENT="Före"/><SP WIDTH="16" VPOS="727" HPOS="334"/>
							<String ID="string_102" HPOS="350" VPOS="727" WIDTH="156" HEIGHT="27" WC="0.93" CONTENT="uppbådstiden"/><SP WIDTH="17" VPOS="727" HPOS="506"/>
							<String ID="string_103" HPOS="523" VPOS="728" WIDTH="38" HEIGHT="20" WC="0.92" CONTENT="bör"/><SP WIDTH="16" VPOS="728" HPOS="561"/>
							<String ID="string_104" HPOS="577" VPOS="728" WIDTH="188" HEIGHT="26" WC="0.92" CONTENT="uppbådsnämden"/><SP WIDTH="18" VPOS="728" HPOS="765"/>
							<String ID="string_105" HPOS="783" VPOS="727" WIDTH="31" HEIGHT="21" WC="0.96" CONTENT="för"/><SP WIDTH="17" VPOS="727" HPOS="814"/>
							<String ID="string_106" HPOS="831" VPOS="727" WIDTH="71" HEIGHT="27" WC="0.91" CONTENT="hvarje"/><SP WIDTH="11" VPOS="727" HPOS="902"/>
							<String ID="string_107" HPOS="913" VPOS="728" WIDTH="49" HEIGHT="20" WC="0.91" CONTENT="lott-"/>
						</TextLine>
						<TextLine ID="line_15" HPOS="208" VPOS="761" WIDTH="755" HEIGHT="28">
							<String ID="string_108" HPOS="208" VPOS="761" WIDTH="152" HEIGHT="26" WC="0.91" CONTENT="ningsområde"/><SP WIDTH="17" VPOS="761" HPOS="360"/>
							<String ID="string_109" HPOS="377" VPOS="764" WIDTH="82" HEIGHT="19" WC="0.96" CONTENT="utsätta"/><SP WIDTH="16" VPOS="764" HPOS="459"/>
							<String ID="string_110" HPOS="475" VPOS="762" WIDTH="98" HEIGHT="21" WC="0.93" CONTENT="bestämd"/><SP WIDTH="17" VPOS="762" HPOS="573"/>
							<String ID="string_111" HPOS="590" VPOS="762" WIDTH="177" HEIGHT="27" WC="0.92" CONTENT="uppbådstermin"/><SP WIDTH="16" VPOS="762" HPOS="767"/>
							<String ID="string_112" HPOS="783" VPOS="764" WIDTH="55" HEIGHT="18" WC="0.95" CONTENT="samt"/><SP WIDTH="16" VPOS="764" HPOS="838"/>
							<String ID="string_113" HPOS="854" VPOS="762" WIDTH="5" HEIGHT="20" WC="0.95" CONTENT="i"/><SP WIDTH="12" VPOS="762" HPOS="859"/>
							<String ID="string_114" HPOS="871" VPOS="762" WIDTH="92" HEIGHT="26" WC="0.95" CONTENT="enlighet"/>
						</TextLine>
						<TextLine ID="line_16" HPOS="208" VPOS="795" WIDTH="755" HEIGHT="28">
							<String ID="string_115" HPOS="208" VPOS="795" WIDTH="86" HEIGHT="21" WC="0.95" CONTENT="dermed"/><SP WIDTH="25" VPOS="795" HPOS="294"/>
							<String ID="string_116" HPOS="319" VPOS="796" WIDTH="41" HEIGHT="21" WC="0.96" CONTENT="låta"/><SP WIDTH="21" VPOS="796" HPOS="360"/>
							<String ID="string_117" HPOS="381" VPOS="802" WIDTH="75" HEIGHT="20" WC="0.96" CONTENT="genom"/><SP WIDTH="17" VPOS="802" HPOS="456"/>
							<String ID="string_118" HPOS="473" VPOS="796" WIDTH="132" HEIGHT="27" WC="0.95" CONTENT="kungörelse,"/><SP WIDTH="18" VPOS="796" HPOS="605"/>
							<String ID="string_119" HPOS="623" VPOS="803" WIDTH="45" HEIGHT="14" WC="0.93" CONTENT="som"/><SP WIDTH="17" VPOS="803" HPOS="668"/>
							<String ID="string_120" HPOS="685" VPOS="796" WIDTH="105" HEIGHT="22" WC="0.90" CONTENT="afkunnas"/><SP WIDTH="17" VPOS="796" HPOS="790"/>
							<String ID="string_121" HPOS="807" VPOS="797" WIDTH="35" HEIGHT="20" WC="0.97" CONTENT="två"/><SP WIDTH="17" VPOS="797" HPOS="842"/>
							<String ID="string_122" HPOS="859" VPOS="796" WIDTH="104" HEIGHT="26" WC="0.96" CONTENT="söndagar"/>
						</TextLine>
						<TextLine ID="line_17" HPOS="207" VPOS="829" WIDTH="755" HEIGHT="29">
							<String ID="string_123" HPOS="207" VPOS="829" WIDTH="11" HEIGHT="20" WC="0.91" CONTENT="å"/><SP WIDTH="17" VPOS="829" HPOS="218"/>
							<String ID="string_124" HPOS="235" VPOS="830" WIDTH="45" HEIGHT="26" WC="0.95" CONTENT="rad,"/><SP WIDTH="17" VPOS="830" HPOS="280"/>
							<String ID="string_125" HPOS="297" VPOS="836" WIDTH="73" HEIGHT="15" WC="0.96" CONTENT="senare"/><SP WIDTH="16" VPOS="836" HPOS="370"/>
							<String ID="string_126" HPOS="386" VPOS="830" WIDTH="84" HEIGHT="28" WC="0.96" CONTENT="gången"/><SP WIDTH="17" VPOS="830" HPOS="470"/>
							<String ID="string_127" HPOS="487" VPOS="831" WIDTH="63" HEIGHT="21" WC="0.96" CONTENT="minst"/><SP WIDTH="17" VPOS="831" HPOS="550"/>
							<String ID="string_128" HPOS="567" VPOS="831" WIDTH="35" HEIGHT="20" WC="0.96" CONTENT="två"/><SP WIDTH="15" VPOS="831" HPOS="602"/>
							<String ID="string_129" HPOS="617" VPOS="832" WIDTH="77" HEIGHT="20" WC="0.96" CONTENT="veckor"/><SP WIDTH="15" VPOS="832" HPOS="694"/>
							<String ID="string_130" HPOS="709" VPOS="831" WIDTH="44" HEIGHT="20" WC="0.93" CONTENT="före"/><SP WIDTH="12" VPOS="831" HPOS="753"/>
							<String ID="string_131" HPOS="765" VPOS="830" WIDTH="197" HEIGHT="27" WC="0.88" CONTENT="uppbådstillfället,"/>
						</TextLine>
						<TextLine ID="line_18" HPOS="207" VPOS="864" WIDTH="755" HEIGHT="28">
							<String ID="string_132" HPOS="207" VPOS="864" WIDTH="32" HEIGHT="20" WC="0.92" CONTENT="till"/><SP WIDTH="18" VPOS="864" HPOS="239"/>
							<String ID="string_133" HPOS="257" VPOS="864" WIDTH="224" HEIGHT="27" WC="0.91" CONTENT="uppbådsområdenas"/><SP WIDTH="17" VPOS="864" HPOS="481"/>
							<String ID="string_134" HPOS="498" VPOS="866" WIDTH="182" HEIGHT="26" WC="0.92" CONTENT="samlingsställen"/><SP WIDTH="16" VPOS="866" HPOS="680"/>
							<String ID="string_135" HPOS="696" VPOS="865" WIDTH="80" HEIGHT="21" WC="0.92" CONTENT="inkalla"/><SP WIDTH="16" VPOS="865" HPOS="776"/>
							<String ID="string_136" HPOS="792" VPOS="866" WIDTH="26" HEIGHT="20" WC="0.96" CONTENT="de"/><SP WIDTH="16" VPOS="866" HPOS="818"/>
							<String ID="string_137" HPOS="834" VPOS="866" WIDTH="6" HEIGHT="20" WC="0.93" CONTENT="i"/><SP WIDTH="16" VPOS="866" HPOS="840"/>
							<String ID="string_138" HPOS="856" VPOS="865" WIDTH="106" HEIGHT="27" WC="0.92" CONTENT="uppbåds-"/>
						</TextLine>
						<TextLine ID="line_19" HPOS="208" VPOS="898" WIDTH="755" HEIGHT="30">
							<String ID="string_139" HPOS="208" VPOS="898" WIDTH="91" HEIGHT="27" WC="0.96" CONTENT="längden"/><SP WIDTH="26" VPOS="898" HPOS="299"/>
							<String ID="string_140" HPOS="325" VPOS="899" WIDTH="84" HEIGHT="21" WC="0.96" CONTENT="införda"/><SP WIDTH="23" VPOS="899" HPOS="409"/>
							<String ID="string_141" HPOS="432" VPOS="906" WIDTH="136" HEIGHT="21" WC="0.96" CONTENT="personerna,"/><SP WIDTH="25" VPOS="906" HPOS="568"/>
							<String ID="string_142" HPOS="593" VPOS="900" WIDTH="47" HEIGHT="21" WC="0.96" CONTENT="med"/><SP WIDTH="24" VPOS="900" HPOS="640"/>
							<String ID="string_143" HPOS="664" VPOS="901" WIDTH="26" HEIGHT="21" WC="0.95" CONTENT="de"/><SP WIDTH="20" VPOS="901" HPOS="690"/>
							<String ID="string_144" HPOS="710" VPOS="900" WIDTH="6" HEIGHT="20" WC="0.96" CONTENT="i"/><SP WIDTH="17" VPOS="900" HPOS="716"/>
							<String ID="string_145" HPOS="733" VPOS="900" WIDTH="93" HEIGHT="26" WC="0.93" CONTENT="följande"/><SP WIDTH="16" VPOS="900" HPOS="826"/>
							<String ID="string_146" HPOS="842" VPOS="899" WIDTH="13" HEIGHT="29" WC="0.90" CONTENT="&amp;"/><SP WIDTH="16" VPOS="899" HPOS="855"/>
							<String ID="string_147" HPOS="871" VPOS="900" WIDTH="92" HEIGHT="21" WC="0.96" CONTENT="nämnda"/>
						</TextLine>
						<TextLine ID="line_20" HPOS="206" VPOS="934" WIDTH="118" HEIGHT="26">
							<String ID="string_148" HPOS="206" VPOS="934" WIDTH="118" HEIGHT="26" WC="0.95" CONTENT="undantag."/>
						</TextLine>
					</TextBlock>
					<TextBlock ID="block_7" HPOS="556" VPOS="964" WIDTH="61" HEIGHT="26">
						<TextLine ID="line_21" HPOS="556" VPOS="964" WIDTH="61" HEIGHT="26">
							<String ID="string_149" HPOS="556" VPOS="964" WIDTH="10" HEIGHT="26" WC="0.86" CONTENT="$"/><SP WIDTH="18" VPOS="964" HPOS="566"/>
							<String ID="string_150" HPOS="584" VPOS="965" WIDTH="33" HEIGHT="19" WC="0.96" CONTENT="62."/>
						</TextLine>
					</TextBlock>
					<TextBlock ID="block_8" HPOS="208" VPOS="1002" WIDTH="754" HEIGHT="62">
						<TextLine ID="line_22" HPOS="281" VPOS="1002" WIDTH="681" HEIGHT="28">
							<String ID="string_151" HPOS="281" VPOS="1002" WIDTH="56" HEIGHT="21" WC="0.93" CONTENT="Ifrån"/><SP WIDTH="23" VPOS="1002" HPOS="337"/>
							<String ID="string_152" HPOS="360" VPOS="1004" WIDTH="200" HEIGHT="26" WC="0.91" CONTENT="uppbådskallelsen"/><SP WIDTH="24" VPOS="1004" HPOS="560"/>
							<String ID="string_153" HPOS="584" VPOS="1004" WIDTH="104" HEIGHT="21" WC="0.96" CONTENT="uteslutas"/><SP WIDTH="24" VPOS="1004" HPOS="688"/>
							<String ID="string_154" HPOS="712" VPOS="1003" WIDTH="91" HEIGHT="27" WC="0.95" CONTENT="följande"/><SP WIDTH="23" VPOS="1003" HPOS="803"/>
							<String ID="string_155" HPOS="826" VPOS="1004" WIDTH="7" HEIGHT="20" WC="0.93" CONTENT="i"/><SP WIDTH="23" VPOS="1004" HPOS="833"/>
							<String ID="string_156" HPOS="856" VPOS="1003" WIDTH="106" HEIGHT="27" WC="0.91" CONTENT="uppbåds-"/>
						</TextLine>
						<TextLine ID="line_23" HPOS="208" VPOS="1036" WIDTH="321" HEIGHT="28">
							<String ID="string_157" HPOS="208" VPOS="1036" WIDTH="92" HEIGHT="26" WC="0.96" CONTENT="längden"/><SP WIDTH="18" VPOS="1036" HPOS="300"/>
							<String ID="string_158" HPOS="318" VPOS="1037" WIDTH="83" HEIGHT="21" WC="0.95" CONTENT="införda"/><SP WIDTH="16" VPOS="1037" HPOS="401"/>
							<String ID="string_159" HPOS="417" VPOS="1044" WIDTH="112" HEIGHT="20" WC="0.96" CONTENT="personer:"/>
						</TextLine>
					</TextBlock>
					<TextBlock ID="block_9" HPOS="206" VPOS="1072" WIDTH="756" HEIGHT="61">
						<TextLine ID="line_24" HPOS="279" VPOS="1072" WIDTH="683" HEIGHT="28">
							<String ID="string_160" HPOS="279" VPOS="1075" WIDTH="22" HEIGHT="23" WC="0.93" CONTENT="a)"/><SP WIDTH="18" VPOS="1075" HPOS="301"/>
							<String ID="string_161" HPOS="319" VPOS="1072" WIDTH="25" HEIGHT="20" WC="0.96" CONTENT="de"/><SP WIDTH="15" VPOS="1072" HPOS="344"/>
							<String ID="string_162" HPOS="359" VPOS="1078" WIDTH="45" HEIGHT="15" WC="0.96" CONTENT="som"/><SP WIDTH="18" VPOS="1078" HPOS="404"/>
							<String ID="string_163" HPOS="422" VPOS="1074" WIDTH="38" HEIGHT="20" WC="0.90" CONTENT="äro"/><SP WIDTH="17" VPOS="1074" HPOS="460"/>
							<String ID="string_164" HPOS="477" VPOS="1073" WIDTH="126" HEIGHT="26" WC="0.90" CONTENT="prestvigde,"/><SP WIDTH="13" VPOS="1073" HPOS="603"/>
							<String ID="string_165" HPOS="616" VPOS="1073" WIDTH="108" HEIGHT="21" WC="0.93" CONTENT="äfvensom"/><SP WIDTH="13" VPOS="1073" HPOS="724"/>
							<String ID="string_166" HPOS="737" VPOS="1072" WIDTH="137" HEIGHT="28" WC="0.91" CONTENT="psalmläsare"/><SP WIDTH="11" VPOS="1072" HPOS="874"/>
							<String ID="string_167" HPOS="885" VPOS="1072" WIDTH="22" HEIGHT="20" WC="0.92" CONTENT="af"/><SP WIDTH="9" VPOS="1072" HPOS="907"/>
							<String ID="string_168" HPOS="916" VPOS="1078" WIDTH="46" HEIGHT="20" WC="0.92" CONTENT="gre-"/>
						</TextLine>
						<TextLine ID="line_25" HPOS="206" VPOS="1105" WIDTH="394" HEIGHT="28">
							<String ID="string_169" HPOS="206" VPOS="1105" WIDTH="123" HEIGHT="27" WC="0.91" CONTENT="kisk-ryska"/><SP WIDTH="16" VPOS="1105" HPOS="329"/>
							<String ID="string_170" HPOS="345" VPOS="1107" WIDTH="201" HEIGHT="26" WC="0.96" CONTENT="trosbekännelsen;"/><SP WIDTH="17" VPOS="1107" HPOS="546"/>
							<String ID="string_171" HPOS="563" VPOS="1107" WIDTH="37" HEIGHT="21" WC="0.96" CONTENT="och"/>
						</TextLine>
					</TextBlock>
					<TextBlock ID="block_10" HPOS="279" VPOS="1140" WIDTH="460" HEIGHT="28">
						<TextLine ID="line_26" HPOS="279" VPOS="1140" WIDTH="460" HEIGHT="28">
							<String ID="string_172" HPOS="279" VPOS="1140" WIDTH="21" HEIGHT="26" WC="0.76" CONTENT="0)"/><SP WIDTH="16" VPOS="1140" HPOS="300"/>
							<String ID="string_173" HPOS="316" VPOS="1147" WIDTH="109" HEIGHT="21" WC="0.95" CONTENT="personer,"/><SP WIDTH="17" VPOS="1147" HPOS="425"/>
							<String ID="string_174" HPOS="442" VPOS="1142" WIDTH="77" HEIGHT="21" WC="0.96" CONTENT="dömda"/><SP WIDTH="15" VPOS="1142" HPOS="519"/>
							<String ID="string_175" HPOS="534" VPOS="1142" WIDTH="32" HEIGHT="21" WC="0.93" CONTENT="för"/><SP WIDTH="16" VPOS="1142" HPOS="566"/>
							<String ID="string_176" HPOS="582" VPOS="1142" WIDTH="77" HEIGHT="26" WC="0.92" CONTENT="nesligt"/><SP WIDTH="15" VPOS="1142" HPOS="659"/>
							<String ID="string_177" HPOS="674" VPOS="1142" WIDTH="65" HEIGHT="22" WC="0.96" CONTENT="brott."/>
						</TextLine>
					</TextBlock>
					<TextBlock ID="block_11" HPOS="205" VPOS="1175" WIDTH="758" HEIGHT="62">
						<TextLine ID="line_27" HPOS="278" VPOS="1175" WIDTH="685" HEIGHT="28">
							<String ID="string_178" HPOS="278" VPOS="1175" WIDTH="31" HEIGHT="21" WC="0.96" CONTENT="De"/><SP WIDTH="25" VPOS="1175" HPOS="309"/>
							<String ID="string_179" HPOS="334" VPOS="1176" WIDTH="5" HEIGHT="20" WC="0.93" CONTENT="i"/><SP WIDTH="16" VPOS="1176" HPOS="339"/>
							<String ID="string_180" HPOS="355" VPOS="1175" WIDTH="212" HEIGHT="28" WC="0.92" CONTENT="fyllnadslängderna"/><SP WIDTH="16" VPOS="1175" HPOS="567"/>
							<String ID="string_181" HPOS="583" VPOS="1177" WIDTH="17" HEIGHT="21" WC="0.91" CONTENT="A"/><SP WIDTH="22" VPOS="1177" HPOS="600"/>
							<String ID="string_182" HPOS="622" VPOS="1177" WIDTH="38" HEIGHT="20" WC="0.93" CONTENT="och"/><SP WIDTH="16" VPOS="1177" HPOS="660"/>
							<String ID="string_183" HPOS="676" VPOS="1177" WIDTH="17" HEIGHT="21" WC="0.92" CONTENT="B"/><SP WIDTH="17" VPOS="1177" HPOS="693"/>
							<String ID="string_184" HPOS="710" VPOS="1178" WIDTH="109" HEIGHT="25" WC="0.96" CONTENT="upptagna"/><SP WIDTH="16" VPOS="1178" HPOS="819"/>
							<String ID="string_185" HPOS="835" VPOS="1182" WIDTH="128" HEIGHT="20" WC="0.96" CONTENT="personerna"/>
						</TextLine>
						<TextLine ID="line_28" HPOS="205" VPOS="1208" WIDTH="361" HEIGHT="29">
							<String ID="string_186" HPOS="205" VPOS="1208" WIDTH="64" HEIGHT="22" WC="0.95" CONTENT="blifva"/><SP WIDTH="18" VPOS="1208" HPOS="269"/>
							<String ID="string_187" HPOS="287" VPOS="1209" WIDTH="46" HEIGHT="21" WC="0.96" CONTENT="icke"/><SP WIDTH="17" VPOS="1209" HPOS="333"/>
							<String ID="string_188" HPOS="350" VPOS="1210" WIDTH="67" HEIGHT="21" WC="0.93" CONTENT="heller"/><SP WIDTH="17" VPOS="1210" HPOS="417"/>
							<String ID="string_189" HPOS="434" VPOS="1210" WIDTH="132" HEIGHT="27" WC="0.92" CONTENT="uppbådade."/>
						</TextLine>
					</TextBlock>
				</ComposedBlock>
				<ComposedBlock ID="cblock_4" HPOS="204" VPOS="1275" WIDTH="759" HEIGHT="203">
					<TextBlock ID="block_12" HPOS="204" VPOS="1275" WIDTH="759" HEIGHT="203">
						<TextLine ID="line_29" HPOS="554" VPOS="1275" WIDTH="60" HEIGHT="26">
							<String ID="string_190" HPOS="554" VPOS="1275" WIDTH="10" HEIGHT="26" WC="0.94" CONTENT="8"/><SP WIDTH="18" VPOS="1275" HPOS="564"/>
							<String ID="string_191" HPOS="582" VPOS="1275" WIDTH="32" HEIGHT="20" WC="0.95" CONTENT="63."/>
						</TextLine>
						<TextLine ID="line_30" HPOS="279" VPOS="1313" WIDTH="684" HEIGHT="28">
							<String ID="string_192" HPOS="279" VPOS="1313" WIDTH="55" HEIGHT="21" WC="0.96" CONTENT="Före"/><SP WIDTH="18" VPOS="1313" HPOS="334"/>
							<String ID="string_193" HPOS="352" VPOS="1313" WIDTH="39" HEIGHT="21" WC="0.95" CONTENT="den"/><SP WIDTH="20" VPOS="1313" HPOS="391"/>
							<String ID="string_194" HPOS="411" VPOS="1314" WIDTH="24" HEIGHT="21" WC="0.95" CONTENT="15"/><SP WIDTH="17" VPOS="1314" HPOS="435"/>
							<String ID="string_195" HPOS="452" VPOS="1314" WIDTH="59" HEIGHT="26" WC="0.96" CONTENT="April"/><SP WIDTH="17" VPOS="1314" HPOS="511"/>
							<String ID="string_196" HPOS="528" VPOS="1314" WIDTH="72" HEIGHT="27" WC="0.96" CONTENT="hvarje"/><SP WIDTH="11" VPOS="1314" HPOS="600"/>
							<String ID="string_197" HPOS="611" VPOS="1316" WIDTH="24" HEIGHT="19" WC="0.95" CONTENT="år"/><SP WIDTH="11" VPOS="1316" HPOS="635"/>
							<String ID="string_198" HPOS="646" VPOS="1314" WIDTH="39" HEIGHT="21" WC="0.96" CONTENT="bör"/><SP WIDTH="11" VPOS="1314" HPOS="685"/>
							<String ID="string_199" HPOS="696" VPOS="1314" WIDTH="33" HEIGHT="21" WC="0.96" CONTENT="till"/><SP WIDTH="12" VPOS="1314" HPOS="729"/>
							<String ID="string_200" HPOS="741" VPOS="1314" WIDTH="158" HEIGHT="20" WC="0.93" CONTENT="vederbörande"/><SP WIDTH="12" VPOS="1314" HPOS="899"/>
							<String ID="string_201" HPOS="911" VPOS="1319" WIDTH="52" HEIGHT="21" WC="0.92" CONTENT="upp-"/>
						</TextLine>
						<TextLine ID="line_31" HPOS="205" VPOS="1346" WIDTH="273" HEIGHT="24">
							<String ID="string_202" HPOS="205" VPOS="1346" WIDTH="143" HEIGHT="22" WC="0.90" CONTENT="bådsnämder"/><SP WIDTH="17" VPOS="1346" HPOS="348"/>
							<String ID="string_203" HPOS="365" VPOS="1348" WIDTH="113" HEIGHT="22" WC="0.96" CONTENT="insändas:"/>
						</TextLine>
						<TextLine ID="line_32" HPOS="278" VPOS="1382" WIDTH="685" HEIGHT="28">
							<String ID="string_204" HPOS="278" VPOS="1382" WIDTH="22" HEIGHT="26" WC="0.95" CONTENT="a)"/><SP WIDTH="18" VPOS="1382" HPOS="300"/>
							<String ID="string_205" HPOS="318" VPOS="1382" WIDTH="23" HEIGHT="21" WC="0.93" CONTENT="af"/><SP WIDTH="13" VPOS="1382" HPOS="341"/>
							<String ID="string_206" HPOS="354" VPOS="1382" WIDTH="229" HEIGHT="28" WC="0.91" CONTENT="fångvårdsstyrelsen:"/><SP WIDTH="17" VPOS="1382" HPOS="583"/>
							<String ID="string_207" HPOS="600" VPOS="1383" WIDTH="135" HEIGHT="27" WC="0.96" CONTENT="förteckning"/><SP WIDTH="16" VPOS="1383" HPOS="735"/>
							<String ID="string_208" HPOS="751" VPOS="1382" WIDTH="59" HEIGHT="21" WC="0.96" CONTENT="öfver"/><SP WIDTH="16" VPOS="1382" HPOS="810"/>
							<String ID="string_209" HPOS="826" VPOS="1382" WIDTH="24" HEIGHT="21" WC="0.96" CONTENT="de"/><SP WIDTH="17" VPOS="1382" HPOS="850"/>
							<String ID="string_210" HPOS="867" VPOS="1382" WIDTH="32" HEIGHT="21" WC="0.91" CONTENT="till"/><SP WIDTH="12" VPOS="1382" HPOS="899"/>
							<String ID="string_211" HPOS="911" VPOS="1388" WIDTH="52" HEIGHT="20" WC="0.91" CONTENT="upp-"/>
						</TextLine>
						<TextLine ID="line_33" HPOS="204" VPOS="1415" WIDTH="759" HEIGHT="29">
							<String ID="string_212" HPOS="204" VPOS="1415" WIDTH="142" HEIGHT="22" WC="0.90" CONTENT="bådskretsen"/><SP WIDTH="17" VPOS="1415" HPOS="346"/>
							<String ID="string_213" HPOS="363" VPOS="1417" WIDTH="96" HEIGHT="21" WC="0.96" CONTENT="hörande"/><SP WIDTH="16" VPOS="1417" HPOS="459"/>
							<String ID="string_214" HPOS="475" VPOS="1424" WIDTH="101" HEIGHT="20" WC="0.95" CONTENT="personer"/><SP WIDTH="16" VPOS="1424" HPOS="576"/>
							<String ID="string_215" HPOS="592" VPOS="1418" WIDTH="6" HEIGHT="20" WC="0.93" CONTENT="i"/><SP WIDTH="16" VPOS="1418" HPOS="598"/>
							<String ID="string_216" HPOS="614" VPOS="1417" WIDTH="180" HEIGHT="27" WC="0.92" CONTENT="uppbådsåldern,"/><SP WIDTH="17" VPOS="1417" HPOS="794"/>
							<String ID="string_217" HPOS="811" VPOS="1422" WIDTH="45" HEIGHT="15" WC="0.96" CONTENT="som"/><SP WIDTH="12" VPOS="1422" HPOS="856"/>
							<String ID="string_218" HPOS="868" VPOS="1416" WIDTH="95" HEIGHT="21" WC="0.96" CONTENT="förvaras"/>
						</TextLine>
						<TextLine ID="line_34" HPOS="204" VPOS="1450" WIDTH="759" HEIGHT="28">
							<String ID="string_219" HPOS="204" VPOS="1450" WIDTH="6" HEIGHT="20" WC="0.92" CONTENT="i"/><SP WIDTH="17" VPOS="1450" HPOS="210"/>
							<String ID="string_220" HPOS="227" VPOS="1450" WIDTH="95" HEIGHT="21" WC="0.92" CONTENT="häktena"/><SP WIDTH="21" VPOS="1450" HPOS="322"/>
							<String ID="string_221" HPOS="343" VPOS="1452" WIDTH="56" HEIGHT="20" WC="0.96" CONTENT="inom"/><SP WIDTH="17" VPOS="1452" HPOS="399"/>
							<String ID="string_222" HPOS="416" VPOS="1452" WIDTH="80" HEIGHT="21" WC="0.95" CONTENT="landet."/><SP WIDTH="32" VPOS="1452" HPOS="496"/>
							<String ID="string_223" HPOS="528" VPOS="1452" WIDTH="35" HEIGHT="21" WC="0.95" CONTENT="Uti"/><SP WIDTH="17" VPOS="1452" HPOS="563"/>
							<String ID="string_224" HPOS="580" VPOS="1452" WIDTH="63" HEIGHT="21" WC="0.96" CONTENT="dessa"/><SP WIDTH="16" VPOS="1452" HPOS="643"/>
							<String ID="string_225" HPOS="659" VPOS="1452" WIDTH="159" HEIGHT="26" WC="0.96" CONTENT="förteckningar"/><SP WIDTH="16" VPOS="1452" HPOS="818"/>
							<String ID="string_226" HPOS="834" VPOS="1451" WIDTH="38" HEIGHT="21" WC="0.93" CONTENT="bör"/><SP WIDTH="13" VPOS="1451" HPOS="872"/>
							<String ID="string_227" HPOS="885" VPOS="1451" WIDTH="78" HEIGHT="26" WC="0.92" CONTENT="jemväl"/>
						</TextLine>
					</TextBlock>
				</ComposedBlock>
			</PrintSpace>
		</Page>
	</Layout>
</alto>
