1061 1709
227 134 12 20 8
525 136 43 23 N:o
589 138 39 21 24.

198 203 206 27 Regeringsformen,
435 204 134 21 beträffande
595 204 205 26 krigsmannaedens
824 204 132 27 afläggande,

197 237 90 21 innebär
303 244 25 14 en
345 238 151 27 oegentlighet,
513 238 65 21 borde
595 238 33 21 för
644 238 174 27 undanrödjande
834 238 64 22 häraf
912 245 44 15 om-

199 270 140 28 formulering
354 272 23 21 af
391 272 150 21 förstnämnda
557 273 11 26 $
585 279 39 20 ega
640 279 53 14 rum.

271 305 9 21 I
297 306 222 22 öfverensstämmelse
542 307 90 20 härmed
648 307 40 20 har
702 307 59 20 Hans
777 307 118 26 Kejserliga
911 307 45 20 Ma-

195 339 68 27 jestät
279 339 48 22 låtit
347 343 96 24 uppgöra
458 341 160 21 nedanstående
634 341 81 26 förslag
731 341 32 20 till
779 341 126 27 förordning
920 347 36 15 an-

197 373 82 28 gående
303 375 81 21 ändrad
407 375 82 27 lydelse
512 375 23 21 af
556 375 107 21 särskilda
686 375 24 28 $$
733 375 6 20 i
756 375 199 27 värnepligtslagen,

197 408 81 22 hvilket
294 409 104 26 härjemte
416 410 33 21 till
466 410 130 21 Ständernas
613 410 129 26 behandling
758 409 146 22 öfverlemnas.

404 514 95 31 Förslag
525 515 32 24 till
581 515 131 32 förordning
735 514 115 32 angående
873 514 83 25 ändrad

336 560 83 30 lydelse
438 561 26 23 af
482 560 112 24 särskilda
613 560 30 32 $$
662 561 6 23 i
688 560 214 32 värnepligtslagen.

546 639 10 27 s
574 641 32 19 32.

269 685 111 27 Personer,
391 692 45 14 som
453 685 113 21 innehafva
582 686 165 21 nedannämnda
764 685 189 27 bildningsgrader,

196 719 90 27 ätnjuta,
303 719 28 21 dä
346 720 25 20 de
388 719 54 22 efter
460 719 91 27 lottning
567 720 85 21 inträda
663 721 35 20 vid
710 721 25 20 de
748 719 74 22 aktiva
833 722 121 24 trupperna,

196 753 112 21 förkortad
325 754 111 26 tjenstetid
453 754 66 27 enligt
535 754 95 27 följande
646 755 103 26 grunder:

271 789 40 26 1:0)
336 789 36 26 De,
397 795 44 14 som
465 789 125 26 genomgått
613 789 126 26 fullständig
762 789 50 20 kurs
837 788 35 21 vid
889 788 65 27 högre
973 813 3 1 .

197 821 114 27 folkskola,
335 823 65 26 högre
423 823 201 26 handtverksskola,
648 823 159 26 industriskola,
828 823 127 20 elementar-

195 857 69 25 skola,
282 857 58 26 lägre
356 857 109 21 realskola
481 857 51 21 eller
549 857 35 21 vid
600 857 152 22 handelsskola
768 857 53 21 eller
837 857 39 20 ock
891 856 64 27 aflagt

196 891 152 21 motsvarande
364 891 165 27 kunskapsprof,
546 891 109 22 äfvensom
672 892 32 26 de,
720 891 73 21 hvilka
805 891 89 21 afslutat
905 891 50 20 kurs

196 925 35 21 vid
245 925 180 26 jordbruksskola
441 926 52 21 eller
509 926 58 27 lägre
583 926 108 27 afdelning
705 925 22 22 af
738 925 217 26 landtbruksinstitut,

197 962 55 18 samt
275 959 239 26 farmaciestuderande,
534 961 136 20 maskinister
689 960 39 21 och
744 961 163 25 understyrmän
922 959 33 21 stä

197 994 6 20 i
220 994 58 21 aktiv
302 994 64 27 tjenst
384 994 37 21 tvä
437 994 23 21 är
477 995 39 20 och
532 995 53 20 höra
602 995 93 21 derefter
710 998 33 17 tre
759 994 24 21 är
800 995 32 20 till
849 1000 105 15 reserven.

269 1029 43 26 2:0)
337 1028 37 27 De,
398 1035 45 14 som
463 1029 125 26 genomgätt
605 1029 93 21 normal-
713 1029 54 20 real-
784 1029 53 20 eller
853 1029 102 20 klassiskt

196 1063 89 26 lyseum,
306 1063 107 20 realskola
432 1063 48 21 med
496 1063 46 26 fyra
558 1063 52 21 eller
625 1063 51 21 flere
692 1063 83 21 klasser
791 1063 52 21 eller
859 1063 96 20 deremot

196 1097 105 20 svarande
324 1097 165 26 skolinrättning
513 1098 47 21 med
584 1097 95 22 afslutad
702 1098 58 25 kurs,
780 1097 174 21 folkskollärare-

197 1131 145 26 seminarium,
366 1131 175 22 handelsinstitut
564 1132 52 21 eller
639 1132 65 26 högre
723 1131 110 26 afdelning
849 1131 23 21 af
885 1131 70 21 landt-

195 1165 153 22 bruksinstitut
371 1166 52 21 eller
446 1165 67 28 aflagt
536 1167 150 20 motsvarande
703 1165 163 28 kunskapsprof,
883 1165 72 21 äfven-

195 1205 44 15 som
265 1199 32 27 de,
317 1200 72 20 hvilka
404 1200 125 27 genomgätt
544 1201 109 20 allmänna
669 1200 111 21 klasserna
795 1199 24 21 af
832 1199 69 22 finska
917 1200 37 20 ka-

195 1233 113 21 dettkären
325 1234 53 21 eller
393 1235 35 20 vid
444 1235 197 26 navigationsskola
652 1234 116 27 undergätt
779 1236 114 25 styrmans-
903 1234 52 21 eller

195 1268 191 27 skepparexamen,
411 1269 33 20 stä
468 1269 5 20 i
497 1269 58 21 aktiv
578 1269 65 27 tjenst
659 1271 31 19 ett
705 1269 24 21 är
745 1269 38 20 och
800 1275 38 14 sex
854 1268 101 21 mänader

195 1303 38 20 och
250 1303 53 20 höra
319 1303 95 21 derefter
431 1306 32 18 tre
481 1303 22 21 är
519 1304 37 21 och
574 1310 36 14 sex
626 1303 102 21 mänader
744 1303 33 21 till
794 1309 106 15 reserven.

267 1338 43 25 3:0)
335 1337 134 22 Studerande
489 1338 34 21 vid
538 1339 152 20 universitetet
705 1338 39 21 och
761 1337 107 22 ordinarie
884 1337 70 21 elever

194 1371 34 20 vid
245 1371 149 27 polytekniskt
410 1373 85 20 institut
511 1372 108 21 äfvensom
636 1373 32 25 de,
678 1372 73 21 hvilka
766 1372 124 26 genomgätt
905 1371 50 20 full-

193 1405 86 27 ständig
303 1406 51 20 kurs
380 1407 34 20 vid
438 1407 66 25 högre
528 1407 97 20 läroverk
642 1409 25 18 än
684 1407 25 20 de
725 1406 6 20 i
749 1412 63 14 mom.
828 1407 34 19 2:o
878 1405 76 21 nämda

193 1439 52 21 eller
269 1440 40 20 ock
333 1440 65 26 aflagt
422 1441 148 20 motsvarande
586 1440 166 27 kunskapsprof,
769 1442 55 18 samt
840 1439 26 21 de
882 1439 73 21 hvilka
