1061 1706
275 132 25 19 12
423 130 83 22 Ständ.
523 130 37 22 Sv.
577 143 27 3 —
621 130 73 28 Prop.
710 129 45 23 N:o
770 129 38 23 24.

244 189 42 22 den
301 189 101 23 sakfälde
417 190 110 22 förklarat
542 190 34 27 sig
597 190 90 22 dermed
702 190 56 27 nöjd.
790 190 46 22 Och
852 196 45 15 som
913 190 26 22 de
954 189 35 22 till

244 225 49 22 stöd
308 225 35 22 för
358 226 94 22 berörda
462 226 85 27 förslag
561 226 133 22 framhållna
704 226 78 21 skälen
793 227 63 25 synts
868 225 121 22 Ständerna

243 260 49 23 icke
308 263 78 25 utgöra
401 262 124 27 tillräcklig
546 262 119 27 anledning
681 263 32 20 att
728 261 33 22 uti
776 267 30 15 nu
821 260 168 28 ifrågavarande

243 296 40 22 fall
298 296 76 22 afvika
395 296 50 22 från
469 297 71 21 denna
562 297 111 21 allmänna
694 297 69 27 regel,
785 296 67 22 hafva
868 296 121 22 Ständerna

243 332 49 22 icke
315 332 85 22 kunnat
422 332 117 28 godkänna
558 332 41 22 den
619 333 80 27 nådiga
717 332 164 27 propositionen
895 332 8 22 i
919 332 70 22 denna

243 368 42 27 del,
309 370 53 20 utan
376 369 7 21 i
400 369 76 21 stället
498 368 69 22 infört
582 370 34 20 ett
631 369 7 21 i
654 368 143 22 konformitet
816 368 50 22 med
881 368 108 22 allmänna

243 403 129 28 strafflagen
395 404 92 22 stående
503 404 121 28 stadgande
648 404 79 27 derom,
745 406 32 19 att
793 404 25 22 så
834 406 62 20 snart
911 404 77 26 utslag,

243 439 141 28 hvarigenom
399 441 96 21 tilltalad
511 440 102 28 sakfälts,
629 441 79 22 vunnit
727 440 50 27 laga
793 439 61 22 kraft
870 440 53 21 eller
939 439 49 22 sak-

243 475 46 22 fäld
305 475 63 22 deråt
384 476 64 27 nöjts,
465 477 58 21 skall
541 477 44 20 han
606 477 101 21 inställas
729 476 36 21 till
787 475 148 28 tjenstgöring
951 475 38 22 vid

243 511 42 22 den
301 512 113 21 bestämda
429 514 100 25 truppen.
553 512 11 21 I
574 512 120 27 anledning
704 511 67 22 häraf
778 512 41 21 har
829 511 82 28 jemväl
919 510 70 28 fjerde

243 549 117 19 momentet
376 547 7 21 i
399 547 71 22 denna
485 547 107 28 paragraf
606 547 78 29 (femte
700 549 118 20 momentet
834 547 69 27 enligt
914 547 41 22 den
966 546 25 21 af

244 582 123 22 Ständerna
382 586 95 25 antagna
493 583 161 29 affattningen),
675 583 63 22 hvari
751 583 137 28 förutsättes,
897 585 32 19 att
943 583 45 21 till-

243 619 67 27 talad,
328 625 45 15 som
389 619 25 22 af
427 619 116 22 underrätt
566 619 96 22 sakfälts
686 619 39 22 och
741 619 136 22 omedelbart
892 618 96 22 derefter

243 655 89 21 instälts
348 655 7 20 i
371 655 138 28 krigstjenst,
533 655 126 22 sedermera
674 655 25 21 af
712 655 69 27 högre
804 657 46 19 rätt
868 654 119 27 frikännes,

243 691 119 27 undergått
376 691 68 28 nödig
458 691 136 28 förändring.

313 726 78 28 Enligt
412 727 145 27 paragrafens
572 727 72 27 tredje
665 728 95 20 moment
776 726 81 29 (fjerde
873 728 114 20 momentet

242 761 7 21 i
266 761 134 23 Ständernas
424 763 124 28 affattning)
565 763 58 21 skall
644 763 144 27 tjenstetiden
805 762 34 22 för
855 762 48 27 den,
920 768 44 15 som
979 762 8 21 i

243 797 71 26 grund
329 797 25 22 af
367 798 79 28 utslag,
463 799 142 26 hvarigenom
621 799 43 21 han
680 797 95 23 sakfälts
790 797 36 22 för
841 798 66 27 något
923 797 24 22 af
960 797 27 22 de

242 832 28 29 18
282 835 41 19 112
338 833 76 29 eller
406 828 11 38 $
425 835 40 20 113
482 834 94 21 nämnda
602 835 60 21 brott
684 834 85 21 inträdt
783 834 38 21 vid
837 834 62 21 aktiv
914 835 72 25 trupp,

241 868 82 22 räknas
342 869 50 21 från
407 869 125 28 påföljande
551 872 10 19 1
572 870 44 27 Maj
630 870 56 21 eller
708 871 5 20 1
730 869 130 22 November.
885 869 47 22 Den
944 869 43 21 för-

241 904 107 27 längning
370 905 25 21 af
415 905 141 28 tjenstetiden
582 906 28 26 på
626 912 27 15 en
676 905 97 28 tidrymd
796 905 25 21 af
834 905 56 21 ända
905 905 35 21 till
956 907 31 19 ett

241 939 57 22 halft
313 941 33 27 år,
363 947 45 15 som
424 941 142 22 omförmälda
576 941 140 28 bestämning
727 941 74 21 kunde
812 941 34 21 för
857 941 42 21 den
909 943 77 20 värne-

241 975 94 28 pligtige
358 976 106 28 medföra,
491 983 65 21 synes
580 977 124 22 Ständerna
718 977 107 21 innebära
840 983 28 15 en
883 977 7 20 i
906 976 80 21 förhål-

240 1011 65 22 lande
321 1011 35 22 till
372 1012 42 21 den
434 1013 116 27 begångna
573 1013 216 27 lagöfverträdelsen
804 1013 8 20 i
828 1012 27 21 de
870 1012 63 21 flesta
948 1011 39 22 fall

241 1045 145 24 öfverhöfvan
410 1049 78 26 sträng
511 1048 161 28 straffhöjning,
697 1055 46 15 som
767 1048 110 21 dessutom
903 1048 84 21 komme

240 1084 35 19 att
291 1082 82 22 drabba
389 1083 27 22 de
431 1083 102 23 sakfälde
548 1085 88 26 mycket
656 1084 81 27 ojemnt
754 1084 39 21 och
812 1084 50 21 icke
876 1083 8 22 i
899 1083 50 22 mån
965 1083 24 21 af

243 1117 95 22 enhvars
361 1119 148 27 brottslighet.
533 1119 124 23 Ständerna
678 1119 67 23 hafva
765 1120 49 21 icke
830 1119 108 27 förbisett,
955 1121 33 19 att

239 1152 170 28 ifrågavarande
433 1155 139 28 bestämning
595 1156 47 21 står
662 1156 7 21 i
686 1155 230 23 öfverensstämmelse
939 1155 48 21 med

240 1189 133 27 stadgandet
395 1191 32 21 uti
449 1191 12 28 $
487 1193 26 19 12
530 1191 210 28 Värnepligtslagen
771 1191 114 27 angående
908 1190 79 22 beräk-

239 1224 82 28 ningen
337 1225 25 21 af
375 1226 143 27 tjenstetiden
538 1226 34 22 för
588 1227 48 27 den,
653 1227 92 23 hvilken
761 1227 106 21 anställes
878 1226 37 22 vid
926 1226 61 21 aktiv

239 1262 66 25 trupp
322 1261 28 26 på
365 1262 72 26 grund
453 1262 25 21 af
491 1263 101 27 lottning,
616 1269 50 15 men
681 1265 54 19 utan
758 1262 74 22 visadt
847 1262 50 27 laga
912 1261 75 22 förfall

239 1296 113 22 uteblifvit
367 1297 50 22 från
440 1300 101 25 truppen,
559 1298 28 21 då
603 1299 43 20 han
661 1299 50 21 bort
726 1299 37 20 till
778 1298 62 22 aktiv
862 1297 68 28 tjenst
953 1297 34 26 sig

238 1330 87 23 infinna.
356 1332 62 22 Dock
434 1333 67 22 hafva
524 1333 123 22 Ständerna
662 1334 49 21 icke
727 1333 74 22 funnit
817 1333 169 22 öfverensstäm-

239 1367 68 22 melse
323 1367 8 22 i
347 1368 60 21 detta
418 1369 125 22 hänseende
554 1376 54 15 vara
618 1369 133 28 nödvändig,
763 1371 53 20 utan
827 1369 40 21 har
879 1369 37 20 det
924 1370 62 25 synts

238 1402 90 28 skäligt,
345 1405 33 20 att
393 1404 143 27 tjenstetiden
552 1404 35 22 för
603 1405 49 28 den,
664 1405 92 22 hvilken
767 1405 49 21 med
826 1405 48 21 stöd
886 1404 25 21 af
919 1403 12 30 $
945 1405 40 20 112
