1042 1648
277 93 82 23 Ständ.
376 92 38 23 Sv.
430 106 26 3 —
475 93 73 28 Prop.
564 92 45 23 N:o
625 92 38 23 26.
802 95 12 19 3

98 154 25 21 af
150 153 200 28 stadsfullmäktige
376 154 103 21 beslutna
505 153 68 22 linien
596 152 63 23 öfver
680 153 164 27 Kampmalmen

99 191 55 20 samt
182 190 76 21 vidare
279 190 57 21 förbi
352 190 127 21 Sandviken
495 190 39 21 och
550 190 64 26 längs
630 188 130 28 Hafsgatan,
777 189 67 21 Park-

98 227 66 25 gatan
179 226 40 21 och
235 225 68 22 Södra
318 226 106 21 hamnens
440 225 63 28 kajer
518 226 35 21 till
569 224 133 22 Skatudden.

169 262 82 21 Likaså
271 261 67 22 hafva
356 261 124 22 Ständerna
498 262 8 20 i
522 261 43 21 alla
580 261 62 22 delar
658 260 88 23 förenat
761 261 35 27 sig
811 267 33 15 om

98 297 27 22 de
149 297 144 27 synpunkter,
315 304 46 14 som
380 296 133 22 framhållits
529 296 35 22 för
580 298 32 20 att
628 297 83 21 banans
728 296 116 28 byggande

98 333 67 21 borde
187 333 25 21 af
230 333 77 22 staden
323 333 189 27 omhändertagas,
528 332 66 22 äfven
610 339 34 15 om
660 333 72 21 banan
747 333 97 21 kommer

98 370 32 20 att
146 368 57 23 efter
218 368 163 22 fullbordandet
396 368 70 22 blifva
482 370 84 20 statens
582 368 144 28 tillhörighet.

168 404 123 22 Ständerna
311 404 66 23 hafva
393 405 28 26 på
437 404 72 28 grund
524 403 66 23 häraf
602 404 8 21 i
626 404 126 22 hufvudsak
768 404 75 22 omfat-

96 442 34 20 tat
153 441 26 21 de
202 441 8 21 i
234 441 42 21 den
297 441 80 27 nådiga
398 440 164 27 propositionen
581 440 129 22 framstälda
726 440 117 27 förslagen.

97 476 61 22 Dock
174 476 66 23 hafva
257 476 128 26 Ständerna,
402 477 34 21 till
453 476 139 22 undvikande
604 476 25 21 af
640 475 102 23 framtida
756 476 88 27 möjliga

96 512 161 28 missförstånd,
274 514 55 20 trott
345 513 34 27 sig
394 513 53 21 böra
462 513 75 27 intaga
548 514 32 20 ett
591 512 133 28 uttryckligt
735 512 108 22 förbehåll

97 548 79 28 derom,
200 551 33 19 att
256 549 26 22 de
305 556 78 20 genom
405 549 148 21 hamnbanans
574 548 116 22 utförande
706 548 136 28 nödvändig-

96 584 77 28 gjorda
188 585 95 27 kajerna,
300 585 77 22 hvilka
392 584 112 28 sjelffallet
517 584 69 22 blifva
598 584 89 22 stadens
698 584 144 28 tillhörighet,

96 621 67 22 borde
183 621 50 22 icke
253 621 56 22 blott
329 620 24 22 af
372 621 78 21 staden
469 620 84 22 utföras
569 622 53 20 utan
638 620 24 21 af
676 620 72 22 denna
760 620 82 28 jemväl

96 657 117 21 framdeles
234 657 146 22 underhållas.
412 657 138 27 Visserligen
571 656 63 22 torde
654 658 33 20 ett
706 656 78 22 sådant
798 656 44 22 till-

95 693 142 27 vägagående
258 692 66 23 hafva
344 693 59 22 varit
421 692 114 28 förutsatt;
551 699 49 15 men
616 693 28 21 då
660 693 70 27 enligt
746 692 42 22 den
804 693 37 21 nå-

96 728 50 28 diga
164 729 175 27 propositionens
357 728 86 28 förslag
459 730 73 20 staten
547 728 75 23 blefve
638 735 66 21 egare
720 729 35 21 till
770 729 71 21 banan

94 765 40 21 och
158 765 49 21 icke
231 765 84 27 staden,
337 765 71 21 såsom
424 765 38 22 vid
478 764 103 22 ärendets
597 764 96 28 tidigare
708 764 135 27 behandling

94 800 102 28 antagits,
214 801 72 21 skulle
302 801 71 21 denna
389 800 139 28 omflyttning
544 800 24 22 af
582 800 160 28 eganderätten
755 800 35 22 till
804 800 36 22 ba-

93 843 43 14 nan
157 837 7 20 i
184 836 118 23 framtiden
323 837 74 21 kunna
417 836 61 28 gifva
493 837 119 27 anledning
628 837 35 21 till
679 836 161 28 missförstånd,

93 872 76 22 hvilka
185 873 37 22 det
238 873 69 27 enligt
323 873 134 22 Ständernas
473 873 68 21 tanke
552 879 53 16 vore
615 873 51 21 bäst
677 875 33 19 att
720 872 122 28 förebygga

93 914 78 21 genom
187 910 32 20 ett
235 909 121 27 stadgande
371 909 8 21 i
395 909 78 27 antydt
489 909 65 27 syfte.

164 944 64 22 Hvad
249 945 105 27 slutligen
374 945 137 22 vidkommer
526 945 43 21 den
584 945 7 21 i
608 945 42 21 den
666 945 81 27 nådiga
762 951 78 20 propo-

92 979 95 22 sitionen
216 980 34 21 till
279 980 136 22 Ständernas
443 980 164 27 öfvervägande
631 980 101 22 lemnade
755 980 85 27 frågan,

92 1015 108 22 huruvida
216 1017 39 20 och
272 1017 35 20 till
321 1016 59 23 hvad
395 1017 79 26 belopp
489 1017 131 26 ytterligare
636 1017 77 27 anslag
724 1023 27 15 ur
762 1017 77 22 bevill-

92 1051 137 28 ningsmedel
244 1053 67 21 borde
327 1053 95 27 anvisas,
437 1052 88 23 utöfver
537 1052 42 22 den
594 1059 82 15 summa
688 1052 24 21 af
723 1054 116 26 1,000,000

91 1087 63 22 mark
170 1094 26 15 ur
211 1088 145 27 besparingar
371 1083 8 26 i
395 1089 110 21 allmänna
519 1088 144 26 statsfonden,
678 1095 46 15 som
735 1088 25 22 af
768 1089 72 22 Eders

90 1123 126 28 Kejserliga
234 1124 104 27 Majestät
353 1123 35 23 för
404 1124 124 22 ändamälet
543 1124 113 28 utlofvats,
673 1131 66 21 synes
755 1124 37 22 vid
808 1124 31 22 af-

90 1159 108 27 görandet
228 1160 75 21 härom
331 1160 86 27 hänsyn
444 1161 53 20 böra
532 1162 62 25 tagas
617 1161 36 21 till
677 1161 163 27 sammanlagda

90 1195 103 26 beloppet
213 1195 25 22 af
252 1195 27 22 de
294 1196 127 28 kostnader,
438 1196 49 22 dem
503 1196 141 27 Helsingfors
660 1197 50 21 stad
726 1197 7 21 i
749 1197 39 21 och
804 1196 35 23 för

90 1231 242 28 hamnbaneförslagets
341 1231 145 28 fullständiga
494 1231 170 28 genomförande
673 1233 83 27 nödgas
764 1233 76 21 ikläda

90 1266 40 27 sig.
162 1266 278 29 Anläggningskostnaden
463 1267 35 22 för
521 1268 137 21 hamnbanan
680 1271 25 19 är
725 1269 114 22 beräknad

90 1303 33 20 att
146 1303 73 26 uppgå
241 1303 35 21 till
296 1305 117 26 2,172,177
436 1304 70 27 mark,
522 1304 91 22 hvartill
628 1305 98 22 kommer
744 1306 93 26 127,055

90 1338 63 21 mark
175 1337 34 23 för
233 1339 26 22 de
285 1339 98 28 arbeten,
408 1346 45 15 som
474 1339 53 22 falla
548 1340 57 22 inom
622 1340 216 28 statsjernvägarnas

89 1374 104 27 bangård,
217 1375 39 21 och
280 1375 76 22 hvilka
379 1376 91 21 arbeten
493 1376 85 22 komme
596 1378 33 20 att
648 1376 24 22 af
684 1377 153 27 jernvägssty-

89 1409 75 22 relsen
194 1411 28 26 på
252 1411 148 22 statsverkets
426 1412 123 21 bekostnad
574 1412 91 22 utföras.
706 1412 60 22 Från
795 1412 43 22 den
