1061 1703
253 104 82 23 Ständ.
352 104 37 23 Sv.
406 118 28 3 —
450 105 74 28 Prop.
540 105 44 22 N:o
600 105 38 22 28.
801 107 11 19 3

601 171 67 17 Brutto
681 170 84 18 tillverk-

330 193 95 19 Fabriker.
447 189 14 33 —
468 194 94 19 Arbetare.
584 189 9 33 —
602 194 163 23 ningsvärde
726 189 42 33 Im

164 223 32 29 År
214 232 55 19 1887
363 231 26 20 14
496 232 41 20 603
630 232 101 26 554,000.

174 283 9 10 »
212 268 56 19 1888
362 268 25 19 13
495 269 42 19 592
630 267 100 27 547,000.

176 319 9 10 »
214 304 55 19 1889
363 304 25 19 12
496 304 42 20 586
630 304 101 26 509,000.

164 362 43 21 Det
223 362 135 28 nedgående,
375 368 46 16 som
437 362 89 28 skönjes
542 362 8 22 i
561 362 93 22 anförda
665 362 78 27 siffror,
756 368 39 21 ger
806 362 38 22 vid

94 398 93 27 handen,
213 399 32 20 att
267 397 169 28 ifrågavarande
458 398 95 22 industri
576 398 36 22 för
635 398 139 22 närvarande
794 398 50 21 icke

95 434 88 21 arbetar
206 434 70 21 under
299 440 127 21 gynsamma
449 434 160 22 förhållanden.
640 434 44 22 Det
700 440 53 16 vore
769 433 75 22 derför

95 469 71 27 enligt
181 469 134 22 Ständernas
324 470 89 27 mening
424 470 93 28 obilligt,
532 472 32 19 att
575 476 78 21 genom
665 470 42 22 den
717 470 127 26 föreslagna

95 505 172 27 beskattningen
286 505 101 22 försvåra
404 506 127 22 existensen
547 506 35 22 för
598 506 72 22 denna
686 506 157 26 industrigren,

95 540 86 22 hvilket
203 542 142 26 naturligtvis
369 542 85 21 komme
479 544 32 20 att
534 542 46 28 ske,
606 548 34 15 om
667 548 27 16 en
713 542 62 22 skatt
791 543 53 20 mot-

95 577 108 21 svarande
219 577 93 27 ungefär
328 578 155 22 bruttovärdet
494 578 25 21 af
527 578 121 22 fabrikatet
660 578 101 27 plötsligt
771 578 73 21 skulle

93 612 84 23 införas
193 614 38 21 och
249 614 61 21 såväl
333 620 77 21 genom
426 614 105 23 behofvet
547 614 25 22 af
585 614 69 22 ökadt
673 614 171 27 rörelsekapital

94 649 35 21 för
145 649 100 22 skattens
269 650 131 27 reglerande
424 657 46 14 som
495 657 78 20 genom
597 651 101 21 minskad
721 649 123 27 afsättning

93 685 80 27 trycka
188 685 28 27 på
232 685 166 27 produktionen.

163 720 105 22 Förbises
284 721 44 21 kan
345 722 18 27 ej
380 722 78 27 heller,
477 724 34 20 att
526 723 27 21 de
572 722 135 28 detaljerade
722 722 122 27 reglemen-

94 757 85 21 tariska
195 756 148 28 föreskrifter,
360 758 178 26 accissystemets
557 757 115 22 införande
689 758 72 21 skulle
777 756 67 22 hafva

94 793 35 21 till
145 792 61 28 följd,
223 793 70 21 måste
308 793 132 27 ytterligare
457 794 97 27 betunga
570 794 71 21 denna
657 794 139 21 fabrikation.

164 829 40 21 Att
227 829 64 21 dessa
315 829 189 27 omständigheter
519 830 13 21 å
549 836 41 15 ena
606 830 63 21 sidan
690 830 72 21 skulle
778 828 66 22 fram-

94 864 61 22 kalla
177 864 212 28 lagöfverträdelser
405 865 40 21 och
462 866 13 21 å
491 866 69 21 andra
576 866 63 21 sidan
660 868 53 25 göra
729 866 43 21 den
788 865 57 27 höga

94 900 153 28 beräkningen
266 900 25 22 af
304 901 177 22 skatteintraden
505 902 84 21 mindre
614 902 72 27 säker,
711 901 86 22 oafsedt
812 902 33 20 att

95 936 124 22 densamma
235 936 66 22 äfven
318 937 84 21 komme
419 939 33 19 att
468 938 45 21 lida
529 939 33 20 ett
572 938 50 21 icke
632 938 124 27 obetydligt
767 936 79 28 afdrag

94 978 78 21 genom
195 972 70 28 dryga
287 972 226 29 kontrollkostnader,
536 974 64 21 torde
616 974 41 21 här
674 974 77 21 endast
767 973 77 27 antyd-

94 1008 101 27 ningsvis
210 1008 95 22 behöfva
321 1008 134 22 framhållas.

163 1043 32 22 På
210 1044 71 27 grund
297 1043 24 22 af
335 1044 37 22 det
387 1044 94 22 anförda
496 1045 23 22 få
535 1045 125 22 Ständerna
674 1045 8 21 i
697 1044 147 27 underdånig-

94 1080 38 21 het
148 1080 96 21 anmäla:

309 1141 32 20 att
356 1140 42 21 den
421 1141 84 27 nådiga
520 1141 164 27 propositionen
700 1140 44 22 icke
760 1140 86 21 kunnat

267 1175 26 27 af
307 1175 126 22 Ständerna
449 1177 99 27 antagas.

164 1234 108 23 Finlands
289 1235 95 22 Ständer
400 1235 127 22 framhärda
543 1238 39 20 etc.

164 1288 147 28 Helsingfors,
327 1289 43 22 den
386 1291 28 20 28
430 1290 44 27 Maj
495 1292 61 19 1891.
