1056 1700
214 152 12 20 6
400 150 29 22 U.
445 150 27 22 B.
489 163 27 2 —
532 150 74 28 Prop.
622 149 46 23 N:o
684 148 38 23 20.

185 213 179 27 Borgareståndet
384 212 32 22 för
438 213 30 21 sin
493 213 33 21 del
554 214 75 24 ansett,
653 214 23 20 är
692 218 25 15 en
739 212 149 26 anslagsfråga,
907 212 33 20 för

185 247 63 21 hvars
270 246 114 28 afgörande
400 247 106 21 erfordras
521 246 45 28 fyra
582 247 73 21 stånds
670 246 179 21 samstämmande
864 246 75 26 beslut,

184 283 54 19 trott
257 281 31 27 sig
310 281 58 24 böra,
388 281 67 21 ehuru
477 281 139 21 förenämnda
638 280 117 22 vinstandel
777 280 17 27 ej
819 280 80 21 kunnat
919 280 23 21 af

185 315 111 22 Utskottet
311 317 97 20 närmare
423 315 127 27 kalkyleras,
566 315 107 21 vördsamt
688 314 85 22 föreslå:

460 380 31 18 att
509 378 8 20 i
540 377 100 28 kalkylen
656 378 61 26 öfver
732 377 208 21 kommunikations-

387 412 97 27 Jondens
500 412 120 27 tillgångar
628 412 42 27 för
681 412 52 20 åren
744 412 116 20 1892—94
871 411 69 20 skulle

391 449 108 24 upptagas
517 446 107 27 följande
644 448 57 25 post:
723 445 28 27 ?/;
778 446 31 27 af
826 446 113 20 utminute-

390 481 72 26 rings-
484 480 36 21 och
544 479 252 28 utskänkninesbolagets
816 480 124 21 vinstmedel

391 515 42 26 Fig.
449 515 123 24 1,000,000.

255 578 9 20 I
279 577 100 21 händelse
395 577 59 21 detta
469 577 78 27 förslag
562 577 21 21 af
598 577 118 21 Ständerna
734 577 128 27 godkännes,
879 577 60 21 kom-

186 618 34 14 ma
236 611 140 27 tillgångarna
394 612 3 20 i
413 612 269 20 kommunikationsfonden
706 613 32 19 att
753 612 70 26 uppgå
839 611 31 21 till
886 611 53 20 Fmk

186 645 132 26 31,355,629:
341 646 24 20 21
390 646 38 20 och
452 645 39 21 den
514 646 135 26 kalkylerade
671 646 79 20 bristen
773 645 5 20 i
795 652 79 14 samma
889 644 50 22 fond

186 681 31 19 att
233 680 67 26 nedgå
316 680 32 20 till
372 680 52 20 Fmk
444 680 118 26 1,757,370:
579 680 26 20 79
621 682 54 18 samt
692 680 35 20 det
743 679 116 21 öfverskott
873 680 6 20 i
895 679 44 21 fon-

186 714 46 25 den,
249 714 67 24 som,
303 709 12 36 i
332 713 35 21 fall
383 714 349 26 lagmanstingsgästningsfondens
747 714 113 26 tillgångar
871 714 68 20 såsom

185 747 34 21 lån
244 748 31 20 till
298 748 121 21 densamma
441 748 121 26 öfverföras,
578 748 83 21 komme
680 750 32 19 att
727 748 77 26 uppstå
819 748 41 21 och
875 748 65 26 enligt

185 781 130 22 Ständernas
336 782 70 21 beslut
431 782 65 21 borde
521 788 119 15 reserveras
662 782 32 21 för
716 782 99 21 framtida
832 782 107 26 järnvägs-

185 815 129 27 byggnader,
332 818 31 19 att
378 816 54 27 stiga
447 816 32 21 till
494 816 54 21 Fmk
564 817 119 26 2,042,629:
699 817 34 20 21.

254 878 132 27 Helsingfors
402 879 39 21 den
457 880 26 20 26
499 879 40 27 maj
558 880 60 20 1891.

255 1484 75 25 Bihang
344 1485 30 17 till
386 1485 148 19 Statsutskottets
548 1485 115 18 betänkande
676 1485 34 18 N:o
725 1485 29 17 12.
