1056 1698
313 117 82 22 Ständ.
412 116 39 23 Sv.
467 130 27 3 —
511 117 74 28 Prop.
601 116 45 22 N:o
662 116 38 22 29.
841 118 11 19 3

130 178 83 27 ningen
229 177 74 22 blefve
317 177 164 28 jemförelsevis
497 177 66 22 enkel
579 177 40 22 och
634 177 71 27 billig,
717 177 29 21 då
756 176 128 27 respektive

131 214 254 21 brännerikontrollörer
402 215 53 20 utan
471 213 118 28 olägenhet
605 213 74 21 kunde
696 211 187 23 omhänderhafva

131 249 67 23 äfven
221 250 118 27 uppsigten
363 249 63 22 öfver
450 249 71 22 denna
545 249 139 22 fabrikation.
716 249 51 21 Men
788 249 13 20 ä
816 248 69 21 andra

131 286 64 21 sidan
216 286 43 21 kan
275 285 38 22 det
329 285 18 28 ej
365 285 102 28 förbises,
492 287 33 20 att
541 292 34 15 om
591 285 71 27 priset
677 285 13 21 &
706 285 72 21 denna
796 284 87 27 artikel,

132 328 45 15 som
202 324 58 19 ännu
282 322 57 21 blott
363 328 27 15 en
413 322 90 21 kortare
519 321 34 22 tid
568 321 60 22 varit
642 321 9 22 i
666 321 64 27 bruk,
747 320 7 21 i
770 320 44 27 hög
830 319 55 28 grad

132 358 73 21 skulle
228 359 94 26 stegras,
347 357 38 22 det
400 357 75 22 hlefve
490 357 43 22 lätt
549 359 33 20 att
597 357 79 27 återgå
691 357 35 20 till
743 355 142 27 användning

132 393 24 22 af
176 393 97 28 flytande
291 393 52 27 jäst,
366 393 94 22 hvilken
480 393 49 22 icke
546 395 25 19 är
586 392 128 27 beskattad;
736 392 40 21 och
793 391 92 22 sålunda

131 429 75 22 blefve
221 429 125 22 inkomsten
363 429 24 21 af
401 429 86 22 accisen
502 429 13 21 å
530 429 110 27 pressjäst
655 427 36 22 för
707 430 73 19 staten
796 427 25 21 af
832 433 52 21 gan-

132 465 41 22 ska
188 465 64 28 ringa
267 465 102 22 fiskalisk
384 465 121 28 betydelse.

203 501 51 22 Med
277 501 120 28 anledning
419 501 25 22 af
457 501 59 22 hvad
532 501 66 22 ofvan
613 501 92 27 anförts,
722 500 24 22 få
762 499 123 22 Ständerna

132 537 8 22 i
155 537 177 27 underdånighet
347 537 92 28 anmäla,

347 604 32 20 att
399 603 42 21 den
465 602 82 29 nådiga
559 602 163 28 propositionen
738 601 45 22 icke
799 601 86 22 kunnat

276 638 27 27 af
316 638 125 22 Ständerna
459 641 99 26 antagas.

205 699 108 21 Finlands
329 698 96 23 Ständer
441 698 127 22 framhärda
584 700 40 20 etc.

205 758 148 28 Helsingfors,
371 759 42 21 den
430 760 28 20 28
474 759 44 27 Maj
537 761 63 19 1891.
