1059 1700
314 153 29 22 U.
358 153 27 21 B.
403 166 24 2 —
444 153 73 27 Prop.
533 153 43 22 N:o
591 152 36 22 27.
850 154 13 20 3

110 216 133 22 fortfarande
269 216 112 22 betraktas
407 216 72 21 såsom
503 216 40 22 den
565 216 33 22 för
620 216 167 26 Kejsaredömet
810 216 57 20 mest

111 250 101 28 lämpliga
232 250 53 22 form
309 251 22 21 af
352 251 145 26 tobaksskatt,
520 250 67 27 något
609 256 46 16 som
679 250 61 22 torde
757 250 62 21 hafva
835 249 32 21 sin

110 285 70 27 grund
197 286 18 26 ej
231 286 57 21 blott
304 286 51 26 deri,
373 287 32 19 att
420 285 108 27 Ryssland
545 287 24 19 är
585 286 32 20 ett
627 284 172 22 tobaksodlande
809 284 57 25 land,

111 321 53 19 utan
181 320 60 21 äfven
257 320 7 21 i
280 320 42 21 den
338 320 195 26 omständigheten,
543 321 34 19 att
592 318 219 28 accislagstiftningen
823 320 44 19 rät-

111 356 43 19 tats
171 354 54 21 efter
241 354 26 22 de
283 354 6 21 i
305 354 73 22 landet
393 354 95 21 rådande
497 354 160 21 konsumtions-
667 354 39 21 och
715 353 152 27 produktions-

110 388 171 22 förhållandena.

183 423 94 21 Härmed
294 424 24 20 är
333 422 120 22 emellertid
469 422 47 22 icke
531 422 136 27 ådagalagdt,
677 424 33 19 att
717 428 82 15 samma
808 422 59 21 stad-

112 458 83 26 ganden
211 464 50 15 vore
276 457 101 27 lämpliga
393 457 55 21 eller
464 463 37 15 ens
517 457 88 27 möjliga
620 456 33 22 för
668 456 95 25 Finland,
780 456 88 22 hvarest

112 491 227 23 naturförhållandena
355 491 39 21 och
410 491 79 21 folkets
506 490 152 22 lefnadsvanor
673 491 6 21 i
691 491 120 27 väsendtlig
819 496 49 16 mon

112 526 71 22 afvika
205 526 46 21 från
274 526 26 21 de
319 526 6 21 i
340 526 167 27 Kejsaredömet
529 525 102 22 rådande.
669 526 98 21 Fastmer
791 525 78 22 skall
859 521 14 36 i

112 560 52 28 följd
179 560 22 22 af
215 561 68 21 denna
306 560 60 28 djupt
390 560 77 22 rotade
490 560 82 21 olikhet
595 566 25 15 en
643 560 129 21 härutinnan
794 559 75 22 afsedd

113 596 222 22 öfverensstämmelse
362 595 49 22 med
441 595 121 27 Rysslands
592 594 148 22 förhållanden
767 595 102 26 antingen

112 631 89 21 alldeles
217 631 46 20 icke
280 630 51 21 eller
342 630 57 21 blott
408 629 103 22 skenbart
519 629 72 21 kuuna
599 629 142 26 genomföras,
750 629 28 27 på
787 635 82 15 samma

113 665 57 27 gång
185 665 99 20 Finlands
300 664 44 21 folk
366 663 71 22 skulle
455 663 143 22 underkastas
621 663 90 26 pålagor
733 663 41 21 och
795 663 74 20 umbä-

113 699 88 26 randen,
218 699 71 21 hvilka
305 699 105 21 särskildt
425 697 33 22 för
474 698 26 21 de
509 697 102 26 fattigare
621 698 111 21 klasserna
740 697 71 22 blefve
822 703 47 21 syn-

113 734 94 26 nerligen
224 733 143 27 betungande.

185 768 32 21 En
233 767 130 27 granskning
386 767 23 21 af
430 767 157 21 tariftsatserna
603 767 6 20 i
625 767 11 26 $
653 768 11 19 5
685 766 23 22 af
729 767 40 22 den
792 767 78 27 nådiga

114 802 159 27 propositionen
290 804 23 19 är
328 802 67 21 redan
419 802 69 26 egnad
512 803 33 20 att
567 801 122 27 tydliggöra
711 801 41 22 den
775 808 41 20 nya
834 801 36 21 be-

114 837 148 26 skattningens
277 836 135 21 förhållande
434 836 33 21 till
483 836 41 21 den
532 836 59 21 förut
599 836 130 27 tillämpade,
739 835 40 22 och
791 835 79 27 ådaga-

114 871 74 27 lägger
209 871 28 27 på
260 877 80 15 samma
364 871 66 26 gång,
447 872 33 19 att
495 870 174 27 propositionens
692 870 134 27 stadganden
842 882 28 3 —

114 906 69 21 under
204 905 153 27 förutsättning
380 907 32 19 att
434 905 131 27 produktion
589 905 40 21 och
644 905 139 21 konsumtion
799 905 71 21 bletve

115 940 158 22 oförminskade
291 953 22 2 —
331 940 84 21 komme
440 941 33 20 att
495 939 49 22 med
561 939 102 21 afseende
679 939 12 20 å
706 938 165 27 ifrågavarande

115 975 76 21 artikel
206 974 96 22 medföra
319 981 26 15 en
361 974 96 27 betydlig
474 974 39 21 och
531 974 135 27 synnerligen
678 973 80 28 ojemnt
773 973 98 22 fördelad

115 1008 200 28 skatteförhöjning.

187 1043 41 21 För
243 1046 33 18 att
294 1043 3 21 i
313 1043 70 27 någon
399 1049 49 15 mon
471 1043 102 26 klargöra
596 1043 111 20 skilnaden
723 1042 90 21 emellan
831 1041 41 21 den

115 1078 33 22 för
162 1078 133 21 närvarande
311 1078 31 21 uti
358 1078 40 21 tull
415 1078 38 21 och
464 1077 115 27 bevillning
590 1077 107 27 utgående
706 1077 166 21 tobaksskatten

116 1114 38 20 och
170 1113 40 21 den
226 1112 121 27 föreslagna
370 1112 92 25 accisen,
487 1112 40 21 har
542 1111 115 22 Utskottet
677 1111 101 28 uppgjort
793 1110 79 22 nedan-

116 1148 90 21 stående
222 1148 64 21 tabell
302 1147 59 22 öfver
378 1146 101 27 afgiftens
494 1146 77 27 belopp
584 1146 60 22 såväl
655 1146 66 26 enligt
732 1153 29 14 nu
772 1145 100 27 gällande

116 1188 46 15 som
177 1182 41 21 ock
229 1182 66 26 enligt
306 1182 27 21 de
344 1182 7 20 i
359 1181 166 27 propositionen
535 1180 124 27 föreslagna
669 1180 154 27 stadgandena,
833 1179 40 21 och

115 1216 40 22 har
164 1216 113 22 Utskottet
292 1216 75 21 härvid
386 1215 63 22 äfven
465 1215 46 21 haft
522 1218 32 18 att
563 1215 64 21 stöda
636 1215 33 27 sig
676 1215 29 27 på
712 1215 93 26 benäget
813 1213 59 22 med-

116 1250 76 22 delade
207 1252 52 20 nära
273 1256 42 21 nog
338 1250 162 26 samstämmiga
523 1248 110 28 uppgifter
653 1249 22 21 af
690 1251 78 19 tvenne
783 1248 24 22 af
819 1248 54 21 våra

116 1286 81 21 största
219 1284 178 22 tobaksfabriker.
435 1284 44 22 Det
502 1284 101 27 erbjuder
625 1283 39 23 väl
678 1283 70 27 någon
765 1282 110 26 svårighet

116 1321 32 19 att
163 1319 32 22 för
211 1320 26 20 de
253 1319 31 21 uti
307 1319 173 27 propositionens
504 1318 59 22 tariff
583 1319 110 25 upptagna
713 1317 58 21 olika
785 1316 88 22 tobaks-

116 1356 99 19 sorterna
237 1354 72 20 kunna
331 1353 57 21 finna
411 1353 38 21 full
476 1352 156 27 motsvarighet
659 1352 32 21 till
719 1352 26 21 de
768 1352 7 20 i
800 1351 75 21 landet

116 1388 173 21 förekommande
305 1387 152 27 fabrikaterna,
474 1393 49 15 men
539 1386 62 22 torde
621 1392 48 15 man
685 1387 51 20 utan
746 1385 47 22 fara
801 1384 32 22 för
841 1386 34 20 att

116 1422 102 27 misstaga
241 1422 33 27 sig
298 1422 74 21 kunna
395 1421 163 22 sammanställa
580 1420 69 22 finska
671 1420 118 21 fabrikater
804 1419 23 21 af
841 1421 34 19 ut-

185 1472 216 23 Bevillningsutskottets
415 1472 118 18 betänkande
545 1472 38 18 N:o
595 1472 18 16 5.
