1059 1698
254 123 11 19 6
405 121 82 23 Ständ.
505 122 38 22 Sv.
561 136 27 2 —
605 123 74 28 Prop.
695 123 45 22 N:o
756 123 34 22 17.

573 196 47 28 98.

270 260 2 2 -
293 242 115 22 Guvernör
431 243 135 22 tillkommer
587 246 39 25 att,
648 243 34 22 för
703 244 119 27 uppsigten
843 244 62 22 öfver
927 244 44 21 till

221 279 138 27 verkningen
375 278 25 22 af
413 280 158 26 maltdrycker,
588 280 58 21 inom
662 280 60 21 länct
738 280 96 21 tillsätta
847 280 77 27 nödigt
934 286 37 15 an-

220 314 32 21 tal
273 314 148 22 kontrollöror
442 318 57 18 samt
520 317 33 19 att
574 316 123 21 kontrollör
713 316 50 21 från
780 316 50 21 dess
847 316 125 27 befattning

220 350 72 27 skilja.

291 386 128 22 Kontrollör
437 387 45 21 kan
502 388 116 21 förordnas
634 389 33 20 att
682 388 28 26 pä
728 394 25 15 en
771 388 59 26 gäng
846 388 125 21 handhafva

219 422 125 22 kontrollen
365 423 37 21 vid
423 423 53 22 flerc
496 424 136 26 närbelägna
648 424 132 27 bryggerier
796 424 39 21 och
851 424 97 26 åtnjuter
963 424 8 21 i

219 458 81 21 arvode
312 458 43 22 fom
368 459 64 26 penni
444 459 34 21 för
489 459 77 27 hvarje
578 460 29 20 tio
619 460 107 27 kilogram
738 460 60 26 malt,
809 466 43 15 som
862 460 108 21 användts

219 494 7 20 i
249 493 27 21 de
298 494 68 21 under
388 495 55 21 hans
466 496 90 26 uppsigt
577 496 97 22 varande
690 496 138 26 bryggerier,
846 496 58 21 intill
920 496 50 21 dess

219 530 162 27 sammanlagda
404 532 104 26 beloppet
531 532 70 21 under
625 534 33 19 ctt
680 532 26 21 är
727 532 86 27 uppgår
834 532 33 21 till
889 533 81 26 42,500

218 566 114 27 kilogram,
354 569 56 19 samt
426 568 38 20 tvä
480 568 40 21 och
536 574 26 15 en
580 568 49 21 half
642 568 66 26 penni
725 567 35 21 för
776 567 77 27 hvarje
869 568 29 21 tio
915 568 54 21 kilo-

218 608 61 20 gram
296 602 133 22 derutöfver.

290 638 49 21 Kan
355 638 91 29 lämplig
462 640 122 21 kontrollör
601 641 57 20 emot
674 639 142 22 förestäende
829 639 80 22 arvode
920 639 49 21 icke

218 674 103 26 erhållas,
344 675 114 21 ankomme
483 676 13 20 &
512 675 108 22 Senatens
636 675 275 27 Ekonomiedepartement
929 677 39 25 att,

218 710 28 26 pä
264 710 164 22 vederbörande
445 711 128 22 Guvernörs
585 712 170 27 framställning,
768 711 93 27 tillägga
872 711 96 21 kontrol-

217 745 35 21 lör
268 746 95 22 särskild
381 747 131 27 ersättning.

562 801 54 24 10
600 797 18 36 &

288 848 128 22 Kontrollör
428 849 86 27 äligger
524 851 40 26 att,
577 849 78 22 medan
663 849 147 27 tillverkning
819 849 75 27 pägär,
903 848 67 22 minst

216 886 83 19 tvenne
314 885 85 26 gänger
415 885 6 21 i
438 885 108 22 mänaden
561 885 83 22 besöka
660 885 112 27 bryggeri,
786 885 119 22 hvaröfver
916 891 53 20 upp-

217 919 73 28 sigten
312 919 75 23 blifvit
407 921 78 22 honom
502 921 135 27 anförtrodd,
654 923 33 19 att
703 921 79 22 dervid
798 921 67 21 afläsa
881 921 38 21 och
937 921 32 26 ju-

217 957 60 20 stora
293 956 153 22 maltmätaren
463 957 61 27 eller,
541 957 7 20 i
566 957 37 21 det
618 957 33 21 uti
668 959 11 19 7
703 957 6 28 $
724 963 62 15 mom.
799 959 11 19 3
822 956 90 27 angifna
924 956 45 27 fall,

216 991 59 22 efter
291 998 71 15 annan
379 992 149 22 föreskrifven
546 993 72 26 grund
633 994 79 20 utröna
728 993 41 21 den
785 993 110 26 gvantitet
908 993 59 25 malt,

216 1033 46 15 som
280 1027 66 22 sedan
362 1028 187 27 nästföregäende
565 1029 69 21 besök
650 1029 106 27 skrotats,
772 1030 32 20 att
816 1029 108 21 anteckna
934 1035 34 14 re-

216 1063 92 22 sultatet
324 1063 113 22 äfvensom
452 1065 60 21 tiden
530 1065 34 21 för
580 1065 93 21 besöket
688 1065 6 20 i
707 1065 43 21 don
758 1065 89 26 jemlikt
858 1066 12 19 8
884 1064 11 28 $
906 1063 64 22 förda

213 1099 94 27 journal,
330 1102 32 19 att
384 1100 48 21 föra
453 1102 33 20 ett
505 1101 51 21 kort
575 1101 117 27 protokoll,
708 1100 157 21 innehållande
881 1101 88 20 anteck-

215 1135 55 27 ning
286 1135 74 22 derom
376 1135 113 22 äfvensom
505 1137 95 21 rörande
617 1136 27 22 de
660 1137 105 27 åtgärder
777 1136 39 21 och
828 1136 140 21 anmärknin-

215 1177 47 21 gar,
279 1171 91 22 hvartill
386 1172 124 21 kontrollör
523 1173 104 26 möjligen
639 1173 72 21 funnit
723 1173 35 26 sig
769 1172 131 27 föranlåten,
913 1174 56 19 samt

215 1209 33 19 att
269 1206 35 22 för
323 1207 68 28 öfrigt
407 1208 66 27 tillse,
491 1210 33 19 att
539 1208 172 22 föreskrifterna
727 1209 7 20 i
751 1208 71 21 denna
839 1208 129 27 förordning

215 1243 135 22 ofterlefvas.

560 1299 24 19 11
602 1297 18 28 &.

287 1345 45 20 För
351 1345 77 27 hvarje
444 1346 87 25 gvartal
548 1346 58 21 skall
622 1345 152 22 kontrollören
791 1345 56 21 inom
865 1345 35 21 tvä
919 1351 48 15 vec-

214 1380 42 21 kor
274 1379 58 22 efter
348 1381 51 21 dess
416 1381 83 27 utgång
515 1381 35 22 till
566 1381 145 22 Guvernören
728 1381 6 20 i
751 1381 61 21 länet
828 1381 92 21 insända
936 1381 31 21 af-

214 1416 69 21 skrift
298 1416 25 21 af
337 1416 42 21 den
395 1417 38 21 vid
449 1417 129 27 bryggeriet
592 1417 64 21 förda
664 1417 87 26 journal
763 1418 57 20 samt
831 1417 73 21 tillika
914 1423 54 20 upp-
