1061 1700
406 131 54 23 N:o
477 131 53 23 26.

298 400 69 25 Hans
394 400 166 32 Kejserliga
586 400 150 31 Majestäts
764 399 81 31 nädiga

230 446 136 33 proposition
385 446 35 24 till
438 446 103 24 Finlands
560 446 101 31 Ständer,
680 445 114 31 angäende
810 447 35 22 ut-

229 492 131 30 sträckning
376 492 26 24 af
414 491 137 32 Helsingfors
564 491 227 24 —Tavastehus—$:t
803 490 42 25 Pe-

229 538 106 31 tersburg
357 538 99 31 jernväg
480 537 33 25 till
535 537 141 32 Helsingfors
699 537 60 24 stads
778 536 67 24 södra

228 584 71 24 hamn.

163 645 10 21 I
189 645 40 21 den
245 651 49 14 mon
307 643 194 28 jernvägstrafiken
517 645 56 20 samt
589 643 92 22 handeln
702 644 38 21 och
756 644 89 26 skepps-

90 679 71 21 farten
184 679 48 21 med
247 678 133 27 Helsingfors
403 678 108 21 utvecklat
527 678 37 27 sig,
581 678 39 21 har
635 677 98 22 behofvet
749 678 60 21 såväl
824 677 24 21 af

91 720 26 15 en
141 714 70 21 direkt
231 712 231 28 jernvägsförbindelse
485 713 89 20 emellan
597 713 87 20 stadens
700 713 90 20 hamnar
806 712 39 21 och

91 748 84 21 landets
195 749 140 26 jernvägsnät
358 753 46 15 som
427 747 39 20 ock
493 747 22 20 af
528 753 41 20 nya
585 747 116 26 utvidgade
716 747 74 20 hamn-
806 746 39 21 och

91 782 192 27 kajanläggningar
299 783 55 19 samt
368 781 174 26 upplagsplatser
557 782 56 26 gjort
630 781 31 27 sig
676 781 104 26 gällande.
806 780 40 21 Ge-

91 823 50 14 nom
164 817 40 20 den
227 816 32 21 till
282 815 79 22 Sörnäs
379 815 140 27 lastageplats
535 816 91 21 ledande
641 815 92 21 bibanan
749 815 40 21 har
804 815 42 21 vis-

91 851 92 26 serligen
202 852 102 25 exporten
321 850 22 21 af
356 851 99 20 trävaror
470 850 7 20 i
492 850 120 27 väsendtlig
627 856 49 15 mon
693 850 152 24 underlättats,

91 891 47 15 men
163 885 27 20 dä
206 885 70 20 denna
291 885 56 26 plats
363 891 76 20 genom
455 884 32 21 sin
504 884 129 27 aflägsenhet
650 884 47 21 frän
714 885 75 20 staden
807 883 37 21 och

92 919 39 21 sitt
147 920 78 26 tränga
239 921 106 24 utrymme
360 919 45 20 icke
421 919 42 20 kan
480 920 96 25 upptaga
592 925 71 14 annan
674 917 126 27 varutrafik,
812 924 33 20 sy-

91 959 38 15 nes
152 953 46 21 icke
219 953 67 21 heller
308 953 94 20 nämnda
420 953 80 20 bibana
515 953 75 20 kunna
605 954 109 19 motsvara
730 959 25 14 en
771 953 75 20 hamn-

91 987 58 21 bana
163 987 33 21 för
211 987 165 21 hufvudstaden.

163 1021 49 21 Med
233 1021 122 22 beaktande
378 1021 64 21 häraf
462 1021 63 21 hafva
549 1020 61 21 äfven
626 1021 220 26 Stadsfullmäktige
834 1016 15 36 i

90 1055 135 28 Helsingfors
247 1056 35 21 vid
305 1056 140 27 uppgörande
472 1055 23 21 af
515 1055 103 27 förslaget
640 1055 32 20 till
695 1062 28 14 nu
747 1055 99 27 gällande

91 1090 120 27 stadsplan,
227 1090 69 21 under
310 1089 158 27 förutsättning
483 1091 33 19 att
532 1096 26 14 en
573 1089 122 21 hamnbana
713 1089 85 21 komme
814 1090 33 19 att

91 1125 59 21 ledas
166 1125 32 21 till
213 1124 126 22 Skatudden
353 1124 36 21 vid
404 1124 88 21 stadens
503 1124 65 21 södra
578 1124 70 26 hamn,
660 1123 186 27 hufvudsakligast

91 1159 33 21 för
147 1159 103 21 handelns
274 1160 38 20 och
330 1158 102 22 trafikens
451 1158 66 22 behof
529 1160 120 20 reserverat
665 1159 70 21 denna
751 1158 96 21 stadsdel

92 1195 57 19 samt
163 1194 7 20 i
185 1194 80 20 sädant
280 1193 99 21 afseende
395 1193 111 21 derstädes
522 1193 129 26 undantagit
667 1192 135 27 erforderligt
813 1194 34 19 ut-

92 1234 81 21 rymme
195 1228 60 21 säväl
277 1228 34 21 för
323 1228 153 27 jernvägsspär
493 1229 55 19 samt
564 1228 78 26 nödiga
657 1227 74 21 hamn-
747 1227 39 21 och
802 1227 45 27 kaj-

92 1263 155 27 anläggningar
263 1269 45 15 som
324 1263 38 20 ock
377 1262 33 21 för
425 1262 135 27 uppförande
576 1262 23 20 af
614 1263 49 25 nytt
673 1262 49 20 tull-
733 1262 39 20 och
783 1262 65 26 pack-

91 1298 41 21 hus
156 1299 55 20 samt
235 1297 240 27 nederlagsmagasiner,
500 1297 66 27 jemte
590 1297 36 20 det
649 1296 199 26 Stadsfullmäktige

91 1332 71 20 tillika
184 1331 91 21 anhällit
298 1332 33 20 att
346 1331 94 21 nämnda
455 1331 122 21 hamnbana
592 1332 74 24 mätte,
683 1331 46 20 med
747 1330 6 21 i
769 1330 79 21 sädant

91 1366 100 21 afseende
207 1365 22 21 af
243 1365 197 27 Stadsfullmäktige
456 1365 106 21 utlofvadt
572 1365 82 27 bidrag,
666 1366 28 25 pä
704 1364 144 22 statsverkets

90 1400 122 21 bekostnad
238 1399 83 22 utföras
337 1401 55 19 samt
407 1399 59 21 ledas
482 1399 48 21 från
546 1399 51 21 Tölö
610 1399 160 27 jernvägsbank
785 1398 63 26 längs

91 1434 103 21 stranden
211 1434 23 21 af
248 1434 130 21 Kaisaniemi
394 1434 55 26 park
466 1434 38 20 och
519 1434 119 20 Botaniska
650 1434 131 26 trädgården
793 1434 56 20 samt
