1031 1692
297 140 29 23 U.
342 141 28 21 B.
386 153 28 3 —
429 141 73 27 Prop.
518 141 42 22 N:o
577 140 35 23 17.

358 552 283 28 Bevillningsutskottets
649 551 145 22 hemställan
802 557 38 16 om

292 587 122 22 förstärkt
428 586 244 28 Bevillningsutskott
688 586 8 21 i
711 585 71 28 fråga
802 591 38 16 om

290 621 130 28 bevillning
426 621 40 22 för
472 621 158 28 tillverkning
635 621 28 22 af
668 620 172 27 maltdrycker.

155 692 71 21 Sedan
252 691 66 27 enligt
344 691 113 22 Utskottet
486 691 127 21 meddelade
642 689 200 28 protokollsutdrag

87 725 205 28 sammanjemkning
307 725 48 22 icke
371 725 81 22 kunnat
468 725 74 22 vinnas
558 725 134 22 beträffande
707 725 77 26 nådiga
794 730 47 21 pro-

86 761 122 27 positionen
232 766 34 16 om
289 760 116 27 bevillning
427 759 33 23 för
486 759 136 27 tillverkning
648 759 22 21 af
692 759 150 27 maltdrycker,

87 795 6 21 i
110 795 36 22 det

156 834 186 27 Borgareständet
363 834 48 22 icke
426 834 95 26 frängätt
540 834 38 21 sitt
593 834 78 26 beslut,
688 836 32 18 att
736 835 11 23 $
762 835 12 18 4
790 833 53 21 ifrän

88 869 140 27 lagförslaget
243 869 69 21 skulle
328 869 52 27 utgä
389 868 39 22 och
437 868 111 27 ingressen
558 868 81 22 erhälla
648 868 94 27 följande
752 867 90 28 lydelse:

88 922 4 8 ,
95 906 40 24 att
150 903 101 22 Finlands
268 903 98 27 Ständer,
382 904 68 20 under
464 903 155 27 förutsättning
635 904 32 20 att
682 902 59 22 Hans
757 902 87 26 Kejser-

88 939 43 25 liga
147 938 103 27 Majestät
269 938 31 21 för
316 938 152 27 maltdrycker,
492 944 45 15 som
553 938 31 21 till
600 938 74 21 landet
688 936 86 26 införas,
791 936 54 21 fast-

89 973 74 21 ställer
186 972 67 22 sädan
276 972 157 27 införselafgift,
450 973 33 20 att
499 972 40 21 den
555 972 112 21 inhemska
683 970 161 27 tillverkningen

88 1007 49 21 fullt
160 1006 145 25 säkerställes,
328 1006 50 22 ville
401 1006 31 22 för
455 1006 32 21 sin
511 1006 34 21 del
568 1008 80 25 antaga
671 1012 25 15 en
714 1006 24 21 sä
754 1005 92 27 lydande

89 1041 144 27 förordning",

158 1080 109 22 äfvensom
282 1080 164 22 Bondeståndet
460 1080 132 22 fortfarande
608 1080 97 22 vidhållit
721 1080 39 21 sitt
768 1079 78 26 beslut,

90 1117 32 20 att
138 1115 175 27 skattebeloppet
335 1115 67 21 borde
422 1116 78 26 utgöra
515 1115 43 27 ay
574 1115 18 21 1:
610 1116 26 20 50
652 1114 33 22 för
702 1116 25 19 10
743 1114 103 26 kilogram

91 1150 57 26 malt,

159 1194 33 22 får
215 1195 113 21 Utskottet
348 1195 85 27 jemlikt
455 1196 13 26 &
485 1197 25 20 72
527 1195 6 21 i
549 1195 22 21 L.
588 1195 24 21 O.
630 1194 88 22 härmed
741 1200 108 21 uppmana

91 1230 84 22 landets
199 1229 115 28 höglofliga
336 1230 94 22 Ständer
452 1232 34 19 att
508 1230 130 22 öfverlemna
659 1229 66 21 saken
741 1229 31 21 till
789 1228 59 27 afgö-

91 1265 65 21 rande
175 1264 23 21 åt
220 1264 247 27 Bevillningsutskottet,
488 1264 100 22 förökadt
604 1264 31 21 till
652 1264 77 21 sådant
744 1263 59 22 antal
818 1263 31 21 le-

92 1300 102 25 damöter,
212 1305 45 16 som
273 1299 6 21 i
296 1301 26 19 74
338 1300 13 26 &
366 1299 23 22 L.
402 1299 24 22 O.
438 1300 136 21 bestämmes.

160 1339 58 22 Enär
234 1341 32 20 tre
282 1339 68 22 Ständ
366 1339 88 27 beviljat
479 1339 141 22 maltskatten
643 1340 51 20 utan
718 1338 68 21 vilkor
809 1337 39 22 och

93 1375 32 21 ett
140 1374 66 21 Stånd
223 1373 116 27 vilkorligt,
355 1373 33 22 får
402 1374 114 21 Utskottet
538 1373 32 22 till
590 1373 106 21 Ständens
719 1372 131 27 granskning

93 1409 40 21 och
148 1408 156 27 godkännande
326 1408 110 22 vördsamt
450 1408 80 22 föreslä
545 1407 93 28 följande
655 1407 196 26 omröstningspro-

93 1443 124 27 positioner:
