1034 1698
319 151 29 22 U.
363 151 28 22 B.
407 163 27 3 —
450 151 75 28 Prop.
540 151 46 22 N:o
601 151 37 22 21.
815 152 12 20 5

167 213 41 20 Till
218 213 164 28 förebyggande
391 214 25 21 af
424 221 28 14 en
462 214 66 27 dylik,
539 215 7 21 i
556 214 241 27 författningsförslaget
807 221 50 19 syn-

99 247 96 27 barligen
204 247 47 21 icke
261 247 101 22 förutsatt
373 248 111 27 möjlighet
495 248 38 21 har
544 248 73 21 därför
625 252 62 23 synts
699 248 53 21 böra
762 247 95 27 uttryck-

100 281 56 27 ligen
172 282 95 27 stadgas,
284 285 32 18 att
330 282 164 28 verkställighet
509 282 24 21 af
546 282 107 22 domstols
672 283 3 20 i
690 282 168 27 Kejsaredömet

101 315 51 21 dom
172 315 48 21 icke
235 317 35 19 mä
292 315 88 27 beviljas
395 319 59 18 emot
469 316 55 21 finsk
545 317 151 26 medborgare,
720 323 48 15 som
787 317 50 20 bort

101 350 66 20 saken
188 349 65 22 sökas
268 350 37 22 vid
320 349 54 22 finsk
388 350 102 26 domstol,
514 357 37 14 om
565 351 44 21 han
624 351 69 21 blifvit
709 351 72 20 säsom
803 351 56 20 frän-

100 384 95 21 varande
210 384 73 25 dömd,
300 387 50 18 utan
366 387 32 18 att
413 385 42 20 han
470 385 36 20 vid
522 385 59 21 tiden
599 385 33 20 för
647 385 78 21 sakens
741 385 118 26 anhängig-

102 418 96 27 görande
220 425 38 14 ens
273 419 77 20 vistats
365 420 7 19 i
394 419 172 26 Kejsaredömet,
590 419 42 21 och
649 419 62 21 detta
726 420 24 20 sä
771 418 88 27 mycket

101 452 66 21 hellre
185 459 47 14 som
247 452 129 27 pröfningen
391 453 24 20 af
427 453 96 22 ansökan
541 460 37 13 om
593 453 60 27 dylik
667 453 170 27 verkställighet,
853 457 7 20 i

102 487 95 27 enlighet
204 487 50 21 med
263 487 41 21 den
312 488 7 20 i
329 487 90 21 Finland
427 487 100 27 gällande
537 487 148 27 anordningen
693 487 26 21 af
725 487 135 27 utsöknings-

102 521 105 21 väsendet
222 521 87 21 komme
324 524 32 18 att
371 521 141 25 handhafvas,
529 521 47 21 icke
591 522 74 20 säsom
679 522 142 20 annorstädes
837 521 23 20 är

103 555 64 27 regel,
191 555 24 21 af
228 555 101 25 domstol,
345 559 51 17 utan
411 556 25 20 af
448 562 26 14 en
493 556 157 20 administrativ
664 556 134 27 myndighet,
822 562 39 20 gu-

103 589 110 21 vernören.
244 589 85 21 Genom
351 590 97 26 antydda
470 590 137 26 bestämning
623 589 67 21 skulle
709 590 152 26 förordningen

103 624 47 21 icke
172 623 66 21 heller
253 623 79 21 förlora
348 625 6 19 i
369 623 98 27 praktisk
484 624 121 26 betydelse,
630 624 28 20 dä
673 624 188 27 utsökningsmyn-

104 658 102 27 digheten
216 665 80 19 genom
308 658 125 21 densamma
446 658 47 21 icke
503 658 72 20 blefve
586 658 76 27 tillagd
674 659 73 26 nägon
757 658 104 26 befogen-

103 692 38 20 het
151 695 32 18 att
191 694 6 18 i
206 692 115 21 allmänhet
330 693 50 26 ingå
395 694 5 19 i
414 692 100 27 pröfning
527 692 25 20 af
557 692 42 21 den
608 692 106 21 domstols
725 691 134 27 behörighet,

104 733 47 15 som
160 726 60 21 dömt
229 728 6 19 i
242 726 72 25 saken,
326 730 50 17 utan
385 727 76 20 endast
472 726 57 27 egde
539 729 33 18 att
582 728 6 19 i
599 733 57 20 noga
667 726 136 27 begränsade
811 725 50 25 och,

105 760 66 27 enligt
192 760 58 21 hvad
268 760 73 21 säkert
356 760 42 21 kan
414 764 96 23 antagas,
537 760 67 20 sällan
625 760 177 21 förekommande
826 759 37 22 fall

104 794 62 25 tillse,
183 794 103 20 huruvida
302 794 47 21 icke
364 794 65 22 målet
445 794 67 28 enligt
527 794 54 22 finsk
596 794 36 27 lag
643 794 50 21 bort
707 794 37 21 vid
767 793 95 21 domstol

105 828 39 20 här
158 830 7 18 i
180 828 73 21 landet
268 832 116 24 upptagas.

176 863 9 20 I
201 862 65 27 öfrigt
276 863 38 20 har
327 863 121 25 Utskottet,
460 863 144 22 fasthållande
616 863 176 21 önskvärdheten
804 862 25 21 af
835 869 28 14 en

106 897 71 21 såvidt
192 897 83 26 möjligt
289 897 125 28 fullständig
428 897 157 27 ömsesidighet
595 898 29 27 på
637 897 60 22 detta
708 897 155 27 lagstiftnings-

106 931 60 27 gebit
182 931 90 22 emellan
287 932 208 21 Storfurstendömet
508 932 42 20 och
566 932 173 26 Kejsaredömet,
753 930 110 22 inskränkt

107 966 33 26 sig
155 965 31 21 till
201 968 33 19 att
248 967 6 21 i
269 966 241 27 författningsförslaget
529 966 54 27 göra
598 966 67 27 några
680 966 82 22 mindre
777 966 87 20 väsent-

107 999 43 27 liga
165 999 115 27 ändringar
295 1000 42 20 och
352 1000 82 26 tillägg,
444 1000 32 21 till
490 1000 81 21 största
589 1000 63 21 delen
663 1000 90 21 afsedda
764 999 57 22 blott
831 1002 33 18 att

108 1033 116 27 förtydliga
236 1034 104 22 särskilda
350 1034 25 20 af
383 1034 27 21 de
421 1035 6 19 i
438 1034 104 27 förslaget
553 1034 106 26 ingående
667 1034 196 26 bestämningarna.

179 1068 58 21 Enär
252 1069 6 20 i
274 1068 166 27 Kejsaredömet
454 1068 155 22 handelssaker
624 1069 13 20 å
652 1076 26 13 en
694 1068 35 21 del
741 1071 56 18 orter
808 1074 56 20 upp-

106 1106 64 23 tagas
192 1102 42 20 och
253 1102 98 22 afdömas
373 1103 37 20 vid
432 1102 79 22 enkom
534 1102 32 22 för
589 1102 81 22 sådana
692 1102 43 21 mål
756 1102 108 22 inrättade

107 1136 217 26 handelsdomstolar,
348 1136 45 25 bör,
416 1136 33 22 för
464 1136 120 27 tydlighets
599 1136 61 25 skull,
676 1138 6 19 i
700 1142 7 16 I
726 1136 13 28 &
754 1136 111 26 uttrycket

107 1186 5 8 v
114 1170 102 25 domstol,
239 1177 45 14 som
306 1178 50 19 eger
376 1173 33 19 att
430 1170 65 22 döma
514 1170 10 21 i
539 1171 114 20 allmänna
673 1170 112 21 tvistemål
805 1170 37 21 och
857 1170 10 20 i

107 1204 167 21 handelssaker"
288 1205 78 20 ändras
379 1206 25 20 så
414 1208 32 18 att
458 1205 63 21 ordet
532 1207 64 23 ,,och"
608 1205 88 26 utbytes
708 1208 59 18 emot
778 1204 86 26 ,,eller."

107 1238 112 27 Därjämte
243 1238 38 21 har
307 1239 42 20 den
372 1240 101 26 negativa
496 1239 142 27 affattningen
661 1239 24 21 af
704 1238 133 28 stadgandet
859 1239 6 21 i

108 1272 70 22 denna
201 1272 67 23 första
291 1273 105 27 paragraf
415 1276 82 18 ansetts
520 1273 53 20 böra
592 1273 88 26 utbytas
695 1276 46 18 mot
757 1280 26 13 en
796 1279 70 17 annan

108 1313 58 15 mera
182 1306 103 28 sakenlig.

180 1340 9 22 I
204 1346 12 17 2
232 1340 43 21 och
292 1346 10 21 3
319 1340 27 28 $$
362 1340 38 23 har
415 1340 111 27 uttrycket
541 1340 106 27 ,,utslag,'
663 1341 72 22 såsom
747 1340 66 27 enligt
824 1340 42 21 den

108 1374 123 22 häfdvunna
251 1375 152 27 terminologin
418 1375 95 22 användt
529 1375 153 22 företrädesvis
697 1375 51 21 med
763 1373 104 24 afseende

108 1409 13 20 å
136 1408 116 23 kriminella
268 1409 48 24 mål,
333 1409 87 21 ändrats
436 1409 32 20 till
482 1409 39 20 det
536 1410 6 19 i
557 1409 60 26 fråga
633 1415 36 16 om
684 1408 109 23 tvistemål
807 1414 60 16 mera

109 1442 96 21 brukade
220 1443 63 22 ordet
298 1442 83 25 ,,dom."'

177 1481 132 22 Lagutskottets
321 1481 111 17 betänkande
444 1482 36 16 N:o
492 1482 28 19 14.
