1059 1692
297 110 29 22 U.
342 109 27 22 B.
386 122 29 3 —
430 109 75 29 Prop.
521 108 44 23 N:o
581 108 38 23 24.
779 111 25 20 13

85 170 25 22 af
130 170 85 27 möjligt
237 169 163 27 missförstånd,
425 169 67 21 orden
517 169 99 27 ,utrikes
635 168 97 28 sjöresa"
749 168 86 27 utbytts

86 207 57 20 emot
159 205 112 27 uttrycket
288 222 8 10 ,
301 204 80 28 sjöfart
396 206 60 20 utom
471 204 96 28 landet",
585 210 46 16 som
641 204 67 22 äfven
719 204 7 21 i
738 204 98 27 sjölagen

87 241 112 22 användes
214 240 39 23 vid
268 240 64 27 fråga
347 246 34 15 om
399 240 152 27 sjömansrulla
567 240 41 22 och
623 240 112 27 tydligare
745 238 91 28 återgif-

87 282 40 16 ver
142 278 129 20 momentets
287 275 66 28 syfte.

433 340 12 29 8
461 342 35 20 81.

158 383 11 21 I
185 384 28 20 81
230 382 13 29 8
261 384 11 20 1
288 388 62 16 mom.
367 382 42 21 har
424 388 28 16 en
467 382 92 22 rättelse
575 384 63 25 synts
654 388 54 15 vara
723 381 25 21 af
761 381 76 21 nöden.

88 418 121 22 Momentet
224 418 90 27 stadgar
330 419 33 20 att
379 417 32 26 de,
427 417 78 22 hvilka
519 417 105 22 inkallats
640 418 8 20 i
663 417 69 27 tjenst
745 418 8 20 i
763 416 76 22 stället

88 454 35 22 för
139 454 27 22 de
181 454 7 22 i
205 456 27 19 79
249 454 40 22 och
305 454 29 21 80
350 452 27 30 $$
388 453 130 21 omnämnda
528 459 112 21 personer,
651 454 39 20 äro
701 452 138 28 berättigade

89 491 34 20 att
145 490 8 20 i
173 491 91 20 motsatt
284 488 94 28 ordning
400 488 35 22 till
459 488 64 22 deras
539 488 154 28 nummerföljd
708 488 8 21 i
731 488 109 22 lottlistan

90 525 70 23 blifva
181 524 139 28 entledigade
336 524 136 22 omedelbart
487 524 58 22 efter
560 524 38 22 det
614 524 27 22 de
657 524 75 21 dertill
747 523 92 29 förplig-

88 561 52 22 tade
155 560 80 28 sjelfve
249 560 84 22 inträdt
348 560 8 21 i
371 560 73 27 tjenst.
475 560 34 22 De
524 560 8 21 i
549 562 26 19 79
593 559 12 29 &
621 560 130 21 omnämnda
765 565 75 21 perso-

89 603 41 15 ner
145 597 48 21 äter
209 598 45 25 äro,
269 596 68 21 bland
353 595 74 27 andra,
443 595 82 22 sädana
540 602 46 15 som
602 597 38 20 äro
653 595 140 27 berättigade
803 600 37 16 an-

89 632 77 27 tingen
188 632 36 21 till
247 630 98 28 uppskof
363 631 56 21 eller
438 631 36 21 till
494 630 105 23 befrielse
619 630 51 22 frän
685 631 62 22 aktiv
762 630 79 28 tjenst;

90 668 40 21 och
146 668 37 21 det
198 666 147 22 förevarande
358 666 133 27 stadgandet
501 666 68 22 borde
580 666 65 22 alltsä
655 666 112 27 tillämpas
775 665 67 22 äfven

90 702 36 22 för
149 702 37 22 det
206 702 47 28 fall,
269 702 28 21 dä
312 702 79 27 nägon,
409 708 45 15 som
470 702 89 22 erhällit
575 702 97 27 uppskof
684 702 36 21 till
735 702 67 20 annat
817 701 26 21 är

91 738 50 22 med
163 737 87 22 inträde
273 738 8 20 i
303 737 62 22 aktiv
386 737 75 28 tjenst,
483 738 13 21 &
511 738 43 21 den
570 739 84 20 utsatta
668 737 62 22 tiden
745 736 97 22 inkallas

91 774 35 21 till
142 773 148 28 tjenstgöring
305 773 37 21 vid
359 773 27 21 de
402 773 75 22 aktiva
492 775 127 25 trupperna.
649 773 68 21 Detta
733 775 26 19 är
777 771 66 23 emel-

92 809 66 22 lertid
182 808 173 27 uppenbarligen
378 808 50 22 icke
450 808 8 22 i
478 808 163 27 propositionen
657 808 78 22 afsedt.
766 807 77 27 Enligt

92 844 72 22 denna
179 844 63 21 skola
257 843 111 28 nämligen
383 843 50 22 icke
448 843 83 28 vidare,
548 844 72 21 säsom
631 843 58 22 efter
697 843 102 28 gällande
807 842 37 27 lag

92 880 40 21 bör
153 879 46 27 ske,
216 879 27 22 de
259 885 46 15 som
321 879 89 22 erhällit
425 879 99 27 uppskof
536 879 36 22 till
589 881 67 20 annat
671 879 25 21 är
712 878 132 23 medräknas

92 915 38 22 vid
145 915 154 26 fördelningen
314 915 28 26 pä
358 915 166 22 vederbörande
539 915 38 21 län
592 915 41 21 och
648 913 197 28 lottningsomräde

94 950 25 23 af
136 951 37 21 det
191 950 36 21 för
242 951 49 21 året
305 950 116 21 bestämda
436 951 61 21 antal
512 957 112 21 personer,
641 956 46 16 som
702 951 41 20 bör
757 949 88 22 inträda

92 987 9 21 i
124 986 61 21 aktiv
203 986 78 27 tjänst;
300 986 40 21 och
355 985 120 23 framdeles
491 987 85 21 erhälla
590 987 50 21 icke
656 985 71 22 heller
743 985 27 22 de
785 984 61 22 förre

93 1021 98 27 uppskof
210 1021 36 21 till
261 1024 67 19 annat
343 1021 37 22 års
396 1021 93 28 uppbåd,
512 1024 53 19 utan
581 1022 64 22 deras
653 1021 105 22 inträde
749 1015 10 38 i
773 1019 74 23 aktiva

94 1056 96 28 tjensten
205 1057 131 27 uppskjutes
351 1057 57 21 blott
423 1057 36 21 till
475 1059 67 20 annat
557 1058 32 27 år,
604 1057 35 22 för
655 1057 74 22 sävidt
744 1057 27 21 de
786 1058 60 19 näm-

94 1092 60 27 ligen
170 1092 58 21 efter
244 1092 34 21 sin
295 1092 141 21 lottnummer
451 1093 99 22 befinnas
566 1093 75 22 dertill
657 1092 108 27 skyldiga,
781 1092 66 21 hvar-

94 1128 38 22 vid
148 1127 27 22 de
191 1127 68 22 sedan
273 1127 67 22 hafva
355 1129 34 20 att
402 1128 51 21 tullt
463 1130 80 25 utgöra
552 1129 51 21 hela
614 1129 35 21 sin
659 1128 131 27 värnepligt.
807 1127 41 22 Om

95 1163 92 22 sälunda
207 1163 78 28 nägon,
310 1169 46 16 som
377 1164 28 26 pä
421 1164 72 27 grund
509 1163 24 22 af
544 1164 141 21 lottnummer
700 1169 53 16 vore
768 1162 81 28 pligtig

94 1199 88 21 inträda
204 1199 9 20 i
236 1199 62 21 aktiv
313 1199 75 27 tjenst,
406 1199 91 22 erhällit
512 1199 98 28 uppskof
622 1199 36 22 till
674 1201 67 19 annat
755 1199 32 27 är,
804 1198 45 21 kan

96 1234 48 27 den,
164 1235 67 21 hvars
247 1235 140 21 lottnummer
404 1235 54 27 eljes
474 1235 50 22 icke
538 1235 57 22 hade
610 1234 96 22 medfört
721 1234 129 27 skyldighet

95 1269 35 22 för
145 1270 78 21 honom
239 1269 36 22 till
290 1270 62 21 aktiv
362 1270 158 28 tjenstgöring,
532 1277 49 16 men
594 1270 92 23 hvilken
689 1265 10 37 i
714 1269 55 28 följd
779 1269 25 22 af
813 1275 37 15 an-

96 1305 68 26 tydda
179 1304 138 23 förhållande
333 1305 125 22 emellertid
474 1306 71 21 måste
558 1306 102 27 inkallas,
677 1306 50 21 icke
741 1304 110 23 numera
838 1300 16 37 i

96 1340 99 27 egentlig
211 1341 88 26 mening
315 1343 64 25 sägas
396 1341 89 22 inträda
499 1343 9 20 i
523 1342 43 21 den
580 1341 73 22 förres
664 1341 65 22 ställe
740 1341 40 22 och
790 1340 60 27 förty

96 1375 50 22 icke
161 1375 78 28 heller,
256 1376 28 21 dä
299 1376 71 22 denne
387 1376 54 28 sjelf
455 1377 127 22 sedermera
596 1377 103 27 inkallas,
713 1383 54 15 vara
776 1377 75 21 berät-

96 1410 62 27 tigad
173 1413 33 19 att
220 1411 51 21 från
287 1412 75 22 aktiva
378 1412 99 27 tjensten
493 1412 88 23 befrias.
605 1413 31 21 På
652 1412 72 28 grund
739 1411 67 23 häraf
811 1411 41 22 har

171 1452 126 23 Lagutskottets
309 1453 110 18 betänkande
432 1454 37 17 N:o
481 1454 30 17 17.
