1061 1698
297 144 83 22 Ständ.
397 144 39 22 Sv.
454 157 28 2 —
499 143 73 28 Prop.
588 142 46 23 N:o
650 142 39 22 20.
813 143 25 20 19

182 205 73 21 Medel
268 206 34 21 för
317 206 133 22 betäckande
466 206 23 21 af
505 206 69 21 denna
593 205 54 21 brist
669 205 68 21 skulle
753 207 50 19 utan
818 203 48 22 svä-

115 239 70 27 righet
201 239 96 27 erhällas,
310 248 34 13 om
359 240 42 22 den
415 240 119 28 bevillning
549 240 28 28 pä
592 239 72 26 tobak,
686 246 46 14 som
747 238 119 22 Ständerna

113 272 60 22 förut
188 273 67 29 ätagit
270 275 33 27 sig
317 274 35 21 för
366 274 138 22 bestridande
520 274 22 21 af
564 274 119 28 utgifterna
701 274 34 20 för
757 273 109 25 militären,

113 306 65 22 äfven
194 308 68 20 under
276 310 61 19 nästa
352 308 144 29 finansperiod
517 308 84 21 komme
616 311 32 18 att
663 307 56 29 utgå.
749 308 34 20 Då
803 307 63 21 emel-

113 341 64 21 lertid
192 342 92 21 nämnda
299 343 57 21 skatt
371 343 47 21 icke
433 343 75 21 vidare
524 345 81 19 ansetts
621 342 53 21 böra
684 342 70 21 säsom
765 349 26 14 en
803 341 63 21 Stän-

114 374 76 23 dernas
207 376 117 29 bevillning
334 376 161 29 ifrägakomma,
510 377 66 21 hafva
591 376 126 26 Ständerna,
730 376 28 28 pä
773 378 41 19 sätt
829 383 36 13 ne-

113 409 43 21 dan
172 410 141 27 omförmäles,
328 412 7 20 i
350 411 171 28 underdänighet
536 411 93 28 angifvit
644 418 27 14 en
686 412 66 26 utväg
769 410 32 20 till
822 410 44 20 för-

113 444 115 22 stärkande
253 444 23 22 af
302 445 167 22 militiefondens
492 445 114 29 tillgångar
630 445 41 21 och
692 444 89 22 sålunda
801 443 65 21 äfven

113 478 118 21 medelbart
245 479 33 21 till
293 479 133 22 betäckande
442 480 23 21 af
481 480 41 21 den
536 479 138 29 kalkylerade
691 479 85 21 bristen.
802 478 63 21 Dock

112 512 66 22 hafva
194 512 125 28 Ständerna,
334 514 35 21 för
384 514 41 21 den
440 514 102 21 händelse
558 514 93 20 nämnda
665 514 54 20 brist
734 513 47 21 icke
794 512 70 21 kunde

112 546 28 28 på
155 550 65 18 annat
236 549 42 19 sätt
289 548 69 28 fyllas,
375 551 70 18 ansett
468 549 33 27 sig
523 548 52 21 böra
597 548 35 20 för
651 556 29 12 nu
702 546 163 30 ifrågavarande

112 580 143 29 finansperiod
278 582 22 20 af
315 582 102 22 Finlands
441 582 68 21 banks
532 582 125 22 emotsedda
680 581 126 22 vinstmedel
831 580 35 21 för

113 614 50 22 åren
180 616 140 22 1891—1893
336 617 109 21 eventuelt
460 617 75 21 anvisa
558 619 30 18 ett
610 616 79 28 belopp
713 616 22 20 af
757 615 55 21 ända
832 615 33 20 till

113 650 109 25 3,000,000
238 650 64 21 mark.

263 752 303 28 Kommunikationsfondens
586 752 125 28 tillgångar.

180 808 219 30 Nettobehällningen
414 810 23 20 af
452 810 194 28 statsjernvägarne
673 809 38 21 har
734 810 5 20 i
763 808 40 22 den
827 808 37 21 nä-

113 841 50 28 diga
178 844 160 27 propositionen
357 844 130 28 kalkylerats
510 844 32 21 till
564 844 111 26 2,100,000
698 843 59 22 mark
777 842 87 29 ärligen,

112 884 48 13 men
176 876 118 23 Ständerna
310 878 65 21 hafva
389 878 72 21 funnit
477 878 69 21 denna
561 878 119 28 beräkning
695 878 72 21 alltför
781 877 39 28 låg.

180 911 157 29 Jernvägarnes
352 913 49 21 hela
416 913 211 28 exploitationsvinst
641 913 39 20 har
695 913 80 27 utgjort

316 981 24 21 år
356 982 53 21 1887
426 981 55 21 Fmk
496 982 116 26 2,995,510:
630 982 31 21 13.

316 1015 24 21 år
355 1017 54 20 1888
439 1032 11 10 ,
495 1017 116 25 3,680,343:
628 1017 32 20 01.

317 1049 23 21 år
356 1051 55 20 1889
441 1066 10 10 ,
496 1051 117 25 4,260,147:
630 1051 32 20 67.

316 1084 23 21 är
355 1085 54 20 1890
439 1100 10 10 ,
493 1085 117 25 4,668,010:
627 1085 33 20 83.

178 1167 77 22 Denna
270 1169 114 28 glädjande
400 1169 86 21 tillväxt
501 1170 6 20 i
523 1170 151 27 jernvägarnes
690 1169 124 27 afkastning
828 1168 35 21 fär

109 1201 127 22 tillskrifvas
252 1202 45 21 dels
312 1203 131 21 tillkomsten
459 1203 23 21 af
497 1211 41 20 nya
553 1203 73 26 banor,
642 1203 45 21 dels
708 1203 37 21 det
765 1202 97 28 stigande

109 1235 123 22 välståndet
246 1237 41 21 och
302 1237 61 21 deraf
378 1237 137 21 framkalladt
530 1237 66 21 ökadt
610 1237 134 22 trafikbehof.
767 1237 43 21 Det
820 1237 42 20 kan

109 1269 73 22 derför
201 1270 131 27 förutsättas,
355 1274 31 18 att
409 1272 243 28 exploitationsvinsten,
675 1271 71 22 derest
768 1271 94 21 normala

108 1303 150 22 förhållanden
273 1305 58 26 råda,
346 1305 67 22 under
429 1305 26 22 de
471 1305 127 22 kommande
614 1305 51 22 åren
674 1306 123 28 ytterligare
808 1304 54 22 skall

109 1339 56 26 stiga
180 1338 51 21 eller
245 1339 129 22 ätminstone
390 1341 18 27 ej
425 1340 75 28 nedgä.

177 1372 188 23 Nettoinkomsten
381 1374 23 21 af
425 1375 140 27 jernvägarne
588 1376 23 19 är
634 1374 56 21 dock
713 1373 106 22 beroende
843 1374 18 27 ej

109 1405 54 22 blott
178 1407 23 20 af
217 1407 243 28 exploitationsvinsten,
475 1412 52 17 utan
550 1409 41 21 ock
614 1409 22 20 af
659 1409 26 20 de
709 1407 154 29 nybyggnader

108 1440 41 21 och
165 1441 157 28 utvidgningar,
337 1445 55 18 samt
407 1443 41 21 den
464 1443 113 28 tillökning
595 1443 6 20 i
617 1443 65 27 rörlig
704 1442 94 21 materiel
822 1441 40 22 och
