1061 1698
324 100 19 22 U.
360 100 19 22 B.
395 112 29 4 —
440 100 57 27 Prop.
514 100 34 21 N:o
564 99 34 23 28.
804 100 13 20 3

209 154 30 26 Är
257 159 58 22 1870
330 172 27 2 —
373 159 83 28 40,160
471 159 61 21 lädor
548 165 34 15 om
600 159 59 22 1000
674 158 70 22 askar.

220 211 10 11 »
257 194 58 22 185
331 206 27 4 —
390 195 66 27 7,614
495 211 10 11 ,

220 247 11 11 >
259 230 58 22 1880
333 242 27 4 —
392 231 66 25 1,148

221 282 10 11 >
259 266 57 22 1885
332 278 29 3 —
392 266 66 27 3,072
497 282 10 11 ,

221 318 10 10 »
259 301 103 22 1886—
430 302 28 21 37
498 318 10 10 I
668 317 10 11 N

222 353 10 10 »
260 337 102 21 18879—
431 337 28 21 (145
499 353 9 11 ,
668 352 10 11 E

223 388 10 11 »
261 372 101 22 1888—
431 372 28 22 15

177 438 118 26 Angående
315 437 87 21 landets
422 437 219 21 tändstieksindustri
664 436 34 22 för
721 436 27 22 de
767 437 87 21 senaste

107 474 51 21 åren
175 473 107 27 föreligga
297 472 96 28 följande
409 472 179 28 sifferuppgifter:

644 537 67 18 Brutto
724 537 84 18 tillverk-

357 557 94 32 Fabriker.
500 557 94 33 Arbetare.
646 561 112 23 ningsvärde
769 562 40 21 Fy:

180 592 30 27 År
227 598 56 21 1887
393 598 28 21 14
529 598 43 21 603
681 597 101 28 554,000.

191 650 10 10 »
228 633 57 22 1888
394 633 27 21 13
530 633 44 22 592
682 633 101 27 547,000.

191 685 10 11 »
227 669 58 21 1889
394 669 28 21 12
530 669 43 22 586
682 668 101 28 509,000.

181 728 44 22 Det
243 728 90 22 anförda
349 728 84 22 bevisar
449 728 85 22 säledes
550 728 86 27 tydligt,
651 730 33 20 att
695 728 163 27 ifrägavarande

110 764 95 21 industri
221 764 34 22 för
270 764 134 22 närvarande
420 764 89 22 arbetar
524 764 69 21 under
608 763 108 27 betydligt
731 766 71 19 sämre
816 763 43 21 för-

110 800 117 21 hällanden
250 802 27 19 än
299 800 99 26 tidigare,
414 802 58 19 samt
488 801 33 20 att
536 800 126 21 densamma
677 800 29 26 pä
721 801 87 20 senaste
826 798 33 22 tid

110 835 56 22 varit
182 835 7 22 i
206 836 33 21 ett
253 835 111 22 bestämdt
379 835 134 27 nedgående.

183 871 91 26 Obilligt
289 877 51 15 vore
356 871 72 22 derför
444 871 69 27 enligt
528 871 125 21 Utskottets
670 871 93 26 mening,
779 871 34 20 att
824 876 36 21 ge-

111 913 50 15 nom
181 907 42 21 den
239 906 123 27 föreslagna
377 907 169 27 beskattningen
562 906 127 27 ytterligare
704 906 98 21 försvära
818 905 43 22 exi-

112 944 88 20 stensen
215 942 34 21 för
265 943 72 20 denna
353 942 156 27 industrigren,
520 942 83 22 hvilket
619 941 139 28 naturligtvis
773 942 88 21 komme

112 979 33 20 att
164 978 45 26 ske,
229 984 41 21 om,
287 978 71 21 säsom
374 978 33 21 uti
428 979 42 20 den
490 978 80 27 nädiga
583 977 164 28 propositionen
761 977 101 26 föresläs,

112 1020 27 14 en
155 1013 61 21 skatt
231 1013 152 22 motsvarande
399 1013 48 22 icke
463 1013 85 22 mindre
564 1015 27 20 än
607 1013 50 22 hela
671 1013 155 22 bruttovärdet
841 1011 24 22 af

112 1049 165 26 ifrågavarande
308 1049 108 22 fabrikers
447 1049 70 27 ärliga
543 1049 194 27 totalproduktion,
763 1048 101 27 plötsligt

113 1084 70 22 skulle
199 1084 110 22 åhvälfvas
326 1085 71 21 denna
412 1085 85 26 näring.

184 1121 51 21 Man
254 1121 35 21 må
312 1121 19 26 ej
351 1121 69 21 heller
438 1120 88 27 förbise,
545 1122 33 20 att
598 1121 26 20 de
643 1120 133 27 detaljerade
794 1119 70 27 regle-

114 1156 133 21 mentariska
255 1156 144 27 föreskrifter,
408 1157 174 26 accissystemets
594 1156 112 21 införande
717 1155 72 22 skulle
800 1155 64 22 hafva

113 1191 34 21 till
163 1191 60 28 följd,
241 1193 69 20 måste
326 1191 126 28 ytterligare
468 1191 96 28 betunga
580 1192 71 21 denna
666 1191 142 22 fabrikation.

185 1227 40 21 Att
245 1227 64 22 dessa
331 1227 187 26 omständigheter
533 1229 13 20 å
562 1233 41 16 ena
624 1227 62 21 sidan
709 1226 72 22 skulle
800 1225 64 22 fram-

113 1262 60 22 kalla
191 1262 205 27 lagöfverträdelser
416 1263 41 22 och
473 1264 14 20 &
502 1263 68 21 andra
591 1263 63 21 sidan
670 1265 51 24 göra
738 1263 42 20 den
796 1263 69 20 emot-

115 1298 67 21 sedda
202 1298 53 26 högt
275 1298 124 21 beräknade
420 1298 175 22 skatteintraden
616 1298 83 27 ganska
717 1298 86 26 osäker,
820 1296 46 22 oaf-

115 1333 49 21 sedt
182 1334 34 20 att
231 1333 126 21 densamma
373 1333 64 22 äfven
452 1333 88 22 komme
556 1335 34 20 att
605 1333 45 22 lida
666 1335 32 20 ett
713 1333 48 22 icke
777 1333 89 26 obetyd-

115 1368 41 27 ligt
181 1368 90 22 afbräck
296 1375 78 20 genom
401 1369 67 26 dryga
493 1369 222 26 kontrollkostnader,
740 1369 64 21 torde
826 1368 41 21 här

116 1404 89 26 endast
219 1404 164 27 antydningsvis
406 1404 95 22 behöfva
523 1407 133 24 omnämnas,
680 1405 27 20 dä
730 1405 65 20 dessa
818 1409 49 21 syn-

188 1444 196 24 Bevillningsutskottets
396 1445 108 18 betänkande
516 1445 35 19 N:o
565 1446 15 17 6.
