1059 1700
398 144 44 23 N:o
464 146 38 21 26.
790 143 11 19 3

72 214 46 26 ker,
134 213 71 21 hvilka
226 212 43 21 dels
285 212 66 20 redan
368 211 70 21 finnas
453 212 7 20 i
476 211 88 21 stadens
580 212 73 20 vestra
668 211 94 26 område,
787 210 44 21 dels

74 248 122 26 antagligen
219 247 57 20 inom
296 247 25 20 de
337 247 110 20 närmaste
463 246 51 20 åren
530 246 86 20 komma
632 247 32 19 att
680 246 82 26 uppstå
778 246 12 20 å
805 245 26 20 de

74 284 8 20 i
97 284 112 26 sydvestra
225 282 60 21 delen
302 282 22 20 af
338 282 76 20 staden
430 282 7 20 i
454 282 38 20 den
510 287 42 21 nya
567 281 140 26 stadsplanen
719 282 111 25 upptagna

75 318 168 21 fabrikstomter.
273 316 153 21 Kostnaderna
448 315 33 21 för
504 315 83 21 banans
603 314 115 22 utförande
734 316 56 20 samt
806 314 26 20 de

74 352 75 20 hamn-
172 351 39 21 och
234 350 198 27 kajanläggningar,
455 356 45 14 som
521 351 37 19 äro
575 348 88 22 afsedda
678 350 34 20 att
727 349 83 21 utföras
825 348 6 21 i

76 385 155 27 sammanhang
253 385 46 20 med
324 384 70 21 denna
414 384 96 27 jernväg,
527 383 63 21 hafva
605 383 118 21 beräknats
739 383 33 21 till
786 383 46 21 icke

76 420 83 21 mindre
183 422 26 19 än
230 420 112 25 4,600,000
359 419 67 26 mark,
443 418 77 21 hvaraf
533 419 113 26 2,299,232
662 418 61 21 mark
738 417 94 27 kalkyle-

76 457 46 18 rats
150 455 12 20 å
188 453 73 28 sjelfva
282 453 178 27 banbyggnaden.
498 453 34 20 Då
554 452 23 21 af
598 453 134 21 sistnämnda
754 453 78 26 belopp

78 490 91 25 333,884
185 489 61 20 mark
262 489 63 26 utgör
341 488 75 21 värdet
424 487 34 21 för
472 488 40 20 den
524 487 75 21 staden
611 487 115 27 tillhöriga,
737 487 33 21 för
781 487 51 20 ban-

77 523 126 27 byggnaden
230 523 138 26 erforderliga
384 523 88 20 marken
488 523 56 20 samt
562 522 90 26 127,055
668 523 61 20 mark
745 522 87 21 kostna-

78 557 36 21 der
137 557 33 21 för
192 557 106 21 särskilda
321 557 88 21 arbeten
433 556 57 21 inom
514 556 208 27 statsjernvägarnes
747 556 86 21 område

77 592 36 20 vid
134 592 131 26 bangården,
288 597 48 15 men
360 590 134 21 sistnämnda
517 590 89 21 arbeten
628 590 8 21 i
656 590 42 21 alla
712 590 120 21 händelser.

78 626 120 21 oberoende
221 625 23 22 af
264 625 177 27 banbyggnaden,
462 625 44 21 dels
521 624 67 21 redan
604 624 68 21 blifvit
688 625 44 21 dels
748 625 85 21 komma

78 662 33 19 att
135 660 82 21 utföras
236 660 34 20 vid
286 660 40 20 den
343 666 28 13 nu
388 659 111 26 pågående
515 658 166 27 omregleringen
700 658 22 21 af
735 659 98 26 Helsing-

78 694 44 21 fors
137 694 103 27 bangård,
256 694 74 20 kunna
345 694 25 20 de
380 694 108 20 kontanta
499 692 118 28 utgifterna
627 693 33 21 för
671 692 163 28 ifrågavarande

79 728 142 28 hanbyggnad
237 728 107 21 beräknas
359 728 32 20 till
409 728 111 25 1,838,293
536 728 68 20 mark.

150 763 74 21 Ehuru
238 763 122 26 visserligen
372 762 163 26 ifrägavarande
546 762 202 27 jernvägsbyggnad
759 762 74 20 främst

84 799 23 19 är
123 797 73 21 afsedd
212 798 33 20 att
261 797 111 26 tillgodose
383 796 134 27 Helsingfors
525 796 61 21 stads
594 796 67 21 fördel
672 796 38 21 och
720 797 114 25 intressen,

81 832 84 20 komme
182 832 122 20 densamma
321 831 102 26 derjemte
440 832 32 19 att
487 830 65 21 blifva
568 830 22 21 af
604 832 56 19 stort
676 837 55 20 gagn
747 830 33 22 för
791 832 44 19 tra-

80 865 55 21 fiken
152 866 6 20 i
175 865 121 21 allmänhet.
316 865 10 20 I
341 864 144 21 betraktande
501 864 63 21 häraf
578 864 75 21 och'dä
663 864 83 22 banans
758 865 77 26 exploi-

80 900 77 26 tation,
167 900 26 26 pä
205 901 45 20 sätt
260 898 198 27 Stadsfullmäktige
469 899 95 26 anhällit,
576 899 6 20 i
594 898 41 21 alla
646 899 112 21 händelser
768 900 67 26 lämp-

80 934 64 26 ligast
168 934 37 20 och
228 934 47 20 med
298 935 71 19 större
391 932 68 22 fördel
478 934 43 20 kan
536 932 108 22 bedrifvas
659 933 7 21 i
682 934 154 26 sammanhang

80 968 49 21 med
145 968 209 27 statsjernvägarnes
370 967 126 27 trafikering
512 968 38 20 och
564 967 136 27 förvaltning,
712 974 63 21 synes
783 968 53 27 jem-

80 1002 34 21 väl
137 1002 73 27 sjelfva
232 1002 78 26 banan,
330 1002 70 20 såsom
416 1002 121 26 utgörande
554 1008 25 14 en
596 1002 71 21 direkt
682 1002 118 27 afslutning
816 1002 22 21 af

80 1032 140 36 Helsingfors
232 1036 205 21 -Tavastehus—S:t
460 1036 132 27 Petersburg
605 1037 96 26 jernväg,
714 1037 122 27 lämpligast

81 1071 53 21 böra
151 1071 86 21 tillhöra
252 1072 78 20 staten.

152 1106 34 20 Då
202 1106 122 25 emellertid,
341 1106 71 20 såsom
428 1105 63 21 ofvan
511 1105 134 27 framhållits,
662 1106 110 26 samtidigt
788 1106 47 20 med

80 1140 169 27 banbyggnaden
276 1140 106 21 särskilda
400 1140 74 21 hamn-
490 1140 38 21 och
544 1140 193 27 kajanläggningar
752 1141 84 20 komme

81 1176 33 19 att
128 1174 33 21 för
176 1175 88 20 stadens
279 1175 93 26 räkning
387 1174 90 27 utföras,
494 1175 39 20 och
548 1176 32 19 ett
596 1175 142 27 särskiljande
746 1174 23 21 af
777 1175 59 21 kost-

80 1209 96 20 naderna
199 1208 33 21 för
255 1209 62 21 dessa
340 1209 38 21 och
402 1209 69 20 andra
490 1209 22 20 af
525 1209 170 26 banbyggnaden
711 1209 125 22 föranledda

81 1243 95 26 arbeten,
200 1243 71 21 såsom
294 1243 136 27 omläggning
454 1243 22 21 af
496 1244 85 20 vatten-
602 1243 37 21 och
656 1243 180 28 gasledningsrör,

80 1277 96 24 kloaker,
192 1277 112 27 planering
320 1277 22 22 af
356 1280 64 24 gator
434 1284 28 15 m.
478 1284 34 20 m.,
529 1278 107 26 svårligen
652 1278 42 21 kan
702 1278 134 26 verkställas,

81 1318 61 20 synes
166 1312 36 20 det
224 1311 164 28 fördelaktigast
412 1313 32 20 att
467 1312 126 21 utförandet
612 1312 22 21 af
647 1312 72 21 banan
734 1313 48 21 med
798 1319 39 15 un-

82 1346 80 26 dantag
178 1346 22 20 af
214 1346 39 21 den
271 1346 33 21 del
320 1346 23 21 af
356 1346 131 27 densamma,
504 1353 45 15 som
566 1348 24 19 är
603 1346 90 27 belägen
704 1347 57 21 inom
773 1348 65 20 stats-

80 1380 154 27 jernvägarnes
258 1381 93 26 område,
376 1380 141 22 öfverlemnas
534 1382 22 20 åt
575 1381 83 26 staden,
675 1381 85 21 hvilken
776 1381 61 21 äfven

80 1414 73 21 bättre
176 1416 27 19 än
228 1416 71 20 staten
323 1416 43 20 kan
383 1415 113 26 tillgodose
513 1416 25 20 de
554 1415 106 21 särskilda
676 1413 106 23 intressen
800 1416 38 20 och

80 1448 69 26 behof,
174 1455 44 14 som
242 1449 68 21 under
333 1449 95 21 arbetets
452 1449 116 21 utförande
587 1450 75 20 kunna
676 1449 160 27 ifrågakomma.
