1061 1703
222 141 26 20 12
444 141 29 22 U.
488 141 28 22 B.
530 153 30 4 —
574 141 74 27 Prop.
665 141 42 22 N:o
723 141 35 22 27.

220 203 86 22 komma
321 203 52 22 eller
388 204 87 22 hämma
491 205 107 26 ökningen
614 205 22 21 af
650 205 42 21 den
707 205 120 21 merendels
843 211 135 20 sparsamma

221 237 61 28 äring
300 238 100 22 Finlands
416 241 65 20 natur
497 239 117 27 medgifver
630 245 47 16 som
692 239 34 22 lön
742 239 33 22 för
791 239 99 22 odlarens
906 240 70 25 möda,

222 283 24 4 —
271 272 68 27 derpä
360 273 39 22 har
421 273 49 22 hela
494 273 38 22 vår
555 274 92 26 tidigare
670 273 90 22 historia
775 273 48 22 icke
839 275 33 20 att
886 274 93 27 uppvisa

221 306 67 27 något
303 308 102 27 exempel.

289 337 69 26 Äfven
380 342 68 22 under
471 342 26 22 de
514 342 62 26 tider,
594 342 28 22 då
637 342 146 28 hvarjehanda
798 342 181 26 inskränkningar

221 376 6 20 i
244 376 216 27 dispositionsrätten
477 377 33 21 till
526 377 40 21 den
582 377 158 27 skattskyldiga
747 377 75 27 jorden
832 377 97 26 vidtogos
939 376 40 22 och

221 410 93 27 ansågos
331 417 50 15 vara
397 411 143 27 nödvändiga,
557 411 97 22 särdeles
671 412 47 20 med
729 410 249 27 afseende
842 406 12 36 å
865 410 113 27 skogshus-

220 444 96 27 hållning
336 445 40 21 och
396 446 54 26 jagt,
467 446 103 26 qvarstod
594 446 40 22 den
657 445 108 27 uråldriga
781 446 197 21 odalmannarätten

221 479 48 21 med
285 479 102 22 afseende
407 480 13 21 &
435 480 28 21 all
479 480 113 28 frälsejord
609 480 25 21 så
649 480 53 27 godt
717 486 45 15 som
778 480 128 26 fullkomligt
922 479 56 21 oför-

220 514 105 21 minskad.
342 514 170 28 Ridderskapets
529 515 40 21 och
586 515 75 21 adelns
678 515 39 21 den
736 516 25 20 16
773 514 97 22 Oktober
880 516 53 20 1723
943 516 33 18 ut-

220 548 89 22 färdade
324 549 122 27 privilegier
454 550 107 21 innehålla
572 550 31 21 uti
614 550 28 26 8$
653 551 87 22 14—17,
750 551 33 24 20,
793 551 27 20 24
829 549 40 22 och
878 549 101 21 särskildt

221 584 26 20 25
264 583 140 27 stadganden,
420 584 73 21 hvilka
504 587 37 18 äro
556 584 161 27 konseqvenser
727 583 21 22 af
765 583 69 22 denna
850 583 87 22 allmänt
946 589 32 15 er-

221 617 72 21 kända
300 618 116 26 grundsats
426 618 40 22 och
475 618 134 22 fördenskull
618 617 133 22 fortfarande
759 624 44 21 ega
808 620 45 19 stor
860 617 117 28 betydelse.

279 651 49 22 Men
338 647 54 38 denna
412 647 62 38 städse
497 652 32 22 för
536 659 64 21 egare
606 652 137 28 affrälsejord
752 652 106 22 bevarade
863 651 39 22 fria
908 652 71 27 dispo-

221 684 123 22 sitionsrätt
352 686 45 21 blef
403 686 33 22 för
443 692 46 16 mer
497 689 27 19 än
533 689 32 19 ett
573 686 136 22 århundrade
719 686 66 21 sedan
793 686 114 21 tillerkänd
917 685 61 22 äfven

221 719 105 27 allmogen
342 726 76 21 genom
432 720 79 27 nådiga
521 720 152 28 förordningen
684 720 22 22 af
713 720 42 22 den
768 723 24 19 21
809 720 61 22 Febr.
882 722 52 19 1789
944 726 34 15 om

221 754 178 22 kronohemmans
404 754 130 28 försäljande
540 755 31 21 till
576 755 72 21 skatte
653 757 55 19 samt
715 755 26 21 de
746 754 109 22 förmåner
860 754 38 22 och
905 754 73 24 vilkor,

221 788 122 22 hvarunder
351 789 175 22 skattehemman
535 789 127 22 hädanefter
668 790 60 21 skola
734 789 131 25 innehatvas,
871 788 108 22 äfvensom

221 822 77 27 Kongl.
308 823 72 27 Maj:ts
390 824 40 20 den
440 826 12 18 4
462 824 60 26 April
529 824 38 27 (23
576 823 113 28 Februari)
696 824 55 21 1789
757 823 57 27 gifva
821 825 70 25 öppna
900 822 80 27 nådiga

221 856 112 22 försäkran
356 858 41 21 och
424 858 139 22 stadfästelse
584 858 13 21 å
613 859 93 21 svenska
721 858 40 21 och
777 857 69 22 finska
862 857 117 26 allmogens

222 891 35 21 fri-
277 892 40 21 och
337 892 137 27 rättigheter,
491 892 72 22 hvilka
578 892 120 22 statsakter
713 898 40 20 ega
769 892 41 21 den
826 892 58 21 förra
899 891 72 27 grund

221 926 57 26 lags-
302 926 39 21 och
366 926 40 22 den
430 933 77 15 senare
530 926 177 28 privilegiihelgd,
731 928 58 20 samt
810 926 22 22 af
845 926 42 21 alla
903 932 75 15 senare

220 962 101 25 regenter
337 960 115 22 stadfästs.

290 994 74 27 Enligt
379 996 40 20 den
436 995 134 21 förstnämda
585 994 163 28 förordningens
764 994 11 28 $
791 996 13 19 2
820 996 56 20 samt
883 994 24 27 $$
920 996 10 20 2
937 994 40 22 och

220 1031 13 18 4
254 1029 6 20 i
282 1029 40 20 den
344 1035 78 16 senare
441 1035 52 21 eger
507 1029 139 22 innehafvare
662 1029 22 21 af
698 1029 121 26 skattejord
834 1029 32 20 uti
882 1028 37 21 allt
935 1028 44 21 lika

221 1062 99 27 orubblig
335 1064 83 25 egande
435 1063 40 22 och
491 1063 44 22 lika
549 1063 26 22 fri
591 1063 186 27 dispositionsrätt
796 1069 46 14 som
862 1062 114 21 frälseman

221 1097 66 26 enligt
303 1097 129 28 privilegier,
448 1098 36 27 lag
500 1098 40 21 och
555 1097 151 28 författningar
723 1104 51 20 eger
789 1097 59 21 öfver
864 1097 32 20 sin
904 1097 76 20 frälse-

220 1131 109 27 lägenhet,
346 1132 40 21 och
403 1132 79 21 honom
499 1132 130 21 tillkommer
646 1132 111 22 dessutom
773 1133 45 20 rätt
833 1133 33 19 att
881 1131 56 21 inom
953 1131 27 20 ri-

220 1165 39 22 ket
278 1165 46 22 föra
339 1167 40 21 och
396 1167 81 21 afsätta
493 1173 53 21 egen
562 1167 41 21 och
620 1167 47 21 sina
682 1172 103 22 grannars
801 1165 55 22 afvel
872 1165 39 22 och
928 1165 51 27 slöj-

221 1200 44 21 der.
297 1200 141 23 Sistnämnda
459 1202 80 26 vigtiga
560 1202 116 26 grundsats
693 1200 80 22 uttalas
790 1200 62 21 äfven
867 1200 7 20 i
889 1206 28 15 nu
933 1199 45 26 gäl-

220 1234 63 22 lande
299 1234 78 28 nådiga
392 1235 128 27 förordning
536 1242 34 15 om
586 1236 129 26 näringarna
730 1234 23 22 af
765 1234 40 22 den
816 1236 26 20 31
851 1234 57 21 Mars
919 1234 61 24 1879,

220 1268 65 22 hvars
305 1269 11 27 $
332 1271 12 19 8
361 1270 65 21 bland
443 1272 69 19 annat
527 1270 99 26 stadgar:
642 1270 92 26 allmoge
749 1268 40 22 och
808 1268 173 27 lägenhetsinne-

220 1302 88 22 hafvare
330 1304 13 20 å
362 1304 75 21 landet
459 1310 50 16 vare
529 1304 102 26 obetaget
646 1306 38 23 att,
700 1305 52 20 utan
769 1302 92 22 särskild
877 1301 104 25 anmälan,

220 1336 77 27 sjelfve
321 1338 53 21 eller
396 1344 79 21 genom
499 1338 72 27 andra,
592 1338 60 22 såväl
672 1338 7 21 i
700 1338 49 21 stad
770 1343 47 15 som
833 1336 12 22 å
861 1336 73 22 landet
949 1336 32 21 till

220 1371 47 21 salu
288 1371 59 22 hålla
367 1372 39 21 allt
427 1373 58 20 hvad
508 1372 46 21 från
578 1373 62 21 deras
664 1371 127 28 lägenheter
814 1370 91 23 erbälles
930 1369 52 22 eller

219 1405 24 21 af
264 1405 48 22 dem
339 1406 39 21 och
402 1407 63 21 deras
486 1406 85 22 husfolk
595 1413 76 20 genom
694 1406 107 27 hemslöjd
817 1404 164 22 åstadkommes.

290 1457 216 22 Bevillningsutskottets
519 1457 117 18 betänkande
648 1457 38 18 N:o
698 1458 16 16 5.
