1061 1700
225 147 14 19 4
378 146 84 22 Ständ.
479 146 38 22 Sv.
534 159 28 3 —
577 146 75 29 Prop.
667 146 45 23 N:o
727 146 40 23 20.

196 208 24 21 af
235 208 37 21 det
287 208 96 28 stigande
403 208 122 22 välståndet
539 209 39 21 bör
593 209 72 21 kunna
679 210 92 27 uppvisa
786 216 27 14 en
828 211 67 19 större
909 210 39 20 im-

197 245 54 25 port.
280 242 52 21 Men
354 243 48 20 med
418 243 121 21 beaktande
555 243 62 21 deraf
631 246 31 18 att
678 243 201 28 sågningsafgiften,
893 243 55 22 hvil-

197 276 42 21 ken
254 276 67 21 under
337 280 83 18 senaste
432 280 32 19 tre
481 277 23 21 år
514 277 91 29 uppgått
616 278 33 20 till
663 278 4 20 i
676 277 101 22 medeltal
788 279 89 24 537,000
889 277 59 22 mark

197 310 73 21 blifvit
291 310 48 21 från
361 311 40 21 och
423 311 49 22 med
494 311 144 22 innevarande
661 311 23 22 år
703 311 86 22 nedsatt
804 312 32 20 till
851 311 97 28 omkring

195 344 83 21 hälften
300 345 22 21 af
344 345 48 21 dess
414 345 58 22 förra
487 345 77 29 belopp
592 349 55 18 samt
664 345 49 22 med
728 345 102 22 afseende
846 345 56 27 derå,
917 349 31 18 att

194 379 79 28 jemväl
295 379 65 22 andra
379 380 202 28 tullnedsättningar
596 380 72 21 kunna
682 380 99 26 förutses,
796 380 66 22 hafva
877 380 71 21 tullin-

195 413 122 22 komsterna
339 414 34 21 för
394 414 51 21 åren
463 415 141 21 1891—1894
619 415 56 21 dock
690 415 47 20 icke
753 414 114 21 beräknats
882 414 65 28 högre

196 449 27 19 än
238 448 33 21 till
287 449 26 20 18
328 449 104 21 millioner
446 449 61 21 mark
522 450 5 19 i
544 449 63 28 årligt
622 449 105 21 medeltal.

265 481 82 23 Vidare
370 483 38 20 har
425 483 121 21 inkomsten
560 483 49 21 från
624 483 181 28 kronoskogarna,
820 490 46 14 som
880 482 67 21 under

196 515 27 22 de
233 519 32 18 tre
277 520 83 17 senaste
371 525 124 20 gynsamma
505 517 50 21 åren
566 518 5 19 i
583 517 100 21 medeltal
693 517 92 28 uppgått
794 517 33 21 till
838 518 109 25 1,944,000

196 550 61 21 mark
273 551 40 21 och
329 551 6 21 i
350 551 244 29 Finansexpeditionens
610 551 72 29 kalkyl
697 551 115 22 beräknats
827 552 32 21 till
872 551 75 21 endast

198 586 108 25 1,500,000
322 586 65 26 mark,
402 586 72 21 blifvit
489 589 107 25 upptagen
612 586 33 20 till
662 587 108 25 1,700,000
785 586 60 21 mark
861 586 86 27 årligen,

195 622 56 17 samt
266 619 120 22 inkomsten
401 620 23 21 af
439 620 115 28 inflytande
570 622 72 19 räntor
652 620 55 28 höjts
718 620 49 21 med
781 621 88 25 120,000
882 620 65 25 mark,

196 653 50 20 med
260 653 101 21 afseende
384 653 51 22 derå
450 657 32 18 att
496 653 241 29 undsättningsfondens
753 655 73 20 räntor
840 655 18 27 ej
874 654 72 27 läggas

195 687 33 21 till
236 687 108 28 kapitalet,
355 691 50 18 utan
414 688 68 21 blifva
490 688 120 29 disponibla
620 688 35 21 för
664 688 173 21 statsbehofvens
846 687 99 29 fyllande.

196 721 125 21 Inkomsten
336 722 23 21 af
371 722 101 21 domäner
482 723 41 20 och
532 730 71 13 annan
613 726 81 17 statens
704 723 148 27 förmögenhet
863 722 82 21 komme

196 755 90 22 sålunda
301 758 32 19 att
347 757 72 28 uppgå
434 757 32 20 till
482 758 109 25 3,080,000
607 757 65 21 mark.

264 790 67 22 Hvad
353 791 67 21 sedan
441 791 133 21 vidkommer
597 791 27 21 de
646 791 119 28 utgifter,
787 799 46 13 som
855 791 44 21 dels
923 790 23 21 år

197 825 61 25 1891,
273 824 45 22 dels
333 825 68 21 under
416 825 51 22 åren
483 826 140 21 1892—1894
638 825 60 21 skola
708 825 49 21 från
767 825 106 21 allmänna
883 827 64 18 stats-

195 858 81 21 fonden
299 859 111 27 bestridas,
426 859 24 22 så
464 859 66 22 hafva
545 859 26 22 de
587 859 130 22 ordinarie
733 859 117 28 utgifterna
866 861 79 19 ansetts

195 892 53 21 böra
269 896 105 25 upptagas
390 895 7 20 i
412 894 39 21 full
474 894 222 21 öfverensstämmelse
714 893 49 21 med
777 893 169 28 Finansexpedi-

195 927 84 20 tionens
302 927 78 28 kalkyl,
402 928 110 21 hvaremot
524 935 26 14 en
565 927 35 22 del
615 931 72 25 poster
702 929 6 19 i
723 927 147 28 beräkningen
885 927 62 21 öfver

196 961 125 21 emotsedda
343 965 71 18 extra
427 961 128 22 ordinarie
570 961 89 28 utgifter
674 964 59 25 synts
749 961 73 21 kunna
837 961 109 21 uteslutas.

195 995 71 21 Dessa
281 999 72 24 poster
368 998 47 19 äro:

264 1031 40 26 1:0)
334 1030 38 21 Ett
394 1031 177 27 tillskottsanslag
594 1031 22 20 af
636 1030 55 21 Fmk
707 1031 95 26 510,419:
819 1031 25 20 56
861 1030 33 21 för
909 1030 37 21 all-

195 1064 77 20 männa
287 1064 109 28 bygnader
411 1064 86 21 utöfver
512 1064 26 21 de
552 1064 34 21 till
601 1072 26 13 en
638 1064 80 21 million
732 1064 81 28 årligen
824 1064 122 21 beräknade

197 1097 106 21 ordinarie
318 1098 117 28 utgifterna
451 1098 34 26 för
499 1106 79 13 samma
600 1098 104 22 ändamål.
733 1098 43 21 För
798 1102 32 17 att
851 1100 95 19 närmare

195 1132 104 21 motivera
321 1132 71 21 denna
413 1136 49 25 post
483 1133 39 20 har
543 1132 232 29 Finansexpeditionen
798 1132 107 22 meddelat
920 1140 26 13 en

195 1165 137 29 förteckning
347 1167 62 21 öfver
424 1167 136 21 förestående
576 1167 106 21 allmänna
696 1167 197 28 byggnadsföretag
908 1174 39 13 un-

195 1199 38 21 der
248 1199 51 22 åren
315 1201 118 21 1891—94.
457 1201 48 22 Vid
519 1201 158 28 granskningen
689 1201 22 21 af
726 1201 27 21 de
764 1201 70 21 skilda
846 1203 101 26 posterna

195 1234 5 19 i
217 1233 71 22 denna
310 1234 136 30 förteckning
461 1235 38 21 har
517 1235 119 26 inhemtats,
652 1238 30 18 att
698 1235 12 20 å
725 1235 102 28 anslagen
842 1235 35 20 för
890 1235 57 20 läns-

194 1267 137 28 fängelserna
345 1270 7 19 i
367 1269 138 28 Helsingfors
521 1269 40 21 och
576 1269 136 22 Nikolaistad
727 1272 55 18 samt
793 1269 35 21 för
837 1269 110 28 reallycei-

194 1301 130 28 byggnaden
339 1303 7 20 i
360 1303 144 21 Tammerfors
527 1303 131 28 inbesparats
680 1303 156 28 sammanlagdt
858 1304 88 25 106,000

194 1336 65 21 mark.
285 1336 126 29 Utgifterna
423 1337 34 21 för
468 1337 144 28 nyssnämnda
624 1337 149 28 skolbyggnad
783 1340 55 19 samt
847 1337 35 20 för
893 1345 54 20 upp-

194 1369 90 22 förande
305 1371 24 21 af
351 1379 54 20 egna
420 1371 38 22 hus
474 1371 34 21 för
522 1372 114 27 reallyceet
651 1373 6 20 i
673 1365 54 33 Åbo,
749 1371 69 22 finska
840 1371 106 21 klassiska

193 1404 71 28 lyceet
279 1405 7 20 i
301 1405 86 28 Viborg
409 1405 40 22 och
471 1405 220 22 fruntimmersskolan
705 1407 8 20 i
728 1405 143 26 Nikolaistad,
892 1413 54 20 upp-

193 1437 84 28 gående
288 1439 160 28 sammanlagdt,
459 1439 54 22 efter
524 1439 76 28 afdrag
610 1439 23 21 af
643 1439 140 29 inbesparade
794 1440 76 25 16,000
881 1439 64 27 mark,
