1059 1698
235 171 12 18 2
430 169 28 23 U.
474 170 26 22 B.
517 182 27 2 —
560 170 72 27 Prop.
648 170 41 22 N:o
706 169 34 23 18.

207 234 124 27 grunderna
346 235 68 21 skulle
429 235 121 22 inkomsten
566 236 25 21 af
604 236 62 21 dessa
682 236 64 27 bolag
759 236 72 27 uppgä
844 236 34 21 till
886 236 78 26 59,500

208 269 62 21 mark
284 269 34 21 för
334 270 30 21 är.
386 270 126 22 Emellertid
526 271 39 21 och
582 271 26 21 dä
625 273 59 19 stora
700 270 113 28 vexlingar
828 270 32 22 uti
875 270 26 22 de
917 270 47 22 här-

207 303 74 21 städes
306 304 131 26 opererande
460 305 116 21 utländska
596 304 103 28 bolagens
716 304 80 22 rörelse
811 306 38 26 egt
864 311 55 20 rum;
936 304 27 22 dä

207 337 76 21 vidare
305 338 70 27 nägra
396 339 66 27 bolag
484 339 62 21 idkat
569 340 25 20 sä
610 339 110 27 obetydlig
735 340 79 20 rörelse
830 341 34 19 att
880 339 25 21 de
920 340 44 20 mä-

208 372 73 21 hända
303 372 73 22 kunna
398 373 58 21 finna
478 374 47 20 skäl
550 375 34 19 att
600 374 86 21 dermed
702 374 96 26 upphöra
812 374 28 26 pä
856 373 70 27 grund
942 373 24 21 af

209 406 41 22 den
273 406 125 28 föreslagna
420 408 178 27 beskattningen;
617 408 93 22 hvarhos
733 408 100 27 slutligen
850 408 28 27 pä
894 408 70 27 grund

208 440 24 21 af
245 441 111 22 traktater
371 442 47 21 med
434 442 117 22 utländska
567 442 84 22 makter
666 442 124 28 eftergifter
800 442 74 22 kunna
882 442 82 27 ifräga-

208 475 90 27 komma,
321 478 45 19 tror
388 476 34 28 sig
445 477 108 21 utskottet
575 477 48 21 icke
642 477 53 21 böra
710 477 118 27 uppskatta
843 476 120 22 inkomsten

208 509 24 21 af
254 510 70 21 denna
346 513 58 19 ännu
427 511 117 27 opröfvade
566 512 100 26 kategori
682 512 25 21 af
720 511 118 27 bevillning
854 512 66 26 högre
936 513 27 19 än

205 544 34 22 till
256 546 76 26 35,000
348 546 61 21 mark
424 546 34 21 för
473 546 31 27 är,
519 546 7 20 i
542 545 54 28 följd
612 546 79 22 hvaraf
704 546 48 21 hela
769 546 41 21 den
820 545 140 27 kalkylerade

206 578 121 23 inkomsten
342 580 25 21 af
380 580 235 28 näringsbevillningen
630 580 34 21 för
680 580 142 28 utländingar
835 580 65 21 borde
912 586 50 21 upp-

205 615 65 25 tagas
285 614 34 22 till
334 616 77 26 70,000
426 616 62 21 mark
504 615 89 27 ärligen.

330 1490 104 17 Helsingfors,
443 1491 57 13 Finska
511 1491 191 17 Litteratur-Sällskapets
711 1491 76 16 tryckeri,
797 1491 38 13 1891.
