1059 1698
282 148 84 22 Ständ.
382 148 39 22 Sv.
437 160 27 3 —
480 147 74 28 Prop.
569 146 46 23 N:o
631 147 40 22 20.
792 147 25 21 11

97 211 51 27 ning
164 210 105 28 sjelffallet
283 212 63 27 utgör
364 209 189 29 utgångspunkten
575 209 34 21 för
632 209 26 22 de
681 209 110 22 finansiela
811 209 37 21 be-

97 244 141 28 räkningarna
253 245 35 20 för
302 244 51 21 åren
369 245 147 25 1892—1894,
534 244 38 21 har
593 244 137 27 Regeringen
752 243 33 21 till
806 243 42 21 den

96 277 79 29 nådiga
189 279 161 28 propositionen
364 278 62 28 fogat
441 285 26 14 en
486 278 72 28 kalkyl
581 277 62 22 öfver
664 276 184 29 bevillningsbud-

96 315 64 25 geten
175 312 34 21 för
224 312 50 21 åren
290 313 147 21 1890—1891.
464 311 71 22 Jemte
550 311 36 22 det
601 311 43 22 den
659 311 95 22 faktiska
768 311 81 22 behåll-

97 347 79 28 ningen
198 346 38 22 vid
259 347 54 21 1890
336 346 33 21 års
392 345 81 29 utgång
495 353 87 14 numera
605 346 83 21 kunnat
710 346 139 25 konstateras,

97 380 66 22 hafva
178 381 94 28 följande
287 381 116 21 afvikelser
417 380 49 21 från
480 388 51 21 nyss
546 380 93 21 nämnda
653 380 73 28 kalkyl
738 380 110 21 befunnits

97 414 121 29 påkallade:

167 449 240 29 Stämpelbevillningen
429 449 39 21 har
490 449 109 28 upptagits
622 451 60 18 netto
704 449 33 20 till
759 448 89 26 850,000

98 483 60 21 mark
173 485 6 19 i
189 478 77 38 stället
277 483 37 21 för
328 484 90 25 820,000
434 483 60 21 mark
509 483 23 21 af
546 482 122 28 anledning,
683 485 32 18 att
729 482 120 21 inkomsten

99 517 23 21 af
136 517 70 22 denna
220 518 118 27 bevillning
352 517 67 21 redan
434 517 23 21 år
473 518 54 21 1889
543 517 94 28 uppgick
647 517 33 20 till
691 517 89 26 854,000
791 515 59 22 mark

99 551 41 22 och
155 553 53 20 intet
222 552 47 21 skäl
283 553 66 20 finnes
365 554 32 19 att
411 551 35 21 för
460 551 145 22 innevarande
620 551 24 21 år
660 553 77 26 antaga
752 553 31 19 ett
798 549 52 22 ned-

98 585 84 29 gående
197 586 23 21 af
234 586 128 21 densamma.

167 621 150 27 Bevillningen
332 620 22 21 af
368 619 145 29 maltdrycker
527 622 23 19 är
566 621 7 20 i
588 619 42 22 den
653 619 79 28 nådiga
754 619 96 28 proposi-

99 655 74 20 tionen
187 654 109 21 beräknad
310 654 33 21 till
358 656 60 19 netto
434 655 89 25 625,000
538 653 66 27 mark,
614 661 49 13 men
678 653 88 21 emedan
782 653 70 21 denna

99 688 63 27 skatt,
178 695 44 14 som
237 688 68 21 under
323 687 42 22 den
387 691 85 18 senaste
494 687 60 22 tiden
576 688 80 21 lemnat
678 695 27 13 en
727 687 23 21 år
772 687 34 20 för
828 685 23 22 år

99 723 69 20 starkt
182 722 98 28 stigande
295 722 129 28 afkastning,
439 721 24 22 år
479 723 55 20 1889
548 721 126 28 inbringade
687 722 89 25 641,000
792 720 59 22 mark

99 757 42 21 och
156 757 22 20 år
194 757 61 26 1890,
270 756 24 21 så
308 756 47 21 vidt
368 764 50 13 man
433 756 42 21 kan
491 756 63 21 döma
570 755 22 22 af
607 755 27 22 de
654 757 58 19 ännu
733 755 49 22 icke
802 755 50 20 full-

100 791 94 28 ständigt
209 791 101 20 inkomna
323 790 145 29 uppgifterna,
482 791 65 20 minst
563 791 89 25 690,000
666 789 66 26 mark,
747 789 38 21 har
800 788 51 22 den-

100 832 79 13 samma
193 825 35 20 för
242 824 24 21 år
281 825 53 21 1891
350 824 115 21 beräknats
480 824 33 21 till
528 827 59 18 netto
603 825 90 25 715,000
708 823 65 22 mark.

168 859 171 21 Militiefondens
354 858 106 22 ordinarie
476 858 122 26 inkomster,
620 858 24 21 af
664 858 84 22 hvilkas
771 857 80 22 storlek

101 893 101 29 beloppet
216 892 68 22 under
298 892 46 22 året
359 892 99 22 använda
475 892 200 28 bevillningsmedel
696 892 67 26 beror,
786 891 65 21 hafva

100 928 7 20 i
122 928 146 27 Regeringens
284 927 72 28 kalkyl
370 927 136 28 uppskattats
528 927 34 21 till
584 927 110 26 1,890,000
716 926 66 26 mark,
803 933 49 13 men

100 962 23 20 af
138 962 52 26 skäl,
205 969 46 13 som
265 961 127 21 framhållits
408 962 7 20 i
430 960 130 22 Ständernas
575 960 148 28 underdåniga
738 968 49 14 svar
797 960 7 20 i
814 967 37 13 an-

100 995 88 29 ledning
203 995 22 21 af
240 995 78 29 nådiga
333 996 161 28 propositionen
510 1002 34 14 om
559 994 117 22 anvisande
698 994 24 22 af
735 994 70 21 medel
819 993 32 21 till

100 1030 138 21 bestridande
263 1030 22 21 af
306 1029 144 22 kostnaderna
472 1030 35 20 för
529 1029 42 21 den
593 1029 69 21 finska
683 1029 111 25 militären,
814 1028 38 21 har

100 1064 71 21 denna
186 1067 48 25 post
248 1064 74 22 blifvit
336 1063 51 29 höjd
402 1064 33 20 till
451 1064 109 26 1,940,000
575 1063 66 21 mark.

173 1098 75 21 Såsom
263 1098 93 21 inkomst
370 1098 35 20 för
420 1097 24 21 år
460 1098 54 21 1891
529 1098 39 20 har
578 1098 78 28 jemväl
666 1097 134 21 observerats
811 1096 41 21 den

101 1132 133 28 öfverföring
249 1132 48 21 från
313 1132 105 21 allmänna
436 1132 136 21 statsfonden
594 1131 32 21 till
648 1130 204 22 kommunikations-

101 1166 81 21 fonden
194 1166 23 21 af
232 1167 109 26 6,500,000
356 1166 66 26 mark,
438 1173 45 14 som
499 1166 23 21 af
536 1166 68 21 Eders
615 1166 122 28 Kejserliga
751 1165 103 28 Majestät

101 1201 7 20 i
123 1200 67 22 nåder
204 1201 130 28 medgifvits,
350 1200 112 22 äfvensom
478 1200 42 21 den
535 1201 7 20 i
558 1200 36 21 det
609 1199 130 28 föregående
762 1198 92 22 nämnda

102 1235 145 28 ersättningen
262 1235 23 21 af
300 1235 75 26 50,000
391 1235 60 20 mark
466 1234 49 21 från
537 1234 106 21 allmänna
665 1233 135 22 statsfonden
821 1232 32 21 till

101 1269 155 21 militiefonden
272 1269 34 21 för
321 1269 26 21 de
363 1270 7 19 i
385 1269 43 21 den
442 1269 59 20 förra
516 1269 89 20 influtna
619 1269 153 20 militieräntor.

170 1303 70 21 Bland
255 1303 89 28 utgifter
359 1302 51 29 ingå
424 1303 32 20 uti
471 1303 101 28 kalkylen
587 1303 7 20 i
610 1302 41 21 den
667 1301 79 29 nådiga
757 1301 97 29 proposi-

101 1337 75 21 tionen
190 1337 117 22 understöd
322 1337 34 21 för
370 1337 122 21 folkskolor
505 1337 50 21 med
564 1337 8 20 i
582 1336 100 21 medeltal
694 1337 88 26 950,000
795 1335 60 21 mark

101 1371 35 20 för
151 1371 50 21 åren
218 1372 145 21 1890—1891.
393 1371 59 21 Enär
472 1371 63 21 dessa
556 1370 49 21 från
625 1370 23 21 är
671 1371 53 20 1887
745 1370 34 21 till
800 1369 54 22 1889

102 1405 60 28 stigit
182 1405 47 21 från
253 1406 89 25 745,000
364 1405 33 20 till
420 1405 90 26 876,000
534 1404 50 21 eller
607 1404 48 21 med
679 1405 88 25 131,000
791 1402 64 26 mark,
