<?xml version="1.0" encoding="UTF-8"?>
<alto xmlns="http://www.loc.gov/standards/alto/ns-v3#" xmlns:xlink="http://www.w3.org/1999/xlink" xmlns:xsi="http://www.w3.org/2001/XMLSchema-instance" xsi:schemaLocation="http://www.loc.gov/standards/alto/ns-v3# http://www.loc.gov/alto/v3/alto-3-0.xsd">
	<Description>
		<MeasurementUnit>pixel</MeasurementUnit>
		<sourceImageInformation>
			<fileName>/tmp/tess_3711pupt_input.PNG</fileName>
		</sourceImageInformation>
		<OCRProcessing ID="OCR_0">
			<ocrProcessingStep>
				<processingSoftware>
					<softwareName>tesseract 5.3.4</softwareName>
				</processingSoftware>
			</ocrProcessingStep>
		</OCRProcessing>
	</Description>
	<Layout>
		<Page WIDTH="1056" HEIGHT="1650" PHYSICAL_IMG_NR="0" ID="page_0">
			<PrintSpace HPOS="0" VPOS="0" WIDTH="1056" HEIGHT="1650">
				<ComposedBlock ID="cblock_0" HPOS="246" VPOS="139" WIDTH="503" HEIGHT="28">
					<TextBlock ID="block_0" HPOS="246" VPOS="139" WIDTH="503" HEIGHT="28">
						<TextLine ID="line_0" HPOS="246" VPOS="139" WIDTH="503" HEIGHT="28">
							<String ID="string_0" HPOS="246" VPOS="140" WIDTH="12" HEIGHT="20" WC="0.95" CONTENT="2"/><SP WIDTH="179" VPOS="140" HPOS="258"/>
							<String ID="string_1" HPOS="437" VPOS="139" WIDTH="30" HEIGHT="23" WC="0.91" CONTENT="U."/><SP WIDTH="15" VPOS="139" HPOS="467"/>
							<String ID="string_2" HPOS="482" VPOS="140" WIDTH="27" HEIGHT="21" WC="0.91" CONTENT="B."/><SP WIDTH="15" VPOS="140" HPOS="509"/>
							<String ID="string_3" HPOS="524" VPOS="152" WIDTH="30" HEIGHT="3" WC="0.93" CONTENT="—"/><SP WIDTH="15" VPOS="152" HPOS="554"/>
							<String ID="string_4" HPOS="569" VPOS="139" WIDTH="71" HEIGHT="28" WC="0.95" CONTENT="Prop."/><SP WIDTH="17" VPOS="139" HPOS="640"/>
							<String ID="string_5" HPOS="657" VPOS="140" WIDTH="42" HEIGHT="22" WC="0.93" CONTENT="N:o"/><SP WIDTH="15" VPOS="140" HPOS="699"/>
							<String ID="string_6" HPOS="714" VPOS="139" WIDTH="35" HEIGHT="22" WC="0.96" CONTENT="17."/>
						</TextLine>
					</TextBlock>
				</ComposedBlock>
				<ComposedBlock ID="cblock_1" HPOS="216" VPOS="205" WIDTH="758" HEIGHT="304">
					<TextBlock ID="block_1" HPOS="216" VPOS="205" WIDTH="758" HEIGHT="164">
						<TextLine ID="line_1" HPOS="217" VPOS="205" WIDTH="757" HEIGHT="28">
							<String ID="string_7" HPOS="217" VPOS="205" WIDTH="100" HEIGHT="23" WC="0.93" CONTENT="Finlands"/><SP WIDTH="24" VPOS="205" HPOS="317"/>
							<String ID="string_8" HPOS="341" VPOS="205" WIDTH="94" HEIGHT="27" WC="0.91" CONTENT="Ständer,"/><SP WIDTH="22" VPOS="205" HPOS="435"/>
							<String ID="string_9" HPOS="457" VPOS="206" WIDTH="68" HEIGHT="22" WC="0.96" CONTENT="under"/><SP WIDTH="22" VPOS="206" HPOS="525"/>
							<String ID="string_10" HPOS="547" VPOS="206" WIDTH="153" HEIGHT="27" WC="0.96" CONTENT="förutsättning"/><SP WIDTH="18" VPOS="206" HPOS="700"/>
							<String ID="string_11" HPOS="718" VPOS="207" WIDTH="32" HEIGHT="21" WC="0.96" CONTENT="att"/><SP WIDTH="22" VPOS="207" HPOS="750"/>
							<String ID="string_12" HPOS="772" VPOS="205" WIDTH="59" HEIGHT="22" WC="0.94" CONTENT="Hans"/><SP WIDTH="23" VPOS="205" HPOS="831"/>
							<String ID="string_13" HPOS="854" VPOS="205" WIDTH="120" HEIGHT="28" WC="0.89" CONTENT="Kejserliga"/>
						</TextLine>
						<TextLine ID="line_2" HPOS="217" VPOS="239" WIDTH="757" HEIGHT="29">
							<String ID="string_14" HPOS="217" VPOS="239" WIDTH="101" HEIGHT="28" WC="0.96" CONTENT="Majestät"/><SP WIDTH="17" VPOS="239" HPOS="318"/>
							<String ID="string_15" HPOS="335" VPOS="240" WIDTH="34" HEIGHT="22" WC="0.93" CONTENT="för"/><SP WIDTH="19" VPOS="240" HPOS="369"/>
							<String ID="string_16" HPOS="388" VPOS="240" WIDTH="149" HEIGHT="28" WC="0.91" CONTENT="maltdrycker,"/><SP WIDTH="20" VPOS="240" HPOS="537"/>
							<String ID="string_17" HPOS="557" VPOS="246" WIDTH="45" HEIGHT="16" WC="0.96" CONTENT="som"/><SP WIDTH="18" VPOS="246" HPOS="602"/>
							<String ID="string_18" HPOS="620" VPOS="240" WIDTH="32" HEIGHT="22" WC="0.96" CONTENT="till"/><SP WIDTH="15" VPOS="240" HPOS="652"/>
							<String ID="string_19" HPOS="667" VPOS="240" WIDTH="73" HEIGHT="22" WC="0.96" CONTENT="landet"/><SP WIDTH="14" VPOS="240" HPOS="740"/>
							<String ID="string_20" HPOS="754" VPOS="240" WIDTH="87" HEIGHT="26" WC="0.96" CONTENT="införas,"/><SP WIDTH="16" VPOS="240" HPOS="841"/>
							<String ID="string_21" HPOS="857" VPOS="240" WIDTH="117" HEIGHT="22" WC="0.96" CONTENT="fastställer"/>
						</TextLine>
						<TextLine ID="line_3" HPOS="217" VPOS="274" WIDTH="757" HEIGHT="28">
							<String ID="string_22" HPOS="217" VPOS="274" WIDTH="66" HEIGHT="22" WC="0.93" CONTENT="sådan"/><SP WIDTH="15" VPOS="274" HPOS="283"/>
							<String ID="string_23" HPOS="298" VPOS="274" WIDTH="156" HEIGHT="28" WC="0.91" CONTENT="införselafgift,"/><SP WIDTH="17" VPOS="274" HPOS="454"/>
							<String ID="string_24" HPOS="471" VPOS="276" WIDTH="32" HEIGHT="20" WC="0.96" CONTENT="att"/><SP WIDTH="15" VPOS="276" HPOS="503"/>
							<String ID="string_25" HPOS="518" VPOS="275" WIDTH="41" HEIGHT="21" WC="0.96" CONTENT="den"/><SP WIDTH="14" VPOS="275" HPOS="559"/>
							<String ID="string_26" HPOS="573" VPOS="274" WIDTH="111" HEIGHT="22" WC="0.95" CONTENT="inhemska"/><SP WIDTH="15" VPOS="274" HPOS="684"/>
							<String ID="string_27" HPOS="699" VPOS="274" WIDTH="162" HEIGHT="28" WC="0.96" CONTENT="tillverkningen"/><SP WIDTH="15" VPOS="274" HPOS="861"/>
							<String ID="string_28" HPOS="876" VPOS="274" WIDTH="50" HEIGHT="22" WC="0.93" CONTENT="fullt"/><SP WIDTH="15" VPOS="274" HPOS="926"/>
							<String ID="string_29" HPOS="941" VPOS="276" WIDTH="33" HEIGHT="20" WC="0.93" CONTENT="sä-"/>
						</TextLine>
						<TextLine ID="line_4" HPOS="216" VPOS="308" WIDTH="758" HEIGHT="28">
							<String ID="string_30" HPOS="216" VPOS="309" WIDTH="119" HEIGHT="27" WC="0.90" CONTENT="kerställes,"/><SP WIDTH="22" VPOS="309" HPOS="335"/>
							<String ID="string_31" HPOS="357" VPOS="310" WIDTH="48" HEIGHT="21" WC="0.96" CONTENT="ville"/><SP WIDTH="20" VPOS="310" HPOS="405"/>
							<String ID="string_32" HPOS="425" VPOS="309" WIDTH="32" HEIGHT="22" WC="0.96" CONTENT="för"/><SP WIDTH="16" VPOS="309" HPOS="457"/>
							<String ID="string_33" HPOS="473" VPOS="310" WIDTH="31" HEIGHT="21" WC="0.96" CONTENT="sin"/><SP WIDTH="17" VPOS="310" HPOS="504"/>
							<String ID="string_34" HPOS="521" VPOS="309" WIDTH="34" HEIGHT="22" WC="0.96" CONTENT="del"/><SP WIDTH="15" VPOS="309" HPOS="555"/>
							<String ID="string_35" HPOS="570" VPOS="310" WIDTH="78" HEIGHT="26" WC="0.96" CONTENT="antaga"/><SP WIDTH="14" VPOS="310" HPOS="648"/>
							<String ID="string_36" HPOS="662" VPOS="316" WIDTH="27" HEIGHT="14" WC="0.96" CONTENT="en"/><SP WIDTH="15" VPOS="316" HPOS="689"/>
							<String ID="string_37" HPOS="704" VPOS="309" WIDTH="24" HEIGHT="22" WC="0.96" CONTENT="så"/><SP WIDTH="14" VPOS="309" HPOS="728"/>
							<String ID="string_38" HPOS="742" VPOS="309" WIDTH="92" HEIGHT="27" WC="0.96" CONTENT="lydande"/><SP WIDTH="16" VPOS="309" HPOS="834"/>
							<String ID="string_39" HPOS="850" VPOS="308" WIDTH="124" HEIGHT="28" WC="0.93" CONTENT="förordning"/>
						</TextLine>
						<TextLine ID="line_5" HPOS="216" VPOS="344" WIDTH="62" HEIGHT="25">
							<String ID="string_40" HPOS="216" VPOS="344" WIDTH="62" HEIGHT="25" WC="0.3" CONTENT="etc&quot;;"/>
						</TextLine>
					</TextBlock>
					<TextBlock ID="block_2" HPOS="217" VPOS="377" WIDTH="756" HEIGHT="63">
						<TextLine ID="line_6" HPOS="286" VPOS="377" WIDTH="687" HEIGHT="28">
							<String ID="string_41" HPOS="286" VPOS="379" WIDTH="32" HEIGHT="20" WC="0.96" CONTENT="att"/><SP WIDTH="22" VPOS="379" HPOS="318"/>
							<String ID="string_42" HPOS="340" VPOS="378" WIDTH="33" HEIGHT="21" WC="0.93" CONTENT="för"/><SP WIDTH="18" VPOS="378" HPOS="373"/>
							<String ID="string_43" HPOS="391" VPOS="378" WIDTH="11" HEIGHT="27" WC="0.76" CONTENT="$"/><SP WIDTH="17" VPOS="378" HPOS="402"/>
							<String ID="string_44" HPOS="419" VPOS="378" WIDTH="10" HEIGHT="21" WC="0.93" CONTENT="1"/><SP WIDTH="18" VPOS="378" HPOS="429"/>
							<String ID="string_45" HPOS="447" VPOS="378" WIDTH="109" HEIGHT="22" WC="0.92" CONTENT="eventuelt"/><SP WIDTH="13" VPOS="378" HPOS="556"/>
							<String ID="string_46" HPOS="569" VPOS="378" WIDTH="113" HEIGHT="27" WC="0.95" CONTENT="godkänna"/><SP WIDTH="16" VPOS="378" HPOS="682"/>
							<String ID="string_47" HPOS="698" VPOS="378" WIDTH="41" HEIGHT="22" WC="0.96" CONTENT="den"/><SP WIDTH="15" VPOS="378" HPOS="739"/>
							<String ID="string_48" HPOS="754" VPOS="378" WIDTH="87" HEIGHT="27" WC="0.96" CONTENT="lydelse,"/><SP WIDTH="16" VPOS="378" HPOS="841"/>
							<String ID="string_49" HPOS="857" VPOS="384" WIDTH="46" HEIGHT="16" WC="0.93" CONTENT="som"/><SP WIDTH="14" VPOS="384" HPOS="903"/>
							<String ID="string_50" HPOS="917" VPOS="377" WIDTH="56" HEIGHT="22" WC="0.93" CONTENT="före-"/>
						</TextLine>
						<TextLine ID="line_7" HPOS="217" VPOS="412" WIDTH="501" HEIGHT="28">
							<String ID="string_51" HPOS="217" VPOS="412" WIDTH="74" HEIGHT="28" WC="0.96" CONTENT="slagits"/><SP WIDTH="15" VPOS="412" HPOS="291"/>
							<String ID="string_52" HPOS="306" VPOS="413" WIDTH="7" HEIGHT="21" WC="0.96" CONTENT="i"/><SP WIDTH="16" VPOS="413" HPOS="313"/>
							<String ID="string_53" HPOS="329" VPOS="413" WIDTH="38" HEIGHT="21" WC="0.96" CONTENT="den"/><SP WIDTH="17" VPOS="413" HPOS="367"/>
							<String ID="string_54" HPOS="384" VPOS="413" WIDTH="79" HEIGHT="27" WC="0.95" CONTENT="nådiga"/><SP WIDTH="14" VPOS="413" HPOS="463"/>
							<String ID="string_55" HPOS="477" VPOS="413" WIDTH="169" HEIGHT="27" WC="0.96" CONTENT="propositionen;"/><SP WIDTH="16" VPOS="413" HPOS="646"/>
							<String ID="string_56" HPOS="662" VPOS="414" WIDTH="56" HEIGHT="20" WC="0.96" CONTENT="samt"/>
						</TextLine>
					</TextBlock>
					<TextBlock ID="block_3" HPOS="217" VPOS="446" WIDTH="756" HEIGHT="63">
						<TextLine ID="line_8" HPOS="286" VPOS="446" WIDTH="687" HEIGHT="28">
							<String ID="string_57" HPOS="286" VPOS="448" WIDTH="32" HEIGHT="20" WC="0.96" CONTENT="att"/><SP WIDTH="15" VPOS="448" HPOS="318"/>
							<String ID="string_58" HPOS="333" VPOS="446" WIDTH="34" HEIGHT="22" WC="0.96" CONTENT="för"/><SP WIDTH="15" VPOS="446" HPOS="367"/>
							<String ID="string_59" HPOS="382" VPOS="447" WIDTH="63" HEIGHT="27" WC="0.96" CONTENT="öfrigt"/><SP WIDTH="16" VPOS="447" HPOS="445"/>
							<String ID="string_60" HPOS="461" VPOS="447" WIDTH="113" HEIGHT="27" WC="0.96" CONTENT="godkänna"/><SP WIDTH="15" VPOS="447" HPOS="574"/>
							<String ID="string_61" HPOS="589" VPOS="447" WIDTH="122" HEIGHT="21" WC="0.96" CONTENT="Utskottets"/><SP WIDTH="16" VPOS="447" HPOS="711"/>
							<String ID="string_62" HPOS="727" VPOS="446" WIDTH="85" HEIGHT="27" WC="0.96" CONTENT="förslag,"/><SP WIDTH="17" VPOS="446" HPOS="812"/>
							<String ID="string_63" HPOS="829" VPOS="446" WIDTH="49" HEIGHT="22" WC="0.93" CONTENT="med"/><SP WIDTH="15" VPOS="446" HPOS="878"/>
							<String ID="string_64" HPOS="893" VPOS="446" WIDTH="80" HEIGHT="22" WC="0.92" CONTENT="undan-"/>
						</TextLine>
						<TextLine ID="line_9" HPOS="217" VPOS="480" WIDTH="589" HEIGHT="29">
							<String ID="string_65" HPOS="217" VPOS="482" WIDTH="37" HEIGHT="26" WC="0.95" CONTENT="tag"/><SP WIDTH="15" VPOS="482" HPOS="254"/>
							<String ID="string_66" HPOS="269" VPOS="481" WIDTH="24" HEIGHT="21" WC="0.93" CONTENT="af"/><SP WIDTH="14" VPOS="481" HPOS="293"/>
							<String ID="string_67" HPOS="307" VPOS="481" WIDTH="10" HEIGHT="28" WC="0.90" CONTENT="$"/><SP WIDTH="16" VPOS="481" HPOS="317"/>
							<String ID="string_68" HPOS="333" VPOS="482" WIDTH="20" HEIGHT="26" WC="0.96" CONTENT="4,"/><SP WIDTH="16" VPOS="482" HPOS="353"/>
							<String ID="string_69" HPOS="369" VPOS="482" WIDTH="86" HEIGHT="22" WC="0.96" CONTENT="hvilken"/><SP WIDTH="16" VPOS="482" HPOS="455"/>
							<String ID="string_70" HPOS="471" VPOS="481" WIDTH="44" HEIGHT="22" WC="0.96" CONTENT="helt"/><SP WIDTH="16" VPOS="481" HPOS="515"/>
							<String ID="string_71" HPOS="531" VPOS="481" WIDTH="40" HEIGHT="22" WC="0.96" CONTENT="och"/><SP WIDTH="15" VPOS="481" HPOS="571"/>
							<String ID="string_72" HPOS="586" VPOS="481" WIDTH="66" HEIGHT="22" WC="0.95" CONTENT="hållet"/><SP WIDTH="14" VPOS="481" HPOS="652"/>
							<String ID="string_73" HPOS="666" VPOS="481" WIDTH="68" HEIGHT="22" WC="0.96" CONTENT="borde"/><SP WIDTH="15" VPOS="481" HPOS="734"/>
							<String ID="string_74" HPOS="749" VPOS="480" WIDTH="57" HEIGHT="28" WC="0.96" CONTENT="utgå."/>
						</TextLine>
					</TextBlock>
				</ComposedBlock>
				<ComposedBlock ID="cblock_2" HPOS="217" VPOS="629" WIDTH="756" HEIGHT="133">
					<TextBlock ID="block_4" HPOS="285" VPOS="629" WIDTH="644" HEIGHT="29">
						<TextLine ID="line_10" HPOS="285" VPOS="629" WIDTH="644" HEIGHT="29">
							<String ID="string_75" HPOS="285" VPOS="630" WIDTH="161" HEIGHT="23" WC="0.92" CONTENT="Bondeståndet"/><SP WIDTH="14" VPOS="630" HPOS="446"/>
							<String ID="string_76" HPOS="460" VPOS="631" WIDTH="39" HEIGHT="22" WC="0.96" CONTENT="har"/><SP WIDTH="15" VPOS="631" HPOS="499"/>
							<String ID="string_77" HPOS="514" VPOS="630" WIDTH="94" HEIGHT="28" WC="0.96" CONTENT="godkänt"/><SP WIDTH="14" VPOS="630" HPOS="608"/>
							<String ID="string_78" HPOS="622" VPOS="631" WIDTH="146" HEIGHT="22" WC="0.93" CONTENT="betänkandet"/><SP WIDTH="16" VPOS="631" HPOS="768"/>
							<String ID="string_79" HPOS="784" VPOS="629" WIDTH="145" HEIGHT="23" WC="0.91" CONTENT="oförändradt."/>
						</TextLine>
					</TextBlock>
					<TextBlock ID="block_5" HPOS="217" VPOS="665" WIDTH="756" HEIGHT="97">
						<TextLine ID="line_11" HPOS="285" VPOS="665" WIDTH="688" HEIGHT="28">
							<String ID="string_80" HPOS="285" VPOS="665" WIDTH="70" HEIGHT="22" WC="0.92" CONTENT="Häraf"/><SP WIDTH="13" VPOS="665" HPOS="355"/>
							<String ID="string_81" HPOS="368" VPOS="665" WIDTH="94" HEIGHT="27" WC="0.95" CONTENT="framgår"/><SP WIDTH="15" VPOS="665" HPOS="462"/>
							<String ID="string_82" HPOS="477" VPOS="665" WIDTH="133" HEIGHT="22" WC="0.96" CONTENT="beträffande"/><SP WIDTH="14" VPOS="665" HPOS="610"/>
							<String ID="string_83" HPOS="624" VPOS="666" WIDTH="54" HEIGHT="21" WC="0.96" CONTENT="först"/><SP WIDTH="10" VPOS="666" HPOS="678"/>
							<String ID="string_84" HPOS="688" VPOS="666" WIDTH="109" HEIGHT="27" WC="0.95" CONTENT="ingressen"/><SP WIDTH="11" VPOS="666" HPOS="797"/>
							<String ID="string_85" HPOS="808" VPOS="665" WIDTH="32" HEIGHT="21" WC="0.96" CONTENT="att"/><SP WIDTH="11" VPOS="665" HPOS="840"/>
							<String ID="string_86" HPOS="851" VPOS="665" WIDTH="122" HEIGHT="21" WC="0.95" CONTENT="densamma"/>
						</TextLine>
						<TextLine ID="line_12" HPOS="217" VPOS="698" WIDTH="755" HEIGHT="29">
							<String ID="string_87" HPOS="217" VPOS="699" WIDTH="66" HEIGHT="27" WC="0.96" CONTENT="enligt"/><SP WIDTH="16" VPOS="699" HPOS="283"/>
							<String ID="string_88" HPOS="299" VPOS="699" WIDTH="122" HEIGHT="22" WC="0.96" CONTENT="Utskottets"/><SP WIDTH="14" VPOS="699" HPOS="421"/>
							<String ID="string_89" HPOS="435" VPOS="699" WIDTH="81" HEIGHT="28" WC="0.96" CONTENT="förslag"/><SP WIDTH="16" VPOS="699" HPOS="516"/>
							<String ID="string_90" HPOS="532" VPOS="700" WIDTH="23" HEIGHT="21" WC="0.96" CONTENT="af"/><SP WIDTH="14" VPOS="700" HPOS="555"/>
							<String ID="string_91" HPOS="569" VPOS="701" WIDTH="32" HEIGHT="20" WC="0.96" CONTENT="tre"/><SP WIDTH="16" VPOS="701" HPOS="601"/>
							<String ID="string_92" HPOS="617" VPOS="699" WIDTH="63" HEIGHT="23" WC="0.96" CONTENT="stånd"/><SP WIDTH="15" VPOS="699" HPOS="680"/>
							<String ID="string_93" HPOS="695" VPOS="700" WIDTH="113" HEIGHT="27" WC="0.93" CONTENT="godkänts,"/><SP WIDTH="16" VPOS="700" HPOS="808"/>
							<String ID="string_94" HPOS="824" VPOS="699" WIDTH="99" HEIGHT="22" WC="0.92" CONTENT="hvarföre"/><SP WIDTH="10" VPOS="699" HPOS="923"/>
							<String ID="string_95" HPOS="933" VPOS="698" WIDTH="39" HEIGHT="22" WC="0.92" CONTENT="Ut-"/>
						</TextLine>
						<TextLine ID="line_13" HPOS="217" VPOS="733" WIDTH="350" HEIGHT="29">
							<String ID="string_96" HPOS="217" VPOS="734" WIDTH="80" HEIGHT="21" WC="0.96" CONTENT="skottet"/><SP WIDTH="14" VPOS="734" HPOS="297"/>
							<String ID="string_97" HPOS="311" VPOS="733" WIDTH="33" HEIGHT="22" WC="0.93" CONTENT="får"/><SP WIDTH="14" VPOS="733" HPOS="344"/>
							<String ID="string_98" HPOS="358" VPOS="734" WIDTH="110" HEIGHT="22" WC="0.92" CONTENT="vördsamt"/><SP WIDTH="14" VPOS="734" HPOS="468"/>
							<String ID="string_99" HPOS="482" VPOS="734" WIDTH="85" HEIGHT="28" WC="0.96" CONTENT="föreslå,"/>
						</TextLine>
					</TextBlock>
				</ComposedBlock>
				<ComposedBlock ID="cblock_3" HPOS="354" VPOS="802" WIDTH="619" HEIGHT="97">
					<TextBlock ID="block_6" HPOS="354" VPOS="802" WIDTH="619" HEIGHT="97">
						<TextLine ID="line_14" HPOS="423" VPOS="802" WIDTH="550" HEIGHT="28">
							<String ID="string_100" HPOS="423" VPOS="805" WIDTH="32" HEIGHT="19" WC="0.92" CONTENT="att"/><SP WIDTH="21" VPOS="805" HPOS="455"/>
							<String ID="string_101" HPOS="476" VPOS="802" WIDTH="188" HEIGHT="28" WC="0.91" CONTENT="Borgareståndet,"/><SP WIDTH="24" VPOS="802" HPOS="664"/>
							<String ID="string_102" HPOS="688" VPOS="802" WIDTH="48" HEIGHT="28" WC="0.93" CONTENT="med"/><SP WIDTH="13" VPOS="802" HPOS="736"/>
							<String ID="string_103" HPOS="749" VPOS="802" WIDTH="133" HEIGHT="27" WC="0.91" CONTENT="frångående"/><SP WIDTH="15" VPOS="802" HPOS="882"/>
							<String ID="string_104" HPOS="897" VPOS="802" WIDTH="28" HEIGHT="27" WC="0.96" CONTENT="af"/><SP WIDTH="10" VPOS="802" HPOS="925"/>
							<String ID="string_105" HPOS="935" VPOS="803" WIDTH="38" HEIGHT="20" WC="0.96" CONTENT="sitt"/>
						</TextLine>
						<TextLine ID="line_15" HPOS="354" VPOS="836" WIDTH="619" HEIGHT="28">
							<String ID="string_106" HPOS="354" VPOS="837" WIDTH="89" HEIGHT="27" WC="0.96" CONTENT="tidigare"/><SP WIDTH="23" VPOS="837" HPOS="443"/>
							<String ID="string_107" HPOS="466" VPOS="837" WIDTH="80" HEIGHT="27" WC="0.92" CONTENT="fattade"/><SP WIDTH="23" VPOS="837" HPOS="546"/>
							<String ID="string_108" HPOS="569" VPOS="837" WIDTH="66" HEIGHT="22" WC="0.96" CONTENT="beslut"/><SP WIDTH="21" VPOS="837" HPOS="635"/>
							<String ID="string_109" HPOS="656" VPOS="837" WIDTH="9" HEIGHT="21" WC="0.96" CONTENT="i"/><SP WIDTH="22" VPOS="837" HPOS="665"/>
							<String ID="string_110" HPOS="687" VPOS="837" WIDTH="69" HEIGHT="22" WC="0.96" CONTENT="denna"/><SP WIDTH="22" VPOS="837" HPOS="756"/>
							<String ID="string_111" HPOS="778" VPOS="836" WIDTH="38" HEIGHT="27" WC="0.95" CONTENT="del,"/><SP WIDTH="17" VPOS="836" HPOS="816"/>
							<String ID="string_112" HPOS="833" VPOS="836" WIDTH="47" HEIGHT="22" WC="0.96" CONTENT="ville"/><SP WIDTH="15" VPOS="836" HPOS="880"/>
							<String ID="string_113" HPOS="895" VPOS="838" WIDTH="78" HEIGHT="26" WC="0.96" CONTENT="antaga"/>
						</TextLine>
						<TextLine ID="line_16" HPOS="354" VPOS="871" WIDTH="462" HEIGHT="28">
							<String ID="string_114" HPOS="354" VPOS="871" WIDTH="39" HEIGHT="22" WC="0.96" CONTENT="den"/><SP WIDTH="16" VPOS="871" HPOS="393"/>
							<String ID="string_115" HPOS="409" VPOS="872" WIDTH="28" HEIGHT="26" WC="0.94" CONTENT="af"/><SP WIDTH="14" VPOS="872" HPOS="437"/>
							<String ID="string_116" HPOS="451" VPOS="871" WIDTH="102" HEIGHT="22" WC="0.96" CONTENT="Utskottet"/><SP WIDTH="14" VPOS="871" HPOS="553"/>
							<String ID="string_117" HPOS="567" VPOS="871" WIDTH="119" HEIGHT="28" WC="0.95" CONTENT="föreslagna"/><SP WIDTH="16" VPOS="871" HPOS="686"/>
							<String ID="string_118" HPOS="702" VPOS="872" WIDTH="114" HEIGHT="27" WC="0.96" CONTENT="ingressen."/>
						</TextLine>
					</TextBlock>
				</ComposedBlock>
				<ComposedBlock ID="cblock_4" HPOS="214" VPOS="957" WIDTH="759" HEIGHT="379">
					<TextBlock ID="block_7" HPOS="214" VPOS="957" WIDTH="759" HEIGHT="171">
						<TextLine ID="line_17" HPOS="574" VPOS="957" WIDTH="39" HEIGHT="28">
							<String ID="string_119" HPOS="574" VPOS="957" WIDTH="39" HEIGHT="28" WC="0.94" CONTENT="81"/>
						</TextLine>
						<TextLine ID="line_18" HPOS="216" VPOS="997" WIDTH="757" HEIGHT="28">
							<String ID="string_120" HPOS="216" VPOS="997" WIDTH="64" HEIGHT="22" WC="0.88" CONTENT="hafva"/><SP WIDTH="15" VPOS="997" HPOS="280"/>
							<String ID="string_121" HPOS="295" VPOS="997" WIDTH="158" HEIGHT="28" WC="0.91" CONTENT="Ridderskapet"/><SP WIDTH="15" VPOS="997" HPOS="453"/>
							<String ID="string_122" HPOS="468" VPOS="998" WIDTH="39" HEIGHT="22" WC="0.93" CONTENT="och"/><SP WIDTH="16" VPOS="998" HPOS="507"/>
							<String ID="string_123" HPOS="523" VPOS="998" WIDTH="68" HEIGHT="22" WC="0.92" CONTENT="Adeln"/><SP WIDTH="15" VPOS="998" HPOS="591"/>
							<String ID="string_124" HPOS="606" VPOS="1000" WIDTH="55" HEIGHT="20" WC="0.93" CONTENT="samt"/><SP WIDTH="14" VPOS="1000" HPOS="661"/>
							<String ID="string_125" HPOS="675" VPOS="997" WIDTH="181" HEIGHT="28" WC="0.92" CONTENT="Borgareständet"/><SP WIDTH="10" VPOS="997" HPOS="856"/>
							<String ID="string_126" HPOS="866" VPOS="997" WIDTH="107" HEIGHT="22" WC="0.92" CONTENT="eventuelt"/>
						</TextLine>
						<TextLine ID="line_19" HPOS="215" VPOS="1031" WIDTH="758" HEIGHT="28">
							<String ID="string_127" HPOS="215" VPOS="1031" WIDTH="95" HEIGHT="26" WC="0.91" CONTENT="godkänt"/><SP WIDTH="23" VPOS="1031" HPOS="310"/>
							<String ID="string_128" HPOS="333" VPOS="1031" WIDTH="66" HEIGHT="28" WC="0.96" CONTENT="enligt"/><SP WIDTH="23" VPOS="1031" HPOS="399"/>
							<String ID="string_129" HPOS="422" VPOS="1032" WIDTH="42" HEIGHT="22" WC="0.91" CONTENT="den"/><SP WIDTH="18" VPOS="1032" HPOS="464"/>
							<String ID="string_130" HPOS="482" VPOS="1032" WIDTH="77" HEIGHT="27" WC="0.91" CONTENT="nädiga"/><SP WIDTH="15" VPOS="1032" HPOS="559"/>
							<String ID="string_131" HPOS="574" VPOS="1033" WIDTH="167" HEIGHT="26" WC="0.93" CONTENT="propositionen,"/><SP WIDTH="23" VPOS="1033" HPOS="741"/>
							<String ID="string_132" HPOS="764" VPOS="1032" WIDTH="110" HEIGHT="21" WC="0.91" CONTENT="hvaremot"/><SP WIDTH="15" VPOS="1032" HPOS="874"/>
							<String ID="string_133" HPOS="889" VPOS="1031" WIDTH="84" HEIGHT="22" WC="0.92" CONTENT="Preste-"/>
						</TextLine>
						<TextLine ID="line_20" HPOS="215" VPOS="1065" WIDTH="756" HEIGHT="28">
							<String ID="string_134" HPOS="215" VPOS="1065" WIDTH="86" HEIGHT="23" WC="0.92" CONTENT="ständet"/><SP WIDTH="16" VPOS="1065" HPOS="301"/>
							<String ID="string_135" HPOS="317" VPOS="1067" WIDTH="108" HEIGHT="22" WC="0.91" CONTENT="eventuelt"/><SP WIDTH="16" VPOS="1067" HPOS="425"/>
							<String ID="string_136" HPOS="441" VPOS="1067" WIDTH="40" HEIGHT="21" WC="0.93" CONTENT="och"/><SP WIDTH="15" VPOS="1067" HPOS="481"/>
							<String ID="string_137" HPOS="496" VPOS="1067" WIDTH="158" HEIGHT="22" WC="0.92" CONTENT="Bondeständet"/><SP WIDTH="14" VPOS="1067" HPOS="654"/>
							<String ID="string_138" HPOS="668" VPOS="1067" WIDTH="106" HEIGHT="22" WC="0.90" CONTENT="definitivt"/><SP WIDTH="14" VPOS="1067" HPOS="774"/>
							<String ID="string_139" HPOS="788" VPOS="1066" WIDTH="96" HEIGHT="27" WC="0.93" CONTENT="godkänt"/><SP WIDTH="9" VPOS="1066" HPOS="884"/>
							<String ID="string_140" HPOS="893" VPOS="1065" WIDTH="33" HEIGHT="28" WC="0.89" CONTENT="$:n"/><SP WIDTH="11" VPOS="1065" HPOS="926"/>
							<String ID="string_141" HPOS="937" VPOS="1072" WIDTH="34" HEIGHT="15" WC="0.93" CONTENT="en-"/>
						</TextLine>
						<TextLine ID="line_21" HPOS="214" VPOS="1099" WIDTH="207" HEIGHT="29">
							<String ID="string_142" HPOS="214" VPOS="1099" WIDTH="40" HEIGHT="29" WC="0.93" CONTENT="ligt"/><SP WIDTH="14" VPOS="1099" HPOS="254"/>
							<String ID="string_143" HPOS="268" VPOS="1101" WIDTH="153" HEIGHT="22" WC="0.92" CONTENT="betänkandet."/>
						</TextLine>
					</TextBlock>
					<TextBlock ID="block_8" HPOS="214" VPOS="1135" WIDTH="759" HEIGHT="201">
						<TextLine ID="line_22" HPOS="284" VPOS="1135" WIDTH="689" HEIGHT="29">
							<String ID="string_144" HPOS="284" VPOS="1136" WIDTH="58" HEIGHT="22" WC="0.92" CONTENT="Enär"/><SP WIDTH="22" VPOS="1136" HPOS="342"/>
							<String ID="string_145" HPOS="364" VPOS="1138" WIDTH="77" HEIGHT="20" WC="0.92" CONTENT="tvenne"/><SP WIDTH="24" VPOS="1138" HPOS="441"/>
							<String ID="string_146" HPOS="465" VPOS="1137" WIDTH="61" HEIGHT="21" WC="0.90" CONTENT="ständ"/><SP WIDTH="20" VPOS="1137" HPOS="526"/>
							<String ID="string_147" HPOS="546" VPOS="1138" WIDTH="87" HEIGHT="21" WC="0.93" CONTENT="motsatt"/><SP WIDTH="15" VPOS="1138" HPOS="633"/>
							<String ID="string_148" HPOS="648" VPOS="1136" WIDTH="32" HEIGHT="28" WC="0.96" CONTENT="sig"/><SP WIDTH="15" VPOS="1136" HPOS="680"/>
							<String ID="string_149" HPOS="695" VPOS="1142" WIDTH="27" HEIGHT="16" WC="0.93" CONTENT="en"/><SP WIDTH="14" VPOS="1142" HPOS="722"/>
							<String ID="string_150" HPOS="736" VPOS="1136" WIDTH="122" HEIGHT="27" WC="0.92" CONTENT="förhöjning"/><SP WIDTH="15" VPOS="1136" HPOS="858"/>
							<String ID="string_151" HPOS="873" VPOS="1135" WIDTH="23" HEIGHT="21" WC="0.97" CONTENT="af"/><SP WIDTH="14" VPOS="1135" HPOS="896"/>
							<String ID="string_152" HPOS="910" VPOS="1135" WIDTH="41" HEIGHT="21" WC="0.93" CONTENT="den"/><SP WIDTH="14" VPOS="1135" HPOS="951"/>
							<String ID="string_153" HPOS="965" VPOS="1136" WIDTH="8" HEIGHT="20" WC="0.93" CONTENT="i"/>
						</TextLine>
						<TextLine ID="line_23" HPOS="215" VPOS="1169" WIDTH="758" HEIGHT="29">
							<String ID="string_154" HPOS="215" VPOS="1169" WIDTH="78" HEIGHT="28" WC="0.91" CONTENT="nädiga"/><SP WIDTH="15" VPOS="1169" HPOS="293"/>
							<String ID="string_155" HPOS="308" VPOS="1171" WIDTH="160" HEIGHT="27" WC="0.96" CONTENT="propositionen"/><SP WIDTH="15" VPOS="1171" HPOS="468"/>
							<String ID="string_156" HPOS="483" VPOS="1170" WIDTH="121" HEIGHT="28" WC="0.93" CONTENT="föreslagna"/><SP WIDTH="15" VPOS="1170" HPOS="604"/>
							<String ID="string_157" HPOS="619" VPOS="1172" WIDTH="149" HEIGHT="25" WC="0.92" CONTENT="skattesatsen,"/><SP WIDTH="24" VPOS="1172" HPOS="768"/>
							<String ID="string_158" HPOS="792" VPOS="1170" WIDTH="87" HEIGHT="22" WC="0.92" CONTENT="hvilken"/><SP WIDTH="14" VPOS="1170" HPOS="879"/>
							<String ID="string_159" HPOS="893" VPOS="1169" WIDTH="80" HEIGHT="27" WC="0.91" CONTENT="förhöj-"/>
						</TextLine>
						<TextLine ID="line_24" HPOS="214" VPOS="1203" WIDTH="759" HEIGHT="29">
							<String ID="string_160" HPOS="214" VPOS="1204" WIDTH="62" HEIGHT="27" WC="0.96" CONTENT="nings"/><SP WIDTH="15" VPOS="1204" HPOS="276"/>
							<String ID="string_161" HPOS="291" VPOS="1205" WIDTH="159" HEIGHT="27" WC="0.96" CONTENT="nödvändighet"/><SP WIDTH="14" VPOS="1205" HPOS="450"/>
							<String ID="string_162" HPOS="464" VPOS="1205" WIDTH="45" HEIGHT="22" WC="0.96" CONTENT="icke"/><SP WIDTH="16" VPOS="1205" HPOS="509"/>
							<String ID="string_163" HPOS="525" VPOS="1205" WIDTH="71" HEIGHT="22" WC="0.93" CONTENT="blifvit"/><SP WIDTH="14" VPOS="1205" HPOS="596"/>
							<String ID="string_164" HPOS="610" VPOS="1205" WIDTH="125" HEIGHT="27" WC="0.58" CONTENT="ädagalagd,"/><SP WIDTH="17" VPOS="1205" HPOS="735"/>
							<String ID="string_165" HPOS="752" VPOS="1204" WIDTH="39" HEIGHT="22" WC="0.97" CONTENT="och"/><SP WIDTH="16" VPOS="1204" HPOS="791"/>
							<String ID="string_166" HPOS="807" VPOS="1204" WIDTH="28" HEIGHT="22" WC="0.93" CONTENT="dä"/><SP WIDTH="15" VPOS="1204" HPOS="835"/>
							<String ID="string_167" HPOS="850" VPOS="1204" WIDTH="62" HEIGHT="22" WC="0.93" CONTENT="äfven"/><SP WIDTH="11" VPOS="1204" HPOS="912"/>
							<String ID="string_168" HPOS="923" VPOS="1203" WIDTH="50" HEIGHT="22" WC="0.93" CONTENT="Pre-"/>
						</TextLine>
						<TextLine ID="line_25" HPOS="214" VPOS="1238" WIDTH="759" HEIGHT="28">
							<String ID="string_169" HPOS="214" VPOS="1240" WIDTH="42" HEIGHT="20" WC="0.92" CONTENT="ste-"/><SP WIDTH="20" VPOS="1240" HPOS="256"/>
							<String ID="string_170" HPOS="276" VPOS="1238" WIDTH="40" HEIGHT="22" WC="0.93" CONTENT="och"/><SP WIDTH="23" VPOS="1238" HPOS="316"/>
							<String ID="string_171" HPOS="339" VPOS="1238" WIDTH="164" HEIGHT="23" WC="0.92" CONTENT="Bondestånden"/><SP WIDTH="15" VPOS="1238" HPOS="503"/>
							<String ID="string_172" HPOS="518" VPOS="1240" WIDTH="7" HEIGHT="21" WC="0.96" CONTENT="i"/><SP WIDTH="23" VPOS="1240" HPOS="525"/>
							<String ID="string_173" HPOS="548" VPOS="1240" WIDTH="73" HEIGHT="26" WC="0.96" CONTENT="sjelfva"/><SP WIDTH="19" VPOS="1240" HPOS="621"/>
							<String ID="string_174" HPOS="640" VPOS="1240" WIDTH="75" HEIGHT="22" WC="0.93" CONTENT="verket"/><SP WIDTH="15" VPOS="1240" HPOS="715"/>
							<String ID="string_175" HPOS="730" VPOS="1238" WIDTH="117" HEIGHT="28" WC="0.92" CONTENT="medgifvit,"/><SP WIDTH="16" VPOS="1238" HPOS="847"/>
							<String ID="string_176" HPOS="863" VPOS="1240" WIDTH="32" HEIGHT="20" WC="0.92" CONTENT="att"/><SP WIDTH="15" VPOS="1240" HPOS="895"/>
							<String ID="string_177" HPOS="910" VPOS="1238" WIDTH="63" HEIGHT="21" WC="0.91" CONTENT="malt-"/>
						</TextLine>
						<TextLine ID="line_26" HPOS="215" VPOS="1272" WIDTH="758" HEIGHT="29">
							<String ID="string_178" HPOS="215" VPOS="1272" WIDTH="86" HEIGHT="22" WC="0.96" CONTENT="skatten"/><SP WIDTH="16" VPOS="1272" HPOS="301"/>
							<String ID="string_179" HPOS="317" VPOS="1273" WIDTH="39" HEIGHT="21" WC="0.96" CONTENT="bör"/><SP WIDTH="15" VPOS="1273" HPOS="356"/>
							<String ID="string_180" HPOS="371" VPOS="1274" WIDTH="52" HEIGHT="27" WC="0.96" CONTENT="utgå"/><SP WIDTH="15" VPOS="1274" HPOS="423"/>
							<String ID="string_181" HPOS="438" VPOS="1274" WIDTH="128" HEIGHT="22" WC="0.96" CONTENT="åtminstone"/><SP WIDTH="16" VPOS="1274" HPOS="566"/>
							<String ID="string_182" HPOS="582" VPOS="1274" WIDTH="32" HEIGHT="22" WC="0.95" CONTENT="till"/><SP WIDTH="16" VPOS="1274" HPOS="614"/>
							<String ID="string_183" HPOS="630" VPOS="1274" WIDTH="35" HEIGHT="22" WC="0.95" CONTENT="det"/><SP WIDTH="11" VPOS="1274" HPOS="665"/>
							<String ID="string_184" HPOS="676" VPOS="1274" WIDTH="7" HEIGHT="21" WC="0.95" CONTENT="i"/><SP WIDTH="10" VPOS="1274" HPOS="683"/>
							<String ID="string_185" HPOS="693" VPOS="1274" WIDTH="161" HEIGHT="27" WC="0.96" CONTENT="propositionen"/><SP WIDTH="10" VPOS="1274" HPOS="854"/>
							<String ID="string_186" HPOS="864" VPOS="1274" WIDTH="109" HEIGHT="26" WC="0.96" CONTENT="upptagna"/>
						</TextLine>
						<TextLine ID="line_27" HPOS="214" VPOS="1306" WIDTH="539" HEIGHT="30">
							<String ID="string_187" HPOS="214" VPOS="1306" WIDTH="108" HEIGHT="28" WC="0.96" CONTENT="beloppet,"/><SP WIDTH="16" VPOS="1306" HPOS="322"/>
							<String ID="string_188" HPOS="338" VPOS="1308" WIDTH="33" HEIGHT="22" WC="0.96" CONTENT="får"/><SP WIDTH="15" VPOS="1308" HPOS="371"/>
							<String ID="string_189" HPOS="386" VPOS="1308" WIDTH="113" HEIGHT="22" WC="0.93" CONTENT="Utskottet"/><SP WIDTH="14" VPOS="1308" HPOS="499"/>
							<String ID="string_190" HPOS="513" VPOS="1309" WIDTH="119" HEIGHT="27" WC="0.91" CONTENT="hemställa,"/><SP WIDTH="118" VPOS="1309" HPOS="632"/>
							<String ID="string_191" HPOS="750" VPOS="1308" WIDTH="3" HEIGHT="2" WC="0.30" CONTENT="|"/>
						</TextLine>
					</TextBlock>
				</ComposedBlock>
				<ComposedBlock ID="cblock_5" HPOS="353" VPOS="1376" WIDTH="619" HEIGHT="63">
					<TextBlock ID="block_9" HPOS="353" VPOS="1376" WIDTH="619" HEIGHT="63">
						<TextLine ID="line_28" HPOS="422" VPOS="1376" WIDTH="550" HEIGHT="27">
							<String ID="string_192" HPOS="422" VPOS="1379" WIDTH="32" HEIGHT="19" WC="0.93" CONTENT="att"/><SP WIDTH="14" VPOS="1379" HPOS="454"/>
							<String ID="string_193" HPOS="468" VPOS="1376" WIDTH="82" HEIGHT="22" WC="0.92" CONTENT="Preste-"/><SP WIDTH="16" VPOS="1376" HPOS="550"/>
							<String ID="string_194" HPOS="566" VPOS="1377" WIDTH="36" HEIGHT="21" WC="0.92" CONTENT="och"/><SP WIDTH="14" VPOS="1377" HPOS="602"/>
							<String ID="string_195" HPOS="616" VPOS="1376" WIDTH="168" HEIGHT="23" WC="0.91" CONTENT="Bondestånden"/><SP WIDTH="15" VPOS="1376" HPOS="784"/>
							<String ID="string_196" HPOS="799" VPOS="1376" WIDTH="47" HEIGHT="22" WC="0.96" CONTENT="ville"/><SP WIDTH="13" VPOS="1376" HPOS="846"/>
							<String ID="string_197" HPOS="859" VPOS="1376" WIDTH="113" HEIGHT="27" WC="0.96" CONTENT="godkänna"/>
						</TextLine>
						<TextLine ID="line_29" HPOS="353" VPOS="1411" WIDTH="455" HEIGHT="28">
							<String ID="string_198" HPOS="353" VPOS="1412" WIDTH="16" HEIGHT="24" WC="0.90" CONTENT="$"/><SP WIDTH="15" VPOS="1412" HPOS="369"/>
							<String ID="string_199" HPOS="384" VPOS="1413" WIDTH="13" HEIGHT="19" WC="0.96" CONTENT="1"/><SP WIDTH="14" VPOS="1413" HPOS="397"/>
							<String ID="string_200" HPOS="411" VPOS="1411" WIDTH="64" HEIGHT="27" WC="0.96" CONTENT="enligt"/><SP WIDTH="16" VPOS="1411" HPOS="475"/>
							<String ID="string_201" HPOS="491" VPOS="1412" WIDTH="38" HEIGHT="21" WC="0.95" CONTENT="den"/><SP WIDTH="16" VPOS="1412" HPOS="529"/>
							<String ID="string_202" HPOS="545" VPOS="1412" WIDTH="81" HEIGHT="27" WC="0.96" CONTENT="nådiga"/><SP WIDTH="11" VPOS="1412" HPOS="626"/>
							<String ID="string_203" HPOS="637" VPOS="1411" WIDTH="171" HEIGHT="28" WC="0.96" CONTENT="propositionen."/>
						</TextLine>
					</TextBlock>
				</ComposedBlock>
			</PrintSpace>
		</Page>
	</Layout>
</alto>
