1061 1703
329 145 29 22 U.
373 145 28 21 B.
419 157 24 2 —
460 145 75 28 Prop.
551 145 46 22 N:o
613 145 39 22 23.
814 145 27 20 37

314 208 39 26 Jes
375 207 50 20 med
439 207 102 27 fängelse
564 207 9 20 i
592 207 63 27 högst
671 215 37 12 sex
724 207 108 21 månader
844 207 26 20 et

321 242 33 19 ler
367 241 63 20 böter.

565 305 17 24 S
597 310 32 13 12.

366 348 157 27 Stadgandena
545 349 9 20 i
570 355 27 14 10
612 349 39 20 och
665 356 25 13 11
705 350 35 25 $£
755 350 67 20 varde
837 350 33 26 af

322 390 39 13 ven
380 383 127 27 tillämpade
522 383 14 19 å
551 383 151 27 eftergörande
716 383 37 21 och
762 383 108 27 förfalsk-

322 417 53 26 ning
393 418 31 26 af
428 417 145 27 främmande
587 420 56 17 stats
653 418 169 26 postfrimärken
838 418 33 26 äf-

322 458 84 13 vensom
429 452 15 19 å
468 451 138 27 begagnande
631 452 30 27 af
681 451 72 27 dylika
777 452 95 24 märken;

322 492 44 14 som
385 486 113 26 veterligen
514 486 67 20 redan
597 486 59 20 varit
669 486 10 20 i
691 486 59 25 bruk,
766 486 40 20 der
820 486 51 27 Kej-

322 527 63 13 saren
401 520 37 21 och
455 520 134 27 Storfursten
599 520 122 27 förordnat
735 523 34 18 att
778 520 39 21 den
827 523 42 18 sta-

323 558 44 17 tens
388 555 89 20 märken
499 555 60 20 skola
582 555 87 27 åtnjuta
691 562 84 13 samma
794 554 74 27 skydd,

322 596 45 13 som
389 589 175 27 Kejsaredömets
586 589 53 20 eller
656 589 215 27 Storfurstendömets

323 623 113 20 enahanda
452 623 93 21 märken.

566 686 18 25 S
599 692 32 20 13.

366 724 71 25 Hvar,
461 732 45 13 som
520 725 73 20 håller
606 725 35 20 till
653 726 49 19 salu
717 726 51 20 eller
780 726 64 20 sätter
862 724 10 21 i

324 759 82 27 omlopp
422 766 62 17 vara,
500 759 83 20 hvilken
593 759 76 21 honom
678 759 112 27 veterligen
800 758 73 28 blifvit

318 793 132 27 Jalskeligen
466 793 73 20 märkt
553 794 50 19 med
613 794 139 24 tillverkares,
762 794 109 26 köpmans,

320 827 82 27 firmas
416 828 52 19 eller
482 828 131 26 inrättnings
627 828 10 20 i
649 828 163 26 Kejsaredömet
822 827 52 21 eller

326 860 205 28 Storfurstendömet
553 862 79 24 märke,
651 862 87 27 strajfes
753 861 50 21 med
815 861 60 20 böter

324 896 22 26 ej
365 895 69 21 under
441 896 79 26 femtio
535 896 63 20 mark
613 896 53 20 eller
673 896 102 26 fängelse
788 896 10 20 i
810 895 63 27 högst

324 932 29 18 ett
367 930 32 20 år.

367 964 50 27 Lag
436 971 86 13 samma
537 972 57 17 vare,
611 972 34 12 om
660 972 70 13 varan
745 964 72 27 blifvit
824 964 48 27 fal-

324 998 91 27 skeligen
441 999 73 19 märkt
534 999 51 20 med
603 999 139 24 tillverkares,
763 998 109 27 köpmans,

320 1033 82 26 Jirmas
416 1033 53 20 eller
482 1033 130 26 inrättnings
627 1033 9 20 i
666 1033 148 20 främmande
828 1035 46 17 stat

325 1067 79 24 märke,
426 1067 9 20 i
454 1066 102 21 händelse
578 1067 89 20 emellan
690 1067 39 20 den
751 1069 68 18 staten
834 1066 39 21 och

324 1101 112 26 Ryssland
448 1101 29 19 är
490 1101 109 26 afslutadt
607 1101 102 26 fördrag
716 1107 34 14 om
760 1100 71 27 skydd
830 1101 46 26 för

325 1142 62 13 varu-
413 1135 37 20 och
471 1135 185 27 fabriksmärken,
682 1135 52 20 eller
754 1135 50 27 rysk
828 1135 46 20 och

319 1169 81 27 finsk
423 1169 129 25 tillverkare,
575 1169 98 27 köpman,
691 1169 70 28 firma
779 1169 53 21 eller
844 1169 30 21 in-

326 1204 98 26 rättning
440 1204 33 20 uti
486 1211 84 13 samma
585 1207 45 17 stat
644 1204 97 27 åtnjuter
754 1204 119 24 enahanda,

320 1238 34 26 på
377 1238 148 26 ömsesidighet
543 1238 116 26 grundadt
679 1238 73 26 skydd,
771 1238 53 20 eller
836 1238 37 20 nå-

322 1279 43 19 gon
388 1272 9 20 i
418 1272 165 27 Kejsaredömet
603 1272 53 20 eller
670 1271 205 28 Storfurstendömet

325 1306 83 20 varder
417 1313 78 19 genom
510 1306 173 27 förfalskningen
699 1306 111 26 bedragen.

367 1340 73 20 Hvad
458 1340 10 21 i
488 1341 70 20 denna
580 1342 17 24 $
615 1341 90 25 stadgas
718 1340 60 20 skall
790 1340 37 20 ock
842 1340 32 20 til-

326 1375 89 26 lämpas,
427 1375 44 20 när
480 1375 14 20 å
506 1381 56 14 vara
573 1374 134 27 uppsåtligen
718 1375 65 19 sättes
793 1373 80 25 märke,

324 1415 45 13 som
390 1408 44 21 har
454 1409 72 20 sådan
548 1409 65 20 likhet
632 1408 50 20 med
695 1415 83 14 annans
792 1408 82 25 märke,

325 1445 34 17 att
366 1443 135 26 förvexling
514 1443 42 20 lätt
569 1443 44 20 kan
628 1443 41 20 ske.

187 1479 129 22 Lagutskottets
328 1480 112 19 betänkande
452 1481 36 18 N:o
501 1483 28 16 15.
