1059 1703
317 154 29 23 U.
361 154 28 21 B.
404 167 29 2 —
448 154 71 27 Prop.
535 154 42 23 N:o
592 155 35 21 29.

303 599 284 28 Bevillningsutskottets
610 600 149 22 betänkande
774 600 41 23 N:o
831 600 21 27 7,

235 635 9 21 i
260 634 128 27 anledning
403 635 28 21 af
443 635 66 21 Hans
525 634 135 29 Kejserliga
675 635 123 28 Majestäts
814 633 38 23 nå-

237 669 54 27 diga
313 669 154 27 proposition
487 669 39 21 till
548 669 115 23 Finlands
687 669 110 27 Ständer,
813 675 39 15 an-

236 703 89 28 gående
341 703 62 22 accis
418 702 31 28 på
464 702 123 29 pressjäst.

169 773 147 22 Förevarande
339 772 78 28 nådiga
432 773 133 27 proposition
581 773 39 22 har
635 773 23 22 af
672 774 99 26 samtliga
787 772 66 23 Stånd

101 808 132 22 remitterats
249 808 31 21 till
295 808 246 27 Bevillningsutskottet,
557 808 118 28 hvarjemte
690 808 113 22 Utskottet
818 814 36 20 ge-

102 849 48 15 nom
173 842 196 28 protokollsutdrag
392 842 86 22 erhållit
499 842 34 23 del
557 842 21 22 af
601 842 26 23 de
650 843 34 21 vid
701 842 100 24 ärendets
817 842 37 22 be-

102 877 103 27 handling
220 878 31 22 uti
266 877 120 28 Kejserliga
402 876 94 23 Senaten
512 877 111 23 tillkomna
638 877 134 28 handlingar.

171 1022 70 21 Sedan
264 1022 169 21 Statsutskottet
456 1022 31 21 uti
510 1022 49 21 bref
579 1021 22 22 af
613 1022 41 21 den
671 1023 24 19 21
713 1020 143 23 innevarande

104 1056 40 27 maj
169 1056 107 22 meddelat
298 1056 246 27 Bevillningsutskottet,
560 1058 33 19 att
608 1062 25 16 en
649 1056 57 21 accis
723 1056 12 21 å
750 1055 107 28 pressjäst

104 1091 48 22 icke
174 1093 24 19 är
220 1091 121 27 nödvändig
359 1090 32 23 för
405 1091 94 28 fyllande
515 1091 23 22 af
551 1091 142 22 statsverkets
709 1089 67 23 behof
789 1089 68 22 under

104 1125 194 22 nästinstundande
320 1125 151 29 finansperiod,
488 1132 63 15 anser
566 1125 242 27 Bevillningsutskottet
822 1130 35 15 re-

106 1160 41 22 dan
162 1160 45 21 häri
223 1160 102 27 föreligga
340 1162 32 20 ett
386 1161 77 26 vigtigt
479 1161 46 21 skäl
541 1160 33 22 för
589 1159 114 28 afböjande
719 1159 22 22 af
755 1159 102 27 ifrågava-

106 1195 66 22 rande
188 1195 77 27 nådiga
279 1195 139 27 proposition.

172 1229 49 22 Men
243 1229 60 22 äfven
320 1229 66 22 andra
401 1229 95 27 grunder
511 1229 44 22 tala
571 1229 66 26 enligt
653 1229 124 22 Utskottets
793 1227 65 22 tanke

104 1264 34 22 för
162 1265 31 20 ett
215 1263 78 22 sådant
308 1263 121 28 afböjande.
460 1264 35 21 Då
512 1264 69 28 priset
595 1263 32 22 för
642 1263 106 28 pressjäst
763 1263 32 22 för
810 1263 47 20 när-

106 1298 93 22 varande
223 1299 62 26 utgör
309 1300 8 19 1
339 1298 34 21 mk
389 1300 27 19 40
431 1298 29 27 p:i
475 1305 26 20 pr
515 1298 110 27 kilogram,
642 1298 70 22 skulle
726 1296 131 29 propositio-

105 1339 54 16 nens
182 1333 121 26 antagande
325 1339 50 15 vara
390 1333 101 27 liktydigt
505 1333 49 21 med
570 1339 25 15 en
611 1332 120 28 förhöjning
745 1331 23 22 af
781 1337 77 16 varans

104 1368 44 27 pris
164 1368 47 21 med
227 1369 27 20 50
262 1367 34 28 %/.
327 1367 48 22 Men
391 1369 32 20 ett
439 1367 78 22 sådant
531 1367 128 28 fördyrande
675 1367 23 21 af
714 1366 92 22 nämnda
825 1371 34 16 ar-

106 1402 53 21 tikel
181 1402 70 21 kunde
274 1402 41 21 lätt
337 1402 65 21 verka
417 1401 127 22 hämmande
559 1401 28 28 pä
603 1402 49 21 dess
668 1401 135 26 tillverkning
819 1399 40 22 och

105 1436 145 27 förbrukning.
281 1435 266 28 Pressjästfabrikationen
570 1438 24 19 är
609 1435 6 22 i
630 1435 89 22 Finland
735 1442 26 15 en
777 1434 82 27 ganska

106 1477 42 22 ung
171 1471 81 28 näring,
276 1471 27 21 dä
326 1471 40 21 den
389 1470 68 22 första
480 1470 261 28 pressjästfabrikationen
764 1469 7 22 i
785 1469 76 22 landet

174 1510 214 25 Bevillningsutskottets
401 1510 117 19 betänkande
531 1511 38 17 N:o
581 1510 17 17 7.
