1061 1703
331 149 28 22 U
374 150 28 22 B.
419 163 27 2 —
462 149 82 29 Prop.
553 149 45 22 N:o
614 149 39 22 23.
823 150 11 20 9

109 213 36 27 lag
160 213 76 20 endast
252 214 6 19 i
274 213 35 20 fall
324 213 37 20 det
376 213 105 20 föröfvats
496 213 79 20 medan
597 213 96 26 fartyget
715 212 96 21 befunnit
834 213 33 25 sig

109 248 13 19 å
137 247 73 28 öppna
226 247 80 20 hafvet.
336 247 35 20 Då
386 247 119 20 emellertid
521 247 136 26 straffagens
672 254 28 13 nu
708 247 92 20 berörda
809 246 57 21 stad-

109 282 72 27 gande
203 281 18 26 ej
244 281 42 21 kan
309 281 44 20 afse
375 284 32 17 att
429 281 65 24 brott,
518 281 110 26 begånget
649 281 12 20 å
676 280 70 25 finskt,
771 280 96 21 enskilda

110 323 104 20 personer
235 315 107 27 tillhöriga
365 315 78 27 fartyg,
467 322 48 13 som
537 315 95 20 befinner
654 316 35 25 sig
704 316 6 19 i
725 318 65 18 annat
806 314 60 21 lands

110 350 64 20 hamn
195 350 50 20 eller
265 350 112 24 farvatten,
394 349 68 21 borde
485 349 54 21 efter
562 349 54 20 finsk
639 349 36 26 lag
696 348 104 26 afdömas,
817 348 51 21 enär

111 384 72 26 dylika
199 383 138 27 förbrytelser
352 383 67 27 enligt
434 383 106 21 allmänna
556 383 144 27 folkrättsliga
711 384 108 26 principer
831 382 36 20 be-

111 418 81 21 traktas
207 418 72 20 såsom
294 419 6 19 i
316 417 37 21 det
367 418 133 20 främmande
515 417 73 21 landet
603 417 120 27 begångna,
747 417 63 27 utgör
826 416 42 20 den

111 454 7 19 i
133 453 70 20 denna
218 452 36 20 del
271 452 121 26 föreslagna
406 452 174 26 begränsningen
595 452 17 26 ej
629 452 72 26 någon
716 451 107 26 väsentlig
838 450 30 20 af-

111 486 82 21 vikelse
208 486 46 21 från
269 486 134 27 strafflagens
419 493 27 13 nu
462 486 142 20 omförmälda
620 486 129 26 stadgande.

180 521 33 20 En
228 522 44 19 viss
287 520 126 28 utvidgning
428 520 25 21 af
464 520 55 21 finsk
534 520 107 21 domstols
657 520 134 26 befogenhet
811 520 57 20 inne-

112 556 39 20 bär
167 556 98 20 däremot
280 555 163 27 bestämningen
458 558 33 17 att
506 554 60 21 såväl
583 554 54 21 finsk
658 561 50 13 man
731 561 48 14 som
801 553 68 21 utlän-

114 591 52 26 ding
182 590 43 20 kan
239 589 74 21 ställas
328 589 31 21 till
374 596 77 14 ansvar
464 589 80 26 jämväl
559 589 33 20 för
607 592 61 17 utom
683 588 54 21 riket
760 588 109 26 begånget

113 625 59 20 brott
187 627 59 18 emot
261 623 109 27 Ryssland
385 623 50 21 eller
450 623 52 26 rysk
517 630 55 18 man,
588 623 91 20 likasom
694 623 63 20 äfven
773 625 32 17 att
815 621 54 21 åtals

114 658 133 21 anställande
262 658 47 21 icke
325 659 6 19 i
346 659 67 25 något
428 657 36 21 fall
479 657 68 27 gjorts
563 657 110 21 beroende
688 657 24 20 af
726 656 92 21 vilkoret
834 662 36 13 om

114 693 124 26 Regentens
254 692 150 20 förordnande.

183 726 103 21 Förutom
302 726 64 20 dessa
381 726 114 26 ändringar
510 726 24 20 af
546 725 120 28 principiell
681 725 113 26 betydelse
812 726 58 18 inne-

115 761 65 21 håller
195 760 240 27 författningsförslaget
450 762 6 19 i
475 766 7 14 I
500 760 50 27 kap.
572 760 104 20 särskilda
698 760 67 20 andra
787 758 83 20 ändrin-

115 802 38 20 gar
176 795 24 21 af
219 794 68 21 större
310 795 42 20 och
373 795 82 20 mindre
475 796 54 26 vigt,
544 794 149 21 hvarförutom
705 792 165 28 paragrafernas

115 829 113 21 redaktion
243 828 149 22 underkastats
408 836 27 14 en
450 829 166 27 genomgående
632 828 155 27 omarbetning.

184 865 17 25 S
216 870 17 14 1.
265 864 204 28 Begynnelseorden
485 865 6 19 i
511 870 7 14 1
538 864 11 26 $
567 880 9 9 ,
578 864 67 27 Efter
653 863 61 27 finsk
729 863 51 26 lag”
790 861 82 21 hafva
860 857 15 39 i

117 900 163 26 propositionen
295 899 83 26 utbytts
394 902 59 18 emot
469 899 67 20 orden
552 914 11 10 ,
566 899 66 27 Efter
645 898 69 20 denna
729 898 56 25 lag”.
802 895 70 21 Emel-

116 934 62 21 lertid
193 933 56 27 gälla
265 934 28 20 de
308 935 6 19 i
332 939 52 21 1—3
400 932 25 29 $$
441 933 107 27 ingående
570 933 188 26 bestämningarna
781 930 91 21 rörande

117 968 53 20 finsk
185 968 114 20 straffrätts
315 967 151 27 tillämplighet
483 967 47 21 icke
545 967 91 21 allenast
652 967 27 20 de
695 968 5 19 i
718 966 70 20 denna
804 964 69 22 straff-

117 1002 36 27 lag
167 1006 112 23 upptagna
294 1002 93 25 brotten,
403 1006 51 16 utan
474 1002 105 25 därjämte
600 1001 104 21 särskilda
727 999 145 27 förbrytelser,

118 1043 36 14 om
176 1036 71 21 hvilka
269 1036 88 27 stadgas
380 1037 6 19 i
408 1036 107 27 framgent
537 1035 37 21 vid
595 1035 62 20 sidan
672 1035 25 20 af
710 1035 41 20 den
767 1033 106 21 allmänna

118 1071 123 27 strafflagen
263 1071 99 27 gällande
385 1070 239 28 specialförfattningar.
654 1069 192 26 Bestämningarna
868 1067 6 20 i

121 1112 7 14 1
146 1106 50 27 kap.
213 1106 37 20 äro
265 1106 84 20 således
365 1105 90 21 afsedda
479 1108 31 17 att
533 1104 105 21 fastställa
662 1103 27 20 de
709 1103 42 24 fall,
773 1104 6 19 i
802 1101 72 21 hvilka

118 1140 54 21 finsk
187 1140 36 27 lag
238 1141 6 19 i
258 1140 102 21 brottmål
375 1140 54 20 skall
444 1139 114 27 tillämpas.
589 1137 216 28 Allmängiltigheten
815 1135 25 21 af
847 1135 27 20 de

119 1174 162 27 ifrågavarande
296 1174 97 27 reglerna
414 1174 93 26 framgår
527 1173 80 26 jämväl
629 1172 124 27 otvetydigt
775 1171 25 20 af
818 1176 14 19 4
854 1170 20 25 $,

120 1209 50 20 med
191 1209 42 20 den
255 1209 113 26 affattning
389 1208 61 21 detta
472 1208 82 27 lagrum
576 1207 38 20 har
637 1207 64 20 äfven
719 1207 5 20 i
740 1206 42 20 den
797 1204 79 27 nådiga

121 1244 169 25 propositionen.
320 1243 35 20 Då
370 1243 38 20 där
424 1242 108 27 nämligen
546 1242 50 20 med
612 1241 28 21 de
656 1243 5 18 i
677 1240 135 27 strafflagens
819 1245 55 19 41—

120 1283 29 19 44
163 1277 49 26 kap.
229 1277 141 20 omförmälda
385 1276 168 27 förbrytelserna
568 1275 104 22 likställes
689 1278 77 25 ,annat
786 1273 90 21 därmed

119 1311 116 26 jämförligt
250 1311 79 25 brott",
345 1307 47 24 har"
400 1311 59 20 detta
475 1310 87 27 uttryck
577 1310 103 20 afseende
695 1310 28 26 på
738 1310 57 19 vissa
807 1307 70 20 öfver-

121 1345 110 24 trädelser,
248 1345 111 27 angående
374 1345 72 20 hvilka
461 1345 160 26 straffrättsliga
639 1344 160 25 bestämningar
822 1341 55 21 före-

121 1379 86 20 komma
223 1381 5 18 i
244 1379 104 20 särskilda
363 1385 79 20 genom
458 1379 124 26 strafflagen
597 1378 48 21 icke
660 1377 113 28 upphäfda
794 1375 84 21 författ-

121 1415 80 25 ningar.
232 1413 117 26 Uttrycket
364 1413 80 26 ,enligt
453 1413 62 27 finsk
530 1413 51 26 lag”
596 1413 38 20 har
650 1411 66 21 också
731 1413 6 18 i
745 1411 133 26 propositio-

122 1454 41 13 nen
177 1447 91 20 lämnats
284 1447 161 21 oförändradt
439 1441 15 37 i
462 1453 11 20 3
491 1447 18 26 8.
539 1446 109 21 Ehuruväl
663 1445 151 21 användandet
837 1445 6 18 i
869 1449 7 14 I

190 1485 129 23 Lagutskottets
333 1486 111 17 betänkande
456 1485 38 18 N:o
507 1486 28 17 15.
