1031 1695
291 154 29 22 U.
335 154 28 21 B.
420 154 73 27 Prop.
509 153 41 22 N:o
567 153 34 22 17.
798 155 11 18 3

290 206 355 45 Omröstningsproposition
661 218 52 21 N:o
729 217 23 22 4.

290 271 55 27 Den,
363 278 44 14 som
423 271 35 21 vill
473 273 30 19 att
512 271 82 21 skatten
601 271 35 26 för
645 271 27 20 tio
680 271 101 26 kilogram
790 269 50 22 malt

221 306 54 21 skall
289 308 77 25 utgöra
382 313 24 14 en
421 306 64 25 mark,
501 307 70 20 röstar
579 305 46 27 ja.

292 340 47 21 Den
355 340 34 21 det
404 340 41 21 icke
460 340 41 27 vill,
517 341 70 20 röstar
602 339 57 28 nej.

156 420 10 20 I
182 420 102 21 händelse
299 420 48 21 icke
362 420 65 21 minst
442 421 37 20 två
494 419 131 28 tredjedelar
641 421 59 19 rösta
714 419 29 27 ja,
760 419 82 26 åligger

88 454 37 21 det
147 454 240 26 Bevillningsutskottet
411 456 32 19 att
465 454 108 21 inkomma
595 454 49 21 med
666 455 48 26 nytt
740 452 102 26 förslag
830 448 15 37 i

88 490 79 20 ämnet.

158 689 136 21 Beträftande
309 690 102 26 beloppet
427 690 22 21 af
464 690 40 21 den
520 690 100 26 inkomst,
637 688 85 22 hvartill
733 688 112 22 maltskat-

92 725 35 19 ten
150 723 32 21 för
205 724 143 21 instundande
371 724 144 27 finansperiod
538 724 67 21 borde
625 724 112 25 beräknas,
754 723 39 21 ber
809 722 37 21 Ut-

92 758 82 21 skottet
197 760 32 19 att
251 757 22 21 få
295 758 104 26 meddela,
423 761 33 19 att
471 759 109 21 utskottet
595 758 60 21 stödt
670 758 33 26 sig
718 757 29 27 på
762 756 85 22 förhan-

92 792 136 25 denvarande
251 792 107 27 uppgifter
376 793 33 21 för
425 794 50 20 åren
494 795 120 24 1883—89,
631 793 48 21 med
695 792 86 26 hänsigt
794 791 54 27 jem-

92 826 35 21 väl
150 826 31 21 till
205 827 36 21 det
263 827 159 26 kontinuerliga
444 828 137 26 nedgäendet
596 828 6 20 i
619 833 81 15 samma
723 826 71 21 intrad
816 825 33 21 för

93 861 52 20 åren
170 862 118 25 1884—86,
312 861 76 22 medan
412 861 171 22 Statsutskottet
605 861 75 21 främst
704 860 88 21 baserat
818 859 31 20 sin

94 895 118 26 beräkning
235 895 28 27 pä
285 895 102 27 beloppet
410 895 22 22 af
451 896 140 21 maltskatten
614 895 33 22 för
669 895 51 21 ären
738 895 111 20 1887—89

95 929 110 21 äfvensom
221 929 27 27 pä
266 929 39 22 den
322 930 33 21 för
365 930 242 27 Bevillningsutskottet
617 930 47 21 icke
675 930 99 24 bekanta,
785 927 66 22 delvis

95 964 177 27 approximerade
289 971 96 15 summan
401 964 65 22 förär
483 967 61 19 1890.
561 963 241 28 Bevillningsutskottet
812 963 39 20 har

95 998 35 21 väl
146 998 48 21 icke
209 998 70 21 funnit
294 999 33 26 sig
343 998 137 29 öfvertygadt
496 1006 33 14 om
546 1001 32 19 att
593 999 41 21 den
651 999 21 21 af
683 997 169 22 Statsutskottet

96 1032 98 22 använda
208 1033 228 26 beräkningsgrunden
446 1035 23 20 är
477 1033 50 22 fullt
535 1033 70 26 säker,
618 1039 47 15 men
676 1032 33 22 för
717 1031 106 22 vinnande
832 1031 22 21 af

96 1067 158 27 samstämmigt
270 1067 71 21 beslut
356 1067 41 21 och
413 1070 52 19 enär
481 1068 40 21 den
538 1067 23 22 af
575 1067 169 22 Statsutskottet
760 1068 93 25 antagna

96 1102 192 21 inkomstsumman
304 1102 68 21 under
387 1108 124 22 gynsamma
519 1102 181 27 förutsättningar
709 1101 62 22 torde
782 1101 72 21 kunna

97 1136 79 27 inflyta,
192 1136 31 22 fär
240 1136 117 26 Utskottet,
375 1137 72 21 derest
463 1137 67 27 enligt
545 1135 308 28 omröstningspropositionen

98 1177 34 15 n:o
149 1172 11 20 3
177 1177 26 15 en
226 1171 58 21 skatt
307 1171 22 21 af
349 1172 42 25 Sm
409 1174 17 18 1:
443 1173 27 19 50
491 1171 32 22 för
541 1173 24 19 10
589 1171 104 27 kilogram
714 1170 52 22 malt
781 1170 73 21 vinner

98 1206 66 26 laglig
178 1206 117 26 pluralitet,
311 1206 123 21 alternativt
449 1205 88 27 föreslä,

307 1282 30 19 att
361 1279 121 22 Ständerna
505 1280 46 21 ville
573 1287 46 14 som
641 1280 91 21 inkomst
755 1279 26 26 af
796 1279 59 20 malt-

238 1315 82 21 skatten
338 1315 34 26 för
393 1315 174 26 finansperioden
582 1315 118 20 1892-—94
715 1313 89 22 beräkna
820 1314 36 20 är-

238 1349 53 26 ligen
307 1350 123 25 1,000,000
445 1349 66 21 mark.

171 1423 41 22 För
235 1423 40 22 den
299 1423 102 22 händelse
421 1425 32 19 att
469 1423 67 27 enligt
552 1421 306 28 omröstningspropositionen

102 1464 35 15 n:o
153 1460 13 19 4
182 1464 26 15 en
225 1458 58 21 skatt
298 1457 22 21 af
336 1459 7 19 1
365 1457 60 21 mark
441 1457 33 22 för
493 1459 24 20 10
533 1457 104 26 kilogram
657 1456 52 21 malt
725 1456 74 21 vinner
814 1455 45 26 lag-
