1056 1698
245 152 12 20 6
444 150 30 23 U.
490 151 28 22 B.
534 163 29 3 —
578 151 72 28 Prop.
666 151 42 22 N:o
724 150 35 22 18.

216 224 71 15 senare
311 219 114 20 momentet
447 218 23 21 af
486 219 11 26 &
521 218 19 25 3,
564 225 44 14 som
627 218 105 27 stadgade,
756 218 31 21 att
808 217 111 22 utländska
934 217 41 21 för-

216 253 157 26 säkringsbolag
396 253 50 27 egde
471 253 30 21 att
523 253 33 21 för
577 253 119 21 inkomsten
716 253 22 20 af
751 253 60 20 deras
828 253 76 20 rörelse
920 253 55 20 inom

215 287 89 21 Finland
319 288 74 26 utgöra
403 287 206 28 inkomstbevillning
620 287 65 28 enligt
696 288 99 26 agentens
804 287 87 28 uppgift.
912 287 63 21 Detta

216 321 77 27 förslag
309 328 53 14 vann
378 321 60 22 äfven
454 321 128 22 Ständernas
601 321 155 28 godkännande.

284 355 45 22 Den
345 355 126 28 förändring,
487 363 44 14 som
547 357 109 21 Utskottet
671 356 53 27 gjort
738 356 32 21 uti
784 356 64 27 fjerde
859 356 116 21 momentet

216 389 23 22 af
251 390 12 27 $
279 390 13 21 2
307 390 31 21 uti
353 390 40 21 den
408 391 76 27 nådiga
499 391 159 28 propositionen,
674 397 76 21 genom
765 391 31 20 att
811 390 80 26 föreslå,
901 391 30 20 att
939 391 36 20 bö-

216 425 59 20 terna
297 425 110 21 framdeles
429 425 57 22 skola
501 425 83 22 tillfalla
600 426 78 21 kronan
694 426 37 21 och
746 425 50 26 icke,
811 425 68 21 såsom
894 425 80 25 hittills,

215 458 89 22 fördelas
322 460 88 21 emellan
426 460 96 27 åklagare
538 461 37 20 och
592 460 24 21 de
631 460 80 27 fattiga,
728 467 60 14 anser
802 460 108 21 Utskottet
926 465 48 15 vara

215 493 33 21 till
266 493 50 22 fullo
331 495 114 20 motiverad
461 495 62 25 deraf,
540 495 30 21 att
585 495 156 27 ifrågavarande
757 494 121 27 förordning
893 494 80 27 härige-

216 535 49 14 nom
281 529 92 20 kommer
387 529 8 20 i
411 529 203 22 öfverenstämmelse
628 529 49 22 med
692 529 39 22 den
748 529 22 21 af
784 529 117 21 Ständerna
911 528 62 21 redan

215 563 35 20 vid
265 564 81 20 senaste
364 563 100 28 landtdag
479 564 110 27 godkända
604 564 128 27 strafflagen.

284 598 31 21 De
338 599 77 20 smärre
433 599 269 26 redaktionsförändringar,
718 598 70 21 hvilka
803 597 99 28 vidtagits
917 597 56 21 såväl

215 632 47 21 med
279 632 94 22 afseende
389 633 12 21 å
416 633 40 21 den
471 634 87 21 svenska
574 640 45 15 som
634 633 122 27 isynnerhet
771 633 39 20 den
820 632 68 21 finska
898 632 75 25 texten,

215 666 59 22 torde
289 667 43 21 icke
347 667 88 22 behöfva
451 668 87 21 särskild
553 667 130 27 motivering.

286 701 103 28 Slutligen
412 703 39 20 har
468 703 57 21 inom
540 703 108 21 Utskottet
663 702 132 23 framhållits,
812 702 30 21 att
858 701 115 21 kontrollen

215 736 57 21 öfver
287 737 146 21 efterlefnaden
450 737 22 21 af
485 745 28 13 nu
529 737 96 28 gällande
641 737 121 26 förordning
773 737 6 20 i
790 737 70 20 ämnet
870 736 44 21 icke
925 736 48 20 alle-

215 771 70 20 städes
300 771 91 21 utöfvats
406 771 48 22 med
469 772 103 21 önskvärd
588 771 150 28 noggrannhet,
754 771 22 21 så
792 771 36 25 att,
844 771 65 26 enligt
919 770 53 21 hvad

215 805 36 20 det
266 805 119 28 uppgifvits,
401 806 112 21 utländska
528 806 174 21 handelsresande
713 805 137 21 obehindradt
860 805 73 21 vistats
941 804 32 21 till

215 839 38 21 och
275 840 48 20 med
345 840 99 22 månader
459 840 7 21 i
481 841 71 21 landet
566 841 7 21 i
589 841 38 21 och
647 841 31 21 för
698 840 78 25 affärer,
792 841 51 19 utan
859 840 32 20 att
905 839 67 27 någon

214 874 147 28 näringsafgift
383 874 68 22 blifvit
472 875 47 21 dem
542 875 78 27 påförd.
650 875 108 21 Utskottet
780 874 38 21 har
840 874 133 26 naturligtvis

214 908 44 21 icke
274 909 80 21 kunnat
368 909 48 27 ingå
431 910 26 26 på
472 910 68 26 någon
556 910 129 27 granskning
700 909 22 21 af
736 909 34 21 det
780 908 144 27 öfverklagade
933 908 40 21 för-

214 943 111 26 hållandet,
341 950 49 14 men
405 944 38 20 har
458 944 62 21 likväl
537 945 51 20 trott
604 944 32 27 sig
651 944 50 21 böra
716 944 74 26 bringa
805 943 35 21 det
854 942 72 28 gjorda
941 943 32 20 ut-

214 978 93 21 talandet
322 978 33 21 till
371 978 127 22 Ständernas
513 979 123 21 kännedom.

283 1012 30 21 På
328 1019 81 15 samma
424 1014 43 20 sätt
482 1020 44 14 som
542 1014 8 20 i
565 1014 37 20 sitt
617 1013 79 27 förslag
711 1013 32 21 till
758 1012 121 27 förordning
895 1018 34 15 om
939 1012 34 21 be-

214 1046 89 28 villning
324 1047 31 21 för
379 1048 96 26 spelkort,
499 1048 39 21 har
556 1048 108 22 Utskottet
679 1048 55 21 velat
750 1047 60 21 äfven
825 1047 31 21 uti
872 1046 39 22 den
927 1046 45 21 blif-

215 1081 66 21 vande
296 1081 149 28 författningen
462 1083 6 20 i
483 1083 58 21 detta
556 1084 61 20 ämne
632 1082 74 22 föreslå
722 1083 31 20 ett
768 1082 79 26 tillägg,
858 1081 59 21 hvari
926 1082 47 20 när-

213 1122 58 14 mare
287 1117 84 26 utsäges
385 1117 54 21 ifrån
455 1117 37 21 och
508 1117 32 21 till
555 1118 83 20 hvilken
654 1117 41 27 dag
710 1116 147 27 förordningen
872 1115 52 21 skall
932 1116 41 20 till-

214 1149 81 28 lämpas
311 1151 54 20 samt
380 1151 48 21 med
444 1152 112 26 anledning
571 1152 60 20 deraf
644 1152 100 20 förkortat
759 1150 103 22 rubriken.

284 1311 29 21 På
333 1311 68 27 grund
417 1312 22 21 af
451 1312 54 21 hvad
522 1312 61 21 ofvan
598 1311 132 25 framhållits,
746 1311 38 21 har
799 1311 108 22 Utskottet
923 1312 50 19 äran

213 1345 76 22 föreslå

489 1389 31 19 att
542 1385 106 22 Finlands
670 1386 93 21 Ständer
778 1386 46 21 ville
842 1386 34 26 för
891 1385 35 21 sin
941 1385 33 20 del

419 1421 114 27 godkänna
548 1428 24 14 en
588 1421 26 21 sä
630 1421 90 27 lydande

283 1466 215 23 Bevillningsutskottets
511 1466 117 18 betänkande
641 1467 39 17 N:o
693 1466 17 17 3.
