1059 1698
238 100 13 21 6
431 100 20 22 U.
467 100 19 22 B.
502 112 26 4 —
546 100 82 28 Propos.
645 100 34 22 N:o
696 99 33 23 26.

207 159 55 22 böra
271 159 76 22 skötas
357 160 26 21 af
391 159 219 30 statsjernvägarnes
619 160 143 29 förvaltning
770 159 74 29 enligt
852 159 104 29 grunder,

207 195 80 22 hvilka
304 195 121 22 framdeles
443 196 77 22 kunde
535 196 74 22 blifva
624 196 136 22 fastställda.
791 196 108 22 Deremot
918 203 38 15 an-

207 232 40 28 såg
268 232 227 29 Jernvägsstyrelsen
513 232 145 22 underhållet
674 232 26 22 af
711 232 133 29 jernvägen,
861 232 96 22 hufvud-

207 267 112 30 sakligast
343 269 30 28 pä
399 268 27 22 de
453 268 49 22 skäl
528 276 48 14 som
603 268 87 22 anförts
716 268 36 22 för
775 270 35 20 att
831 268 126 29 jernvägen

207 304 69 22 borde
297 304 26 22 af
339 304 254 30 stadsmyndigheterna
609 305 95 29 byggas,
721 304 68 23 äfven
805 304 54 22 böra
875 304 25 22 af
914 307 42 19 sta-

207 339 44 23 den
267 340 136 29 ombesörjas
419 341 43 21 och
478 341 112 22 bekostas.

279 376 46 22 Vid
341 376 38 22 det
394 376 93 22 ärendet
503 377 56 22 härä
575 377 61 22 inom
650 376 130 30 Kejserliga
791 376 99 23 Senaten
901 384 55 22 upp-

207 414 52 27 togs
275 412 37 22 till
327 412 115 30 pröfning,
454 413 73 22 beslöt
543 413 99 22 Senaten
658 413 35 21 uti
703 412 183 30 underdänighet
896 412 61 22 hem-

206 448 74 29 ställa,
292 448 38 22 det
345 448 222 30 stadsfullmäktiges
583 448 176 30 ifrägavarande
770 448 107 23 anhällan
887 450 70 20 mätte

206 484 73 22 under
302 484 61 23 vissa
385 485 75 22 vilkor
482 485 101 28 bifallas;
606 493 52 14 men
679 485 41 22 har
743 485 63 22 Hans
827 484 130 30 Kejserliga

207 520 112 29 Majestät,
332 520 50 22 med
398 520 105 23 afseende
519 522 13 21 å
548 521 62 22 hvad
625 520 257 23 General-Guvernören
894 520 64 23 öfver

207 556 99 22 Finland
322 557 8 21 i
345 557 70 22 saken
435 559 80 27 yttrat,
532 557 40 22 vid
592 557 144 29 underdånig
755 556 163 30 föredragning
934 556 26 22 af

207 592 93 22 ärendet
317 593 73 22 täckts
407 594 113 21 anbefalla
536 593 99 22 Senaten
651 596 34 19 att
701 594 106 21 utarbeta
822 592 86 29 förslag
922 592 36 22 till

206 629 143 28 proposition
370 631 35 20 att
425 629 128 22 Ständerna
573 629 134 30 föreläggas,
727 629 141 22 beträffande
888 630 70 20 sättet

207 665 43 22 och
266 665 90 22 medlen
371 665 36 22 för
422 665 123 22 utförande
561 665 26 22 af
601 665 71 29 sagda
688 665 195 29 bananläggning,
898 664 59 23 hvil-

206 701 45 22 ken
267 701 70 22 borde
352 701 74 22 blifva
441 703 87 21 statens
545 701 148 30 tillhörighet,
705 709 36 14 om
752 701 42 22 ock
805 700 81 30 sjelfva
897 700 60 22 utfö-

206 737 81 22 randet
307 737 77 22 kunde
405 738 123 22 öfverlåtas
549 739 24 20 åt
594 737 145 29 Helsingfors
760 736 57 28 stad,
833 744 48 15 som
901 736 57 29 egde

207 775 35 20 att
257 773 78 22 härför
350 774 102 29 påräkna
467 776 34 20 ett
516 774 81 29 anslag
612 781 27 14 ur
656 773 115 22 allmänna
786 772 137 23 statsmedel.

279 809 46 23 Vid
341 809 171 30 behandlingen
528 810 25 22 af
567 809 150 23 förevarande
733 809 170 29 angelägenhet
918 808 41 22 har

206 845 229 30 Jernvägsutskottet
451 846 20 30 ej
487 846 89 23 kunnat
592 845 77 30 undgå
686 847 33 21 att
735 845 97 23 omfatta
848 845 27 21 de
892 845 8 21 i
916 844 43 22 den

207 882 85 29 nådiga
307 882 171 29 propositionen
495 882 40 22 och
553 882 35 22 uti
601 882 220 28 stadsfullmäktiges
832 881 8 21 i
852 880 106 29 Helsing-

207 917 47 23 fors
278 918 247 23 koncessionsansökan
548 918 81 30 gjorda
653 918 150 22 uttalandena
826 924 37 14 om
887 916 73 22 denna

206 953 142 23 hamnbanas
371 954 140 30 behöflighet
535 954 41 22 och
601 962 35 14 om
660 954 38 22 det
721 961 68 22 gagn,
810 960 48 15 som
879 960 81 21 genom

207 990 50 22 dess
271 990 122 22 utförande
405 991 88 21 komme
505 992 34 20 att
549 990 94 22 beredas
654 990 36 22 för
701 990 98 22 trafiken
810 990 8 21 i
829 988 130 23 allmänhet.

206 1025 147 30 Helsingfors
370 1026 62 22 stads
448 1026 84 29 import
548 1026 41 22 har
605 1026 72 22 under
693 1033 28 15 en
732 1025 58 29 följd
802 1025 26 22 af
837 1026 24 21 år
872 1025 8 21 i
890 1024 70 22 värde

206 1061 118 30 betydligt
339 1062 132 29 öfverstigit
487 1070 28 14 en
531 1062 110 28 fjerdedel
657 1062 26 22 af
697 1061 89 22 landets
803 1061 52 22 hela
870 1061 89 28 import.

206 1097 80 22 Under
309 1099 56 21 1889
385 1098 120 22 ankommo
521 1098 36 22 till
573 1098 92 22 stadens
682 1098 95 22 hamnar
793 1098 64 27 6,591
875 1096 85 29 fartyg,

207 1133 66 23 deraf
292 1135 43 22 909
354 1134 51 22 från
421 1134 88 22 utrikes
525 1136 41 20 ort.
598 1134 187 29 Tulluppbörden
802 1133 39 22 vid
857 1132 103 29 Helsing-

206 1169 47 22 fors
270 1170 159 22 tullkammare
445 1171 102 29 uppgick
563 1170 72 22 under
651 1177 85 15 samma
752 1170 25 21 år
793 1169 35 21 till
841 1168 20 30 ej
873 1168 87 22 mindre

206 1208 29 19 än
256 1206 117 27 5,814,109
393 1206 71 22 mark.
495 1206 35 22 Då
551 1214 28 14 en
601 1206 105 29 betydlig
723 1206 36 21 del
775 1204 26 23 af
813 1204 92 22 stadens
921 1206 39 20 im-

205 1243 54 27 port
280 1242 50 22 icke
346 1245 25 18 är
387 1242 80 22 afsedd
483 1242 34 22 för
535 1241 195 23 tillfresställande
747 1241 25 22 af
786 1240 173 30 platsbehofvet,

205 1279 57 19 utan
285 1277 200 29 tillgodokommer
509 1278 38 22 det
570 1278 75 29 öfriga
668 1277 85 28 landet,
774 1277 61 21 inses
859 1276 44 22 lätt
927 1278 34 20 att

207 1313 212 29 åvägbaringandet
436 1315 24 20 af
473 1314 137 28 beqvämare
627 1314 41 21 och
685 1314 106 28 billigare
803 1312 157 22 kommunika-

205 1349 75 22 tioner
302 1349 96 22 emellan
421 1350 90 22 stadens
533 1350 95 22 hamnar
649 1349 42 22 och
707 1349 91 22 landets
811 1348 150 29 jernvägsnät

205 1385 51 22 icke
272 1385 61 22 blott
349 1389 24 18 är
389 1393 28 14 en
434 1385 66 30 fråga
516 1386 26 22 af
555 1388 48 20 stor
618 1386 51 29 vigt
685 1385 36 22 för
737 1385 80 22 staden
834 1384 58 29 sjelf,
906 1387 55 19 utan

206 1421 43 22 ock
268 1421 89 22 komme
377 1423 35 20 att
430 1429 78 22 gagna
526 1421 90 23 landets
633 1421 83 22 handel
733 1421 8 22 i
757 1420 130 23 allmänhet.
919 1420 42 22 Sin

277 1463 177 23 Jernvägsutskottets
467 1464 106 18 betänkande
587 1463 34 18 N:o
637 1466 14 15 2.
