1056 1700
256 106 28 22 12
459 106 19 21 U.
495 106 19 21 B.
531 118 27 3 —
575 106 56 27 Prop.
648 105 34 22 N:o
698 104 34 22 20.

468 166 120 26 Transport
634 178 29 2 —
686 177 28 3 —
737 176 28 4 —
788 162 175 28 84,021,000:
948 158 20 38 —

226 201 44 22 För
284 201 138 22 bestridande
435 202 25 21 af
468 201 119 27 utgifterna

256 238 69 21 under
348 238 26 21 de
397 238 13 21 3
429 237 69 22 första
512 238 75 20 måna-

256 274 67 20 derna
338 273 23 22 af
374 274 24 20 år
415 273 57 22 1895
491 279 95 16 reserve-

256 315 36 15 FS
328 302 17 39 so
369 326 36 5 so
439 325 38 5 so
529 324 59 6 ss
635 320 24 4 —
687 320 25 3 —
736 319 23 4 —
799 306 163 27 3,800,000:
946 302 21 39 —

226 344 127 28 Disponibel
368 345 141 27 behållning
509 337 13 40 .
542 361 4 4 .
582 360 2 5 .
630 356 27 3 —
681 356 28 2 —
732 355 29 3 —
784 342 139 26 13,002,626:
933 341 34 21 15.

690 386 56 21 Fmk
776 384 151 27 100,823.626:
936 384 33 22 15.

296 482 114 22 Utskottet
432 483 39 21 har
500 482 91 22 sålunda
620 482 34 22 för
676 481 105 27 ingående
813 478 157 28 hbudgetperiod

225 518 93 21 kommit
338 518 35 22 till
388 520 33 20 ett
436 518 132 27 disponibelt
584 518 120 21 öfverskott
719 518 7 20 i
742 516 109 22 allmänna
867 514 102 22 statsfon-

226 554 41 21 den
283 554 24 21 af
320 554 19 27 ej
351 554 119 22 mindreän
487 554 27 22 13
530 554 100 27 miljoner
648 554 58 26 mark,
725 553 67 22 medan
801 550 168 28 Finansexpedi-

225 590 74 22 tionen
320 590 8 21 i
350 590 170 27 approximativa
540 590 102 27 kalkylen
661 589 41 22 Bil.
725 590 11 21 1
758 587 50 30 (sid.
825 586 24 30 7)
865 587 106 22 beräknat

226 626 120 22 detsamma
360 626 35 21 till
410 627 78 21 endast
502 627 67 26 nägot
585 626 59 21 öfver
659 626 13 21 3
689 625 106 27 miljoner.
813 623 46 22 Och
875 623 55 21 dock
945 624 25 19 är

224 661 63 22 äfven
310 662 124 22 Utskottets
455 662 73 27 kalkyl
548 662 106 27 uppgjord
674 662 50 21 med
743 659 142 27 iakttagande
901 658 25 22 af
939 658 30 21 all

224 697 67 28 nödig
312 697 145 28 försigtighet.
493 698 117 27 Angående
634 704 50 21 nyss
710 695 94 23 nämnda
829 694 140 27 kalkylerade

224 733 126 28 behållning
356 734 23 21 af
383 735 66 26 något
455 733 59 22 öfver
522 734 13 21 3
544 733 100 27 miljoner
655 735 63 25 säger
727 729 242 28 Finansexpeditionen,

225 770 34 19 att
273 769 71 22 medel
360 769 52 22 böra
426 769 69 22 hållas
512 769 123 27 disponibla
650 769 34 21 för
694 767 147 26 kanalisering
851 765 23 22 af
888 765 81 22 Wuok-

225 803 110 23 senfloden
351 805 40 21 och
406 805 24 21 af
444 805 154 27 vattendragen
614 805 8 20 i
637 805 104 21 närheten
756 802 24 22 af
794 801 102 23 Savolaks
910 802 59 27 järn-

224 842 48 25 väg,
295 840 34 21 för
350 840 149 23 förbättrande
522 841 24 21 af
564 840 161 27 polisväsendet
740 839 8 21 i
763 837 144 28 Helsingfors,
923 831 46 27 Åbo

224 875 41 22 och
287 875 96 28 Wiborg,
399 876 34 21 för
448 876 148 27 torrläggning
612 875 24 22 af
649 874 139 28 vattensjuka
802 873 94 27 marker,
912 873 57 21 samt

224 911 34 22 för
279 911 105 28 fyllandet
406 912 24 21 af
450 913 68 20 andra
540 915 58 18 ännu
614 912 47 21 icke
676 909 127 24 förutsedda
819 908 72 28 behof,
906 909 63 21 hvar-

224 946 95 23 förutom
327 948 118 27 meddelas,
454 950 33 19 att
494 947 123 28 Kejserliga
626 947 93 22 Senaten
727 945 113 23 hemställt
850 951 34 15 om
893 944 76 27 nådigt

224 983 105 26 tillstånd,
352 985 34 20 att
408 983 45 22 låta
473 983 34 21 till
531 983 83 22 inlösen
638 985 97 25 uppsäga
751 987 27 16 en
794 980 55 22 serie
866 980 24 21 af
903 980 66 21 dona-

224 1018 130 22 tionslånen.
385 1019 50 22 Men
451 1019 62 22 äfven
529 1025 35 15 om
580 1019 94 21 nämnda
690 1018 89 21 arbeten
794 1017 88 21 komma
892 1015 35 22 till
935 1017 35 20 ut-

224 1053 90 23 förande
337 1055 40 21 och
397 1055 42 22 den
455 1055 71 21 äldsta
541 1055 53 22 eller
610 1055 57 22 1872
684 1055 34 20 års
736 1051 56 24 serie
807 1051 24 22 af
846 1051 124 22 donations-

223 1090 71 27 lånen,
311 1090 87 22 hvilken
413 1091 61 26 löper
489 1091 50 21 med
554 1091 43 28 4!/,
609 1090 28 28 9/,
648 1092 63 19 ränta
721 1089 40 22 och
777 1087 23 22 af
814 1087 88 22 hvilken
913 1088 56 21 åter-

223 1127 47 20 står
295 1128 33 20 ett
350 1127 88 27 oguldet
453 1126 84 28 kapital
552 1126 24 22 af
590 1126 100 27 omkring
705 1123 118 29 2,800,000
839 1123 37 22 mk
893 1122 78 22 blifver

222 1162 100 26 uppsagd
346 1162 39 21 och
405 1162 79 27 betald,
501 1164 57 19 samt
571 1161 80 27 jämväl
668 1162 26 20 de
709 1159 126 29 petitioner,
851 1158 119 22 kräfvande

222 1197 76 27 anslag
320 1197 24 21 af
366 1197 110 22 allmänna
498 1197 78 27 medel,
598 1196 73 22 hvilka
691 1196 122 22 Ständerna
828 1194 37 22 vid
881 1194 88 22 inneva-

222 1233 68 21 rande
305 1232 105 28 landtdag
424 1233 90 22 beslutit
530 1232 71 28 aflåta,
617 1232 24 22 af
656 1232 60 22 Hans
731 1230 126 27 Kejserliga
866 1229 103 27 Majestät

222 1268 8 20 i
251 1268 67 22 nåder
340 1268 93 28 bifallas,
452 1270 25 20 så
499 1271 63 25 tages
581 1268 55 22 dock
651 1268 78 22 endast
745 1267 42 21 den
802 1266 85 21 mindre
903 1264 63 22 delen

222 1304 24 20 af
259 1304 141 22 förenämnda
415 1304 23 22 af
447 1304 113 22 Utskottet
574 1304 123 22 beräknade
712 1301 128 27 behållning
857 1300 34 22 för
906 1301 64 21 dessa

222 1339 101 22 ändamål
341 1340 7 21 i
364 1340 100 27 anspråk.
494 1340 50 22 Med
559 1340 101 22 afseende
676 1340 54 20 härå
746 1337 40 23 och
801 1338 29 20 då
845 1336 122 22 Ständerna

221 1375 67 21 redan
311 1375 97 27 godkänt
432 1376 179 22 Statsutskottets
635 1375 7 21 i
666 1376 49 21 dess
740 1372 139 23 betänkande
902 1378 34 15 n:o
955 1372 14 21 3

221 1410 44 29 (sid
290 1410 37 29 11)
347 1412 77 26 gjorda
444 1411 128 22 uttalanden
595 1412 81 25 därom,
701 1412 34 20 att
758 1408 180 26 behällningarna
963 1408 6 20 i

292 1452 136 18 Statsutskottets
440 1452 106 18 betänkande
558 1452 35 19 N:o
607 1453 28 17 12.
