1056 1698
241 110 28 20 26
447 109 19 21 U.
483 109 20 21 B.
519 121 29 2 —
566 108 56 27 Prop.
640 108 34 22 N:o
690 108 35 21 20.

210 169 98 27 vägande
329 168 56 28 skäl,
409 170 73 20 ansett
504 168 34 26 sig
559 168 53 22 böra
628 168 80 26 afböja.
740 167 10 21 I
766 174 50 20 nyss
832 168 81 20 nämda
928 167 37 21 be-

210 204 111 22 tänkande
341 205 40 21 har
401 204 247 26 Bevillningsutskottet
666 204 105 26 därjämte
787 203 121 27 föreslagit,
933 205 32 19 att

211 240 129 27 Ständerna,
365 241 73 21 därest
463 241 26 21 de
513 240 37 21 vid
570 240 160 26 behandlingen
746 239 24 21 af
784 238 181 23 Statsutskottets

211 276 138 21 betänkande
373 277 92 21 rörande
485 276 79 26 nädiga
580 275 164 27 propositionen
760 276 112 26 angäende
889 276 26 20 de
930 274 36 22 vid

211 312 71 21 denna
298 312 105 26 landtdag
419 312 80 21 äskade
516 312 76 26 anslag
608 312 39 20 och
664 312 119 26 utvägarne
799 310 34 22 till
850 311 63 21 deras
929 311 36 21 be-

211 347 121 27 stridande,
354 347 66 22 funne
442 347 120 26 bevillning
582 353 52 15 vara
649 347 67 26 nödig
731 346 86 22 utöfver
832 346 57 22 hvad
905 346 7 21 i
928 353 37 15 an-

210 383 90 27 ledning
316 383 24 22 af
353 383 259 27 Bevillningsutskottets
628 382 72 22 hittils
716 382 82 27 afgifna
812 382 154 22 betänkanden

212 419 115 26 godkänts,
343 419 50 21 ville
410 421 23 19 ät
449 418 247 27 Bevillningsutskottet
712 418 132 22 öfverlemna
860 420 33 19 att
909 418 56 21 före-

212 454 33 22 slä
267 456 125 26 grunderna
408 456 39 20 och
466 456 68 20 sättet
552 454 33 22 för
602 455 36 21 det
654 454 87 22 felande
757 454 113 27 beloppets
887 454 79 21 fördel-

213 490 53 27 ning
282 497 77 20 genom
377 491 59 21 skatt
452 492 13 20 å
481 490 73 22 tobak.

284 526 40 26 Då,
345 528 71 20 såsom
440 526 23 22 af
478 526 157 21 ofvanstående
659 525 146 27 beräkningar
820 526 103 26 framgår,
939 531 27 15 en

211 561 57 21 brist
291 562 116 27 föreligger
430 562 7 21 i
453 562 217 27 bevillningsfonden,
692 562 40 21 och
748 562 170 21 Statsutskottet
933 561 33 21 för

213 597 34 21 sin
271 598 35 20 del
330 604 65 15 anser
417 598 143 27 beskattning
583 598 23 21 af
628 598 67 21 tobak
718 603 52 15 vara
786 603 26 15 en
828 596 138 27 synnerligen

212 633 91 27 lämplig
325 633 136 27 skatteform,
483 634 64 21 hvars
564 633 141 21 användande
721 633 63 21 äfven
800 633 33 21 för
849 632 117 21 framtiden

194 691 5 5 .
213 669 62 21 torde
292 669 47 21 visa
359 669 33 26 sig
408 669 104 27 behöflig,
529 675 65 21 synas
610 669 134 26 tillräckliga
760 668 48 21 skäl
824 668 142 27 förekomma,

213 706 33 19 att
270 704 129 27 Ständerna,
416 705 49 21 med
490 705 63 21 bifall
570 704 33 21 till
620 704 255 27 Bevillningsutskottets
891 703 75 22 anhål-

211 740 44 27 lan,
274 740 106 22 öfverlåta
396 742 23 20 åt
436 741 63 21 detta
515 741 92 20 Utskott
623 742 33 19 att
671 740 80 21 föreslå
768 740 40 21 den
824 739 62 27 form,
897 740 69 20 under

213 775 88 22 hvilken
321 776 60 21 skatt
401 777 28 26 på
446 777 66 20 tobak
529 776 35 21 till
579 776 79 27 belopp
675 776 24 21 af
712 775 160 27 sammanlagdt
888 775 13 21 3
917 775 48 21 mil-

210 811 63 26 joner
295 812 62 21 mark
373 813 69 20 under
459 813 51 20 åren
528 812 148 21 1892—1894
692 811 67 21 borde
775 811 116 26 uppbäras.
923 811 42 20 För

212 847 41 21 den
271 847 111 27 händelse,
399 849 34 20 att
449 847 123 22 Ständerna
589 847 47 21 icke
652 847 73 21 kunde
741 847 115 27 godkänna
872 847 37 21 det
925 847 41 21 för-

211 882 54 27 slag,
283 883 246 27 Bevillningsutskottet
546 883 92 21 sålunda
652 883 87 21 komme
756 884 32 20 att
799 884 102 25 uppgöra,
913 882 53 22 eller

211 920 34 19 att
261 918 26 21 H.
305 918 26 22 K.
348 919 103 26 Majestät
467 919 48 21 icke
532 920 84 20 täcktes
633 918 7 22 i
656 919 67 21 nåder
740 918 140 22 sanktionera
897 919 36 21 det
944 918 23 21 af

212 953 122 22 Ständerna
351 954 6 20 i
374 955 90 21 ärendet
480 954 84 22 fattade
580 954 79 27 beslut,
671 954 68 21 borde
751 954 54 21 dock
817 954 68 21 andra
895 954 71 21 medel

211 989 87 21 anvisas
319 990 34 21 för
372 990 138 21 betäckande
526 990 24 21 af
564 990 128 22 förenämda
708 989 62 21 brist.
802 989 100 27 Tillgång
917 990 48 20 här-

211 1025 35 21 till
270 1024 116 23 förefinnes
411 1026 6 20 i
435 1027 40 20 den
500 1026 58 21 vinst
582 1026 104 21 Finlands
712 1025 68 21 banks
799 1025 81 21 rörelse
897 1025 69 21 under

211 1062 112 20 närmaste
347 1062 25 20 år
395 1062 98 20 kommer
509 1062 35 20 att
559 1061 79 21 lemna.
669 1060 111 22 Ehuruväl
796 1062 32 20 ett
844 1060 70 27 dylikt
929 1067 36 15 an-

211 1096 91 21 visande
319 1098 12 19 å
351 1097 99 21 bankens
467 1098 131 20 kommande
614 1096 130 22 vinstmedel
760 1097 46 20 står
821 1096 7 21 i
844 1096 57 21 strid
916 1096 50 21 med

211 1131 60 21 förut
287 1132 100 26 gällande
404 1132 80 27 praxis,
501 1133 41 21 har
553 1133 71 21 denna
635 1132 77 27 åtgärd
724 1132 55 21 dock
790 1132 62 21 äfven
864 1132 24 21 af
897 1132 69 20 Bank-

211 1167 110 21 utskottet
338 1168 7 20 i
362 1168 49 21 dess
428 1168 139 21 betänkande
578 1168 39 21 N:o
630 1168 11 21 1
654 1167 110 27 angående
775 1167 105 21 Finlands
897 1167 68 21 banks

211 1203 92 26 styrelse
328 1204 39 20 och
387 1204 101 21 tillstånd
512 1204 70 21 under
605 1205 51 20 åren
674 1203 118 22 1888—90
808 1202 110 22 eventuelt
933 1202 33 22 för

211 1238 82 27 ordats,
317 1238 89 22 hvarför
431 1239 64 21 äfven
518 1239 116 21 Utskottet
657 1240 40 20 här
717 1239 71 21 nedan
804 1238 114 27 föreslagit
933 1240 33 19 att

211 1273 106 22 Finlands
341 1274 68 22 banks
433 1274 131 22 vinstmedel
585 1275 109 21 eventuelt
718 1275 40 21 och
774 1274 7 22 i
797 1275 49 20 mån
863 1274 24 21 af
901 1274 66 21 behof

211 1308 6 20 i
235 1309 54 21 sista
308 1312 95 19 rummet
422 1310 57 27 finge
496 1310 110 21 användas
623 1310 34 21 för
673 1309 175 22 statsbehofvens
864 1309 101 27 fyllande.

271 1368 246 27 Bevillningsbudgeten
542 1369 165 22 sammanställd
730 1369 34 21 till
781 1370 33 20 ett
832 1368 46 22 helt
895 1368 70 21 skulle

215 1403 92 21 sålunda
323 1404 94 26 gestalta
433 1404 33 27 sig
483 1410 45 15 som
546 1404 71 27 följer:

283 1444 136 19 Statsutskottets
432 1445 107 18 betänkande
552 1445 34 18 N:o
599 1446 27 17 12.
