1061 1700
289 411 308 29 Bevillningsutskottets
613 412 126 22 hemställan
755 418 31 16 om
798 418 26 15 en

218 448 156 29 införselafgift
388 449 26 28 på
430 448 65 23 tobak
511 448 34 22 för
556 447 167 30 finansperioden
737 447 87 23 1892—

221 484 63 23 1894.

148 551 43 22 Vid
207 551 161 28 behandlingen
382 551 24 22 af
414 551 260 27 Bevillningsutskottets
686 550 139 23 betänkande

76 588 39 21 N:o
139 589 12 20 5
176 588 7 20 i
207 587 118 27 anledning
348 587 24 21 af
393 587 62 22 Hans
470 587 127 28 Kejserliga
612 587 115 27 Majestäts
744 587 81 27 nådiga

76 623 135 27 proposition
227 623 114 27 angående
356 623 56 22 accis
428 624 29 26 på
472 623 68 22 tobak
554 622 68 23 hafva
638 622 101 28 samtliga
755 622 70 21 Stånd

76 659 7 21 i
103 659 99 28 enlighet
217 659 49 21 med
281 659 126 22 Utskottets
423 658 70 23 första
509 659 217 27 resolutionsförslag
742 657 82 23 förkla-

76 697 41 26 rat,
140 697 33 20 att
193 695 42 22 den
255 695 80 27 nådiga
355 695 163 27 propositionen
537 695 50 22 icke
602 695 45 21 kan
664 694 24 22 af
702 694 124 22 Ständerna

77 731 135 28 godkännas,
235 731 41 22 och
299 731 119 28 föreligger
442 731 67 22 alltså
532 731 7 21 i
561 731 61 22 detta
643 730 104 22 afseende
769 736 55 15 sam-

77 767 112 28 stämmigt
204 767 172 22 Ständerbeslut.

148 803 104 22 Deremot
276 803 65 22 hafva
360 803 97 22 Stånden
474 803 37 22 vid
527 803 162 27 behandlingen
705 802 24 22 af
743 808 83 16 samma

76 839 140 22 betänkande
237 839 50 22 låtit
305 839 48 22 med
373 839 85 22 besluts
474 839 99 22 fattande
589 839 7 21 i
612 839 119 27 anledning
747 838 25 21 af
785 838 39 22 Ut-

76 875 97 22 skottets
189 875 68 21 andra
273 875 39 21 och
328 875 70 27 tredje
413 875 225 27 resolutionsförslag,
652 874 137 22 beträffande
798 880 26 15 en

76 911 159 27 införselafgift
258 911 28 26 på
301 911 145 27 importerade
468 911 204 22 tobaksfabrikater
688 912 55 20 samt
759 916 65 16 even-

76 946 57 22 tuelt
155 953 34 15 om
213 952 27 17 en
256 946 60 22 skatt
338 947 13 21 å
366 946 74 28 tobak,
456 947 65 21 anstå
536 947 35 21 till
587 947 51 21 dess
654 945 172 23 Statsutskottet

75 981 115 22 inkommit
205 982 49 22 med
269 982 139 22 betänkande
424 988 33 15 om
474 982 80 27 nådiga
570 982 163 27 propositionen
749 981 39 22 N:o
796 983 28 19 20

76 1017 113 28 angående
211 1017 27 22 de
254 1017 37 23 vid
307 1018 71 21 denna
392 1018 107 27 landtdag
514 1018 83 21 äskade
613 1018 77 27 anslag
705 1018 40 21 och
761 1019 63 20 utvä-

75 1059 69 21 garne
159 1053 36 21 till
211 1053 64 22 deras
291 1053 146 28 bestridande,
454 1056 58 19 samt
527 1054 61 21 detta
602 1053 105 28 yttrande
722 1053 25 21 af
761 1053 63 21 Stån-

77 1089 42 21 den
134 1088 137 22 behandlats.

146 1124 249 28 Bevillningsutskottet
415 1125 41 22 har
477 1125 123 22 emellertid
617 1127 73 20 ansett
706 1125 34 28 sig
755 1124 68 23 redan

76 1160 155 22 dessförinnan
254 1161 59 27 böra,
337 1161 28 22 då
384 1161 41 22 den
441 1167 91 16 numera
548 1161 34 22 för
599 1161 134 22 Ständernas
751 1161 73 22 öfver-

75 1196 133 27 läggningar
231 1197 139 22 återstående
391 1197 64 22 korta
471 1197 32 22 tid
519 1197 49 22 icke
584 1197 122 28 medgifver
721 1197 104 27 uppskof,

76 1232 35 21 till
131 1232 135 27 behandling
288 1234 96 26 upptaga
407 1232 79 28 frågan
510 1239 33 15 om
559 1234 69 21 sättet
643 1233 40 22 och
699 1233 127 28 grunderna

75 1267 35 22 för
133 1268 38 21 det
194 1269 113 21 eventuelt
330 1268 108 28 behöfliga
461 1269 206 27 anslagsbeloppets
691 1269 133 27 fördelning,

75 1304 40 21 och
131 1304 41 21 har
195 1304 121 28 Utskottet,
336 1305 28 26 på
380 1305 104 28 begäran,
501 1305 42 21 den
560 1307 26 19 21
603 1305 44 27 Maj
665 1305 60 22 detta
740 1305 26 21 år
782 1304 44 22 fått

75 1339 26 21 af
121 1339 172 22 Statsutskottet
313 1341 109 26 emottaga
443 1340 136 28 upplysning
601 1340 136 23 beträffande
759 1341 66 21 stats-

74 1375 92 22 verkets
181 1376 127 22 beräknade
323 1376 68 22 behof
403 1376 36 22 för
454 1376 148 23 instundande
618 1376 152 27 finansperiod.

146 1416 72 23 Bihang
231 1417 25 18 till
268 1417 196 23 Bevillningsutskottets
477 1417 108 19 betänkande
597 1418 36 18 N:o
646 1420 16 16 5.
