1061 1709
213 160 26 20 12
397 160 29 22 U.
442 160 27 22 B.
486 173 28 3 —
530 160 74 28 Prop.
621 160 45 22 N:o
682 160 38 22 23.

183 222 128 28 tillämpliga
333 223 166 27 bestämningar.
532 224 35 20 Då
588 222 118 22 emellertid
729 223 27 20 de
779 222 164 28 ifrågavarande

185 256 134 21 traktaterna
339 261 55 17 samt
416 258 29 26 på
461 258 68 26 grund
544 257 26 21 af
582 257 49 21 dem
646 257 82 27 utgifna
743 257 201 27 specialförfattnin-

185 297 44 20 gar,
253 298 79 19 genom
352 295 32 17 att
399 292 29 26 på
443 291 184 27 grundlagsenligt
642 291 44 21 sätt
702 290 97 22 utfärdas
818 292 6 20 i
846 291 96 24 Finland,

185 324 80 20 erhålla
287 325 111 27 egenskap
421 326 25 20 af
465 325 54 21 finsk
541 325 41 27 lag,
606 325 43 20 och
671 326 66 26 några
758 325 131 21 annorlunda
903 324 40 22 till-

185 358 79 20 komna
280 358 59 27 lagar
354 359 39 21 här
408 359 48 21 icke
471 360 71 20 kunna
557 359 64 25 afses,
645 366 64 20 synes
734 360 166 20 omnämnandet
923 358 24 21 af

185 392 177 26 Kejsaredömets
386 393 59 27 lagar
468 394 29 26 på
520 393 60 21 detta
603 393 62 21 ställe
688 393 48 21 icke
757 400 52 13 vara
831 393 112 26 sakenligt,

185 426 86 21 hvarför
294 427 115 21 Utskottet
430 427 111 27 föreslagit
563 430 33 18 att
618 427 65 21 slutet
698 427 25 20 af
734 428 114 26 meningen
864 426 80 21 erhölle

188 460 95 26 följande
298 461 124 21 förkortade
438 462 93 26 lydelse:
546 461 90 25 ,därest
650 461 44 21 icke
715 461 137 27 beträffande
874 460 70 21 sådan

181 498 91 28 persons
287 495 105 21 dömande
406 496 29 20 är
447 495 105 21 särskildt
567 496 137 20 annorlunda
717 496 125 26 stadgadt*.

256 528 76 28 Öfriga
354 531 6 19 i
384 530 126 26 paragrafen
532 530 103 26 vidtagna
656 530 156 20 redaktionella
831 529 113 27 ändringar

185 563 194 21 öfverensstämma
394 564 51 20 med
461 564 27 20 de
503 564 115 26 ändringar
633 566 6 18 i
657 570 7 14 1
688 564 20 27 8,
730 564 33 20 för
787 564 71 20 hvilka
881 564 63 20 ofvan

185 598 130 26 redogjorts.

255 633 18 25 $
285 639 22 20 3.
338 633 72 27 Enligt
426 633 57 21 hvad
498 634 66 20 redan
586 634 76 24 nämts,
686 635 73 25 intaga
782 632 162 27 tjänsteförbry-

185 666 94 21 telserna
295 669 6 19 i
317 668 125 26 strafflagen
458 675 26 13 en
499 668 53 20 ifrån
572 668 26 20 de
619 668 32 20 för
674 667 74 27 lagens
770 667 174 27 verkningskrets

185 702 118 26 uppstälda
319 702 105 21 allmänna
440 702 166 27 grundsatserna
622 703 67 26 något
704 702 115 20 afvikande
838 701 105 26 ställning,

186 737 6 19 i
209 736 38 20 det
263 736 81 20 sådana
359 737 65 25 brott,
441 737 113 27 begångna
571 736 24 21 af
607 736 54 21 finsk
676 736 129 27 tjänsteman
820 739 65 21 utom,
902 735 43 20 lika

185 770 36 20 väl
237 777 48 13 som
300 772 58 19 inom
372 770 79 26 landet,
469 771 97 21 afdömas
583 771 55 21 efter
653 770 53 21 finsk
724 771 36 26 lag
783 770 41 20 och
848 770 24 20 af
891 769 54 21 finsk

187 804 101 26 domstol,
305 806 77 19 medan
397 805 59 21 brott
471 807 6 19 i
493 805 93 26 tjänsten
600 805 25 20 af
638 805 48 25 den,
700 812 48 13 som
764 806 6 19 i
785 804 90 21 Finland
887 805 58 19 inne-

186 839 38 20 har
239 842 65 18 annat
319 839 61 21 lands
395 840 72 26 tjänst,
483 840 38 20 här
533 843 109 24 upptages
656 840 76 20 endast
745 839 71 21 såvidt
825 839 120 20 detsamma

186 874 114 20 innefattar
316 874 155 20 öfverträdelse
487 874 24 20 af
523 874 77 20 allmän
616 874 36 27 lag
667 874 50 20 eller
733 874 120 20 föranleder
868 872 78 21 skade-

187 908 71 20 stånd.
289 908 71 21 Fotad
376 909 30 26 på
418 909 43 20 den
475 908 106 27 naturliga
595 908 181 26 förutsättningen
792 911 31 17 att
839 910 31 17 ett
892 906 54 26 tjän-

187 942 64 20 stefel
265 943 66 26 angår
347 943 77 20 endast
439 943 42 20 den
496 946 50 21 stat,
563 950 47 13 som
626 943 22 20 åt
663 942 42 21 den
720 942 86 20 felande
829 940 116 28 uppdragit

187 976 107 26 tjänstens
310 976 98 28 utöfning
423 977 42 20 och
481 977 63 20 hvars
559 976 151 27 myndigheter
726 976 69 20 allena
810 975 70 21 kunna
903 975 42 20 rätt

187 1010 121 27 uppskatta
332 1010 62 21 felets
418 1010 147 25 straffbarhet,
589 1011 22 19 är
628 1011 70 20 denna
713 1009 115 27 rättsregel
843 1009 82 21 uttalad
940 1010 7 18 i

190 1050 11 20 3
224 1044 42 20 och
288 1044 14 20 6
325 1044 26 27 $$
374 1045 24 20 af
418 1045 134 27 strafflagens
578 1050 6 14 1
602 1044 89 27 kapitel.
721 1044 9 20 I
746 1044 38 20 det
799 1043 148 27 föreliggande

187 1078 144 28 lagförslaget
345 1080 39 20 har
399 1080 119 20 emellertid
532 1078 208 27 tjänsteförbrytelse
755 1078 25 20 af
791 1078 54 20 finsk
860 1078 87 26 tjänste-

187 1120 50 13 man
252 1115 6 19 i
274 1113 166 27 Kejsaredömet
461 1117 56 17 samt
538 1114 24 20 af
574 1113 51 27 rysk
640 1113 129 26 tjänsteman
784 1114 6 18 i
806 1111 89 21 Finland
911 1118 36 12 un-

188 1147 111 27 dantagits
321 1148 46 20 från
390 1148 27 20 de
439 1148 33 20 för
492 1148 81 20 sådana
595 1147 59 21 brott
672 1146 100 28 gällande
790 1146 105 20 allmänna
911 1144 37 21 be-

187 1181 167 27 stämningarna.
385 1182 115 20 Saknaden
515 1182 25 20 af
552 1181 136 27 stadganden
702 1182 6 19 i
724 1180 62 21 detta
801 1179 102 21 afseende
918 1180 30 19 in-

188 1215 73 25 nebär,
286 1219 33 17 att
334 1216 163 26 ifrågavarande
512 1216 60 20 brott
586 1215 87 20 komme
688 1218 38 21 att,
744 1216 6 18 i
765 1214 67 20 likhet
847 1213 50 20 med
913 1219 35 13 an-

187 1250 38 20 dra
241 1250 26 20 af
278 1250 54 20 finsk
347 1257 49 13 man
412 1252 6 19 i
433 1250 109 27 Ryssland
558 1250 50 20 eller
624 1249 51 27 rysk
690 1255 50 14 man
755 1250 6 18 i
779 1248 91 21 Finland
882 1246 66 22 föröf-

186 1284 57 20 vade
267 1284 147 27 förbrytelser,
437 1285 79 20 beifras
539 1284 67 26 enligt
628 1283 105 21 särskilda
754 1282 76 20 härom
849 1281 100 27 gällande

187 1318 142 22 föreskrifter.

254 1353 66 20 Hvad
340 1359 11 21 3
372 1352 14 29 &
407 1353 108 25 beträffar,
536 1352 72 21 blefve
629 1359 27 13 en
682 1352 68 20 sådan
765 1349 183 27 ofullständighet,

186 1386 67 28 enligt
277 1387 127 21 Utskottets
427 1388 145 24 förmenande,
592 1388 6 20 i
614 1386 44 28 hög
680 1386 55 27 grad
758 1384 117 27 betänklig.
907 1383 42 21 Ge-

186 1428 51 13 nom
259 1421 147 21 likställandet
428 1422 24 20 af
468 1422 108 26 egentliga
592 1420 227 27 tjänsteförbrytelser,
836 1419 113 26 begångna

186 1455 25 20 af
230 1455 68 21 finske
320 1456 131 26 tjänstemän
471 1458 7 19 i
497 1456 115 26 Ryssland,
636 1455 50 21 med
707 1455 61 20 brott
791 1457 59 17 emot
872 1452 78 21 allmän

256 1494 132 22 Lagutskotteis
401 1495 113 18 betänkande
527 1496 36 16 N:o
576 1495 28 17 15.
