1059 1700
387 304 142 31 Relation

444 362 27 12 om

253 398 256 27 Tobaksbeskattningen
524 399 8 21 i
547 398 114 27 Ryssland,

132 443 79 22 afgifven
224 443 20 17 af
256 443 184 17 Generaldirektören
454 443 29 17 vid
495 443 133 22 Tullstyrelsen
641 443 22 17 B.
674 443 22 17 F.
714 443 70 17 Winter.

150 489 186 26 Tobaksodlingen
361 491 23 18 är
400 489 6 20 i
422 489 107 27 Ryssland
553 496 25 14 en
602 489 26 21 fri
645 491 82 25 näring,
748 489 38 21 och
804 490 31 20 in-

82 524 75 21 hemsk
180 524 33 21 för
235 523 73 21 vidare
331 523 142 27 bearbetning
496 524 75 21 afsedd
588 524 118 21 bladtobak
722 526 24 19 är
762 524 18 27 ej
797 530 38 15 un-

84 559 115 21 derkastad
223 558 144 26 beskattning.
398 558 127 22 Rätobaken
549 559 42 21 kan
607 559 64 21 likväl
688 559 18 26 ej
723 559 112 21 betraktas

82 594 70 20 såsom
168 600 25 14 en
209 593 26 21 fri
252 593 149 21 handelsvara.
432 593 112 26 Rättighet
560 595 33 19 att
608 593 114 21 innehafva
737 593 98 21 inhemsk

82 628 117 21 bladtobak
215 628 130 20 tillkommer
356 628 106 26 nemligen
475 628 77 20 endast
563 628 152 20 tobaksodlare
726 628 38 21 och
776 628 59 20 inne-

81 662 87 22 hafvare
185 662 22 21 af
221 662 149 21 tobaksfabrik
387 662 52 20 eller
455 668 36 15 en-
501 668 50 20 gros
563 663 107 25 nederlag,
683 662 38 21 och
733 662 102 21 utländsk

83 697 117 21 bladtobak
217 699 55 19 samt
288 697 63 26 stjelk
368 696 33 21 fär
417 696 48 21 icke
480 696 151 22 införskrifvas
647 696 22 21 af
685 703 68 15 annan
765 699 26 18 än
803 699 32 19 to-

83 732 164 20 baksfabrikant
263 732 52 20 eller
331 731 139 21 innehafvare
486 732 23 20 af
523 738 87 20 en-gros
627 732 108 26 nederlag.
766 732 69 20 Desse

83 767 134 21 sistnämnda
239 766 63 21 hafva
325 766 32 20 till
379 766 85 26 uppgift
481 768 32 19 att
528 766 105 21 förmedla
649 767 91 20 handeln
757 767 78 20 mellan

82 802 152 20 tobaksodlare
263 801 37 21 och
317 800 116 27 fabrikant,
451 801 68 21 denne
535 801 65 21 likväl
618 801 100 26 obetaget
735 804 32 18 att
782 808 53 20 upp-

84 836 56 26 köpa
156 836 116 20 bladtobak
289 835 133 21 omedelbart
439 835 12 21 ä
467 836 147 26 plantagerna.

150 870 146 25 Tillverkning
312 870 22 20 af
349 869 200 21 tobaksfabrikater
560 870 33 20 fär
604 871 5 19 i
623 870 71 26 regeln
706 871 129 20 verkställas

82 905 77 21 endast
175 905 4 20 i
197 904 76 21 fabrik.
304 904 116 25 Undantag
443 903 40 21 har
505 904 54 20 dock
583 904 68 26 gjorts
670 904 34 21 för
720 905 116 21 tobaksod-

82 940 51 25 lare,
158 945 43 15 som
226 945 38 20 ega
288 938 47 21 med
352 938 72 26 vanlig
441 938 105 20 handknif
560 938 79 21 bereda
655 939 65 21 tobak
737 939 33 21 för
786 940 50 20 hus-

82 974 70 21 behof.
183 974 28 20 Af
233 973 71 27 tobak,
322 973 33 20 för
379 972 85 21 hvilken
489 972 121 26 accisafgift
627 973 69 21 blifvit
715 974 80 26 erlagd,
812 976 24 18 är

83 1008 109 21 dessutom
209 1008 79 21 enhvar
305 1008 122 26 berättigad
444 1009 33 19 att
494 1008 5 20 i
516 1008 149 26 privatbostad
683 1008 101 21 tillverka
799 1015 37 20 pa-

84 1048 101 21 pyrosser
207 1042 33 21 för
263 1042 258 21 bostadsinnehafvarens
541 1042 38 21 och
597 1042 79 22 dennes
693 1043 78 25 familjs
788 1045 49 25 eget

83 1077 69 25 behof,
170 1077 53 21 dock
240 1080 50 18 utan
307 1076 86 21 biträde
409 1076 23 20 af
447 1076 104 21 särskildt
568 1077 119 21 tillkallade
704 1078 52 20 eller
767 1078 68 26 legda,

82 1114 58 19 utom
158 1118 80 14 samma
254 1111 75 21 bostad
348 1111 83 21 boende
447 1117 109 20 personer.

150 1147 57 21 Utan
224 1147 69 26 nägon
315 1145 64 27 afgift
394 1146 32 20 till
444 1145 81 21 kronan
544 1153 49 20 eger
610 1147 153 21 tobaksodlare
779 1147 58 21 hälla

82 1181 80 27 upplag
185 1181 22 21 af
229 1181 75 20 honom
329 1180 97 26 tillhörig
449 1180 66 21 tobak
540 1181 59 20 såväl
615 1181 6 20 i
638 1181 169 27 förvaringsrum
824 1182 13 21 &

81 1217 100 26 plantage
205 1222 45 14 som
266 1215 13 20 å
294 1217 123 24 temporära
441 1214 199 27 nederlagsställen,
664 1216 108 21 inrättade
788 1217 47 20 med

83 1250 98 22 tillstånd
205 1250 22 21 af
249 1249 162 22 vederbörande
437 1249 187 26 accismyndighet.
655 1245 68 27 Äfven
740 1251 96 21 innehaf-

82 1292 50 14 vare
148 1284 22 21 af
185 1283 149 22 tobaksfabrik
359 1283 52 21 eller
431 1285 127 24 permanent
573 1290 87 20 en-gros
677 1286 102 26 nederlag
795 1286 41 20 kan

82 1320 12 20 å
110 1322 40 23 ort,
167 1320 37 20 der
219 1319 101 27 plantage
337 1320 23 18 är
376 1317 93 25 beläget,
494 1317 81 21 inrätta
591 1319 149 27 upplagsplats
756 1321 33 20 för
805 1322 32 19 to-

82 1354 48 25 bak,
154 1360 45 14 som
223 1353 46 21 från
293 1352 112 27 plantaget
420 1351 118 27 uppköpts.
570 1352 40 21 Vid
627 1355 111 25 transport
753 1356 23 20 af
791 1362 46 14 oar-

82 1388 64 20 betad
170 1387 117 21 bladtobak
311 1386 55 21 skall
391 1392 66 14 varan
475 1386 6 19 i
498 1386 72 26 regeln
594 1393 51 15 vara
665 1388 76 28 åtföljd
758 1390 23 20 af
795 1390 42 20 for-

82 1422 66 26 sedel,
164 1423 91 26 tullpass
272 1422 52 21 eller
341 1422 145 26 förpassning.
517 1420 188 29 Minimibeloppet
720 1424 33 21 för
764 1424 73 27 hvarje

81 1458 112 25 transport
208 1459 24 19 är
248 1458 61 21 äfven
326 1457 113 23 faststäldt
455 1460 39 20 och
511 1456 64 21 beror
591 1458 46 20 dels
653 1458 22 20 af
685 1459 105 21 tobakens
802 1459 36 21 be-

861 491 97 18 Allmänna

849 520 119 22 stadganden.

861 1151 101 22 Förvaring

844 1180 32 17 och
884 1180 98 21 transport

851 1209 20 17 af
885 1207 89 19 oarbetad

859 1237 106 18 bladtobak.
