1061 1698
264 94 27 22 26
450 93 29 23 U.
494 94 28 22 B.
539 107 26 2 —
583 94 73 28 Prop.
672 94 45 23 N:o
733 94 37 23 24.

447 153 55 22 Mål
525 155 132 27 angående
680 156 106 20 utevaro
809 155 63 26 från
895 156 87 20 värne-

373 189 186 28 pligtsuppbåd
574 190 72 21 skola
662 189 32 28 af
707 189 174 23 domstolarna
893 191 35 27 på
943 197 41 15 an-

376 225 86 22 mälan
484 227 92 26 genast
597 225 135 28 företagas
754 226 43 21 och
818 225 53 22 med
888 226 95 27 skynd-

376 261 96 22 samhet
496 261 140 22 behandlas
660 264 69 23 samt,
753 261 32 22 då
808 261 27 22 de
848 262 33 26 på
898 261 86 22 landet

375 297 155 26 förekomma
550 297 43 21 och
612 297 137 22 ordinarie
770 297 56 28 ting
841 297 54 22 icke
910 304 72 15 snar-

377 332 70 28 ligen
471 333 131 27 inträffar,
626 333 42 21 vid
690 333 180 27 förefallande
889 333 94 22 urtima

377 368 57 29 ting
452 369 169 28 handläggas.

305 493 113 29 Derjemte
434 494 35 22 får
484 495 116 22 Utskottet
615 495 113 21 vördsamt
743 493 91 23 föreslå:

448 556 32 20 att
501 553 127 23 Ständerna
651 554 50 22 ville
719 554 38 21 hos
782 554 63 22 Hans
861 554 121 28 Kejserliga

376 589 104 28 Majestät
503 590 159 28 underdånigst
686 590 91 21 anhålla
800 597 33 14 om
853 589 128 29 åvägabrin-

374 625 73 28 gande
470 625 28 27 af
516 627 102 21 närmare
642 626 125 28 utredning,
785 625 108 22 huruvida
913 626 69 21 icke
970 621 16 38 i

376 661 211 28 värnepligtsåldern
602 662 96 21 varande
713 661 125 28 ynglingar,
855 668 43 15 som
912 662 7 20 i
927 661 55 28 följd

376 696 28 28 af
416 698 60 21 svårt
492 697 120 28 kroppslyte
628 697 52 22 eller
694 697 105 22 vansinne
815 699 38 20 äro
865 697 33 22 till
912 697 68 28 krigs-

376 734 65 26 tjenst
461 733 118 28 uppenbart
601 733 105 29 oduglige,
723 733 70 22 kunde
807 733 55 27 från
877 732 103 28 uppbåds-

376 768 103 23 kallelsen
502 769 105 22 uteslutas
628 769 52 22 eller
695 769 80 27 befrias
789 769 55 27 från
859 768 121 29 skyldighe-

376 806 37 20 ten
436 806 32 21 att
490 805 37 21 vid
549 805 106 28 uppbådet
669 807 104 27 närvara,
789 806 56 21 samt
860 807 36 25 att,
912 805 69 22 derest

376 840 85 23 lättnad
484 841 8 22 i
514 841 80 22 sådant
616 840 101 29 afseende
739 841 81 28 funnes
843 840 77 23 kunna
935 840 46 23 dem

374 877 126 28 medgifvas,
520 877 136 28 proposition
679 885 33 14 om
735 877 116 28 införande
871 877 27 27 af
918 877 68 27 deraf

373 912 131 28 föranledda
527 913 124 29 ändringar
676 913 8 22 i
704 913 198 29 Värnepligtslagen
918 913 63 22 måtte

374 950 258 22 nästsammanträdande
647 949 96 23 Ständer
757 950 127 28 föreläggas.

302 1074 39 22 Uti
356 1075 162 28 behandlingen
533 1076 26 22 af
573 1076 60 22 detta
649 1076 82 22 ärende
747 1075 66 23 hafva
829 1075 91 27 deltagit
931 1075 48 22 ord-

229 1109 115 29 föranden,
360 1110 158 29 Montgomery,
535 1112 149 22 ledamöterne
700 1111 96 23 friherre
811 1111 166 28 Langenskiöld

229 1145 88 23 Jaakko
334 1146 113 28 Forsman,
459 1147 24 23 G.
492 1148 132 27 Johansson,
636 1148 27 21 H.
672 1148 25 21 E.
707 1147 141 28 Schroderus,
858 1147 121 23 Schwartz-

229 1181 62 28 berg,
315 1181 133 30 Serlachius,
472 1184 114 28 Clouberg,
610 1184 106 27 Jusélius,
739 1183 98 28 Castrén,
854 1183 125 27 Leppänen,

229 1216 135 24 Tensikkala
387 1219 41 21 och
451 1219 118 28 Teittinen,
593 1219 113 23 äfvensom
727 1220 169 26 suppleanterne
913 1219 66 21 Cron-

228 1252 67 28 stedt,
311 1253 145 28 Jägerskiöld
471 1255 40 22 och
526 1255 102 22 Jansson.

301 1288 141 29 Helsingfors
458 1290 42 22 den
516 1292 27 20 21
560 1291 42 27 maj
621 1292 63 20 1891.

326 1379 122 22 Helsingfors,
460 1380 68 17 Weilin
541 1380 15 17 &
569 1381 55 16 Göös'
637 1380 113 22 aktiebolags
762 1380 122 21 boktryckeri.
