1061 1709
230 150 28 20 24

414 151 29 22 U.
459 151 28 21 B.
504 164 27 2 —
547 151 76 28 Prop.
639 151 46 22 N:o
700 151 38 22 23.

408 214 120 20 stämmelse
543 214 51 20 med
606 214 40 20 den
661 214 82 26 nådiga
754 214 155 26 propositionen
923 221 35 13 an-

408 249 56 25 tagit
478 250 78 19 tvänne
571 249 26 20 så
613 248 92 27 lydande
712 248 174 27 förordningar:

477 345 149 34 Förordning,
641 344 118 34 angående
773 344 119 28 särskilda
902 346 54 27 änd-

407 386 81 33 ringar
502 386 5 26 i
521 385 141 34 strafflagen
681 385 37 28 för
735 384 221 30 Storfurstendömet

408 425 92 28 Finland
519 425 26 28 af
563 426 42 27 den
625 426 26 27 19
671 426 122 27 december
811 425 69 28 1889.

474 493 75 23 Jämte
568 493 36 21 det
623 499 13 21 7
655 495 18 25 $
688 500 11 14 1
714 494 48 26 kap.
780 494 29 26 af
824 494 130 27 strafflagen

403 528 40 25 för
458 527 206 27 Storfurstendömet
678 528 99 24 Finland,
787 528 77 27 gifven
875 528 39 20 den
927 535 26 21 19

404 562 108 20 december
531 562 66 28 1889,
620 562 125 27 upphäfves,
767 562 82 20 varder
869 562 85 27 härige-

403 603 48 13 nom
466 598 137 26 förordnadt
621 600 34 18 att
669 597 56 21 1—6
740 598 36 26 $$
791 598 9 20 i
812 598 71 26 sagda
897 598 56 26 kap,

402 638 57 20 2—14
475 631 37 21 och
528 631 15 21 6
557 633 36 25 $£
608 638 24 14 11
645 632 55 26 kap,
714 638 55 21 1—9
785 633 36 25 SS
835 638 26 14 12
872 632 55 26 kap.,
944 638 8 20 3

402 666 18 23 S
434 672 26 20 13
475 666 55 26 kap,
549 672 7 20 3
568 666 37 20 och
616 672 15 21 4
641 667 35 25 SS
687 672 25 21 14
724 666 56 27 kap.,
792 666 28 21 16
830 667 18 25 $
858 665 28 21 16
895 666 56 27 kap,

401 705 27 15 12
442 700 18 25 $
471 706 31 20 34
522 700 55 27 kap,
597 706 82 21 10—13
695 702 35 24 SS
742 700 33 27 36
789 700 55 27 kap.,
860 707 12 13 1
887 700 36 20 och
938 707 14 20 4

402 734 35 25 SS
444 739 30 21 37
484 734 48 27 kap.
549 738 58 16 samt
617 741 13 13 1
640 736 17 24 $
667 741 28 21 42
704 735 48 27 kap.
770 736 29 25 af
810 734 90 21 berörda
915 735 40 26 lag

400 768 62 20 skola
476 768 83 21 erhålla
569 769 103 27 följande
681 769 139 27 förändrade
836 769 87 26 lydelse:

620 874 15 17 i
650 875 81 22 Kap.

399 932 45 23 Om
464 934 63 27 dem,
548 940 53 16 som
621 936 43 20 äro
685 934 181 22 underkastade
885 934 64 23 finsk

609 968 130 22 straffrätt.

649 1027 50 25 Cr.

466 1077 65 26 Lfter
538 1077 83 26 finsk
636 1078 39 26 lag
688 1078 71 20 dömes
769 1078 61 26 finsk
845 1084 61 14 man:

468 1117 31 14 1:0
504 1112 44 26 för
557 1111 60 25 brott,
631 1118 44 14 som
686 1112 43 20 han
740 1112 72 26 begått
822 1112 56 20 inom
889 1111 58 21 Stor-

390 1145 162 26 furstendömet
565 1146 107 23 Finland;

464 1187 34 13 2:0
514 1181 45 26 för
579 1180 60 25 brott,
662 1188 44 13 som
729 1180 43 20 han
795 1180 73 26 begått
889 1183 57 17 utom

394 1214 95 26 Ryska
504 1214 96 20 Rikets
615 1215 93 24 område,
726 1215 9 20 i
747 1214 101 20 händelse
862 1214 43 20 han
916 1222 29 13 se-

395 1248 99 20 dermera
501 1249 73 27 finnes
586 1249 56 20 inom
652 1249 100 24 Finland,
764 1249 52 20 eller
824 1248 72 27 blifvit
905 1249 41 21 hit

394 1282 151 26 öfverlemnad
556 1284 44 26 för
613 1286 34 17 att
661 1283 80 25 dömas,
758 1283 37 20 och
809 1283 55 20 hans
880 1283 65 21 brott:

463 1318 25 23 a)
494 1316 115 21 ärriktadt
615 1320 54 17 emot
676 1317 197 27 Kejsaredömet
882 1318 65 20 eller

394 1348 250 28 Storfurstendömet
666 1352 52 19 eller
739 1354 55 17 emot
809 1351 61 27 finsk
892 1358 51 14 man

392 1384 54 20 eller
459 1391 72 13 annan
546 1385 87 26 Ryska
647 1386 90 20 Rikets
752 1385 126 24 undersåte;

462 1418 22 23 b)
500 1420 29 18 är
543 1419 83 20 riktadt
641 1422 54 17 emot
708 1419 77 27 högsta
801 1419 84 20 makten
901 1420 8 20 i
918 1427 24 13 en

385 1452 167 26 främmande
567 1456 45 17 stat
627 1454 52 19 eller
692 1456 54 17 emot
761 1453 124 20 undersåtes
897 1454 9 20 i
914 1461 28 13 en

251 1488 131 23 Lagutskottets
395 1490 110 18 betänkande
516 1491 38 17 N:o
567 1492 28 17 15.
