1061 1686
259 95 28 20 36
375 95 93 25 Ständ.
487 95 48 26 Sv.
556 110 33 3 —
609 96 81 31 Prop.
710 96 51 25 N:o
782 103 38 23 23.

229 161 140 21 innevarande
387 161 25 20 år
430 162 92 25 behagat
545 162 70 25 uttala,
638 162 64 20 hafva
722 162 118 20 Ständerna
860 163 17 25 ej
894 163 80 20 kunnat

228 197 87 20 komma
334 197 28 20 till
383 203 71 14 annan
475 198 86 20 slutsats
582 199 28 19 än
631 200 29 18 att
681 198 69 20 denna
770 198 80 26 vigtiga
865 199 109 26 synpunkt

228 233 44 20 icke
288 233 64 20 blifvit
368 233 31 20 för
415 233 68 20 Eders
499 234 116 25 Kejserliga
625 234 98 26 Majestät
737 234 108 20 framstäld
857 245 26 2 —
895 237 28 18 ett
933 235 40 20 för-

228 269 101 25 hållande,
343 275 47 14 som
399 269 118 20 Ständerna
527 269 74 20 endast
611 270 73 20 kunna
698 270 28 26 på
735 270 34 19 det
776 270 96 26 djupaste
877 271 94 25 beklaga.

297 304 46 20 Hos
359 304 100 21 Finlands
475 305 43 20 folk
533 305 38 20 har
587 305 88 26 aktning
691 305 31 20 för
738 305 34 26 lag
788 306 39 20 och
842 306 32 20 för
884 306 88 26 helgden

226 340 23 20 af
266 340 131 21 Herskarens
413 341 38 20 ord
467 341 23 20 af
503 341 57 20 ålder
575 341 54 20 varit
645 341 59 27 djupt
714 341 80 21 rotfäst.
818 342 36 20 Att
870 348 25 14 en
911 342 61 26 länge

226 376 40 20 och
287 377 145 25 omsorgsfullt
453 377 110 20 förberedd
583 379 56 18 samt
660 378 66 20 under
747 377 135 26 iakttagande
897 378 22 20 af
932 378 40 20 alla

226 412 76 26 lagliga
322 413 77 20 former
420 413 129 20 tillkommen
570 413 35 26 lag
623 413 24 20 af
660 414 40 19 den
716 413 126 26 omfattning
858 414 40 20 och
913 414 58 26 bety-

225 448 57 21 delse
297 454 47 15 som
361 449 39 20 den
417 455 45 20 nya
477 449 122 26 strafflagen
615 450 47 19 kort
677 450 43 20 före
736 449 124 27 tidpunkten
876 450 31 20 för
923 450 47 20 dess

224 485 101 20 trädande
341 485 5 19 i
362 485 97 25 gällande
474 485 54 20 kraft
543 485 28 26 på
583 487 27 18 ett
622 486 48 19 med
681 486 157 25 grundlagarna
850 486 43 20 icke
905 485 65 21 öfver-

224 522 172 20 ensstämmande
416 522 42 19 sätt
480 522 62 24 göres
562 522 120 24 overksam,
699 523 23 19 är
738 522 69 20 derför
823 528 26 14 en
865 522 105 25 händelse,

224 562 47 15 som
293 557 68 20 måste
384 558 40 19 hos
444 558 40 19 alla
503 557 80 20 klasser
599 557 23 20 af
635 557 64 20 folket
714 557 60 26 djupt
789 558 67 19 rubba
873 558 39 19 den
928 558 42 19 tillit

223 592 27 20 till
266 592 168 26 lagstiftningens
451 593 41 20 och
507 593 172 26 lagskipningens
695 593 143 26 regelbundna
848 593 63 26 gång,
923 599 46 14 som

224 629 62 25 utgör
304 635 25 14 en
351 629 22 20 af
397 629 154 20 hörnstenarna
576 629 31 20 för
630 629 72 26 hvarje
725 629 115 26 lagbundet
862 629 106 20 samhälle.

223 664 73 20 Härtill
312 665 87 20 komma
416 665 66 20 andra
498 665 120 20 rättsvådor
629 665 23 20 af
660 665 41 20 lika
712 665 94 26 allvarlig
817 667 37 18 art.
876 665 7 20 I
894 665 75 20 sådant

222 700 98 21 afseende
335 700 64 21 tillåta
416 700 117 21 Ständerna
548 701 33 25 sig
597 703 29 18 att
642 701 98 20 särskildt
755 701 81 26 antyda
851 701 40 20 den
907 701 62 20 svåra

222 737 104 25 ställning,
345 736 6 20 i
370 736 84 20 hvilken
475 737 80 19 landets
572 737 87 20 domare
675 737 61 20 råkat
752 737 121 25 derigenom
889 739 29 18 att
934 737 33 20 det

222 772 77 25 nådiga
319 772 119 20 manifestet
459 772 32 20 för
512 772 47 20 dem
576 773 103 20 inneburit
695 775 28 18 ett
739 772 75 20 förbud
830 775 29 17 att
875 773 92 26 tillämpa

221 808 40 20 den
277 808 41 25 lag,
334 813 48 15 som
398 808 64 25 enligt
477 808 105 25 grundlag
597 809 24 19 är
637 808 40 20 den
693 809 5 19 i
714 808 71 20 landet
800 808 102 25 gällande.
928 808 39 20 Det

220 844 60 20 torde
294 850 52 14 vara
362 844 124 26 uppenbart,
502 846 29 18 att
547 845 28 19 ett
590 844 72 26 längre
678 844 126 20 fortfarande
820 844 23 19 af
857 844 34 20 det
902 850 65 14 nuva-

220 880 64 20 rande
306 879 143 27 provisoriska
465 879 111 21 tillståndet
591 880 28 26 på
635 879 227 26 strafflagstiftningens
881 880 86 20 område

220 916 68 20 måste
311 916 5 19 i
340 916 45 25 hög
408 916 53 25 grad
484 916 42 19 öka
548 916 63 20 dessa
630 915 130 26 svårigheter
776 916 39 19 och
831 915 66 20 vådor
912 917 54 18 samt

220 951 94 21 medföra
329 957 27 14 en
372 952 107 25 betänklig
495 951 106 26 rubbning
617 952 5 19 i
633 952 26 20 de
670 952 106 20 allmänna
790 952 176 26 rättsbegreppen.

817 992 12 10 vu

432 1050 17 21 I
467 1050 140 22 betraktande
627 1050 26 28 af
661 1050 39 22 allt
716 1051 58 21 detta
790 1050 36 22 och
842 1050 28 22 då
886 1052 27 20 ett
924 1051 38 27 dy-

361 1086 39 22 likt
415 1086 154 22 rättstillstånd
585 1086 44 22 icke
644 1086 44 22 kan
703 1088 108 20 motsvara
827 1086 70 22 Eders
913 1086 51 28 Kej-

360 1121 79 29 serliga
457 1122 114 27 Majestäts
587 1122 171 28 landsfaderliga
774 1121 91 29 afsigter
874 1122 35 27 för
919 1122 46 21 lan-

361 1157 47 22 dets
426 1157 42 27 väl,
487 1158 56 27 våga
565 1157 132 27 Ständerna,
712 1157 74 22 hvilka
802 1164 58 21 anse,
877 1159 30 20 att
922 1159 42 20 ter-

359 1193 76 22 minen
453 1193 36 27 för
510 1193 41 22 den
573 1200 46 21 nya
634 1193 140 28 strafflagens
789 1193 37 22 och
841 1193 72 22 dertill
927 1193 36 22 hö-

360 1229 69 21 rande
442 1229 170 28 förordningars
627 1229 28 27 af
670 1229 42 22 den
732 1229 29 21 19
776 1229 112 21 December
903 1229 60 21 1889

359 1265 107 22 trädande
484 1265 9 21 i
510 1265 102 28 gällande
635 1265 60 27 kraft
714 1264 189 29 grundlagsenligt
918 1265 45 21 icke

358 1300 86 22 kunnat
462 1301 54 21 utan
537 1300 137 22 Ständernas
696 1300 130 22 medverkan
846 1300 118 27 förändras

359 1336 52 21 eller
428 1337 32 27 pä
480 1336 105 22 obestämd
607 1336 31 22 tid
659 1336 135 28 uppskjutas,
811 1337 55 20 samt
882 1336 79 28 befara,

357 1373 33 20 att
406 1373 28 20 ett
450 1372 76 29 längre
539 1372 138 27 fortfarande
692 1372 28 27 af
732 1372 35 21 det
777 1372 128 22 nuvarande
912 1379 51 20 pro-

357 1407 109 22 visoriska
484 1408 118 22 tillståndet
613 1408 32 27 pä
660 1403 63 37 straff
729 1407 176 28 lagstiftningens
921 1414 40 14 om-
