1056 1692
308 124 29 23 U.
353 125 29 21 B.
397 137 29 3 —
441 125 74 27 Prop.
531 124 42 23 N:o
589 125 35 22 18.
804 126 24 21 11

97 191 106 22 hällandet
219 192 31 20 att
265 191 24 21 de
304 191 113 22 utländska
431 192 89 27 bolagen
535 192 45 21 icke
593 193 35 20 äro
636 192 154 21 underkastade
798 192 62 21 stats-

97 226 90 21 kontroll
209 226 32 20 för
259 226 40 21 den
316 226 133 21 verksamhet
467 226 25 21 de
507 226 8 21 i
529 226 91 21 Finland
634 226 77 26 utöfva,
727 227 51 21 enär
792 227 30 20 ett
837 224 26 23 af

98 261 123 27 regeringen
235 261 112 27 uppgjordt
360 261 79 26 förslag
453 261 8 20 i
476 260 53 28 syfte
546 261 31 21 att
593 261 93 21 anordna
701 267 25 15 en
745 261 57 27 dylik
810 261 51 21 kon-

98 295 49 22 troll
162 295 67 21 blifvit
244 295 131 21 understäldt
390 295 75 27 högsta
479 295 97 21 maktens
592 295 123 28 afgörande;
738 296 31 21 att
784 295 25 21 de
825 295 36 21 be-

100 330 54 27 lopp,
175 329 100 22 hvarmed
293 329 24 22 de
333 329 110 22 inhemska
458 330 188 27 assuransbolagen
661 330 87 27 bidraga
762 330 33 21 till
810 329 51 22 aflö-

99 364 67 21 nande
183 364 22 21 af
218 364 84 27 publika
317 364 77 21 ombud
410 365 35 20 äro
457 364 151 27 jemförelsevis
624 364 124 28 obetydliga,
764 364 7 21 i
786 364 35 21 det
835 364 25 21 de

100 399 89 27 uppgått
204 399 33 20 till
252 398 73 22 endast
339 399 43 21 400
397 398 12 22 &
425 399 43 21 500
482 399 60 21 mark
558 405 34 15 om
607 399 55 25 året;
685 400 55 20 samt
756 399 104 27 slutligen,

101 434 31 20 att
154 433 25 22 de
201 433 111 21 utländska
327 433 223 28 försäkringsbolagen,
566 433 71 22 hvilka
652 433 89 28 tidigare
756 433 54 22 varit
824 433 36 28 pä-

99 467 59 22 förda
181 467 73 22 endast
273 467 212 28 inkomstbevillning,
499 474 50 15 men
564 467 44 22 icke
624 468 69 27 någon
708 468 152 27 näringsafgift,

99 502 103 25 sjelffallet
223 501 107 30 undgingo
350 501 157 28 ifrågavarande
527 502 136 27 beskattning
677 502 8 21 i
700 503 38 20 och
753 503 49 20 med
817 503 44 21 det-

100 543 80 15 samma
194 536 235 28 inkomstbevillningen
444 537 32 21 för
489 536 82 22 landets
580 543 53 21 egna
640 537 99 21 invånare
747 537 113 28 upphörde.

166 577 31 21 Pä
217 577 24 21 de
257 577 49 26 skäl,
323 583 46 15 som
385 577 60 22 ofvan
461 577 8 20 i
483 577 85 22 korthet
583 577 85 26 anförts,
683 577 21 21 fä
719 577 20 22 vi
754 577 107 22 vördsamt

102 611 111 22 hemställa

375 648 30 19 att
429 647 12 20 2
457 645 15 28 $
488 646 7 21 i
511 645 112 22 utskottets
640 645 221 28 förfatiningsförslag

304 680 42 21 icke
360 681 67 20 måtte
443 681 27 26 af
482 679 122 22 Ständerna
618 680 134 27 godkännas.

141 784 52 22 Elis
208 784 147 28 Furuhjelm.
526 784 25 22 C.
567 783 27 23 6.
611 783 203 29 Standertskjöld.

361 818 65 22 Leon
441 818 152 27 Borgström.
