1061 1703
256 129 12 19 2
552 128 45 23 N:o
618 129 38 22 22.

226 194 115 27 påföljden,
357 195 42 21 kan
416 194 36 21 det
468 194 7 21 i
490 195 78 25 många
582 194 37 20 fall
635 193 33 22 för
684 194 39 21 den
733 194 97 22 bötfälde
840 194 63 22 blifva
915 196 64 26 omöj-

224 228 39 27 ligt
280 230 31 19 att
327 228 91 27 fullgöra
433 228 80 21 hvilket
530 234 44 15 som
591 228 55 21 helst
662 228 22 20 af
698 228 25 20 de
733 228 170 27 ifrågavarande,
915 230 64 20 alter-

225 263 70 20 nativt
318 262 128 22 föreskrifna
468 262 106 26 vilkoren;
599 262 38 21 och
660 262 83 21 komme
758 262 42 21 han
818 262 63 22 alltså
897 264 27 20 då
939 264 38 25 att,

224 298 54 19 utan
294 303 51 20 egen
360 296 123 27 förskyllan,
500 298 27 25 gå
542 297 63 20 miste
621 303 33 14 om
671 296 130 27 rättigheten
818 298 32 20 att
866 297 21 21 få
897 298 32 20 sin
940 298 37 20 sak

224 330 90 27 pröfvad
329 331 6 20 i
351 331 65 26 högre
431 331 92 20 instans.
548 331 79 20 Likaså
642 331 42 20 kan
700 333 31 18 ett
746 330 55 21 blott
818 331 62 26 ringa
890 331 26 21 fel
928 332 50 20 eller

225 371 26 14 en
275 364 117 27 otydlighet
414 365 5 20 i
443 364 208 27 fattigdomsbeviset
674 364 50 21 eller
739 364 6 21 i
761 365 167 26 borgesskriften
945 365 33 20 för

224 400 78 25 parten
324 399 65 20 verka
411 398 78 21 förlust
513 398 21 21 af
555 398 53 21 hans
632 398 146 21 hesvärstalan
802 400 52 19 utan
872 399 37 20 allt
924 399 53 21 hans

224 435 48 25 eget
294 433 141 25 förvällande;
460 433 51 20 celler
534 433 38 20 ock
596 439 34 14 ser
650 433 31 26 sig
696 433 108 20 måhända
820 433 40 20 den
876 433 100 26 sakfälde,

223 467 34 21 för
279 468 33 19 att
334 467 21 20 fä
370 467 54 20 söka
440 467 96 26 ändring,
554 467 101 20 stundom
671 468 94 25 tvungen
781 468 33 19 att
838 467 93 21 afhända
946 468 31 25 sig

224 501 82 22 sådana
321 501 166 26 förvärfsmedel,
504 507 45 15 som
566 501 53 20 dock
631 501 34 20 vid
676 501 122 26 utmätning
809 501 33 20 för
853 501 61 20 böter
924 501 51 20 böra

224 536 142 26 undantagas.
396 535 32 21 Pä
451 535 62 21 dessa
536 535 46 21 skäl
605 535 61 21 torde
690 535 59 21 äfven
773 542 49 19 nyss
839 535 138 21 omförmälda

223 570 70 21 vilkor
308 569 33 21 för
357 569 199 27 ändringssökande
571 569 53 21 böra
642 569 124 27 upphätvas.

296 604 49 21 Med
368 603 99 22 afseende
484 605 12 19 å
511 604 110 21 saknaden
638 603 22 21 af
675 604 125 26 uttryckligt
816 604 159 26 lagstadgande,

223 639 7 20 i
246 638 70 27 grund
339 638 76 21 hvaraf
429 638 78 21 allmän
524 638 100 27 åklagare
640 639 52 26 egde
708 640 33 19 att
756 639 7 20 i
779 638 26 21 de
821 637 23 22 af
857 638 76 21 honom
949 639 26 26 på

223 673 105 26 tjenstens
352 674 80 24 vägnar
455 671 87 21 utförda
565 672 102 20 brottmål
690 672 31 20 till
744 672 66 26 högre
825 674 45 18 rätt
885 672 92 20 inlemna

223 706 77 21 besvär
316 706 126 21 annorledes
459 708 34 24 än,
509 706 90 20 likasom
619 712 71 14 annan
707 706 198 26 ändringssökande
920 707 55 25 part,

223 740 49 27 sjelf
295 740 50 20 eller
360 746 76 20 genom
452 740 91 26 lagligen
559 740 77 20 tillsatt
652 740 84 25 ombud,
753 740 45 25 har,
815 740 161 20 vidkommande

224 774 199 26 ändringssökande
446 774 38 20 hos
507 773 88 27 hofrätt,
616 774 77 20 allmän
710 774 100 26 åklagare
826 775 82 19 ansetts
923 774 51 20 böra

223 808 119 26 berättigas
358 809 39 25 att,
413 809 29 26 på
458 809 43 19 sätt
518 808 60 20 äfven
594 808 128 26 vedertagen
739 808 72 26 praxis
826 808 62 26 länge
897 808 78 26 tillåtit,

223 843 6 20 i
246 842 71 26 dylika
333 842 41 20 mål
390 842 32 20 till
438 841 182 22 advokatfiskalen
637 842 91 20 insända
743 842 83 26 besvär,
838 842 88 21 likasom
937 842 38 20 ock

222 876 125 26 förklaring,
363 876 33 20 för
412 877 32 19 att
461 876 32 20 till
508 876 108 20 hofrätten
637 876 110 21 inlemnas.
777 875 137 21 Beträffande
930 876 46 20 åter

223 910 119 27 ordningen
365 910 33 20 för
412 910 88 20 besvärs
516 910 165 20 inbefordrande
697 910 31 20 till
744 910 118 26 Kejserliga
878 909 97 26 Senaten,

222 945 41 20 har
279 944 36 21 det
329 944 83 21 funnits
428 944 93 26 önskligt
538 945 32 20 att
587 945 21 19 åt
625 945 145 25 prokuratorn
787 944 4 20 i
804 944 93 20 Senaten
908 944 67 20 öfver-

221 978 110 22 lemnades
354 980 32 18 att
408 978 125 23 bestämma,
557 978 105 21 huruvida
686 978 157 26 åklagaretalan
857 978 65 20 :skall
937 978 38 20 hos

223 1012 93 21 Senaten
332 1012 106 26 fullföljas,
456 1012 33 20 för
503 1012 80 21 hvilket
600 1012 97 21 ändamål
713 1012 104 21 besvären
834 1012 65 25 alltid,
916 1013 58 19 utom

223 1047 37 20 der
283 1045 61 27 fråga
359 1052 49 14 vore
424 1045 138 21 uteslutande
578 1052 34 14 om
628 1052 77 15 ansvar
721 1045 50 21 eller
787 1046 188 26 ersättningsskyl-

222 1080 73 26 dighet
317 1079 33 21 för
374 1079 115 27 åklagaren
508 1079 52 27 sjelf,
576 1079 67 21 borde
658 1080 101 21 insändas
775 1079 32 21 till
823 1080 151 26 prokuratorn.

222 1114 83 21 Genom
328 1120 25 14 en
370 1113 57 26 dylik
443 1113 120 26 anordning
578 1113 68 21 skulle
662 1113 106 26 nämligen
784 1114 5 20 i
807 1113 104 27 väsentlig
926 1114 48 20 mån

220 1147 127 27 förebyggas
371 1148 38 25 att,
434 1148 70 20 såsom
528 1154 27 14 nu
580 1147 16 26 ej
621 1147 68 21 sällan
708 1147 104 26 inträffar,
829 1147 82 21 sådana
926 1147 47 26 mål,

220 1182 62 20 hvari
297 1181 55 21 både
368 1181 40 21 den
424 1181 119 27 anklagade
560 1181 38 21 och
613 1181 151 27 målseganden
780 1182 81 26 åtnöjts
872 1181 47 21 med
930 1181 44 20 hof-

220 1216 84 20 rättens
328 1215 50 21 eller
397 1215 32 21 till
448 1215 38 21 och
505 1215 47 21 med
568 1215 65 21 redan
650 1215 48 21 med
713 1215 153 21 underrättens
883 1215 92 21 domslut

220 1250 57 20 samt
300 1249 17 27 ej
341 1248 65 22 heller
422 1249 36 21 det
474 1249 119 21 allmännas
608 1249 92 21 intresse
715 1248 85 21 kräfver
816 1249 77 20 sakens
907 1250 67 25 ytter-

220 1284 67 26 ligare
303 1283 106 27 pröfning,
426 1283 23 21 af
463 1284 128 25 åklagarene
607 1285 53 19 utan
669 1283 90 27 befogad
771 1283 116 26 anledning
897 1284 76 26 dragas

219 1318 33 21 till
268 1317 100 26 Senaten,
385 1317 39 21 och
440 1319 32 19 att
488 1318 32 20 till
535 1318 52 26 följd
603 1318 63 20 häraf
680 1318 26 20 de
721 1317 121 27 anklagade
856 1318 67 20 hållas
935 1324 38 14 un-

219 1352 38 21 der
281 1352 44 20 åtal
348 1352 68 20 under
438 1352 50 20 vida
510 1352 74 26 längre
607 1352 37 25 tid,
666 1354 26 18 än
708 1352 85 20 hvartill
810 1352 46 20 skäl
874 1352 97 26 möjligen

218 1386 63 25 varit,
309 1385 109 21 äfvensom
443 1385 105 22 Senatens
573 1386 239 26 Justitiedepartement
838 1385 133 22 öfverhöfvan

217 1421 108 26 upptages
349 1419 22 21 af
392 1425 26 15 en
438 1420 79 26 mängd
532 1420 166 21 underordnade
712 1419 138 22 besvärsmål.
881 1420 9 20 I
906 1419 67 22 öfver-
