1059 1700
282 146 82 22 Ständ.
381 146 38 22 Sv.
435 160 29 3 —
480 147 74 28 Prop.
570 146 45 23 N:o
631 147 36 22 27.
795 150 24 18 17

172 207 28 21 då
221 206 65 22 dessa
301 207 188 27 inskränkningar
506 208 63 21 såväl
585 213 45 16 som
647 207 26 21 de
689 207 7 21 i
713 207 43 22 den
772 206 81 27 nådiga

100 243 165 26 propositionen
286 242 132 28 föreslagna,
434 243 49 21 icke
501 243 57 22 efter
575 243 86 21 landets
678 242 173 28 förmögenhets-

101 278 154 22 förhållanden
279 278 116 27 afpassade
421 278 133 22 tariffsatser
578 278 57 22 efter
659 279 29 20 all
713 278 140 22 sannolikhet

101 315 84 21 komme
207 316 34 20 att
261 314 61 27 gifva
343 314 119 27 anledning
477 315 36 21 till
528 314 213 27 lagöfverträdelser
756 313 25 22 af
795 313 58 22 olika

102 350 54 28 slag,
174 352 56 20 samt
247 350 105 27 slutligen

174 386 27 21 då
225 386 43 21 den
291 385 24 22 af
336 386 57 21 accis
415 386 12 21 å
443 387 68 20 tobak
527 386 127 22 emotsedda
670 385 183 22 statsinkomsten

101 421 74 23 blefve
199 422 36 21 till
257 422 104 26 beloppet
382 422 80 21 osäker
484 422 40 21 och
547 422 70 21 under
641 422 44 21 alla
699 421 154 22 förhållanden

101 464 53 16 vore
177 464 60 15 mera
260 457 139 28 betungande
423 460 28 19 än
468 464 27 15 en
510 458 8 21 i
534 457 56 23 form
606 457 24 22 af
643 457 161 28 införselafgift
819 456 35 22 för

101 493 135 27 importerad
251 493 67 22 tobak
333 494 115 26 uppburen
465 494 66 27 skatt,

174 529 23 21 få
213 529 123 21 Ständerna
351 529 39 22 hos
406 529 72 22 Eders
493 529 127 28 Kejserliga
635 512 105 49 Majestät
755 529 8 21 i
773 529 80 22 under-

103 564 105 28 dånighet
224 565 91 27 anmäla,

317 632 31 19 att
371 630 42 21 den
438 630 79 28 nådiga
533 630 158 27 propositionen
708 630 45 21 icke
769 630 85 21 kunnat

246 665 27 27 af
286 665 126 22 Ständerna
427 667 98 26 antagas.

175 743 43 21 Vid
238 743 163 27 behandlingen
417 743 24 22 af
455 743 72 22 denna
542 743 63 27 fråga
620 743 41 22 har
677 743 38 22 det
731 742 124 23 emellertid

103 778 50 22 icke
169 779 84 21 kunnat
269 779 83 22 lemnas
363 786 26 14 ur
406 779 57 27 sigte
475 781 38 26 att,
526 779 71 22 såsom
609 779 83 27 jemväl
703 779 7 21 i
721 779 43 22 den
775 779 81 26 nådiga

104 815 164 26 propositionen
283 814 135 28 framhålles,
434 814 256 28 tobaksförbrukningen
706 817 25 19 är
748 813 108 23 särskildt

104 850 71 27 egnad
199 850 35 21 för
257 851 150 27 beskattning,
429 851 92 22 hvarför
545 851 60 22 skatt
626 851 13 21 å
654 851 67 21 tobak
737 850 118 22 framdeles

105 886 71 21 såsom
196 886 81 21 hittills
296 887 67 21 borde
379 887 160 22 företrädesvis
555 889 64 25 tagas
635 887 8 20 i
659 887 97 26 anspråk
772 886 35 21 för
823 887 33 20 att

104 921 72 22 lemna
192 922 27 21 de
235 922 36 21 till
286 922 136 22 bekostande
438 922 25 21 af
475 923 87 21 landets
579 922 180 22 militärväsende
775 921 81 27 nödiga

106 957 157 28 skattebidrag.
294 958 43 22 Vid
359 958 78 22 sådant
461 958 139 22 förhållande
625 959 40 20 och
687 959 28 20 då
736 958 70 27 enligt
827 957 30 21 all

105 993 141 22 sannolikhet
267 993 96 22 särskild
384 994 144 27 beskattning
549 994 19 27 ej
590 995 57 20 blott
668 993 25 22 af
709 993 148 28 importerade

106 1029 179 22 tobaksfabrikat
300 1032 52 19 utan
369 1029 66 22 äfven
451 1030 24 21 af
488 1030 135 27 importerad
633 1030 94 21 råtobak
737 1029 120 22 framdeles

106 1064 117 27 erfordras,
236 1065 39 21 och
291 1064 156 22 erfarenheten
464 1066 123 27 ådagalagt,
608 1067 33 19 att
656 1065 86 26 råvara,
761 1070 44 16 som
822 1063 36 21 till

105 1100 74 21 landet
194 1099 84 23 införes
294 1100 35 22 för
344 1102 33 20 att
393 1100 48 22 dels
457 1101 33 21 uti
500 1100 181 22 tobaksfabriker
692 1100 105 27 förädlas,
809 1099 48 21 dels

106 1136 66 21 också
192 1138 53 19 utan
265 1137 147 26 bearbetning
432 1136 125 29 förbrukas,
580 1140 53 19 utan
653 1137 72 26 någon
741 1136 117 27 svårighet

105 1173 60 21 burit
181 1173 42 21 den
239 1173 80 22 hittills
335 1173 8 21 i
359 1173 56 22 form
431 1173 24 21 af
464 1173 202 27 tobaksbevillning
676 1172 111 28 utgående
798 1172 59 21 skat-

105 1210 44 26 ten,
160 1215 65 20 synes
235 1211 32 19 ett
276 1208 155 28 upphäfvande
440 1209 24 21 af
470 1209 94 22 nämnda
573 1209 65 27 afgift
646 1209 79 22 endast
733 1208 82 27 egnadt
826 1209 33 20 att

106 1244 150 21 åstadkomma
272 1244 171 28 förvecklingar,
455 1245 79 22 medan
551 1245 98 22 deremot
660 1245 50 21 dess
721 1243 138 22 fortfarande

106 1280 109 27 utgående
239 1281 72 20 skulle
334 1281 83 21 bereda
440 1281 138 21 statsverket
598 1287 27 16 en
642 1280 67 21 säker
725 1280 40 21 och
781 1279 34 22 för
832 1279 27 21 de

106 1315 175 27 skattdragande
297 1315 51 28 föga
363 1316 142 41 betungande
521 1316 102 21 inkomst.

177 1351 51 21 Med
245 1351 133 22 afseende
364 1346 15 37 å
395 1351 65 22 dessa
475 1351 154 22 förhållanden
646 1351 70 21 måste
735 1350 125 22 Ständerna

106 1387 35 21 för
162 1387 33 22 sin
212 1387 35 21 del
263 1393 60 21 anse,
340 1389 33 19 att
390 1387 37 22 det
443 1387 64 22 såväl
522 1387 35 22 för
573 1387 27 21 de
617 1386 180 27 skattdragande,
814 1391 46 16 som

106 1423 130 26 isynnerhet
257 1422 35 21 för
308 1423 137 21 statsverket
461 1423 107 21 innebure
585 1429 27 14 en
627 1423 88 26 verklig
731 1421 79 28 fördel,
827 1423 34 19 att
