1061 1700
232 143 25 21 16
379 142 84 23 Ständ.
480 142 39 23 Sv.
535 156 27 2 —
577 142 75 29 Prop.
668 142 45 23 N:o
728 142 40 22 20.

272 206 40 26 3:0)
328 205 96 28 Utgifter
438 206 49 21 från
502 205 283 22 kommunikationsfonden.

271 262 12 21 I
298 262 100 22 afseende
414 263 12 21 å
442 263 62 21 dessa
527 263 89 28 utgifter
639 263 52 21 böra
713 262 121 22 Ständerna
853 263 38 20 här
913 264 43 19 sär-

202 296 67 21 skildt
283 299 57 25 yttra
355 297 33 28 sig
402 305 34 13 om
452 297 37 21 det
504 298 31 20 uti
550 305 28 13 nu
594 296 163 29 ifrågavarande
779 297 79 28 nådiga
879 304 77 21 propo-

202 331 65 20 sition
285 330 79 21 äskade
386 331 179 28 tillskottsanslag
586 331 35 21 för
643 331 132 21 slutförande
799 331 23 21 af
842 331 113 28 Viborg—

203 364 241 23 Sordavala—Joensuu
461 365 40 22 och
516 365 310 28 Tammerfors—Björneborg
844 365 112 28 jernvägar

203 399 22 20 af
240 399 154 28 sammanlagdt
410 401 124 25 21,715,000
549 399 65 21 mark.
644 399 47 22 Vid
715 399 149 28 uppgörandet
882 399 22 21 af
919 399 37 21 de-

202 433 82 21 finitiva
299 433 127 29 banprojekt
438 434 41 21 och
490 433 186 28 kostnadsförslag
686 433 35 21 för
731 433 62 21 dessa
805 433 66 28 linjer,
882 433 73 21 hvilka

202 467 38 21 vid
257 468 54 21 1888
326 467 34 22 års
375 467 103 28 landtdag
489 467 133 22 beräknades
632 467 68 27 kosta,
711 467 41 22 den
763 467 57 21 förra
832 468 122 26 22,870,000

202 501 60 21 mark
277 501 41 22 och
334 501 42 22 den
391 509 74 14 senare
482 503 108 25 7,370,000
606 502 66 26 mark,
694 502 65 21 hafva
775 502 106 27 nemligen
896 502 59 21 kost-

203 535 94 21 naderna
312 535 34 22 för
361 536 41 21 den
418 536 106 21 Karelska
539 536 70 21 banan
631 537 71 27 jemte!
717 536 90 21 bibanor
824 537 33 20 till
876 536 78 21 Imatra

203 570 113 21 vattenfall
331 570 40 22 och
389 570 96 22 Värtsilä
508 570 60 26 bruk,
592 570 55 22 efter
670 570 75 28 afdrag
768 570 23 21 af
813 570 37 21 det
871 571 84 28 belopp,

204 605 89 25 100,000
308 604 65 27 mark,
388 605 86 21 hvartill
495 612 100 20 egarenes
618 605 23 21 af
656 604 77 22 bruket
748 604 75 28 bidrag
845 605 32 20 till
898 604 57 22 utfö-

202 637 66 22 rande
295 638 22 21 af
340 638 93 22 bibanan
456 639 135 28 kalkylerats,
614 639 60 28 stigit
695 639 32 20 till
750 639 123 26 24,655,000
895 638 59 21 mark

203 675 54 18 samt
272 672 35 21 för
321 673 173 28 Björneborgska
509 673 71 20 banan
595 673 32 20 till
642 673 48 21 icke
705 673 82 21 mindre
802 675 27 18 än
846 674 108 25 9,660,000

203 706 65 21 mark.
283 706 35 21 Dä
333 706 119 22 Ständerna
467 707 38 21 vid
521 708 54 20 1888
590 707 34 21 ärs
640 707 102 28 landtdag
753 708 84 20 anvisat
847 707 35 21 för
893 707 62 21 dessa

203 740 67 21 banor
285 748 54 21 resp.
356 742 24 19 11
397 741 105 21 millioner
517 741 40 21 och
574 742 109 25 1,600,000
701 741 65 26 mark,
789 741 68 21 skulle
873 741 82 21 säledes

202 774 35 21 för
255 774 225 29 byggnadsarbetenas
503 775 133 21 slutförande
659 775 112 26 behöfvas,
793 775 35 20 för
850 775 106 21 Karelska

204 809 70 20 banan
289 811 31 18 ett
335 809 73 28 anslag
424 809 22 21 af
463 811 122 24 13,655,000
601 809 59 21 mark
676 809 41 22 och
732 809 34 21 för
783 809 173 28 Björneborgska

202 843 71 20 banan
283 844 109 26 8,060,000
401 843 65 21 mark.
482 843 74 28 Enligt
566 843 57 21 hvad
633 851 87 14 numera
731 843 91 26 erfarits,
832 843 71 21 kunna
913 844 44 20 vis-

203 877 91 28 serligen
305 877 121 28 betydande
442 877 138 29 besparingar
594 879 32 20 uti
642 877 26 21 de
680 877 122 21 beräknade
814 877 142 22 kostnaderna

204 913 98 24 emotses,
318 911 89 21 emedan
422 911 212 28 kostnadsförslagen
647 911 129 29 uppgjordes
792 911 28 29 pä
836 919 26 13 cn
876 911 37 26 tid,
929 911 27 21 dä

202 945 119 28 jernprisen
337 953 52 13 voro
405 946 135 27 synnerligen
555 945 61 28 höga,
631 953 48 13 men
694 945 120 22 Ständerna
825 945 64 21 hafva
900 945 56 22 dock

202 978 47 21 icke
266 979 45 20 häri
328 979 72 21 funnit
415 979 115 28 anledning
546 983 30 17 att
592 979 98 22 nedsätta
706 979 100 29 beloppet
818 979 22 21 af
850 980 107 27 anslagen,

203 1012 60 21 detta
279 1013 24 20 sä
317 1013 87 28 mycket
418 1013 81 22 mindre
515 1021 45 14 som
576 1013 120 21 Ständerna
717 1014 8 20 i
747 1013 134 28 underdänig
903 1015 53 26 peti-

203 1047 45 20 tion
275 1047 110 27 angäende
408 1047 104 21 särskilda
534 1048 253 27 jernvägsanläggningar
813 1048 55 27 gjort
892 1047 65 21 fram-

202 1080 103 28 ställning
320 1088 34 14 om
369 1081 80 21 Imatra
464 1081 80 21 banans
560 1081 151 21 utsträckande
727 1082 32 20 till
774 1081 104 21 Harakka
893 1082 64 20 lasta-

201 1114 91 29 geplats,
305 1114 86 22 hvartill
406 1116 7 20 i
427 1115 90 22 främsta
531 1119 90 18 rummet
636 1115 120 22 öfverskott
772 1114 12 22 ä
807 1116 94 27 anslaget
923 1115 34 21 för

202 1149 43 21 den
261 1149 107 21 Karelska
383 1150 70 21 banan
468 1150 68 21 skulle
552 1150 116 21 användas.

271 1200 12 21 I
299 1200 42 21 den
356 1200 78 29 nädiga
450 1201 159 28 propositionen
624 1201 105 21 beräknas
745 1201 74 21 vidare
835 1203 31 19 ett
883 1201 74 27 anslag

203 1233 23 21 af
241 1235 76 25 30,000
333 1235 60 21 mark
408 1235 34 21 för
456 1235 289 28 jernvägsundersökningar.
774 1235 13 20 I
802 1243 50 20 nyss
867 1235 90 21 berörda

202 1269 91 26 petition
312 1268 90 22 föresläs
426 1269 118 21 emellertid
567 1269 159 28 undersökning
748 1269 23 21 af
792 1269 165 28 jernvägslinien

202 1301 225 29 Uleäborg—Torneä
456 1306 55 18 samt
536 1303 95 21 Keuru—
641 1303 117 28 Jyväskylä
776 1303 181 28 jernvägssträck-

203 1336 62 27 nings
282 1336 110 21 definitiva
407 1337 127 28 uppgäende
550 1337 40 21 och
605 1337 158 21 verkställande
779 1337 23 21 af
820 1337 79 28 nödiga
913 1337 44 20 för-

202 1369 122 22 beredande
340 1371 87 21 arbeten
443 1371 13 20 å
470 1371 128 26 densamma,
613 1372 6 19 i
635 1371 54 28 följd
704 1371 77 22 hvaraf
804 1371 57 20 detta
883 1371 74 28 anslag

202 1407 81 18 ansetts
299 1404 53 21 böra
366 1405 60 28 höjas
442 1405 32 21 till
489 1406 89 25 230,000
594 1405 65 21 mark.
