1059 1698
255 108 27 20 14
439 107 29 22 U.
483 107 28 22 B.
527 120 29 3 —
572 107 75 28 Prop.
662 107 45 22 N:o
723 107 37 21 24.

223 165 146 23 förevarande
391 173 62 15 mom.
476 167 50 21 bort
549 167 149 27 omredigeras
719 165 97 28 sålunda,
835 167 34 20 att
884 166 24 21 af
922 167 26 21 de
964 166 7 21 i

224 203 27 20 79
269 201 12 29 &
297 202 130 22 omnämnda
441 208 106 21 personer
563 203 34 27 de,
614 203 77 22 hvilka
706 201 89 23 erhållit
809 202 102 27 uppskof,
921 202 50 22 icke

222 237 8 20 i
246 243 62 16 mom.
324 237 94 28 afsäges.

294 273 142 22 Beträffande
459 273 132 28 stadgandet
613 274 8 21 i
645 276 13 19 2
682 280 62 15 mom.
765 272 25 22 af
811 275 27 19 81
851 268 16 37 &
861 273 67 28 att,
944 273 29 22 dä

222 310 67 25 trupp
309 308 75 22 blifvit
404 308 172 28 öfverkomplett
596 316 78 21 genom
689 311 34 20 att
738 308 132 22 förfallolöst
885 308 88 22 uteblif-

222 350 44 16 ven
289 344 33 21 dit
344 344 95 28 instälts,
456 345 72 27 nägon
545 345 35 22 till
595 345 82 28 afgäng
691 345 65 26 villig
771 343 24 22 af
808 344 43 22 den
866 344 106 27 ärsklass,

223 385 46 16 som
292 379 89 28 tidigast
395 380 85 22 inträdt
494 381 9 20 i
518 381 75 27 tjenst,
613 381 40 22 bör
667 380 51 22 frän
733 382 95 25 truppen
843 379 130 28 entledigas,

221 415 43 21 har
279 415 97 28 antydda
391 415 86 23 förmän
491 417 50 21 med
557 418 73 20 större
645 417 50 21 skäl
711 417 63 26 synts
789 416 54 21 böra
852 415 122 22 tillkomma

223 451 43 22 den
281 451 106 28 ärsklass,
404 458 46 15 som
465 453 74 20 senast
555 452 61 21 trädt
631 453 7 20 i
654 452 103 27 tjensten,
774 453 53 20 enär
843 451 61 27 eljes,
923 451 50 21 med

222 487 111 27 rubbning
356 487 25 21 af
399 487 149 23 förhällandet
569 488 81 22 mellan
670 488 27 22 de
718 487 72 22 skilda
805 486 166 22 ärsklassernas

222 524 110 26 numerär,
357 523 42 22 den
419 524 95 27 tidigare
532 524 129 21 ärsklassen
676 525 53 20 utan
745 522 118 27 anledning
878 522 95 22 minska-

223 558 46 27 des,
291 558 79 22 medan
392 559 42 22 den
458 561 88 20 senaste
566 559 138 22 fortfarande
724 558 109 22 förblefve
849 558 123 27 öfvertalig,

222 594 117 22 hvarutom
361 594 94 22 berörda
480 596 46 20 rätt
548 595 37 21 till
605 594 83 28 afgäng
703 594 127 27 egentligen
847 593 77 22 endast
938 593 36 21 för

223 629 56 27 dem,
296 636 46 15 som
358 632 75 20 senast
447 630 85 22 inträdt
547 631 40 21 och
603 630 92 22 sälunda
710 629 67 22 hafva
792 631 71 20 större
879 629 63 22 delen
951 628 25 22 af

223 664 34 21 sin
273 664 116 28 tjenstetid
404 668 59 20 ännu
478 666 63 28 öfrig,
557 668 66 25 utgör
638 672 28 16 en
681 665 89 27 verklig
785 664 91 22 förmän.

570 766 13 30 g
599 768 34 20 88.

294 806 79 23 Denna
388 808 13 28 &
417 808 123 22 innehäller
555 809 7 21 i
579 809 34 21 sin
629 815 30 15 nu
674 807 103 29 gällande
792 806 85 28 lydelse
892 808 38 24 att,
946 806 25 21 sä

222 844 63 20 snart
308 843 28 22 de
358 843 35 22 till
411 844 63 22 aktiv
488 844 69 27 tjenst
573 844 92 22 utsedde
681 842 120 23 ankommit
815 842 35 21 till
865 841 107 22 vederbö-

221 878 70 21 rande
305 880 73 26 trupp,
394 879 83 22 dennas
492 879 61 22 befäl
569 886 53 21 eger
637 879 26 22 af
675 879 49 22 dem
740 881 52 24 taga
801 877 170 28 krigsmannaed

223 913 86 27 »Säsom
322 916 24 20 18
360 914 10 29 $
381 915 210 28 Regeringsformen
606 914 167 27 föreskrifver*;
784 913 40 22 och
835 913 136 22 sistnämnda

221 949 86 27 lagrum
323 950 49 22 äter
386 950 83 22 förmär
485 953 32 20 att
532 952 71 21 rikets
613 952 52 21 hela
674 951 125 27 krigsmagt
806 949 70 21 mäste
884 948 86 27 aflägga

219 986 44 20 tro-
287 986 40 20 och
350 986 132 22 huldhetsed
507 987 92 27 ,Kongl.
620 987 66 27 Maj:t,
701 986 69 22 Riket
785 986 40 21 och
841 984 131 27 Ständerne,

220 1019 59 23 efter
301 1021 50 21 thet
375 1024 89 24 upsatte
487 1022 166 22 Formulairet.*
685 1021 167 27 Propositionen
878 1019 94 22 föreslår

219 1055 51 21 häri
285 1056 69 22 sädan
370 1057 99 27 ändring,
485 1060 33 19 att
533 1057 92 22 anförda
640 1057 134 26 hänvisning
789 1056 36 21 till
841 1057 26 19 18
879 1054 12 29 $
901 1054 70 28 Rege-

219 1090 155 28 ringsformen,
401 1093 71 21 såsom
495 1093 149 22 innebärande
667 1099 27 16 en
717 1091 158 28 oegentlighet,
900 1090 72 22 skulle

219 1126 106 22 bortfalla
339 1128 40 21 och
395 1130 96 20 ersättas
501 1129 50 21 med
561 1129 69 21 orden
643 1128 71 28 ,efter
721 1126 115 23 faststäldt
845 1125 124 22 formulär."

292 1162 78 28 Enligt
385 1164 127 22 Utskottets
527 1164 68 22 tanke
611 1166 26 20 är
652 1164 41 22 ock
709 1163 48 29 &:ns
765 1161 125 23 nuvarande
900 1160 72 22 affatt-

219 1197 54 27 ning
294 1198 25 21 sä
342 1199 35 21 till
400 1199 51 22 vida
470 1200 50 21 icke
541 1200 76 27 riktig,
633 1206 46 15 som
694 1198 162 26 hänvisningen
874 1196 47 22 deri
936 1196 36 21 till

221 1234 26 19 18
265 1232 12 29 $
292 1233 210 28 Regeringsformen
518 1235 38 22 vid
571 1235 102 27 tolkning
684 1234 59 22 efter
753 1234 67 21 orden
828 1232 74 22 kunde
910 1230 62 28 gifva

219 1268 120 28 anledning
354 1269 36 21 till
406 1270 42 22 den
463 1271 94 27 mening,
574 1272 33 20 att
621 1270 92 22 härmed
729 1269 89 28 afsäges
833 1267 82 29 jämväl
929 1268 43 22 den

219 1302 118 23 föreskrift
346 1304 8 21 i
365 1304 123 28 äberopade
498 1306 167 28 lagstadgande,
677 1308 33 19 att
721 1305 122 22 Ständerna
855 1306 63 22 skola
926 1308 46 18 sär-

219 1338 70 22 skildt
296 1341 91 21 nämnas
395 1341 8 20 i
412 1341 204 27 krigsmannaeden.
627 1342 41 21 Att
676 1342 62 21 detta
745 1341 50 22 icke
805 1342 58 22 varit
878 1342 2 20 i
888 1342 84 21 Värne-

217 1373 137 29 pligtslagen
365 1376 105 28 äsyftadt,
485 1383 66 21 synes
565 1377 56 22 dock
634 1377 35 22 stä
682 1379 61 20 utom
755 1377 87 26 tvifvel,
854 1377 59 22 helst
921 1377 51 22 sist-

217 1410 96 21 nämnda
329 1410 117 23 föreskrift
461 1412 67 22 sedan
547 1414 56 20 1789
614 1413 50 21 icke
675 1413 77 22 vidare
762 1413 130 26 tillämpats;
908 1413 40 21 och
963 1413 8 20 i

289 1451 128 24 Lagutskottets
430 1453 108 18 betänkande
551 1453 35 18 N:o
599 1455 31 17 17.
