1059 1681
243 82 16 22 6
371 82 95 24 Ständ.
485 82 48 24 Sv.
553 96 34 3 —
606 82 83 31 Prop.
709 82 53 25 N:o
782 89 39 24 23.

214 148 108 21 förvärfva
338 149 40 19 och
393 148 77 20 besitta
485 148 41 21 fast
537 148 106 27 egendom
654 148 6 20 i
671 148 96 25 Finland,
779 148 36 20 der
826 149 51 26 rysk
887 148 77 21 under-

213 185 47 20 såte
280 184 94 27 tydligen
394 184 113 20 betecknar
526 184 67 20 Eders
613 184 110 26 Majestäts
741 184 114 21 undersåte
870 185 6 20 i
891 185 73 25 Kejsa-

214 221 95 20 redömet
324 220 27 20 till
367 220 105 20 åtskilnad
488 220 46 20 från
549 219 67 21 Eders
631 219 110 27 Majestäts
756 220 125 21 undersåtar
896 221 6 19 i
917 220 47 21 Fin-

214 256 57 21 land.
303 256 29 20 Af
345 261 84 15 samma
445 256 52 25 skäl,
514 261 48 15 som
579 256 65 19 redan
660 256 80 20 anförts
756 256 31 20 för
803 256 125 26 utbytandet
944 255 23 21 af

217 290 132 27 nRyssland*
367 294 58 17 emot
443 306 9 9 ,
456 291 72 26 Ryska
539 289 82 28 Riket",
633 291 58 20 finna
701 291 120 20 Ständerna
831 291 69 21 derför
911 291 51 21 nöd-

214 327 88 25 vändigt
315 328 29 19 att
355 327 63 20 äfven
429 327 63 20 dessa
507 327 85 26 uttryck
608 327 85 25 ändras,
709 327 26 20 så
745 329 30 18 att
786 327 49 20 med
845 327 37 20 full
889 327 75 26 tydlig-

214 363 36 20 het
273 363 64 20 måtte
358 363 89 25 framgå,
468 364 29 19 att
518 363 47 20 hela
586 363 73 26 Ryska
680 363 59 20 Riket
760 363 41 20 och
822 363 45 20 icke
890 363 75 20 endast

214 398 161 26 Kejsaredömet
393 398 87 26 åsyftas.
511 398 42 20 Vid
569 399 55 19 valet
639 398 23 20 af
675 398 95 26 lämpligt
785 398 180 25 beteckningssätt

214 434 32 21 för
270 435 99 25 samtliga
391 434 67 20 Eders
481 434 116 26 Kejserliga
620 434 109 26 Majestäts
752 434 126 20 undersåtar
900 433 64 20 hafva

214 469 119 21 Ständerna
356 469 123 26 visserligen
501 471 74 23 ansett,
592 471 30 19 att
645 470 34 20 det
703 469 137 26 egentligaste
860 469 104 26 uttrycket

214 511 52 14 vore
289 505 127 26 ,Kejsarens
437 505 135 25 undersåte",
595 505 99 20 eftersom
716 505 34 20 det
766 505 142 26 undersätliga
924 505 39 20 för-

215 541 106 20 hållandet
343 541 75 20 hänför
441 541 33 25 sig
495 541 28 20 till
543 541 126 25 Monarken,
685 541 46 20 icke
746 541 28 20 till
791 540 65 25 Riket,
873 546 48 14 men
936 540 28 20 då

213 577 107 25 uttrycket
343 576 86 25 ,Ryska
451 577 71 20 Rikets
543 577 126 20 undersåte"
687 578 94 19 närmast
797 578 117 18 motsvarar
930 576 34 19 det

214 612 101 25 begrepp,
336 618 48 14 som
407 613 6 20 i
437 613 41 20 den
502 612 79 26 nådiga
604 612 158 26 propositionen
778 612 122 20 betecknats
915 611 48 20 med

217 648 65 26 »rysk
303 646 134 27 undersåte",
454 648 64 20 hafva
533 648 118 20 Ständerna
667 648 80 25 antagit
762 648 63 25 detta,
841 647 122 25 visserligen

213 683 18 26 ej
249 683 45 20 fullt
309 684 83 25 exakta,
409 689 49 14 men
473 684 137 25 oförtydbara
625 684 89 25 uttryck.

285 719 34 20 Ett
335 719 6 20 i
357 719 134 26 lagförslaget
501 719 44 20 ofta
555 719 174 20 återkommande
740 719 92 26 uttryck,
845 725 46 14 som
902 718 61 20 Stän-

213 754 67 20 derna
295 755 121 20 äfvenledes
431 757 69 26 ansett
515 755 53 20 böra
583 755 84 25 ändras,
679 756 23 19 är
711 755 60 20 ordet
783 754 131 25 ,utländsk",
926 760 36 13 an-

213 789 83 20 vändt
292 785 12 36 i
312 789 81 21 sådana
409 790 222 26 sammanställningar
647 797 47 14 som
709 790 89 21 hänföra
807 790 32 25 sig
849 790 75 20 endast
934 789 29 20 till

213 825 132 20 främmande
357 827 48 18 stat.
428 825 7 20 I
449 825 56 20 finsk
517 826 69 25 lagstil
598 826 37 20 har
646 826 105 25 nemligen
759 826 60 19 ordet
832 823 130 29 yutländsk*,

213 866 48 14 som
285 861 64 26 enligt
370 861 140 26 språkbruket
531 862 22 19 är
574 861 100 26 liktydigt
695 862 48 19 med
770 861 40 24 ,till
833 863 65 18 annat
913 861 50 20 land

212 894 117 27 hörande",
351 897 99 25 vanligen
471 897 65 20 blifvit
557 898 122 25 begagnadt
699 897 6 20 i
727 897 41 20 den
785 897 131 25 omfattning,
933 898 30 18 att

213 931 87 21 dermed
316 933 123 19 betecknats
455 933 40 24 allt,
514 938 48 15 som
579 933 42 20 stär
633 935 59 18 utom
704 933 101 20 Finlands
816 932 145 24 rättsomräde,

212 967 83 20 säledes
316 967 63 20 äfven
395 968 28 19 till
439 967 106 26 Ryssland
561 969 94 19 hörande
670 974 103 21 personer
788 968 48 20 eller
852 967 109 20 förhällan-

211 1003 48 19 den.
290 1003 33 20 Då
347 1003 59 20 ordet
429 1003 157 25 ,främmande*
609 1004 63 20 exakt
688 1004 113 20 betecknar
817 1003 56 20 hvad
888 1003 29 20 uti
933 1008 29 15 nu

212 1037 162 26 ifrågavarande
390 1039 109 25 lagställen
515 1039 63 25 afses,
595 1040 40 19 och
651 1039 28 20 då
695 1040 34 19 det
745 1040 22 19 är
783 1039 24 20 af
820 1038 88 21 särskild
918 1039 44 24 vigt

211 1075 31 18 att
261 1073 2 20 i
280 1079 26 14 en
323 1074 67 20 sådan
406 1075 41 25 lag,
465 1080 46 15 som
527 1075 130 26 strafflagen,
668 1075 41 20 den
720 1075 78 20 största
809 1074 85 25 möjliga
904 1074 58 25 följd-

211 1108 99 26 riktighet
334 1109 5 20 i
359 1109 147 26 terminologin
527 1110 36 20 må
584 1111 112 25 iakttagas,
717 1110 38 20 har
776 1110 35 19 det
831 1111 61 24 synts
910 1110 52 19 nöd-

211 1145 89 25 vändigt
311 1147 29 18 att
348 1145 6 20 i
362 1145 68 20 stället
440 1145 32 20 för
483 1140 15 36 ,,
495 1146 112 25 utländsk"
617 1146 101 20 använda
726 1146 59 20 ordet
796 1144 166 25 ,främmande*,

211 1179 83 21 hvartill
310 1181 115 25 anledning
440 1181 63 20 äfven
518 1182 69 25 gifves
602 1182 6 19 i
624 1182 74 25 sjelfva
713 1182 42 19 den
774 1181 79 25 nådiga
868 1180 94 26 proposi-

210 1215 80 25 tionen,
313 1216 36 20 der
369 1217 106 25 uttrycket
491 1216 159 26 ,främmande”
667 1217 28 26 på
710 1217 50 19 flere
776 1216 73 20 ställen
865 1216 6 20 i
886 1216 76 26 lagför-

210 1250 68 26 slaget
301 1252 110 20 användes
436 1253 141 19 omvexlande
598 1253 48 19 med
672 1251 125 25 ,utländsk"
816 1252 5 20 i
837 1252 125 25 fullkomligt

208 1292 87 14 samma
311 1288 109 25 betydelse
436 1293 47 15 som
500 1288 57 20 detta
573 1288 44 20 ord.

282 1321 41 21 För
343 1324 29 18 att
387 1323 54 20 helst
457 1323 5 19 i
479 1323 71 25 någon
567 1323 50 20 mån
634 1323 74 26 bringa
724 1324 26 19 de
766 1323 5 19 i
789 1323 172 25 författningsför-

207 1356 77 26 slagen
299 1359 110 24 upptagna
425 1358 144 26 lagrummens
585 1359 139 25 utiryckssätt
739 1358 6 20 i
756 1358 141 25 likformighet
913 1358 49 19 med

207 1392 136 26 strafflagens
359 1393 69 25 öfriga
443 1394 63 25 delar,
523 1394 64 20 hafva
601 1394 118 20 Ständerna
735 1394 46 20 icke
797 1394 82 20 kunnat
889 1393 73 26 undgå
