1061 1703
302 151 30 22 U.
347 151 28 22 B.
391 164 27 2 —
433 151 75 27 Prop.
524 150 45 22 N:o
585 150 39 22 23.
788 151 26 19 23

87 215 84 21 skottet
195 218 71 17 ansett
289 214 104 27 lämpligt,
417 217 32 17 att
469 213 80 27 jämväl
571 213 28 21 de
614 212 126 28 paragrafer
754 214 7 19 i
776 212 69 21 straff-

89 249 69 27 lagen,
182 249 22 21 af
225 248 71 21 hvilka
318 248 77 21 endast
415 248 97 20 enskilda
530 250 97 18 moment
642 249 6 19 i
665 248 41 20 den
721 246 124 22 tillämnade

89 283 154 27 förordningen
262 282 132 27 underginge
417 282 96 27 ändring,
530 283 6 19 i
551 283 32 19 sin
598 281 75 21 helhet
688 281 78 21 införas
782 282 7 19 i
804 280 41 22 för-

89 317 126 27 ordningen.
238 317 53 20 Med
313 316 103 20 afseende
438 316 53 20 härä
513 316 38 20 har
574 316 108 26 7mgressen
706 315 32 21 till
759 314 37 21 det
818 322 27 13 nu

89 351 166 27 genomgångna
271 350 139 27 lagförslaget
426 350 24 21 af
462 350 115 21 Utskottet
592 349 70 21 blifvit
677 349 149 20 omstiliserad.

93 465 122 34 Förslaget
233 464 34 28 till
292 463 134 34 förordning
446 462 119 35 angående
584 463 127 34 ändringar
729 463 6 27 i
754 462 94 29 förord-

231 505 80 33 ningen
331 511 34 20 om
385 503 121 28 införande
525 503 24 28 af
562 503 148 34 strafflagen.

162 573 34 20 De
219 574 6 19 i
248 578 11 15 2
283 572 42 21 och
348 577 10 21 3
374 579 65 13 mom.
455 572 26 21 af
491 572 92 21 berörda
599 571 135 28 förordnings
749 576 25 21 45
792 571 11 28 $
819 573 30 19 in-

93 607 85 27 gäende
193 607 188 26 bestämningarna
397 613 36 14 om
451 606 49 27 laga
515 606 95 21 domstol
625 606 33 20 för
673 606 141 27 upptagande
829 605 25 20 af

95 641 42 21 mäl
156 641 112 27 angäende
284 641 65 24 brott,
365 641 115 26 begängna
495 644 60 17 utom
570 640 79 25 landet,
666 640 63 21 hafva
745 641 7 20 i
767 639 83 21 föreva-

94 676 67 20 rande
187 675 219 27 författningsförslag
431 675 114 26 undergätt
567 674 126 26 förändring
714 675 6 19 i
742 674 109 20 öfverens-

94 709 115 21 sämmelse
230 709 50 21 med
296 709 27 20 de
338 708 114 27 ändringar
467 715 48 13 som
530 710 6 18 i
551 708 136 27 strafflagens
705 714 7 14 1
730 707 51 27 kap.
796 708 56 20 före-

94 744 83 26 slagits.

165 778 52 20 Med
240 777 114 27 anledning
374 777 24 20 af
418 777 37 21 det
470 777 75 27 tillägg
561 776 117 21 Utskottet
692 780 71 17 ansett
778 776 52 20 böra
846 777 6 19 i

98 818 11 20 3
132 811 12 29 $
167 812 25 20 af
211 812 69 26 sagda
301 811 82 27 kapitel
406 811 86 25 införas,
514 811 68 21 borde
601 811 81 26 jämväl
697 811 60 21 detta
773 810 80 27 förslag

96 846 157 27 kompletteras
269 846 50 20 med
334 849 31 17 ett
380 846 76 26 tillägg
472 847 6 19 i
494 846 111 20 enahanda
621 846 64 26 syfte.
709 845 35 21 Då
759 844 95 21 emeller-

97 881 32 21 tid
145 880 27 20 de
187 880 142 27 stadganden,
345 886 47 14 som
408 882 6 18 i
430 886 11 14 2
458 880 42 20 och
522 886 5 20 3
544 886 64 14 mom.
625 880 25 20 af
661 879 140 21 förevarande
816 886 38 20 pa-

98 914 75 27 ragraf
190 915 56 26 ingå,
270 914 112 21 återfinnas
403 916 5 18 i
424 920 26 14 22
466 914 43 20 och
524 914 27 20 26
566 914 25 26 $$
610 919 25 15 10
650 914 50 27 kap.
716 914 26 20 R.
758 913 24 21 B.
798 916 57 17 samt

98 953 39 21 245
163 948 11 28 8
195 950 6 19 i
221 948 97 27 sjölagen
338 948 22 20 af
375 948 41 20 den
431 954 13 20 9
458 948 44 26 juni
520 949 52 25 1873
586 948 67 26 jämte
669 947 105 21 särskilda
789 947 66 21 andra

99 983 238 27 specialförfattningar,
361 982 38 20 har
422 983 37 20 det
482 986 60 23 synts
565 982 116 21 Utskottet
701 982 72 20 säsom
788 981 68 21 skulle

99 1017 64 20 dessä
178 1020 96 17 moment
289 1018 6 19 i
310 1017 153 26 förordningen
479 1023 35 14 om
529 1016 136 27 strafflagens
680 1016 111 21 införande
805 1022 52 13 vara

100 1051 148 27 Öfverflödiga,
272 1051 42 20 och
336 1051 36 20 vill
394 1051 116 20 Utskottet
525 1050 132 21 fördenskull
672 1050 78 21 föreslå
764 1049 93 21 berörda

99 1089 108 16 moments
223 1085 127 21 uteslutade.

170 1119 44 21 Vid
230 1120 76 20 sådant
322 1119 132 20 förhållande
470 1119 40 20 bör
525 1119 45 20 från
585 1123 25 22 45
629 1119 12 26 $
657 1119 155 26 hänvisningen
826 1117 32 21 till

101 1154 132 27 nyssnämda
248 1154 76 20 ställen
340 1155 5 19 i
361 1153 215 27 Rättegängsbalken
591 1154 53 25 utgä
659 1153 42 20 och
716 1151 143 28 paragrafeni

102 1188 66 26 öfrigt
180 1187 90 21 likasom
283 1188 42 20 den
336 1187 121 27 föreslagna
468 1187 164 26 förordningens
643 1181 71 26 rubrik
724 1186 42 20 och
776 1187 83 25 ingress

103 1222 79 20 erhälla
198 1229 27 13 en
239 1222 66 26 nägot
321 1222 116 20 förändrad
452 1221 61 21 form.

173 1279 28 20 Pä
224 1286 27 13 nu
274 1278 89 21 anförda
385 1278 94 27 grunder
499 1278 30 20 fär
545 1278 115 20 Utskottet
675 1277 112 21 vördsamt
802 1276 59 20 hem-

103 1314 70 24 ställa,

369 1378 33 17 att
418 1375 124 20 Ständerna
557 1374 50 20 vill
622 1374 9 20 i
645 1373 137 27 underdänig
789 1379 74 14 svars-

312 1409 113 28 skrifvelse
440 1409 36 20 till
488 1409 65 20 Hans
568 1408 125 27 Kejserliga
707 1408 108 27 Majestät
827 1413 36 13 an-

312 1445 66 23 mäla,
395 1443 35 20 det
446 1443 123 20 Ständerna
578 1443 9 20 i
591 1442 159 28 hufvudsaklig
756 1443 109 26 öfverens-

179 1483 131 22 Lagutskottets
322 1483 110 17 betänkande
446 1484 37 16 N:o
496 1483 28 17 15.
