1056 1686
410 137 44 24 N:o
475 139 38 22 17.
799 137 12 21 5

85 204 120 21 kontrollör
220 205 99 27 möjligen
334 205 71 22 funnit
421 205 32 28 sig
468 205 128 27 föranlåten,
612 207 57 20 samt
685 207 33 20 att
732 205 33 22 för
776 205 64 28 öfrigt

86 238 62 27 tillse,
165 240 32 20 att
213 238 162 23 föreskrifterna
389 240 8 21 i
413 240 69 21 denna
498 239 125 28 förordning
639 240 127 22 efterlefvas.

429 302 14 28 &
461 304 31 20 11.

153 342 42 21 För
210 342 73 28 hvarje
299 343 84 26 qvartal
399 343 54 21 skall
468 344 120 21 kontrollör
603 344 58 21 inom
676 344 38 21 två
724 344 77 20 veckor
812 343 29 21 ef-

87 378 33 20 ter
144 377 47 21 dess
214 378 82 26 utgång
311 378 32 20 till
362 378 139 21 Guvernören
516 378 7 21 i
539 378 59 21 länet
612 378 93 22 insända
721 377 84 22 afskrift
821 377 22 22 af

87 412 41 20 den
143 412 36 20 vid
193 412 122 27 bryggeriet
329 412 62 22 förda
403 412 88 28 journal
507 414 56 20 samt
578 413 70 21 tillika
663 412 103 28 uppgifva
775 412 66 22 huru-

86 446 49 21 vida
154 446 115 27 journalen
295 447 199 21 öfverensstämmer
516 448 49 20 med
588 448 36 20 det
647 447 23 21 af
693 447 147 21 kontrollören

86 480 62 22 förda
163 481 114 27 protokoll,
294 481 108 22 äfvensom
418 481 33 21 för
467 482 64 27 öfrigt
546 482 58 22 fästa
622 482 217 28 uppmärksamheten

86 515 35 21 vid
137 515 26 22 de
179 516 106 27 åtgärder,
302 522 45 15 som
362 516 7 21 i
385 516 99 22 afseende
501 517 12 21 å
523 517 122 22 kontrollen
664 517 75 21 kunna
753 523 52 15 vara
821 516 22 21 af

87 549 100 22 behofvet
202 551 120 26 påkallade.

429 585 14 29 &
461 588 32 19 12.

153 626 132 26 Kontrollör,
302 632 45 16 som
363 633 55 20 eger,
435 628 40 20 när
490 626 43 22 han
548 627 25 21 så
588 627 86 26 önskar,
690 626 96 28 granska
801 626 40 21 den

87 661 7 20 i
110 660 13 28 &
139 663 12 19 8
167 660 128 22 föreskrifna
307 661 95 27 journal,
419 661 109 21 äfvensom
543 661 81 22 erhålla
642 661 96 21 tillträde
753 661 33 21 till
801 661 41 21 alla

88 695 59 21 delar
163 694 22 22 af
202 695 99 27 bryggeri
321 696 38 21 och
375 696 71 21 dertill
462 696 96 21 hörande
573 696 87 26 lokaler,
680 696 60 26 skall,
758 696 27 21 då
800 696 42 21 han

88 730 73 21 dervid
184 730 51 21 eller
258 730 49 27 eljes
330 731 121 26 upptäcker
470 730 152 22 öfverträdelse
638 730 22 22 af
674 730 71 22 denna
760 730 82 22 förord-

87 764 63 27 nings
165 764 139 28 föreskrifter,
320 765 79 21 sådant
413 765 33 21 till
461 765 49 27 laga
526 765 45 21 åtal
586 765 86 21 anmäla
686 765 39 22 hos
740 764 102 22 vederbö-

87 799 68 21 rande
169 798 63 23 fiskal
247 799 51 21 eller
316 800 186 27 kronobetjening,
518 806 46 15 som
580 800 36 21 det
636 800 80 27 åligger
732 801 33 20 att
781 799 60 22 äfven

87 833 33 21 för
135 833 64 27 öfrigt
214 834 55 20 vaka
285 834 58 21 öfver
358 834 166 27 förordningens
540 834 152 21 efterlefvande
708 834 39 21 och
760 834 82 27 förbry-

87 867 53 22 telse
163 868 96 21 deremot
281 868 108 27 sjelfmant
412 869 58 20 åtala
492 870 56 19 samt
564 870 33 19 att
612 869 103 21 särskildt
731 869 61 26 tillse,
809 870 33 20 att

86 901 138 28 tillverkning
245 903 47 21 icke
315 909 50 21 eger
387 909 54 20 rum,
457 903 67 21 innan
543 903 120 22 kontrollör
678 903 163 27 tillförordnats,

87 936 51 21 eller
161 936 54 21 efter
235 937 35 21 det
286 944 34 15 om
335 937 107 22 rörelsens
463 938 141 27 upphörande
620 939 24 20 så
659 939 99 26 anmälts,
774 945 46 15 som
835 939 7 21 i

88 970 13 29 8
118 972 11 20 5
144 970 144 23 föreskrifves.

431 1001 13 28 $
463 1003 31 20 13.

155 1039 54 28 Den,
225 1047 52 20 som,
293 1040 33 22 för
341 1043 34 19 att
389 1041 80 22 bereda
484 1042 32 27 sig
532 1042 51 21 eller
598 1049 72 14 annan
686 1044 68 25 nytta,
766 1049 76 21 genom

88 1075 79 26 oriktig
182 1075 85 27 uppgift
283 1075 50 22 eller
349 1078 67 19 annat
431 1077 52 21 svek
498 1077 152 27 undandrager
666 1077 50 22 eller
729 1078 63 21 söker
802 1085 40 14 un-

88 1109 110 27 dandraga
220 1109 84 22 kronan
327 1110 62 22 ofvan
412 1110 116 22 faststälda
554 1111 215 28 tillverkningsskatt,
791 1112 51 21 böte

86 1142 64 28 högst
165 1143 120 22 trehundra
299 1145 68 21 mark.

156 1178 71 27 Stiger
249 1179 36 20 det
305 1179 164 22 undansnillade
485 1180 174 27 skattebeloppet
675 1181 50 21 eller
741 1181 36 22 det
791 1188 50 15 man

88 1213 48 21 sökt
159 1213 137 21 undansnilla
319 1213 32 22 till
374 1214 118 21 etthundra
507 1215 67 26 mark,
591 1215 51 21 eller
657 1217 37 20 äro
711 1217 130 26 omständig-

87 1247 90 21 heterna
201 1247 50 28 eljes
274 1248 135 27 synnerligen
432 1248 146 28 försvårande,
602 1250 51 21 eller
676 1251 48 20 sker
747 1251 94 26 återfall;

87 1281 84 22 straffes
195 1282 40 21 den
255 1283 94 27 skyldige
365 1283 48 21 med
432 1283 63 22 böter
509 1283 48 22 från
573 1285 117 21 etthundra
708 1285 32 21 till
756 1287 85 20 ettusen

87 1317 61 20 mark
165 1316 50 21 eller
230 1316 95 27 fängelse
339 1317 48 21 från
404 1317 39 22 och
458 1318 49 21 med
522 1319 36 20 två
573 1319 103 21 månader
691 1319 32 22 till
740 1320 38 21 och
792 1321 49 20 med

87 1351 37 20 två
139 1351 30 21 år.
199 1349 88 23 Ersätte
303 1352 38 21 ock
356 1352 84 21 kronan
456 1352 56 22 hvad
527 1353 91 22 sålunda
633 1354 165 22 undansnillats.

156 1381 73 31 Öfriga
244 1385 164 22 öfverträdelser
424 1387 23 20 af
461 1387 71 21 denna
546 1387 125 28 förordning
689 1388 85 22 straffas
792 1389 48 22 med

87 1420 61 20 böter
165 1420 56 20 ända
237 1420 32 21 till
283 1419 132 28 fyrahundra
430 1422 69 21 mark.

155 1453 72 28 Enligt
243 1454 70 22 denna
328 1454 126 28 förordning
470 1456 92 22 ådömda
575 1456 63 22 böter
648 1456 84 23 tillfalla
749 1458 90 21 kronan.
