1059 1700
241 144 13 20 2
425 144 29 22 U.
470 144 27 22 B.
514 157 27 2 —
557 144 75 28 Prop.
648 143 44 23 N:o
709 143 39 22 20.

281 205 56 22 Ifrån
361 206 121 22 Utskottets
505 206 206 27 resolutionsförslag
735 206 90 22 rörande
848 206 122 22 anvisandet

216 240 21 21 af
252 240 67 21 medel
345 240 31 21 för
392 240 135 22 bestridande
544 240 21 21 af
578 240 98 22 beslutna
690 240 87 27 utgifter
792 240 48 25 (sid.
857 242 26 20 29
894 240 6 21 i
908 240 60 22 Utsk.

214 274 54 26 bet.)
283 274 38 21 har
336 274 60 22 Ridd.
414 274 38 22 och
468 274 68 22 Adeln
553 275 98 21 uteslutit
670 275 40 21 den
726 274 125 22 alternativa
866 275 104 21 anvisnin-

212 314 40 21 gen
268 309 12 20 å
295 308 119 22 inkomsten
429 308 22 22 af
464 308 58 22 skatt
538 310 12 20 å
566 309 64 21 tobak
647 308 51 22 eller
724 309 82 21 således
832 309 64 21 orden
924 309 44 25 ,,jin-

212 342 97 22 komsten
325 342 22 22 af
360 343 39 21 den
416 343 57 21 skatt
488 344 12 20 å
516 343 72 26 tobak,
604 349 45 15 som
666 343 40 21 kan
728 343 85 21 komma
836 343 132 27 bevillnings-

212 376 77 22 fonden
306 377 31 21 till
352 377 62 27 godo,
430 377 51 22 eller
496 377 127 22 eventuelt.*

281 411 160 22 Presteständet
463 412 39 21 har
522 411 46 22 från
590 418 80 15 samma
694 412 204 27 resolutionsförslag
913 412 55 27 gjort

213 445 110 22 enahanda
338 446 135 27 uteslutning,
490 446 54 21 dock
560 446 47 21 med
623 446 163 21 kvarlemnande
796 446 20 21 af
824 446 61 22 ordet
894 452 73 20 ,,even-

213 480 72 22 tuelt.*

281 514 103 28 Borgare-
399 515 39 21 och
454 515 163 21 Bondeständen
640 514 62 22 hafva
718 516 46 20 äter
780 514 136 22 oförändradt
932 522 35 14 an-

213 549 53 27 tagit
281 548 120 23 Utskottets
416 548 160 28 ifrägavarande
592 548 82 27 förslag.

281 589 33 22 Då
337 589 89 22 sålunda
449 591 35 20 två
506 590 62 21 stånd
584 590 17 26 ej
619 589 56 22 velat
690 589 70 22 lemna
776 590 108 26 anvisning
906 591 13 20 å
940 597 26 14 en

213 623 71 28 möjlig
308 623 92 22 inkomst
423 624 22 21 af
468 624 57 21 skatt
551 625 26 26 på
603 624 73 26 tobak,
699 623 32 22 får
755 623 111 22 Utskottet
891 623 76 22 föreslå

213 660 31 19 att
270 658 62 21 Ridd.
358 658 39 21 och
422 658 74 25 Adeln,
522 659 24 20 så
570 659 43 20 vidt
628 659 66 26 angår
709 657 147 22 bibehållande
871 658 22 21 af
906 659 62 20 ordet

213 693 137 26 »eventuelt'",
372 694 56 19 samt
450 693 100 26 Borgare-
575 692 39 21 och
637 692 163 21 Bondestånden
816 692 48 21 ville
879 692 87 22 omfatta

212 727 170 21 Presteståndets
397 726 69 22 beslut
481 727 6 20 i
504 727 64 21 saken
584 728 55 20 samt
654 728 78 25 antaga
748 733 25 15 en
788 727 23 20 så
827 726 89 28 lydande
934 733 31 15 re-

211 761 101 21 solution:

485 861 31 18 att
534 859 124 20 Ständerna
674 859 54 23 ville,
742 858 40 27 för
794 858 135 21 bestridande
940 859 30 27 af

417 893 67 26 ofvan
510 895 113 25 upptagna
650 892 97 27 utgifter,
769 892 42 28 för
830 893 25 20 så
871 893 43 20 vidt
930 893 36 20 de-

416 934 84 13 samma
516 927 21 27 ej
552 928 51 27 utgå
620 927 26 27 af
656 927 81 27 därför
745 927 105 20 särskildt
858 928 108 27 anslagna

416 961 73 24 medel,
506 961 76 20 anvisa
599 961 21 27 ej
644 961 84 21 mindre
744 961 150 28 behållningen
909 962 8 19 i
932 961 34 19 be-

416 995 187 28 villningsmedlen
620 995 36 21 vid
672 997 57 19 1891
745 996 37 20 års
798 996 86 27 utgång,
896 997 28 19 än
934 996 32 20 in-

416 1029 94 21 komsten
526 1029 70 21 under
618 1030 52 20 åren
687 1031 115 20 1892—94
821 1029 30 28 af
859 1029 106 28 följande

416 1063 150 28 bevillningar,
597 1064 119 27 nämligen:
749 1063 215 28 stämpelbevillning,

416 1098 209 27 näringsbevillning
642 1099 30 26 af
681 1098 149 27 utländingar,
850 1098 115 28 bevillning

412 1133 44 26 för
480 1133 146 27 maltdrycker
654 1132 38 22 och
719 1135 61 19 extra
796 1133 116 27 bevillning
924 1133 42 27 för

414 1167 102 27 spelkort,
540 1168 112 26 äfvensom
676 1168 103 20 eventuelt
804 1168 60 20 ända
891 1168 34 20 till
940 1174 24 14 en

415 1201 77 27 miljon
519 1201 63 21 mark
604 1202 84 27 ärligen
712 1206 26 22 aj
761 1201 109 21 Finlands
898 1201 67 21 banks

414 1236 126 20 vinstmedel
552 1236 42 26 för
610 1236 52 20 ären
678 1237 121 19 1891—93.

277 1343 10 21 I
310 1344 152 27 sammanhang
485 1344 46 22 med
554 1345 142 27 nyssnämnda
711 1344 70 22 beslut
796 1345 38 21 har
849 1345 60 21 Ridd.
926 1345 38 21 och

209 1376 69 22 Adeln
300 1377 56 21 velat
378 1378 91 21 anmoda
491 1378 164 22 Statsutskottet
677 1380 32 20 att
730 1378 108 22 inkomma
861 1379 46 21 med
922 1379 42 21 för-

206 1411 46 26 slag
268 1410 32 22 till
316 1411 131 27 underdänig
463 1412 126 22 hemställan
604 1414 32 20 att
652 1412 74 22 aflätas
743 1413 5 21 i
757 1412 152 28 sammanhang
917 1414 47 21 med

206 1444 130 22 Ständernas
359 1446 169 22 svarsskrifvelse
544 1447 13 21 å
573 1447 39 21 den
629 1447 76 27 nådiga
721 1447 157 27 propositionen
895 1448 19 24 ,i
930 1449 34 20 sä-

275 1485 75 22 Bihang
363 1486 29 16 till
406 1486 153 18 Statsutskottets
572 1487 117 17 betänkande
702 1489 34 15 N:o
750 1487 29 17 12.
