1061 1678
239 84 94 25 Ständ.
354 84 47 25 Sv.
422 98 34 3 —
477 84 84 30 Prop.
581 83 53 24 N:o
654 91 39 22 23.
790 83 27 21 23

237 148 34 21 del
287 147 80 22 skadar
385 147 79 28 Ryska
479 147 66 22 Riket
558 147 51 21 eller
619 147 47 22 dess
677 146 171 28 bundsförvandt

238 183 8 22 i
266 183 75 28 kriget,
361 182 90 27 straffes
467 183 35 27 för
516 183 81 21 sådant
612 182 175 27 landsförräderi
801 183 47 21 med

238 219 89 22 tukthus
347 219 32 27 pä
401 218 70 27 lifstid
493 218 51 22 eller
563 218 54 27 från
639 218 36 22 och
695 219 47 21 med
762 225 38 14 sex
815 218 33 21 till

238 254 38 22 och
290 254 48 21 med
353 253 42 28 tolf
409 255 31 21 år.

309 289 83 22 Försök
408 291 26 20 är
449 289 118 28 straffbart.

520 354 15 21 4
550 356 21 25 $.

310 396 72 28 Begäs
401 396 82 22 sådant
501 396 59 28 brott,
579 403 43 14 som
641 396 9 21 i
666 396 21 28 1,
703 396 15 20 2
738 395 51 22 eller
804 395 14 21 3
834 396 14 26 $

239 434 97 24 nämnes,
348 431 27 27 af
387 431 139 27 främmande
541 433 54 20 stats
609 432 122 25 undersäte,
748 438 43 15 som
806 438 42 14 un-

240 468 38 21 der
294 467 69 28 kriget
379 468 145 26 gvarstannat
539 468 8 20 i
558 466 100 23 Finland
672 466 50 22 eller
737 469 27 19 är
774 467 9 21 i
792 466 58 28 finsk

241 504 65 27 tjenst
325 503 97 27 anstäld;
441 503 66 21 varde
526 502 73 28 derför
620 503 68 28 enligt
706 510 82 14 samma
804 502 45 28 lag-

240 546 51 15 rum
306 538 98 28 straffad.

521 604 14 21 5
550 605 20 26 8.

312 645 69 22 Finsk
396 652 53 15 man
466 646 50 21 eller
532 652 77 15 annan
625 645 76 28 Ryska
716 645 77 21 Rikets
808 652 41 14 un-

242 681 88 28 dersäte,
346 688 44 15 som

314 717 22 27 1)
353 723 125 22 uppmanar
491 716 137 27 främmande
638 717 100 27 regering
749 717 31 20 att
791 715 60 28 börja

244 753 52 21 eller
313 752 105 27 fortsätta
438 752 50 28 krig
508 752 50 21 eller
577 759 77 15 annan
669 752 97 27 fiendtlig
782 751 68 22 hand-

244 788 46 28 ling
309 790 53 19 emot
382 787 78 28 Ryska
480 787 71 26 Riket,
571 787 50 22 eller
640 788 63 27 bryta
720 787 48 22 med
783 787 67 28 Ryss-

245 823 53 22 land
320 823 109 27 afslutadt
452 823 158 28 krigsförbund,
629 823 51 22 eller
697 823 73 28 afböja
788 823 62 28 ingå-

244 859 52 22 ende
312 859 27 27 af
352 859 80 22 sådant
446 859 105 27 förbund;
567 859 57 26 eller,

314 895 24 25 2)
359 895 80 27 förrän
468 895 183 28 krigsförklaring
675 895 58 27 skett,
758 894 36 27 för
819 894 33 28 sig

243 930 52 21 eller
314 931 72 21 andra
404 931 24 21 åt
442 930 138 27 främmande
595 931 101 28 regering
711 930 96 27 utlofvar
822 929 27 22 bi-

243 966 61 21 träde
319 966 9 21 i
344 967 46 20 dess
408 966 148 28 krigsföretag
572 968 53 20 emot
640 966 77 28 Ryska
732 966 77 26 Riket;

313 1001 87 27 straffes
415 1002 48 21 med
479 1002 89 22 tukthus
582 1002 55 26 från
653 1002 37 22 och
705 1002 47 22 med
767 1002 35 21 två
818 1001 34 21 till

242 1036 38 22 och
295 1038 47 20 med
357 1038 46 20 åtta
419 1038 31 21 år.

314 1072 81 22 Kunde
419 1073 41 21 den
484 1073 112 28 brottslige,
619 1074 28 27 på
669 1073 75 28 grund
766 1073 28 27 af
814 1073 39 21 sitt

242 1108 165 27 innehafvande
427 1108 83 29 embete,
530 1109 75 22 känna
621 1109 156 28 krigsmaktens
792 1108 60 21 ställ-

242 1144 56 28 ning
314 1143 51 22 eller
383 1144 149 28 väsendtligen
549 1144 84 22 biträda
647 1144 137 27 främmande
794 1143 59 22 makt

243 1179 9 21 i
269 1179 101 22 händelse
390 1179 28 27 af
437 1179 52 28 krig
507 1181 47 20 med
572 1180 79 28 Ryska
671 1180 77 28 Riket;
766 1179 88 27 straffes

242 1215 48 22 med
313 1215 91 22 tukthus
426 1215 54 27 frän
504 1216 37 21 och
562 1216 47 21 med
635 1223 38 14 sex
696 1216 33 21 till
755 1216 35 21 och
807 1215 47 22 med

243 1250 43 27 tolf
298 1251 32 21 är.

523 1317 14 21 6
552 1318 21 26 $.

313 1358 74 27 Hafva
417 1359 35 21 två
486 1358 52 22 eller
561 1358 53 27 flere
640 1357 80 27 aftalat
745 1359 32 20 att
804 1357 51 27 begå

241 1393 188 28 landsförräderi;
444 1393 89 28 straffes
549 1394 82 21 enhvar
641 1393 27 27 af
676 1393 52 28 dem,
738 1393 37 27 för
784 1393 72 21 sådan
