1056 1698
237 96 29 22 24
441 97 20 21 U.
478 96 18 22 B.
512 109 30 3 —
558 96 57 28 Prop.
632 96 35 22 N:o
684 96 34 22 20.

278 156 11 21 I
312 156 71 22 denna
405 156 62 27 fräga
482 156 40 22 har
543 156 59 22 inom
618 156 115 22 Utskottet
748 156 100 26 uttalats,
866 157 33 21 att
917 156 44 26 lag-

207 192 317 27 manstingsgästningsfonden
539 192 101 22 bildades
656 192 29 27 pä
698 198 28 15 en
736 192 38 26 tid,
787 192 28 21 dä
825 191 59 22 allm.
897 193 65 20 stats-

206 227 93 22 fondens
322 227 117 27 tillgängar
454 234 51 15 voro
522 228 25 21 sä
562 228 144 26 begränsade,
724 229 32 19 att
772 233 52 15 man
841 228 67 26 ansäg
923 229 38 19 nö-

208 263 47 27 digt
278 264 33 20 att
333 263 32 21 uti
389 270 26 15 en
439 263 94 22 särskild
559 262 52 22 fond
635 269 111 15 reservera
767 264 42 20 den
825 268 78 21 genom
918 263 45 27 lag-

207 300 172 20 mansrätternas
390 299 153 27 upphäfvande
554 299 87 21 kronan
652 298 131 22 tillfallande
794 298 167 28 lagmanstings-

207 334 131 27 gästningon
354 334 33 22 för
402 336 34 20 att
451 334 110 22 finansielt
576 334 108 28 betrygga
700 340 26 16 en
742 335 69 21 redan
827 334 28 22 dä
870 334 93 27 pätänkt

207 370 81 22 reform
304 370 24 22 af
342 370 212 22 domstolsväsendet
570 371 28 26 pä
614 370 81 28 landet,
712 376 49 16 men
777 372 34 19 att
826 369 101 23 behofvet
941 369 24 22 af

208 406 72 21 denna
296 406 52 22 fond
363 412 91 16 numera
471 406 101 28 upphört,
589 406 68 22 sedan
671 406 61 22 allm.
744 406 149 21 statsfondens
905 406 58 20 ställ-

208 442 53 26 ning
276 441 73 22 blifvit
364 444 25 20 sä
404 448 96 21 gynsam,
518 443 34 21 att
569 442 56 21 intet
641 442 75 21 tvifvel
732 442 43 21 kan
786 442 54 21 räda
851 442 111 26 angäende

209 478 49 21 dess
282 477 98 27 förmäga
400 480 34 20 att
454 478 92 22 bekosta
568 478 41 21 den
626 477 90 22 afsedda
733 477 116 27 reformen,
865 477 98 21 närhelst

209 514 127 20 densamma
358 513 42 22 blir
423 514 107 26 besluten,
547 514 58 21 samt
620 515 34 19 att
670 513 122 22 Ständerna
808 512 73 22 därför
896 512 67 22 borde

208 549 160 27 underdänigst
388 549 132 27 petitionera
536 556 35 14 om
590 548 108 22 definitivt
714 548 150 22 öfverförande
880 548 24 22 af
917 548 45 22 fon-

209 585 54 21 dens
279 585 118 26 tillgängar
412 585 35 21 till
463 584 109 22 allmänna
590 584 138 22 statsfonden
744 585 40 21 och
801 591 35 14 om
855 584 108 27 lagmans-

208 620 267 27 tingsgästningsfondens
505 621 151 26 upphörande.
695 619 127 22 Utskottets
851 619 112 27 pluralitet

208 656 41 21 har
270 656 55 21 dock
341 657 19 26 ej
378 657 74 20 ansett
466 656 101 27 lämpligt
583 657 34 20 att
633 662 31 15 nu
680 656 50 27 ingä
747 656 49 21 med
813 662 27 15 en
856 655 107 22 underdä-

209 691 38 26 nig
266 691 162 27 framställning
452 691 7 22 i
481 691 77 28 antydt
580 691 62 28 syfte,
658 691 40 22 och
714 691 33 21 fär
764 690 73 23 därför
853 691 111 21 vördsamt

209 726 91 23 föreslä:

427 787 32 20 att
478 785 126 22 Ständerna
620 785 50 22 ville
684 785 125 28 godkänna,
826 786 33 21 att
875 785 86 28 tillyän-

351 827 75 22 garna
448 821 8 21 i
479 820 357 29 lagmanstingsgästningsfonden
859 827 44 15 som
925 821 36 21 län

354 856 120 28 öfverföras
488 857 35 21 till
538 856 288 28 kommunikationsfonden.

281 934 51 22 Med
355 934 103 22 afseende
482 935 63 26 därä,
566 936 34 20 att
624 935 71 21 denna
719 934 132 27 öfverföring
875 934 7 21 i
898 934 65 26 ingen

211 970 104 21 händelse
330 970 62 22 torde
408 969 92 23 behöfva
516 970 96 27 försiggä
628 970 74 21 förrän
718 970 69 21 under
803 970 24 21 år
843 970 65 26 1894,
924 970 39 21 har

210 1005 116 21 Utskottet
348 1005 19 27 ej
392 1005 34 21 för
448 1005 107 27 ingäende
570 1005 160 27 budgetperiod
746 1007 57 19 trott
814 1005 33 27 sig
858 1005 53 21 böra
926 1005 37 21 be-

210 1040 70 22 räkna
295 1042 71 26 någon
382 1042 64 20 ränta
460 1042 13 20 å
488 1041 62 21 detta
565 1040 45 22 län.

283 1076 43 21 Det
353 1076 125 26 öfverskott,
502 1082 46 16 som
573 1082 77 21 genom
678 1077 72 21 denna
775 1076 188 22 länetransaktion

211 1112 108 26 uppstode
346 1112 7 20 i
379 1112 287 25 kommunikationsfonden,
692 1112 130 26 uppgäende
848 1111 35 21 till
908 1112 55 20 Fmk

211 1147 122 27 1,042,629:
355 1147 35 27 21,
405 1147 93 21 likasom
516 1148 40 20 ock
573 1148 27 20 de
616 1147 158 26 öfverföringar
789 1146 50 22 frän
855 1147 108 21 allmänna

211 1182 145 28 statsfonden,
372 1188 46 16 som
434 1183 69 21 under
519 1182 186 28 budgetperioden
721 1185 37 19 äro
772 1184 35 20 att
823 1184 90 25 emotse,
924 1183 39 21 har

210 1218 116 21 Utskottet
340 1220 74 19 ansett
430 1218 52 21 böra
496 1224 123 16 reserveras
635 1218 34 22 för
680 1218 104 22 framtida
792 1218 170 27 järnvägsbygg-

210 1253 75 22 nader.

283 1289 11 21 I
309 1288 103 22 afseende
428 1290 13 21 &
456 1290 26 21 de
498 1289 152 27 bevillningar,
663 1296 46 15 som
721 1290 34 21 för
765 1290 136 20 närvarande
912 1290 53 25 utgå

211 1324 13 20 &
244 1324 148 26 maltdrycker
413 1325 40 21 och
474 1325 103 26 spelkort,
599 1327 59 19 samt
679 1325 104 26 stämpel-
805 1325 40 21 och
866 1324 97 27 närings-

211 1359 148 27 bevillningen
375 1359 65 22 hafva
455 1360 92 21 ständen
563 1361 75 26 redan,
655 1360 46 21 dels
720 1359 109 22 definitivt
845 1359 46 22 dels
902 1365 62 16 even-

211 1394 64 27 tuelt,
290 1395 99 27 beslutit,
406 1397 33 20 att
462 1396 26 21 de
504 1395 136 22 fortfarande
658 1395 62 22 skola
736 1395 117 28 uppbäras,
869 1395 39 21 och
924 1395 40 21 har

284 1435 136 19 Statsutskottets
432 1437 107 18 betänkande
551 1436 37 19 N:o
600 1437 29 17 12.
