1059 1706
240 128 12 19 2
404 125 82 23 Ständ.
503 125 38 23 Sv.
557 138 29 3 —
602 125 74 29 Prop.
692 124 44 24 N:o
752 124 38 23 24.

279 185 79 22 Denna
372 186 80 27 nädiga
468 186 134 26 proposition
618 186 40 21 har
674 185 24 22 af
712 185 123 22 Ständerna
845 185 7 21 i
863 185 93 22 hufvud-

210 221 40 21 sak
266 221 114 27 godkänts.
404 221 85 22 Härvid
504 221 68 22 hafva
587 221 71 22 likväl
673 222 69 26 nägra
758 221 137 27 ändringar
881 217 12 36 i
911 221 43 21 för-

209 256 215 28 fattningsförslaget
447 257 114 21 befunnits
579 257 86 27 nödiga,
675 257 38 21 och
730 256 88 22 anhålla
834 256 122 22 Ständerna

209 292 159 28 underdänigst
384 295 32 19 att
430 293 8 21 i
450 293 38 21 det
506 292 96 28 följande
618 292 24 22 få
656 293 108 27 redogöra
787 292 35 22 för
838 292 64 22 dessa
917 295 37 19 än-

210 328 90 27 dringar
322 328 111 22 äfvensom
450 328 34 22 för
500 328 79 22 skälen
596 328 36 22 till
647 328 110 22 desamma
774 328 39 21 och
829 328 35 22 för
879 328 27 22 de
921 330 33 20 ut-

208 364 104 22 talanden
327 364 8 21 i
350 364 74 28 öfrigt,
440 364 35 22 till
490 364 78 22 hvilka
583 363 145 28 lagförslaget
750 363 65 28 gifvit
831 364 124 27 anledning.

550 423 12 29 8
580 426 34 19 32.

280 471 33 22 De
329 471 125 28 föreslagna
473 472 149 27 ändringarna
637 472 7 20 i
660 471 221 27 Värnepligtslagens
898 473 26 19 32
941 471 13 29 $

209 509 45 25 äro,
271 508 71 21 säsom
358 508 7 20 i
381 508 41 21 den
438 508 80 27 nädiga
533 508 165 26 propositionen
714 506 96 28 anföres,
827 507 127 21 föranledda

209 543 65 21 deraf
287 545 33 19 att
336 543 46 22 dels
405 544 69 27 nägra
490 543 24 21 af
527 544 27 21 de
570 544 8 20 i
594 543 68 27 sagda
685 542 107 28 paragraf
813 543 141 21 omförmälda

208 579 196 27 läroinrättningar
426 580 50 21 icke
498 579 77 22 vidare
599 578 69 22 finnas
692 578 42 28 till,
751 578 47 22 dels
815 579 67 21 andra
897 579 56 21 läro-

208 614 149 27 inrättningar
373 615 122 22 emellertid
510 614 133 22 tillkommit.

279 650 32 22 Pä
326 650 71 27 grund
420 651 24 21 af
462 651 42 21 den
527 650 125 28 utredning,
678 650 123 22 Ständerna
816 650 78 22 vunnit
916 656 37 15 an-

208 686 85 27 gående
309 686 62 22 såväl
387 686 26 22 de
429 686 70 22 under
522 681 194 33 Öfverstyrelsens
737 685 35 22 för
798 686 156 22 skolväsendet

208 728 46 15 som
270 722 27 21 de
312 722 70 21 under
390 722 292 26 Jordbruksexpeditionens
699 722 7 21 i
722 721 96 22 Senaten
834 722 39 21 och
888 721 64 22 Indu-

208 758 166 26 stristyrelsens
397 758 103 22 inseende
524 758 92 22 stäende
635 758 59 21 olika
710 758 76 26 slagen
802 757 25 21 af
840 757 112 22 undervis-

208 793 178 28 ningsanstalter,
403 793 67 23 hafva
486 794 123 21 Ständerna
624 796 73 20 ansett
712 800 28 15 en
756 793 161 27 omredigering
932 792 25 22 af

207 828 132 28 paragrafen
352 829 67 27 jemte
435 835 29 16 en
478 829 50 22 frän
544 829 42 22 den
610 829 80 27 nädiga
705 829 162 27 propositionen
884 828 70 22 delvis

207 864 119 22 afvikande
349 864 161 28 klassificering
526 864 24 22 af
564 865 95 21 nämnda
682 864 108 22 anstalter
810 870 54 16 vara
879 864 76 26 päkal-

207 900 36 21 lad
259 900 7 21 i
282 900 64 27 fråga
369 906 33 16 om
418 900 42 22 den
476 900 141 27 förkortning
632 900 24 21 af
662 900 144 28 tjenstetiden
821 900 37 22 vid
874 900 27 20 de
916 900 38 20 ak-

207 936 46 21 tiva
275 938 127 25 trupperna,
427 942 45 16 som
495 936 166 27 genomgängen
677 936 53 21 kurs
747 936 37 21 vid
800 936 71 26 nägon
887 935 67 21 sädan

207 972 83 21 anstalt
304 972 69 21 borde
389 972 34 21 för
438 972 150 27 värnepligtig
604 971 104 22 medföra.

279 1007 96 22 Sälunda
398 1007 66 22 hafva
484 1008 7 20 i
515 1008 147 21 betraktande
685 1007 25 21 af
731 1007 120 21 kursernas
868 1005 87 27 omfäng

207 1042 39 21 och
262 1042 43 22 den
321 1042 127 22 meddelade
464 1043 82 27 graden
562 1042 24 21 af
600 1043 80 20 allmän
691 1042 102 27 bildning
815 1042 26 21 de
857 1042 47 21 tvä-
915 1042 39 20 och

206 1077 135 28 treklassiga
358 1078 247 27 elementarskolorna,
597 1072 14 38 i
620 1078 71 21 likhet
707 1077 49 22 med
772 1077 27 22 de
815 1077 68 27 högre
899 1076 55 22 folk-

207 1113 110 27 skolorna,
334 1113 100 22 hänförts
450 1114 36 21 till
511 1116 2 19 1
530 1115 118 20 momentet
664 1113 25 21 af
702 1113 12 28 $
732 1114 34 20 32.
790 1113 33 21 De
839 1112 57 27 fyra-
915 1113 40 20 och

206 1149 144 27 femklassiga
374 1150 224 21 elementarskolorna
621 1149 39 22 och
680 1149 26 22 de
722 1150 45 20 mot
783 1149 49 21 dem
848 1148 108 22 svarande

206 1185 117 21 klasserna
338 1184 25 22 af
376 1185 103 27 lyceerna
501 1187 38 20 äro
555 1186 55 27 äter,
628 1187 52 20 enär
696 1185 7 20 i
720 1185 48 21 dem
791 1185 108 20 inhemtas
923 1186 32 19 ett

206 1220 7 21 i
230 1220 46 21 viss
299 1220 50 21 män
373 1220 107 22 afslutadt
502 1221 177 27 kunskapsmätt,
704 1227 45 15 som
768 1220 50 21 icke
833 1220 56 21 blott
904 1219 51 22 fullt

206 1257 129 25 motsvarar,
359 1258 53 19 utan
436 1256 66 23 äfven
518 1257 70 21 delvis
608 1257 40 27 gär
663 1255 89 23 utöfver
775 1255 180 22 folkskollärare-

206 1291 170 22 seminariernas
391 1292 86 27 kurser,
504 1292 160 22 sammanförda
689 1292 71 21 under
782 1291 143 27 paragrafens
942 1293 12 18 2

207 1328 99 20 moment.
337 1327 142 22 Beträffande
494 1328 113 21 klassiska
623 1327 39 22 och
678 1327 123 27 reallyceer
820 1332 53 16 anse
891 1325 64 22 Stän-

206 1361 76 28 derna,
298 1364 33 19 att
346 1362 51 22 frän
413 1363 65 22 demi
488 1363 141 27 vederbörlig
640 1363 94 27 ordning
745 1362 150 21 utdimitterad
906 1362 49 21 elev

206 1398 40 21 bör
262 1398 146 22 tillerkännas
424 1399 107 27 rättighet
547 1401 33 19 att
603 1398 103 22 hänföras
722 1399 36 21 till
783 1400 4 19 3
805 1404 67 21 mom.,
889 1397 67 22 äfven
