<?xml version="1.0" encoding="UTF-8"?>
<alto xmlns="http://www.loc.gov/standards/alto/ns-v3#" xmlns:xlink="http://www.w3.org/1999/xlink" xmlns:xsi="http://www.w3.org/2001/XMLSchema-instance" xsi:schemaLocation="http://www.loc.gov/standards/alto/ns-v3# http://www.loc.gov/alto/v3/alto-3-0.xsd">
	<Description>
		<MeasurementUnit>pixel</MeasurementUnit>
		<sourceImageInformation>
			<fileName>/tmp/tess_7xs9xous_input.PNG</fileName>
		</sourceImageInformation>
		<OCRProcessing ID="OCR_0">
			<ocrProcessingStep>
				<processingSoftware>
					<softwareName>tesseract 5.3.4</softwareName>
				</processingSoftware>
			</ocrProcessingStep>
		</OCRProcessing>
	</Description>
	<Layout>
		<Page WIDTH="1061" HEIGHT="1681" PHYSICAL_IMG_NR="0" ID="page_0">
			<PrintSpace HPOS="0" VPOS="0" WIDTH="1061" HEIGHT="1681">
				<ComposedBlock ID="cblock_0" HPOS="229" VPOS="86" WIDTH="27" HEIGHT="21">
					<TextBlock ID="block_0" HPOS="229" VPOS="86" WIDTH="27" HEIGHT="21">
						<TextLine ID="line_0" HPOS="229" VPOS="86" WIDTH="27" HEIGHT="21">
							<String ID="string_0" HPOS="229" VPOS="86" WIDTH="27" HEIGHT="21" WC="0.96" CONTENT="22"/>
						</TextLine>
					</TextBlock>
				</ComposedBlock>
				<ComposedBlock ID="cblock_1" HPOS="356" VPOS="86" WIDTH="450" HEIGHT="97">
					<TextBlock ID="block_1" HPOS="356" VPOS="86" WIDTH="450" HEIGHT="97">
						<TextLine ID="line_1" HPOS="356" VPOS="86" WIDTH="450" HEIGHT="31">
							<String ID="string_1" HPOS="356" VPOS="86" WIDTH="96" HEIGHT="25" WC="0.90" CONTENT="Ständ."/><SP WIDTH="19" VPOS="86" HPOS="452"/>
							<String ID="string_2" HPOS="471" VPOS="86" WIDTH="48" HEIGHT="24" WC="0.93" CONTENT="Sv."/><SP WIDTH="19" VPOS="86" HPOS="519"/>
							<String ID="string_3" HPOS="538" VPOS="100" WIDTH="34" HEIGHT="3" WC="0.92" CONTENT="—"/><SP WIDTH="20" VPOS="100" HPOS="572"/>
							<String ID="string_4" HPOS="592" VPOS="86" WIDTH="83" HEIGHT="31" WC="0.94" CONTENT="Prop."/><SP WIDTH="19" VPOS="86" HPOS="675"/>
							<String ID="string_5" HPOS="694" VPOS="86" WIDTH="53" HEIGHT="24" WC="0.96" CONTENT="N:o"/><SP WIDTH="20" VPOS="86" HPOS="747"/>
							<String ID="string_6" HPOS="767" VPOS="93" WIDTH="39" HEIGHT="23" WC="0.96" CONTENT="23."/>
						</TextLine>
						<TextLine ID="line_2" HPOS="623" VPOS="156" WIDTH="51" HEIGHT="27">
							<String ID="string_7" HPOS="623" VPOS="156" WIDTH="51" HEIGHT="27" WC="0.90" CONTENT="28."/>
						</TextLine>
					</TextBlock>
				</ComposedBlock>
				<ComposedBlock ID="cblock_2" HPOS="341" VPOS="203" WIDTH="614" HEIGHT="1028">
					<TextBlock ID="block_2" HPOS="342" VPOS="203" WIDTH="609" HEIGHT="136">
						<TextLine ID="line_3" HPOS="412" VPOS="203" WIDTH="539" HEIGHT="29">
							<String ID="string_8" HPOS="412" VPOS="203" WIDTH="72" HEIGHT="22" WC="0.92" CONTENT="Finsk"/><SP WIDTH="27" VPOS="203" HPOS="484"/>
							<String ID="string_9" HPOS="511" VPOS="211" WIDTH="52" HEIGHT="14" WC="0.95" CONTENT="man"/><SP WIDTH="27" VPOS="211" HPOS="563"/>
							<String ID="string_10" HPOS="590" VPOS="204" WIDTH="50" HEIGHT="21" WC="0.94" CONTENT="eller"/><SP WIDTH="26" VPOS="204" HPOS="640"/>
							<String ID="string_11" HPOS="666" VPOS="211" WIDTH="76" HEIGHT="15" WC="0.93" CONTENT="annan"/><SP WIDTH="28" VPOS="211" HPOS="742"/>
							<String ID="string_12" HPOS="770" VPOS="203" WIDTH="78" HEIGHT="29" WC="0.87" CONTENT="Ryska"/><SP WIDTH="26" VPOS="203" HPOS="848"/>
							<String ID="string_13" HPOS="874" VPOS="203" WIDTH="77" HEIGHT="22" WC="0.91" CONTENT="Rikets"/>
						</TextLine>
						<TextLine ID="line_4" HPOS="342" VPOS="239" WIDTH="609" HEIGHT="29">
							<String ID="string_14" HPOS="342" VPOS="239" WIDTH="122" HEIGHT="27" WC="0.92" CONTENT="undersäte,"/><SP WIDTH="12" VPOS="239" HPOS="464"/>
							<String ID="string_15" HPOS="476" VPOS="239" WIDTH="92" HEIGHT="28" WC="0.93" CONTENT="hvilken,"/><SP WIDTH="12" VPOS="239" HPOS="568"/>
							<String ID="string_16" HPOS="580" VPOS="239" WIDTH="53" HEIGHT="28" WC="0.94" CONTENT="efter"/><SP WIDTH="16" VPOS="239" HPOS="633"/>
							<String ID="string_17" HPOS="649" VPOS="239" WIDTH="34" HEIGHT="22" WC="0.93" CONTENT="det"/><SP WIDTH="16" VPOS="239" HPOS="683"/>
							<String ID="string_18" HPOS="699" VPOS="239" WIDTH="184" HEIGHT="29" WC="0.92" CONTENT="krigsförklaring"/><SP WIDTH="14" VPOS="239" HPOS="883"/>
							<String ID="string_19" HPOS="897" VPOS="239" WIDTH="54" HEIGHT="22" WC="0.96" CONTENT="skett"/>
						</TextLine>
						<TextLine ID="line_5" HPOS="342" VPOS="275" WIDTH="609" HEIGHT="28">
							<String ID="string_20" HPOS="342" VPOS="275" WIDTH="51" HEIGHT="22" WC="0.92" CONTENT="eller"/><SP WIDTH="28" VPOS="275" HPOS="393"/>
							<String ID="string_21" HPOS="421" VPOS="275" WIDTH="50" HEIGHT="28" WC="0.78" CONTENT="krig"/><SP WIDTH="28" VPOS="275" HPOS="471"/>
							<String ID="string_22" HPOS="499" VPOS="275" WIDTH="101" HEIGHT="27" WC="0.95" CONTENT="utbrutit,"/><SP WIDTH="26" VPOS="275" HPOS="600"/>
							<String ID="string_23" HPOS="626" VPOS="275" WIDTH="35" HEIGHT="22" WC="0.93" CONTENT="till"/><SP WIDTH="23" VPOS="275" HPOS="661"/>
							<String ID="string_24" HPOS="684" VPOS="275" WIDTH="96" HEIGHT="27" WC="0.95" CONTENT="fiendens"/><SP WIDTH="25" VPOS="275" HPOS="780"/>
							<String ID="string_25" HPOS="805" VPOS="275" WIDTH="70" HEIGHT="27" WC="0.91" CONTENT="fördel"/><SP WIDTH="25" VPOS="275" HPOS="875"/>
							<String ID="string_26" HPOS="900" VPOS="282" WIDTH="51" HEIGHT="21" WC="0.88" CONTENT="upp-"/>
						</TextLine>
						<TextLine ID="line_6" HPOS="342" VPOS="311" WIDTH="103" HEIGHT="28">
							<String ID="string_27" HPOS="342" VPOS="311" WIDTH="103" HEIGHT="28" WC="0.92" CONTENT="såtligen:"/>
						</TextLine>
					</TextBlock>
					<TextBlock ID="block_3" HPOS="342" VPOS="347" WIDTH="610" HEIGHT="278">
						<TextLine ID="line_7" HPOS="412" VPOS="347" WIDTH="539" HEIGHT="28">
							<String ID="string_28" HPOS="412" VPOS="347" WIDTH="20" HEIGHT="26" WC="0.92" CONTENT="1)"/><SP WIDTH="17" VPOS="347" HPOS="432"/>
							<String ID="string_29" HPOS="449" VPOS="347" WIDTH="9" HEIGHT="21" WC="0.96" CONTENT="i"/><SP WIDTH="18" VPOS="347" HPOS="458"/>
							<String ID="string_30" HPOS="476" VPOS="347" WIDTH="97" HEIGHT="26" WC="0.96" CONTENT="fiendens"/><SP WIDTH="18" VPOS="347" HPOS="573"/>
							<String ID="string_31" HPOS="591" VPOS="347" WIDTH="50" HEIGHT="22" WC="0.96" CONTENT="våld"/><SP WIDTH="19" VPOS="347" HPOS="641"/>
							<String ID="string_32" HPOS="660" VPOS="347" WIDTH="90" HEIGHT="28" WC="0.93" CONTENT="bringar"/><SP WIDTH="18" VPOS="347" HPOS="750"/>
							<String ID="string_33" HPOS="768" VPOS="347" WIDTH="111" HEIGHT="28" WC="0.91" CONTENT="krigsfolk,"/><SP WIDTH="18" VPOS="347" HPOS="879"/>
							<String ID="string_34" HPOS="897" VPOS="347" WIDTH="54" HEIGHT="26" WC="0.96" CONTENT="stad,"/>
						</TextLine>
						<TextLine ID="line_8" HPOS="343" VPOS="382" WIDTH="608" HEIGHT="29">
							<String ID="string_35" HPOS="343" VPOS="382" WIDTH="71" HEIGHT="27" WC="0.96" CONTENT="hamn,"/><SP WIDTH="22" VPOS="382" HPOS="414"/>
							<String ID="string_36" HPOS="436" VPOS="383" WIDTH="107" HEIGHT="28" WC="0.96" CONTENT="fästning,"/><SP WIDTH="23" VPOS="383" HPOS="543"/>
							<String ID="string_37" HPOS="566" VPOS="383" WIDTH="73" HEIGHT="26" WC="0.91" CONTENT="skans,"/><SP WIDTH="18" VPOS="383" HPOS="639"/>
							<String ID="string_38" HPOS="657" VPOS="390" WIDTH="52" HEIGHT="21" WC="0.95" CONTENT="pass"/><SP WIDTH="24" VPOS="390" HPOS="709"/>
							<String ID="string_39" HPOS="733" VPOS="383" WIDTH="51" HEIGHT="22" WC="0.95" CONTENT="eller"/><SP WIDTH="24" VPOS="383" HPOS="784"/>
							<String ID="string_40" HPOS="808" VPOS="389" WIDTH="77" HEIGHT="16" WC="0.92" CONTENT="annan"/><SP WIDTH="22" VPOS="389" HPOS="885"/>
							<String ID="string_41" HPOS="907" VPOS="382" WIDTH="44" HEIGHT="27" WC="0.91" CONTENT="för-"/>
						</TextLine>
						<TextLine ID="line_9" HPOS="342" VPOS="418" WIDTH="610" HEIGHT="29">
							<String ID="string_42" HPOS="342" VPOS="420" WIDTH="114" HEIGHT="25" WC="0.92" CONTENT="svarspost,"/><SP WIDTH="20" VPOS="420" HPOS="456"/>
							<String ID="string_43" HPOS="476" VPOS="418" WIDTH="141" HEIGHT="29" WC="0.92" CONTENT="krigsfartyg,"/><SP WIDTH="19" VPOS="418" HPOS="617"/>
							<String ID="string_44" HPOS="636" VPOS="419" WIDTH="131" HEIGHT="28" WC="0.93" CONTENT="krigskassa,"/><SP WIDTH="17" VPOS="419" HPOS="767"/>
							<String ID="string_45" HPOS="784" VPOS="418" WIDTH="97" HEIGHT="27" WC="0.91" CONTENT="förråds-"/><SP WIDTH="21" VPOS="418" HPOS="881"/>
							<String ID="string_46" HPOS="902" VPOS="418" WIDTH="50" HEIGHT="22" WC="0.96" CONTENT="eller"/>
						</TextLine>
						<TextLine ID="line_10" HPOS="343" VPOS="453" WIDTH="608" HEIGHT="29">
							<String ID="string_47" HPOS="343" VPOS="453" WIDTH="84" HEIGHT="28" WC="0.92" CONTENT="tyghus,"/><SP WIDTH="19" VPOS="453" HPOS="427"/>
							<String ID="string_48" HPOS="446" VPOS="453" WIDTH="80" HEIGHT="28" WC="0.96" CONTENT="förråd"/><SP WIDTH="22" VPOS="453" HPOS="526"/>
							<String ID="string_49" HPOS="548" VPOS="454" WIDTH="29" HEIGHT="27" WC="0.96" CONTENT="af"/><SP WIDTH="16" VPOS="454" HPOS="577"/>
							<String ID="string_50" HPOS="593" VPOS="461" WIDTH="68" HEIGHT="21" WC="0.94" CONTENT="vapen"/><SP WIDTH="24" VPOS="461" HPOS="661"/>
							<String ID="string_51" HPOS="685" VPOS="455" WIDTH="50" HEIGHT="21" WC="0.95" CONTENT="eller"/><SP WIDTH="20" VPOS="455" HPOS="735"/>
							<String ID="string_52" HPOS="755" VPOS="455" WIDTH="72" HEIGHT="21" WC="0.93" CONTENT="andra"/><SP WIDTH="19" VPOS="455" HPOS="827"/>
							<String ID="string_53" HPOS="846" VPOS="453" WIDTH="105" HEIGHT="29" WC="0.91" CONTENT="krigsför-"/>
						</TextLine>
						<TextLine ID="line_11" HPOS="342" VPOS="489" WIDTH="610" HEIGHT="28">
							<String ID="string_54" HPOS="342" VPOS="489" WIDTH="131" HEIGHT="22" WC="0.92" CONTENT="nödenheter"/><SP WIDTH="18" VPOS="489" HPOS="473"/>
							<String ID="string_55" HPOS="491" VPOS="490" WIDTH="51" HEIGHT="21" WC="0.95" CONTENT="eller"/><SP WIDTH="20" VPOS="490" HPOS="542"/>
							<String ID="string_56" HPOS="562" VPOS="490" WIDTH="27" HEIGHT="27" WC="0.93" CONTENT="af"/><SP WIDTH="16" VPOS="490" HPOS="589"/>
							<String ID="string_57" HPOS="605" VPOS="489" WIDTH="110" HEIGHT="28" WC="0.71" CONTENT="Vifsmedel,"/><SP WIDTH="20" VPOS="489" HPOS="715"/>
							<String ID="string_58" HPOS="735" VPOS="490" WIDTH="51" HEIGHT="22" WC="0.96" CONTENT="eller"/><SP WIDTH="17" VPOS="490" HPOS="786"/>
							<String ID="string_59" HPOS="803" VPOS="490" WIDTH="80" HEIGHT="27" WC="0.96" CONTENT="förstör"/><SP WIDTH="18" VPOS="490" HPOS="883"/>
							<String ID="string_60" HPOS="901" VPOS="490" WIDTH="51" HEIGHT="21" WC="0.96" CONTENT="eller"/>
						</TextLine>
						<TextLine ID="line_12" HPOS="342" VPOS="524" WIDTH="610" HEIGHT="30">
							<String ID="string_61" HPOS="342" VPOS="524" WIDTH="124" HEIGHT="28" WC="0.92" CONTENT="förderfvar"/><SP WIDTH="19" VPOS="524" HPOS="466"/>
							<String ID="string_62" HPOS="485" VPOS="526" WIDTH="65" HEIGHT="28" WC="0.96" CONTENT="något"/><SP WIDTH="18" VPOS="526" HPOS="550"/>
							<String ID="string_63" HPOS="568" VPOS="526" WIDTH="86" HEIGHT="26" WC="0.96" CONTENT="sådant,"/><SP WIDTH="20" VPOS="526" HPOS="654"/>
							<String ID="string_64" HPOS="674" VPOS="526" WIDTH="50" HEIGHT="21" WC="0.95" CONTENT="eller"/><SP WIDTH="23" VPOS="526" HPOS="724"/>
							<String ID="string_65" HPOS="747" VPOS="526" WIDTH="37" HEIGHT="21" WC="0.96" CONTENT="ock"/><SP WIDTH="23" VPOS="526" HPOS="784"/>
							<String ID="string_66" HPOS="807" VPOS="526" WIDTH="80" HEIGHT="21" WC="0.92" CONTENT="skadar"/><SP WIDTH="21" VPOS="526" HPOS="887"/>
							<String ID="string_67" HPOS="908" VPOS="525" WIDTH="44" HEIGHT="28" WC="0.87" CONTENT="för-"/>
						</TextLine>
						<TextLine ID="line_13" HPOS="343" VPOS="561" WIDTH="609" HEIGHT="29">
							<String ID="string_68" HPOS="343" VPOS="561" WIDTH="133" HEIGHT="28" WC="0.85" CONTENT="dämmming,"/><SP WIDTH="23" VPOS="561" HPOS="476"/>
							<String ID="string_69" HPOS="499" VPOS="561" WIDTH="95" HEIGHT="29" WC="0.91" CONTENT="telegraf,"/><SP WIDTH="24" VPOS="561" HPOS="594"/>
							<String ID="string_70" HPOS="618" VPOS="561" WIDTH="83" HEIGHT="28" WC="0.93" CONTENT="telefon,"/><SP WIDTH="18" VPOS="561" HPOS="701"/>
							<String ID="string_71" HPOS="719" VPOS="562" WIDTH="101" HEIGHT="27" WC="0.92" CONTENT="jernväg,"/><SP WIDTH="22" VPOS="562" HPOS="820"/>
							<String ID="string_72" HPOS="842" VPOS="561" WIDTH="36" HEIGHT="22" WC="0.96" CONTENT="bro"/><SP WIDTH="24" VPOS="561" HPOS="878"/>
							<String ID="string_73" HPOS="902" VPOS="561" WIDTH="50" HEIGHT="22" WC="0.95" CONTENT="eller"/>
						</TextLine>
						<TextLine ID="line_14" HPOS="343" VPOS="597" WIDTH="166" HEIGHT="28">
							<String ID="string_74" HPOS="343" VPOS="599" WIDTH="70" HEIGHT="19" WC="0.96" CONTENT="annat"/><SP WIDTH="16" VPOS="599" HPOS="413"/>
							<String ID="string_75" HPOS="429" VPOS="597" WIDTH="80" HEIGHT="28" WC="0.96" CONTENT="dylikt;"/>
						</TextLine>
					</TextBlock>
					<TextBlock ID="block_4" HPOS="343" VPOS="633" WIDTH="609" HEIGHT="171">
						<TextLine ID="line_15" HPOS="413" VPOS="633" WIDTH="538" HEIGHT="28">
							<String ID="string_76" HPOS="413" VPOS="633" WIDTH="23" HEIGHT="26" WC="0.95" CONTENT="2)"/><SP WIDTH="19" VPOS="633" HPOS="436"/>
							<String ID="string_77" HPOS="455" VPOS="635" WIDTH="40" HEIGHT="26" WC="0.93" CONTENT="gör"/><SP WIDTH="18" VPOS="635" HPOS="495"/>
							<String ID="string_78" HPOS="513" VPOS="633" WIDTH="97" HEIGHT="28" WC="0.89" CONTENT="väpnadt"/><SP WIDTH="17" VPOS="633" HPOS="610"/>
							<String ID="string_79" HPOS="627" VPOS="633" WIDTH="106" HEIGHT="22" WC="0.95" CONTENT="motstånd"/><SP WIDTH="16" VPOS="633" HPOS="733"/>
							<String ID="string_80" HPOS="749" VPOS="635" WIDTH="53" HEIGHT="20" WC="0.96" CONTENT="emot"/><SP WIDTH="16" VPOS="635" HPOS="802"/>
							<String ID="string_81" HPOS="818" VPOS="633" WIDTH="77" HEIGHT="28" WC="0.93" CONTENT="Ryska"/><SP WIDTH="16" VPOS="633" HPOS="895"/>
							<String ID="string_82" HPOS="911" VPOS="633" WIDTH="40" HEIGHT="21" WC="0.88" CONTENT="Ri-"/>
						</TextLine>
						<TextLine ID="line_16" HPOS="343" VPOS="667" WIDTH="608" HEIGHT="31">
							<String ID="string_83" HPOS="343" VPOS="667" WIDTH="46" HEIGHT="23" WC="0.93" CONTENT="kets"/><SP WIDTH="16" VPOS="667" HPOS="389"/>
							<String ID="string_84" HPOS="405" VPOS="668" WIDTH="127" HEIGHT="29" WC="0.96" CONTENT="krigsmakt,"/><SP WIDTH="17" VPOS="668" HPOS="532"/>
							<String ID="string_85" HPOS="549" VPOS="669" WIDTH="94" HEIGHT="22" WC="0.93" CONTENT="hindrar"/><SP WIDTH="15" VPOS="669" HPOS="643"/>
							<String ID="string_86" HPOS="658" VPOS="669" WIDTH="136" HEIGHT="29" WC="0.92" CONTENT="krigsfolkets"/><SP WIDTH="11" VPOS="669" HPOS="794"/>
							<String ID="string_87" HPOS="805" VPOS="669" WIDTH="146" HEIGHT="22" WC="0.95" CONTENT="användande"/>
						</TextLine>
						<TextLine ID="line_17" HPOS="344" VPOS="704" WIDTH="607" HEIGHT="29">
							<String ID="string_88" HPOS="344" VPOS="705" WIDTH="41" HEIGHT="20" WC="0.93" CONTENT="mot"/><SP WIDTH="21" VPOS="705" HPOS="385"/>
							<String ID="string_89" HPOS="406" VPOS="704" WIDTH="92" HEIGHT="29" WC="0.93" CONTENT="fienden,"/><SP WIDTH="24" VPOS="704" HPOS="498"/>
							<String ID="string_90" HPOS="522" VPOS="705" WIDTH="51" HEIGHT="22" WC="0.96" CONTENT="eller"/><SP WIDTH="20" VPOS="705" HPOS="573"/>
							<String ID="string_91" HPOS="593" VPOS="705" WIDTH="93" HEIGHT="27" WC="0.96" CONTENT="förleder"/><SP WIDTH="20" VPOS="705" HPOS="686"/>
							<String ID="string_92" HPOS="706" VPOS="705" WIDTH="34" HEIGHT="21" WC="0.96" CONTENT="det"/><SP WIDTH="21" VPOS="705" HPOS="740"/>
							<String ID="string_93" HPOS="761" VPOS="706" WIDTH="31" HEIGHT="21" WC="0.96" CONTENT="att"/><SP WIDTH="21" VPOS="706" HPOS="792"/>
							<String ID="string_94" HPOS="813" VPOS="705" WIDTH="33" HEIGHT="21" WC="0.96" CONTENT="till"/><SP WIDTH="20" VPOS="705" HPOS="846"/>
							<String ID="string_95" HPOS="866" VPOS="705" WIDTH="85" HEIGHT="26" WC="0.95" CONTENT="fienden"/>
						</TextLine>
						<TextLine ID="line_18" HPOS="344" VPOS="739" WIDTH="607" HEIGHT="29">
							<String ID="string_96" HPOS="344" VPOS="739" WIDTH="94" HEIGHT="28" WC="0.91" CONTENT="öfvergå,"/><SP WIDTH="22" VPOS="739" HPOS="438"/>
							<String ID="string_97" HPOS="460" VPOS="740" WIDTH="50" HEIGHT="21" WC="0.96" CONTENT="eller"/><SP WIDTH="20" VPOS="740" HPOS="510"/>
							<String ID="string_98" HPOS="530" VPOS="741" WIDTH="33" HEIGHT="21" WC="0.96" CONTENT="till"/><SP WIDTH="21" VPOS="741" HPOS="563"/>
							<String ID="string_99" HPOS="584" VPOS="747" WIDTH="81" HEIGHT="21" WC="0.96" CONTENT="uppror"/><SP WIDTH="19" VPOS="747" HPOS="665"/>
							<String ID="string_100" HPOS="684" VPOS="741" WIDTH="51" HEIGHT="21" WC="0.95" CONTENT="eller"/><SP WIDTH="16" VPOS="741" HPOS="735"/>
							<String ID="string_101" HPOS="751" VPOS="747" WIDTH="78" HEIGHT="15" WC="0.93" CONTENT="annan"/><SP WIDTH="16" VPOS="747" HPOS="829"/>
							<String ID="string_102" HPOS="845" VPOS="740" WIDTH="106" HEIGHT="26" WC="0.91" CONTENT="trolöshet,"/>
						</TextLine>
						<TextLine ID="line_19" HPOS="344" VPOS="775" WIDTH="608" HEIGHT="29">
							<String ID="string_103" HPOS="344" VPOS="775" WIDTH="51" HEIGHT="22" WC="0.96" CONTENT="eller"/><SP WIDTH="15" VPOS="775" HPOS="395"/>
							<String ID="string_104" HPOS="410" VPOS="776" WIDTH="23" HEIGHT="21" WC="0.96" CONTENT="åt"/><SP WIDTH="13" VPOS="776" HPOS="433"/>
							<String ID="string_105" HPOS="446" VPOS="776" WIDTH="86" HEIGHT="27" WC="0.93" CONTENT="fienden"/><SP WIDTH="16" VPOS="776" HPOS="532"/>
							<String ID="string_106" HPOS="548" VPOS="776" WIDTH="90" HEIGHT="27" WC="0.91" CONTENT="värfvar"/><SP WIDTH="10" VPOS="776" HPOS="638"/>
							<String ID="string_107" HPOS="648" VPOS="776" WIDTH="51" HEIGHT="22" WC="0.93" CONTENT="eller"/><SP WIDTH="10" VPOS="776" HPOS="699"/>
							<String ID="string_108" HPOS="709" VPOS="775" WIDTH="115" HEIGHT="28" WC="0.92" CONTENT="anskaffar"/><SP WIDTH="11" VPOS="775" HPOS="824"/>
							<String ID="string_109" HPOS="835" VPOS="775" WIDTH="117" HEIGHT="29" WC="0.90" CONTENT="krigsfolk;"/>
						</TextLine>
					</TextBlock>
					<TextBlock ID="block_5" HPOS="343" VPOS="811" WIDTH="609" HEIGHT="136">
						<TextLine ID="line_20" HPOS="414" VPOS="811" WIDTH="537" HEIGHT="28">
							<String ID="string_110" HPOS="414" VPOS="811" WIDTH="23" HEIGHT="28" WC="0.95" CONTENT="3)"/><SP WIDTH="23" VPOS="811" HPOS="437"/>
							<String ID="string_111" HPOS="460" VPOS="811" WIDTH="36" HEIGHT="27" WC="0.95" CONTENT="för"/><SP WIDTH="23" VPOS="811" HPOS="496"/>
							<String ID="string_112" HPOS="519" VPOS="811" WIDTH="85" HEIGHT="27" WC="0.95" CONTENT="fienden"/><SP WIDTH="26" VPOS="811" HPOS="604"/>
							<String ID="string_113" HPOS="630" VPOS="811" WIDTH="136" HEIGHT="28" WC="0.93" CONTENT="uppenbarar"/><SP WIDTH="26" VPOS="811" HPOS="766"/>
							<String ID="string_114" HPOS="792" VPOS="811" WIDTH="159" HEIGHT="28" WC="0.86" CONTENT="krigsmaktens"/>
						</TextLine>
						<TextLine ID="line_21" HPOS="343" VPOS="846" WIDTH="609" HEIGHT="29">
							<String ID="string_115" HPOS="343" VPOS="846" WIDTH="107" HEIGHT="29" WC="0.95" CONTENT="ställning"/><SP WIDTH="19" VPOS="846" HPOS="450"/>
							<String ID="string_116" HPOS="469" VPOS="847" WIDTH="51" HEIGHT="22" WC="0.94" CONTENT="eller"/><SP WIDTH="14" VPOS="847" HPOS="520"/>
							<String ID="string_117" HPOS="534" VPOS="847" WIDTH="98" HEIGHT="27" WC="0.96" CONTENT="rörelser,"/><SP WIDTH="17" VPOS="847" HPOS="632"/>
							<String ID="string_118" HPOS="649" VPOS="847" WIDTH="51" HEIGHT="22" WC="0.96" CONTENT="eller"/><SP WIDTH="18" VPOS="847" HPOS="700"/>
							<String ID="string_119" HPOS="718" VPOS="847" WIDTH="94" HEIGHT="28" WC="0.96" CONTENT="rådslag,"/><SP WIDTH="17" VPOS="847" HPOS="812"/>
							<String ID="string_120" HPOS="829" VPOS="847" WIDTH="51" HEIGHT="22" WC="0.93" CONTENT="eller"/><SP WIDTH="15" VPOS="847" HPOS="880"/>
							<String ID="string_121" HPOS="895" VPOS="847" WIDTH="57" HEIGHT="22" WC="0.92" CONTENT="med-"/>
						</TextLine>
						<TextLine ID="line_22" HPOS="343" VPOS="882" WIDTH="608" HEIGHT="29">
							<String ID="string_122" HPOS="343" VPOS="882" WIDTH="60" HEIGHT="21" WC="0.96" CONTENT="delar"/><SP WIDTH="23" VPOS="882" HPOS="403"/>
							<String ID="string_123" HPOS="426" VPOS="883" WIDTH="77" HEIGHT="21" WC="0.96" CONTENT="honom"/><SP WIDTH="23" VPOS="883" HPOS="503"/>
							<String ID="string_124" HPOS="526" VPOS="883" WIDTH="69" HEIGHT="28" WC="0.94" CONTENT="karta,"/><SP WIDTH="21" VPOS="883" HPOS="595"/>
							<String ID="string_125" HPOS="616" VPOS="883" WIDTH="101" HEIGHT="28" WC="0.96" CONTENT="teckning"/><SP WIDTH="24" VPOS="883" HPOS="717"/>
							<String ID="string_126" HPOS="741" VPOS="883" WIDTH="50" HEIGHT="22" WC="0.92" CONTENT="eller"/><SP WIDTH="24" VPOS="883" HPOS="791"/>
							<String ID="string_127" HPOS="815" VPOS="882" WIDTH="136" HEIGHT="29" WC="0.93" CONTENT="beskrifning"/>
						</TextLine>
						<TextLine ID="line_23" HPOS="343" VPOS="917" WIDTH="609" HEIGHT="30">
							<String ID="string_128" HPOS="343" VPOS="917" WIDTH="58" HEIGHT="28" WC="0.96" CONTENT="öfver"/><SP WIDTH="14" VPOS="917" HPOS="401"/>
							<String ID="string_129" HPOS="415" VPOS="918" WIDTH="155" HEIGHT="27" WC="0.96" CONTENT="försvarsverk,"/><SP WIDTH="16" VPOS="918" HPOS="570"/>
							<String ID="string_130" HPOS="586" VPOS="919" WIDTH="71" HEIGHT="26" WC="0.95" CONTENT="hamn,"/><SP WIDTH="16" VPOS="919" HPOS="657"/>
							<String ID="string_131" HPOS="673" VPOS="919" WIDTH="72" HEIGHT="27" WC="0.96" CONTENT="farled"/><SP WIDTH="16" VPOS="919" HPOS="745"/>
							<String ID="string_132" HPOS="761" VPOS="919" WIDTH="53" HEIGHT="22" WC="0.96" CONTENT="eller"/><SP WIDTH="16" VPOS="919" HPOS="814"/>
							<String ID="string_133" HPOS="830" VPOS="921" WIDTH="50" HEIGHT="26" WC="0.96" CONTENT="väg;"/><SP WIDTH="21" VPOS="921" HPOS="880"/>
							<String ID="string_134" HPOS="901" VPOS="919" WIDTH="51" HEIGHT="21" WC="0.96" CONTENT="eller"/>
						</TextLine>
					</TextBlock>
					<TextBlock ID="block_6" HPOS="341" VPOS="954" WIDTH="611" HEIGHT="135">
						<TextLine ID="line_24" HPOS="413" VPOS="954" WIDTH="539" HEIGHT="29">
							<String ID="string_135" HPOS="413" VPOS="954" WIDTH="25" HEIGHT="26" WC="0.96" CONTENT="4)"/><SP WIDTH="18" VPOS="954" HPOS="438"/>
							<String ID="string_136" HPOS="456" VPOS="954" WIDTH="54" HEIGHT="22" WC="0.96" CONTENT="låter"/><SP WIDTH="15" VPOS="954" HPOS="510"/>
							<String ID="string_137" HPOS="525" VPOS="955" WIDTH="69" HEIGHT="21" WC="0.96" CONTENT="såsom"/><SP WIDTH="12" VPOS="955" HPOS="594"/>
							<String ID="string_138" HPOS="606" VPOS="955" WIDTH="113" HEIGHT="28" WC="0.96" CONTENT="vägvisare"/><SP WIDTH="11" VPOS="955" HPOS="719"/>
							<String ID="string_139" HPOS="730" VPOS="955" WIDTH="49" HEIGHT="21" WC="0.96" CONTENT="eller"/><SP WIDTH="10" VPOS="955" HPOS="779"/>
							<String ID="string_140" HPOS="789" VPOS="954" WIDTH="84" HEIGHT="28" WC="0.96" CONTENT="spejare"/><SP WIDTH="10" VPOS="954" HPOS="873"/>
							<String ID="string_141" HPOS="883" VPOS="954" WIDTH="69" HEIGHT="22" WC="0.96" CONTENT="bruka"/>
						</TextLine>
						<TextLine ID="line_25" HPOS="342" VPOS="989" WIDTH="609" HEIGHT="29">
							<String ID="string_142" HPOS="342" VPOS="989" WIDTH="33" HEIGHT="27" WC="0.96" CONTENT="sig"/><SP WIDTH="19" VPOS="989" HPOS="375"/>
							<String ID="string_143" HPOS="394" VPOS="989" WIDTH="27" HEIGHT="27" WC="0.95" CONTENT="af"/><SP WIDTH="15" VPOS="989" HPOS="421"/>
							<String ID="string_144" HPOS="436" VPOS="989" WIDTH="92" HEIGHT="28" WC="0.95" CONTENT="fienden,"/><SP WIDTH="16" VPOS="989" HPOS="528"/>
							<String ID="string_145" HPOS="544" VPOS="990" WIDTH="52" HEIGHT="22" WC="0.96" CONTENT="eller"/><SP WIDTH="18" VPOS="990" HPOS="596"/>
							<String ID="string_146" HPOS="614" VPOS="991" WIDTH="23" HEIGHT="20" WC="0.96" CONTENT="åt"/><SP WIDTH="18" VPOS="991" HPOS="637"/>
							<String ID="string_147" HPOS="655" VPOS="990" WIDTH="76" HEIGHT="22" WC="0.93" CONTENT="honom"/><SP WIDTH="16" VPOS="990" HPOS="731"/>
							<String ID="string_148" HPOS="747" VPOS="989" WIDTH="115" HEIGHT="28" WC="0.90" CONTENT="anskaffar"/><SP WIDTH="17" VPOS="989" HPOS="862"/>
							<String ID="string_149" HPOS="879" VPOS="990" WIDTH="72" HEIGHT="28" WC="0.91" CONTENT="vägvi-"/>
						</TextLine>
						<TextLine ID="line_26" HPOS="342" VPOS="1025" WIDTH="609" HEIGHT="28">
							<String ID="string_150" HPOS="342" VPOS="1031" WIDTH="49" HEIGHT="15" WC="0.92" CONTENT="sare"/><SP WIDTH="19" VPOS="1031" HPOS="391"/>
							<String ID="string_151" HPOS="410" VPOS="1025" WIDTH="53" HEIGHT="22" WC="0.95" CONTENT="eller"/><SP WIDTH="14" VPOS="1025" HPOS="463"/>
							<String ID="string_152" HPOS="477" VPOS="1025" WIDTH="88" HEIGHT="28" WC="0.96" CONTENT="spejare,"/><SP WIDTH="17" VPOS="1025" HPOS="565"/>
							<String ID="string_153" HPOS="582" VPOS="1025" WIDTH="51" HEIGHT="22" WC="0.96" CONTENT="eller"/><SP WIDTH="15" VPOS="1025" HPOS="633"/>
							<String ID="string_154" HPOS="648" VPOS="1025" WIDTH="72" HEIGHT="27" WC="0.96" CONTENT="bistår,"/><SP WIDTH="16" VPOS="1025" HPOS="720"/>
							<String ID="string_155" HPOS="736" VPOS="1026" WIDTH="65" HEIGHT="27" WC="0.96" CONTENT="hyser"/><SP WIDTH="16" VPOS="1026" HPOS="801"/>
							<String ID="string_156" HPOS="817" VPOS="1025" WIDTH="51" HEIGHT="22" WC="0.95" CONTENT="eller"/><SP WIDTH="16" VPOS="1025" HPOS="868"/>
							<String ID="string_157" HPOS="884" VPOS="1025" WIDTH="67" HEIGHT="28" WC="0.81" CONTENT="döljer"/>
						</TextLine>
						<TextLine ID="line_27" HPOS="341" VPOS="1060" WIDTH="207" HEIGHT="29">
							<String ID="string_158" HPOS="341" VPOS="1060" WIDTH="97" HEIGHT="26" WC="0.95" CONTENT="fiendens"/><SP WIDTH="16" VPOS="1060" HPOS="438"/>
							<String ID="string_159" HPOS="454" VPOS="1061" WIDTH="94" HEIGHT="28" WC="0.96" CONTENT="spejare;"/>
						</TextLine>
					</TextBlock>
					<TextBlock ID="block_7" HPOS="342" VPOS="1096" WIDTH="613" HEIGHT="99">
						<TextLine ID="line_28" HPOS="413" VPOS="1096" WIDTH="542" HEIGHT="28">
							<String ID="string_160" HPOS="413" VPOS="1096" WIDTH="86" HEIGHT="27" WC="0.92" CONTENT="straffes"/><SP WIDTH="22" VPOS="1096" HPOS="499"/>
							<String ID="string_161" HPOS="521" VPOS="1096" WIDTH="35" HEIGHT="27" WC="0.96" CONTENT="för"/><SP WIDTH="21" VPOS="1096" HPOS="556"/>
							<String ID="string_162" HPOS="577" VPOS="1097" WIDTH="171" HEIGHT="27" WC="0.95" CONTENT="landsförräderi"/><SP WIDTH="19" VPOS="1097" HPOS="748"/>
							<String ID="string_163" HPOS="767" VPOS="1097" WIDTH="48" HEIGHT="22" WC="0.95" CONTENT="med"/><SP WIDTH="19" VPOS="1097" HPOS="815"/>
							<String ID="string_164" HPOS="834" VPOS="1096" WIDTH="121" HEIGHT="27" WC="0.95" CONTENT="dödsstraff"/>
						</TextLine>
						<TextLine ID="line_29" HPOS="342" VPOS="1131" WIDTH="609" HEIGHT="29">
							<String ID="string_165" HPOS="342" VPOS="1131" WIDTH="52" HEIGHT="22" WC="0.96" CONTENT="eller"/><SP WIDTH="17" VPOS="1131" HPOS="394"/>
							<String ID="string_166" HPOS="411" VPOS="1132" WIDTH="48" HEIGHT="21" WC="0.93" CONTENT="med"/><SP WIDTH="18" VPOS="1132" HPOS="459"/>
							<String ID="string_167" HPOS="477" VPOS="1132" WIDTH="88" HEIGHT="22" WC="0.92" CONTENT="tukthus"/><SP WIDTH="15" VPOS="1132" HPOS="565"/>
							<String ID="string_168" HPOS="580" VPOS="1133" WIDTH="32" HEIGHT="27" WC="0.93" CONTENT="på"/><SP WIDTH="16" VPOS="1133" HPOS="612"/>
							<String ID="string_169" HPOS="628" VPOS="1132" WIDTH="71" HEIGHT="27" WC="0.89" CONTENT="lifstid"/><SP WIDTH="16" VPOS="1132" HPOS="699"/>
							<String ID="string_170" HPOS="715" VPOS="1133" WIDTH="50" HEIGHT="21" WC="0.95" CONTENT="eller"/><SP WIDTH="14" VPOS="1133" HPOS="765"/>
							<String ID="string_171" HPOS="779" VPOS="1132" WIDTH="53" HEIGHT="27" WC="0.96" CONTENT="från"/><SP WIDTH="16" VPOS="1132" HPOS="832"/>
							<String ID="string_172" HPOS="848" VPOS="1133" WIDTH="37" HEIGHT="20" WC="0.96" CONTENT="och"/><SP WIDTH="20" VPOS="1133" HPOS="885"/>
							<String ID="string_173" HPOS="905" VPOS="1132" WIDTH="46" HEIGHT="21" WC="0.96" CONTENT="med"/>
						</TextLine>
						<TextLine ID="line_30" HPOS="342" VPOS="1167" WIDTH="306" HEIGHT="28">
							<String ID="string_174" HPOS="342" VPOS="1174" WIDTH="38" HEIGHT="14" WC="0.95" CONTENT="sex"/><SP WIDTH="15" VPOS="1174" HPOS="380"/>
							<String ID="string_175" HPOS="395" VPOS="1167" WIDTH="34" HEIGHT="22" WC="0.95" CONTENT="till"/><SP WIDTH="16" VPOS="1167" HPOS="429"/>
							<String ID="string_176" HPOS="445" VPOS="1167" WIDTH="38" HEIGHT="23" WC="0.96" CONTENT="och"/><SP WIDTH="15" VPOS="1167" HPOS="483"/>
							<String ID="string_177" HPOS="498" VPOS="1168" WIDTH="47" HEIGHT="22" WC="0.93" CONTENT="med"/><SP WIDTH="15" VPOS="1168" HPOS="545"/>
							<String ID="string_178" HPOS="560" VPOS="1167" WIDTH="43" HEIGHT="28" WC="0.90" CONTENT="tolf"/><SP WIDTH="13" VPOS="1167" HPOS="603"/>
							<String ID="string_179" HPOS="616" VPOS="1169" WIDTH="32" HEIGHT="21" WC="0.96" CONTENT="år."/>
						</TextLine>
					</TextBlock>
					<TextBlock ID="block_8" HPOS="414" VPOS="1203" WIDTH="260" HEIGHT="28">
						<TextLine ID="line_31" HPOS="414" VPOS="1203" WIDTH="260" HEIGHT="28">
							<String ID="string_180" HPOS="414" VPOS="1203" WIDTH="83" HEIGHT="22" WC="0.96" CONTENT="Försök"/><SP WIDTH="16" VPOS="1203" HPOS="497"/>
							<String ID="string_181" HPOS="513" VPOS="1206" WIDTH="25" HEIGHT="19" WC="0.96" CONTENT="är"/><SP WIDTH="16" VPOS="1206" HPOS="538"/>
							<String ID="string_182" HPOS="554" VPOS="1203" WIDTH="120" HEIGHT="28" WC="0.96" CONTENT="straffbart."/>
						</TextLine>
					</TextBlock>
				</ComposedBlock>
				<ComposedBlock ID="cblock_3" HPOS="341" VPOS="1275" WIDTH="610" HEIGHT="147">
					<TextBlock ID="block_9" HPOS="341" VPOS="1275" WIDTH="610" HEIGHT="147">
						<TextLine ID="line_32" HPOS="622" VPOS="1275" WIDTH="50" HEIGHT="27">
							<String ID="string_183" HPOS="622" VPOS="1275" WIDTH="15" HEIGHT="21" WC="0.87" CONTENT="3"/><SP WIDTH="15" VPOS="1275" HPOS="637"/>
							<String ID="string_184" HPOS="652" VPOS="1276" WIDTH="20" HEIGHT="26" WC="0.87" CONTENT="$."/>
						</TextLine>
						<TextLine ID="line_33" HPOS="412" VPOS="1322" WIDTH="539" HEIGHT="28">
							<String ID="string_185" HPOS="412" VPOS="1322" WIDTH="73" HEIGHT="22" WC="0.95" CONTENT="Finsk"/><SP WIDTH="24" VPOS="1322" HPOS="485"/>
							<String ID="string_186" HPOS="509" VPOS="1329" WIDTH="51" HEIGHT="15" WC="0.94" CONTENT="man"/><SP WIDTH="28" VPOS="1329" HPOS="560"/>
							<String ID="string_187" HPOS="588" VPOS="1322" WIDTH="52" HEIGHT="22" WC="0.94" CONTENT="eller"/><SP WIDTH="24" VPOS="1322" HPOS="640"/>
							<String ID="string_188" HPOS="664" VPOS="1329" WIDTH="77" HEIGHT="15" WC="0.93" CONTENT="annan"/><SP WIDTH="29" VPOS="1329" HPOS="741"/>
							<String ID="string_189" HPOS="770" VPOS="1322" WIDTH="78" HEIGHT="28" WC="0.85" CONTENT="Ryska"/><SP WIDTH="27" VPOS="1322" HPOS="848"/>
							<String ID="string_190" HPOS="875" VPOS="1322" WIDTH="76" HEIGHT="21" WC="0.92" CONTENT="Rikets"/>
						</TextLine>
						<TextLine ID="line_34" HPOS="342" VPOS="1358" WIDTH="609" HEIGHT="28">
							<String ID="string_191" HPOS="342" VPOS="1358" WIDTH="122" HEIGHT="28" WC="0.92" CONTENT="undersäte,"/><SP WIDTH="17" VPOS="1358" HPOS="464"/>
							<String ID="string_192" HPOS="481" VPOS="1358" WIDTH="86" HEIGHT="22" WC="0.92" CONTENT="hvilken"/><SP WIDTH="21" VPOS="1358" HPOS="567"/>
							<String ID="string_193" HPOS="588" VPOS="1358" WIDTH="134" HEIGHT="26" WC="0.92" CONTENT="annorledes,"/><SP WIDTH="16" VPOS="1358" HPOS="722"/>
							<String ID="string_194" HPOS="738" VPOS="1360" WIDTH="29" HEIGHT="20" WC="0.96" CONTENT="än"/><SP WIDTH="20" VPOS="1360" HPOS="767"/>
							<String ID="string_195" HPOS="787" VPOS="1365" WIDTH="33" HEIGHT="15" WC="0.91" CONTENT="nu"/><SP WIDTH="20" VPOS="1365" HPOS="820"/>
							<String ID="string_196" HPOS="840" VPOS="1358" WIDTH="63" HEIGHT="28" WC="0.89" CONTENT="sagdt"/><SP WIDTH="16" VPOS="1358" HPOS="903"/>
							<String ID="string_197" HPOS="919" VPOS="1360" WIDTH="32" HEIGHT="24" WC="0.96" CONTENT="är,"/>
						</TextLine>
						<TextLine ID="line_35" HPOS="341" VPOS="1392" WIDTH="610" HEIGHT="30">
							<String ID="string_198" HPOS="341" VPOS="1394" WIDTH="138" HEIGHT="28" WC="0.96" CONTENT="uppsåtligen"/><SP WIDTH="19" VPOS="1394" HPOS="479"/>
							<String ID="string_199" HPOS="498" VPOS="1393" WIDTH="66" HEIGHT="23" WC="0.95" CONTENT="bistår"/><SP WIDTH="18" VPOS="1393" HPOS="564"/>
							<String ID="string_200" HPOS="582" VPOS="1394" WIDTH="91" HEIGHT="27" WC="0.95" CONTENT="fienden,"/><SP WIDTH="17" VPOS="1394" HPOS="673"/>
							<String ID="string_201" HPOS="690" VPOS="1394" WIDTH="51" HEIGHT="22" WC="0.93" CONTENT="eller"/><SP WIDTH="14" VPOS="1394" HPOS="741"/>
							<String ID="string_202" HPOS="755" VPOS="1394" WIDTH="86" HEIGHT="26" WC="0.96" CONTENT="fienden"/><SP WIDTH="17" VPOS="1394" HPOS="841"/>
							<String ID="string_203" HPOS="858" VPOS="1393" WIDTH="32" HEIGHT="21" WC="0.93" CONTENT="till"/><SP WIDTH="16" VPOS="1393" HPOS="890"/>
							<String ID="string_204" HPOS="906" VPOS="1392" WIDTH="45" HEIGHT="28" WC="0.91" CONTENT="för-"/>
						</TextLine>
					</TextBlock>
				</ComposedBlock>
			</PrintSpace>
		</Page>
	</Layout>
</alto>
