1061 1681
247 96 26 21 14
362 96 96 25 Ständ.
478 96 47 24 Sv.
545 110 34 4 —
598 96 83 30 Prop.
701 96 53 24 N:o
774 102 39 24 23.

215 162 75 20 teckna
312 162 130 26 statskicket,
459 162 47 21 eller
522 162 41 21 den
579 162 5 20 i
601 162 105 26 grundlag
721 161 111 21 faststälda
848 162 116 26 ordningen

215 198 32 20 för
263 198 123 21 utöfvandet
402 198 24 20 af
440 199 26 19 de
480 198 113 26 vigtigaste
609 198 84 25 statliga
709 197 155 21 funktionerna.

531 311 28 18 12
578 304 69 31 Kap.

284 370 30 20 Af
334 371 53 25 skäl,
407 376 49 15 som
478 370 87 26 tidigare
581 369 81 21 anförts
681 369 130 20 beträffande
832 370 131 25 nödvändig-

215 405 62 20 heten
301 408 30 18 att
350 407 68 19 ändra
441 412 26 14 en
492 407 32 19 del
539 406 6 19 i
561 405 136 26 lagförslaget
712 405 100 20 använda
827 408 82 23 termer,
925 407 38 19 har

215 441 41 20 den
266 441 87 26 lydelse,
369 442 99 19 rubriken
484 441 27 20 till
528 442 57 19 detta
600 441 76 26 kapitel
693 441 6 20 i
716 441 40 20 den
772 441 78 26 nådiga
866 442 95 25 proposi-

215 477 72 20 tionen
302 477 86 26 erhållit,
405 477 45 20 icke
466 477 81 20 kunnat
563 477 129 20 oförändrad
707 476 121 21 bibehållas.
851 477 48 20 Men
915 483 48 14 som

215 512 99 26 samtliga
336 513 25 20 de
385 513 6 20 i
407 513 57 20 detta
478 513 77 26 kapitel
570 512 90 20 berörda
675 513 74 25 slagen
765 512 23 20 af
802 512 161 27 statsförbrytel-

215 553 34 14 ser
272 547 42 21 låta
337 548 89 21 hänföra
450 549 32 25 sig
503 549 67 19 under
585 548 114 25 begreppet
714 548 169 26 landsförräderi,
899 549 64 20 hafva

215 582 119 21 Ständerna
353 583 69 20 funnit
438 584 97 19 rubriken
552 584 27 19 till
595 583 86 26 kapitlet
696 584 80 25 kunna,
793 584 5 19 i
815 584 83 25 analogi
915 584 48 20 med

215 619 98 20 rubriken
328 619 28 20 till
372 620 96 19 närmast
483 619 127 26 föregående
625 619 83 26 kapitel,
724 619 42 20 helt
777 619 47 20 kort
835 619 84 21 affattas
929 619 34 20 så-

214 654 74 20 lunda:
306 653 56 25 ,,Om
379 655 202 26 landsförräderi".

286 689 7 20 I
309 690 26 20 de
350 690 30 20 uti
399 690 18 25 1,
441 690 6 20 2
464 691 40 19 och
520 690 13 21 3
549 689 24 27 $$
589 690 174 21 förekommande
774 690 189 30 straffbestämnin-

214 730 68 20 garna
298 725 38 20 har
352 726 41 19 den
412 726 87 20 formela
517 726 90 25 ändring
617 728 35 24 egt
663 732 53 19 rum,
728 728 30 18 att
769 727 65 19 orden
844 726 44 26 ,,på
898 726 67 20 minst

214 766 40 14 sex
275 761 42 20 är"
341 761 81 26 utbytts
446 764 57 17 emot
525 777 5 8 ,
533 761 60 26 från
617 761 38 21 och
679 761 50 20 med
751 768 39 13 sex
811 761 35 20 till
861 761 37 20 och
914 761 51 20 med

215 795 46 27 volf
272 796 48 20 år".

283 832 69 20 Jemte
366 833 64 19 dessa
445 833 113 25 ändringar
573 833 41 20 och
630 833 32 24 de,
679 838 47 15 som
742 833 55 25 gälla
808 833 153 25 terminologin,

214 866 65 21 hafva
294 867 120 20 Ständerna
429 869 58 19 ännu
503 868 88 25 vidtagit
606 868 100 25 följande:

274 902 36 20 Uti
326 902 14 21 5
350 902 13 26 8
373 904 39 19 har
428 904 58 19 ordet
499 903 98 26 ,,vyska**
608 903 82 26 (Ryska
700 902 80 27 Rikets)
790 903 73 20 såsom
873 904 90 19 bestäm-

214 937 51 26 ning
288 938 28 20 till
338 937 183 28 ,,Ariesmakten*
541 941 80 18 ansetts
645 939 73 20 kunna
741 939 75 20 såsom
832 939 132 26 öfverflödigt

213 973 103 26 bortfalla,
340 974 27 19 då
386 974 24 19 af
423 974 136 26 paragrafens
575 975 91 19 innehåll
683 974 119 26 otvetydigt
818 974 98 26 framgår,
933 976 30 18 att

214 1009 38 20 här
268 1009 45 20 icke
328 1010 24 19 är
371 1009 60 26 fråga
447 1015 35 14 om
498 1016 72 13 annan
585 1010 118 25 krigsmakt
718 1011 28 18 än
762 1010 69 20 rikets.

284 1044 157 27 Beteckningen
462 1061 6 8 ,
470 1045 203 26 fäderneslandet"
691 1046 5 19 i
714 1044 11 21 7
742 1045 13 26 8
770 1046 38 19 har
824 1047 61 24 synts
902 1045 60 20 Stän-

213 1079 66 20 derna
292 1080 53 20 böra
360 1081 88 25 utbytas
464 1083 56 18 emot
535 1096 14 8 ,,
551 1080 89 24 Riket,
657 1081 28 20 då
700 1081 140 20 förenämnda
850 1081 39 20 ord
899 1081 64 25 enligt

213 1115 35 20 det
263 1115 6 20 i
285 1115 89 20 Finland
389 1116 99 25 gällande
503 1116 139 26 språkbruket
657 1117 43 20 kan
718 1116 65 20 hafva
799 1116 98 20 afseende
912 1116 52 20 blott

212 1150 29 25 på
256 1150 96 26 Finland,
372 1152 42 19 och
430 1152 48 19 dess
494 1152 108 26 betydelse
619 1152 48 20 med
683 1152 25 20 så
724 1152 86 25 mycket
826 1151 81 20 mindre
917 1151 46 20 skäl

212 1186 39 20 här
274 1186 72 20 kunde
369 1188 120 19 utsträckas
505 1188 28 19 till
549 1188 35 20 det
599 1188 130 20 omfattande
745 1188 115 25 begreppet
876 1186 87 26 ,,riket'',

212 1227 49 15 som
276 1222 66 20 redan
357 1228 27 14 en
400 1222 24 20 af
437 1223 100 20 Finlands
547 1223 113 25 vigtigaste
677 1223 65 25 lagar,
759 1222 204 26 Värnepligtslagen,

212 1257 30 19 uti
266 1258 127 25 paragrafer,
419 1259 71 19 hvilka
508 1259 114 19 tillerkänts
645 1258 189 26 grundlagshelgd,
856 1258 108 20 använder

212 1293 60 19 ordet
289 1292 196 26 ,,fäderneslandet"
502 1294 5 20 i
524 1294 65 20 ofvan
604 1294 96 26 antydda
715 1294 115 25 betydelse.

282 1328 7 20 I
305 1328 14 20 8
334 1328 13 26 &
362 1329 39 20 har
417 1331 81 18 termen
512 1329 144 27 ,,Ryssland"
673 1329 66 20 blifvit
755 1329 80 20 ändrad
852 1328 28 20 till
895 1328 68 27 ,,Kej-

212 1363 126 21 saredömet
359 1364 56 20 eller
438 1364 231 24 Storfurstendömet",
695 1365 91 19 emedan
809 1363 12 26 8
844 1369 77 15 annars
945 1364 17 25 ej

211 1404 52 14 vore
279 1399 109 26 tillämplig
404 1400 14 20 å
434 1401 54 20 brott
504 1400 23 20 af
540 1401 26 19 de
581 1400 6 20 i
604 1401 127 19 densamma
747 1400 90 20 anförda
847 1400 53 25 slag,
912 1399 5 20 i
928 1399 35 20 fall
