1036 1695
393 141 44 24 N:o
458 143 39 22 20.
780 142 12 20 5

67 215 63 16 neras
145 209 32 21 till
193 209 288 21 kommunikationsfondens
497 209 157 26 förstärkande,
675 209 47 21 med
737 209 87 26 bemyn-

67 243 91 28 digande
181 244 34 20 att
237 243 65 21 redan
327 243 69 21 nnder
420 244 23 20 är
464 244 49 20 1891
538 243 22 20 af
573 243 145 21 nästnämnda
741 249 82 14 summa

67 278 99 21 använda
181 279 32 19 ett
228 277 77 27 belopp
323 277 22 21 af
360 279 7 18 1
387 277 71 27 miljon
475 277 61 21 mark
551 276 33 22 för
599 277 85 21 arbetet
695 278 12 20 ä
718 277 104 21 bandelen

67 311 312 27 Tammerfors
217 307 10 35 —
242 311 137 27 Björneborg,
404 313 51 19 cnär
479 312 60 20 detta
561 311 80 26 arbete,
658 311 5 20 i
680 311 143 21 betraktande

69 346 22 21 af
113 347 25 20 de
161 348 60 19 stora
243 345 96 27 utgifter,
361 352 45 15 som
423 345 123 22 aflönandet
563 345 22 21 af
598 345 122 27 ingeniörer
736 345 38 21 och
790 352 34 14 ar-

67 381 121 21 betsledare
210 380 88 26 medför,
321 381 47 20 icke
394 381 42 20 kan
460 380 135 21 ekonomiskt
618 380 82 21 utföras
723 379 48 22 med
787 380 37 21 det

65 414 154 27 jemförelsevis
235 414 62 26 ringa
313 414 75 27 anslag
404 414 23 21 af
443 415 111 25 1,600,000
570 414 67 26 mark,
654 420 45 15 som
709 414 69 21 blifvit
793 414 31 20 till

67 448 139 22 hedrifvande
229 448 22 21 af
272 448 84 21 arbetet
379 448 68 21 under
467 448 145 21 innevarande
628 447 145 28 finansperiod
788 448 35 21 be-

68 483 80 28 viljadt.

136 513 108 32 Derjemtö
267 517 38 21 och
323 524 46 15 som
389 517 76 21 endast
481 519 78 20 räntan
576 517 13 21 &
605 517 219 28 lagmanstingsgäst-

67 552 146 27 ningsfonden
233 553 96 20 kommer
344 552 32 21 till
392 552 138 27 användning
544 552 36 21 vid
595 552 128 27 tidpunkten
740 551 33 22 för
788 558 35 21 ge-

68 586 149 21 nomförandet
237 585 23 22 af
276 585 114 28 ifrågasatt
409 585 77 22 reform
505 586 23 21 af
540 586 86 21 landets
638 587 184 26 justitieväsende,

67 621 40 20 har
129 620 60 21 Hans
212 620 118 27 Kejserliga
352 621 109 26 Majestät,
482 623 52 18 enär
552 620 83 21 således
655 621 143 27 tillgångarna
817 621 6 20 i

67 655 78 21 fonden
169 661 64 20 synas
256 655 73 20 kunna
352 656 53 19 utan
429 655 113 26 olägenhet
564 655 33 21 för
620 655 124 22 densamma
767 656 57 20 emot

67 690 64 20 ränta
146 689 115 20 öfverlåtas
281 689 31 20 till
333 689 283 26 kommunikationsfonden,
632 689 58 21 velat
705 689 70 22 tillåta
791 691 33 19 att

69 724 62 20 dessa
146 723 114 27 tillgångar
276 723 68 20 under
360 723 24 20 år
403 724 59 25 1893,
479 723 28 21 då
522 724 26 20 de
564 723 47 21 med
625 724 113 26 upplupna
748 725 76 20 räntor

69 758 62 21 ökats
154 757 32 21 till
209 757 97 26 omkring
330 758 112 25 3,800,000
461 758 68 25 mark,
546 758 66 20 varda
628 758 32 20 till
676 758 147 21 kommunika-

69 791 135 22 tionsfonden
228 792 69 20 såsom
320 791 35 21 län
375 791 122 22 öfverförda
516 794 56 19 cmot
588 793 199 26 räntegodtgörelse
804 792 22 21 af

68 828 12 19 4
97 828 26 24 9/,
139 833 33 14 om
189 827 52 25 året,
258 826 152 21 motsvarande
427 826 147 27 ungefärligen
591 827 41 20 den
648 828 114 25 räntesats,
779 827 45 26 lag-

68 859 310 28 manstingsgästningsfonden
394 860 85 27 uppbär
490 861 13 20 ä
512 861 7 20 i
529 860 79 22 fonden
619 861 141 21 innestäende
771 860 52 22 obli-

69 894 105 27 gationer.

136 929 83 21 Medlen
243 930 33 19 att
298 929 92 21 betäcka
412 929 41 21 den
473 928 40 22 här
533 929 62 21 ofvan
612 931 112 25 upptagna
739 929 85 27 utgifts-

69 970 97 14 summan
182 963 23 21 af
219 964 126 26 40,362,8516
362 964 61 20 mark
439 964 64 21 ställa
518 964 32 27 sig
566 964 64 21 alltså
645 970 45 15 som
705 964 72 26 följer:

71 998 40 27 1:0)
127 998 114 20 Beräknad
257 998 89 27 tillgång
359 998 31 20 till
402 999 24 19 är
440 999 60 25 1892,
512 998 66 27 enligt
588 998 31 21 bi-

137 1032 75 27 fogade
228 1032 71 27 kalkyl
328 1049 2 4 <
362 1049 4 4 .
398 1050 4 3 co
435 1050 3 3 <
507 1050 111 4 00.
643 1034 131 25 13,488,147:
790 1034 34 19 02.

70 1068 42 26 2:0)
128 1067 188 21 Nettoinkomsten
333 1066 23 22 af
370 1067 162 21 nedanstäende
547 1067 72 21 bevill-

138 1102 86 26 ningar
213 1098 15 34 :

172 1136 21 26 a)
210 1136 208 26 stämpelbevillning
433 1136 6 20 i

243 1170 62 27 årligt
321 1170 117 22 medeltal
437 1166 12 36 .
477 1172 98 22 820,000:
594 1184 23 2 —

172 1205 19 27 b)
216 1205 214 27 näringsbevillning,

243 1239 52 21 do.
363 1256 75 4 L.
493 1241 83 24 30,000:
595 1253 23 2 —

172 1274 19 26 e)
211 1273 114 27 bevillning
334 1273 33 21 för
378 1274 63 21 malt-

243 1308 94 27 drycker,
355 1308 47 21 d:o.
435 1325 4 4 .
479 1309 97 26 650,000:
595 1321 22 2 —

172 1343 22 27 d)
210 1343 115 27 bevillning
340 1343 33 20 för
384 1343 56 27 spel-

242 1378 55 26 kort,
314 1378 34 21 d:o
362 1395 4 3 .
399 1395 3 3 .
435 1395 4 4 .
495 1380 81 24 13,000:
595 1391 23 2 —

459 1419 118 26 1,513,000:
