1056 1695
285 131 2 2 *
302 136 84 23 Ständ.
402 137 39 22 Sv.
458 149 27 2 —
501 136 75 28 Prop.
592 136 45 23 N:o
653 137 37 22 19.
830 139 11 18 7

116 199 42 20 och
175 203 26 22 50
216 199 59 20 mark
291 189 37 30 för
339 199 187 20 landskommuner
533 199 50 20 med
591 200 37 19 tvä
637 199 51 21 eller
696 199 51 20 flera
756 199 79 20 skolor.
844 211 27 2 —

115 233 34 21 Då
178 233 66 26 enligt
269 233 118 20 statistiska
416 233 111 26 uppgifter
554 233 32 20 för
611 233 93 20 läseäret
732 233 139 26 1889—1890

115 267 81 20 antalet
218 267 187 20 landskommuner
427 267 50 20 med
493 273 27 14 en
535 266 61 21 skola
612 267 100 26 utgjorde
730 272 45 21 179,
792 267 77 20 medan

115 306 41 21 217
179 301 186 20 landskommuner
388 301 56 26 egde
466 301 37 20 tvä
526 300 50 21 eller
594 301 51 20 flera
661 301 125 24 folkskolor,
803 301 67 20 skulle

115 335 98 26 anslaget
236 335 32 20 för
283 335 93 20 nämnda
391 335 68 20 läseär
475 334 67 27 enligt
557 335 97 26 antydda
670 334 199 27 beräkningsgrund

114 369 76 27 belöpt
213 370 33 25 sig
267 369 31 20 till
323 373 72 22 15,325
420 368 66 21 mark.
516 369 52 20 Med
584 369 85 26 hänsyn
684 369 32 20 till
731 369 41 20 den
788 369 81 20 snabba

114 403 115 21 tillväxten
252 405 20 18 at
288 403 158 20 folkskolornas
462 403 58 20 antal
534 403 65 20 hafva
614 403 122 20 Ständerna
751 406 71 17 ansett
837 406 32 17 ett

115 437 74 27 anslag
211 437 25 21 af
256 442 74 21 17,000
353 437 60 20 mark
435 443 36 14 om
493 437 51 24 äret,
561 436 50 21 eller
627 437 74 20 inalles
718 441 76 21 51,000
809 436 60 21 mark

114 472 66 20 under
203 472 107 20 närmaste
325 471 166 27 budgetperiod,
510 478 51 13 vara
577 470 32 21 för
624 470 164 27 ifrägavarande
803 471 65 20 ända-

114 506 41 20 mål
178 505 110 27 behöfligt,
311 505 42 21 och
375 505 21 21 få
418 505 121 21 Ständerna
562 504 132 21 fördenskull
715 505 153 27 underdänigst

114 540 93 20 anmäla:

387 606 33 17 att
436 602 124 22 Ständerna
569 604 44 26 för
626 602 176 27 budgetperioden
810 602 57 27 1892

318 636 88 28 —1894
420 637 97 26 anslagit
531 644 24 13 en
570 644 85 13 summa
670 638 30 26 af
708 642 80 21 51,000
805 636 62 20 mark

318 670 37 21 till
374 671 123 21 inrättande
518 671 10 20 i
548 671 217 21 landskommunerna
792 671 30 27 af
840 670 26 20 bi

318 704 75 21 bliotek
402 706 44 26 för
453 705 172 27 folkskollärare
640 705 38 21 och
693 705 138 21 -lärarinnor.

181 881 226 28 Folkskolebudgeten
422 881 32 22 för
470 883 50 20 ären
538 883 60 25 1892,
617 883 53 26 1893
686 882 42 21 och
746 882 54 26 1894
815 881 50 21 stäl-

112 916 30 20 ler
158 917 33 26 sig
206 916 66 27 enligt
288 916 155 21 ofvanstäende
458 916 230 27 anslagsberäkningar
704 915 96 22 sälunda:

112 978 83 27 Anslag
210 979 30 20 till
256 979 108 20 underhåll
380 979 24 20 af
416 979 112 21 städernas
544 979 127 20 folkskolor.
699 974 15 36 =
723 979 98 26 843,000:
840 991 18 1 —

147 1029 11 8 5
211 1013 30 20 till
257 1013 109 21 underhåll
376 1013 24 20 af
407 1013 146 21 folkskolorna
562 1014 28 27 pä
598 1013 74 21 landet
702 1013 118 26 2,364,000:
838 1025 26 2 —

146 1063 12 9 »
179 1043 13 35 =
210 1047 31 21 till
262 1047 194 27 löneförhöjningar
471 1048 22 20 ät
508 1047 162 21 folkskollärare

213 1082 41 20 och
274 1082 124 20 -lärarinnor
413 1082 29 26 pä
457 1081 73 21 landet
560 1098 4 4 .
596 1098 4 4 .
632 1098 3 4 .
667 1098 4 4 .
722 1086 98 20 210,000:
836 1092 27 3 —

146 1131 12 9 »
177 1111 15 35 =
210 1115 32 21 till
256 1116 152 26 pensionering
423 1116 25 20 af
460 1116 110 20 desamma
596 1132 4 4 .
632 1132 4 4 .
668 1132 3 3 .
739 1120 81 21 39,000:
837 1127 26 2 —

110 1149 80 27 Bidrag
212 1149 31 21 till
258 1149 79 21 fonden
352 1150 33 20 för
397 1151 153 26 pensionering
558 1150 24 20 af
587 1150 83 20 städer-

212 1190 38 14 nas
266 1184 160 20 folkskollärare
442 1184 43 20 och
500 1184 125 20 -lärarinnor
665 1200 4 4 =.
735 1183 84 25 60,000:
836 1195 26 2 —

109 1216 84 28 Anslag
214 1218 32 20 till
264 1218 178 26 öfverstyrelsens
466 1218 32 20 för
516 1218 153 21 skolväsendet

212 1252 127 27 förfogande
364 1252 32 20 för
421 1252 117 21 understöd
564 1253 21 20 ät
608 1252 60 26 sjuka

211 1285 161 21 folkskollärare
387 1286 41 20 och
444 1286 126 21 -lärarinnor
592 1302 3 4 .
628 1302 4 4 .
663 1302 3 3 .
735 1290 82 21 30,000:
835 1297 26 2 —

108 1319 80 28 Bidrag
202 1320 31 20 till
248 1320 135 27 uppförande
398 1320 25 20 af
435 1320 161 20 folkskolehus.
629 1336 3 4 .
664 1336 4 4 .
734 1324 84 21 90,000:
835 1331 27 2 —

108 1352 84 28 Anslag
214 1354 30 21 till
267 1354 120 21 inrättande
407 1354 25 21 af
446 1354 104 21 bibliotek
566 1354 32 20 för
614 1353 54 21 folk-

210 1388 116 20 skollärare
348 1388 42 20 och
414 1388 124 21 -lärarinnor
554 1389 28 26 pä
598 1388 72 20 landet
737 1392 82 21 51,000:
836 1399 26 2 —

515 1427 86 21 Summa
618 1428 54 20 Fmk
701 1429 117 25 3,687,000:
835 1439 27 2 —
