1061 1692
298 104 28 22 U.
343 104 26 22 B.
387 118 28 2 —
431 104 71 28 Prop.
519 104 44 23 N:o
579 104 38 22 24.
777 108 27 19 23

298 163 15 22 I
327 163 73 22 dessa
414 163 203 29 förteckningar
633 164 36 22 bör
684 164 116 29 uppgifvas
812 165 25 21 de

228 198 46 22 deri
289 198 89 28 införda
390 206 145 21 personernas
551 200 43 21 till-
611 200 37 22 och
657 200 110 27 förnamn,
779 200 57 22 hem-

227 238 40 26 ort,
284 236 122 29 befattning
426 238 64 21 samt
508 236 114 28 födelseår,
637 238 82 21 månad
734 237 37 22 och
788 237 49 28 dag,

227 272 202 27 äfvensomiden
438 273 40 22 uti
488 280 65 15 mom.
567 274 20 26 c)
598 273 169 27 omförmälda
779 273 55 28 fär-

228 307 123 28 teckning
374 308 126 22 dessutom
522 310 103 20 namnet
649 309 13 21 å
685 309 40 21 det
742 308 94 29 fartyg

228 343 81 22 hvarä
328 344 215 27 pämönstringen
567 344 65 21 skett
655 345 55 21 samt
730 344 106 28 fartygets

228 379 180 22 bestämmelseort.

300 414 129 23 Blanketter
453 415 35 22 till
510 415 25 22 de
558 415 9 22 i
588 415 73 22 denna
684 416 15 27 $
722 415 113 22 omnämda

228 450 161 28 förteckningar
399 451 61 22 skola
470 451 154 22 vederbörande
634 451 147 28 myndigheter
791 451 43 22 till-

230 485 150 23 handahällas.

465 553 31 27 $$
512 553 94 21 64—45.

453 594 156 22 Oförändrade.

498 661 16 26 $
529 659 34 22 67.

304 705 62 23 Från
388 707 100 28 mätning
512 707 37 21 och
572 707 121 28 besigtning
709 707 78 27 befrias
803 707 32 28 de,

230 749 44 14 som
296 743 67 27 förete
386 742 95 29 behörigt
497 743 132 21 läkarebevis
645 742 101 29 deröfver,
764 744 31 20 att
811 743 25 21 de

230 778 8 21 i
262 778 105 22 anseende
383 778 34 22 till
433 778 73 28 längd,
524 778 178 28 kroppsbyggnad
717 779 34 21 och
768 778 68 22 helso-

231 814 99 21 tillstånd
346 816 37 19 äro
399 814 34 21 till
449 814 128 28 krigstjenst
593 814 92 28 duglige.

308 850 154 28 Värnepligtig,
477 857 43 15 som
535 850 68 22 vistas
618 852 58 20 utom
687 850 34 22 det
731 850 105 28 uppbåds-

231 885 91 27 område,
345 885 8 21 i
377 886 65 21 hvars
463 886 66 28 längd
549 886 46 22 han
610 888 27 19 är
652 886 79 28 införd,
748 886 36 22 och
799 886 38 21 vid

232 920 84 22 enskild
338 921 164 28 undersökning
523 921 27 27 af
564 921 74 22 läkare
654 922 66 28 enligt
734 921 103 28 gällande

232 956 210 28 besigtningsstadga
468 958 80 20 ansetts
571 964 54 15 vara
651 957 34 21 till
710 957 126 28 krigstjenst

232 992 92 28 oduglig,
346 992 42 27 må,
412 999 32 15 om
468 992 44 22 han
535 992 68 22 inom
626 993 38 21 tid
687 1000 49 14 som
752 992 85 22 nedan

231 1030 73 26 säges
327 1028 33 21 till
383 1028 120 22 hemortens
524 1028 162 28 uppbådsnämd
701 1028 89 22 insändt
806 1028 30 21 lä-

232 1063 78 22 karens
336 1064 63 28 intyg
422 1064 38 22 och
485 1064 97 28 skriftlig
610 1064 104 22 anmälan
737 1071 33 15 om
795 1064 42 21 sin

232 1099 130 22 åstundan
383 1101 39 20 att
443 1100 173 22 annorstädes
636 1100 81 22 varda
732 1100 105 28 besigti-

230 1135 51 27 gad
293 1135 75 27 jemte
384 1135 29 22 de
428 1136 125 27 uppbådade
569 1136 8 21 i
593 1136 35 21 det
643 1136 194 28 lottningsområde,

232 1170 45 22 han
295 1171 9 21 i
318 1171 35 21 sin
369 1172 105 21 anmälan
490 1171 119 29 uppgifvit;
625 1178 48 15 men
689 1171 35 22 bör
740 1172 28 21 då
783 1178 55 15 vara

231 1206 87 27 försedd
322 1207 47 21 med
374 1206 96 29 behörigt
472 1207 116 27 prestbevis
597 1207 58 27 öfver
663 1208 59 21 ålder
727 1207 37 22 och
770 1206 67 28 fräjd.

303 1242 86 22 Sådan
405 1243 123 22 anmälan
543 1243 69 22 skall
625 1246 78 25 göras
712 1242 62 28 före
790 1243 48 21 den

231 1278 31 21 15
286 1278 75 27 Mars,
385 1285 37 15 om
445 1279 150 28 besigtning
615 1279 67 22 inom
702 1279 136 27 Uleåborgs

232 1313 44 23 län
292 1314 132 27 åstundas,
439 1322 55 15 men
509 1315 9 21 i
535 1316 82 21 annat
630 1315 51 27 fall
696 1315 83 21 innan
790 1314 48 21 den

231 1349 12 21 1
262 1350 76 27 april.

307 1385 171 28 Uppbådsnämd,
502 1393 43 14 som
569 1387 116 26 emottager
707 1386 70 21 sådan
799 1392 39 15 an-

230 1420 76 22 mälan
328 1421 94 21 rörande
438 1421 98 22 tilltänkt
552 1421 121 28 besigtning
688 1421 58 22 inom
761 1427 78 16 annan

159 1455 127 23 Lagutskottets
298 1456 106 19 betänkande
417 1456 35 19 N:o
464 1458 30 17 17.
