1061 1703
248 102 26 21 10

431 101 28 22 U.
475 102 27 21 B.
520 115 26 3 —
563 101 74 30 Prop.
652 102 45 23 N:o
712 102 38 22 22.

433 161 148 35 Förordning,
595 161 159 29 innehållande
765 163 65 28 vissa
840 163 124 28 förändra-

361 203 28 27 de
404 203 144 34 stadganden
562 210 35 21 om
607 203 215 34 ändringssökande
832 205 6 26 i
849 203 114 29 brottmål.

430 258 137 27 Härigenom
583 258 82 22 varder
680 258 103 27 stadgadt
798 265 48 15 som
858 259 77 26 följer:

637 319 11 20 1
665 319 20 24 $.

431 359 67 21 Hvad
522 360 8 20 i
553 359 30 21 38
595 359 100 27 punkten
717 359 28 27 af
755 359 153 27 förklaringen
923 360 41 21 den

360 394 29 21 23
412 400 64 16 mars
500 395 57 21 1807
579 396 60 20 samt
653 395 30 21 30
697 395 49 26 kap.
765 395 28 21 19
808 396 14 24 $
837 395 27 21 R.
880 395 34 26 B.,
931 395 33 22 sä-

361 430 56 21 dant
442 430 126 21 sistnämda
593 430 90 27 lagrum
705 430 63 26 lyder
790 430 65 27 enligt
878 431 86 25 förord-

363 466 81 26 ningen
470 466 41 21 den
536 466 29 21 27
587 466 61 27 april
674 466 63 26 1868,
761 466 142 26 föreskrifves
929 472 32 16 om

363 501 121 27 skyldighet
504 502 39 26 för
565 502 48 26 den,
637 508 48 15 som
700 503 28 20 är
743 502 32 21 till
791 502 58 21 böter
861 502 56 26 fäld,
933 504 32 19 att

357 536 39 27 för
412 538 205 27 ändringssökande
633 538 100 21 nedsätta
749 538 151 27 bötesbeloppet
915 539 50 20 eller

358 573 39 26 för
420 573 123 22 detsamma
561 574 66 21 ställa
642 574 79 26 borgen
739 573 51 22 eller
805 573 37 22 ock
856 574 35 20 sin
909 574 56 26 oför-

359 609 112 26 mögenhet
491 609 77 22 därtill
587 609 84 26 styrka,
692 609 56 21 skall
768 609 43 21 icke
831 609 75 21 vidare
927 615 37 20 ega

361 644 157 27 tillämplighet.

640 675 15 20 2
670 676 20 24 $.

433 733 91 21 Allmän
547 732 110 28 åklagare,
682 740 47 14 som
754 734 44 20 har
820 735 32 19 att
867 734 39 20 hos
921 734 44 25 hof-

365 770 47 20 rätt
436 768 16 22 å
475 769 106 26 tjänstens
602 770 87 26 vägnar
710 769 83 27 anföra
816 769 75 21 besvär
915 768 50 22 eller

363 804 85 26 afgifra
470 804 132 28 förklaring,
626 811 35 20 ege
683 806 46 20 rätt
748 806 32 20 att
797 805 102 21 besvären
916 805 50 21 eller

362 840 155 27 förklaringen
532 840 33 22 till
579 840 183 26 advokatfiskalen
777 840 103 26 insända,
886 840 39 26 för
935 842 31 19 att

361 876 33 20 till
411 875 111 27 hofrätten
537 876 124 24 inlämnas;
674 878 52 24 göre
742 876 34 20 det
792 875 52 21 dock
858 874 27 22 sä
896 876 69 26 tidigt,

360 912 33 19 att
414 910 166 27 handlingarna
595 912 41 20 sist
651 911 70 27 dagen
734 911 49 26 före
798 911 48 26 den,
862 910 30 22 dä
908 911 58 21 tiden

359 946 40 26 för
414 946 152 22 inlämnandet
579 946 44 26 gär
639 947 32 21 till
685 946 67 26 ända,
763 945 39 22 mä
812 946 153 26 advokatfiska-

362 982 35 20 len
412 982 202 21 tillkandakomma.

433 1018 74 20 Anser
522 1016 121 27 äklagaren
658 1019 33 25 sig
707 1018 54 20 böra
776 1018 8 20 i
799 1017 121 26 hofrättens
935 1019 31 18 ut-

360 1052 49 27 slag
425 1053 53 20 söka
494 1053 97 26 ändring
607 1053 38 21 och
655 1052 73 27 angär
741 1052 225 27 ändringsansöknin-

361 1093 43 21 gen
427 1088 19 26 ej
468 1088 138 21 uteslutande
621 1087 121 28 åklagaren
756 1088 57 26 själf
824 1087 91 22 ådömdt
930 1093 37 15 an-

362 1129 54 15 svar
439 1124 51 20 eller
512 1123 79 22 honom
615 1123 67 27 älagd
706 1122 260 27 ersättningsskyldighet,

364 1164 54 15 vare
434 1159 122 27 berättigad
570 1160 32 20 att
610 1158 27 27 fä
647 1159 50 21 sina
708 1159 77 21 besvär
794 1158 88 27 ingifna
889 1163 78 21 genom

360 1194 167 26 prokuratorns
542 1195 9 20 i
560 1194 93 22 Senaten
661 1194 97 26 försorg,
767 1194 38 26 för
815 1194 77 20 hvilket
899 1194 68 20 ända-

358 1228 48 22 mål
428 1230 103 20 besvären
554 1230 61 21 skola
635 1231 41 20 sist
691 1236 25 15 en
732 1230 63 20 vecka
808 1229 49 26 före
873 1229 94 21 besvärs-

361 1265 75 21 tidens
451 1264 83 28 utgäng
550 1266 33 20 till
594 1265 154 27 prokuratorn
762 1264 116 22 insändas.

291 1328 114 25 Härjämte
420 1329 33 20 fär
467 1330 114 20 Utskottet
594 1330 124 24 hemställa,

432 1376 32 19 att
489 1374 127 22 Ständerna
632 1375 69 20 tillika
716 1373 67 22 måtte
798 1374 8 20 i
821 1372 147 27 underdänig-

361 1409 34 21 het
410 1410 60 26 gifva
487 1410 32 21 till
533 1410 82 25 känna,
633 1410 34 21 det
683 1409 126 22 Ständerna
825 1408 44 21 icke
883 1408 85 21 kunnat

293 1448 129 23 Lagutskottets
434 1450 106 18 betänkande
553 1449 32 19 N:o
601 1451 24 16 16.
