1061 1700
402 142 44 23 N:o
467 143 39 22 23.
776 142 24 20 11

361 211 46 15 34
431 211 111 19 Kap.

220 250 33 21 Om
270 249 61 26 brott,
348 249 64 21 hvilka
430 249 97 21 innebära
542 249 73 21 allmän
632 249 53 21 fara.

424 295 12 26 8
454 296 32 20 12.

146 330 66 27 Hvar,
232 336 44 15 som
292 329 136 27 uppsätligen
445 329 12 20 &
473 329 79 21 allmän
564 328 101 27 telegraf-
676 329 51 20 eller
743 328 87 21 telefon-

76 365 81 21 anstalt
172 365 52 20 eller
240 364 47 21 dess
303 363 101 21 tillbehör
423 363 93 21 föröfvar
527 363 108 26 handling,
646 363 86 20 hvilken
742 363 88 20 hindrar

75 399 52 21 eller
143 401 44 18 stör
199 398 118 21 anstaltens
328 397 147 27 begagnande,
487 397 85 21 straffes
585 397 48 21 med
644 397 95 27 fängelse
750 397 6 20 i
768 397 62 26 högst

74 433 35 21 två
126 433 31 21 år.

146 463 41 20 För
203 461 98 21 vållande
317 461 32 20 till
365 460 77 22 sådant
458 461 75 21 hinder
544 467 50 14 vare
605 460 84 21 straffet
698 460 60 21 böter
767 460 63 27 högst

76 496 128 21 femhundra
219 497 60 20 mark
296 496 51 21 eller
363 495 94 27 fängelse
474 496 17 26 ej
508 495 59 21 öfver
583 498 31 18 tre
630 495 108 21 månader.

146 531 64 25 Hvar,
236 537 44 15 som
304 531 46 20 icke
369 530 107 27 aflägsnar
492 531 53 20 eller
560 530 19 27 ej
595 531 6 20 i
618 530 32 21 tid
666 529 105 28 aflägsnar
786 530 43 21 far-

75 568 42 24 tyg,
133 565 78 21 fisknät
234 565 51 21 eller
308 567 65 19 annat
389 564 133 28 fiskredskap
537 565 28 27 på
581 565 64 21 minst
660 571 25 15 en
702 565 80 27 sjömils
798 564 32 22 af-

77 600 64 21 stånd
157 600 46 21 från
225 600 167 27 telegraffartyg,
410 606 45 14 som
472 602 24 18 är
512 600 111 26 sysselsatt
639 600 48 21 med
703 600 126 26 utläggning

77 635 52 20 eller
145 634 170 21 iståndsättande
332 634 23 20 af
369 634 69 25 kabel,
462 634 88 21 oaktadt
567 635 25 20 de
609 634 23 21 af
646 634 184 27 telegraffartyget

75 668 95 21 utstälda
192 668 99 27 signaler,
312 668 84 21 straffes
420 668 48 21 med
484 668 61 21 böter
560 668 61 27 högst
638 667 190 22 etthundrafemtio

75 703 67 20 mark.

146 737 45 26 Lag
207 743 81 15 samma
304 744 48 14 vare
369 744 34 14 om
420 737 69 27 någon
506 737 123 22 underlåter
645 740 32 19 att
692 737 26 27 på
730 738 62 21 minst
804 743 25 15 en

74 771 114 26 fjerdedels
203 771 80 27 sjömils
299 771 85 21 afstånd
405 771 47 21 från
468 772 66 27 prick,
551 778 46 15 som
617 772 82 21 utvisar
714 773 36 20 det
766 772 62 21 ställe

75 806 38 21 der
135 806 62 21 kabel
221 808 23 19 är
267 807 97 26 nedlagd,
389 807 93 26 aflägsna
506 807 77 26 fartyg,
602 807 79 20 fisknät
697 807 50 20 eller
763 809 65 18 annat

74 840 138 26 fiskredskap,
237 840 25 21 då
286 841 73 20 arbete
383 840 33 21 för
439 841 73 21 kabels
534 841 124 26 utläggning
681 841 51 21 eller
748 841 80 21 istånd-

75 875 98 20 sättande
189 874 73 27 pågår.

146 909 127 21 Underlåter
296 910 46 25 den,
365 916 45 14 som
434 911 54 26 gjort
512 911 31 26 sig
566 911 85 26 skyldig
674 911 31 20 till
722 910 69 27 någon
806 909 24 22 af

74 943 91 20 nämnda
181 943 119 27 förseelser,
316 946 31 18 att
364 944 26 26 på
407 944 134 21 föreskrifvet
556 945 83 20 afstånd
652 945 96 26 aflägsna
759 945 69 26 fartyg

75 977 52 20 eller
141 977 139 27 fiskredskap,
298 978 60 21 äfven
375 979 65 20 sedan
456 979 42 20 han
516 979 70 21 dertill
603 979 137 27 uppfordrats
757 979 23 20 af
789 979 41 20 den

75 1017 84 20 person,
176 1012 65 21 under
257 1013 61 20 hvars
335 1013 86 26 ledning
437 1013 87 21 kabelns
541 1014 125 26 utläggning
683 1014 50 20 eller
749 1013 80 21 istånd-

75 1045 98 21 sättande
190 1046 54 26 sker,
262 1047 83 20 straffes
361 1047 48 20 med
426 1047 93 26 fängelse
535 1048 6 20 i
557 1048 63 26 högst
636 1055 25 13 en
677 1048 84 20 månad.

145 1080 128 21 Underlåter
289 1080 147 22 befälhafvare
452 1082 12 20 å
480 1081 76 27 fartyg,
568 1087 45 15 som
625 1084 23 18 är
659 1082 111 26 sysselsatt
780 1081 48 21 med

74 1114 144 27 nedläggning
235 1115 52 21 eller
303 1115 170 22 iståndsättande
484 1116 22 21 af
516 1116 195 27 sjötelegrafkabel,
722 1119 32 18 att
765 1115 64 22 ställa

74 1149 31 26 sig
129 1149 32 20 till
185 1149 141 22 efterrättelse
347 1151 55 20 hvad
419 1151 132 21 beträffande
567 1151 93 26 signaler
675 1151 32 20 till
723 1151 106 21 förekom-

74 1183 76 22 mande
173 1183 23 21 af
216 1183 81 28 fartygs
320 1186 192 26 sammanstötning
536 1185 12 21 å
571 1186 46 26 sjön
641 1188 24 18 är
687 1185 142 26 föreskrifvet,

74 1217 83 21 straffes
181 1219 48 20 med
253 1218 94 27 fängelse
363 1219 5 20 i
386 1219 63 27 högst
472 1226 25 14 en
514 1219 76 22 månad
615 1220 52 21 eller
691 1220 60 21 böter
767 1220 62 26 högst

74 1252 115 21 trehundra
206 1254 67 20 mark.

361 1320 49 15 36
435 1321 112 19 Kap.

270 1358 34 22 Om
321 1359 107 27 bedrägeri
446 1360 36 21 och
499 1359 140 27 förfalskning.

422 1399 14 29 &
455 1401 30 20 10.

143 1432 73 28 (Mom.
235 1434 27 26 1.)
292 1434 65 26 Hvar,
382 1440 52 20 som,
452 1434 32 21 för
502 1436 31 19 att
549 1435 80 20 bereda
645 1435 32 26 sig
693 1434 49 21 eller
758 1439 73 16 annan

73 1467 63 25 nytta
152 1467 50 21 eller
218 1468 68 20 skada
302 1475 78 19 annan,
