1061 1698
268 160 86 22 Ständ.
371 159 38 23 Sv.
426 172 28 3 —
470 159 74 28 Prop.
560 159 44 23 N:o
620 160 40 21 20.
789 161 24 19 17

159 222 36 21 Då
210 222 81 26 vidare,
303 222 27 28 pä
352 224 42 19 sätt
416 223 7 20 i
444 222 131 22 Ständernas
597 222 148 28 underdäniga
767 230 50 14 svar
832 222 12 20 å

91 256 69 22 Eders
188 256 123 29 Kejserliga
337 256 111 28 Majestäts
476 256 78 28 nädiga
576 257 133 28 proposition
734 256 110 29 angående

94 293 123 25 ernvägens
235 291 149 27 utsträckning
402 291 32 21 till
456 291 138 28 Helsingfors
617 291 64 21 hamn
703 293 23 19 är
744 290 100 27 anmäldt,

91 325 23 21 af
142 325 119 21 Ständerna
283 325 34 21 för
342 324 59 22 detta
424 325 99 21 ändamål
547 325 100 28 beviljats
672 328 31 18 ett
724 325 76 28 bidrag
822 324 23 22 af

93 360 92 26 800,000
200 359 60 21 mark
275 362 30 18 att
321 359 51 28 utgä
386 367 24 13 ur
425 359 277 21 kommunikationsfonden
717 360 41 21 och
777 359 28 21 dä
822 367 24 13 ur

90 393 72 21 denna
176 393 55 21 fond
246 393 75 21 främst
337 394 39 21 bör
390 393 71 21 ansläs
476 393 76 29 nödigt
566 394 79 28 belopp
660 394 35 20 för
709 393 137 21 bestridande

91 428 22 21 af
136 429 149 20 annuiteterna
307 428 13 20 &
341 428 170 28 jernvägslänen,
533 428 128 28 uppgående
682 428 32 20 till
737 428 109 26 3,456,000

91 462 59 21 mark
166 463 6 20 i
188 462 51 26 äret,
256 462 51 21 eller
321 462 34 21 för
370 465 32 18 tre
417 462 23 21 är
456 463 124 26 10,368,000
596 462 65 26 mark,
671 462 23 21 fä
705 462 120 21 Ständerna
840 462 7 20 i

91 496 174 28 underdänighet
281 496 91 21 anmäla:

300 573 33 19 att
350 570 124 22 Ständerna
491 571 88 28 beviljat
593 571 160 21 nedanstående
771 572 77 26 anslag

233 607 34 19 att
281 612 28 14 ur
324 605 296 27 kommunikationsfondens
638 606 119 27 tillgångar
779 605 70 21 under

232 639 54 21 åren
301 640 148 20 1892—1894
465 639 111 27 bestridas,
592 640 121 27 nemligen:

235 696 36 26 för
285 696 125 21 anmuiteter
424 696 13 20 å
448 696 146 28 jernvägslän
622 714 4 4 .
657 697 149 27 10,368,000:
822 709 27 2 —

235 729 36 27 för
303 730 136 27 slutförande
469 730 29 27 af
524 730 106 21 Karelska

265 764 74 21 banan
349 764 67 28 jemte
432 764 92 21 bibanor
549 782 1 4 .
584 782 4 4 .
622 782 4 4 .
657 766 150 26 13,655,000;
824 778 26 2 —

235 798 36 27 för
279 798 136 28 slutförande
424 798 30 28 af
460 799 172 28 Björneborgska

266 832 74 21 banan
359 850 4 3 .
396 850 4 4 .
433 850 3 4 .
620 851 3 4 .
671 835 136 26 8,060,000:
823 847 27 2 -—

238 867 36 27 för
284 867 132 27 jernvägens
431 867 153 28 utsträckning
599 868 35 21 till

267 901 140 28 Helsingfors
421 902 66 21 södra
505 902 68 21 hamn
596 903 38 20 och

268 935 126 21 Skatudden
438 953 4 4 .
513 953 41 4 sor
587 954 41 4 cc
697 938 113 25 800,000:
827 951 27 2 —

239 969 35 28 för
275 970 295 28 jernvägsundersökningar
578 973 58 19 samt

267 1004 36 27 för
318 1003 134 28 Jyväskylä
469 1004 71 21 Keuru
551 1005 85 21 banans

267 1037 116 28 definitiva
398 1039 127 27 uppgäende
539 1039 39 21 och
587 1039 47 28 för-

244 1072 116 21 beredande
376 1072 88 21 arbeten
479 1073 14 20 å
505 1073 127 21 densamma
698 1075 114 26 230,000:
828 1087 28 2 —

465 1118 94 21 Summa
574 1119 57 21 Fmk
650 1114 14 38 =
668 1121 144 26 33,113,000:
829 1133 27 2 —

173 1253 70 22 Jemte
259 1253 36 22 det
319 1254 168 21 militiefondens
510 1255 105 22 ordinarie
638 1256 122 27 inkomster,
782 1257 76 21 beräk-

105 1287 55 22 nade
175 1288 32 20 till
224 1289 109 25 5,778,000
349 1289 65 25 mark,
429 1289 7 20 i
451 1289 89 21 främsta
555 1293 91 18 rummet
660 1290 60 21 skola
735 1291 77 20 anlitas
824 1291 35 20 för

105 1321 134 22 betäckande
255 1322 22 21 af
292 1322 144 21 kostnaderna
450 1323 36 20 för
503 1323 111 27 militären,
636 1324 67 21 finnas
725 1325 36 20 för
782 1325 78 20 bestri-

107 1355 69 21 dande
192 1355 23 21 af
230 1356 97 27 samtliga
344 1364 25 13 ur
384 1357 200 28 bevillningsmedel
598 1358 107 27 utgäende
720 1359 81 28 anslag,
815 1359 44 20 för-

106 1392 58 18 utom
180 1389 66 22 ofvan
262 1390 137 28 kalkylerade
414 1390 124 29 behållning
552 1391 38 22 vid
605 1392 108 28 utgången
727 1393 24 20 af
765 1392 24 21 år
805 1393 53 21 1891

107 1423 40 21 och
164 1427 30 17 ett
209 1423 82 22 mindre
313 1424 79 28 belopp
415 1425 116 28 inflytande
553 1426 137 27 räntemedel,
704 1427 95 28 följande
820 1427 38 20 in-

107 1457 92 21 komster
216 1461 31 18 att
263 1458 74 21 anlita:
353 1458 148 22 statsfondens
516 1459 111 22 utlofvade
642 1460 75 29 bidrag
732 1461 24 21 af
769 1461 91 26 400,000

779 1501 11 16 2
