1061 1703
325 144 28 22 U.
370 144 27 22 B.
415 157 27 2 —
458 144 75 28 Prop.
549 144 45 23 N:o
610 145 38 22 23.
811 147 27 20 25

316 207 82 20 sådan
414 209 53 18 stat
483 206 126 27 rättigheter
622 210 58 18 samt
691 207 114 28 klagomål
814 211 55 18 emot

317 241 38 20 den
377 241 97 27 skyldige
496 241 76 27 inlupit
588 241 59 27 från
672 242 124 27 regeringen
818 243 52 20 eller

317 275 137 26 målsegande
470 275 9 20 i
492 275 45 20 den
546 276 170 26 främmande
730 279 94 23 staten;

385 311 22 24 €)
418 310 29 19 är
456 309 104 27 begånget
569 310 34 26 på
612 310 88 27 finskt
708 311 102 26 fartyg,
826 317 42 14 me-

317 344 43 20 dan
376 343 35 21 det
426 344 96 27 befinner
533 344 36 26 sig
583 344 14 19 å
613 346 69 24 öppna
697 344 81 27 hafvet.

385 378 67 26 Efter
465 378 113 20 enahanda
586 378 101 26 grunder
696 385 52 13 vare
759 378 35 20 till
801 378 71 27 straff

312 412 109 26 förfallen
441 412 110 27 icke-finsk
566 419 57 17 man,
639 419 45 13 som
693 413 106 27 föröfvat
814 412 55 21 brott

318 449 56 17 utom
394 446 86 26 Ryska
501 446 88 20 Rikets
611 446 89 20 område
723 447 37 20 och
776 447 94 27 derefter

312 481 136 26 förvärfvat
462 480 186 27 medborgarerätt
663 480 9 21 i
684 480 100 22 Finland.

568 584 16 25 S
600 590 19 13 2.

388 640 114 27 Tcke-finsk
518 647 49 13 man
583 641 72 19 dömes
671 641 66 26 enligt
752 641 69 20 denna
831 640 40 27 lag

318 675 38 22 för
372 674 60 24 brott,
448 681 45 13 som
508 674 43 20 han
567 674 73 26 begått
655 674 55 20 inom
727 674 141 27 Storfursten-

319 708 68 20 dömet
402 708 52 20 eller
463 708 33 27 pä
506 708 89 27 finskt
603 709 88 26 fartyg,
703 708 77 20 medan
792 708 35 20 det
839 708 29 20 be-

313 742 76 27 Jinner
406 742 36 26 sig
455 742 15 20 å
485 744 68 25 öppna
573 742 81 27 hafvet,
671 742 84 21 derest
768 742 53 20 icke
836 742 33 20 be-

318 777 138 26 träffande
475 777 82 20 sådan
575 780 108 24 persons
703 776 121 21 dömande
839 777 32 19 är

318 811 124 20 särskildt
457 811 162 20 annorlunda
634 810 130 27 stadgadt.

385 845 112 20 Likaledes
517 845 110 27 tillämpas
647 845 69 20 denna
736 845 40 26 lag
789 844 14 20 å
818 843 50 21 icke-

313 880 60 26 Jinsk
388 886 50 14 man
454 886 45 14 som
512 882 57 18 utom
581 879 85 27 Ryska
680 879 88 20 Rikets
781 878 88 20 område

318 913 71 27 begått
411 914 60 24 brott,
496 914 82 20 riktadt
597 916 54 18 emot
671 912 199 28 Kejsaredömet

254 960 4 8 a
318 948 63 20 eller
404 948 253 27 Storfurstendömet
679 948 51 20 eller
744 950 55 18 emot
808 946 61 28 finsk

318 989 50 13 man
391 982 52 20 eller
457 990 72 12 annan
544 982 85 26 Ryska
645 982 87 20 Rikets
748 981 120 25 undersåte,

318 1016 8 20 i
344 1016 101 20 händelse
464 1016 44 21 han
527 1016 122 21 sedermera
659 1016 72 27 finnes
746 1016 10 20 i
768 1014 100 25 Finland,

319 1051 52 20 eller
385 1050 72 27 blifvit
471 1050 39 21 hit
525 1050 151 27 öfverlemnad
682 1051 44 26 för
740 1053 33 18 att
787 1049 81 21 dömas.

567 1154 17 25 S
596 1159 23 20 3

386 1210 54 20 Har
459 1210 46 24 den,
527 1217 44 13 som
588 1211 29 19 är
630 1210 9 20 i
653 1210 83 20 landets
752 1210 65 25 tjenst
832 1215 37 14 an-

317 1244 64 24 stäld,
407 1244 73 27 begått
506 1244 258 27 tjensteförbrytelse,
795 1243 73 24 varde,

318 1278 71 21 ehvad
397 1278 36 20 det
442 1278 55 20 skett
507 1279 56 19 inom
574 1278 73 20 landet
657 1278 53 20 eller
718 1281 57 17 utom
783 1277 86 26 Ryska

316 1312 88 20 Rikets
419 1312 145 27 område,
528 1307 36 36 för
571 1312 50 20 slik
631 1312 159 27 förbrytelse
805 1311 67 20 dömd

318 1347 65 26 enligt
393 1347 61 26 finsk
470 1347 40 26 lag
522 1346 38 21 och
575 1348 30 25 af
611 1346 61 27 finsk
687 1346 95 20 domstol.

385 1381 97 26 Bryter
495 1381 50 24 den,
559 1387 50 14 som
622 1381 32 20 är
663 1380 9 21 i
681 1380 100 20 landets
792 1379 79 27 tjenst

318 1415 108 20 anstäld
438 1415 9 20 i
456 1415 202 27 Kejsaredömet,
674 1417 63 18 emot
751 1413 71 22 hvad
833 1413 36 20 ho-

318 1455 53 14 nom
386 1448 9 21 i
409 1449 109 27 tjensten
534 1449 93 26 ålegat,
639 1455 61 14 vare
712 1449 45 26 lag
766 1453 102 18 samma,

180 1487 130 22 Lagutskottets
322 1487 110 18 betänkande
444 1487 38 18 N:o
494 1489 29 16 15.
