1061 1706
261 132 26 20 14
410 131 83 23 Ständ.
510 131 37 23 Sv.
566 145 26 3 —
608 131 74 29 Prop.
699 131 43 23 N:o
758 131 37 22 24.

300 190 44 22 Vid
366 192 166 27 granskningen
548 192 25 21 af
586 192 28 22 de
629 192 7 21 i
652 192 43 22 den
710 192 81 27 nådiga
813 192 163 26 propositionen

229 226 108 27 ingående
353 226 112 29 förslagen
481 228 35 21 till
532 227 199 28 lagförändringar,
747 228 79 21 hvilka
840 228 92 21 hänföra
943 229 34 27 sig

228 262 36 21 till
279 262 78 28 frågan
373 269 34 15 om
422 263 175 28 värnepligtiges
613 264 137 22 förfallolösa
765 264 151 22 uteblifvande
926 264 50 22 från

229 298 94 27 uppbåd,
339 298 65 22 hafva
420 298 124 22 Ständerna
558 299 50 22 icke
623 300 85 21 kunnat
722 300 72 21 lemna
809 300 124 27 obeaktadt,
944 301 33 20 att

229 334 43 21 den
294 334 114 28 reglering
430 335 25 21 af
475 335 225 28 uppbådsområdena,
725 341 45 15 som
796 341 78 21 genom
897 336 79 26 nådiga

229 369 148 28 kungörelsen
393 370 25 22 af
430 371 43 22 den
491 374 10 18 7
519 371 99 22 Oktober
634 372 58 21 1886
709 373 37 25 egt
756 378 54 20 rum,
823 372 48 21 icke
882 371 95 28 afhjelpt

229 405 38 22 det
282 406 198 28 missförhållande,
497 409 32 20 att
545 414 27 15 en
588 407 36 22 del
640 407 104 22 områden
759 408 58 20 inom
826 407 72 28 Wasa,
911 407 64 22 Uleå-

229 442 66 27 borgs
311 443 40 21 och
366 443 84 27 Kuopio
466 444 37 21 län
519 443 137 22 fortfarande
675 445 37 20 äro
735 443 76 22 alltför
834 443 142 22 vidsträckta.

229 478 133 27 Isynnerhet
378 479 13 22 å
407 480 91 27 somliga
521 482 65 25 orter,
604 479 45 28 der,
666 481 53 20 utan
739 479 119 27 tillbörligt
873 478 103 22 afseende

229 514 13 21 å
258 514 27 21 de
300 515 174 27 värnepligtiges
491 515 171 27 begvämlighet,
682 515 186 27 samlingsstället
882 514 93 27 förlagts

229 551 54 20 nära
291 550 209 27 uppbädsomrädets
509 553 73 26 gräns,
592 551 86 22 medför
692 551 178 22 hörsammandet
885 550 24 21 af
922 557 52 20 upp-

229 585 164 22 bädskallelsen
408 586 35 22 för
458 587 97 22 flertalet
570 587 162 27 värnepligtige
747 587 58 21 inom
821 586 98 21 omrädet
929 588 46 19 sär-

229 621 61 22 deles
306 622 100 22 kännbar
421 623 94 22 kostnad
532 623 40 22 och
586 623 137 27 tidsutdrägt
739 622 93 22 förutom
849 622 67 21 andra
931 622 44 21 olä-

229 657 114 28 genheter;
359 659 39 20 och
414 659 75 21 kunna
504 659 107 21 mähända
627 658 66 23 äfven
709 659 64 21 dessa
789 657 186 28 omständigheter

229 693 7 21 i
252 693 72 28 nägon
340 694 49 21 män
408 695 119 22 medverka
544 695 81 26 dertill,
646 696 32 19 att
694 695 57 20 inom
767 694 69 27 sagda
851 694 36 21 län
904 695 31 20 ett
951 693 24 22 sä

229 731 58 19 stort
301 730 60 21 antal
376 731 163 26 värnepligtige
554 730 50 21 från
621 731 115 26 uppbäden
752 729 113 22 uteblifva.

301 765 44 22 Det
360 772 66 21 synes
450 766 122 22 Ständerna
596 766 74 22 derför
692 766 104 27 önskligt,
813 767 33 19 att
862 765 113 27 Styrelsen

229 800 54 22 ville
306 803 51 25 taga
375 801 7 21 i
399 801 169 28 öfvervägande,
592 802 108 21 huruvida
721 801 50 22 icke
795 807 27 16 en
845 801 130 26 ytterligare

229 837 114 27 reglering
358 837 25 21 af
396 837 216 27 uppbädsomrädena
627 839 53 20 utan
691 839 72 20 större
773 836 120 22 kostnader
903 836 72 22 kunde

229 872 139 27 genomföras
384 873 7 21 i
408 873 42 22 den
466 873 106 28 riktning,
590 879 45 16 som
650 873 95 27 äsyftats
766 872 49 21 med
837 872 80 27 nädiga
932 871 43 22 för-

229 907 122 28 ordningen
367 908 25 21 af
405 909 42 21 den
463 911 28 19 20
507 909 123 22 November
648 911 56 19 1882
715 908 114 27 angäende
843 908 93 26 ändring
947 907 27 28 af,

229 944 67 21 bland
321 945 73 27 andra,
412 945 13 28 $
442 947 27 20 38
486 946 7 20 i
509 945 216 27 Värnepligtslagen,
750 944 25 21 sä
798 946 33 19 att
847 943 36 22 det
899 943 35 22 för
949 943 26 22 de

229 980 163 28 värnepligtige
408 981 75 22 blefve
498 981 84 22 mindre
598 981 139 27 betungande
755 982 32 19 att
803 979 82 22 infinna
895 979 34 27 sig
940 979 36 21 vid

229 1015 122 26 uppbäden.

301 1064 31 21 Pä
348 1064 71 27 grund
434 1065 25 21 af
472 1065 57 21 hvad
545 1064 65 22 ofvan
626 1064 91 27 anföris,
735 1063 22 22 fä
773 1063 124 21 Ständerna
913 1062 7 21 i
936 1068 37 15 un-

230 1099 146 28 derdänighet
391 1101 92 27 anmäla,

481 1150 32 20 att
528 1149 132 26 Ständerna,
677 1149 8 20 i
705 1147 159 26 hufvudsaklig
885 1146 91 27 öfveren-

443 1185 123 21 stämmelse
581 1185 49 20 med
646 1185 42 20 den
703 1182 84 27 nådiga
805 1183 170 26 propositionen,

444 1221 84 26 antagit
538 1227 25 14 en
580 1219 131 27 sälydande:

444 1278 139 34 Förordning
602 1277 119 35 angående
741 1277 91 28 ändrad
852 1275 87 35 lydelse
952 1275 25 28 af

373 1320 120 28 särskilda
512 1319 141 35 paragrafer
672 1320 6 27 i
698 1318 224 35 Värnepligtslagen.

444 1369 136 26 Härigenom
595 1369 97 26 stadgas,
709 1369 32 20 att
756 1367 173 22 nedannämnda
949 1367 28 24 $$

373 1406 7 19 i
400 1405 200 26 Värnepligtslagen
623 1404 84 22 erhålla
725 1403 100 28 följande
839 1402 138 27 förändrade

373 1441 91 26 lydelse
456 1437 11 34 :
