1056 1700
247 104 28 19 30
458 103 19 21 U.
494 103 19 21 B.
530 116 29 2 —
576 103 56 27 Prop.
649 103 34 21 N:o
700 103 34 21 20.

315 370 18 15 .
452 352 294 27 Reservationer.

586 405 20 22 1.

255 447 78 27 Enligt
354 447 12 29 &
383 449 27 20 36
427 449 7 20 i
450 448 24 22 L.
492 449 24 20 O.
532 449 87 26 åligger
635 448 38 21 det
689 447 170 22 Statsutskottet
875 449 32 20 att
923 448 84 27 afgifva

183 483 146 27 betänkande,
349 483 57 22 huru
421 484 71 21 medel
508 484 35 21 till
559 483 99 28 fyllande
674 483 25 22 af
712 483 87 22 landets
815 483 72 28 behof,
899 484 73 21 sävidt
984 485 21 26 ej

183 519 149 21 statsverkets
356 519 110 22 ordinarie
484 519 122 27 tillgångar
626 519 76 22 dertill
718 519 75 28 förslä,
811 519 63 21 skola
889 519 116 22 anskaffas.

182 553 32 22 På
237 554 72 27 grund
327 554 67 22 häraf
407 555 40 21 har
463 555 115 21 Utskottet
594 555 109 21 beräknat
719 555 148 27 tillgångarna
884 555 39 21 och
939 555 66 27 utgif-

182 592 64 19 terna
268 590 71 22 under
362 591 109 27 ingående
493 591 161 27 budgetperiod
677 592 62 21 såväl
760 591 35 21 för
810 591 110 21 allmänna
941 593 65 19 stats-

181 625 81 22 fonden
287 632 45 15 som
353 627 227 27 bevillningsmedlem
600 627 40 21 och
656 626 286 22 kommunikationsfonden.
976 627 31 21 Ur

181 661 72 21 denna
267 662 126 27 beräkning
408 662 102 28 framgår,
527 664 33 20 att
575 662 79 22 medan
669 663 37 21 vid
723 663 68 21 slutet
806 662 25 21 af
843 662 94 22 nämnda
952 663 53 21 bud-

181 698 38 25 get
241 698 77 25 period
341 698 7 20 i
372 698 110 22 allmänna
505 698 145 27 statsfonden,
675 698 67 22 sedan
765 698 35 21 för
821 698 142 22 bestridande
983 698 25 22 af

179 732 123 27 utgifterna
318 734 70 21 under
404 734 27 21 de
446 736 34 19 tre
496 733 71 22 första
581 734 133 21 månaderna
727 733 25 21 af
762 734 26 20 år
800 735 55 20 1895
867 736 138 19 reserverats

180 769 31 26 3,s
227 768 52 27 milj.
296 769 43 27 mk,
352 776 27 15 en
395 770 123 26 disponibel
533 770 129 26 behållning
678 769 25 21 af
716 775 46 15 mer
776 772 28 18 än
819 771 26 19 13
857 769 100 27 miljoner
967 770 38 20 mk

179 803 45 21 kan
240 804 118 28 päräknas,
375 806 70 20 mäste
466 805 98 21 doremot
580 805 7 21 i
600 805 222 27 bevillningsmedlen
834 805 39 21 och
884 805 119 21 kommuni-

179 839 170 23 kationsfonden
371 843 93 19 emotses
486 847 26 15 en
533 841 57 21 brist
609 841 35 21 för
662 841 142 21 bestridande
820 840 25 22 af
862 841 26 21 de
906 840 97 28 utgifter,

179 880 46 16 som
246 874 25 22 af
290 875 123 23 Ständerna
427 876 38 22 vid
485 877 150 21 innevarande
651 877 106 26 landtdag
778 876 34 21 för
827 878 64 20 nästa
910 876 92 27 budget-

178 910 77 26 period
271 910 75 23 blifvit
359 912 116 27 godkända
485 912 35 22 för
530 912 220 22 folkskoleväsendet
761 913 39 21 och
811 912 72 22 finska
893 912 111 21 militären

179 945 114 23 äfvensom
308 946 35 22 för
358 947 116 22 utförande
490 948 25 21 af
527 948 104 22 beslutna
644 948 126 27 jernvägar.
796 948 11 21 I
822 948 71 21 runda
908 948 30 21 tal
950 954 53 20 upp-

178 981 41 27 går
235 981 43 22 den
293 982 127 22 beräknade
436 983 85 21 bristen
541 984 8 20 i
572 984 223 26 bovillningsmedlen
813 984 36 21 till
869 985 48 25 2,85
935 984 68 26 miljo-

178 1022 47 22 ner,
246 1017 8 21 i
277 1017 281 23 kommunikationsfonden
580 1019 35 21 till
636 1020 50 26 2,76
708 1019 101 27 miljoner
827 1019 68 21 mark.
926 1019 78 21 Denna

178 1052 137 22 sistnämnda
334 1054 57 21 brist
409 1054 44 21 kan
469 1055 61 27 dock,
547 1055 9 21 i
571 1054 107 22 händelse
694 1054 123 22 Ständerna
833 1056 80 25 antaga
929 1055 37 21 det
982 1054 25 21 af

177 1087 142 28 Regeringen
335 1095 27 15 ur
374 1089 360 28 lagmanstingsgästningsfonden
745 1091 57 20 emot
812 1091 14 19 4
835 1089 28 29 ?/,
873 1090 56 26 årlig
940 1092 65 19 ränta

178 1123 91 27 erbjuda
285 1124 61 22 lånet
360 1131 34 15 om
405 1126 35 26 3,8
452 1125 100 27 miljoner
563 1125 43 28 mk,
618 1132 47 15 mer
676 1127 28 20 än
715 1125 37 22 väl
763 1125 111 22 betäckas.
900 1125 104 22 Deremot

177 1159 41 20 har
234 1159 116 22 Utskottet
365 1160 35 21 för
416 1161 142 22 anskaffande
574 1161 25 21 af
612 1161 80 27 nödiga
708 1161 71 22 medel
795 1160 35 21 för
843 1161 71 21 finska
925 1161 79 20 militä-

177 1200 52 15 rens
245 1195 69 21 behof
328 1197 45 20 sett
386 1196 35 27 sig
431 1197 123 21 nödsakadt
564 1196 89 28 föreslä,
666 1198 33 20 att
710 1196 129 27 Ständerna,
851 1195 36 22 för
897 1196 42 21 den
950 1196 53 21 hän-

177 1230 68 27 delse,
266 1232 33 20 att
318 1231 62 22 Hans
399 1232 103 27 Majestät
517 1232 50 21 icke
584 1233 124 26 samtyckte
724 1232 36 21 till
775 1231 142 27 uppbärande
934 1231 24 21 af
971 1233 32 20 to-

176 1265 120 23 baksskatt
319 1267 70 22 under
411 1262 109 33 ingäende
538 1268 170 27 budgetperiod,
730 1268 53 21 ville
799 1267 86 22 besluta
901 1268 33 20 att
949 1267 52 21 Fin-

176 1301 64 22 lands
256 1303 71 21 banks
343 1304 61 21 vinst
419 1304 69 21 under
504 1304 54 21 åren
576 1305 150 20 1891—1893
743 1304 8 20 i
767 1303 50 21 män
832 1302 25 22 af
870 1302 68 22 behof
943 1302 58 28 finge

176 1337 78 22 härtill
269 1338 121 22 användas.

248 1373 35 22 Då
307 1374 38 21 det
368 1374 70 22 ökade
461 1374 147 28 kroditbehof,
634 1381 46 15 som
703 1374 71 22 under
797 1374 27 22 de
845 1375 88 20 senaste
949 1374 53 21 åren

176 1407 140 23 framkallats
333 1409 24 21 af
371 1416 27 15 en
414 1410 124 26 betydande
549 1410 131 27 utveckling
692 1410 24 22 af
724 1410 87 22 landets
823 1409 179 22 affärsverksam-

249 1450 134 18 Statsutskottets
396 1450 108 19 betänkande
516 1451 36 18 N:o
565 1452 29 17 12.
