1061 1709
208 143 26 21 26

397 146 29 22 U.
442 145 28 23 B.
488 159 25 2 —
530 146 75 29 Prop.
621 147 46 23 N:o
682 148 38 22 23.

385 208 94 21 såvida
495 210 52 20 icke
556 210 69 26 felet
639 210 145 28 innefattar
795 212 68 20 brott
874 215 63 18 emot

386 243 98 21 allmän
500 244 47 27 lag.

637 332 17 25 S
669 337 20 20 4

455 386 55 20 Har
517 386 72 21 sådan
595 386 137 28 förbrytelse,
744 395 45 13 som
799 388 138 27 omförmäles

386 420 9 20 i
408 426 36 20 41,
461 426 36 21 42,
514 427 30 20 43
561 421 64 20 eller
637 428 33 20 44
685 421 55 27 kap.,
754 422 53 21 eller
814 425 68 18 annat
891 422 45 20 der-

386 454 51 20 med
442 455 129 27 jemförligt
584 455 57 21 brott
649 457 116 26 föröfvats
780 459 57 18 utom
852 456 84 27 Ryska

385 488 89 21 Rikets
490 490 93 24 område,
600 490 72 20 dömes
687 491 35 20 till
734 492 72 26 straff
816 491 76 20 endast
903 498 33 13 om

385 523 82 20 sådant
482 524 28 20 är
523 524 105 20 särskildt
639 525 105 27 stadgadt
754 525 9 20 i
772 526 44 26 lag
826 526 64 20 eller
896 532 40 20 ge-

386 563 54 14 nom
455 558 122 27 fördrag,
594 559 133 27 afslutadt
742 560 106 20 emellan
863 560 72 26 Ryss-

387 591 63 21 land
463 592 43 20 och
516 593 169 26 främmande
699 594 74 20 makt.

636 690 18 26 S
667 696 22 20 5.

455 746 55 20 Har
522 746 45 25 den,
583 754 45 12 som
644 746 91 21 tilltalas
750 748 38 22 för
797 746 59 25 brott,
868 747 36 20 till
911 754 24 13 en

386 780 37 20 del
435 782 53 19 eller
502 781 35 20 till
543 781 60 27 fullo
619 781 77 27 derför
709 781 78 20 utstått
795 782 70 26 straff
871 781 65 27 enligt

387 814 54 26 dom,
456 815 58 27 fäld
529 816 30 26 af
575 815 92 20 domstol
685 815 8 20 i
701 816 166 26 främmande
885 818 49 22 stat,

385 849 61 21 skall
464 849 35 21 det
518 849 157 27 undergångna
695 850 93 27 straffet,
808 850 56 24 efter
875 850 60 27 pröf-

386 884 57 26 ning,
462 884 107 27 afräknas
578 884 59 27 från
653 884 35 20 det
701 884 72 28 straff,
788 884 94 20 hvartill
892 884 43 20 han

380 919 46 26 för
438 918 77 21 brottet
529 918 64 21 borde
607 919 10 20 i
630 918 98 21 Finland
740 918 81 25 dömas,
837 919 52 20 eller
899 918 37 20 ock

383 953 64 26 gälla
462 954 71 19 såsom
548 954 71 26 straff
619 954 44 26 för
671 952 81 21 brottet.
782 953 62 20 Dock
854 952 39 21 bör
901 953 34 27 af-

385 987 102 27 sättning,
513 987 127 27 ovärdighet
664 990 34 17 att
720 987 82 27 nyttjas
824 987 10 20 i
854 987 82 20 landets

386 1021 70 27 ensi,
472 1022 107 26 skiljande
588 1022 59 26 från
660 1021 101 27 utöpning
770 1022 30 26 af
806 1022 69 26 tjenst,
886 1021 52 20 eller

379 1056 88 26 förlust
480 1056 30 26 af
521 1056 165 26 medborgerligt
694 1056 133 27 förtroende,
842 1062 45 13 som
902 1062 34 13 en-

386 1090 41 26 ligt
443 1090 61 27 finsk
527 1090 39 27 lag
584 1090 39 20 bör
636 1090 15 20 ä
666 1090 76 20 brottet
756 1090 67 27 följa,
839 1089 75 21 honom
929 1089 9 20 i

385 1123 98 21 Finland
496 1124 95 20 ddömas.

454 1158 58 20 Dom
521 1158 9 20 i
538 1158 107 25 brottmål,
649 1158 57 27 fäld
712 1159 30 24 af
748 1158 93 20 domstol
846 1158 9 20 i
876 1158 60 20 främ-

385 1192 90 20 mande
490 1195 49 21 stat,
556 1192 36 20 mä
608 1192 9 20 i
630 1192 97 21 Finland
740 1192 22 27 ej
776 1192 133 20 verkställas.

635 1290 18 24 S
668 1288 20 21 6.

459 1346 86 21 Varder
559 1346 45 24 den,
620 1352 45 14 som
680 1346 29 20 är
719 1345 91 21 anstäld
819 1345 9 20 i
837 1344 100 21 utländsk

385 1382 56 18 stats
461 1380 65 27 tjenst
543 1380 38 20 och
596 1380 68 20 vistas
679 1380 9 20 i
700 1379 100 25 Finland,
816 1379 43 20 här
872 1379 65 20 tillta-

385 1414 41 20 lad
430 1415 46 25 för
488 1414 57 20 brott
559 1417 55 17 emot
629 1414 82 20 allmän
728 1414 42 26 lag,
786 1413 80 20 hvilket
880 1412 60 21 hani

385 1448 41 20 den
442 1449 89 26 tjensten
547 1448 77 26 begått,
640 1448 60 20 skall
711 1448 44 20 han
771 1448 52 20 blott
831 1448 44 26 för
883 1446 55 21 brot-

247 1486 132 23 Lagutskottets
392 1487 111 17 betänkande
515 1486 37 18 N:o
565 1487 29 17 .15
