1061 1698
332 136 29 22 U.
376 136 28 22 B.
421 149 24 2 —
462 136 74 28 Prop.
552 136 45 23 N:o
613 137 35 22 21.
812 140 12 19 9

305 195 161 30 verkställighet
488 200 110 26 utfärdad
612 200 92 27 afskrift
719 200 73 27 däraf,
802 201 51 26 för-

303 233 56 20 sedd
371 233 51 20 med
434 233 126 21 domstolens
576 234 61 26 intyg
650 237 33 17 att
693 234 74 20 domen
778 234 76 20 vunnit

304 268 52 26 laga
382 268 68 26 kraft,
479 271 57 17 samt
557 268 51 20 med
624 268 58 20 bevis
704 270 29 25 af
754 268 99 21 General-

301 303 135 25 guvernören
460 302 50 20 eller
530 302 209 21 Statssekretariatet
747 304 43 25 för
804 303 49 20 Fin-

305 336 55 20 land
372 339 33 17 att
419 336 146 27 myndigheten
581 338 29 18 är
622 337 71 20 sådan
704 337 96 25 domstol,
808 344 46 13 som

305 370 8 20 i
327 376 12 14 I
353 370 82 26 $sagts.

552 439 50 27 4$

376 490 66 27 Efter
472 491 157 26 emottagandet
661 492 29 25 af
711 491 142 26 ansökningen

299 524 116 27 förelägge
433 527 135 24 guvernören
587 525 139 26 vederparten
749 528 33 17 att
797 525 56 20 inom

301 559 48 29 viss
362 559 33 19 tid
403 560 57 25 efter
470 559 124 27 delfåendet
609 560 7 18 å
627 559 143 27 ansökningen
780 560 72 26 skrift-

305 593 55 26 ligen
383 600 73 17 svara,
479 593 40 20 vid
531 594 106 25 äfventyr,
654 600 33 13 om
702 594 42 19 han
760 594 35 19 det
804 594 49 26 för-

305 633 103 18 summar,
424 630 34 17 att
472 627 89 20 ärendet
575 627 61 20 ändå
651 628 92 26 afgöres.

554 720 52 26 5$

382 770 43 21 Vid
437 771 189 26 handläggningen
639 772 30 25 af
677 771 72 26 dylika
760 771 93 20 ärenden

305 804 66 27 ingår
395 807 135 24 guvernören
560 805 44 20 icke
631 805 9 20 i
666 805 138 27 granskning
828 806 30 26 af

305 839 85 27 själfva
414 839 71 25 saken,
510 847 44 13 som
578 840 95 27 afgjorts
696 841 29 26 af
744 840 109 20 domstols-

305 874 122 26 myndighet
441 874 9 20 i
464 874 169 27 Kejsaredömet,
650 877 52 17 utan
713 875 99 26 pröfvar
822 881 31 13 en-

305 908 51 20 dast
384 915 33 13 om
447 908 75 20 domen
553 908 120 21 innehåller
695 908 157 27 förfoganden,

303 942 86 20 hvilkas
412 943 159 20 verkställande
592 943 81 21 strider
694 946 54 17 emot
769 943 83 20 albnän

304 976 94 27 ordning
414 977 53 20 eller
488 977 43 21 icke
551 978 119 26 medgifves
693 978 29 26 af
736 977 9 21 i
758 976 98 21 Finland

300 1011 106 26 gällande
422 1012 49 26 lag;
491 1012 52 20 dock
559 1014 33 18 att
606 1012 161 26 verkställighet
781 1012 21 26 ej
816 1011 37 20 må

303 1045 90 27 beviljas
414 1048 54 18 emot
478 1046 61 26 finsk
555 1046 143 26 medborgare,
714 1053 33 13 om
762 1045 44 21 han
821 1052 32 13 en-

303 1079 41 27 ligt
358 1080 61 27 finsk
442 1080 40 26 lag
501 1080 47 20 bort
564 1080 64 20 sökas
644 1080 8 20 i
665 1080 64 20 saken
745 1080 40 20 vid
792 1080 62 27 finsk

303 1114 93 20 domstol
416 1117 58 18 samt
495 1114 43 21 han
560 1114 96 20 hvarken
673 1117 78 17 svarat
765 1114 10 20 i
787 1114 67 20 målet

305 1149 53 20 eller
378 1148 40 21 vid
437 1149 48 20 dess
507 1149 205 26 anhängiggörande
735 1148 93 21 vistades
846 1148 10 20 i

303 1183 171 27 Kejsaredömet.

558 1245 13 21 6
582 1245 25 28 8.

379 1297 43 21 Vid
434 1297 132 27 behandling
578 1299 30 25 af
619 1298 92 20 ärenden
726 1304 45 14 som
786 1298 68 26 ofvan

305 1332 71 19 nämts
392 1332 105 26 förfares
519 1332 31 26 pä
571 1333 45 19 sätt
636 1339 33 13 om
685 1331 173 26 utsökningsmäl

300 1366 72 27 finnes
388 1365 110 27 stadgadt.

376 1399 119 21 Meddelar
511 1401 136 25 guvernören
659 1399 152 28 förordnande
821 1405 34 13 om

305 1434 166 26 verkställighet,
495 1434 37 21 och
554 1435 29 19 är
603 1435 21 26 ej
647 1435 65 20 saken
733 1434 71 20 sådan
823 1435 33 18 att

168 1472 130 23 Lagutskottets
311 1473 111 17 betänkande
435 1473 36 17 N:o
484 1473 28 17 14.
