1059 1698
276 147 83 22 Ständ.
376 146 38 23 Sv.
430 160 27 2 —
472 146 74 28 Prop.
561 146 46 23 N:o
623 147 41 22 20.
797 148 25 20 21

166 210 191 21 Bränvinsskatten
379 210 38 20 har
432 210 7 20 i
454 209 41 21 den
518 209 79 28 nådiga
616 210 167 28 propositionen,
798 210 54 21 efter

98 251 27 13 en
146 244 101 21 förutsatt
268 244 137 21 konsumtion
428 244 22 21 af
466 246 11 19 7
493 244 104 21 millioner
617 244 55 27 liter,
692 244 113 21 beräknats
821 245 31 19 in-

98 278 74 28 bringa
186 279 6 19 i
207 278 214 28 tillverkningsafgift
435 280 13 19 a
463 280 26 20 62
505 279 28 27 pii
543 286 38 21 per
591 279 49 21 liter
650 278 34 21 för
694 278 23 21 år
731 280 54 20 1892
797 278 55 21 Fmk

98 313 109 25 4,340,000
231 312 40 21 och
286 314 13 19 a
313 313 26 20 65
362 313 29 27 pii
413 320 38 20 per
473 313 48 21 liter
543 313 34 21 för
599 312 51 22 åren
671 314 54 20 1893
742 314 39 20 och
798 313 54 21 1894

99 346 183 22 sammanräknadt
303 346 56 22 Fmk
377 348 110 26 9,100,000
502 350 55 18 samt
571 347 69 21 under
655 347 92 21 nämnda
761 351 32 17 tre
808 347 23 21 år
846 347 5 20 i

98 381 219 28 utskänkningsafgift
340 382 76 25 25,000
438 382 60 20 mark
521 381 40 21 och
577 382 7 20 i
599 381 182 28 kontrollafgifter
803 381 48 21 från

100 415 215 28 distilleringsverken
329 416 76 26 60,000
417 416 60 20 mark
488 416 87 28 årligen.
593 416 63 21 Efter
667 416 76 28 afdrag
753 416 22 21 af
785 415 68 21 bevil-

98 449 49 29 jade
162 450 149 26 restitutioner,
327 450 126 28 inbringade
469 450 164 28 ifrågavarande
649 450 58 21 skatt
725 451 2 19 i
751 449 100 22 medeltal

100 483 49 22 åren
166 485 138 21 1884—1886
320 484 56 21 Fmk
391 485 110 26 4,859,000
517 485 41 21 och
573 484 51 22 åren
641 486 139 20 1887—1889
796 484 55 21 Fmk

100 519 114 26 3,666,000.
230 518 135 22 Sistnämnda
380 518 49 28 låga
438 518 100 22 medeltal
548 518 150 22 förorsakades
709 518 56 22 dock
774 518 22 22 af
806 518 41 21 den

100 553 143 28 exceptionelt
250 554 60 26 ringa
320 553 192 21 skatteinkomsten
519 552 23 22 år
550 554 61 26 1887,
619 553 24 21 så
652 556 31 18 att
689 553 121 21 medeltalet
819 552 34 21 för

100 586 27 21 de
133 587 38 21 två
178 595 74 13 senare
260 587 55 26 åren,
324 587 28 20 då
359 587 121 21 inkomsten
488 588 95 27 uppgick
591 588 31 20 till
632 595 54 20 resp.
695 588 109 25 4,072,000
812 586 41 21 och

100 621 109 26 4,434,000
225 621 65 26 mark,
304 621 81 28 utgjort
399 622 110 25 4,253,000
525 621 65 21 mark.
615 621 54 21 Med
684 621 101 21 afseende
801 620 52 21 härå

100 655 41 21 och
156 655 27 21 då
198 655 37 21 det
249 657 23 19 är
286 658 77 25 ytterst
378 655 109 28 vanskligt
507 658 31 18 att
560 655 94 21 beräkna
677 655 36 21 det
736 654 115 29 inflytande

101 697 26 13 en
152 689 67 22 delvis
245 689 79 21 ändrad
347 689 135 28 lagstiftning
504 689 42 21 kan
566 689 86 21 komma
675 692 30 18 att
727 689 75 21 utöfva
824 688 28 29 på

101 723 275 28 bränvinsförbrukningen,
385 723 65 22 hafva
461 723 120 22 Ständerna
591 725 18 27 ej
621 723 47 22 haft
679 723 45 21 skäl
735 726 31 18 att
775 722 76 28 frångå

100 757 146 29 Regeringens
261 758 123 27 beräkning,
400 765 34 14 om
452 758 43 21 den
509 759 42 20 ock
574 762 59 24 synts
657 765 51 14 vara
729 758 66 21 hellre
817 757 34 20 för

100 792 44 27 hög
158 794 27 19 än
199 792 34 21 för
248 792 40 28 låg.
317 793 11 20 I
344 795 72 19 svaret
431 793 12 20 å
457 793 80 28 nådiga
558 793 161 28 propositionen
743 791 109 29 angående

101 826 198 22 bränvinsskattens
315 827 137 29 användning
467 827 66 21 hafva
553 827 120 22 Ständerna
688 828 7 20 i
710 827 143 27 underdånig-

101 861 37 21 het
153 862 78 21 anmält
246 862 37 20 sitt
297 862 156 28 godkännande
477 862 23 21 af
521 862 104 28 förslaget
644 862 72 21 derom
739 865 31 18 att
791 862 62 20 brän-

101 896 140 26 vinsskatten,
257 896 54 21 efter
326 896 77 28 afdrag
417 896 23 21 af
455 896 64 21 derur
533 896 108 28 utgående
657 896 104 21 särskilda
775 896 78 26 anslag,

102 929 54 21 skall
175 930 49 28 ingå
245 931 7 20 i
275 930 282 22 kommunikationsfonden.
587 931 50 21 Och
662 932 50 20 enär
735 930 118 21 Ständerna

102 964 37 21 vid
154 964 157 28 behandlingen
326 965 23 21 af
363 964 80 29 nådiga
457 966 167 27 propositionen,
635 964 138 26 omfattande,
787 963 66 22 bland

102 1001 70 24 annat,
187 998 220 29 författningsförslag
422 999 111 28 angående
548 999 127 29 försäljning
686 1007 26 13 m.
721 1007 27 13 m.
759 998 22 22 af
791 998 63 21 brän-

102 1033 43 26 vin,
160 1032 33 21 för
208 1034 33 20 sin
256 1033 35 21 del
306 1033 93 27 beslutit,
415 1036 31 18 att
459 1033 39 22 två
512 1033 127 21 femtedelar
647 1033 22 21 af
681 1033 173 27 utminuterings-

102 1066 41 21 och
158 1067 258 28 utskänkningsbolagens
431 1068 119 21 nettovinst
565 1068 34 20 för
614 1068 51 20 åren
679 1068 54 20 1893
747 1067 41 21 och
799 1067 55 21 1894

102 1100 60 22 skola
176 1101 85 21 tillfalla
276 1102 282 26 kommunikationsfonden,
573 1102 38 20 har
627 1102 70 20 denna
711 1104 50 26 post
773 1103 80 19 ansetts

102 1135 52 21 böra
168 1136 7 20 i
191 1135 90 21 fondens
297 1136 117 20 inkomster
429 1136 126 21 observeras
570 1136 50 21 med
637 1137 108 25 1,000,000
761 1135 64 21 mark.

171 1169 66 22 Hvad
263 1170 95 21 deremot
384 1170 134 21 vidkommer
540 1170 121 21 inkomsten
683 1170 48 21 från
753 1170 102 21 Walkea-

102 1203 62 21 koski
179 1204 68 26 kanal,
263 1204 24 20 så
301 1204 38 20 har
354 1204 123 21 densamma
497 1212 25 13 ur
540 1204 100 28 kalkylen
662 1204 115 26 uteslutits,
799 1210 56 14 eme-

102 1237 42 21 dan
172 1237 118 22 Ständerna
313 1239 57 27 gjort
392 1238 134 28 underdänig
548 1238 158 28 framställning
728 1246 33 13 om
785 1238 70 20 denna

102 1272 74 20 kanals
192 1272 153 28 öfvertagande
360 1272 23 21 af
399 1272 140 22 statsfonden.

170 1306 297 22 Kommunikationsfondens
497 1306 113 29 tillgångar
639 1306 50 22 åren
716 1307 139 21 1892—1894

102 1339 72 22 blefve
190 1339 97 22 sälunda:
