1045 1650
246 100 12 19 2
396 98 83 23 Ständ.
496 98 36 22 Sv.
550 112 26 3 —
593 98 73 29 Prop.
682 98 45 23 N:o
743 99 38 22 26.

214 158 54 27 ning
290 158 8 21 i
320 158 119 28 anledning
458 158 25 22 af
496 165 27 15 en
539 159 49 22 utaf
601 159 141 28 Helsingfors
759 159 203 28 stadsfullmäktige

214 195 63 27 gjord
297 194 137 28 underdånig
449 196 98 21 ansökan
563 202 33 15 om
612 196 131 22 koncession
759 196 13 21 å
787 196 94 21 nämnda
896 196 63 28 bana,

213 232 40 20 har
269 230 71 22 Eders
356 231 126 28 Kejserliga
497 232 110 28 Majestät,
624 232 49 22 med
688 232 106 22 afseende
809 232 14 21 å
837 232 57 22 hvad
908 232 6 21 i
926 238 33 16 sa-

214 267 42 22 ken
269 267 74 22 utredt
353 267 80 29 blifvit,
445 270 79 25 ansett,
536 270 33 19 att
580 268 169 28 ifrågavarande
760 268 123 21 hamnbana
893 268 67 21 borde

212 303 70 22 blifva
297 310 27 15 en
340 305 84 21 statens
439 304 138 27 tillhörighet
588 306 55 20 samt
654 304 96 27 förelagt
761 304 122 22 Ständerna
894 304 66 26 nådig

212 339 134 27 proposition
367 346 33 15 om
416 346 28 16 en
460 340 67 22 sådan
543 340 68 22 banas
627 340 117 27 byggande
760 339 35 22 för
811 340 147 22 statsverkets

211 375 101 28 räkning,
337 376 55 21 dock
415 376 92 22 sålunda
528 377 32 21 att
579 376 98 22 arbetets
692 375 118 23 utförande
826 376 85 21 komme
926 377 33 20 att

211 411 28 27 på
255 412 60 22 vissa
330 412 72 22 vilkor
418 411 147 23 öfverlemnas
581 412 23 21 åt
620 411 142 28 Helsingfors
779 411 56 28 stad,
852 418 45 15 som
908 412 50 21 här-

211 446 34 23 för
269 448 55 27 egde
346 449 32 20 att
398 449 98 26 uppbära
512 449 32 20 ett
560 448 77 27 anslag
652 455 26 14 ur
694 448 112 21 allmänna
822 448 134 27 statsmedel,

210 483 7 21 i
233 483 85 22 hvilket
334 483 103 22 afseende
453 484 71 21 Eders
542 484 123 27 Kejserliga
682 484 105 27 Majestät
805 490 27 15 ur
844 484 112 26 besparin-

210 525 39 21 gar
265 520 7 21 i
289 519 107 22 allmänna
413 519 138 22 statsfonden
565 520 95 27 anslagit
674 526 26 15 en
712 526 83 15 summa
806 519 25 22 af
842 521 114 26 1,000,000

209 556 69 27 mark,
293 556 67 27 jemte
376 556 36 22 det
427 556 13 22 å
456 556 123 22 Ständerna
593 556 112 22 ankomme
718 558 33 19 att
761 555 120 28 öfverväga
892 556 64 21 huru-

208 592 52 21 vida
283 592 38 21 och
344 592 35 22 till
402 592 58 22 hvad
480 592 80 27 belopp
581 592 132 27 ytterligare
735 592 77 27 anslag
828 591 128 23 härutöfver

208 627 74 22 kunde
298 634 25 15 ur
338 628 206 27 bevillningsmedel
560 628 35 21 för
610 628 126 22 ändamålet
751 628 95 21 anvisas.

280 664 42 21 Vid
337 664 161 27 behandlingen
515 663 25 21 af
552 663 145 23 förevarande
714 664 163 27 angelägenhet
890 663 65 23 hafva

208 698 123 23 Ständerna
352 699 87 23 förenat
460 700 34 27 sig
515 706 33 15 om
570 700 27 21 de
613 700 7 21 i
636 700 42 22 den
694 700 82 27 nådiga
791 700 163 26 propositionen

207 735 40 21 och
262 736 33 21 uti
310 735 213 27 stadsfullmäktiges
540 735 7 21 i
561 735 140 28 Helsingfors
712 735 241 22 koncessionsansökan

206 771 77 27 gjorda
303 772 129 22 uttalanden
452 772 114 27 angående
585 772 70 21 denna
671 772 134 22 hamnbanas
821 771 133 27 behöflighet

205 808 40 21 och
262 808 37 21 det
314 814 64 22 gagn,
395 814 46 16 som
456 814 77 21 genom
550 808 49 22 dess
616 808 116 22 utförande
749 808 85 21 komme
849 809 32 20 att
892 808 60 21 bere-

205 843 39 22 das
260 843 94 23 trafiken
377 844 7 21 i
407 844 125 22 allmänhet.
566 843 140 28 Helsingfors
731 844 60 21 stads
813 844 80 26 import
913 844 40 20 har

204 879 71 22 under
290 886 27 15 en
333 879 54 28 följd
402 880 25 21 af
443 880 25 21 år
479 880 7 21 i
497 879 68 23 värde
576 880 109 27 betydligt
697 879 128 27 öfverstigit
835 885 28 16 en
873 878 79 28 fjerde-

204 915 36 21 del
264 915 25 22 af
309 916 86 21 landets
418 916 52 21 hela
490 916 85 26 import.
606 916 34 21 Då
663 915 125 22 emellertid
809 921 28 15 en
853 915 99 27 betydlig

203 951 36 21 del
256 951 25 21 af
294 952 88 21 stadens
398 951 92 22 införsel
506 951 49 22 icke
571 953 25 20 är
609 951 76 22 afsedd
697 950 35 23 för
743 950 208 22 tillfredsställande

203 987 79 21 endast
304 987 25 21 af
350 989 74 20 ortens
445 986 71 28 behof,
538 989 52 19 utan
611 987 191 27 tillgodokommer
823 986 38 22 det
881 986 70 28 öfriga

202 1022 82 28 landet,
300 1023 70 22 måste
386 1022 204 28 åvägabringandet
605 1022 25 22 af
643 1024 132 25 beqvämare
791 1022 40 22 och
847 1022 102 27 billigare

203 1058 212 22 kommunikationer
432 1059 92 21 emellan
542 1059 89 21 stadens
641 1059 93 21 hamnar
744 1058 39 22 och
795 1058 86 22 landets
890 1058 58 26 jern-

201 1096 96 26 vägsnät
312 1101 54 16 vara
380 1094 25 22 af
419 1096 47 21 stor
481 1094 48 28 vigt
545 1094 49 22 icke
609 1094 57 23 blott
681 1094 36 22 för
732 1094 78 22 staden
825 1093 57 28 sjelf,
897 1095 53 20 utan

200 1131 41 20 ock
263 1131 34 21 för
315 1131 86 21 landets
422 1131 79 21 handel
522 1131 7 20 i
546 1131 125 21 allmänhet.
704 1130 40 22 Sin
759 1132 60 19 rätta
834 1129 116 28 betydelse

200 1166 98 22 kommer
324 1167 42 22 den
384 1167 128 21 tillämnade
527 1167 138 21 hamnbanan
680 1168 35 20 att
730 1165 92 28 erliälla,
839 1165 67 22 sedan
922 1165 27 22 de

199 1202 174 28 kajbyggnader,
390 1203 76 22 hvilka
482 1204 38 20 äro
536 1201 91 23 afsedda
642 1204 33 19 att
691 1202 108 27 anläggas
810 1201 64 27 längs
886 1201 62 21 Skat-

198 1238 85 22 uddens
300 1239 65 21 södra
380 1238 84 28 strand,
476 1240 56 20 samt
544 1237 71 28 öfriga
625 1237 35 23 för
670 1238 110 22 handelns
791 1237 40 22 och
841 1237 107 22 trafikens

198 1274 69 22 behof
283 1274 145 28 erforderliga
444 1275 108 21 anstalter
567 1274 74 22 blifvit
656 1274 146 22 fullbordade.

269 1310 174 22 Vidkommande
460 1310 139 27 lämpligaste
617 1310 160 27 sträckningen
790 1309 35 22 för
839 1309 42 22 den
894 1308 53 22 ifrå-

196 1346 126 27 gavarande
343 1347 130 27 jernvägen,
497 1346 66 22 hafva
588 1346 124 22 Ständerna
736 1346 50 21 icke
809 1345 74 21 funnit
909 1345 37 21 nä-

195 1388 43 21 gon
270 1383 119 27 anledning
415 1384 33 19 att
473 1384 99 25 motsäga
597 1382 27 21 de
650 1382 56 27 skäl,
734 1382 77 22 hvilka
837 1381 25 21 af
885 1381 61 22 såväl

196 1418 247 28 stadsmyndigheterna
458 1424 45 15 som
516 1418 220 27 jernvägsstyrelsen
752 1417 86 22 anförts
855 1416 34 22 för
904 1417 41 21 den
