1059 1700
244 107 14 19 8
428 106 28 22 U.
473 106 27 22 B.
516 119 28 3 —
560 106 76 28 Prop.
651 105 46 23 N:o
713 106 37 22 24.

214 165 56 27 gade
293 166 35 21 till
352 166 27 21 de
401 165 112 23 förmäner
532 166 49 22 dem
596 166 206 27 värnepligtslagen
817 166 147 23 tillerkänner

213 195 217 22 handelsinstituten.
460 196 77 21 Ehuru
561 195 61 22 detta
642 196 178 27 tillvägagäende
841 197 37 21 väl
900 197 63 22 torde

213 225 71 21 mästa
307 231 65 16 anses
390 232 54 15 vara
459 225 129 27 oegentligt,
604 225 61 22 lärer
680 226 73 26 nägon
768 232 73 15 annan
856 228 68 26 utväg
940 227 19 27 ej

213 254 91 28 erbjuda
328 255 39 27 sig.
394 255 41 21 Att
455 255 101 21 likställa
576 255 44 21 alla
635 255 198 23 handelsläroverk
849 256 69 22 under
934 263 27 15 en

212 285 102 27 kategori
336 291 54 15 vore
412 285 112 27 nemligen
542 284 52 28 föga
609 285 99 27 rättvist,
725 285 90 22 emedan
831 286 49 21 dem
896 286 65 22 emel-

212 315 37 21 lan
269 314 67 22 råder
355 314 125 28 betydande
496 314 88 22 skilnad
601 314 49 22 med
666 314 105 22 afseende
786 315 14 21 å
815 315 38 22 det
868 316 55 21 mått
938 315 25 22 af

212 344 128 27 kunskaper
356 350 45 16 som
417 344 38 22 vid
471 344 49 22 dem
535 344 118 22 meddelas.
684 344 210 28 Industristyrelsen
910 347 47 20 tror

213 373 75 23 derför
308 374 155 22 bibehällande
486 373 24 22 af
530 380 30 15 nu
583 374 104 27 gällande
710 374 136 28 stadganden
866 374 66 23 äfven
952 375 8 21 i

212 404 62 22 detta
289 404 104 22 afseende
408 410 55 16 vara
477 404 132 27 lämpligast.
625 404 45 21 Vid
685 404 27 22 de
728 404 59 27 lägst
802 404 92 22 stående
908 405 53 21 han-

213 434 153 21 delsskolorna
380 433 88 22 fordras
483 433 35 22 för
528 434 139 22 närvarande
678 434 38 22 vid
726 434 98 22 inträdet
834 435 127 26 kunskaper

212 464 154 21 motsvarande
381 463 138 22 folkskolans
535 463 61 27 kurs,
612 464 92 21 hvartill
720 464 67 21 sedan
801 464 7 21 i
816 464 142 21 handelssko-

211 494 37 21 lan
264 493 86 22 komma
368 495 10 19 1
396 494 13 21 å
425 495 12 20 2
454 493 49 28 årig
518 493 112 22 fackkurs.

282 523 46 21 För
351 523 89 22 inträde
462 523 7 21 i
492 523 202 22 industriskolorna
715 523 85 22 fordras
822 523 134 28 kunskaper,

211 553 154 21 motsvarande
381 553 166 27 genomgängen
562 553 55 21 kurs
632 553 8 21 i
656 553 69 27 högre
741 553 118 27 folkskola;
875 553 39 21 och
933 555 25 20 är

212 582 89 22 skolans
326 583 55 21 kurs
404 582 77 22 afsedd
497 585 33 19 att
546 583 118 27 genomgäs
680 584 29 26 pä
724 585 82 20 tvenne
821 582 135 23 läse-halfär.

211 612 51 22 Med
284 612 104 22 afseende
409 613 55 21 härä
478 612 63 22 torde
558 612 64 22 dessa
638 613 82 27 skolor,
736 613 28 27 pä
780 614 46 20 sätt
840 613 7 21 i
864 613 41 21 den
921 613 37 21 nä-

212 642 51 27 diga
281 642 164 27 propositionen
468 644 37 25 egt
527 649 54 15 rum.
604 642 112 22 likställas
740 642 49 22 med
805 642 71 27 öfriga
890 642 70 22 under

211 678 61 15 mom.
291 674 10 19 1
318 674 112 25 upptagna
445 672 161 22 läroanstalter.

281 702 249 22 Handtverksskolorna
552 704 38 19 äro
613 701 25 21 af
655 704 83 20 tvenne
762 702 55 27 slag:
834 702 68 27 högre
917 702 40 21 och

210 731 68 27 lägre.
303 731 45 21 För
369 732 111 21 intetdera
502 731 25 21 af
544 731 48 22 dem
608 731 71 22 finnes
695 732 67 26 nägot
777 732 110 21 bestämdt
902 732 55 20 mätt

210 760 26 22 af
251 761 128 27 kunskaper
400 761 114 22 faststäldt
534 767 46 15 som
600 761 74 22 vilkor
694 761 35 22 för
749 761 87 21 inträde
851 762 8 20 i
875 761 81 21 skolan.

210 790 62 22 Dock
293 790 119 22 förutsätta
436 791 26 22 de
485 791 39 21 hos
540 791 49 21 sina
605 791 76 21 elever
696 792 72 26 nägon
783 790 60 22 förut
858 791 99 21 erhällen

209 820 84 26 primär
316 820 106 28 bildning,
442 820 90 22 hvarför
555 820 189 28 undervisningen
766 821 7 21 i
797 820 64 22 dessa
884 820 74 22 skolor

210 850 66 21 också
292 850 104 22 omfattar
412 850 78 22 endast
504 851 71 27 några
590 850 168 26 specialämnen.

280 880 12 20 I
308 880 42 21 den
366 880 64 27 lägre
445 880 216 22 handtverksskolan
676 880 112 22 meddelas
798 880 158 26 undervisning

208 908 8 21 i
231 909 112 28 teckning,
360 910 102 27 räkning,
479 910 161 27 modersmålet,
658 909 160 27 skriföfningar
834 909 39 22 och
889 909 65 21 enkel

208 938 124 28 bokföring.
363 940 194 26 Undervisningen
577 940 112 21 meddelas
705 939 38 22 vid
758 939 115 22 aftonkurs
887 938 70 22 under

208 968 68 22 minst
299 970 13 19 8
335 969 105 22 månader
463 968 25 22 af
504 970 56 26 året,
576 969 68 21 minst
660 971 12 19 5
688 969 88 21 timmar
791 968 76 28 hvarje
881 968 75 22 vecka.

208 997 62 22 Enär
292 998 116 22 elevernas
423 998 163 27 förkunskaper
601 999 38 21 vid
654 998 98 22 inträdet
767 999 8 21 i
790 998 78 22 skolan
883 998 74 21 kunna

207 1033 55 15 vara
280 1030 84 24 ytterst
378 1029 66 27 ringa
458 1031 57 19 samt
530 1028 67 22 äfven
612 1028 188 27 undervisningen
815 1028 8 21 i
839 1027 77 22 skolan
931 1030 25 18 är

207 1056 26 22 af
252 1056 53 28 föga
327 1058 139 27 omfattning,
488 1058 64 22 torde
567 1058 70 27 några
652 1058 112 22 lättnader
779 1058 38 22 vid
831 1058 125 26 värneplig-

206 1088 50 20 tens
280 1086 140 28 fullgörande
435 1088 20 27 ej
471 1088 75 21 kunna
561 1087 124 27 medgifvas
700 1088 29 26 på
744 1087 72 28 grund
831 1086 25 22 af
868 1092 88 22 genom-

206 1116 89 27 gången
310 1116 54 23 kurs
380 1118 8 21 i
404 1118 62 27 lägre
481 1117 208 23 handtverksskola.

275 1146 12 21 I
298 1146 42 22 den
351 1147 69 27 högre
430 1147 216 23 handtverksskolan
654 1147 112 22 meddelas
774 1146 158 27 undervisning
940 1145 15 22 i:

206 1175 234 29 elementarteckning,
461 1179 123 20 ornament-
606 1177 40 21 och
667 1176 141 27 fackritning,
824 1175 132 22 modersmå-

205 1205 32 21 let
252 1206 41 21 och
308 1205 168 29 skriföfningar,
495 1207 103 27 räkning,
614 1207 128 26 grunderna
757 1205 25 22 af
794 1205 106 28 geometri
915 1205 41 21 och

204 1235 188 26 projektionslära
408 1239 56 19 samt
478 1235 123 28 bokföring.
618 1235 194 28 Undervisningen
820 1235 70 27 pågår
899 1235 56 21 lika-

204 1263 63 23 ledes
283 1266 13 20 8
312 1265 106 23 månader
434 1265 24 22 af
470 1266 50 22 året
534 1266 68 22 minst
620 1267 25 20 11
663 1266 87 22 timmar
760 1266 7 21 i
778 1265 89 23 veckan.
883 1264 72 22 Inträ-

205 1294 38 22 det
265 1294 8 21 i
296 1295 69 27 högre
389 1296 217 22 handtverksskolan
621 1295 133 23 förutsätter
768 1295 69 22 redan
852 1296 32 20 ett
899 1294 57 22 visst

205 1325 73 21 större
298 1325 56 21 mått
374 1325 26 21 af
417 1325 169 28 förkunskaper,
608 1325 94 22 likasom
722 1325 68 22 också
808 1325 82 21 kursen
906 1324 48 22 der-

204 1353 76 22 städes
301 1356 26 20 är
342 1361 61 15 mera
419 1355 134 22 omfattande
568 1357 26 19 är
605 1355 43 22 den
658 1355 63 27 lägre
731 1354 223 22 handverksskolans.

204 1382 78 22 Ehuru
298 1384 42 21 den
356 1384 70 28 högre
441 1384 217 23 handtverksskolan
674 1387 26 19 är
715 1384 51 28 föga
779 1383 112 29 jemförlig
905 1383 50 21 med

204 1412 68 22 andra
288 1413 7 21 i
312 1414 76 22 landet
404 1414 140 22 existerande
558 1414 205 27 läroinrättningar,
775 1420 66 21 synes
852 1414 38 21 det
900 1413 55 21 dock

276 1453 130 24 Lagutskottets
418 1456 106 18 betänkande
537 1456 35 18 N:o
584 1456 30 17 17.
