1056 1695
240 157 12 19 4
423 155 30 22 U.
469 156 28 22 B.
512 168 29 3 —
555 156 73 27 Prop.
644 156 42 22 N:o
702 155 35 22 17.

210 221 91 22 emellan
324 228 29 15 nu
375 222 100 27 gällande
497 222 124 26 förordning
644 222 6 21 i
673 223 72 21 ämnet
760 224 56 19 samt
832 221 41 22 den
888 220 79 26 nådiga

209 255 169 28 propositionen.
417 256 74 28 Enligt
518 256 152 27 förordningen
698 256 39 22 har
764 256 161 27 ifrågavarande
953 255 13 26 $

210 290 107 27 nämligen
339 290 94 28 följande
451 291 94 27 lydelse:
580 291 46 28 ,Då
640 291 120 27 maltdryck
774 290 46 22 från
836 291 66 21 annat
916 289 51 22 land

209 324 33 22 till
257 324 90 22 Finland
362 324 85 28 införes,
465 326 54 21 skall
536 325 71 22 derför
623 325 97 27 erläggas
736 325 46 27 tull,
798 324 28 28 på
838 326 46 20 sätt
894 324 73 21 derom

209 361 24 19 är
249 359 102 21 särskildt
367 359 114 28 stadgadt;
498 360 55 22 dock
570 361 32 20 att
617 360 67 27 sagde
700 359 62 27 afgift
776 360 47 21 icke
839 359 35 21 må
889 358 78 22 under-

210 393 57 27 stiga
282 393 33 22 för
329 394 50 21 liter
393 394 81 22 femton
489 394 70 28 penni,
576 394 31 22 dä
620 401 64 15 varan
700 394 106 22 inhemtas
821 394 6 20 i
843 393 67 27 butelj
921 392 46 28 och

209 427 42 22 tolf
263 428 64 27 penni
343 434 34 15 om
392 435 65 15 varan
473 428 80 22 införes
569 429 28 27 på
612 428 51 22 fat."
681 429 73 26 Enligt
769 429 41 21 den
825 428 79 27 nådiga
918 433 49 22 pro-

209 461 122 28 positionen
355 462 69 22 skulle
443 463 152 22 motsvarande
610 463 14 27 $
639 463 115 22 framdeles
769 463 86 21 komma
871 464 33 19 att
918 461 49 28 lyda

209 496 100 22 sålunda:
340 514 9 11 ,,
352 497 137 28 Beträffande
506 497 39 22 tull
561 497 52 22 eller
628 504 70 15 annan
714 497 62 27 afgift
792 497 33 22 för
840 496 126 27 maltdryck,

209 537 46 16 som
271 531 32 22 till
318 531 90 22 Finland
423 532 86 27 införes,
525 533 76 20 länder
616 532 32 21 till
664 532 146 22 efterrättelse
828 531 56 22 hvad
893 531 74 21 derom

211 567 25 20 är
252 565 52 22 eller
319 567 77 21 varder
411 566 121 27 stadgadt.*

278 601 42 22 För
341 601 37 21 det
399 600 70 23 första
491 601 64 22 hafva
578 601 85 22 således
684 601 32 21 uti
740 601 40 21 den
796 600 78 27 nådiga
889 605 78 22 propo-

209 635 92 22 sitionen
327 635 66 22 orden
419 653 5 10 ,
433 635 52 22 eller
509 642 70 15 annan
605 635 75 27 afgift*
707 634 129 23 tillkommit.
867 634 49 21 Men
940 633 27 22 dä

215 670 24 21 ör
277 672 46 20 detta
346 670 147 22 ständermöte
516 671 63 26 ingen
603 669 134 28 proposition
760 675 34 16 om
817 669 68 21 andra
905 667 60 28 afgif-

212 706 33 19 ter
261 704 32 22 för
308 705 125 27 maltdryck,
450 711 45 15 som
511 705 32 21 till
558 705 89 21 Finland
663 704 85 25 införes,
765 703 68 22 blifvit
848 702 118 27 framstäld,

209 738 41 22 och
272 738 37 22 det
332 739 66 27 enligt
413 739 123 22 Utskottets
552 739 86 27 mening
653 738 47 22 icke
716 738 128 21 tillkommer
860 737 106 27 styrelsen

208 778 73 16 ensam
304 775 33 19 att
356 773 6 21 i
378 772 140 23 förevarande
534 772 36 22 fall
585 773 93 27 pälägga
693 772 67 22 andra
774 771 86 27 afgifter
876 773 27 19 än
919 770 46 28 tull,

207 806 40 22 har
269 807 114 22 Utskottet
405 808 58 22 velat
485 808 32 21 för
534 808 121 21 Ständerna
668 806 87 26 föreslä,
771 808 32 20 att
818 806 27 22 de
860 805 105 27 ifrägava-

208 842 67 21 rande
298 842 66 21 orden
388 843 67 21 mätte
478 842 55 21 ifrän
556 842 41 21 den
618 841 108 22 blifvande
741 840 152 27 förordningen
907 840 58 27 utgä.

208 875 172 23 Vidkommande
396 877 47 21 äter
458 876 174 22 bortlemnandet
646 875 55 22 ifrän
718 875 41 22 den
775 875 78 26 nädiga
868 874 97 27 proposi-

208 910 72 21 tionen
304 910 23 22 af
348 911 37 21 det
405 911 31 21 uti
456 911 40 21 den
512 917 28 15 nu
557 910 99 27 gällande
670 910 151 26 förordningen
837 908 129 27 förefintliga

207 945 132 26 stagdandet
354 951 33 15 om
404 945 142 27 tullafgiftens
562 945 180 26 minimalbelopp,
755 945 25 20 sä
788 943 40 22 har
838 944 69 21 denna
918 945 47 19 ute-

207 979 96 26 slutning
325 979 49 22 icke
395 979 32 22 uti
442 979 76 28 själfva
532 979 162 28 propositionen
711 978 69 22 blifvit
794 977 125 28 motiverad,
936 977 29 28 ej-

207 1013 68 22 heller
297 1013 69 22 finnas
389 1014 32 21 uti
443 1014 121 27 Kejserliga
586 1013 94 22 Senaten
703 1013 67 27 några
790 1012 127 27 handlingar
933 1013 32 20 att

207 1048 68 27 tillgå,
298 1047 23 22 af
344 1048 72 22 hvilka
439 1049 41 21 den
500 1048 76 28 gjorda
590 1048 161 27 uteslutningen
767 1047 72 22 kunde
852 1047 113 21 förklaras.

209 1083 115 22 Utskottet
338 1083 39 21 har
393 1083 124 26 emellertid,
534 1083 28 28 på
578 1083 40 22 den
627 1083 75 26 grund,
714 1084 32 19 att
757 1081 207 27 tullbeskattningen

207 1119 85 20 ansetts
308 1117 120 22 tillkomma
444 1118 125 27 regeringen
586 1123 79 21 ensam,
681 1117 57 22 velat
754 1117 109 21 vördsamt
877 1115 87 26 föreslå,

207 1153 33 20 att
263 1151 41 22 den
320 1152 79 27 nådiga
415 1152 161 27 propositionen
591 1152 7 21 i
614 1152 70 21 denna
700 1151 34 22 del
750 1151 69 21 skulle
835 1149 130 23 oförändrad

208 1185 23 22 af
245 1186 124 22 Ständerna
384 1188 96 26 antagas,
496 1187 66 21 likväl
576 1187 49 21 med
632 1186 128 27 uttryckligt
769 1184 156 23 framhållande
937 1183 27 27 af,

208 1222 33 20 att
265 1220 121 23 Ständerna
408 1221 124 27 förutsätta,
549 1221 37 22 det
601 1220 130 28 tullafgiften
748 1220 12 21 å
775 1219 127 27 maltdryck,
919 1224 46 16 som

206 1255 32 21 till
261 1255 91 21 Finland
375 1255 86 26 införes,
484 1255 48 21 icke
548 1255 68 21 under
630 1257 64 19 nästa
709 1253 145 27 finansperiod
869 1253 96 21 kommer

206 1290 33 20 att
262 1289 101 27 minskas,
387 1290 90 22 emedan
501 1296 25 15 en
549 1289 141 27 nedsättning
710 1288 22 22 af
746 1287 129 28 tullafgiften
892 1287 72 21 kunde

205 1323 64 22 hafva
293 1324 32 20 till
348 1324 52 27 följd
417 1331 26 15 en
458 1324 56 22 ökad
529 1324 95 26 införsel,
640 1323 138 27 hvarigenom
795 1323 41 21 den
852 1322 113 22 inhemska

206 1358 167 27 tillverkningen
389 1358 70 22 skulle
475 1358 95 21 hämmas
587 1358 39 21 och
644 1358 40 21 den
692 1357 124 28 påräknade
824 1356 139 22 statsinkom-

207 1393 51 20 sten
273 1392 92 22 sålunda
380 1393 76 26 nedgå.

275 1427 119 26 Angående
417 1427 68 26 öfriga
507 1426 135 23 föreskrifter
661 1427 7 21 i
684 1427 42 21 den
741 1426 78 27 nådiga
834 1425 130 28 propositio-

275 1465 216 24 Bevillningsutskottets
505 1465 116 18 betänkande
633 1467 38 17 N:o
683 1466 17 17 2.
