1061 1700
241 115 28 19 20
429 112 27 22 U.
473 112 25 22 B.
515 125 26 3 —
559 112 72 28 Prop.
647 112 45 22 N:o
707 112 36 22 24.

281 172 39 22 Ett
344 172 128 22 äfvenledes
496 172 68 22 väckt
586 172 86 28 förslag
687 178 33 16 om
736 172 80 27 åtgärd
831 172 8 21 i
855 172 58 28 syfte
929 173 32 20 att

210 208 23 22 få
253 208 32 21 uti
305 208 211 27 Värnepligtslagen
539 208 84 22 infördt
646 209 33 20 ett
702 207 122 27 stadgande
840 208 73 21 derom
929 208 33 21 att

210 243 99 27 frivillig,
324 250 45 15 som
385 244 7 21 i
409 244 55 27 följd
479 243 26 22 af
518 244 100 27 sjukdom
634 244 55 21 eller
705 249 71 15 annan
792 243 66 22 orsak
868 243 93 28 nödgats

209 280 100 26 upphöra
324 280 48 21 med
388 279 35 22 sin
438 280 155 27 tjenstgöring,
610 279 66 27 skall,
693 279 28 21 då
736 279 43 21 han
795 279 57 27 ånyo
863 279 98 21 inträder

210 315 7 21 i
231 315 97 27 tjensten
341 314 35 22 för
392 317 33 19 att
440 314 96 28 fullgöra
553 315 34 21 sin
602 315 133 27 värnepligt,
752 314 23 22 få
790 315 72 21 räkna
877 314 34 28 sig
925 314 36 22 till

209 351 56 27 godo
281 351 42 21 den
339 351 32 21 tid
386 351 44 21 han
454 350 59 22 förut
529 351 59 22 varit
603 350 37 23 vid
656 351 62 21 aktiv
734 353 66 24 trupp
816 350 93 28 anstäld,
921 350 40 21 har

210 386 25 21 af
255 386 115 22 Utskottet
393 388 85 20 ansetts
502 386 50 22 icke
572 387 35 21 stå
623 386 7 22 i
647 386 78 22 sådant
740 386 157 27 sammanhang
912 386 49 22 med

210 422 27 21 de
258 422 83 28 frågor,
362 428 46 16 som
428 422 8 22 i
455 422 164 27 propositionen
635 422 96 28 beröras,
749 423 33 20 att
798 422 119 22 detsamma
931 428 30 15 nu

211 458 74 21 skulle
300 458 85 21 kunnat
400 457 25 22 af
438 458 116 22 Utskottet
570 458 35 21 till
621 457 104 28 pröfning
740 459 114 26 upptagas.

280 529 12 21 I
317 529 71 28 grund
412 529 24 22 af
457 529 58 23 hvad
538 530 116 21 Utskottet
677 529 48 22 haft
747 531 55 20 äran
825 529 82 28 anföra,
926 529 35 22 får

210 565 115 22 Utskottet
340 565 114 23 vördsamt
469 565 88 28 föreslå,

424 626 33 20 att
469 624 127 23 Ständerna
605 624 50 22 ville
666 625 8 21 i
685 624 138 28 underdånig
833 624 126 28 svarsskrif-

353 660 56 22 velse
424 661 34 21 till
476 661 64 21 Hans
556 660 124 29 Kejserliga
698 660 103 28 Majestät
816 660 93 27 anmäla,
925 661 35 21 det

352 696 124 22 Ständerna
491 696 9 22 i
515 696 156 28 hufvudsaklig
687 696 217 27 öfverensstämmelse
915 696 45 22 med

352 733 42 21 den
417 732 82 28 nådiga
519 732 161 28 propositionen
696 732 86 28 antagit
799 738 27 16 en
841 732 119 27 sålydande

427 792 140 34 Förordning
586 790 120 35 angående
725 790 91 28 ändrad
836 791 86 34 lydelse
936 790 25 28 af

353 833 120 28 särskilda
493 833 36 35 $$
549 834 5 26 i
574 833 226 34 Värnepligtslagen.

425 899 134 28 Härigenom
590 899 88 27 stadgas
703 899 31 21 att
755 898 155 22 nedannämda
928 899 31 27 $$

352 934 9 21 i
385 934 199 28 Värnepligtslagen
608 934 61 22 skola
693 934 84 22 erhålla
799 933 95 28 följande
911 934 48 26 för-

354 970 99 22 ändrade
469 970 91 28 lydelse:

622 1024 16 27 $
654 1024 36 20 32.

423 1064 111 28 Personer,
550 1072 44 14 som
610 1064 122 27 innehafva
742 1064 155 22 nedannämda
908 1063 51 22 bild-

350 1100 153 28 ningsgrader,
518 1101 95 27 åtnjuta,
627 1100 29 22 då
666 1101 25 21 de
702 1100 55 27 efter
768 1100 92 28 lottning
870 1100 89 21 inträda

350 1137 37 20 vid
403 1137 25 21 de
444 1136 74 22 aktiva
534 1138 125 27 trupperna,
674 1136 115 27 förkortad
803 1136 109 27 tjenstetid
922 1143 36 14 en-

351 1172 39 27 ligt
400 1172 104 27 följande
517 1172 111 27 grunder:

421 1207 42 27 1:0)
493 1207 40 27 De,
554 1215 44 14 som
616 1208 125 27 genomgått
762 1207 65 27 högre
847 1207 112 27 folkskola,

349 1243 54 21 två-
428 1243 63 21 eller
507 1243 142 27 treklassig
666 1243 217 22 elementarskola
898 1243 63 21 eller

348 1278 110 22 deremot
473 1279 129 21 svarande
618 1278 103 22 klasser
738 1278 31 27 af
776 1278 109 28 lyceum,
897 1278 64 28 högre

348 1314 198 26 handtverksskola,
570 1314 156 22 industriskola
750 1314 67 21 eller
840 1314 120 21 handels-

348 1349 120 22 läroverk
483 1350 54 21 med
552 1349 105 22 kortare
674 1350 69 27 kurs,
760 1349 52 22 eller
828 1349 68 28 aflagt
911 1350 50 20 mot-

348 1386 110 21 svarande
481 1385 165 28 kunskapsprof,
670 1386 52 22 eller
745 1385 93 27 afslutat
858 1385 51 21 kurs
924 1385 37 22 vid

343 1420 180 28 jordbruksskola
534 1421 51 22 eller
596 1422 61 27 lägre
665 1421 116 28 afdelning
791 1421 28 27 af
826 1421 133 22 landtbruks-

276 1462 128 23 Lagutskottets
418 1463 108 19 betänkande
538 1464 35 18 N:o
585 1464 30 17 17.
