1061 1700
289 125 81 23 Ständ.
387 126 39 22 Sv.
444 140 26 2 —
486 126 74 28 Prop.
576 126 45 22 N:o
637 126 36 22 27.
814 129 11 19 9

104 186 95 22 råvaran
221 186 58 21 blott
301 187 64 25 utgör
388 192 28 15 en
439 186 153 27 obetydlighet
614 186 38 28 (30
668 186 66 26 penni
751 186 34 22 för
801 186 55 22 kilo-

105 221 76 26 gram).
212 221 49 22 Den
277 220 125 28 föreslagna
418 221 86 21 accisen
519 221 86 22 komme
622 221 98 22 deremot
733 223 33 20 att
782 227 74 16 ensam

104 255 36 22 för
164 257 34 26 sig
221 257 74 26 uppgå
317 257 35 20 till
374 256 64 21 Fmk.
462 258 19 19 3:
497 258 29 19 40
543 263 40 20 per
599 257 115 27 kilogram,
731 257 41 21 och
787 263 69 15 varan

105 292 73 21 skulle
199 294 122 25 yttermera
340 292 103 27 fördyras
458 298 79 21 genom
553 293 111 21 särskilda
680 292 35 22 för
729 293 127 21 kontrollen

105 328 67 27 nödig
185 328 97 21 ansedda
297 328 238 27 detaljbestämningar.
559 328 41 21 Att
610 328 176 27 propositionens
797 327 62 22 tariff

105 366 109 25 upptager
237 370 28 15 en
290 364 102 27 billigare
418 363 125 28 accisafgift
568 363 35 22 för
629 364 228 21 mahorkasnustobak

104 400 23 26 (6
143 400 67 26 penni
225 399 36 22 för
279 401 40 19 100
336 399 78 28 gram),
431 399 78 22 medan
525 399 69 27 öfrigt
610 406 52 15 snus
682 399 56 22 hade
754 401 33 19 att
802 399 55 22 bära

105 435 58 22 accis
184 435 24 22 af
230 437 28 20 34
281 435 67 27 penni
370 434 36 22 för
422 441 81 15 samma
526 435 87 27 belopp,
638 435 73 22 skulle
727 435 19 27 ej
762 434 36 22 för
814 435 42 21 den

105 471 120 21 arbetande
240 471 158 26 befolkningen
414 470 98 22 medföra
527 471 123 21 nämnvärd
660 471 93 27 lättnad,
765 470 91 22 emedan

104 507 106 20 mahorka
225 507 8 20 i
248 507 28 20 de
291 506 63 21 flesta
370 507 62 21 delar
448 506 24 21 af
485 507 97 21 Finland
597 507 49 20 icke
662 506 119 22 användes.

176 542 122 28 Liknande,
313 548 33 16 om
359 543 41 20 ock
413 542 49 21 icke
476 543 63 20 alltid
550 542 52 21 fullt
612 543 25 21 så
648 542 114 21 kännbara
772 542 84 21 skatte-

104 578 127 27 stegringar
251 578 86 22 komme
357 580 33 19 att
405 578 90 21 inträffa
510 578 66 22 äfven
592 578 36 21 för
644 577 71 28 öfriga
729 578 126 22 tobakstill-

103 614 144 26 verkningar,
265 614 90 21 afsedda
370 614 35 21 för
421 614 114 27 allmogen.
568 614 28 21 Så
612 616 16 19 t.
645 620 33 15 ex.
696 614 71 21 skulle
789 613 67 22 äfven

103 649 51 22 med
177 649 105 22 afseende
302 650 13 21 å
336 650 42 21 den
394 650 144 27 synnerligen
553 650 93 21 allmänt
660 649 129 28 begagnade
805 649 50 21 kar-

105 685 137 21 dustobaken
258 691 27 15 en
301 685 173 27 prisförhöjning
489 685 94 26 inträda,
599 685 92 22 hvilken
705 685 27 26 på
743 685 57 21 intet
811 686 45 19 sätt

104 720 74 21 skulle
199 721 110 26 uppbäras
333 720 24 21 af
374 727 80 15 varans
474 721 94 26 qvalitet
588 721 54 21 eller
665 721 27 21 de
707 720 148 21 folkklassers

105 755 180 28 skatteförmåga,
302 756 76 22 hvilka
393 755 107 22 förbruka
516 756 72 21 denna
603 763 58 15 vara.
693 757 64 20 Enda
772 755 84 28 följden

104 790 25 21 af
149 791 98 22 accisens
268 791 114 22 införande
402 791 74 22 blefve
497 792 9 21 i
527 792 65 21 dessa
608 792 39 21 och
664 792 76 27 dylika
761 791 46 27 fall,
824 792 33 21 att

105 826 80 27 sjelfva
201 827 167 22 konsumtionen
383 827 8 21 i
406 827 44 27 hög
466 827 55 27 grad
536 828 71 21 måste
618 828 97 21 minskas
727 828 40 21 och
777 827 8 21 i
795 827 62 22 vissa

103 861 42 22 fall
155 862 36 21 till
201 863 39 20 och
251 863 49 20 med
311 863 104 27 upphöra,
427 863 7 21 i
446 863 54 27 följd
510 862 82 23 hvaraf
597 863 83 27 jemväl
691 863 42 22 den
743 863 36 22 för
790 865 66 19 stats-

104 897 81 22 verket
205 898 113 21 motsedda
333 899 178 22 skatteintraden
527 899 85 21 komme
633 901 33 19 att
687 899 35 21 till
744 899 113 26 väsentlig

103 933 38 21 del
156 933 113 22 uteblifva.

176 968 63 22 Huru
254 969 77 27 billiga
347 969 64 22 dessa
427 970 103 21 ordinära
546 969 99 22 fabrikat
660 972 29 19 än
705 972 44 25 äro,
766 970 91 26 betinga

104 1004 27 21 de
148 1004 35 27 sig
199 1005 55 21 dock
271 1007 32 19 ett
318 1005 52 28 pris,
388 1012 45 15 som
449 1006 7 21 i
472 1005 140 22 förhållande
627 1006 36 21 till
679 1006 121 26 allmogens
816 1004 40 23 lef-

104 1040 177 22 nadskostnader
300 1043 25 19 är
340 1041 116 27 kännbart,
474 1042 41 20 och
530 1041 38 21 det
584 1043 25 19 är
625 1042 7 20 i
648 1042 44 20 alla
705 1042 62 20 delar
777 1041 26 21 af
811 1041 46 21 lan-

103 1075 39 21 det
162 1076 92 27 vanligt,
277 1078 32 20 att
327 1076 43 22 den
390 1076 105 28 fattigare
515 1076 160 28 befolkningen
696 1076 33 22 för
745 1076 111 22 vinnande

104 1110 25 22 af
146 1111 73 27 någon
234 1112 119 27 besparing
368 1113 117 26 uppköper
499 1113 56 27 rysk
571 1113 120 21 bladtobak
706 1112 35 22 för
757 1114 33 19 att
806 1111 54 28 sjelf

104 1147 83 21 bereda
203 1147 125 22 densamma
344 1148 35 21 till
395 1148 86 27 dagligt
495 1149 64 21 bruk.

176 1183 49 21 Den
244 1183 25 21 af
288 1183 141 28 Regeringen
449 1185 27 20 år
502 1186 55 19 1879
580 1184 168 21 tillförordnade
773 1184 84 21 skatte-

104 1218 98 21 komitén
218 1219 64 21 sökte
298 1225 77 21 genom
391 1222 33 19 att
440 1220 166 21 sammanställa
622 1219 93 22 officiela
731 1219 74 22 siffror
821 1225 37 15 an-

103 1254 86 27 gående
205 1255 109 26 importen
329 1255 25 21 af
366 1256 94 21 råtobak
470 1255 36 22 för
516 1256 54 21 åren
584 1257 116 20 1876—78
708 1256 50 21 med
768 1255 89 22 tobaks-

103 1289 181 29 fabrikanternes
300 1291 113 27 uppgifter
424 1291 64 22 öfver
499 1291 65 22 deras
575 1291 146 28 tillverkning
731 1291 36 22 för
776 1297 82 15 samma

104 1325 33 21 tid
161 1325 67 22 vinna
243 1326 72 27 någon
331 1327 91 26 ledning
437 1327 38 21 vid
491 1327 147 22 bedömandet
653 1327 68 26 deraf,
738 1327 57 21 huru
811 1328 47 19 stor

103 1361 38 21 del
157 1360 24 21 af
195 1361 42 21 den
253 1361 36 21 till
304 1361 75 22 landet
394 1362 148 27 importerade
557 1363 124 20 råtobaken
697 1362 92 22 sålunda
800 1361 58 22 förbi

104 1395 130 22 fabrikerna
261 1396 129 28 öfverginge
419 1397 88 22 direkte
532 1397 36 22 till
594 1397 174 22 konsumtionen.
804 1397 54 21 Kal-
