1034 1703
193 164 13 21 6
368 163 29 22 U.
413 163 26 22 B.
456 177 27 2 —
499 163 75 28 Prop.
590 163 45 22 N:o
651 163 35 22 21.

235 227 50 20 Den
306 226 83 21 afskrift
413 227 24 20 af
456 227 86 25 domen,
562 233 48 14 som
624 226 84 27 ätföljer
724 226 147 27 ansökningen
887 232 36 14 om

164 260 171 27 verkställighet,
359 261 54 20 skall
432 261 85 26 jämlikt
539 267 11 20 3
566 260 12 29 &
594 267 52 14 vara
668 260 119 27 ,Gestyrkt"
810 261 25 20 af
847 260 76 21 veder-

164 294 97 21 börande
277 295 241 26 domstolsmyndighet.
544 295 113 26 Riktigare
672 295 64 20 torde
752 294 57 21 dock
823 301 52 14 vara
891 297 32 17 att

164 329 134 24 föreskrifva,
313 329 37 20 det
365 337 26 12 en
402 329 25 20 af
434 329 123 21 domstolen
568 329 53 27 ,,för
629 329 161 26 verkställighet
802 328 121 27 utfärdad”

164 362 85 21 afskrift
272 362 24 21 af
316 363 78 20 domen
409 363 40 21 bör
464 363 31 21 till
511 363 168 21 öfverexekutor
695 363 110 24 inlämnas,
821 362 102 26 synnerli-

164 400 50 23 gast
237 397 51 20 med
308 396 84 27 hänsyn
414 397 71 21 därtill
507 400 33 18 att
562 400 31 17 ett
612 397 106 25 särskildt,
735 396 25 21 af
772 397 41 20 den
829 395 95 21 domstol

165 437 49 14 som
236 430 39 22 fält
297 431 79 20 domen
396 431 110 21 utfärdadt
522 431 327 27 verkställighetsförordnande,
867 432 56 18 inne-

165 465 101 20 hällande
282 465 41 21 alla
339 465 32 21 för
386 466 122 20 ändamälet
523 466 80 26 nödiga
619 465 111 27 uppgifter
742 466 42 20 och
795 464 128 28 upprättadt

166 499 54 21 efter
236 500 6 19 i
258 499 36 27 lag
316 500 109 20 faststäldt
447 500 107 24 formulär,
571 501 6 19 i
593 500 109 26 Ryssland
718 500 75 26 lägges
809 498 31 22 till
855 498 68 27 grund

166 533 32 20 för
213 533 164 27 verkställighet
397 534 26 20 af
434 534 52 20 dom
501 536 6 18 i
523 534 62 20 civila
601 534 42 20 mäl
658 534 42 20 och
715 533 108 21 sannolikt
837 533 87 20 komme

166 570 32 18 att
221 567 64 20 äfven
301 568 6 20 i
322 568 39 20 här
383 568 89 20 afsedda
496 568 36 20 fall
555 568 117 20 användas.
709 568 168 26 Bestämningen
892 570 32 17 att

166 602 71 20 denna
260 602 85 20 afskrift
360 602 25 20 af
397 603 78 19 domen
491 602 55 20 skall
561 609 51 14 vara
628 602 25 21 af
665 602 212 21 Statssekretariatet
892 600 32 21 för

166 636 92 20 Finland
274 636 50 20 eller
341 636 227 28 Generalguvernören
584 636 32 21 till
627 636 130 27 riktigheten
768 636 91 26 intygad
870 636 54 20 lärer

166 670 108 26 svärligen
296 670 70 20 kunna
389 672 6 19 i
414 670 149 27 verkligheten
586 670 144 27 genomföras,
755 674 51 17 utan
829 670 39 20 bör
889 669 35 20 väl

166 703 224 22 Statssekretariatets
405 705 42 20 och
463 704 239 27 Generalguvernörens
718 704 121 26 befattning
853 703 71 20 härut-

166 739 64 19 innan
246 738 114 21 inskränka
375 740 33 25 sig
423 739 31 20 till
470 742 31 17 ett
517 739 118 26 intygande
648 738 24 21 af
684 741 32 18 att
732 738 42 20 den
789 737 134 27 myndighet,

166 779 49 13 som
230 772 95 21 utfärdat
347 773 116 24 afskriften,
481 773 23 20 är
520 780 25 13 en
562 773 67 20 sädan
645 772 101 25 domstol,
763 779 46 14 som
826 779 51 19 eger
892 775 31 16 att

167 806 65 20 döma
249 807 6 19 i
271 807 42 20 mäl
328 807 25 20 af
365 807 163 26 ifrägavarande
544 807 156 20 beskaffenhet.

238 840 119 27 Uttrycket
380 858 5 8 ,
387 841 91 25 saken"
503 848 47 13 som
570 843 6 18 i
592 847 14 20 4
620 841 13 28 $
649 841 110 20 användes
780 840 33 21 för
835 843 32 17 att
887 839 37 21 be-

166 875 80 20 teckna
263 875 36 20 det
315 876 29 25 pä
357 876 145 26 guvernörens
518 875 131 26 behandling
660 875 158 20 ankommande
829 874 94 24 ärendet,

168 908 39 20 har
223 908 84 27 utbytts
324 913 59 17 emot
399 909 126 27 lämpligare
541 909 45 25 ord,
604 909 100 20 särskildt
720 915 47 14 som
779 908 145 21 förekomsten

168 943 6 18 i
190 942 95 26 följande
307 944 101 25 paragraf
426 943 25 21 af
463 950 82 13 samma
560 943 87 26 uttryck
663 944 5 19 i
684 949 70 14 annan
768 941 157 21 vidsträcktare

166 975 136 22 bemärkelse
326 977 102 26 möjligen
443 977 71 20 kunde
530 977 58 27 gifva
604 977 115 26 anledning
734 976 31 21 till
780 975 144 27 tvetydighet.

242 1011 45 19 Det
311 1011 120 26 stadgande
454 1018 36 13 om
513 1013 58 18 vissa
593 1011 36 20 fall
652 1011 27 20 då
701 1010 163 26 verkställighet
879 1009 46 20 icke

167 1043 43 21 kan
232 1044 162 27 ifrågakomma,
417 1045 32 20 för
471 1045 64 20 hvars
551 1044 163 27 nödvändighet
730 1044 115 20 Utskottet
861 1043 63 20 ofvan

167 1078 119 26 redogjort,
309 1079 39 20 har
370 1083 83 17 ansetts
477 1080 72 20 kunna
564 1080 50 26 ingå
629 1080 73 19 såsom
717 1085 76 13 senare
808 1081 96 17 moment
919 1079 6 18 i

168 1112 12 26 $
197 1116 18 22 5.
246 1112 35 20 Af
300 1113 42 20 den
357 1114 86 26 mening
459 1114 51 24 åter,
528 1120 47 13 som
590 1120 27 13 nu
633 1113 87 20 afslutar
736 1112 135 27 paragrafen,
887 1111 38 20 har

167 1146 81 21 bildats
272 1154 26 12 en
321 1154 30 19 ny
369 1148 106 26 paragraf,
493 1148 6 19 i
514 1147 86 20 hvilken
616 1147 111 20 dessutom
743 1148 88 25 intagits
847 1152 26 14 en
888 1145 37 21 be-

167 1180 116 27 stämning,
306 1187 47 13 snm
371 1181 78 20 saknas
465 1183 6 19 i
487 1181 248 27 författningsförslaget,
751 1187 49 13 men
815 1180 55 20 efter
885 1180 41 20 Ut-

167 1214 96 20 skottets
286 1214 140 21 förmenande
449 1215 68 20 borde
540 1216 6 19 i
567 1215 120 20 detsamma
708 1215 56 26 ingå.
795 1214 71 26 Jämte
889 1214 37 20 det

167 1248 111 26 nämligen
300 1248 100 26 gällande
423 1249 36 27 lag
481 1249 120 27 uppställer
623 1249 73 20 såsom
718 1248 79 20 allmän
812 1248 65 26 regel,
894 1251 33 17 att

166 1282 166 26 verkställighet
355 1283 24 19 af
396 1283 51 20 dom
468 1283 40 20 bör
523 1283 65 20 sökas
604 1283 40 20 hos
660 1282 173 24 öfverexekutor,
851 1288 76 20 guver-

166 1316 74 24 nören,
265 1316 137 21 föreskrifves
425 1317 66 20 tillika
514 1320 32 18 att
568 1316 179 21 öfverexekutors
765 1316 78 26 utslag,
865 1316 62 20 hvar-

167 1351 89 25 igenom
271 1350 31 20 till
316 1350 167 27 verkställighet
498 1350 120 25 förordnas,
633 1351 49 20 icke
697 1351 35 19 må
748 1350 68 20 sättas
827 1351 6 18 i
844 1349 81 24 verket,

166 1385 65 19 innan
254 1384 37 20 det
313 1386 74 19 vunnit
408 1384 49 27 laga
480 1384 63 25 krafr,
566 1388 61 17 utom
642 1385 39 20 där
696 1383 67 21 saken
779 1383 18 26 ej
813 1384 38 26 går
867 1383 60 20 öfver

166 1417 119 21 trehundra
300 1418 66 25 daler,
383 1420 6 18 i
405 1418 81 21 hvilket
501 1418 36 21 fall
553 1419 42 19 den
607 1418 107 20 vinnande
726 1417 68 26 njuter
807 1417 121 27 utmätning

167 1455 51 17 utan
239 1452 76 20 hinder
337 1452 24 20 af
379 1452 216 27 ändringssökandet,
612 1459 49 13 men
676 1452 78 20 endast
770 1455 59 17 emot
844 1451 84 27 borgen

238 1491 131 22 Lagutskottets
382 1491 110 18 betänkande
504 1491 38 17 N:o
554 1491 28 17 14.
