1061 1692
312 104 27 22 U.
354 104 26 22 B.
397 116 27 4 —
440 104 73 28 Prop.
529 103 45 22 N:o
590 103 36 22 24.
789 105 27 20 19

95 165 71 27 ligare
182 164 90 22 delarna
287 164 25 21 af
325 164 81 27 landet,
421 164 40 21 der
477 163 76 28 dylika
568 163 44 21 mål
628 162 66 23 äfven
709 163 64 21 torde
788 163 58 22 före-

96 201 86 21 komma
203 200 34 22 till
259 202 70 20 större
351 200 59 21 antal
429 202 28 18 än
473 199 145 22 annorstädes
634 199 7 21 i
657 199 80 21 landet.
765 198 82 22 Derför

96 236 40 21 och
157 236 35 21 till
213 235 140 22 undvikande
368 234 25 22 af
406 234 131 28 förändring
552 234 50 22 utaf
616 234 111 22 särskilda
741 240 105 21 paragra-

96 271 46 22 fers
163 272 7 21 i
194 271 211 28 Värnepligtslagen
433 271 205 27 ordningsnummer
665 271 41 21 har
731 270 117 22 Utskottet

97 308 72 21 såsom
192 309 33 20 ett
247 309 50 26 nytt
315 308 95 21 moment
429 307 8 21 i
459 308 40 20 118
517 306 12 29 &
545 306 69 22 infört
630 308 32 20 ett
678 306 121 27 stadgande
815 306 33 22 uti

96 343 157 28 ofvanangifna
269 343 24 21 af
307 343 114 22 Utskottet
436 342 116 28 godkända
568 341 64 28 syfte.

169 427 44 22 Vid
235 426 165 28 granskningen
424 425 24 22 af
464 426 27 21 de
507 425 7 22 i
531 425 42 22 den
588 425 82 28 nådiga
684 425 164 27 propositionen

97 463 109 28 ingående
222 463 112 26 förslagen
350 462 34 21 till
399 461 199 28 lagförändringar,
614 461 76 23 hvilka
705 461 94 22 hänföra
815 461 34 28 sig

98 499 35 21 till
149 499 79 27 frågan
244 505 34 15 om
293 497 174 28 värnepligtiges
483 496 138 23 förfallolösa
635 497 152 22 uteblifvande
798 497 51 22 från

98 534 95 28 uppbåd,
217 534 40 21 har
280 534 57 21 inom
362 533 117 22 Utskottet
493 533 140 27 framhållits,
650 534 34 20 att
700 533 90 22 oaktadt
807 533 42 22 den

98 570 114 27 reglering
235 569 24 22 af
272 569 224 28 uppbådsområdena,
513 575 46 16 som
575 575 78 21 genom
669 569 80 27 nådiga
764 569 84 27 kungö-

99 606 75 22 relsen
197 605 25 22 af
243 605 42 22 den
309 607 11 19 7
342 605 92 22 oktober
452 606 56 20 1886
525 606 38 26 egt
578 611 54 21 rum,
650 611 28 15 en
694 604 35 22 del
745 604 104 22 områden

99 642 58 21 inom
181 641 72 27 Wasa,
278 641 121 26 Uleåborgs
424 641 39 21 och
485 640 85 27 Kuopio
592 640 37 21 län
644 639 136 22 fortfarande
797 646 53 16 vore

100 678 25 21 så
140 677 138 22 vidsträckta
294 679 38 25 att,
349 676 99 22 särdeles
464 676 13 21 å
493 676 92 27 somliga
600 677 67 26 orter,
684 676 45 27 der,
741 678 53 19 utan
805 675 45 22 till-

99 713 84 27 börligt
197 713 124 21 beaktande
337 712 7 21 i
360 712 120 22 allmänhet
491 711 24 22 af
523 712 27 21 de
560 712 175 27 värnepligtiges
745 712 105 21 bekväm-

100 749 77 27 lighet,
192 748 182 28 samlingsstället
384 747 94 28 förlagts
489 749 55 20 nära
554 747 210 27 uppbådsområdets
775 748 75 27 gräns,

101 784 176 22 hörsammandet
299 784 25 21 af
341 784 210 27 uppbådskallelsen
567 783 35 22 för
616 783 97 22 flertalet
727 783 125 27 värneplig-

101 820 46 27 tige
164 820 57 22 inom
236 820 98 22 området
349 819 112 22 medförde
478 820 98 21 särdeles
595 820 101 20 kännbar
706 819 95 21 kostnad
812 818 39 22 och

101 856 136 27 tidsutdrägt
247 855 94 22 förutom
349 856 68 20 andra
425 856 151 26 olägenheter;
588 855 40 22 och
636 855 40 21 har
685 855 37 21 det
729 854 122 27 anmärkts,

102 892 33 21 att
151 891 108 21 måhända
274 891 65 22 äfven
355 891 65 22 dessa
433 891 188 27 omständigheter
632 891 7 21 i
650 891 71 27 någon
731 890 51 22 mån
793 890 59 22 med-

102 927 98 22 verkade
216 927 74 21 dertill
306 928 32 20 att
353 927 58 21 inom
429 926 69 28 sagda
508 927 37 21 län
557 928 33 20 ett
600 926 25 22 så
636 928 56 20 stort
703 926 60 22 antal
773 928 79 20 värne-

102 962 94 28 pligtige
212 962 50 22 från
277 962 115 27 uppbäden
408 962 114 22 uteblifva.

175 998 115 22 Utskottet
312 998 40 22 har
370 998 50 22 icke
435 1004 30 15 nu
481 998 58 22 varit
554 998 8 21 i
578 997 91 23 tillfälle
684 998 33 21 att
733 997 69 21 inlåta
820 997 34 27 sig

103 1034 29 27 på
147 1040 29 16 en
191 1036 100 20 närmare
307 1034 166 27 undersökning
487 1033 24 22 af
520 1034 75 27 saken,
607 1040 49 15 men
667 1034 71 21 håller
749 1033 38 22 det
798 1032 56 22 dock

103 1069 35 22 för
162 1070 85 27 möjligt
267 1071 38 26 att,
322 1070 38 21 der
376 1069 182 27 ofvanpåpekade
574 1068 207 23 missförhållanden
798 1068 56 22 före-

104 1106 92 27 komma,
221 1106 108 21 desamma
351 1105 72 27 någon
446 1106 59 26 gång
521 1107 79 25 utgöra
615 1105 94 21 orsaken
724 1104 36 22 till
775 1106 79 20 värne-

104 1142 92 26 pligtigs
212 1141 151 22 försummelse
379 1143 33 19 att
426 1141 200 22 tillstädeskomma
639 1140 37 22 vid
687 1140 93 27 uppbåd.
812 1140 44 21 Det

105 1182 67 22 synes
194 1176 115 22 Utskottet
325 1176 74 22 derför
423 1176 98 28 önskligt,
537 1177 33 20 att
586 1176 113 27 Styrelsen
714 1175 50 21 ville
780 1176 52 26 taga
848 1174 8 21 i

104 1212 164 27 öfvervägande,
283 1212 109 22 huruvida
408 1211 46 22 icke
470 1218 27 15 en
510 1212 128 27 ytterligare
648 1211 109 28 reglering
767 1210 28 28 af
802 1217 54 20 upp-

104 1248 169 22 bådsområdena
295 1249 55 20 utan
372 1249 69 20 större
465 1247 117 21 kostnader
608 1247 72 22 kunde
696 1245 162 30 genomföras
844 1241 17 39 i

105 1285 42 20 den
170 1284 105 28 riktning,
291 1291 44 14 som
350 1283 94 28 äsyftats
459 1284 48 21 med
523 1283 123 28 Kejserliga
660 1282 159 28 förordningen
834 1281 28 28 af

105 1320 42 21 den
162 1319 31 22 20
209 1319 108 22 november
334 1319 60 22 1882
409 1320 114 27 angäende
538 1319 97 28 ändring
653 1318 33 28 af,
702 1318 65 22 bland
779 1318 78 26 andra,

105 1355 50 22 38:e
178 1357 15 26 $
210 1355 9 21 i
239 1355 205 28 Värnepligtslagen,
461 1356 24 21 sä
501 1356 31 20 att
548 1355 35 21 det
600 1354 38 28 för
660 1355 25 20 de
702 1353 157 28 värnepligtige

105 1391 67 28 blefve
191 1391 85 22 mindre
290 1391 135 28 betungande
441 1392 33 20 att
490 1391 88 27 infinna
594 1391 32 28 sig
642 1390 38 22 vid
695 1389 133 30 uppbdädena.

179 1456 128 23 Lagutskottets
319 1456 107 19 betänkande
438 1456 35 18 N:o
486 1456 29 19 17,
