1059 1700
334 134 29 22 U.
377 134 27 22 B.
419 146 30 4 —
464 134 73 28 Prop.
553 134 41 23 N:o
610 134 36 22 27.
860 137 12 19 5

117 199 32 20 ett
165 198 64 20 värde
245 197 22 21 af
280 198 65 21 minst
360 198 99 21 niotusen
477 198 61 22 mark
556 198 35 21 vid
610 197 97 27 äfventyr
725 200 34 20 att
776 198 97 21 fabriken

116 232 7 20 i
139 234 66 19 annat
219 231 37 22 fall
272 232 40 21 blir
327 232 86 27 stängd.

185 266 134 22 Innebörden
335 266 23 22 af
372 266 61 22 detta
447 266 120 27 stadgande
590 266 101 22 framstår
712 267 66 21 redan
802 266 71 22 deruti

118 302 38 24 att,
174 300 66 27 enligt
255 300 56 22 hvad
327 300 113 22 Utskottet
455 300 105 22 inhemtat
575 307 26 15 ur
609 301 27 21 de
643 300 23 22 af
672 300 201 28 Industristyrelsen

117 334 29 27 på
160 334 95 27 begäran
270 334 126 22 meddelade
412 334 138 28 uppgifterna
571 334 112 28 angående
698 334 85 22 landets
799 336 26 20 32
841 336 33 20 to-

117 368 162 22 baksfabrikers
299 369 137 21 verksamhet
450 368 33 22 för
499 369 24 21 år
540 371 61 24 1889,
626 369 152 21 bruttovärdet
793 369 22 21 af
829 369 45 21 års-

118 403 162 28 tillverkningen
296 403 33 22 för
345 405 12 20 8
373 403 94 22 fabriker
483 403 92 28 uppgått
591 403 32 21 till
640 404 77 21 endast
730 405 74 24 12,000
813 403 60 21 mark

118 437 53 22 eller
186 438 113 26 derunder,
315 440 56 19 samt
386 438 32 21 för
434 438 44 21 lika
496 439 78 26 många
589 438 32 21 till
639 438 64 27 högst
721 440 78 24 36,000
814 437 60 22 mark

118 471 33 22 för
166 472 80 28 hvarje.
275 472 88 22 Hälften
379 472 22 22 af
414 472 51 22 hela
480 473 82 21 antalet
577 473 88 26 utgöres
681 472 85 22 således
781 472 22 21 af
809 471 66 22 fabri-

117 506 39 21 ker
172 507 48 20 med
234 507 24 21 så
273 507 60 26 ringa
349 507 143 26 tillverkning,
509 509 32 19 att
557 507 27 21 de
601 507 125 27 påtagligen
742 507 47 21 icke
806 505 68 22 vore
859 501 18 37 i

118 541 65 21 stånd
199 543 32 19 att
247 541 79 27 årligen
342 541 68 22 inlösa
425 541 129 22 banderoler
569 541 33 22 för
613 543 63 23 9,000
685 541 67 21 mark.
768 541 33 21 Då
809 539 66 23 bland

120 575 26 21 de
173 575 67 27 öfriga
261 576 123 21 fabrikerna
407 576 78 21 endast
510 576 67 27 några
603 576 22 21 få
648 576 72 21 kunna
743 582 63 16 anses
829 581 46 15 som

118 610 123 26 betydande
264 610 134 21 industriella
421 610 149 27 inrättningar,
593 610 43 22 kan
656 610 37 22 det
708 610 49 21 med
773 610 102 21 säkerhet

118 643 134 27 förutsättas,
269 647 32 18 att
317 650 26 16 en
359 646 44 19 stor
419 644 34 22 del
470 644 22 22 af
505 651 29 15 nu
550 644 137 22 existerande
703 644 173 22 tobaksfabriker

118 678 66 21 redan
200 678 28 27 på
243 679 68 27 grund
326 678 21 22 af
363 678 26 22 de
404 679 7 20 i
427 678 23 28 85
468 680 25 20 12
509 679 41 21 och
560 680 25 20 17
594 679 107 26 ingående
713 678 162 22 föreskrifterna

118 712 73 22 kunde
207 719 23 15 se
246 713 33 26 sig
293 713 118 21 föranlåten
428 715 33 19 att
476 713 98 27 upphöra
589 714 49 20 med
654 713 33 21 sin
702 713 145 21 verksamhet.

191 742 54 37 Men»
254 748 49 20 icke
319 754 41 20 nog
376 748 95 21 härmed.
502 746 33 23 En
551 747 53 27 följd
620 747 23 21 af
657 747 40 22 den
713 747 80 27 nådiga
800 752 76 22 propo-

120 781 103 22 sitionens
246 782 156 26 godkännande
427 788 51 15 vore
494 782 69 26 äfven,
579 784 33 19 att
628 788 26 15 en
671 782 56 21 serie
743 781 22 22 af
778 781 97 21 inskrän-

119 816 71 21 kande
213 816 39 21 och
276 816 150 26 begränsande
449 816 134 21 föreskrifter
604 816 86 21 komme
713 818 33 19 att
771 815 104 25 utfärdas,

119 850 72 21 hvilka
206 850 69 21 måste
291 850 6 21 i
313 850 42 27 hög
371 850 52 27 grad
438 850 98 22 försvåra
551 850 222 27 tobaksförädlingen.

190 884 84 27 Nådiga
296 884 161 28 propositionen
481 885 88 26 stadgar
584 886 7 20 i
607 885 32 21 sin
662 884 13 28 &
700 887 31 23 14,
756 886 33 20 att
810 884 66 21 tobak

120 918 128 22 hädanefter
269 918 55 28 finge
340 919 114 21 bearbetas
478 920 77 21 endast
574 920 5 20 i
595 919 76 26 fabrik,
694 919 94 21 inrättad
811 918 66 27 enligt

119 952 139 27 föreskrifter,
275 960 45 14 som
335 952 117 23 framdeles
468 954 85 21 komme
569 956 32 19 att
617 954 118 26 meddelas,
753 954 39 21 och
809 952 66 28 enligt

120 987 10 27 $
146 989 27 19 26
189 988 112 21 ankomme
318 988 13 20 å
346 988 106 21 Senatens
470 988 285 27 Ekonomie-Departement
770 990 33 19 att
812 987 65 22 bland

120 1024 65 18 annat
207 1022 98 21 meddela
322 1022 26 21 de
364 1024 98 20 närmare
485 1022 142 26 föreskrifter,
651 1028 45 16 som
717 1022 32 22 för
765 1022 41 22 den
821 1021 55 22 före-

120 1056 76 26 slagna
209 1055 164 27 förordningens
389 1056 135 28 tillämpning
539 1056 73 22 kunde
623 1056 97 22 befinnas
729 1056 147 26 erforderliga.

120 1090 117 26 Angående
253 1090 65 28 syftet
333 1090 23 22 af
370 1091 26 21 de
412 1091 142 27 stadganden,
565 1097 47 15 som
623 1091 6 21 i
641 1091 40 21 den
693 1092 108 20 närmaste
812 1090 64 21 fram-

120 1125 59 21 tiden
195 1130 51 17 vore
261 1127 33 19 att
309 1127 82 20 emotse
413 1124 70 28 gifves
506 1126 48 21 icke
570 1125 23 22 åt
609 1125 123 22 Ständerna
753 1125 70 27 någon
839 1130 36 16 an-

120 1159 96 27 tydning,
243 1159 67 22 ehuru
334 1160 37 21 det
385 1160 7 21 i
407 1160 102 21 liknande
531 1159 36 22 fall
587 1160 56 21 varit
657 1160 87 26 vanligt,
762 1162 33 19 att
807 1159 69 28 jemte

122 1194 41 21 den
189 1193 33 22 till
247 1193 132 22 Ständernas
405 1194 100 27 pröfning
531 1194 159 22 öfverlemnade
713 1193 161 28 propositionen

118 1228 79 27 jemväl
215 1228 26 21 de
263 1229 135 26 stadganden
422 1229 31 20 till
469 1229 122 21 kännedom
614 1228 117 26 meddelas,
755 1228 71 21 hvilka
840 1229 37 20 äro

120 1262 91 22 afsedda
227 1265 34 19 att
275 1263 6 21 i
297 1263 158 21 administrativ
480 1265 41 24 väg
543 1262 106 22 utfärdas.
688 1263 51 21 Icke
756 1261 122 23 osannolikt

120 1303 63 21 synes
199 1297 56 21 dock
271 1298 137 26 antagandet,
432 1300 33 19 att
487 1297 62 22 äfven
565 1298 6 20 i
587 1298 71 21 denna
674 1297 35 21 del
731 1296 146 27 liktormighet

120 1331 77 22 mellan
214 1331 149 27 stadgandena
379 1332 6 20 i
401 1332 165 27 Kejsaredömet
581 1332 41 21 och
637 1332 8 20 i
661 1332 90 21 Finland
760 1334 24 18 är
795 1330 82 22 afsedd.

119 1366 114 21 Utskottet
256 1366 39 21 har
317 1366 49 21 med
389 1366 103 22 afseende
515 1366 53 21 härä
583 1366 71 21 funnit
669 1366 32 26 sig
715 1365 116 22 föranlätet
846 1367 33 19 att

119 1400 7 20 i
142 1400 39 21 och
197 1399 34 22 för
246 1399 86 27 frägans
348 1402 99 20 närmare
463 1400 116 27 utredning
594 1402 51 25 taga
664 1400 120 22 kännedom
801 1406 32 14 om
851 1399 27 21 de

189 1450 216 23 Bevillningsutskottets
417 1450 118 18 betänkande
547 1451 38 18 N:o
597 1452 16 16 5.
