1061 1703
245 153 11 18 2
541 152 45 23 N:o
607 155 39 21 26.

216 219 109 28 Brobergs
341 220 38 21 och
394 220 70 21 Norra
480 221 89 26 kajerna
585 220 32 21 till
632 222 72 19 vestra
719 221 104 20 stranden
840 220 22 21 af
878 220 92 22 Skatud-

215 254 48 21 den.
294 255 33 20 Då
351 255 116 21 emellertid
494 255 35 20 det
549 255 33 20 för
597 255 166 26 ifrågavarande
778 255 58 21 bana
851 255 118 27 uppgjorda

214 289 87 26 projekt
320 289 5 20 i
345 289 49 21 flere
410 289 115 22 afseenden
541 289 75 22 befans
632 289 129 27 bristfälligt,
778 290 39 20 har
832 290 73 27 frågan
923 290 46 21 der-

215 329 33 14 om
264 324 117 20 tillsvidare
396 324 94 21 förfallit.

285 358 99 20 Derefter
400 358 38 20 och
454 358 66 21 sedan
536 358 106 20 särskilda
658 364 41 20 nya
713 358 80 26 förslag
808 358 33 20 för
857 364 25 15 en
895 358 74 20 hamn-

213 391 58 21 bana
291 392 32 20 till
347 392 124 21 Skatudden
487 398 75 20 genom
579 392 208 26 Stadsfullmäktiges
803 392 83 27 försorg
901 392 66 21 blifvit

213 426 120 27 uppgjorda
351 426 37 21 och
410 427 23 20 af
446 427 211 26 Jernvägsstyrelsen
674 427 127 26 granskade,
818 426 62 22 hafva
895 426 73 21 Stads-

213 460 140 27 fullmäktige,
377 461 47 21 med
447 461 131 27 frångående
602 461 22 21 af
645 461 139 21 omförmälda
799 461 90 27 tidigare
904 460 64 21 fram-

213 494 71 21 stälda
300 494 85 27 förslag,
405 496 2 20 i
424 495 172 27 underdånighet
612 496 99 20 anhållit:
728 496 32 20 att
775 495 133 27 Helsingfors
919 495 47 21 stad

213 529 68 21 måtte
304 529 66 21 undfå
385 530 98 21 tillstånd
499 532 31 19 att
547 530 91 27 anlägga
654 536 25 15 en
693 530 89 27 jernväg
798 529 46 22 från
858 530 109 27 jernvägs-

211 563 86 21 banken
314 564 34 21 vid
363 564 132 21 Kaisaniemi
511 564 57 21 öfver
584 565 161 26 Kampmalmen
762 564 60 27 längs
840 566 71 19 vestra
929 564 38 21 och

213 598 64 20 södra
288 598 158 26 hafsstranden,
458 599 130 26 Parkgatan,
600 599 240 26 Skeppsvarfsområdet
852 599 37 20 och
904 599 61 26 kajen

212 632 63 27 kring
298 633 64 20 södra
384 633 91 21 hamnen
493 633 31 21 till
540 633 134 26 Skatudden;
692 635 32 19 att
741 633 69 20 denna
825 633 62 26 bana,
903 633 64 20 hvars

212 667 131 27 anläggning
358 674 50 14 vore
425 667 74 21 afsedd
515 669 32 19 att
562 667 88 27 vidtaga
666 667 129 21 oförtöfvadt
812 667 53 21 efter
876 667 35 21 det
923 673 43 14 om-

212 700 104 21 förmälda
333 701 97 21 tillstånd
447 702 118 20 meddelats
582 701 38 21 och
636 702 101 20 slutföras
753 701 57 21 inom
830 703 33 19 tre
880 702 23 20 år
919 701 46 20 der-

212 735 61 26 ofter,
289 736 68 20 måtte
373 742 75 19 genom
465 736 222 26 Jernvägsstyrelsens
703 736 83 26 försorg
802 736 27 26 på
838 735 73 26 vilkor,
921 742 45 14 som

210 776 76 19 genom
305 770 213 21 öfverenskommelse
527 770 88 21 emellan
633 771 91 20 nämnde
741 770 89 26 styrelse
846 770 38 21 och
892 770 73 20 veder-

481 806 17 20 et
515 805 112 21 framdeles
646 804 128 26 bestämdes,
791 804 126 26 exploiteras
933 804 33 20 för

211 839 209 27 statsjernvägarnes
437 840 100 26 räkning;
555 841 33 19 att
599 840 76 20 staden
686 839 32 21 för
726 839 239 27 jernvägsbyggnadens

210 872 117 22 utförande
342 874 66 20 måtte
425 874 22 20 af
461 874 107 20 allmänna
584 874 67 20 medel
667 873 103 21 förunnas
782 874 32 20 ett
824 872 141 22 låneförskott

211 907 22 20 af
257 908 113 26 2,000,000
396 909 67 22 mark,
490 910 33 19 att
547 908 63 27 lyftas
633 908 5 20 i
655 914 49 14 mon
720 907 23 21 af
756 907 65 21 behof
834 907 6 21 i
856 909 73 25 poster
945 907 22 21 af

211 943 90 25 100,000
318 943 66 26 mark,
401 944 48 20 med
466 943 119 27 skyldighet
600 942 33 21 för
648 943 76 21 staden
741 943 32 19 att
789 942 118 20 äterbetala
922 941 42 21 för-

209 977 83 21 skottet
316 978 64 20 sedan
402 978 228 26 jernvägsbyggnaden
654 978 68 20 blifvit
737 977 69 26 färdig
822 976 38 20 och
876 976 89 26 afsynad

209 1013 58 18 samt
283 1012 5 19 i
305 1012 73 26 hvarje
394 1012 34 20 fall
446 1012 57 21 inom
518 1012 40 21 fem
576 1013 23 19 är
616 1012 53 20 efter
684 1012 35 20 det
729 1011 69 21 första
808 1012 62 19 raten
881 1010 82 27 lyftats;

209 1046 32 19 att
265 1045 33 20 för
315 1046 260 27 jernvägsanläggningen
592 1046 39 21 och
647 1045 86 21 dermed
749 1045 101 20 förenade
865 1045 100 20 hamnar-

209 1079 65 21 heten
290 1081 68 20 måtte
374 1081 22 20 af
410 1081 124 20 statsmedel
544 1081 88 26 beviljas
644 1087 26 14 en
681 1079 128 22 subvention
821 1079 23 20 af
854 1079 110 26 1,000,000

207 1114 69 26 mark,
301 1120 45 15 som
370 1115 68 20 skulle
462 1115 100 20 afräknas
585 1115 13 20 &
613 1115 67 26 sagda
695 1113 149 26 läneförskott,
861 1114 54 20 samt
931 1114 34 19 att

209 1148 40 21 den
267 1148 31 21 del
316 1148 23 21 af
349 1149 124 26 jernvägen,
491 1155 44 15 som
551 1149 61 20 faller
627 1149 57 20 inom
700 1149 209 26 statsjernvägarnas
921 1153 43 14 om-

207 1182 58 26 råde,
290 1184 68 20 måtte
380 1183 23 21 af
416 1184 211 26 Jernvägsstyrelsen
643 1184 28 26 pä
687 1183 142 21 statsverkets
844 1181 120 22 bekostnad

208 1216 91 22 utföras.

282 1252 82 20 Genom
388 1252 39 21 den
452 1252 124 26 sträckning
593 1251 164 27 ifrägavarande
774 1251 58 21 bana
847 1250 65 27 enligt
929 1250 35 20 det

209 1293 42 20 nya
275 1286 103 26 förslaget
401 1287 69 20 skulle
493 1286 85 26 erhålla,
594 1286 84 20 komme
694 1286 130 24 densamma,
840 1285 52 20 utan
909 1285 33 19 att
958 1284 7 20 i

208 1322 119 20 nämnvärd
351 1328 49 14 mon
424 1322 69 20 rubba
515 1320 147 27 stadsplanen,
686 1321 33 20 att
735 1320 93 20 omsluta
844 1318 75 22 staden
935 1318 27 26 på

206 1356 91 25 ungefär
316 1354 163 27 trefjerdedelar
499 1355 22 20 af
534 1355 48 20 dess
598 1355 94 20 omkrets
709 1354 38 20 och
763 1353 74 20 dervid
852 1353 45 20 icke
913 1352 50 20 alle-

205 1391 50 18 nast
278 1389 35 20 vid
337 1389 68 21 Södra
429 1389 90 21 hamnen
544 1389 39 20 och
606 1388 121 21 Sandviken
747 1389 54 19 utan
818 1387 39 20 ock
872 1386 34 21 vid
922 1386 41 21 den

203 1423 115 21 tillernade
341 1429 42 20 nya
405 1423 93 21 hanmen
521 1423 35 20 vid
571 1422 120 27 Hafsgatan
706 1422 77 20 beröra
800 1421 87 20 stadens
903 1421 60 26 kajer

203 1457 38 21 och
253 1457 230 27 hamnanläggningar,
491 1458 67 26 jemte
569 1457 35 20 det
615 1457 71 20 banan
698 1456 69 21 skulle
777 1455 87 27 betjena
874 1455 89 26 skepps-

209 1492 90 25 dockan,
324 1491 83 21 varfvet
430 1494 56 19 samt
502 1492 26 20 de
543 1491 127 21 industriela
686 1490 146 27 inrättningar
848 1489 38 21 och
901 1489 65 21 fabri-

209 804 97 18 hörande
315 805 124 23 stadsmynd
