1059 1695
402 137 44 24 N:o
468 138 38 22 19.
794 137 12 20 5

78 212 48 15 men
142 207 27 26 på
184 208 45 19 sätt
244 206 63 21 ofvan
323 205 86 27 antydts
424 205 62 21 torde
502 205 122 21 återstoden
640 205 24 21 af
677 205 68 27 sagda
761 205 74 26 anslag

76 240 86 21 komma
178 242 33 19 att
226 240 114 21 framdeles
357 239 31 22 för
406 240 38 21 sitt
460 239 99 22 ändamål
575 239 133 28 disponeras.

146 374 74 27 Enligt
244 373 23 22 af
291 369 172 31 Öfverstyrelsen
491 373 33 22 för
548 373 151 21 skolväsendet
722 373 115 27 uppgjordt

78 409 80 26 förslag
181 409 33 20 till
237 408 121 27 utgiftsstat
374 408 33 20 för
423 407 209 22 folkskoleväsendet
647 408 7 20 i
670 408 73 20 landet
758 407 33 21 för
806 407 30 21 in-

77 442 121 22 stundande
215 442 208 28 bevillningsperiod,
432 442 33 21 till
482 443 39 21 den
539 442 35 21 del
590 442 70 21 denna
675 441 65 27 utgift
755 442 47 21 icke
814 443 24 19 är

78 478 98 21 bestämd
192 479 33 20 att
243 477 87 27 påföras
346 478 107 20 allmänna
468 477 140 26 statsfonden,
625 477 69 21 skulle
710 476 34 22 för
758 476 79 21 under-

77 512 47 21 håll
147 513 30 26 af
196 512 114 21 städernas
330 512 125 27 folkskolor
478 512 109 21 erfordras
604 512 76 25 18,000
696 511 61 21 mark
773 511 64 27 årligt

77 547 99 21 tillskott.
206 548 34 20 Då
264 547 24 21 de
307 547 107 27 beviljade
438 547 140 27 ärsbidragen
602 546 34 22 till
653 546 112 21 städernas
781 546 54 20 folk-

81 582 73 21 skolor
170 582 35 21 vid
224 581 106 27 utgången
348 582 22 20 af
384 582 25 20 år
427 582 53 20 1889
496 582 107 26 uppgingo
619 581 33 21 till
668 581 93 25 214,850
777 580 61 21 mark

78 616 54 21 eller
147 616 7 21 i
170 616 64 21 rundt
256 616 30 21 tal
307 616 36 21 det
359 616 23 21 af
396 616 121 21 Ständerna
533 616 103 26 anslagna
651 615 79 27 belopp
746 615 91 26 215,000

78 651 61 21 mark
148 653 55 19 samt
211 651 73 21 härtill
293 651 74 26 läggas
376 651 26 21 de
411 650 23 22 af
441 650 120 22 Ständerna
569 650 33 21 för
611 650 51 21 åren
673 651 54 19 1890
737 650 38 21 och
783 650 51 20 1891

79 685 123 21 beräknade
213 685 168 27 tillökningarna
392 684 24 22 af
427 686 75 22 15,000
512 684 63 21 mark
586 690 34 15 om
632 684 53 26 året,
696 684 62 21 torde
770 684 68 20 årsut-

77 719 67 26 giften
154 719 33 21 för
196 719 105 27 sistsagda
312 719 23 21 år
347 719 86 21 komma
444 721 32 19 att
485 719 71 27 uppgå
564 719 33 21 till
607 719 25 21 de
642 718 23 21 af
673 718 120 22 Ständerna
801 724 37 14 an-

78 754 75 26 slagna
177 754 91 26 245,000
292 754 68 21 mark.
390 754 51 21 Med
456 754 60 21 detta
532 754 78 26 belopp
627 753 32 21 till
676 752 162 28 utgångspunkt

78 788 33 21 för
134 788 144 28 beräkningen
294 789 68 26 torde,
380 788 26 21 då
422 788 114 22 städernas
553 788 39 21 och
608 788 102 21 särskildt
726 788 27 21 de
768 789 70 19 större

78 823 114 21 städernas
216 823 198 21 folkskoleväsende
438 823 135 21 fortfarande
589 822 95 22 befinner
700 822 32 26 sig
748 822 8 21 i
772 822 66 21 snabb

79 857 127 26 utveckling,
231 857 35 21 det
282 857 23 20 af
320 853 170 30 Öfverstyrelsen
506 857 80 21 äskade
602 857 93 20 tillskott
710 856 24 21 af
764 857 75 25 18,000

79 891 61 21 mark
156 898 32 15 om
207 891 46 22 året
269 891 96 22 befinnas
382 891 34 22 för
432 891 123 22 ändamålet
571 891 107 27 behöfligt.
705 891 42 21 För
757 891 82 21 instun-

80 926 67 21 dande
170 926 202 27 bevillningsperiod
397 927 141 20 1892—1894
561 925 69 22 blefve
653 925 34 22 till
710 925 53 27 följd
780 924 61 22 deraf

81 960 96 27 följande
202 961 73 26 anslag
292 961 33 21 till
342 961 114 21 städernas
472 960 201 22 folkskoleväsende
689 959 149 27 erforderliga:

150 1030 54 20 1892
276 1046 112 4 0.0.0.
419 1029 351 27 245,000
525 1016 15 44 +
550 1016 86 44 18,000
649 1016 14 44 =
676 1029 94 27 263,000

150 1065 54 20 1893
239 1080 3 5 .
275 1081 3 3 .
310 1080 4 5 .
346 1081 4 3 .
382 1081 4 3 .
418 1065 92 25 263,000
529 1064 241 28 418,000==281,000

151 1100 55 19 1894
240 1115 4 4 .
275 1115 4 4 .
311 1115 39 5 so.
382 1115 4 4 .
418 1099 352 27 281,000
526 1085 15 45 +
551 1085 86 45 18,000
650 1085 15 45 =
675 1099 95 27 299,000

576 1139 87 21 Summa
678 1140 92 26 843,000

149 1207 33 21 På
199 1208 43 20 sätt
258 1208 62 20 ofvan
337 1208 81 20 anförts
435 1207 100 27 utgjorde
552 1208 40 20 den
608 1207 102 21 effektiva
720 1207 120 27 statsutgif-

80 1244 35 18 ten
136 1242 32 20 till
185 1242 116 20 underhåll
316 1242 30 26 af
354 1242 156 26 folkskolorna
523 1242 33 26 på
572 1242 72 20 landet
659 1242 69 20 under
744 1242 23 20 år
786 1242 53 20 1889

80 1276 92 26 591,453
195 1276 61 21 mark
276 1277 24 20 61
318 1277 72 26 penni,
407 1283 48 14 men
471 1277 34 20 vid
522 1276 58 21 årets
597 1276 42 21 slut
654 1275 55 22 hade
725 1275 34 22 för
774 1275 65 21 ända-

80 1309 66 22 målet
162 1310 98 26 beviljats
282 1311 90 26 tillhopa
388 1311 93 25 617,820
497 1311 68 20 mark.
595 1310 31 21 På
641 1310 69 27 grund
725 1310 62 21 deraf
801 1310 39 21 och

81 1344 27 21 då
124 1344 73 21 härtill
212 1345 97 20 kommer
326 1345 38 20 den
382 1345 23 20 af
420 1345 120 21 Ständerna
556 1345 32 21 för
602 1346 52 19 åren
667 1345 54 20 1890
732 1345 40 20 och
785 1345 53 20 1891

80 1379 124 21 beräknade
228 1380 137 26 tillökningen
386 1379 22 22 af
422 1381 79 26 35,000
516 1380 64 21 mark
596 1385 33 15 om
646 1380 52 25 året,
715 1379 41 21 kan
772 1382 67 18 emot-

80 1419 34 14 ses
138 1414 33 20 att
194 1413 142 28 beloppet-af
350 1413 33 22 för
398 1413 124 22 ändamålet
538 1413 104 27 beviljade
658 1413 130 27 statsbidrag
804 1413 36 21 vid

82 1447 108 27 utgången
214 1447 24 21 af
258 1448 134 21 sistnämnda
415 1448 25 21 år
455 1448 97 21 kommer
568 1450 32 19 att
616 1447 70 28 uppgå
700 1448 33 21 till
748 1447 92 27 687,820
