1056 1695
624 162 84 28 Bilaga
723 162 45 23 N:o
783 162 22 22 2.

84 400 165 34 Approximativ
270 400 72 34 kalkyl
366 401 64 28 öfver
450 401 162 28 statsfondens
632 401 116 28 ordinarie
769 402 82 33 budget

303 443 71 27 under
393 441 56 30 åren
468 442 166 29 1892—1894.

128 550 46 21 För
189 552 35 19 att
238 549 63 29 tjena
316 550 176 22 Statsutskottet
507 551 36 20 till
553 551 141 28 upplysning
704 551 39 21 vid
753 551 126 28 handlägg-

58 586 84 29 ningen
158 586 26 21 af
196 586 28 21 de
234 586 116 21 finansiela
361 587 111 20 ärendena
483 587 149 21 öfverlemnas
643 587 115 28 härjemte,
768 589 30 26 på
806 587 73 28 grund

58 622 26 21 af
103 622 63 22 Hans
189 621 128 29 Kejserliga
342 621 118 29 Majestäts
486 622 84 29 nådiga
594 622 231 29 Landtdagsordning
845 622 35 21 för

58 657 218 22 Storfurstendömet
293 657 97 22 Finland
406 657 26 22 af
445 658 43 21 den
506 659 28 20 15
550 658 30 27 (3)
597 658 66 29 April
680 658 63 28 1869,
760 666 28 13 en
805 658 25 21 af
842 658 37 21 Fi-

58 693 215 29 nansexpeditionen
295 693 7 21 i
322 693 128 29 Kejserliga
472 693 97 22 Senaten
591 693 114 29 uppgjord
722 694 78 29 kalkyl
817 693 64 22 öfver

58 729 152 22 statsfondens
225 729 124 28 tillgångar
364 729 43 21 och
422 729 72 22 behof
506 730 72 21 under
592 729 202 22 nästinstundande
811 732 33 18 tre
855 731 25 19 år

56 765 54 21 eller
125 765 35 21 för
176 767 53 19 åren
246 765 153 20 1892—1894.

128 800 79 21 Såsom
230 801 175 28 utgångspunkt
427 800 35 21 för
485 801 157 28 beräkningen
665 801 41 21 har
727 801 59 29 lagts
806 803 74 19 senast

56 835 120 22 faststälda
204 836 42 21 och
270 836 126 21 Ständerna
416 836 86 28 jemväl
526 837 101 28 delgifna
654 837 148 28 statsförslag,
827 837 53 20 eller

57 871 165 29 statsförslaget
238 871 35 22 för
288 872 151 21 innevarande
455 874 25 19 är
497 872 63 22 1891.

562 937 66 23 Enligt
644 939 54 16 stats-
743 938 9 17 =I
765 937 57 23 årligt
835 943 39 12 me-

310 968 4 4 j
563 961 89 22 förslaget
665 961 28 18 för
756 961 58 18 deltal
827 961 28 18 för

151 967 142 22 Statsfondens
310 967 115 22 inkomster.
587 987 20 16 a
621 986 51 17 1891.
744 986 45 17 1898
811 986 56 16 1807.

59 1008 18 21 1.
109 1008 92 22 Inkomst
221 1008 25 22 af
267 1008 100 22 domäner
390 1009 39 22 och
449 1015 71 16 annan

86 1044 81 21 statens
182 1044 146 28 förmögenhet
367 1062 3 3 i.
405 1062 3 3 .
442 1062 3 3 .
479 1062 3 3 .
516 1062 4 4 .
553 1045 124 28 2,565,000:
695 1059 28 2 —
769 1059 29 1 —
815 1059 26 1 —

56 1080 132 21 Inkomsten
208 1080 51 21 från
279 1081 188 28 kronoskogarna
483 1081 41 21 har

86 1116 44 27 väl,
147 1115 8 21 i
171 1116 149 21 betraktande
336 1116 26 21 af
375 1117 43 20 den
431 1116 93 21 förmin-

87 1152 69 21 skade
167 1151 195 29 sägtillverkning,
372 1152 95 21 hvarom
475 1152 47 21 lan-

87 1187 49 21 dets
152 1187 174 28 sägverksegare
342 1187 79 22 träffat
437 1187 62 28 aftal,
516 1188 8 21 i

88 1223 56 21 1891
156 1225 36 19 års
203 1223 143 28 statsförslag
356 1223 122 22 beräknats
488 1223 36 21 till

87 1259 79 21 endast
183 1259 117 27 1,300,000
312 1259 70 27 mark,
394 1267 52 13 men
458 1259 64 21 torde

87 1294 35 20 för
136 1294 152 21 instundande
303 1294 150 29 finansperiod
465 1294 57 22 kun-

87 1337 29 14 na
137 1330 129 21 observeras
287 1330 34 21 till
344 1331 96 26 200,000
459 1331 64 20 mark

87 1365 69 29 högre
173 1365 42 22 och
231 1366 73 21 denna
320 1365 50 22 titel
386 1365 68 29 förty,
472 1366 51 21 med

400 1407 124 28 Transport
554 1409 124 26 2,565,0000
695 1422 28 1 —
769 1421 28 3 —
814 1421 29 2 —
