1061 1703
246 122 15 19 4
398 120 83 22 Ständ.
499 119 38 24 Sv.
552 120 76 28 Prop.
644 132 29 4 —
689 119 44 23 N:o
749 119 36 22 27.

289 179 120 23 Skilnaden
432 180 95 22 emellan
548 180 42 21 den
614 179 35 22 för
668 179 139 22 närvarande
823 179 33 22 uti
871 180 41 21 tull
928 179 39 22 och

216 216 123 27 bevillning
365 216 111 27 utgående
504 216 171 21 tobaksskatten
704 216 39 21 och
773 215 42 22 den
842 215 126 28 föreslagna

217 252 86 21 accisen
318 251 98 28 framgår
432 251 24 22 af
470 251 165 22 nedanstående
650 251 69 22 tabell
735 251 64 22 öfver
814 251 105 28 afgiftens
930 252 37 21 be-

216 288 51 26 lopp
279 288 62 21 såväl
360 288 70 27 enligt
445 294 29 15 nu
485 288 104 27 gällande
606 294 45 15 som
667 288 41 21 ock
724 287 71 27 enligt
810 287 28 22 de
853 287 8 21 i
877 288 42 21 den
929 288 38 21 nå-

216 324 52 26 diga
285 323 164 27 propositionen
472 323 129 27 föreslagna
616 323 173 27 bestämningar.
820 323 34 21 De
870 323 31 21 uti
917 329 49 20 pro-

216 359 135 27 positionens
374 358 62 22 tariff
459 361 112 25 upptagna
586 359 60 21 olika
661 358 183 22 tobakssorterna
858 360 109 20 motsvara

216 395 37 21 väl
269 395 49 21 icke
334 394 141 28 fullständigt
491 395 27 21 de
533 395 8 21 i
557 394 76 22 landet
648 394 179 22 förekommande
835 394 131 26 fabrikaten,

215 436 51 16 men
279 430 143 27 jemförelsen
442 430 64 22 torde
522 430 56 22 dock
593 430 79 22 utfalla
688 430 138 27 någorlunda
841 430 75 27 riktig,
933 436 34 15 om

215 466 73 21 finska
311 466 97 22 fabrikat
432 466 24 22 af
476 466 120 22 utländska
616 466 52 21 blad
684 466 176 22 sammanställas
876 466 48 21 med
940 466 27 22 de

215 502 75 21 bättre
307 502 180 22 tobakssorterna
503 502 7 21 i
526 502 88 21 tariffen
630 502 40 21 och
685 501 98 22 fabrikat
799 501 25 21 af
836 502 69 26 ryska
915 501 52 22 blad

215 537 50 22 med
281 538 27 21 de
324 538 102 27 billigare
442 540 107 20 sorterna.

808 573 42 16 Tull
862 573 33 16 och

787 597 106 21 bevillning.
901 597 56 17 Accis.

799 621 37 18 Mk,
849 626 17 17 p.
890 621 37 16 Mk.
940 627 17 15 p.

214 651 206 26 Rök-
274 646 32 37 och
314 651 106 26 tuggtobak,
436 653 33 19 100
478 650 66 28 gr.,af
561 651 41 21 utl:
620 651 28 21 bl.
659 651 39 28 (=
725 650 137 28 Isort)-17
894 652 69 20 —65.

231 702 10 10 »
354 703 9 10 ä
428 688 65 25 100,
524 704 9 9 »
574 703 10 10 »
626 703 10 10 »
660 687 36 26 (=
711 685 151 28 Ilsort—17
897 698 20 3 —
925 687 40 20 34.

231 738 10 9 »”
354 738 9 10 N
428 724 41 19 100
483 738 10 10 ,
520 739 10 10 ,
547 720 281 30 ryskabl.(=IlIsort)—
848 722 74 26 5,85
906 716 12 38 —
932 723 32 20 13.

215 757 50 19 Snus
429 759 65 25 100,
519 774 10 10 »
574 774 10 10 »
629 774 10 10 »
801 769 27 3 —
849 758 115 26 5,85
904 745 14 44 —
929 758 35 26 34.

215 791 97 27 Cigarrer
429 794 41 20 100
484 810 9 10 ,,
522 811 10 11 ,
559 793 38 21 utl.
618 793 30 27 bl,
657 792 38 29 (=
721 792 72 27 Isort)
807 794 51 20 1:22
902 794 62 20 2:90.

261 845 10 10 »
429 830 65 26 100,
522 844 9 10 »
572 846 9 10 »
629 846 9 9 »
657 830 36 26 (=
710 828 85 26 IIsort)
809 828 53 21 1:22
905 830 59 20 1:80.

261 880 10 9 5
429 866 41 19 100
484 881 9 10 ,,
521 882 9 10 ,
549 864 103 27 ryskabl
659 864 223 27 (=Illsort)
818 860 12 36 —
836 860 53 36 46,3
897 866 67 19 —88.

213 900 122 24 Papyrosser
428 902 41 19 100
483 917 9 10 ,,
520 917 9 10 »
557 900 38 21 utl
621 900 72 27 bl(=
723 900 141 26 Isort)—-17
894 901 71 20 —60.

268 952 10 10 a
426 937 42 19 100
481 952 10 9 ,
519 953 10 10 ,
546 936 148 26 ryskabl.(=
709 935 118 27 Ilsort)
815 931 12 36 —
848 937 73 26 5,85
902 931 12 36 —
931 937 33 20 26.

285 1000 71 22 Dessa
379 1000 73 22 siffror
471 1000 194 28 vidhandengifva,
688 1002 32 20 att
736 1000 229 28 skatteförhöjningen

212 1035 87 22 komme
314 1037 33 20 att
362 1035 36 22 för
408 1036 99 27 cigarrer
517 1037 74 26 uppgå
601 1036 36 21 till
648 1035 94 28 ungefär
753 1037 103 20 50—140
867 1038 96 25 procent,

211 1071 80 21 medan
307 1071 97 22 deremot
420 1071 156 28 förhöjningen
587 1071 35 22 för
638 1072 50 21 rök-
705 1072 42 21 och
757 1072 123 27 tuggtobak
891 1071 74 23 blefve

211 1106 72 22 delvis
307 1109 58 19 ännu
388 1107 76 28 högre,
488 1109 57 20 samt
560 1107 35 22 för
611 1114 27 15 en
654 1107 37 22 del
707 1113 135 22 papyrosser
857 1107 40 22 och
913 1113 52 15 snus

211 1142 86 21 komme
314 1144 33 20 att
361 1143 74 27 uppgå
451 1143 58 21 ända
523 1143 35 22 till
575 1145 42 19 340
634 1144 14 20 a
668 1145 43 19 480
726 1144 97 25 procent.
847 1137 117 27 Öfverhuf-

211 1178 45 22 vud
272 1178 70 22 mäste
357 1180 45 20 mot
418 1179 44 22 den
476 1180 9 20 i
501 1179 43 21 den
560 1179 80 27 nädiga
656 1179 165 27 propositionen
831 1179 91 26 intagna
932 1180 32 19 ta-

211 1213 65 22 riffen
297 1214 123 28 anmärkas,
442 1217 33 19 att
496 1215 132 27 densamma,
649 1215 73 21 säsom
738 1214 43 22 alls
796 1214 50 22 icke
862 1213 103 27 afpassad

211 1249 59 21 efter
286 1250 27 21 de
328 1250 8 21 i
351 1250 97 22 Finland
464 1251 97 21 rådande
572 1250 326 27 konsumtionsförhällandena,
909 1256 56 15 sam-

210 1284 98 22 manfört
323 1286 71 21 under
409 1292 82 16 samma
507 1286 150 27 accisafgifter
672 1286 105 27 fabrikat,
795 1286 28 21 de
839 1286 39 21 der
893 1288 38 18 äro
943 1284 24 22 af

210 1321 123 27 väsentligt
349 1321 59 21 olika
424 1322 93 26 gvalitet
533 1322 40 21 och
589 1322 53 26 pris,
658 1322 78 21 medan
753 1327 29 15 nu
793 1320 104 28 gällande
907 1320 57 21 före-

211 1355 95 22 skrifter
328 1356 136 27 möjliggjort
487 1363 27 16 en
536 1357 52 22 vida
610 1363 60 16 mera
686 1357 81 21 rättvis
783 1356 144 26 beskattning
943 1354 25 22 af

210 1391 260 28 tobakstillverkningar.
