1059 1703
224 157 27 20 14
445 156 30 23 U.
490 156 28 22 B.
533 157 73 27 Prop.
624 169 23 3 —
665 156 41 23 N:o
721 156 37 22 27.

223 219 102 27 nederlag
340 219 23 22 af
377 220 66 21 tobak
459 219 20 29 (&
496 220 22 27 6)
529 219 40 22 och
577 219 33 22 får
616 220 79 27 jemväl
706 220 32 21 till
748 226 70 15 annan
827 220 153 21 tobaksodlare

223 253 86 28 försälja
326 254 130 21 tobaksblad
472 255 41 21 och
528 254 65 27 stjelk
608 254 7 21 i
631 255 24 20 rå
670 255 54 21 form
741 255 22 26 ($
780 253 30 28 7).
841 254 43 21 Det
900 256 24 19 är
932 255 48 20 med

223 288 82 27 hänsyn
322 288 32 21 till
370 289 64 21 dessa
449 289 135 26 stadganden
606 295 46 15 som
676 290 40 21 den
733 289 31 21 till
781 289 40 21 den
837 289 79 26 nådiga
931 295 49 21 pro-

222 322 121 26 positionen
376 323 99 27 bifogade
500 323 118 21 relationen
643 330 34 14 om
703 323 244 27 tobaksbeskattningen
973 324 6 20 i

223 356 107 27 Ryssland
346 357 61 21 äfven
430 357 82 22 inledes
529 358 48 21 med
592 358 170 21 konstaterande
778 357 23 21 af
814 357 76 27 sjelfva
905 357 75 25 princi-

222 397 48 21 pen,
287 392 32 20 att
334 392 179 26 tobaksodlingen
530 392 6 21 i
553 392 60 21 detta
628 392 50 21 land
694 394 24 19 är
733 398 26 16 en
775 392 25 21 fri
817 392 82 26 näring.

295 425 75 22 Såsom
385 432 63 21 synes
465 428 36 20 äro
518 426 64 22 dessa
597 426 134 22 föreskrifter
754 426 99 22 konträrt
869 426 110 22 stridande

222 461 46 19 mot
282 460 55 21 hvad
354 466 46 15 som
416 461 68 26 enligt
498 460 147 28 föreliggande
654 461 116 27 lagförslag
781 460 115 22 framdeles
909 461 70 21 skulle

222 494 66 21 blifva
303 494 99 27 gällande
418 495 6 21 i
440 495 97 21 Finland.
573 495 162 27 Lagförslagets
755 494 13 29 &
784 497 12 19 6
812 495 89 26 stadgar
916 496 63 20 neml.

222 530 33 19 att
271 529 151 27 tobaksodling
437 530 6 21 i
459 530 89 21 Finland
571 532 24 19 är
617 530 84 21 tillåten
717 530 77 21 endast
817 530 31 21 till
864 529 114 26 husbehof,

222 563 40 21 och
286 564 115 21 motiveras
428 564 130 27 stadgandet
581 565 30 20 uti
628 565 173 27 propositionens
828 564 109 27 inledning
952 565 28 26 på

222 599 47 20 sätt
284 604 45 15 som
346 599 66 21 redan
429 599 61 21 ofvan
507 599 87 21 anförts.

294 633 46 20 Den
355 633 69 21 finske
440 633 86 22 odlaren
548 633 69 22 skulle
641 633 85 22 således
746 633 48 22 icke
810 639 40 21 ega
866 635 44 19 rätt
925 635 32 19 att
972 633 6 21 i

222 666 32 20 sin
271 667 122 27 obetydliga
409 669 65 25 täppa
490 668 50 20 odla
555 674 59 15 mera
629 670 27 18 än
672 668 77 21 endast
765 668 40 20 och
821 668 91 20 allenast
923 667 55 21 hvad

222 700 42 21 han
280 700 50 27 sjelf
343 701 41 21 kan
401 701 110 27 förbruka;
531 702 41 20 han
589 708 50 15 vore
654 702 48 21 icke
717 702 123 26 berättigad
856 704 34 18 att
909 702 21 20 åt
946 702 32 20 sin

222 740 88 21 granne,
326 736 47 20 icke
391 742 37 15 ens
445 736 23 21 åt
482 736 109 21 fabrikant
606 736 31 21 uti
654 739 49 24 eget
718 736 50 21 land
777 736 87 26 försälja
874 736 42 21 den
928 742 50 15 vara

221 769 43 21 han
280 776 25 14 ur
320 776 53 20 egen
392 770 49 27 jord
464 770 81 21 kunnat
566 770 118 25 framkalla,
710 771 78 21 medan
808 771 37 21 det
865 769 113 23 fruktbara

222 803 119 27 Rysslands
355 804 115 27 jordegare
486 805 72 21 kunna
573 805 143 26 tillgodogöra
725 805 33 26 sig
766 805 48 21 sina
823 807 60 19 stora
891 804 87 22 tobaks-

221 838 113 26 plantager
350 838 28 27 på
393 841 57 19 mest
471 838 157 27 vinstgifvande
650 840 51 20 sätt.
738 839 166 27 Propositionen
920 839 58 21 afser

221 872 193 22 åstadkommande
431 873 22 21 af
467 872 145 28 likformighet
628 873 48 21 med
693 873 37 21 det
746 874 5 20 i
768 873 164 27 Kejsaredömet
947 874 31 20 in-

220 906 63 22 förda
298 909 112 25 systemet,
426 914 47 15 men
489 908 61 26 långt
565 908 53 20 ifrån
630 910 32 19 att
671 908 96 26 tillämpa
776 908 70 21 denna
854 908 123 26 grundsats,

220 941 40 21 har
275 941 142 27 lagförslaget
442 944 92 19 tvärtom
550 941 33 22 för
598 942 102 21 Finlands
721 942 144 26 jordbrukare
881 942 97 26 uppstält

220 975 185 27 inskränkningar,
428 976 72 22 hvilka
524 979 36 19 äro
576 976 115 28 påkallade
713 976 94 22 hvarken
824 976 22 21 af
862 976 116 26 Rysslands

220 1010 110 21 föredöme
346 1011 53 21 eller
414 1011 22 20 af
451 1011 26 21 de
493 1010 95 21 faktiska
603 1010 162 22 förhållandena
774 1010 53 22 eller
835 1010 22 21 af
864 1010 113 21 rättvisan.

294 1045 128 21 Granskade
438 1051 26 15 ur
478 1051 69 15 annan
564 1045 108 27 synpunkt
687 1045 69 22 förete
773 1045 26 20 de
815 1043 88 28 angifna
918 1044 60 21 stad-

220 1079 99 26 gandena
334 1080 68 21 andra
417 1079 44 22 lika
476 1079 134 27 väsendtliga
626 1079 86 22 brister.

293 1113 78 22 Medan
387 1113 83 22 bönder
485 1114 40 21 och
541 1116 87 25 torpare
648 1116 56 19 samt
720 1113 68 26 öfriga
803 1112 139 22 innehafvare
958 1112 23 21 af

220 1147 125 27 odlingsbar
355 1148 49 27 jord
422 1148 49 21 med
487 1151 50 24 eget
552 1149 74 20 arbete
642 1148 40 21 och
693 1148 32 21 för
734 1148 61 26 ringa
804 1147 93 22 kostnad
906 1147 72 20 kunna

219 1182 103 22 förskaffa
337 1183 33 26 sig
387 1183 39 21 sitt
441 1182 65 22 behof
520 1182 22 22 af
557 1183 72 25 tobak,
645 1183 84 21 komme
746 1183 40 21 den
798 1181 130 28 ojemförligt
936 1181 42 21 tal-

226 1216 70 22 rikare
318 1217 62 21 delen
398 1216 23 22 af
434 1217 195 26 arbetareklassen,
656 1217 85 21 hvilken
766 1216 96 22 hvarken
888 1216 91 21 besitter

219 1250 54 22 eller
288 1251 128 27 disponerar
438 1252 69 25 någon
530 1252 54 26 jord,
608 1254 32 18 att
655 1252 45 21 helt
715 1252 41 20 och
777 1251 67 21 hållet
859 1256 51 15 vara
925 1250 53 21 hän-

218 1285 62 21 visad
295 1286 31 20 till
344 1285 40 21 den
401 1286 6 20 i
424 1285 91 22 handeln
531 1285 174 22 förekommande
721 1286 39 21 och
770 1284 137 28 synnerligen
916 1284 63 26 drygt

218 1320 131 21 beskattade
364 1320 169 22 banderolerade
549 1327 71 15 varan.
652 1320 23 21 T.
692 1326 19 15 o.
728 1326 27 15 m.
772 1320 41 21 den
823 1320 103 20 besuttna
941 1318 37 22 be-

218 1353 132 28 folkningen,
381 1356 27 19 än
431 1361 59 14 mera
516 1354 42 21 den
581 1354 107 21 obesutna
708 1354 38 21 har
778 1354 76 21 hittills
878 1353 102 26 mängen-

218 1388 75 21 städes
315 1388 88 22 framför
427 1389 239 26 tobakstillverkningar
688 1389 40 21 och
748 1387 132 28 importerad
903 1387 75 21 rävara

217 1421 121 28 föredragit
355 1422 115 23 hemodlad
486 1423 73 26 tobak,
581 1423 85 20 hvilken
686 1422 98 27 betingar
800 1422 34 26 sig
849 1423 32 19 ett
895 1421 45 28 pris
958 1421 22 22 af

288 1473 216 22 Bevillningsutskoitets
517 1473 117 18 betänkande
646 1473 38 18 N:o
696 1474 17 16 5.
