1059 1689
239 140 12 19 6
532 142 44 23 N:o
598 143 37 22 17.

553 209 13 30 8
584 212 32 19 14.

276 250 46 21 Har
345 251 122 21 tillverkare
489 257 46 15 mer
556 253 26 19 än
599 257 25 15 en
640 252 57 26 gång
711 251 69 21 blifvit
795 251 119 22 förvunnen
930 258 34 15 om

210 284 153 22 öfverträdelse
386 285 23 22 af
428 285 166 28 förordningens
616 285 140 27 föreskrifter,
780 293 50 20 eger
852 286 112 21 Guvernör

210 319 109 21 dessutom
334 321 29 25 på
378 320 40 21 den
434 321 108 26 skyldiges
556 321 122 20 bekostnad
692 321 88 26 vidtaga
796 321 42 20 alla
854 321 25 20 de
893 321 71 26 åtgär-

210 354 44 26 der,
270 360 46 15 som
331 353 33 22 för
380 361 26 15 en
422 356 57 21 ökad
494 355 95 22 kontroll
604 356 74 21 kunna
693 362 53 15 vara
762 355 22 22 af
798 356 76 21 nöden.

553 424 13 28 &
584 426 32 20 15.

277 464 53 27 Den,
354 471 45 15 som
422 466 81 20 saknar
525 465 90 27 tillgång
638 466 33 20 att
694 465 32 21 till
749 464 52 22 fullo
820 464 64 27 gälda
899 464 65 28 enligt

210 498 70 22 denna
295 499 125 27 förordning
436 500 91 21 ådömda
543 500 68 26 böter,
628 499 60 27 skall,
704 500 8 20 i
728 499 78 26 stället,
823 499 67 21 hållas
901 499 7 21 i
918 498 46 22 fän-

208 534 58 27 gelse
288 534 32 21 för
343 534 47 22 hela
412 534 170 28 bötesbeloppet,
606 534 88 21 hvarvid
713 534 47 27 fyra
778 534 78 26 dagars
871 533 93 27 fängelse

209 574 75 15 svarar
306 570 45 20 mot
365 569 63 21 böter
443 569 33 21 till
492 569 38 21 och
548 569 48 21 med
611 569 61 27 tjugu
688 569 71 25 mark;
780 568 33 21 för
829 568 36 22 det
879 568 85 27 belopp,

209 610 46 14 som
270 603 142 28 öfverskjuter
427 604 62 27 tjugu
504 604 61 21 mark
582 604 38 20 och
636 604 66 27 stiger
718 604 32 20 till
766 603 118 21 etthundra
896 603 67 26 mark,

209 638 52 22 ökas
283 638 179 27 fängelsestraffet
485 639 49 21 med
550 645 25 15 en
592 639 40 26 dag
647 638 33 22 för
695 639 73 26 hvarje
787 638 48 21 fullt
850 638 77 26 belopp
944 637 23 21 af

208 672 42 22 fem
265 673 71 25 mark;
354 673 38 21 och
407 673 33 21 för
456 674 40 20 den
513 674 33 20 del
562 673 22 21 af
597 673 97 27 böterna,
711 680 46 14 som
771 672 142 28 öfverskjuter
924 674 40 20 ett-

210 707 86 21 hundra
318 708 66 26 mark,
409 708 52 21 ökas
484 707 178 27 fängelsestraffet
682 708 48 21 med
746 714 26 15 en
789 708 41 26 dag
845 707 33 21 för
892 707 73 27 hvarje

208 741 50 21 fullt
280 742 77 27 belopp
382 742 23 21 af
418 742 30 21 tio
464 742 70 26 mark;
556 742 53 21 dock
625 744 33 19 att
673 742 155 27 fängelsetiden
844 742 46 21 icke
905 742 7 21 i
927 742 37 20 nä-

208 777 38 26 got
261 776 36 21 fall
313 777 34 20 mä
362 778 70 20 sättas
447 777 75 27 längre
538 779 26 19 än
581 777 63 21 nittio
661 777 72 27 dagar.

558 846 12 28 &
588 848 32 19 16.

276 886 132 26 Kontrollör,
432 893 45 15 som
496 887 57 27 gjort
568 887 32 26 sig
616 886 83 27 skyldig
714 886 32 21 till
762 886 146 21 försummelse
926 886 38 20 och

208 921 135 20 värdslöshet
366 921 51 21 eller
441 927 79 14 annars
543 921 55 21 visat
614 921 32 26 sig
660 927 52 14 vara
728 920 32 21 till
778 920 94 27 sysslans
887 920 77 21 bestri-

209 955 71 21 dande
296 955 106 27 olämplig,
417 956 35 20 mä
468 957 53 19 utan
536 955 74 21 vidare
626 955 92 21 derifrän
733 955 79 26 skiljas.
828 954 84 21 Varder
921 954 42 21 han

208 995 34 15 om
257 989 113 28 bedrägeri
386 989 50 21 eller
452 996 72 15 annan
541 989 118 28 oredlighet
674 990 33 21 uti
723 990 94 27 tjensten
833 988 130 28 öfvertygad,

208 1023 84 23 straffes
308 1024 66 27 enligt
390 1024 77 21 allmän
482 1024 42 27 lag.

552 1098 12 28 8
583 1101 31 19 17.

275 1139 31 20 På
328 1139 71 26 grund
422 1139 23 21 af
463 1139 25 20 de
504 1138 115 28 uppgifter,
636 1145 45 15 som
698 1138 66 27 enligt
783 1138 13 28 &
814 1141 22 18 11
854 1139 109 26 insändas,

208 1175 108 25 uppgöres
332 1173 35 21 vid
382 1173 140 27 länestyrelse
541 1173 117 27 uträkning
673 1173 59 21 öfver
748 1173 36 20 det
802 1173 162 26 bevillningsbe-

209 1208 58 26 lopp,
292 1214 45 15 som
359 1207 33 21 för
414 1207 74 28 hvarje
511 1208 83 26 gvartal
614 1208 54 21 skall
685 1207 22 22 af
721 1207 123 21 tillverkare
860 1207 103 27 erläggas.

208 1241 71 22 Sedan
296 1242 121 21 debetsedel
432 1242 7 21 i
456 1241 219 22 öfverensstämmelse
692 1242 87 21 dermed
794 1248 76 20 genom
886 1243 78 20 krono-

208 1277 62 26 fogde
293 1277 27 26 pä
342 1277 74 20 landet
440 1277 37 20 och
501 1277 166 21 kronokassör
654 1271 13 37 i
684 1277 49 20 stad
757 1275 67 22 blifvit
842 1276 122 21 tillverkare

209 1311 183 26 tillhandahällen,
410 1311 79 27 äligger
506 1311 35 21 det
557 1311 68 21 denne
642 1313 32 19 att
689 1311 40 21 sist
745 1311 37 20 tvä
797 1311 102 20 mänader
910 1310 54 21 efter

209 1345 74 28 hvarje
302 1345 96 27 gvartals
421 1346 81 27 utgäng
521 1346 100 27 beloppet
636 1346 32 21 till
684 1345 95 22 nämnda
794 1345 123 27 myndighet
931 1345 32 21 in-

207 1381 102 20 leverera.
340 1380 103 27 Bryggeri
464 1381 39 21 och
526 1381 136 26 tillverkning
686 1383 36 18 äro
739 1380 123 27 underpant
879 1379 34 22 för
928 1380 36 21 be-

208 1415 127 26 villningens
351 1415 127 26 utgörande.
