1042 1706
205 116 27 22 26
405 114 75 23 Ständ.
497 114 35 22 Sv.
547 126 28 4 —
590 114 64 28 Prop.
670 113 39 22 N:o
726 112 33 23 19.

555 180 27 21 38
598 180 19 26 8.

275 225 72 27 Öfver
362 230 164 28 myndlingens
541 230 29 22 bo
586 230 60 20 skall
659 229 154 29 förmyndare,
824 228 41 22 där
879 228 82 21 sådant

206 265 20 28 ej
242 265 71 21 redan
329 264 68 28 skett,
413 266 82 26 genast
511 266 108 26 upprätta
633 264 37 21 och
684 264 6 20 i
699 262 96 23 afskrift
804 263 38 21 till
857 263 103 28 förmyn-

206 299 172 22 darenämnden
393 298 102 22 inlemna
510 298 153 28 förteckning.

555 396 27 21 39
597 396 20 26 8.

274 447 28 28 Ej
326 447 38 20 må
386 447 155 28 förmyndare,
564 448 56 20 utan
635 448 86 20 rättens
737 446 112 28 tillstånd,
864 446 37 22 för
916 445 45 22 den

205 481 135 28 omyndige:

276 516 20 26 1)
313 515 99 28 föryttra
428 515 56 20 eller
498 516 117 27 pantsätta
629 514 47 21 fast
691 514 123 29 egendom;

274 550 22 25 2)
311 549 56 28 ingå
389 549 57 21 aftal
469 556 38 14 om
528 549 124 28 nyttjande
674 549 26 20 af
719 548 46 21 fast
788 548 113 29 egendom
925 548 37 21 för

206 583 81 28 längre
302 582 35 22 tid
352 586 30 17 än
397 585 34 19 ett
446 583 25 20 år
486 583 59 21 efter
562 582 242 29 myndighetsålderns
819 582 97 28 inträde,
932 582 30 21 el-

205 617 35 22 ler
255 617 37 22 för
307 624 49 14 mer
371 620 29 18 än
415 617 47 21 fem
478 617 30 28 år,
525 624 38 14 om
579 617 183 28 omyndigheten
781 617 102 28 grundar
897 617 36 28 sig
949 617 13 20 å

205 653 88 20 rättens
308 651 85 27 beslut;

274 687 22 26 3)
314 689 75 25 öppna
404 685 56 22 eller
477 686 121 28 öfvertaga
613 685 84 22 handel
713 685 55 22 eller
783 692 76 15 annan
869 685 92 27 rörelse,

205 720 164 29 förmyndaren
384 719 60 22 dock
458 720 109 29 obetaget
583 721 34 20 att
631 719 109 23 fortsätta
755 720 90 27 rörelse,
862 727 49 14 som
925 721 37 20 ut-

208 754 76 22 öfvats
306 754 26 21 af
351 754 153 28 myndlingen
527 754 56 29 själf
601 755 56 20 eller
679 755 26 20 af
725 755 51 27 den,
793 754 58 22 efter
866 754 96 21 hvilken

206 788 152 29 myndlingen
373 788 60 29 tagit
448 789 37 21 arf
498 789 57 21 eller
572 789 26 21 af
610 788 95 22 hvilken
727 789 46 21 han
792 796 84 21 genom
891 789 71 28 gåfva

208 823 56 21 eller
279 825 137 19 testamente
431 823 92 21 erhållit
539 823 122 29 egendom;

273 858 22 25 4)
311 857 56 28 ingå
389 857 59 21 aftal
470 864 37 15 om
530 857 69 28 bolag
614 857 8 21 i
637 857 108 22 afseende
765 857 13 21 å
797 858 86 21 rörelse
906 857 56 22 eller

206 891 183 22 sammanlefnad
404 891 9 21 i
428 891 114 22 oskiftadt
557 892 36 27 bo,
609 891 57 22 eller
681 899 37 14 om
732 891 101 22 lifränta.

554 990 28 21 40
597 990 19 26 8.

273 1040 28 29 Ej
318 1040 37 21 må
370 1040 154 28 förmyndare,
547 1042 56 20 utan
625 1040 275 30 förmyndarenämndens
915 1041 46 22 till-

206 1074 75 28 stånd,
297 1074 37 22 för
350 1074 44 22 den
411 1074 133 29 omyndige:

274 1109 21 26 1)
311 1110 49 19 mot
374 1108 110 29 vederlag
499 1109 120 21 förvärfva
634 1109 47 21 fast
696 1110 121 27 egendom;

271 1142 23 29 2)
310 1142 100 28 föryttra
426 1142 56 22 eller
496 1143 37 21 till
550 1143 75 21 afsalu
640 1143 95 22 afverka
749 1144 58 28 skog
817 1143 52 22 från
880 1144 81 28 mynd-

203 1176 92 28 lingens
311 1176 118 29 fastighet,
446 1177 25 21 så
486 1177 71 21 framt
573 1178 19 28 ej
608 1177 170 29 afverkningen
789 1178 52 22 sker
852 1178 75 28 enligt
937 1179 26 21 af

205 1210 131 28 sakkunnig
351 1210 117 29 uppgjord
483 1212 43 21 och
540 1211 26 21 af
577 1211 264 29 förmyndarenämnden
851 1212 110 28 godkänd

204 1244 228 28 hushållningsplan;

272 1280 22 25 3)
311 1278 37 22 för
363 1278 92 22 kortare
470 1279 41 27 tid,
528 1282 29 18 än
572 1280 9 20 i
597 1280 27 21 39
640 1281 13 25 &
669 1283 58 25 sägs,
735 1280 56 28 ingå
802 1280 111 28 legoaftal
923 1287 37 15 om

204 1312 122 28 nyttjande
350 1312 25 21 af
394 1312 47 22 fast
463 1312 114 29 egendom
593 1313 13 21 å
620 1313 86 29 landet,
729 1314 53 22 med
803 1314 120 29 undantag
937 1314 26 22 af

204 1348 62 28 torp;

272 1382 23 26 4)
310 1382 101 28 upptaga
426 1381 46 28 lån,
488 1382 55 28 ingå
558 1382 208 22 vexelförbindelse
778 1384 56 21 eller
842 1383 119 29 öfvertaga

205 1416 149 28 ansvarighet
369 1415 37 22 för
422 1423 87 15 annans
525 1416 74 22 skuld.
791 1413 4 4 N
