1042 1711
438 100 39 22 N:o
493 103 33 20 22.
806 102 23 20 11

238 169 40 22 den
296 171 25 20 15
337 169 58 22 Mars
411 172 56 19 samt
478 171 63 27 utgår
551 170 33 22 för
595 171 93 21 nämnda
698 170 122 28 skogsfägel
830 170 30 22 äf-

237 209 87 16 vensom
347 203 33 22 för
399 204 80 27 tjäder-
495 205 37 22 och
551 205 95 22 orrhöna
662 205 40 22 den
718 206 27 21 24
760 205 99 27 Augusti.

105 249 64 21 Anm.
184 250 22 21 2.
236 249 77 27 Skytte
335 249 68 22 under
426 251 73 20 sträck
521 251 38 20 och
581 251 33 21 för
637 251 71 21 vettar
725 257 51 15 vare
791 250 71 22 under

215 302 6 3 <
236 283 171 27 fridlysningstid
422 284 7 20 i
444 286 58 25 yttre
517 285 132 26 skärgården
666 285 78 21 tillåtet
760 285 13 20 ä
787 284 73 27 knipa,

237 318 55 20 stor-
308 316 39 22 och
363 317 131 27 smäskrake,
510 320 79 25 svärta,
606 318 88 27 sjöorre,
705 318 55 27 vigg,
770 317 92 22 hvitbuk

236 350 39 22 och
291 350 84 28 allfogel
391 354 56 19 samt
461 352 7 21 i
483 346 80 28 Ålands
579 352 107 27 skärgård
698 352 79 28 jemväl
792 352 12 21 &
816 352 45 21 hvit

238 386 114 26 ejderhane
367 386 51 22 eller
433 387 106 27 gudunge.

106 430 63 21 Anm.
185 432 22 20 3.
236 430 63 22 Visar
315 431 149 22 erfarenheten
481 434 32 19 att
529 432 40 22 den
584 432 178 28 fridlysningstid,
774 438 46 16 som
831 432 30 22 of-

237 472 41 14 van
302 468 24 18 är
348 465 105 27 bestämd,
476 466 100 22 behöfver
591 466 8 22 i
614 467 67 26 nägot
702 466 37 21 fall
762 466 33 21 för
814 466 48 22 hela

237 499 74 21 landet
327 500 51 21 eller
392 500 43 21 viss
451 500 34 21 del
501 500 61 21 deraf
575 501 125 21 utsträckas
715 500 51 22 eller
778 500 84 22 förkor-

237 535 40 25 tas,
301 534 51 22 eller
377 534 88 27 päkalla
487 534 210 22 ortsförhällandena
720 534 51 22 eller
793 534 70 22 andra

237 568 184 27 omständigheter
449 568 113 23 framdeles
590 569 136 27 stadganden
752 569 110 27 angående

233 603 48 27 jagt
297 603 12 21 å
325 605 68 19 annat
408 603 59 26 vildt,
484 605 27 20 än
525 604 41 21 här
581 603 125 22 omnämndt
720 603 76 27 blifvit,
807 602 55 22 skall

237 637 74 22 derom
335 638 7 21 i
367 638 157 22 administrativ
552 637 187 28 lagstiftningsväg
763 637 99 22 utfärdas

236 671 92 23 särskild
343 671 70 28 Nädig
427 672 131 28 förordning.

104 717 64 21 Anm.
184 718 21 20 4.
235 717 69 22 Ofvan
319 718 108 27 medgifna
442 720 45 20 rätt
503 720 33 19 att
551 718 7 21 i
572 712 82 27 Ålands
670 718 106 27 skärgård
790 718 72 27 skjuta

236 752 115 27 ejderhane
372 753 43 22 kan
434 753 7 21 i
456 753 140 28 jagtvärdens
618 753 92 21 intresse
732 753 130 21 inskränkas

236 787 52 22 eller
311 788 39 21 ock
372 789 123 20 utsträckas
515 787 33 22 till
571 788 69 21 andra
658 787 59 22 delar
740 787 23 21 af
776 787 85 21 landets

236 821 105 28 skärgärd
355 822 8 21 i
379 822 41 21 den
436 822 96 27 ordning,
548 828 45 15 som
608 822 8 20 i
631 821 178 27 nästföregäende
825 827 37 15 an-

236 856 113 26 märkning
364 857 55 25 sägs.

454 920 24 20 17
495 920 16 27 &.

173 959 46 22 Har
234 960 71 26 nägon
325 960 71 21 utsatt
411 959 8 21 i
433 958 48 23 fritt
499 959 98 22 tillständ
613 959 79 21 sädant
707 959 81 27 nyttigt
803 958 59 27 vildt,

106 1000 47 16 som
174 993 59 22 förut
255 994 46 22 icke
323 994 83 22 funnits
421 994 8 21 i
443 994 74 22 landet
540 994 50 22 eller
606 994 14 21 ä
635 995 68 25 orten,
727 993 40 22 och
790 993 72 22 derom

106 1028 103 28 kungjort
230 1028 8 21 i
261 1030 73 20 ortens
360 1028 69 27 kyrka
451 1028 39 22 och
513 1028 107 22 allmänna
643 1028 145 26 tidningarna,
812 1033 51 16 vare

107 1062 74 28 hvarje
203 1068 72 16 annan
297 1062 109 28 förbjudet
429 1064 34 20 att
485 1063 68 22 under
575 1062 75 27 loppet
672 1062 24 21 af
712 1063 97 20 närmast
823 1062 39 21 föl-

104 1097 67 28 jande
185 1096 42 23 fem
243 1098 24 21 är
283 1097 12 21 &
311 1097 40 21 den
367 1099 61 19 orten
441 1097 52 28 jaga
509 1097 78 22 sädant
603 1097 109 21 villebräd.

455 1160 24 21 18
496 1160 19 28 8.

174 1199 128 28 Hackspett,
313 1201 48 26 gök,
374 1202 58 20 stare
443 1200 39 21 och
491 1206 71 15 annan
571 1200 109 26 smäfägel,
688 1200 95 21 förutom
790 1200 73 26 björk-

106 1236 58 20 trast
186 1234 39 22 och
247 1234 105 28 gräsparf,
372 1241 51 15 vare
444 1234 86 22 alldeles
548 1234 99 28 fridlysta
662 1234 69 22 under
745 1234 49 22 hela
809 1234 53 22 äret.

174 1268 35 22 Nu
225 1270 94 20 nämnda
338 1269 128 27 fridlysning
481 1269 55 27 gälle
551 1268 55 22 dock
620 1269 47 21 icke
682 1268 125 22 sidensvans
823 1275 40 15 un-

108 1302 38 22 der
160 1302 50 22 höst
226 1303 39 21 och
279 1303 78 21 vinter.

456 1333 24 19 19
497 1332 18 26 8.

172 1365 47 31 Ägg
239 1370 50 22 eller
308 1376 70 20 ungar
397 1370 25 21 af
436 1370 85 27 fridlyst
535 1370 54 21 vildt
605 1370 35 20 mä
655 1370 46 21 icke
716 1376 27 14 ur
758 1370 26 21 bo
801 1372 62 24 tagas

105 1404 52 22 eller
171 1404 112 22 förstöras.
