1045 1709
412 112 52 23 N:o
480 113 50 23 19.

296 397 75 25 Hans
389 397 182 33 Kejserliga
589 398 161 32 Majestäts
763 398 81 32 nådiga

230 444 137 32 proposition
387 444 34 25 till
439 444 102 26 Finlands
556 444 94 26 Ständer
668 452 33 18 om
720 445 124 31 antagande

228 489 27 25 af
270 496 28 24 ny
315 490 39 31 lag
371 488 114 33 angående
503 490 191 33 förmynderskap.

159 557 38 22 Uti
216 558 13 21 8
248 558 12 27 $
280 558 24 20 17
324 558 49 27 kap.
396 558 169 22 handelsbalken
583 558 23 22 af
621 559 54 21 1734
690 558 35 22 års
739 558 35 28 lag
789 561 55 19 samt

96 592 25 20 10
137 591 11 28 8
163 592 7 20 i
185 592 151 27 förordningen
357 592 40 22 den
412 593 13 21 9
440 592 121 22 November
577 593 53 21 1868
646 592 108 28 angående
771 593 72 27 borge-

92 628 74 19 närers
180 628 44 20 rätt
239 626 40 22 och
294 626 108 22 företräde
416 627 89 21 framför
520 627 121 21 hvarandra
656 627 33 22 till
699 628 110 26 betalning
818 634 26 15 ur

93 660 109 28 egendom,
218 667 45 15 som
278 660 71 22 blifvit
364 661 33 21 till
412 661 95 22 konkurs
522 661 91 27 afträdd,
624 662 137 22 tillerkändes
772 668 72 21 omyn-

94 695 49 27 diga
157 701 101 21 personer
273 695 33 22 för
321 696 63 21 deras
399 696 39 21 hos
453 696 164 27 förmyndarene
627 696 138 22 innestäende
775 696 69 22 medel

93 728 138 23 förmänsrätt
246 730 7 20 i
269 730 72 21 desses
360 729 56 22 fasta
436 730 38 22 och
494 730 46 22 lösa
555 730 110 27 egendom,
680 731 7 21 i
702 730 52 28 följd
770 731 76 21 hvaraf

93 763 72 27 dylika
187 764 68 21 medel
278 770 25 15 ur
321 764 75 22 värdet
415 764 32 22 för
467 764 42 22 fast
527 764 102 28 egendom
648 765 66 21 borde
730 766 51 26 utgå
796 765 48 21 med

94 798 71 21 bättre
180 800 43 19 rätt
242 800 26 19 än
288 798 69 27 skuld,
377 804 45 16 som
438 798 7 22 i
459 798 128 28 fastigheten
602 798 121 22 intecknats
738 799 55 21 efter
807 800 37 20 det

93 832 129 28 gäldenären
246 833 156 21 omhänderfätt
425 833 204 28 förmynderskapet.
660 833 33 22 Då
715 834 69 21 denna
802 834 42 21 för-

94 867 111 26 mänsrätt,
220 867 70 21 sävidt
305 867 66 27 angär
386 867 42 23 fast
443 868 110 27 egendom,
568 874 77 20 genom
660 868 41 22 den
715 874 41 21 nya
771 868 73 22 utsök-

92 901 222 28 ningslagstiftningen
323 902 6 21 i
337 902 222 27 fastighetskreditens
568 902 90 22 intresse
666 902 106 28 upphäfts,
781 902 63 22 hafva

92 936 97 26 gällande
204 936 132 27 stadganden
352 937 110 27 angäende
478 937 146 27 förmyndares
639 937 129 27 förvaltning
785 940 59 24 synts

93 970 54 22 böra
162 970 139 22 underkastas
317 971 149 27 omarbetning
481 972 7 20 i
503 972 54 27 syfte
573 974 31 18 att
618 978 74 20 genom
703 978 26 15 en
740 978 104 20 noggran-

92 1011 53 15 nare
166 1004 71 28 tillsyn
260 1005 59 21 öfver
336 1005 203 27 förmynderskapen
558 1007 27 19 än
604 1006 67 21 hittils
690 1006 46 21 frän
755 1006 36 21 det
805 1006 39 21 all-

93 1041 88 19 männäs
196 1039 47 21 sida
257 1039 91 21 kommit
363 1039 47 21 dem
426 1040 33 21 till
475 1040 33 21 del
524 1040 103 26 betrygga
642 1040 26 21 de
679 1040 111 27 omyndige
801 1042 43 20 mot

92 1072 143 28 förskingring
250 1074 24 20 af
288 1074 61 21 deras
366 1074 121 26 tillgångar.
510 1074 10 21 I
535 1074 105 21 anseende
655 1074 73 21 härtill
744 1074 39 21 och
794 1076 50 20 enär

93 1107 258 27 förmynderskapsrätten
367 1108 62 21 äfven
445 1108 61 27 eljest
521 1110 24 19 är
560 1108 7 20 i
581 1108 66 22 behof
661 1108 23 21 af
698 1108 91 22 revision
805 1108 39 22 har

93 1141 22 22 af
130 1142 176 27 lagberedningen
322 1142 110 28 uppgjorts
447 1142 80 28 förslag
541 1142 33 22 till
590 1149 26 21 ny
634 1143 35 27 lag
683 1142 108 28 angående
802 1143 42 21 för-

93 1176 151 27 mynderskap;
268 1177 39 21 och
326 1176 65 22 sedan
412 1177 147 27 underdåniga
577 1177 115 27 yttranden
712 1177 59 21 öfver
785 1177 60 21 detta

94 1210 116 28 lagförslag
225 1210 94 27 afgifvits
335 1210 24 22 af
372 1211 84 21 landets
472 1211 111 27 hofrätter,
598 1211 40 21 har
652 1211 61 21 Hans
724 1211 120 27 Kejserliga

93 1244 101 27 Majestät
212 1244 48 22 låtit
279 1245 74 21 affatta
371 1245 160 28 nedanintagna
550 1245 80 27 förslag
645 1246 32 20 till
692 1246 36 26 lag
743 1246 6 20 i
765 1248 78 19 ämnet.

93 1279 32 21 De
143 1279 136 27 synpunkter,
299 1286 45 14 som
360 1279 73 21 dervid
449 1280 56 21 varit
519 1280 167 26 bestämmande,
702 1282 37 19 äro
754 1279 89 22 hufvud-

93 1313 105 27 sakligen:
222 1316 32 19 att
274 1314 65 26 jemte
363 1314 36 21 det
421 1314 121 22 vårdnaden
565 1313 58 22 öfver
641 1314 203 27 förmynderskapen

93 1347 114 21 framdeles
223 1347 70 21 såsom
309 1347 68 21 hittils
392 1348 40 20 bör
446 1348 119 20 tillkomma
581 1348 26 20 de
616 1348 106 20 allmänna
733 1347 111 21 underrät-

92 1384 67 23 terne,
167 1381 105 21 särskilda
280 1387 66 21 organ
355 1382 52 20 eller
416 1382 24 20 så
445 1382 84 21 kallade
537 1382 238 26 förmyndarenämnder
783 1382 61 21 skola

92 1416 59 21 såväl
170 1416 6 20 i
195 1415 48 22 stad
260 1422 45 15 som
320 1416 29 27 på
363 1415 73 22 landet
451 1416 91 22 inrättas
557 1416 32 21 för
604 1418 32 19 att
652 1416 73 22 utöfva
740 1416 40 22 den
795 1418 49 20 när-
