<?xml version="1.0" encoding="UTF-8"?>
<alto xmlns="http://www.loc.gov/standards/alto/ns-v3#" xmlns:xlink="http://www.w3.org/1999/xlink" xmlns:xsi="http://www.w3.org/2001/XMLSchema-instance" xsi:schemaLocation="http://www.loc.gov/standards/alto/ns-v3# http://www.loc.gov/alto/v3/alto-3-0.xsd">
	<Description>
		<MeasurementUnit>pixel</MeasurementUnit>
		<sourceImageInformation>
			<fileName>/tmp/tess_z0w5q3p8_input.PNG</fileName>
		</sourceImageInformation>
		<OCRProcessing ID="OCR_0">
			<ocrProcessingStep>
				<processingSoftware>
					<softwareName>tesseract 5.3.4</softwareName>
				</processingSoftware>
			</ocrProcessingStep>
		</OCRProcessing>
	</Description>
	<Layout>
		<Page WIDTH="1042" HEIGHT="1706" PHYSICAL_IMG_NR="0" ID="page_0">
			<PrintSpace HPOS="0" VPOS="0" WIDTH="1042" HEIGHT="1706">
				<ComposedBlock ID="cblock_0" HPOS="315" VPOS="119" WIDTH="320" HEIGHT="29">
					<TextBlock ID="block_0" HPOS="315" VPOS="119" WIDTH="320" HEIGHT="29">
						<TextLine ID="line_0" HPOS="315" VPOS="119" WIDTH="320" HEIGHT="29">
							<String ID="string_0" HPOS="315" VPOS="119" WIDTH="29" HEIGHT="23" WC="0.90" CONTENT="U."/><SP WIDTH="16" VPOS="119" HPOS="344"/>
							<String ID="string_1" HPOS="360" VPOS="120" WIDTH="28" HEIGHT="22" WC="0.91" CONTENT="B."/><SP WIDTH="13" VPOS="120" HPOS="388"/>
							<String ID="string_2" HPOS="401" VPOS="132" WIDTH="28" HEIGHT="3" WC="0.91" CONTENT="—"/><SP WIDTH="14" VPOS="132" HPOS="429"/>
							<String ID="string_3" HPOS="443" VPOS="120" WIDTH="76" HEIGHT="28" WC="0.93" CONTENT="Prop."/><SP WIDTH="16" VPOS="120" HPOS="519"/>
							<String ID="string_4" HPOS="535" VPOS="120" WIDTH="45" HEIGHT="23" WC="0.93" CONTENT="N:o"/><SP WIDTH="16" VPOS="120" HPOS="580"/>
							<String ID="string_5" HPOS="596" VPOS="120" WIDTH="39" HEIGHT="22" WC="0.95" CONTENT="20."/>
						</TextLine>
					</TextBlock>
				</ComposedBlock>
				<ComposedBlock ID="cblock_1" HPOS="300" VPOS="444" WIDTH="550" HEIGHT="195">
					<TextBlock ID="block_1" HPOS="300" VPOS="444" WIDTH="550" HEIGHT="195">
						<TextLine ID="line_1" HPOS="357" VPOS="444" WIDTH="493" HEIGHT="25">
							<String ID="string_6" HPOS="357" VPOS="444" WIDTH="271" HEIGHT="24" WC="0.90" CONTENT="Statsutskottets"/><SP WIDTH="16" VPOS="444" HPOS="628"/>
							<String ID="string_7" HPOS="644" VPOS="446" WIDTH="206" HEIGHT="23" WC="0.95" CONTENT="betänkande"/>
						</TextLine>
						<TextLine ID="line_2" HPOS="301" VPOS="479" WIDTH="549" HEIGHT="31">
							<String ID="string_8" HPOS="301" VPOS="479" WIDTH="46" HEIGHT="23" WC="0.96" CONTENT="N:o"/><SP WIDTH="20" VPOS="479" HPOS="347"/>
							<String ID="string_9" HPOS="367" VPOS="480" WIDTH="16" HEIGHT="21" WC="0.96" CONTENT="4"/><SP WIDTH="20" VPOS="480" HPOS="383"/>
							<String ID="string_10" HPOS="403" VPOS="479" WIDTH="10" HEIGHT="23" WC="0.96" CONTENT="i"/><SP WIDTH="21" VPOS="479" HPOS="413"/>
							<String ID="string_11" HPOS="434" VPOS="480" WIDTH="134" HEIGHT="28" WC="0.96" CONTENT="anledning"/><SP WIDTH="21" VPOS="480" HPOS="568"/>
							<String ID="string_12" HPOS="589" VPOS="480" WIDTH="27" HEIGHT="22" WC="0.96" CONTENT="af"/><SP WIDTH="15" VPOS="480" HPOS="616"/>
							<String ID="string_13" HPOS="631" VPOS="480" WIDTH="65" HEIGHT="23" WC="0.95" CONTENT="Hans"/><SP WIDTH="15" VPOS="480" HPOS="696"/>
							<String ID="string_14" HPOS="711" VPOS="480" WIDTH="139" HEIGHT="30" WC="0.95" CONTENT="Kejserliga"/>
						</TextLine>
						<TextLine ID="line_3" HPOS="303" VPOS="514" WIDTH="547" HEIGHT="28">
							<String ID="string_15" HPOS="303" VPOS="514" WIDTH="124" HEIGHT="28" WC="0.96" CONTENT="Majestäts"/><SP WIDTH="22" VPOS="514" HPOS="427"/>
							<String ID="string_16" HPOS="449" VPOS="514" WIDTH="89" HEIGHT="28" WC="0.96" CONTENT="nådiga"/><SP WIDTH="19" VPOS="514" HPOS="538"/>
							<String ID="string_17" HPOS="557" VPOS="515" WIDTH="154" HEIGHT="27" WC="0.96" CONTENT="proposition"/><SP WIDTH="16" VPOS="515" HPOS="711"/>
							<String ID="string_18" HPOS="727" VPOS="521" WIDTH="39" HEIGHT="17" WC="0.92" CONTENT="om"/><SP WIDTH="16" VPOS="521" HPOS="766"/>
							<String ID="string_19" HPOS="782" VPOS="516" WIDTH="68" HEIGHT="22" WC="0.92" CONTENT="anvi-"/>
						</TextLine>
						<TextLine ID="line_4" HPOS="301" VPOS="548" WIDTH="549" HEIGHT="24">
							<String ID="string_20" HPOS="301" VPOS="548" WIDTH="74" HEIGHT="22" WC="0.92" CONTENT="sande"/><SP WIDTH="16" VPOS="548" HPOS="375"/>
							<String ID="string_21" HPOS="391" VPOS="548" WIDTH="28" HEIGHT="22" WC="0.96" CONTENT="af"/><SP WIDTH="11" VPOS="548" HPOS="419"/>
							<String ID="string_22" HPOS="430" VPOS="548" WIDTH="81" HEIGHT="23" WC="0.95" CONTENT="medel"/><SP WIDTH="14" VPOS="548" HPOS="511"/>
							<String ID="string_23" HPOS="525" VPOS="548" WIDTH="42" HEIGHT="23" WC="0.95" CONTENT="till"/><SP WIDTH="12" VPOS="548" HPOS="567"/>
							<String ID="string_24" HPOS="579" VPOS="549" WIDTH="158" HEIGHT="23" WC="0.95" CONTENT="bestridande"/><SP WIDTH="13" VPOS="549" HPOS="737"/>
							<String ID="string_25" HPOS="750" VPOS="549" WIDTH="26" HEIGHT="23" WC="0.93" CONTENT="af"/><SP WIDTH="8" VPOS="549" HPOS="776"/>
							<String ID="string_26" HPOS="784" VPOS="550" WIDTH="66" HEIGHT="22" WC="0.92" CONTENT="kost-"/>
						</TextLine>
						<TextLine ID="line_5" HPOS="300" VPOS="582" WIDTH="550" HEIGHT="24">
							<String ID="string_27" HPOS="300" VPOS="582" WIDTH="109" HEIGHT="23" WC="0.92" CONTENT="naderna"/><SP WIDTH="11" VPOS="582" HPOS="409"/>
							<String ID="string_28" HPOS="420" VPOS="582" WIDTH="41" HEIGHT="23" WC="0.95" CONTENT="för"/><SP WIDTH="9" VPOS="582" HPOS="461"/>
							<String ID="string_29" HPOS="470" VPOS="583" WIDTH="82" HEIGHT="22" WC="0.96" CONTENT="finska"/><SP WIDTH="10" VPOS="583" HPOS="552"/>
							<String ID="string_30" HPOS="562" VPOS="583" WIDTH="127" HEIGHT="23" WC="0.95" CONTENT="militären"/><SP WIDTH="10" VPOS="583" HPOS="689"/>
							<String ID="string_31" HPOS="699" VPOS="584" WIDTH="80" HEIGHT="22" WC="0.92" CONTENT="under"/><SP WIDTH="11" VPOS="584" HPOS="779"/>
							<String ID="string_32" HPOS="790" VPOS="584" WIDTH="60" HEIGHT="22" WC="0.95" CONTENT="åren"/>
						</TextLine>
						<TextLine ID="line_6" HPOS="300" VPOS="616" WIDTH="159" HEIGHT="23">
							<String ID="string_33" HPOS="300" VPOS="616" WIDTH="159" HEIGHT="23" WC="0.91" CONTENT="1898—1900."/>
						</TextLine>
					</TextBlock>
				</ComposedBlock>
				<ComposedBlock ID="cblock_2" HPOS="93" VPOS="691" WIDTH="757" HEIGHT="193">
					<TextBlock ID="block_2" HPOS="93" VPOS="691" WIDTH="757" HEIGHT="193">
						<TextLine ID="line_7" HPOS="162" VPOS="691" WIDTH="687" HEIGHT="27">
							<String ID="string_34" HPOS="162" VPOS="692" WIDTH="49" HEIGHT="20" WC="0.96" CONTENT="Den"/><SP WIDTH="15" VPOS="692" HPOS="211"/>
							<String ID="string_35" HPOS="226" VPOS="691" WIDTH="78" HEIGHT="27" WC="0.96" CONTENT="nådiga"/><SP WIDTH="16" VPOS="691" HPOS="304"/>
							<String ID="string_36" HPOS="320" VPOS="692" WIDTH="166" HEIGHT="26" WC="0.96" CONTENT="propositionen"/><SP WIDTH="15" VPOS="692" HPOS="486"/>
							<String ID="string_37" HPOS="501" VPOS="692" WIDTH="37" HEIGHT="20" WC="0.96" CONTENT="har"/><SP WIDTH="15" VPOS="692" HPOS="538"/>
							<String ID="string_38" HPOS="553" VPOS="692" WIDTH="25" HEIGHT="20" WC="0.95" CONTENT="af"/><SP WIDTH="12" VPOS="692" HPOS="578"/>
							<String ID="string_39" HPOS="590" VPOS="692" WIDTH="98" HEIGHT="26" WC="0.96" CONTENT="samtliga"/><SP WIDTH="16" VPOS="692" HPOS="688"/>
							<String ID="string_40" HPOS="704" VPOS="692" WIDTH="63" HEIGHT="20" WC="0.93" CONTENT="stånd"/><SP WIDTH="10" VPOS="692" HPOS="767"/>
							<String ID="string_41" HPOS="777" VPOS="694" WIDTH="72" HEIGHT="20" WC="0.92" CONTENT="remit-"/>
						</TextLine>
						<TextLine ID="line_8" HPOS="93" VPOS="725" WIDTH="757" HEIGHT="28">
							<String ID="string_42" HPOS="93" VPOS="728" WIDTH="68" HEIGHT="18" WC="0.91" CONTENT="terats"/><SP WIDTH="21" VPOS="728" HPOS="161"/>
							<String ID="string_43" HPOS="182" VPOS="725" WIDTH="32" HEIGHT="21" WC="0.96" CONTENT="till"/><SP WIDTH="20" VPOS="725" HPOS="214"/>
							<String ID="string_44" HPOS="234" VPOS="725" WIDTH="131" HEIGHT="27" WC="0.95" CONTENT="behandling"/><SP WIDTH="15" VPOS="725" HPOS="365"/>
							<String ID="string_45" HPOS="380" VPOS="726" WIDTH="22" HEIGHT="20" WC="0.96" CONTENT="af"/><SP WIDTH="13" VPOS="726" HPOS="402"/>
							<String ID="string_46" HPOS="415" VPOS="725" WIDTH="174" HEIGHT="26" WC="0.96" CONTENT="Statsutskottet,"/><SP WIDTH="16" VPOS="725" HPOS="589"/>
							<String ID="string_47" HPOS="605" VPOS="733" WIDTH="48" HEIGHT="13" WC="0.96" CONTENT="som"/><SP WIDTH="15" VPOS="733" HPOS="653"/>
							<String ID="string_48" HPOS="668" VPOS="726" WIDTH="45" HEIGHT="21" WC="0.96" CONTENT="från"/><SP WIDTH="15" VPOS="726" HPOS="713"/>
							<String ID="string_49" HPOS="728" VPOS="726" WIDTH="122" HEIGHT="27" WC="0.96" CONTENT="Kejserliga"/>
						</TextLine>
						<TextLine ID="line_9" HPOS="93" VPOS="759" WIDTH="756" HEIGHT="28">
							<String ID="string_50" HPOS="93" VPOS="759" WIDTH="96" HEIGHT="21" WC="0.94" CONTENT="Senaten"/><SP WIDTH="14" VPOS="759" HPOS="189"/>
							<String ID="string_51" HPOS="203" VPOS="760" WIDTH="40" HEIGHT="20" WC="0.93" CONTENT="fått"/><SP WIDTH="16" VPOS="760" HPOS="243"/>
							<String ID="string_52" HPOS="259" VPOS="763" WIDTH="111" HEIGHT="24" WC="0.92" CONTENT="emottaga"/><SP WIDTH="15" VPOS="763" HPOS="370"/>
							<String ID="string_53" HPOS="385" VPOS="760" WIDTH="28" HEIGHT="20" WC="0.96" CONTENT="de"/><SP WIDTH="14" VPOS="760" HPOS="413"/>
							<String ID="string_54" HPOS="427" VPOS="760" WIDTH="37" HEIGHT="20" WC="0.96" CONTENT="vid"/><SP WIDTH="16" VPOS="760" HPOS="464"/>
							<String ID="string_55" HPOS="480" VPOS="760" WIDTH="99" HEIGHT="21" WC="0.96" CONTENT="ärendets"/><SP WIDTH="16" VPOS="760" HPOS="579"/>
							<String ID="string_56" HPOS="595" VPOS="760" WIDTH="130" HEIGHT="27" WC="0.96" CONTENT="behandling"/><SP WIDTH="11" VPOS="760" HPOS="725"/>
							<String ID="string_57" HPOS="736" VPOS="760" WIDTH="113" HEIGHT="22" WC="0.96" CONTENT="därstädes"/>
						</TextLine>
						<TextLine ID="line_10" HPOS="94" VPOS="794" WIDTH="756" HEIGHT="27">
							<String ID="string_58" HPOS="94" VPOS="794" WIDTH="110" HEIGHT="21" WC="0.96" CONTENT="tillkomna"/><SP WIDTH="23" VPOS="794" HPOS="204"/>
							<String ID="string_59" HPOS="227" VPOS="794" WIDTH="125" HEIGHT="27" WC="0.96" CONTENT="handlingar"/><SP WIDTH="23" VPOS="794" HPOS="352"/>
							<String ID="string_60" HPOS="375" VPOS="794" WIDTH="111" HEIGHT="21" WC="0.96" CONTENT="äfvensom"/><SP WIDTH="22" VPOS="794" HPOS="486"/>
							<String ID="string_61" HPOS="508" VPOS="794" WIDTH="142" HEIGHT="22" WC="0.96" CONTENT="meddelande"/><SP WIDTH="16" VPOS="794" HPOS="650"/>
							<String ID="string_62" HPOS="666" VPOS="795" WIDTH="82" HEIGHT="24" WC="0.96" CONTENT="därom,"/><SP WIDTH="17" VPOS="795" HPOS="748"/>
							<String ID="string_63" HPOS="765" VPOS="798" WIDTH="32" HEIGHT="18" WC="0.96" CONTENT="att"/><SP WIDTH="15" VPOS="798" HPOS="797"/>
							<String ID="string_64" HPOS="812" VPOS="795" WIDTH="38" HEIGHT="21" WC="0.96" CONTENT="vid"/>
						</TextLine>
						<TextLine ID="line_11" HPOS="93" VPOS="828" WIDTH="757" HEIGHT="28">
							<String ID="string_65" HPOS="93" VPOS="828" WIDTH="102" HEIGHT="21" WC="0.96" CONTENT="ärendets"/><SP WIDTH="21" VPOS="828" HPOS="195"/>
							<String ID="string_66" HPOS="216" VPOS="828" WIDTH="131" HEIGHT="28" WC="0.96" CONTENT="behandling"/><SP WIDTH="18" VPOS="828" HPOS="347"/>
							<String ID="string_67" HPOS="365" VPOS="830" WIDTH="7" HEIGHT="19" WC="0.96" CONTENT="i"/><SP WIDTH="15" VPOS="830" HPOS="372"/>
							<String ID="string_68" HPOS="387" VPOS="828" WIDTH="94" HEIGHT="21" WC="0.96" CONTENT="Senaten"/><SP WIDTH="14" VPOS="828" HPOS="481"/>
							<String ID="string_69" HPOS="495" VPOS="829" WIDTH="71" HEIGHT="27" WC="0.96" CONTENT="någon"/><SP WIDTH="16" VPOS="829" HPOS="566"/>
							<String ID="string_70" HPOS="582" VPOS="829" WIDTH="134" HEIGHT="27" WC="0.96" CONTENT="omröstning"/><SP WIDTH="14" VPOS="829" HPOS="716"/>
							<String ID="string_71" HPOS="730" VPOS="830" WIDTH="48" HEIGHT="20" WC="0.93" CONTENT="icke"/><SP WIDTH="16" VPOS="830" HPOS="778"/>
							<String ID="string_72" HPOS="794" VPOS="829" WIDTH="56" HEIGHT="21" WC="0.93" CONTENT="före-"/>
						</TextLine>
						<TextLine ID="line_12" HPOS="94" VPOS="862" WIDTH="59" HEIGHT="22">
							<String ID="string_73" HPOS="94" VPOS="862" WIDTH="59" HEIGHT="22" WC="0.96" CONTENT="fallit."/>
						</TextLine>
					</TextBlock>
				</ComposedBlock>
				<ComposedBlock ID="cblock_3" HPOS="93" VPOS="978" WIDTH="757" HEIGHT="504">
					<TextBlock ID="block_3" HPOS="93" VPOS="978" WIDTH="755" HEIGHT="123">
						<TextLine ID="line_13" HPOS="163" VPOS="978" WIDTH="685" HEIGHT="28">
							<String ID="string_74" HPOS="163" VPOS="978" WIDTH="137" HEIGHT="21" WC="0.93" CONTENT="Beträffande"/><SP WIDTH="15" VPOS="978" HPOS="300"/>
							<String ID="string_75" HPOS="315" VPOS="978" WIDTH="160" HEIGHT="21" WC="0.92" CONTENT="militieverkets"/><SP WIDTH="16" VPOS="978" HPOS="475"/>
							<String ID="string_76" HPOS="491" VPOS="978" WIDTH="112" HEIGHT="28" WC="0.96" CONTENT="utgifter,"/><SP WIDTH="16" VPOS="978" HPOS="603"/>
							<String ID="string_77" HPOS="619" VPOS="978" WIDTH="80" HEIGHT="21" WC="0.96" CONTENT="sådana"/><SP WIDTH="16" VPOS="978" HPOS="699"/>
							<String ID="string_78" HPOS="715" VPOS="978" WIDTH="110" HEIGHT="21" WC="0.96" CONTENT="desamma"/><SP WIDTH="17" VPOS="978" HPOS="825"/>
							<String ID="string_79" HPOS="842" VPOS="980" WIDTH="6" HEIGHT="19" WC="0.96" CONTENT="i"/>
						</TextLine>
						<TextLine ID="line_14" HPOS="94" VPOS="1012" WIDTH="754" HEIGHT="28">
							<String ID="string_80" HPOS="94" VPOS="1012" WIDTH="43" HEIGHT="21" WC="0.96" CONTENT="den"/><SP WIDTH="15" VPOS="1012" HPOS="137"/>
							<String ID="string_81" HPOS="152" VPOS="1012" WIDTH="78" HEIGHT="27" WC="0.96" CONTENT="nådiga"/><SP WIDTH="15" VPOS="1012" HPOS="230"/>
							<String ID="string_82" HPOS="245" VPOS="1014" WIDTH="164" HEIGHT="26" WC="0.96" CONTENT="propositionen"/><SP WIDTH="16" VPOS="1014" HPOS="409"/>
							<String ID="string_83" HPOS="425" VPOS="1012" WIDTH="114" HEIGHT="22" WC="0.96" CONTENT="beräknats"/><SP WIDTH="16" VPOS="1012" HPOS="539"/>
							<String ID="string_84" HPOS="555" VPOS="1012" WIDTH="33" HEIGHT="21" WC="0.93" CONTENT="för"/><SP WIDTH="14" VPOS="1012" HPOS="588"/>
							<String ID="string_85" HPOS="602" VPOS="1012" WIDTH="142" HEIGHT="22" WC="0.91" CONTENT="instundande"/><SP WIDTH="13" VPOS="1012" HPOS="744"/>
							<String ID="string_86" HPOS="757" VPOS="1013" WIDTH="91" HEIGHT="27" WC="0.92" CONTENT="budget-"/>
						</TextLine>
						<TextLine ID="line_15" HPOS="94" VPOS="1046" WIDTH="754" HEIGHT="27">
							<String ID="string_87" HPOS="94" VPOS="1046" WIDTH="84" HEIGHT="27" WC="0.95" CONTENT="period,"/><SP WIDTH="23" VPOS="1046" HPOS="178"/>
							<String ID="string_88" HPOS="201" VPOS="1046" WIDTH="38" HEIGHT="21" WC="0.96" CONTENT="har"/><SP WIDTH="22" VPOS="1046" HPOS="239"/>
							<String ID="string_89" HPOS="261" VPOS="1046" WIDTH="116" HEIGHT="21" WC="0.96" CONTENT="Utskottet"/><SP WIDTH="21" VPOS="1046" HPOS="377"/>
							<String ID="string_90" HPOS="398" VPOS="1050" WIDTH="43" HEIGHT="17" WC="0.96" CONTENT="sett"/><SP WIDTH="20" VPOS="1050" HPOS="441"/>
							<String ID="string_91" HPOS="461" VPOS="1049" WIDTH="33" HEIGHT="24" WC="0.93" CONTENT="sig"/><SP WIDTH="15" VPOS="1049" HPOS="494"/>
							<String ID="string_92" HPOS="509" VPOS="1047" WIDTH="113" HEIGHT="20" WC="0.92" CONTENT="föranlåtet"/><SP WIDTH="14" VPOS="1047" HPOS="622"/>
							<String ID="string_93" HPOS="636" VPOS="1046" WIDTH="32" HEIGHT="21" WC="0.96" CONTENT="till"/><SP WIDTH="15" VPOS="1046" HPOS="668"/>
							<String ID="string_94" HPOS="683" VPOS="1047" WIDTH="93" HEIGHT="26" WC="0.93" CONTENT="följande"/><SP WIDTH="15" VPOS="1047" HPOS="776"/>
							<String ID="string_95" HPOS="791" VPOS="1050" WIDTH="57" HEIGHT="18" WC="0.92" CONTENT="utta-"/>
						</TextLine>
						<TextLine ID="line_16" HPOS="93" VPOS="1080" WIDTH="87" HEIGHT="21">
							<String ID="string_96" HPOS="93" VPOS="1080" WIDTH="87" HEIGHT="21" WC="0.96" CONTENT="landen:"/>
						</TextLine>
					</TextBlock>
					<TextBlock ID="block_4" HPOS="93" VPOS="1114" WIDTH="757" HEIGHT="335">
						<TextLine ID="line_17" HPOS="163" VPOS="1114" WIDTH="685" HEIGHT="28">
							<String ID="string_97" HPOS="163" VPOS="1115" WIDTH="74" HEIGHT="27" WC="0.96" CONTENT="Enligt"/><SP WIDTH="14" VPOS="1115" HPOS="237"/>
							<String ID="string_98" HPOS="251" VPOS="1115" WIDTH="58" HEIGHT="20" WC="0.95" CONTENT="hvad"/><SP WIDTH="15" VPOS="1115" HPOS="309"/>
							<String ID="string_99" HPOS="324" VPOS="1114" WIDTH="23" HEIGHT="21" WC="0.93" CONTENT="af"/><SP WIDTH="13" VPOS="1114" HPOS="347"/>
							<String ID="string_100" HPOS="360" VPOS="1114" WIDTH="131" HEIGHT="21" WC="0.92" CONTENT="Ständernas"/><SP WIDTH="16" VPOS="1114" HPOS="491"/>
							<String ID="string_101" HPOS="507" VPOS="1115" WIDTH="35" HEIGHT="20" WC="0.96" CONTENT="vid"/><SP WIDTH="16" VPOS="1115" HPOS="542"/>
							<String ID="string_102" HPOS="558" VPOS="1117" WIDTH="86" HEIGHT="18" WC="0.93" CONTENT="senaste"/><SP WIDTH="10" VPOS="1117" HPOS="644"/>
							<String ID="string_103" HPOS="654" VPOS="1115" WIDTH="105" HEIGHT="27" WC="0.91" CONTENT="landtdag"/><SP WIDTH="9" VPOS="1115" HPOS="759"/>
							<String ID="string_104" HPOS="768" VPOS="1115" WIDTH="80" HEIGHT="26" WC="0.91" CONTENT="afgifna"/>
						</TextLine>
						<TextLine ID="line_18" HPOS="94" VPOS="1149" WIDTH="754" HEIGHT="27">
							<String ID="string_105" HPOS="94" VPOS="1149" WIDTH="147" HEIGHT="27" WC="0.91" CONTENT="underdåniga"/><SP WIDTH="22" VPOS="1149" HPOS="241"/>
							<String ID="string_106" HPOS="263" VPOS="1157" WIDTH="49" HEIGHT="13" WC="0.96" CONTENT="svar"/><SP WIDTH="22" VPOS="1157" HPOS="312"/>
							<String ID="string_107" HPOS="334" VPOS="1151" WIDTH="7" HEIGHT="19" WC="0.96" CONTENT="i"/><SP WIDTH="22" VPOS="1151" HPOS="341"/>
							<String ID="string_108" HPOS="363" VPOS="1149" WIDTH="114" HEIGHT="27" WC="0.96" CONTENT="anledning"/><SP WIDTH="21" VPOS="1149" HPOS="477"/>
							<String ID="string_109" HPOS="498" VPOS="1149" WIDTH="24" HEIGHT="20" WC="0.96" CONTENT="af"/><SP WIDTH="17" VPOS="1149" HPOS="522"/>
							<String ID="string_110" HPOS="539" VPOS="1149" WIDTH="78" HEIGHT="27" WC="0.96" CONTENT="nådiga"/><SP WIDTH="15" VPOS="1149" HPOS="617"/>
							<String ID="string_111" HPOS="632" VPOS="1151" WIDTH="165" HEIGHT="25" WC="0.96" CONTENT="propositionen"/><SP WIDTH="16" VPOS="1151" HPOS="797"/>
							<String ID="string_112" HPOS="813" VPOS="1156" WIDTH="35" HEIGHT="13" WC="0.96" CONTENT="om"/>
						</TextLine>
						<TextLine ID="line_19" HPOS="94" VPOS="1183" WIDTH="752" HEIGHT="26">
							<String ID="string_113" HPOS="94" VPOS="1184" WIDTH="117" HEIGHT="20" WC="0.90" CONTENT="anvisande"/><SP WIDTH="16" VPOS="1184" HPOS="211"/>
							<String ID="string_114" HPOS="227" VPOS="1183" WIDTH="23" HEIGHT="21" WC="0.96" CONTENT="af"/><SP WIDTH="13" VPOS="1183" HPOS="250"/>
							<String ID="string_115" HPOS="263" VPOS="1183" WIDTH="71" HEIGHT="21" WC="0.96" CONTENT="medel"/><SP WIDTH="15" VPOS="1183" HPOS="334"/>
							<String ID="string_116" HPOS="349" VPOS="1183" WIDTH="32" HEIGHT="20" WC="0.93" CONTENT="för"/><SP WIDTH="15" VPOS="1183" HPOS="381"/>
							<String ID="string_117" HPOS="396" VPOS="1183" WIDTH="160" HEIGHT="21" WC="0.92" CONTENT="militieverkets"/><SP WIDTH="15" VPOS="1183" HPOS="556"/>
							<String ID="string_118" HPOS="571" VPOS="1183" WIDTH="68" HEIGHT="21" WC="0.93" CONTENT="behof"/><SP WIDTH="13" VPOS="1183" HPOS="639"/>
							<String ID="string_119" HPOS="652" VPOS="1183" WIDTH="66" HEIGHT="21" WC="0.96" CONTENT="under"/><SP WIDTH="12" VPOS="1183" HPOS="718"/>
							<String ID="string_120" HPOS="730" VPOS="1185" WIDTH="51" HEIGHT="19" WC="0.96" CONTENT="åren"/><SP WIDTH="13" VPOS="1185" HPOS="781"/>
							<String ID="string_121" HPOS="794" VPOS="1184" WIDTH="52" HEIGHT="25" WC="0.96" CONTENT="1895"/>
						</TextLine>
						<TextLine ID="line_20" HPOS="95" VPOS="1217" WIDTH="755" HEIGHT="28">
							<String ID="string_122" HPOS="95" VPOS="1218" WIDTH="84" HEIGHT="27" WC="0.90" CONTENT="—1897"/><SP WIDTH="20" VPOS="1218" HPOS="179"/>
							<String ID="string_123" HPOS="199" VPOS="1218" WIDTH="98" HEIGHT="27" WC="0.93" CONTENT="framgår,"/><SP WIDTH="22" VPOS="1218" HPOS="297"/>
							<String ID="string_124" HPOS="319" VPOS="1219" WIDTH="112" HEIGHT="26" WC="0.92" CONTENT="uppgingo"/><SP WIDTH="22" VPOS="1219" HPOS="431"/>
							<String ID="string_125" HPOS="453" VPOS="1218" WIDTH="28" HEIGHT="20" WC="0.96" CONTENT="de"/><SP WIDTH="20" VPOS="1218" HPOS="481"/>
							<String ID="string_126" HPOS="501" VPOS="1217" WIDTH="25" HEIGHT="21" WC="0.92" CONTENT="af"/><SP WIDTH="16" VPOS="1217" HPOS="526"/>
							<String ID="string_127" HPOS="542" VPOS="1217" WIDTH="122" HEIGHT="21" WC="0.92" CONTENT="Ständerna"/><SP WIDTH="19" VPOS="1217" HPOS="664"/>
							<String ID="string_128" HPOS="683" VPOS="1217" WIDTH="117" HEIGHT="27" WC="0.93" CONTENT="godkända"/><SP WIDTH="15" VPOS="1217" HPOS="800"/>
							<String ID="string_129" HPOS="815" VPOS="1224" WIDTH="35" HEIGHT="14" WC="0.91" CONTENT="an-"/>
						</TextLine>
						<TextLine ID="line_21" HPOS="94" VPOS="1251" WIDTH="756" HEIGHT="28">
							<String ID="string_130" HPOS="94" VPOS="1252" WIDTH="49" HEIGHT="27" WC="0.95" CONTENT="slag"/><SP WIDTH="32" VPOS="1252" HPOS="143"/>
							<String ID="string_131" HPOS="175" VPOS="1252" WIDTH="33" HEIGHT="21" WC="0.95" CONTENT="för"/><SP WIDTH="35" VPOS="1252" HPOS="208"/>
							<String ID="string_132" HPOS="243" VPOS="1252" WIDTH="153" HEIGHT="21" WC="0.95" CONTENT="ordinarie"/><SP WIDTH="28" VPOS="1252" HPOS="396"/>
							<String ID="string_133" HPOS="424" VPOS="1252" WIDTH="118" HEIGHT="27" WC="0.92" CONTENT="utgifter"/><SP WIDTH="28" VPOS="1252" HPOS="542"/>
							<String ID="string_134" HPOS="570" VPOS="1251" WIDTH="32" HEIGHT="22" WC="0.93" CONTENT="till"/><SP WIDTH="31" VPOS="1251" HPOS="602"/>
							<String ID="string_135" HPOS="633" VPOS="1257" WIDTH="125" HEIGHT="21" WC="0.85" CONTENT="19,222,329"/><SP WIDTH="31" VPOS="1257" HPOS="758"/>
							<String ID="string_136" HPOS="789" VPOS="1252" WIDTH="61" HEIGHT="21" WC="0.96" CONTENT="mark"/>
						</TextLine>
						<TextLine ID="line_22" HPOS="94" VPOS="1286" WIDTH="756" HEIGHT="27">
							<String ID="string_137" HPOS="94" VPOS="1290" WIDTH="57" HEIGHT="18" WC="0.96" CONTENT="samt"/><SP WIDTH="26" VPOS="1290" HPOS="151"/>
							<String ID="string_138" HPOS="177" VPOS="1286" WIDTH="33" HEIGHT="21" WC="0.95" CONTENT="för"/><SP WIDTH="25" VPOS="1286" HPOS="210"/>
							<String ID="string_139" HPOS="235" VPOS="1289" WIDTH="62" HEIGHT="18" WC="0.95" CONTENT="extra"/><SP WIDTH="27" VPOS="1289" HPOS="297"/>
							<String ID="string_140" HPOS="324" VPOS="1286" WIDTH="87" HEIGHT="27" WC="0.95" CONTENT="utgifter"/><SP WIDTH="26" VPOS="1286" HPOS="411"/>
							<String ID="string_141" HPOS="437" VPOS="1286" WIDTH="31" HEIGHT="21" WC="0.93" CONTENT="till"/><SP WIDTH="25" VPOS="1286" HPOS="468"/>
							<String ID="string_142" HPOS="493" VPOS="1291" WIDTH="113" HEIGHT="21" WC="0.92" CONTENT="2,330,000"/><SP WIDTH="24" VPOS="1291" HPOS="606"/>
							<String ID="string_143" HPOS="630" VPOS="1286" WIDTH="66" HEIGHT="25" WC="0.96" CONTENT="mark,"/><SP WIDTH="22" VPOS="1286" HPOS="696"/>
							<String ID="string_144" HPOS="718" VPOS="1286" WIDTH="51" HEIGHT="20" WC="0.93" CONTENT="eller"/><SP WIDTH="25" VPOS="1286" HPOS="769"/>
							<String ID="string_145" HPOS="794" VPOS="1293" WIDTH="56" HEIGHT="14" WC="0.92" CONTENT="sam-"/>
						</TextLine>
						<TextLine ID="line_23" HPOS="94" VPOS="1319" WIDTH="756" HEIGHT="29">
							<String ID="string_146" HPOS="94" VPOS="1321" WIDTH="111" HEIGHT="27" WC="0.91" CONTENT="manlagdt"/><SP WIDTH="24" VPOS="1321" HPOS="205"/>
							<String ID="string_147" HPOS="229" VPOS="1320" WIDTH="32" HEIGHT="21" WC="0.93" CONTENT="till"/><SP WIDTH="20" VPOS="1320" HPOS="261"/>
							<String ID="string_148" HPOS="281" VPOS="1325" WIDTH="128" HEIGHT="22" WC="0.86" CONTENT="21,552,329"/><SP WIDTH="20" VPOS="1325" HPOS="409"/>
							<String ID="string_149" HPOS="429" VPOS="1320" WIDTH="67" HEIGHT="21" WC="0.96" CONTENT="mark."/><SP WIDTH="29" VPOS="1320" HPOS="496"/>
							<String ID="string_150" HPOS="525" VPOS="1320" WIDTH="10" HEIGHT="21" WC="0.95" CONTENT="I"/><SP WIDTH="21" VPOS="1320" HPOS="535"/>
							<String ID="string_151" HPOS="556" VPOS="1320" WIDTH="42" HEIGHT="21" WC="0.96" CONTENT="den"/><SP WIDTH="20" VPOS="1320" HPOS="598"/>
							<String ID="string_152" HPOS="618" VPOS="1320" WIDTH="31" HEIGHT="21" WC="0.96" CONTENT="till"/><SP WIDTH="21" VPOS="1320" HPOS="649"/>
							<String ID="string_153" HPOS="670" VPOS="1327" WIDTH="28" HEIGHT="14" WC="0.93" CONTENT="nu"/><SP WIDTH="22" VPOS="1327" HPOS="698"/>
							<String ID="string_154" HPOS="720" VPOS="1319" WIDTH="130" HEIGHT="21" WC="0.96" CONTENT="församlade"/>
						</TextLine>
						<TextLine ID="line_24" HPOS="94" VPOS="1353" WIDTH="755" HEIGHT="28">
							<String ID="string_155" HPOS="94" VPOS="1355" WIDTH="93" HEIGHT="20" WC="0.91" CONTENT="Ständer"/><SP WIDTH="22" VPOS="1355" HPOS="187"/>
							<String ID="string_156" HPOS="209" VPOS="1355" WIDTH="78" HEIGHT="20" WC="0.42" CONTENT="afiätna"/><SP WIDTH="22" VPOS="1355" HPOS="287"/>
							<String ID="string_157" HPOS="309" VPOS="1355" WIDTH="80" HEIGHT="26" WC="0.96" CONTENT="nådiga"/><SP WIDTH="18" VPOS="1355" HPOS="389"/>
							<String ID="string_158" HPOS="407" VPOS="1355" WIDTH="137" HEIGHT="26" WC="0.96" CONTENT="proposition"/><SP WIDTH="15" VPOS="1355" HPOS="544"/>
							<String ID="string_159" HPOS="559" VPOS="1360" WIDTH="36" HEIGHT="14" WC="0.93" CONTENT="om"/><SP WIDTH="15" VPOS="1360" HPOS="595"/>
							<String ID="string_160" HPOS="610" VPOS="1353" WIDTH="116" HEIGHT="21" WC="0.91" CONTENT="anvisande"/><SP WIDTH="16" VPOS="1353" HPOS="726"/>
							<String ID="string_161" HPOS="742" VPOS="1353" WIDTH="25" HEIGHT="20" WC="0.96" CONTENT="af"/><SP WIDTH="11" VPOS="1353" HPOS="767"/>
							<String ID="string_162" HPOS="778" VPOS="1353" WIDTH="71" HEIGHT="20" WC="0.96" CONTENT="medel"/>
						</TextLine>
						<TextLine ID="line_25" HPOS="93" VPOS="1387" WIDTH="757" HEIGHT="22">
							<String ID="string_163" HPOS="93" VPOS="1388" WIDTH="33" HEIGHT="21" WC="0.93" CONTENT="till"/><SP WIDTH="21" VPOS="1388" HPOS="126"/>
							<String ID="string_164" HPOS="147" VPOS="1388" WIDTH="138" HEIGHT="21" WC="0.93" CONTENT="bestridande"/><SP WIDTH="22" VPOS="1388" HPOS="285"/>
							<String ID="string_165" HPOS="307" VPOS="1387" WIDTH="25" HEIGHT="21" WC="0.96" CONTENT="af"/><SP WIDTH="18" VPOS="1387" HPOS="332"/>
							<String ID="string_166" HPOS="350" VPOS="1387" WIDTH="146" HEIGHT="21" WC="0.96" CONTENT="kostnaderna"/><SP WIDTH="23" VPOS="1387" HPOS="496"/>
							<String ID="string_167" HPOS="519" VPOS="1387" WIDTH="31" HEIGHT="20" WC="0.96" CONTENT="för"/><SP WIDTH="21" VPOS="1387" HPOS="550"/>
							<String ID="string_168" HPOS="571" VPOS="1387" WIDTH="67" HEIGHT="20" WC="0.92" CONTENT="finska"/><SP WIDTH="20" VPOS="1387" HPOS="638"/>
							<String ID="string_169" HPOS="658" VPOS="1387" WIDTH="105" HEIGHT="20" WC="0.92" CONTENT="militären"/><SP WIDTH="19" VPOS="1387" HPOS="763"/>
							<String ID="string_170" HPOS="782" VPOS="1387" WIDTH="68" HEIGHT="20" WC="0.96" CONTENT="under"/>
						</TextLine>
						<TextLine ID="line_26" HPOS="94" VPOS="1421" WIDTH="756" HEIGHT="28">
							<String ID="string_171" HPOS="94" VPOS="1423" WIDTH="52" HEIGHT="21" WC="0.92" CONTENT="ären"/><SP WIDTH="24" VPOS="1423" HPOS="146"/>
							<String ID="string_172" HPOS="170" VPOS="1422" WIDTH="139" HEIGHT="27" WC="0.89" CONTENT="1898—1900"/><SP WIDTH="23" VPOS="1422" HPOS="309"/>
							<String ID="string_173" HPOS="332" VPOS="1421" WIDTH="37" HEIGHT="21" WC="0.91" CONTENT="äro"/><SP WIDTH="23" VPOS="1421" HPOS="369"/>
							<String ID="string_174" HPOS="392" VPOS="1421" WIDTH="27" HEIGHT="22" WC="0.89" CONTENT="dc"/><SP WIDTH="20" VPOS="1421" HPOS="419"/>
							<String ID="string_175" HPOS="439" VPOS="1421" WIDTH="106" HEIGHT="21" WC="0.91" CONTENT="ordinarie"/><SP WIDTH="15" VPOS="1421" HPOS="545"/>
							<String ID="string_176" HPOS="560" VPOS="1421" WIDTH="116" HEIGHT="28" WC="0.91" CONTENT="utgifterna"/><SP WIDTH="15" VPOS="1421" HPOS="676"/>
							<String ID="string_177" HPOS="691" VPOS="1424" WIDTH="113" HEIGHT="25" WC="0.91" CONTENT="upptagna"/><SP WIDTH="15" VPOS="1424" HPOS="804"/>
							<String ID="string_178" HPOS="819" VPOS="1421" WIDTH="31" HEIGHT="22" WC="0.94" CONTENT="till"/>
						</TextLine>
					</TextBlock>
					<TextBlock ID="block_5" HPOS="166" VPOS="1462" WIDTH="317" HEIGHT="20">
						<TextLine ID="line_27" HPOS="166" VPOS="1462" WIDTH="317" HEIGHT="20">
							<String ID="string_179" HPOS="166" VPOS="1463" WIDTH="129" HEIGHT="16" WC="0.63" CONTENT="Statsutskottets"/><SP WIDTH="12" VPOS="1463" HPOS="295"/>
							<String ID="string_180" HPOS="307" VPOS="1463" WIDTH="103" HEIGHT="16" WC="0.96" CONTENT="betänkande"/><SP WIDTH="12" VPOS="1463" HPOS="410"/>
							<String ID="string_181" HPOS="422" VPOS="1462" WIDTH="33" HEIGHT="16" WC="0.95" CONTENT="N:o"/><SP WIDTH="12" VPOS="1462" HPOS="455"/>
							<String ID="string_182" HPOS="467" VPOS="1467" WIDTH="16" HEIGHT="15" WC="0.96" CONTENT="4."/>
						</TextLine>
					</TextBlock>
				</ComposedBlock>
			</PrintSpace>
		</Page>
	</Layout>
</alto>
