1045 1714
423 107 40 21 N:o
481 108 32 20 15.
794 109 27 20 33

235 178 60 19 terna
310 176 112 27 angående
437 176 121 28 bevillning,
575 176 122 22 hvarunder
708 176 53 23 dock
772 177 7 21 i
791 177 59 22 detta
879 175 89 20 Befrielse

234 210 120 22 hänseende
372 210 110 22 bränvins-
502 211 39 21 och
560 211 138 22 maltskatten
714 211 18 27 ej
748 212 34 21 mä
798 211 50 22 hän-
856 205 41 18 från
907 205 86 32 stämpel-

233 237 60 28 föras
298 251 4 19 ;
857 229 135 32 skyldigheten.

165 279 7 21 i
188 280 43 21 mål
246 279 91 22 rörande
353 279 127 28 värnepligt,
496 279 98 28 värfning
609 280 38 21 och
664 280 157 27 ingvartering;

164 313 16 22 1.
186 313 73 27 frägor
277 313 91 22 rörande
388 313 124 28 afsöndring
530 314 23 21 af
568 314 49 27 jord
637 314 38 22 och
695 314 96 27 egobyte,
813 321 38 21 ny-

233 348 89 27 bygges-
352 348 38 21 och
423 348 347 27 kronoskogstorpsanläggningar
795 351 56 19 samt

233 383 100 26 utsyning
348 383 33 20 till
396 383 134 26 svedjeland;

164 417 7 20 i
187 417 94 20 ärenden
300 416 110 27 angäende
425 419 67 25 post-,
508 417 74 21 kanal-
598 416 39 21 och
651 417 199 26 jernvägstrafiken.

95 450 104 28 Skrifter,
215 450 121 22 inlemnade
351 451 40 26 till,
408 451 39 21 och
463 450 63 27 bevis,
542 450 113 21 utfärdade
670 451 31 20 af:

164 485 160 22 Föreständare
342 485 33 22 för
395 478 157 35 dissenterför-|

234 515 96 35 samling,
819 537 5 4 ä

676 537 51 20 dant
842 548 7 5 -

163 549 287 36 Kontraktsprosteembete,
574 537 49 21 med
645 543 71 15 vussa
729 543 27 32 28
778 536 23 22 är
819 543 21 15 in

248 591 8 3 "
613 571 97 22 lemnade
726 573 86 25 tjenste-

164 585 176 35 Kronolänsman,
638 603 162 24 ääsöknöingar.

163 619 178 34 Pastorsembete,
744 612 45 21 Sar.

163 658 168 27 Postsparbank,

95 692 98 27 Skrifter
216 693 39 21 och
278 693 139 28 handlingar,
434 699 44 16 som
494 693 91 28 ingifvas
600 693 33 21 till
649 693 52 21 eller
715 692 97 22 utfärdas
828 692 24 21 af

163 726 80 22 Finska
265 727 203 27 Passexpeditionen
492 727 52 22 eller
571 727 24 21 af
620 727 198 27 Tullexpeditionen
843 727 6 21 i

165 761 32 22 S:t
212 762 136 27 Petersburg.

95 795 49 22 Allt
166 795 56 22 hvad
245 796 33 21 till
301 797 84 21 landets
408 797 147 27 myndigheter
574 796 93 28 ingifves
683 797 39 20 och
739 796 46 21 frän
801 797 48 21 dem

164 830 105 27 utfärdas
287 831 7 21 i
309 830 74 27 frågor
398 831 92 22 rörande
504 831 77 27 gratial
597 837 25 15 ur
637 831 213 27 krigsmanshuskas-

164 871 37 15 san
225 865 52 22 eller
299 865 120 28 pensioner,
439 865 172 28 gratifikationer
630 866 39 21 och
684 866 117 21 understöd
816 866 34 22 för

164 901 67 21 enkor
255 901 40 21 och
316 901 54 22 barn
394 901 54 22 efter
467 901 78 22 aflidne
560 901 91 22 embets-
667 901 38 22 och
721 902 128 26 tjenstemän

163 935 48 22 frän
229 935 109 22 allmänna
358 937 64 20 stats-
442 936 38 21 och
500 935 146 23 militiemedel
663 938 56 19 samt
739 935 48 22 frän
807 936 42 22 alla

163 970 89 27 publika
267 970 39 21 och
322 970 97 22 enskilda
435 971 64 21 enke-
515 971 38 21 och
568 970 144 28 pupillkassor
727 971 7 21 i
749 971 82 22 landet.

449 1034 46 27 68.

163 1073 131 28 Afhandling
309 1073 91 22 emellan
414 1073 99 22 enskilda
523 1076 56 19 samt
590 1073 128 22 förbindelse
730 1075 38 20 och
779 1081 70 15 annan

95 1107 71 28 skrift,
188 1114 44 15 som
253 1107 24 22 af
296 1108 79 21 sädana
393 1108 103 27 utfärdas,
515 1109 35 21 mä
569 1108 84 22 affattas
672 1108 29 27 pä
720 1109 130 27 ostämpladt

95 1148 87 22 papper,
203 1149 46 15 men
269 1142 46 27 bör,
334 1143 28 21 dä
381 1142 40 21 den
437 1142 79 23 företes
532 1143 35 21 vid
583 1143 91 22 domstol
690 1143 53 22 eller
757 1143 93 22 embets-

95 1177 132 27 myndighet,
251 1177 67 22 förses
342 1177 48 21 med
415 1177 67 21 sädan
502 1177 97 27 stämpel,
615 1183 46 16 som
677 1177 40 22 här
732 1177 70 22 nedan
817 1177 33 22 för

96 1211 73 27 hvarje
185 1211 38 21 fall
237 1211 67 22 finnes
320 1213 76 25 utsatt,
412 1211 91 22 säframt
517 1212 42 21 slik
574 1211 101 28 handling
689 1211 46 22 icke
750 1212 33 21 för
798 1212 52 21 visst

95 1245 95 28 angifvet
213 1245 100 22 ändamäl
336 1248 24 19 är
382 1248 108 26 upptagen
513 1247 70 20 säsom
607 1247 128 26 stämpelfri;
756 1246 93 22 börande

96 1281 56 22 dock
167 1281 135 27 anvisningar
318 1281 39 22 och
369 1281 73 21 vexlar
451 1283 64 24 samt,
526 1282 6 20 i
543 1281 164 21 nedannämnda
717 1281 45 27 fall,
770 1281 80 26 jemväl

96 1315 90 22 checker
208 1315 65 22 redan
296 1315 36 21 vid
353 1315 137 26 utgifvandet
512 1315 103 27 stämplas
635 1315 33 21 till
683 1315 83 27 belopp,
782 1321 45 16 som
843 1315 7 21 i

96 1349 86 21 tariffen
205 1349 67 21 finnes
294 1349 106 27 stadgadt.
430 1349 195 26 Stämpelbeloppet
647 1351 24 18 är
690 1349 108 21 bestämdt
817 1349 34 20 för

96 1383 49 22 hela
163 1383 152 27 afhandlingen
334 1383 54 21 eller
402 1383 98 26 skriften,
515 1385 53 19 utan
585 1383 98 21 afseende
699 1383 13 20 &
727 1382 49 21 dess
792 1383 57 26 vidd,

96 1417 72 22 derest
183 1417 7 22 i
206 1417 83 22 tariffen
304 1416 47 27 icke
365 1417 143 27 uttryckligen
519 1419 67 25 säges,
597 1419 33 20 att
640 1417 92 26 stämpel
743 1416 106 22 beräknas

782 1463 11 17 3
