1045 1706
220 106 25 20 12
523 103 40 22 N:o
581 104 32 20 19.

189 173 71 21 kunna
275 178 52 15 vara
342 172 49 21 dess
406 171 148 27 förmyndare;
569 174 49 24 tage
632 171 66 21 likväl
713 170 161 28 förmyndarens
884 170 56 21 råd
929 166 15 37 i

189 206 67 27 fråga,
275 212 46 15 som
340 206 63 21 berör
421 204 326 29 förmögenhetsförhällandena.
775 200 44 26 Äro
834 204 108 22 föräldrar

189 240 40 22 och
243 240 136 27 förmyndare
394 239 23 21 af
431 239 57 22 olika
504 240 91 26 mening,
610 238 73 27 afgöre
698 238 243 28 förmyndarenämnden

190 275 46 21 dem
252 274 99 22 emellan.

257 308 82 27 Moder,
355 314 45 16 som
415 309 39 25 går
468 308 8 21 i
491 310 66 19 annat
572 308 58 26 gifte,
645 306 63 22 hafve
723 307 110 22 enahanda
848 309 44 20 rätt
901 307 41 21 och

190 343 54 27 pligt
258 344 33 20 att
305 342 69 22 förese
389 342 38 22 sitt
441 342 59 26 barn,
517 348 35 16 om
566 342 20 26 ej
601 342 120 27 synnerliga
734 342 47 21 skäl
791 341 96 22 deremot
896 343 45 19 äro.

257 372 44 26 Äro
317 377 87 21 barnets
419 376 106 22 föräldrar
540 376 47 22 icke
601 375 166 27 sammanvigda,
782 375 28 22 då
819 382 39 21 ege
868 375 74 22 moder

190 410 111 28 uppfostra
316 411 82 26 barnet,
415 411 24 21 så
454 410 64 22 framt
534 411 18 26 ej
564 410 133 22 föräldrarne
707 410 133 22 annorlunda
850 410 91 27 åsämjas

190 446 53 21 eller
258 445 60 22 fader
333 447 24 20 är
371 445 72 22 dertill
458 445 60 28 villig
534 446 40 21 och
588 445 23 21 af
625 447 71 20 rätten
711 445 85 27 pröfvas
811 451 51 15 vara
875 445 67 26 lämp-

190 480 67 27 ligare
272 482 27 19 än
316 479 80 22 moder.

258 515 11 21 I
288 515 71 21 hvilka
379 514 39 21 fall
437 514 134 21 föräldrarne
590 513 61 27 eljest
665 515 35 20 må
715 514 74 27 skiljas
805 513 46 22 från
867 513 75 28 uppfo-

191 549 150 27 stringsrätten
356 549 87 27 stadgas
458 549 6 21 i
480 549 27 21 57
529 549 5 28 $
550 550 13 20 3
579 555 63 15 mom.

536 606 12 27 8
564 607 32 20 35.

258 636 31 25 Är
304 640 48 26 den,
367 647 45 14 som
426 641 90 26 uppnätt
527 640 218 27 myndighetsäldern,
756 640 56 21 stäld
823 640 67 21 under
900 639 43 22 för-

191 675 108 26 myndare,
315 674 62 22 hafve
392 674 150 27 förmyndaren
559 675 66 20 sädan
635 675 53 20 värd
698 680 35 15 om
743 674 143 27 myndlingen,
896 680 46 15 som

192 708 22 22 af
228 709 210 26 omständigheterna
453 709 39 21 och
506 708 210 27 förmynderskapets
729 709 100 27 syftemäl
839 709 103 26 påkallas.

537 773 11 27 8
564 773 34 20 36.

259 806 146 27 Förmyndare
420 805 65 22 värde
500 806 147 27 myndlingens
662 805 147 28 förmögenhet
819 805 31 27 sä,
861 812 45 15 som
918 812 25 15 en

192 841 133 20 omtänksam
341 846 48 15 man
405 839 76 22 värdar
496 841 37 21 sitt
549 841 33 26 bo,
597 840 53 22 eller
665 840 63 27 gälde
743 840 87 21 skadan.

538 898 12 27 8
565 898 35 20 87.

260 927 43 25 Äro
325 931 52 21 flere
399 931 143 26 förmyndare,
562 937 37 21 ege
617 933 76 24 rätten,
713 931 37 21 der
769 931 46 22 skäl
834 933 46 25 äro,
895 931 49 21 dela

191 965 200 27 förmynderskapet
414 965 47 21 dem
484 966 97 21 emellan.
610 960 31 26 Är
659 966 36 21 det
715 965 90 24 odeladt,
824 965 62 22 skola
901 965 43 21 för-

192 999 129 27 myndarene
344 999 122 22 handhafva
490 1000 155 26 förvaltningen
669 1002 141 25 gemensamt;
833 1000 54 21 dock
909 1001 35 20 mä

191 1033 108 27 betalning
317 1033 50 22 med
385 1034 48 26 laga
451 1034 78 21 verkan
546 1035 37 21 ske
599 1034 33 21 till
647 1033 123 28 nägondera
785 1035 159 26 förmyndaren.

262 1067 80 22 Stanna
357 1067 162 27 förmyndarene
535 1069 6 20 i
558 1068 58 22 olika
631 1068 116 27 meningar,
763 1068 73 27 afgöre
851 1068 92 28 förmyn-

192 1101 157 22 darenämnden
366 1102 47 21 dem
429 1102 97 21 emellan.

260 1136 152 27 Förmyndare,
432 1143 46 15 som
498 1137 63 21 hafva
579 1136 155 27 förvaltningen
752 1137 83 26 odelad,
852 1143 92 15 ansvare

192 1171 34 20 för
248 1170 121 22 densamma
391 1170 32 22 till
442 1171 134 27 myndlingen
595 1177 26 15 en
639 1169 33 22 för
690 1170 43 22 alla
748 1171 40 21 och
803 1171 43 21 alla
860 1170 34 22 för
909 1177 35 20 en;

192 1205 54 21 dock
262 1211 50 15 vare
328 1205 19 27 ej
366 1205 41 21 den
422 1211 42 16 ene.
476 1205 84 28 skyldig
575 1207 32 20 att
622 1205 93 26 umgälla
729 1205 66 22 sädan
811 1205 40 21 den
866 1205 77 21 andres

192 1239 135 21 värdslöshet
342 1239 52 21 eller
409 1239 107 26 förseelse,
531 1246 46 14 som
592 1239 43 20 han
649 1239 19 26 ej
684 1240 81 20 kunnat
780 1239 40 21 och
830 1239 49 21 bort
889 1239 55 21 före-

192 1273 94 22 komma.

537 1302 11 27 8
564 1302 36 21 38.

261 1331 64 27 Öfver
343 1336 145 28 myndlingens
506 1337 27 21 bo
552 1336 54 22 skall
622 1335 142 29 förmyndare,
779 1337 38 21 der
833 1336 78 22 sädant
925 1336 19 28 ej

192 1371 66 22 redan
281 1371 64 27 skett,
363 1373 75 26 genast
456 1373 101 26 upprätta
575 1371 39 22 och
629 1371 7 22 i
651 1371 86 22 afskrift
752 1372 32 22 till
799 1371 146 28 förmyndare-

192 1405 105 23 nämnden
311 1405 92 22 inlemna
418 1405 141 29 förteckning.
