1064 1711
334 124 30 22 U.
380 124 26 22 B.
422 138 27 2 —
464 125 72 29 Prop.
554 126 42 22 N:o
611 126 37 22 16.
856 133 11 20 3

390 190 32 18 att
444 188 113 22 inkomsten
580 190 29 26 af
624 189 184 21 öränvinsskatten
831 196 35 14 un-

321 222 41 21 der
382 222 140 22 instundande
538 223 151 27 finansperiod
708 223 105 21 beräknas
835 224 35 19 till

321 262 117 21 4,000,000
459 257 62 21 mark
536 257 88 26 årligen,
640 258 111 24 äfvensom
767 257 99 20 utskänk-

321 290 144 26 ningsskatten
486 291 36 20 till
530 297 84 20 30,000
630 291 62 20 mark
707 291 37 20 och
759 291 39 20 den
808 291 59 26 frän

320 324 214 27 distilleringsverken
549 325 117 28 inflytande
680 325 186 28 kontrollafgiften

321 359 35 21 till
368 364 78 22 75,000
462 360 62 21 mark
539 366 33 14 om
588 360 52 20 äret.

184 429 137 21 Beträffande
337 429 41 20 den
394 428 34 21 del
440 429 23 20 af
472 429 162 26 utskänknings-
645 429 41 20 och
696 430 171 25 utminuterings-

115 463 105 27 bolagens
240 463 134 25 vinstmedel,
398 470 48 14 som
468 464 65 27 enligt
557 469 25 15 10
602 463 12 28 8
630 465 6 19 i
651 463 119 28 Kejserliga
786 463 81 21 förord-

116 499 77 26 ningen
209 498 24 21 af
244 498 42 21 den
301 504 13 21 9
328 497 43 27 juni
388 499 60 26 1892,
464 498 112 27 angäende
587 497 128 28 försäljning,
727 497 88 27 forsling
825 497 42 21 och

115 532 82 27 upplag
217 533 25 20 af
260 533 94 24 bränvin,
370 532 54 21 skall
438 532 80 21 tillfalla
532 532 281 25 kommunikationsfonden,
829 532 38 21 har

115 567 35 20 väl
172 569 58 19 inom
252 567 114 21 Utskottet
388 567 130 24 framhällits,
537 570 32 18 att
584 567 124 20 densamma
723 567 42 20 kan
781 566 86 21 komma

115 604 32 18 att
169 601 107 27 betydligt
299 601 77 27 nedgä,
400 601 28 21 dä
450 601 28 21 de
500 601 78 21 nämda
600 601 98 27 bolagen,
720 601 91 21 oaktadt
826 602 41 20 den

115 635 70 21 ökade
208 636 92 25 skatten,
324 635 100 28 möjligen
447 636 47 20 icke
516 636 61 20 skola
598 636 70 20 kunna
690 637 6 19 i
716 642 81 14 samma
813 636 54 27 grad

115 669 49 27 höja
179 670 64 20 äfven
258 670 207 28 försäljningsprisen
481 670 32 21 för
528 670 88 21 bränvin
630 671 7 20 i
652 670 71 26 detalj,
735 670 42 20 och
787 670 80 21 skatte-

116 704 147 28 förhöjningen
284 704 89 22 sälunda
393 704 45 22 helt
454 704 41 22 och
511 704 64 22 hället
590 704 50 21 eller
656 705 128 21 ätminstone
800 705 67 21 delvis

115 740 87 19 komme
223 742 31 17 att
274 739 63 20 träffa
358 739 68 27 sagda
446 739 66 27 bolag
532 740 5 19 i
553 740 55 20 form
624 739 24 20 af
660 738 129 21 förminskad
804 741 63 18 vinst.

116 774 34 20 Då
166 773 117 21 emellertid
298 773 94 22 statistik
407 773 59 21 öfver
482 774 27 20 de
524 773 130 21 kvantiteter
668 773 94 24 bränvin,
773 780 48 14 som
831 781 37 19 ge-

117 815 50 14 nom
188 807 137 22 merberörda
340 807 65 28 bolag
420 808 52 27 utgå
486 809 6 20 i
507 808 170 24 konsumtionen,
694 807 18 26 ej
727 814 28 14 nu
771 808 52 21 stått
838 807 31 22 till

116 842 126 21 Utskottets
263 842 127 27 förfogande
410 842 42 20 och
472 843 65 26 några
559 842 86 20 säkrare
664 841 141 27 beräkningar
820 842 49 20 icke

116 877 70 20 kunna
207 876 93 27 grundas
321 877 29 27 på
365 876 27 21 de
408 877 138 21 summariska
561 876 194 27 vinstuppgifterna
771 876 32 20 för
819 877 49 20 åren

119 912 54 25 1894
193 911 41 20 och
256 912 59 26 1895,
337 914 55 18 samt
414 911 28 20 då
457 910 113 22 Utskottet
585 912 12 19 å
612 910 66 21 andra
693 911 60 20 sidan
769 910 18 27 ej
803 910 66 21 heller

117 945 46 21 låtit
185 945 219 27 skatteförhöjningen
427 946 87 20 inverka
537 946 28 26 på
587 944 144 27 beräkningen
752 945 23 21 af
794 944 74 28 själfva

117 979 197 22 bränvinsskattens
337 980 129 26 afkastning,
489 980 38 20 har
550 979 114 22 Utskottet
684 983 71 17 ansett
774 981 33 25 sig
822 980 47 20 icke

118 1014 41 26 äga
181 1014 46 20 skäl
247 1018 32 17 att
294 1014 100 21 förändra
409 1014 41 20 den
466 1016 5 19 i
487 1016 163 26 propositionen
666 1013 75 27 gjorda
756 1014 114 27 uppskatt-

118 1049 85 26 ningen,
219 1048 42 21 och
276 1048 30 21 får
322 1048 84 22 således
422 1048 78 22 föreslå

392 1120 33 17 att
448 1117 145 25 omförmälda
619 1116 126 21 vinstmedel
765 1116 104 21 beräknas

323 1151 35 20 till
372 1150 95 26 600,000
482 1151 62 21 mark
560 1151 89 26 årligen.

187 1220 52 21 Med
254 1220 102 21 afseende
371 1220 13 19 å
398 1220 28 20 de
441 1219 47 21 icke
503 1221 59 25 ringa
577 1219 89 28 belopp,
680 1219 83 21 hvartill
773 1220 97 20 restitue-

119 1255 37 20 rad
172 1253 204 28 tillverkningsskatt
392 1255 98 26 uppgått,
503 1255 37 19 har
550 1255 58 19 inom
618 1254 115 21 Utskottet
746 1253 59 27 fråga
815 1261 55 20 upp-

118 1290 59 24 stått,
194 1289 83 20 hvartill
298 1288 36 21 det
355 1288 111 21 skattefria
482 1288 110 21 bränvinet
610 1288 112 25 användts,
739 1291 55 17 samt
809 1287 60 21 huru-

118 1324 50 20 vida
183 1323 121 26 tryggande
320 1323 100 26 åtgärder
435 1323 31 20 till
480 1323 176 20 förekommande
671 1322 24 20 af
706 1321 110 31 underslef
828 1322 41 20 och

119 1356 105 21 missbruk
244 1356 66 21 finnas
332 1356 109 27 vidtagna,
462 1356 42 20 och
524 1355 38 20 har
582 1355 114 21 Utskottet
711 1362 23 13 ur
750 1355 120 20 Ofverkon-

119 1390 111 21 trollörens
246 1392 114 25 rapporter
375 1390 71 24 funnit,
457 1392 31 18 att
501 1390 132 20 kvantiteten
644 1390 58 26 sprit,
714 1388 85 21 hvarför
812 1389 58 20 skatt

119 1426 138 23 restituerats,
280 1426 55 19 varit
358 1426 6 19 i
384 1424 53 27 jämt
459 1424 99 26 stigande
580 1424 49 20 med
645 1430 31 13 c:a
697 1427 76 22 50,000
788 1424 46 20 liter
850 1423 24 20 af

189 1471 129 16 Statsulskoltets
331 1471 103 15 betänkande
446 1470 34 16 N:o
492 1470 16 17 8.
