1039 1703
286 122 84 23 Ständ.
388 122 39 23 Sv.
442 136 26 3 —
486 124 75 27 Prop.
577 124 42 22 N:o
635 123 36 22 15.
825 124 26 19 13

100 189 131 29 ordalydelse
250 192 26 18 än
295 190 112 21 tillförene.
436 190 119 22 Ständerna
575 191 64 21 hafva
659 194 114 24 yttermera
790 190 8 21 i
813 190 40 21 och

100 224 34 20 för
154 223 156 29 förtydligande
332 224 156 21 omformulerat
505 224 161 28 ifrågavarande
681 227 98 23 moment,
790 224 62 20 hvar-

99 258 64 27 jämte
179 257 46 21 däri
240 257 74 21 införts
330 261 32 17 ett
376 258 74 27 tillägg
464 258 22 20 af
500 258 98 26 innehäll,
613 261 31 18 att
659 258 104 25 kontrakt,
779 258 28 20 dä
816 257 37 21 det

100 292 7 19 i
123 291 32 21 sin
182 291 106 27 egenskap
311 291 23 20 af
355 290 138 28 förskrifning
517 292 38 20 hos
578 291 91 21 domstol
686 291 51 21 eller
752 291 102 21 exekutor

101 324 85 26 företes,
201 324 53 21 skall
270 324 65 28 draga
356 324 89 29 stämpel
460 326 7 19 i
482 325 67 22 likhet
564 324 49 21 med
628 328 71 17 senast
708 324 91 21 nämnda
809 324 45 27 slag

101 358 22 21 af
138 357 129 28 handlingar.

169 391 70 28 Köpe-
254 393 51 20 eller
319 393 63 20 salu-
398 394 59 20 samt
470 393 76 27 gäfvo-
561 393 39 20 och
616 392 112 28 bytesbref.
760 392 45 21 Vid
817 392 36 21 be-

101 425 128 29 handlingen
251 426 22 21 af
288 426 69 21 denna
372 426 72 22 rubrik
458 426 66 22 hafva
539 426 118 22 Ständerna
671 427 110 25 inhemtat,
795 429 32 18 att
841 425 13 21 &

101 459 104 22 särskilda
227 463 56 18 orter
302 461 7 20 i
331 461 71 21 landet
426 460 126 29 fastigheter
572 460 45 21 ofta
637 461 56 20 varit
711 460 89 21 föremäl
821 461 34 20 för

101 495 53 21 flere
177 494 150 27 öfverlätelser,
353 499 50 17 utan
424 498 32 19 att
475 495 68 28 någon
564 495 23 21 af
606 495 48 21 dem
669 495 72 21 blifvit
761 494 94 29 lagföljd,

101 529 87 21 hvilken
203 529 148 28 försumlighet
365 529 47 22 haft
426 529 32 22 till
473 529 87 28 påföljd,
572 532 32 18 att
614 536 25 13 en
651 536 72 14 senare
734 529 120 27 fastighets-

102 571 68 20 egare,
191 570 44 13 som
258 563 48 21 sökt
326 563 83 28 lagfart,
429 563 79 21 kunnat
524 563 65 28 enligt
603 563 96 28 gällande
714 563 35 27 lag
763 562 92 21 drabbas

103 597 22 21 af
140 596 141 29 mängdubbla
299 597 182 28 stämpelafgifter,
496 597 64 21 ehuru
576 597 40 21 han
633 597 17 28 ej
666 597 38 21 bär
719 596 88 21 skulden
822 597 33 20 för

102 631 58 22 hvad
176 638 43 14 som
235 631 89 28 tidigare
346 631 72 21 blifvit
437 631 119 21 uraktlätet.
585 631 36 21 Då
641 634 30 17 ett
688 631 74 22 sådant
777 631 78 20 förhäl-

102 665 62 21 lande
179 665 120 21 motverkar
317 668 31 18 ett
367 665 126 21 allmännare
508 665 127 28 lagföljande
651 665 22 20 af
687 664 168 29 fastighetsfäng,

103 702 54 18 samt
175 698 64 22 äfven
256 698 42 22 kan
313 699 110 21 föranleda
437 699 73 21 försök
526 702 31 18 att
573 698 88 29 kringgä
675 699 40 28 lag,
730 706 47 14 men
792 698 37 21 det
843 698 13 21 &

104 733 66 21 andra
185 733 59 21 sidan
260 733 76 21 strider
351 736 44 18 mot
409 733 41 21 den
464 734 8 20 i
487 733 73 28 början
576 733 22 21 af
614 734 11 20 6
642 734 11 26 $
674 733 94 21 uttalade
780 734 75 26 princi-

103 774 41 21 pen
165 767 35 21 för
214 766 156 30 afhandlingars
386 768 106 28 kartering
508 770 32 18 att
552 768 34 20 för
595 768 42 20 alla
647 767 57 21 äldre
715 767 140 22 öfverlätelse-

103 801 125 29 handlingar
251 801 72 21 fordra
342 802 90 28 stämpel
452 802 54 21 blott
533 802 68 20 såsom
630 802 34 20 för
683 802 86 28 bilagor,
792 801 65 21 hafva

104 835 125 27 Ständerna,
244 838 50 18 enär
308 836 118 28 otydlighet
440 836 8 20 i
462 836 27 21 de
504 835 45 21 före
565 836 40 20 den
622 838 11 18 1
648 835 87 21 Januari
746 836 54 21 1892
813 835 44 28 gäl-

104 870 61 22 lande
185 869 133 22 föreskrifter
338 870 109 28 förelegat,
464 872 70 19 ansett
548 871 32 27 sig
595 870 51 21 böra
661 871 51 27 göra
726 869 75 22 sådant
815 869 42 21 till-

104 905 49 27 lägg
166 904 33 21 till
218 904 37 22 det
269 904 124 21 härutinnan
408 905 30 19 uti
453 905 156 27 propositionen
621 903 102 29 ingående
735 903 122 29 stadgande,

104 941 32 19 att
151 938 241 28 öfverlåtelsehandling,
406 938 99 21 utfärdad
520 938 45 21 före
577 938 140 28 nyssnämnda
729 938 46 28 dag,
788 938 69 21 karte-

105 980 34 14 ras
154 980 46 13 som
215 972 75 28 bilaga.

175 1006 127 27 Transport-
318 1006 52 21 eller
384 1006 189 27 öfverlätelsebref.
596 1006 35 20 Då
641 1006 96 28 gällande
749 1005 110 21 föreskrift

105 1048 34 13 om
157 1040 114 28 stämpling
294 1039 23 21 af
335 1043 115 25 transport-
470 1040 51 21 eller
543 1039 181 22 öfverlåtelsebref
743 1040 114 27 veterligen

105 1075 46 21 ofta
170 1073 118 28 åsidosatts,
308 1074 88 21 emedan
417 1073 116 28 stadgande
555 1073 85 22 saknats
660 1076 37 19 när
711 1073 69 22 denna
795 1076 63 19 stäm-

104 1108 92 29 pelplikt
211 1108 54 21 skall
280 1108 106 27 fullgöras,
400 1107 66 22 hafva
480 1107 119 22 Ständerna
613 1108 75 28 tillagt,
703 1111 32 18 att
745 1108 113 28 stämpling

107 1143 38 21 bör
159 1149 39 21 ega
213 1150 45 13 rum
273 1142 37 21 vid
324 1142 116 28 ansökning
455 1149 34 14 om
504 1143 120 20 immission.

176 1176 12 20 I
208 1178 10 19 7
244 1177 11 26 8
277 1176 65 20 hafva
360 1176 65 20 orden
446 1176 75 20 väfven
542 1184 34 12 om
594 1175 161 29 stämpelmärke
771 1175 86 21 saknas»

107 1210 106 28 inskjutits
234 1210 13 20 &
268 1209 98 29 lämpligt
380 1210 79 20 ställe
451 1205 10 37 i
474 1210 67 20 första
567 1212 114 18 momentet
701 1210 33 20 för
754 1212 31 18 att
805 1209 55 21 häri-

106 1252 75 20 genom
207 1244 91 28 angifva,
320 1246 32 18 att
374 1244 100 28 sakegare
497 1244 17 27 ej
539 1244 34 20 mä
587 1244 82 27 tvingas
684 1246 32 18 att
730 1243 89 21 bekosta
832 1252 29 19 ny

107 1278 107 28 kartering
234 1278 23 20 af
278 1277 106 28 handling,
400 1286 44 12 som
463 1277 104 22 utfärdats
588 1277 23 21 af
625 1277 98 29 offentlig
737 1277 124 28 myndighet

107 1312 40 21 och
169 1312 81 21 således
272 1312 66 21 måste
361 1311 123 22 förutsättas
507 1312 66 21 hafva
594 1312 55 21 varit
668 1311 113 28 behörigen
797 1313 63 19 stäm-

108 1346 118 27 pelbelagd.

176 1379 32 20 På
219 1378 66 28 grund
298 1378 22 21 af
331 1377 89 28 tidigare
433 1378 129 21 motiverade
573 1378 69 21 beslut
654 1377 133 21 beträffande
797 1379 63 19 stäm-

108 1413 35 28 pel
162 1412 34 22 för
216 1411 152 30 lysningssedel
389 1412 39 21 och
444 1411 61 23 vexel
520 1411 65 22 hafva
601 1413 32 26 19,
649 1412 34 25 30,
697 1413 25 20 31
739 1411 40 22 och
792 1413 26 20 32
835 1413 26 26 $$
