1045 1711
179 119 27 21 24
516 118 39 21 N:o
573 119 32 21 15.

716 214 55 18 2:dra.
782 210 10 30 |
808 214 52 22 3:dje.

30 307 103 23 Stämpelaf-
149 301 14 38 |
168 305 118 28 Prestbref
298 323 1 4 .
317 323 2 4 .
337 323 25 4 ..
380 323 3 4 .
402 323 3 4 .
422 323 155 5 n.
586 315 2 5 |

30 336 14 17 ft
55 336 30 17 för
96 336 48 18 dom-|
168 340 167 28 Pyivilegiibref
347 341 53 21 eller
411 341 167 22 tillständsreso-

42 365 72 21 stolars,
198 375 74 27 lution,
296 381 46 15 som
365 374 23 21 af
409 375 92 22 Senaten
527 375 52 22 eller

39 393 59 18 ffentli
440 409 4 4 E

30 394 99 55 nynäighe-
197 409 157 21 vederbörande
373 409 123 27 myndighet
512 409 66 22 utfär-

30 455 16 13 rs
63 450 33 18 och
109 455 36 13 em-
198 443 49 21 das:

31 481 70 16 temäns
114 484 31 13 ex-|
200 479 31 20 —1:0
246 477 33 22 för
290 477 131 27 anläggande
432 478 21 21 af
463 478 51 21 bok-
526 479 53 21 eller

30 504 99 37 editioner.
226 512 144 27 stentryckeri,
394 512 122 21 bokhandel
540 513 37 21 och

226 546 34 21 för
279 553 70 14 annan
363 547 86 25 rörelse,
467 547 33 21 till
515 547 63 22 hvars

226 580 114 22 utöfvande
349 581 153 26 privilegiibref
511 581 67 22 erfor-

227 615 55 27 dras,
298 615 107 27 belägges,
422 615 53 21 efter
486 618 91 19 omstän-

228 650 123 28 digheterna
364 650 38 22 och
414 651 165 27 anläggningens

227 685 53 21 eller
299 685 106 21 rörelsens
426 684 153 27 beskaffenhet,

227 719 46 22 med
300 720 90 26 stämpel
416 719 56 21 ifrän
496 720 27 21 20
546 720 32 21 till

227 754 38 21 och
281 754 46 21 med
344 754 41 21 500
397 754 67 26 mark,
475 755 39 20 allt
525 754 54 21 efter

227 795 44 15 som
287 788 35 21 vid
337 788 73 27 hvarje
427 788 84 21 tillfälle
522 788 57 27 pröf-

227 829 43 16 vas.
753 828 2 21 |

199 858 33 22 2:0
251 857 33 22 för
302 857 122 21 inrättande
442 858 50 20 eller
511 857 68 22 öfver-

227 892 91 28 tagande
334 892 22 20 af
370 892 77 27 apotek
463 892 6 20 i
485 892 50 21 stad
552 908 5 6 .
573 908 5 5 .|
618 893 27 21 60

154 927 2 33 |
228 927 32 21 för
278 927 122 21 inrättande
419 927 52 21 eller
487 927 92 21 öfverta-

154 961 2 10 |
227 961 69 27 gande
318 960 23 22 af
362 961 78 26 apotek
462 961 28 26 pä
509 961 70 21 lands-

154 998 2 16 i
227 996 82 27 bygdens
342 1012 20 4 a
381 992 47 35 sena
445 992 26 35 sea
488 992 46 35 musa
552 1012 26 4 so
618 997 27 20 20
753 999 2 20 i
804 1008 27 3 —

155 1042 1 6 |
199 1031 34 21 —8:0
248 1030 34 22 för
296 1030 124 26 utgifvande
434 1030 23 21 af
470 1030 108 26 periodisk

228 1064 63 22 skrift
317 1081 25 5 0.
402 1080 176 6 onn
667 1077 24 3 —
820 1066 9 20 1

173 1099 144 21 Promotoriad
339 1115 45 5 ...
402 1114 176 5 00.
618 1112 26 3 ==
820 1101 9 19 1

154 1130 2 26 |
170 1133 149 26 Protestbevis,
335 1139 22 14 se
372 1133 177 21 Notariatsbevis.
753 1139 2 10 |

154 1159 2 33 |
170 1167 118 26 Protokoll,
297 1167 58 22 öfver
364 1167 124 21 ekonomisk
497 1167 79 27 besigt-
753 1184 1 4 |
844 1170 2 18 i
970 1170 2 17 i

154 1194 2 30 i
296 1202 49 26 ning
361 1201 12 21 å
387 1201 95 27 prestbol
497 1205 55 18 samt
566 1201 13 21 å
661 1225 1 5 |

154 1227 2 40 |
296 1236 173 27 kronohemman,
500 1236 78 21 krono-
661 1231 1 3 |
845 1237 1 18 |

154 1271 1 6 !
295 1269 104 22 boställen
409 1270 37 20 och
455 1270 66 20 andra
529 1270 49 21 kro-
661 1290 1 4 |

154 1299 2 20 |
295 1303 152 27 nolägenheter
466 1320 5 5 .
487 1320 4 5 .
509 1320 4 4 .
523 1303 56 28 fritt
660 1296 2 25 |

223 1355 10 10 =
296 1338 59 22 öfver
370 1345 70 14 annan
450 1339 127 26 besigtning,

153 1375 1 29 ;
296 1373 118 27 värdering,
449 1373 128 27 utmätning,

153 1405 1 32 i
296 1408 98 27 qvarstad
406 1408 52 21 eller
470 1408 57 26 dylik
535 1397 53 32 för-|

152 1440 3 22 i
295 1443 101 26 rättning,
413 1442 33 21 för
455 1442 73 27 hvarje
540 1442 38 21 ark|
619 1455 23 2 —
661 1455 30 6 —|
725 1444 13 20 2
