1048 1711
185 128 12 20 8
418 125 28 24 U.
463 125 27 22 B.
505 139 28 2 —
547 125 74 28 Prop.
637 125 45 22 N:o
698 125 38 22 22.

252 189 164 22 Bondeståndet
431 189 38 21 har
484 189 87 22 beslutit
586 192 32 17 att
634 188 130 28 paragrafen
778 187 68 22 borde
862 195 23 13 ur
897 187 42 21 för-

184 223 208 28 fattningsförslaget
407 224 110 20 uteslutas.

252 258 57 21 Enär
328 261 33 18 tre
382 258 74 21 stånds
476 258 71 21 beslut
566 257 122 28 föreligger,
710 256 93 22 förfaller
818 257 74 21 vidare
907 257 32 20 åt-

183 292 61 28 gärd.

535 371 26 21 23
578 366 18 26 8.

253 428 161 27 Ridderskapet
430 428 41 21 och
486 428 73 21 Adeln
574 428 38 21 har
627 428 87 21 beslutit
730 432 31 17 att
780 434 4 15 2
796 434 64 14 mom.
871 427 68 22 skulle

183 470 24 14 ur
222 462 240 28 författningsförslaget
484 462 104 22 uteslutas
608 466 57 17 samt
680 466 32 18 att
731 464 2 19 i
758 468 2 21 3
776 469 64 14 mom.
857 462 82 22 tidsbe-

183 498 136 26 stämningen
336 503 7 15 1
363 497 114 21 december
492 497 68 21 skulle
575 497 78 21 ändras
668 497 32 21 till
721 502 3 15 1
743 497 124 21 november,

251 532 162 20 Presteständet
435 531 38 21 har
495 532 87 20 beslutit
604 534 33 18 att
661 537 4 21 3
680 532 65 20 mom.
761 531 68 21 borde
845 532 93 21 ersättas

183 565 51 21 med
248 571 28 20 24
291 565 12 28 &
319 571 12 15 2
347 572 65 14 mom.
428 566 6 19 i
450 566 42 20 den
506 566 79 26 nådiga
600 567 173 25 propositionen.

252 600 184 27 Borgareständet
458 600 38 21 har
515 607 24 14 ur
558 600 241 27 författningsförslaget
815 599 96 22 uteslutit
926 605 13 15 2

183 640 66 15 mom.

251 667 165 22 Bondeständet
430 668 38 21 har
483 668 87 21 beslutit
585 671 32 18 att
640 673 4 15 2
661 675 64 14 mom.
741 667 69 22 borde
824 668 116 21 omformu-

183 702 55 21 leras
253 703 7 20 i
274 702 95 27 enlighet
391 703 51 20 med
464 704 159 19 reservationen
646 702 41 20 N:o
708 702 32 21 IV
755 705 57 18 samt
827 705 32 18 att
874 704 6 19 i
896 703 43 20 den

183 736 66 21 finska
265 740 76 17 texten
356 736 31 21 till
413 743 1 20 3
431 743 63 14 mom.
511 737 63 20 ordet
591 735 159 29 ,Lapinmaan*
767 737 68 21 borde
850 737 89 26 uthytas

184 774 59 17 emot
259 770 106 28 ,Lapin*.

252 805 175 20 Vidkommande
446 805 75 20 främst
537 810 12 15 2
563 812 65 13 mom.
644 806 6 19 i
666 804 126 21 Utskottets
812 804 80 28 förslag
906 805 33 21 till

183 845 26 20 23
225 839 18 27 8,
259 839 24 20 sä
298 839 135 21 alldenstund
455 839 100 27 gällande
575 839 84 27 jagtlag
681 839 119 27 medgifver
821 839 71 27 fångst
915 839 25 21 af

182 873 52 21 hare
251 874 51 20 med
320 880 62 14 snara
401 878 55 16 samt
471 874 172 20 Presteständets
660 874 42 20 och
717 874 174 20 Bondeständets
907 875 30 20 uti

182 908 163 26 ifrägavarande
360 907 102 21 afseende
477 908 84 21 fattade
576 908 69 21 beslut
661 908 85 20 säledes
760 908 95 21 närmast
868 908 71 20 öfver-

183 942 130 21 ensstämmä
338 942 49 20 med
412 949 28 13 nu
464 942 96 21 rädande
582 942 153 25 förhällanden,
758 943 39 20 har
822 942 116 22 Utskottet

183 980 71 18 ansett
276 977 34 26 sig
329 976 54 21 böra
404 976 87 22 förorda
512 976 99 21 bemälda
627 976 75 21 ständs
717 977 70 21 beslut
802 976 135 22 beträffande

183 1010 59 27 dylik
257 1011 79 27 fängst.

250 1045 35 21 Dä
303 1045 83 26 jemlikt
401 1052 52 19 nyss
478 1046 125 26 äberopade
618 1045 35 27 lag
666 1045 80 26 jemväl
763 1045 105 28 ripfängst
888 1046 51 20 med

182 1087 63 14 snara
264 1080 23 20 är
302 1080 67 21 under
384 1081 42 20 den
442 1081 32 20 för
489 1080 91 27 ripfägel
595 1081 107 26 stadgade
715 1080 107 27 jagttiden
837 1081 101 20 öfverallt

182 1115 7 20 i
204 1114 72 21 landet
295 1114 87 25 tilläten,
404 1114 38 21 har
457 1115 35 20 väl
507 1115 121 24 Utskottet,
645 1115 29 26 pä
690 1115 64 20 ofvan
769 1115 75 20 anförd
860 1115 75 27 grund,

182 1151 72 18 ansett
275 1151 33 18 att
329 1148 173 21 Presteständets
525 1150 30 19 uti
573 1149 127 26 nästantydt
714 1149 124 20 hänseende
853 1149 83 21 fattade

181 1182 77 25 beslut,
281 1188 48 15 som
350 1182 68 21 mäste
440 1189 62 14 anses
522 1190 51 13 vara
593 1182 116 22 omfattadt
722 1182 80 27 jemväl
816 1183 23 21 af
852 1183 84 21 Bonde-

182 1216 92 25 ständet,
299 1216 50 21 bort
373 1216 75 27 läggas
471 1216 31 22 till
522 1216 69 28 grund
613 1216 33 21 för
668 1216 232 28 sammanjemkningen
915 1218 26 20 af

182 1250 101 20 ständens
305 1250 70 20 beslut
391 1252 6 18 i
412 1252 68 24 sagda
503 1251 124 19 hänseende
646 1255 56 16 samt
717 1252 60 25 dylik
792 1252 71 25 fängst
878 1252 59 25 förty

181 1283 79 21 tillåtas
275 1284 13 20 å
303 1284 28 20 de
347 1284 6 19 i
369 1288 27 20 24
412 1284 12 26 $
440 1289 12 14 2
468 1290 64 14 mom.
545 1286 6 18 i
565 1285 40 19 den
616 1284 79 27 nådiga
706 1286 165 25 propositionen
880 1292 57 20 upp-

181 1316 95 22 räknade
299 1320 63 18 orter.
392 1318 51 20 Men
467 1317 27 21 dä
516 1317 132 27 rättigheten
663 1322 32 17 att
710 1319 99 27 begagna
824 1318 61 28 giller
900 1318 33 22 för

181 1351 71 27 fängst
267 1351 23 21 af
303 1358 71 14 annan
389 1351 57 27 fägel
461 1352 27 20 än
503 1353 47 26 ripa
564 1352 81 26 jemlikt
662 1352 124 22 Utskottets
798 1355 6 19 i
815 1354 70 20 denna
901 1353 37 21 del

181 1386 26 20 af
225 1389 32 18 tre
278 1386 64 21 ständ
361 1386 117 27 godkända
498 1386 81 27 förslag
597 1387 70 21 blifvit
686 1387 111 22 inskränkt
816 1388 32 21 till
862 1388 76 28 Lapp-

181 1420 98 21 markens
299 1420 68 21 härad
385 1424 57 17 samt
460 1420 124 27 Kuolajärvi
599 1422 82 20 socken
696 1422 25 21 af
732 1422 64 21 Kemi
812 1423 67 20 härad
895 1423 42 21 och

250 1465 48 22 Lag-
311 1465 32 18 och
356 1465 183 18 Ekonomiutskottets
551 1465 110 19 betänkande
672 1467 38 17 N:o
722 1468 18 17 4.
