1061 1703
308 126 83 26 Ständ,
406 126 39 22 Sv.
462 139 24 2 —
503 126 73 28 Prop.
592 126 46 22 N:o
652 126 37 22 16.
860 127 13 20 3

123 196 71 22 derna
221 196 113 23 beräknat
359 198 134 21 inkomsten
520 197 23 22 af
568 198 206 22 bränvinsskatten
800 198 74 21 under

121 230 159 22 instundande
305 230 158 30 finansperiod
485 231 37 21 till
539 232 133 27 4,000,000
692 232 67 21 mark
777 232 96 28 årligen,

123 264 119 22 äfvensom
268 264 265 30 utskänkningsskatten
559 265 37 22 till
625 266 90 28 30,000
741 266 66 20 mark
830 265 44 22 och

123 298 45 22 den
194 298 53 22 frän
265 298 239 30 distilleringsverken
523 299 130 29 inflytande
670 299 204 29 kontrollafgiften

123 332 36 21 till
179 332 89 28 75,000
286 333 66 21 mark
371 340 36 14 om
425 334 56 20 äret.

190 366 150 22 Beträffande
369 367 44 21 den
443 367 8 21 i
476 367 88 29 nädiga
590 367 175 29 propositionen
790 366 84 29 gjorda

122 401 200 28 uppskattningen
352 401 23 30 af
401 401 46 22 den
473 401 38 22 del
538 401 23 22 af
578 401 181 28 utskänknings-
777 401 43 22 och
838 403 37 20 ut-

122 435 266 29 minuteringsbolagens
417 435 145 28 vinstmedel,
590 443 49 14 som
666 436 73 28 enligt
768 436 30 21 10
825 437 13 25 8
865 435 9 21 i

121 469 87 29 nädiga
235 469 168 30 förordningen
431 470 22 22 af
480 470 45 22 den
552 470 13 21 9
584 470 59 22 Juni
662 470 72 28 1892,
753 469 121 29 angäende

122 504 146 29 försäljning,
296 504 98 29 forsling
418 505 43 22 och
479 504 87 30 upplag
584 505 24 22 af
624 505 107 28 bränvin,
750 504 59 22 skall
826 504 48 22 till-

122 538 56 21 falla
193 539 306 27 kommunikationsfonden,
511 539 70 21 hafva
594 539 131 21 Ständerna
737 538 51 22 icke
801 539 74 21 heller

122 572 79 22 funnit
228 573 50 21 skäl
304 572 38 22 till
367 574 162 28 anmärkning,
555 575 58 19 utan
640 573 68 22 äfven
728 574 37 20 för
782 573 36 21 sin
836 572 38 22 del

123 609 77 19 ansett
218 606 150 22 omförmälda
380 607 139 21 vinstmedel
527 607 58 22 böra
594 607 114 22 beräknas
717 608 37 21 till
766 607 108 28 600,000

121 641 67 21 mark
206 641 94 29 ärligen.

190 777 12 21 I
221 777 13 21 2
254 779 13 25 &
286 777 24 22 af
328 777 39 22 det
383 777 9 21 i
410 777 45 22 den
473 778 86 29 nådiga
571 777 175 30 propositionen
758 777 114 29 ingående

124 811 265 29 författningsförslaget
415 815 26 18 är
467 812 106 29 anslaget
598 811 38 23 till
662 811 131 22 kontrollen
812 812 64 22 öfver

124 846 295 28 bränvinstillverkningen
448 849 59 18 samt
536 847 38 21 till
600 845 120 29 äklagares
746 845 130 22 belönande

124 880 37 21 för
187 879 111 22 särskildt
324 880 35 21 nit
385 879 44 22 vid
454 880 131 22 hbeifrandet
612 881 23 21 af
658 880 177 22 öfverträdelser
853 880 23 21 af

125 913 310 29 bränvinsförfattningarna
452 917 114 26 upptaget
578 914 37 21 till
623 913 135 29 förslagsvis
769 915 107 27 300,000

124 949 67 20 mark
218 955 36 14 om
282 949 55 26 äret,
364 948 91 22 hvilket
481 949 81 28 anslag
589 949 214 21 öfverensstämmer
823 948 53 21 med

125 982 61 22 hvad
213 982 40 22 vid
282 983 62 20 1891
373 982 44 21 och
443 983 65 20 1894
526 983 36 21 års
580 982 141 28 landtdagar
737 983 38 21 för
791 983 86 27 ifräga-

125 1016 102 21 varande
246 1016 107 21 ändamål
370 1016 115 29 beviljats.
512 1016 234 23 Bränvinsindustrin
758 1016 42 21 har
810 1016 67 21 emel-

127 1050 69 21 lertid
214 1050 60 29 tagit
293 1049 45 22 den
356 1050 113 29 riktning,
488 1053 35 19 att
540 1058 30 14 en
587 1049 137 30 fortgäende
741 1050 136 29 minskning

126 1085 24 21 af
167 1085 88 21 antalet
274 1085 48 21 små
339 1085 135 21 brännerier
492 1087 39 26 egt
548 1093 57 19 rum,
623 1087 59 20 samt
694 1084 180 29 tillverkningen

125 1119 175 21 koncentrerats
320 1118 43 23 hos
381 1121 34 19 ett
432 1119 59 22 fätal
509 1121 72 20 större
598 1119 109 28 fabriker,
725 1119 152 28 hvarigenom

125 1153 234 22 kontrollkostnaden
387 1153 73 22 redan
489 1153 97 29 nedgätt
604 1153 44 22 och
666 1157 30 18 än
713 1153 80 22 vidare
811 1153 65 22 torde

125 1187 92 22 komma
244 1190 35 19 att
304 1187 83 28 nedgä.
422 1187 33 22 Af
481 1187 71 22 sädan
575 1187 128 29 anledning
720 1187 69 22 hafva
808 1187 69 21 Stän-

127 1221 71 22 derna
224 1221 78 22 funnit
327 1223 34 20 ett
379 1221 81 29 anslag
478 1222 37 21 till
532 1221 40 22 det
589 1221 91 29 belopp,
700 1229 48 14 som
765 1221 9 21 i
794 1229 83 20 propo-

127 1255 100 22 sitionen
255 1255 128 30 upptagits,
409 1256 52 21 icke
487 1256 80 22 vidare
592 1263 58 14 vara
677 1255 152 29 erforderligt.
864 1255 13 21 I

127 1289 83 29 själfva
236 1291 81 21 verket
338 1289 42 22 har
397 1290 102 28 utgiften
516 1291 36 21 för
569 1289 246 22 bränvinskontrollen
834 1289 42 21 och

127 1324 120 28 äklagares
274 1324 129 22 belönande
430 1324 74 21 under
528 1325 54 21 åren
602 1324 166 21 1893—1895
787 1324 90 27 utgjort

127 1357 81 22 endast
239 1358 106 27 607,456
363 1357 67 21 mark
448 1358 31 20 89
498 1358 77 28 penni.
610 1355 76 24 Äfven
705 1364 36 14 om
759 1358 9 20 i
785 1357 92 21 betrak-

126 1391 71 23 tande
215 1393 66 27 tages
300 1394 35 20 att
353 1391 28 22 de
398 1392 144 29 belöningar,
560 1398 49 16 som
626 1391 36 22 för
680 1391 77 22 visadt
767 1390 110 23 särskildt

127 1426 36 22 nit
188 1426 153 23 tillerkännas
369 1426 108 30 åklagare
504 1427 8 21 i
538 1426 164 28 bränvinsmäl,
728 1426 93 22 komma
842 1427 36 20 att
