1059 1714
201 128 28 21 16
380 125 84 23 Ständ.
481 124 38 23 Sv.
538 138 23 3 —
577 124 74 28 Prop.
667 124 42 22 N:o
725 123 38 22 22.

201 194 136 22 innehafvare
353 194 23 21 af
391 193 125 29 kungsgård,
530 192 89 22 boställe
634 192 39 21 och
689 199 67 13 annan
771 190 87 22 därmed
870 189 86 23 likstäld

202 228 105 29 lägenhet,
328 228 35 20 för
383 227 73 22 hvilka
475 227 55 21 dock
545 226 218 24 öfverenskommelse,
778 232 45 14 som
837 225 8 21 i
860 226 13 19 8
888 224 40 21 och
944 225 12 19 9

202 263 27 27 8$
250 264 53 26 sägs,
321 262 18 28 ej
355 262 35 21 må
403 261 59 29 ingås
477 265 50 17 utan
542 260 109 28 samtycke
667 260 22 21 af
703 260 42 21 den
759 258 129 30 myndighet,
902 258 55 22 hvil-

203 297 42 21 ken
259 296 60 22 öfver
334 295 64 22 sådan
413 296 98 28 lägenhet
525 295 38 21 har
577 294 92 30 uppsikt.

273 330 46 22 Vid
334 331 47 27 lega
396 330 22 21 af
432 330 46 28 jord
493 331 7 20 i
515 333 64 18 annat
593 329 38 21 fall
647 328 98 29 öfvergår
759 330 113 27 jagträtten
887 328 47 21 icke
945 328 13 20 å

203 366 140 28 legotagaren,
365 364 49 22 med
435 364 82 22 mindre
539 364 75 21 sådant
634 364 7 20 i
662 363 75 21 aftalet
758 362 141 29 uttryckligen
921 362 37 22 be-

203 400 86 28 tingats.

560 428 13 20 3
589 428 18 26 8.

272 467 48 22 Har
334 467 80 21 kronan
429 466 74 22 afstått
518 467 60 21 mark
592 467 33 21 till
640 467 91 21 samfäld
743 466 102 29 egendom
855 466 23 22 åt
887 466 71 28 lägen-

204 502 66 27 heter,
286 502 141 27 samfällighet
442 501 51 21 eller
507 502 106 26 kommun,
628 501 51 21 eller
693 502 39 20 har
747 500 211 23 öfverenskommelse

203 543 36 14 om
261 535 94 23 oskiftad
378 535 135 29 skogsmarks
535 535 138 22 användande
688 536 34 21 för
735 542 120 22 gemensam
871 534 89 29 räkning

205 571 34 20 till
261 571 94 28 ständigt
377 570 116 29 skogsbruk
516 570 78 21 mellan
609 570 123 28 delegarene
748 570 69 21 slutits
832 570 41 21 och
887 569 73 22 blifvit

205 605 106 28 godkänd,
325 605 112 21 ankomme
452 605 13 20 å
479 605 124 28 delegarene
619 607 31 19 att
665 604 87 27 besluta,
767 611 40 20 om,
822 605 7 20 i
844 604 57 22 hvad
911 604 49 21 mån

204 639 43 21 och
266 639 67 21 under
353 639 72 22 hvilka
446 639 69 21 vilkor
534 640 45 27 jagt
599 639 35 21 må
649 639 108 21 därstädes
772 639 70 26 idkas;
855 639 40 21 och
910 646 50 14 vare

205 673 85 22 enskild
299 673 98 29 delegare
408 673 108 28 förbjudet
526 677 31 18 att
570 673 135 22 därförinnan
715 673 13 21 ä
736 673 41 21 den
785 673 60 21 mark
852 673 51 21 idka
910 674 50 27 jagt.

274 707 80 27 Beslut,
369 715 44 14 som
428 716 28 13 nu
471 710 88 24 nämnts,
574 708 53 21 skall
642 707 119 29 skriftligen
776 707 101 22 affattadt
887 707 40 22 och
938 708 22 21 af

205 742 125 28 delegarene
352 741 156 22 underskrifvet
530 743 55 24 eller,
607 742 38 21 där
667 742 36 21 det
723 742 13 21 &
751 742 210 21 kommunalstämma

205 776 129 26 tillkommit,
349 776 80 21 medels
448 775 76 29 utdrag
539 784 24 13 ur
578 778 113 19 stämmans
703 776 105 29 protokoll
823 776 137 21 underställas

206 812 141 26 guvernörens
369 810 106 28 pröfning,
495 811 40 20 och
557 810 53 21 skall
633 810 133 21 stadfästelse
785 810 52 21 därå
851 811 22 20 af
888 818 74 21 guver-

207 846 65 18 nören
294 843 114 27 meddelas,
426 844 88 21 såframt
528 845 91 21 beslutet
634 845 48 20 icke
697 844 96 21 befinnes
808 844 104 22 innefatta
926 844 36 21 nå-

207 885 40 21 gon
273 878 102 22 afvikelse
398 878 48 22 från
467 878 161 22 föreskrifterna
648 879 7 20 i
676 878 68 21 denna
767 878 122 29 förordning
912 879 50 21 eller

206 912 79 21 allmän
307 913 40 27 lag.
376 913 79 20 Kunna
477 913 123 28 delegarene
621 913 18 28 ej
666 914 81 27 sämjas,
769 913 61 28 lägge
845 913 118 22 domstolen

207 946 8 21 i
230 949 59 18 orten
304 946 48 21 dem
368 947 94 21 emellan.

277 980 43 21 Om
334 981 114 28 jagträtten
463 980 12 22 å
489 981 206 28 sockneallmänning
710 989 49 14 vare
775 981 34 29 lag
825 989 84 14 samma.

563 1046 14 20 4
592 1045 17 27 8.

278 1078 33 26 Är
333 1084 59 20 mark
413 1084 7 21 i
440 1088 63 18 annat
524 1084 38 22 fall
583 1087 26 19 än
628 1085 7 21 i
650 1086 12 20 3
679 1085 10 28 8
705 1088 57 26 sagts
777 1085 95 22 oskiftad
886 1086 78 21 mellan

208 1117 53 29 byar
281 1117 52 22 eller
352 1118 125 28 lägenheter,
493 1120 50 20 eller
558 1119 39 22 har
611 1119 37 21 vid
663 1120 151 28 sämjodelning
828 1120 13 21 å
855 1120 108 28 lägenhets

207 1159 51 21 egor
281 1152 69 28 någon
369 1152 34 21 del
423 1153 106 23 förblifvit
544 1153 96 27 samfäld,
656 1161 37 21 ege
709 1154 79 22 enhvar
803 1154 96 29 delegare
915 1154 49 29 själf

208 1186 52 21 idka
278 1186 45 28 jagt
338 1186 13 22 å
365 1187 42 21 den
422 1187 103 23 samfälda
539 1188 96 27 marken;
650 1196 49 14 men
714 1189 18 27 ej
748 1188 35 22 må
797 1188 47 28 han,
859 1188 71 22 såvidt
944 1190 18 28 ej

207 1220 132 22 annorlunda
353 1221 77 22 mellan
446 1221 123 30 delegarene
585 1222 203 28 öfverenskommits,
804 1222 108 30 medgifva
926 1231 37 14 an-

209 1261 41 13 nan
271 1256 43 19 rätt
329 1258 31 18 att
373 1256 48 27 jaga
436 1256 114 25 därstädes,
565 1258 18 26 ej
600 1256 66 21 heller
680 1260 51 18 utan
745 1256 26 21 de
787 1256 78 28 öfriges
880 1257 31 21 lof
926 1257 38 21 där

209 1288 96 28 begagna
319 1288 146 28 fångstmedel,
481 1296 45 14 som
539 1290 8 20 i
562 1290 28 20 24
606 1291 11 26 $
632 1292 53 26 sägs.

564 1353 12 20 5
593 1352 16 28 8.

278 1384 21 29 Å
313 1391 120 30 kronopark
448 1392 39 22 och
502 1392 89 22 kronans
607 1393 151 29 odisponerade
771 1394 60 22 mark
841 1402 49 15 vare
900 1395 63 29 ingen

209 1426 121 30 berättigad
345 1430 33 18 att
392 1426 50 23 idka
457 1428 44 28 jagt
515 1430 50 19 utan
580 1428 97 28 behörigt
691 1428 102 23 tillstånd.
