1042 1711
228 91 24 19 18
527 89 40 21 N:o
583 90 33 20 22,

265 305 122 22 Ständerna
401 305 33 21 till
450 305 129 28 upplysning
594 305 106 21 meddelas
716 304 102 28 följande:

405 403 123 27 Förslag
551 403 28 22 till
603 403 126 27 kungörelse,
746 403 139 21 innefattande
905 403 44 21 sär-

334 443 65 22 skilda
414 443 127 22 föreskrifter
556 443 86 22 rörande
657 443 50 28 jagt.

552 524 46 27 18.

265 564 52 27 Jagt
333 564 13 20 å
361 564 78 27 elgtjur
458 571 57 20 vare,
530 565 70 21 under
614 564 141 28 iakttagande
770 564 23 22 af
806 564 56 22 hvad
877 564 73 22 derom

197 598 7 22 i
221 599 11 27 8
249 599 26 21 15
291 598 22 21 af
329 598 152 28 förordningen
505 605 33 15 om
558 599 47 27 jagt
624 598 40 22 den
680 612 27 2 —
723 611 27 3 —
766 611 26 3 —
811 611 23 3 —
852 600 24 20 är
891 598 60 22 stad-

197 632 58 28 gadt,
272 632 118 22 tillsvidare
405 633 83 22 tillåten
507 634 3 20 i
526 633 98 28 Wiborgs
640 633 39 21 och
694 633 33 22 S:t
741 633 87 22 Michels
844 633 42 27 län,
903 633 47 22 med

197 668 112 26 undantag
332 666 23 23 af
375 667 71 22 Jorois
469 668 39 21 och
529 668 135 22 Pieksämäki
682 668 98 26 socknar,
796 670 56 20 samt
866 668 7 21 i
888 668 63 22 Jaala

198 702 78 22 socken
292 701 39 22 och
347 701 40 22 den
403 702 32 21 till
451 708 65 16 norra
529 701 57 23 Tittis
602 702 197 22 länsmansdistrikt
809 702 96 22 hörande
916 702 35 22 de-

197 736 34 21 len
255 736 22 21 af
297 736 58 21 Iittis
377 737 78 20 socken
478 736 23 21 af
517 736 97 27 Nylands
628 737 44 26 län,
688 737 41 21 den
745 736 33 21 del
794 736 23 21 af
830 736 121 27 Korpilahti

197 771 77 22 socken
291 770 23 22 af
327 771 133 22 Tavastehus
475 771 42 27 län,
533 777 46 16 som
594 771 68 28 ligger
677 773 59 20 öster
752 777 33 15 om
800 771 103 28 Päijänne
911 771 38 28 sjö,

198 805 39 22 och
251 805 102 22 Laukkas
368 805 69 22 härad
452 805 23 22 af
487 806 66 21 Wasa
567 805 42 22 län.

550 880 47 28 28.

266 920 105 22 Tillständ
393 920 33 21 till
448 920 80 28 elgjagt
549 920 109 22 meddelas
677 920 34 21 för
730 922 32 20 ett
778 920 24 21 är
816 920 8 22 i
838 920 77 22 sender
931 921 22 21 af

198 955 146 26 Guvernören,
361 954 33 22 till
407 954 86 23 hvilken
510 955 119 27 ansökning
645 955 71 21 derom
732 955 40 21 bör
782 961 51 15 vara
843 955 108 21 inlemnad

197 989 46 22 före
259 989 40 21 den
318 990 8 20 1
343 989 98 27 Augusti.

266 1024 43 20 För
323 1023 131 27 rättigheten
471 1024 34 21 att
519 1023 74 22 utöfva
609 1024 58 26 dylik
679 1024 48 27 jagt
742 1024 102 27 erlägges,
860 1023 34 22 vid
909 1024 42 21 till-

197 1057 169 23 ständsbevisets
389 1057 127 27 undfäende,
535 1064 25 15 en
584 1058 61 27 afgift
664 1058 32 21 till
711 1058 83 22 kronan
811 1058 23 21 af
847 1058 103 28 tjugufem

197 1092 62 22 mark
281 1093 56 21 samt
359 1091 93 22 derefter
474 1092 125 28 ytterligare
618 1092 117 22 etthundra
754 1092 61 22 mark
829 1092 34 22 för
877 1093 74 27 hvarje

197 1126 54 21 fäldt
267 1126 54 28 djur.
344 1126 42 21 Vid
401 1126 131 22 tillständets
546 1126 142 22 meddelande
703 1127 43 20 kan
761 1127 79 27 jemväl
857 1127 94 21 bestäm-

197 1166 52 21 mas,
265 1160 57 22 huru
340 1161 78 26 mänga
434 1161 58 27 elgar
507 1160 63 28 högst
585 1160 61 23 fällas
662 1161 40 26 mä,
718 1161 25 21 sä
758 1161 40 21 ock
813 1162 34 20 att
862 1161 88 27 afgiften

197 1195 34 22 för
245 1195 54 21 visst
319 1195 59 21 antal
398 1195 49 27 djur
465 1195 55 22 skall
534 1196 29 26 pä
577 1195 92 22 förhand
684 1195 112 22 nedsättas
813 1195 50 22 eller
878 1195 73 22 säker-

197 1229 37 22 het
250 1229 71 22 derför
335 1229 81 22 ställas.

265 1263 54 26 Den,
335 1268 46 15 som
397 1263 84 21 erhällit
497 1263 77 21 sädant
590 1263 104 26 tillständ,
709 1269 52 16 vare
776 1264 39 21 ock
826 1263 61 22 alltid
896 1263 54 28 plig-

197 1297 32 27 tig
243 1298 34 19 att
291 1297 46 21 före
353 1297 41 20 den
411 1299 9 19 1
439 1296 95 23 Oktober
548 1297 34 21 till
596 1297 162 22 vederbörande
772 1297 133 28 kronofogde
918 1297 32 22 in-

197 1331 68 22 sända
281 1331 22 22 af
316 1331 73 22 kända
403 1331 39 22 och
458 1331 124 28 trovärdiga
596 1332 84 22 vittnen
695 1332 111 22 besannad
821 1332 84 28 uppgift
917 1339 33 16 om

197 1366 83 22 antalet
299 1366 60 22 fälda
381 1366 58 28 elgar
459 1366 66 28 jemte
547 1366 88 28 afgiften
657 1366 33 22 för
713 1367 53 27 dem,
786 1367 38 27 der
843 1367 71 22 denna
931 1367 18 28 ej

197 1401 67 22 redan
280 1403 25 19 är
319 1401 93 22 nedsatt.
