1042 1706
297 112 28 22 U.
339 112 27 23 B.
384 126 27 2 —
427 113 75 29 Prop.
517 114 45 22 N:o
577 114 39 24 20.
793 121 21 15 11

88 175 64 21 sades
168 176 31 21 till
213 176 66 27 högst
296 182 32 21 30,
344 176 67 21 skulle
419 177 126 27 ytterligare
554 178 77 20 endast
640 179 82 20 inemot
732 179 24 19 18
765 185 43 19 nya
816 178 32 20 lo-

87 210 60 20 kaler
162 210 36 21 vid
212 210 73 26 hvarje
300 210 94 26 bataljon
410 210 93 22 behöfva
519 210 123 26 tillkomma,
658 212 92 25 hvarför,
767 219 35 13 om
813 212 33 20 för

87 244 143 20 instundande
251 244 145 27 finansperiod
419 250 26 15 10
465 245 13 20 å
496 250 23 15 12
536 245 72 26 dylika
624 245 67 21 skulle
706 246 94 20 beslutas
815 240 31 26 till

88 277 119 26 utförande,
223 278 33 20 för
270 278 73 26 hvarje
358 277 94 28 bataljon
468 279 76 20 endast
559 278 67 21 skulle
642 278 106 22 erfordras
764 282 32 18 ett
810 286 36 14 an-

88 311 48 27 slag
150 312 25 20 af
186 312 67 20 omkr.
271 317 76 21 35,000
361 312 66 21 mark.
458 312 221 27 Kostnadsförslagen
694 313 33 21 för
737 313 109 21 undervis-

87 347 72 26 nings-
175 346 41 20 och
237 346 309 28 musikkommenderingarnas
567 354 43 20 nya
625 348 81 20 lokaler
720 348 58 20 hade
793 347 52 21 lika-

87 381 61 21 ledes
163 382 36 20 vid
214 381 27 21 de
254 381 69 21 skilda
335 381 146 26 bataljonerna
493 383 91 19 varierat
595 382 113 27 betydligt,
720 382 51 20 eller
782 382 64 20 emel-

88 415 34 21 lan
140 416 75 24 18,000
230 416 42 20 och
284 420 77 22 57,900
370 416 67 20 mark.
460 416 144 21 Förstnämda
614 416 70 27 lägsta
694 416 82 27 belopp
789 416 56 21 hade

88 449 121 27 föreslagits
225 449 24 21 af
261 449 169 22 kommendören
445 450 32 21 för
493 450 134 21 Tavastehus
638 450 100 27 bataljon,
750 457 47 13 som
810 457 36 14 an-

88 487 44 18 sett
147 491 26 14 en
188 491 125 20 gemensam
328 484 104 27 byggnad
447 484 32 20 för
492 484 71 27 begge
573 484 163 27 ifrägavarande
746 484 100 21 ändamäl

87 521 110 18 motsvara
212 517 110 22 behofvet.
353 518 51 21 Med
419 518 122 21 beaktande
556 518 62 21 häraf
632 518 56 21 hade
703 518 94 21 Senaten
812 518 33 21 för

88 552 80 21 enhvar
191 552 22 20 af
233 552 164 27 ifrägavarande
418 552 158 27 nybyggnader
598 552 124 27 förslagsvis
744 553 101 26 upptagit

88 592 78 19 20,000
181 587 66 20 mark.
277 587 34 20 Dä
326 586 70 21 härtill
410 586 125 27 ytterligare
550 586 116 21 beräknats
682 594 26 13 en
720 593 83 14 summa
812 586 33 21 för

88 621 83 20 inlösen
181 620 24 21 af
213 620 195 27 byggnadstomter
419 627 27 14 m.
457 627 27 13 m.
497 621 35 20 vid
545 627 26 14 en
582 620 36 21 del
630 620 214 27 bataljonskasärner,

88 655 57 20 hade
160 654 94 21 Senaten
269 655 34 20 för
318 655 99 26 samtliga
435 654 162 27 ifrägavarande
617 655 99 20 arbetens
732 654 113 21 utförande

89 691 6 18 i
111 690 165 26 propositionen
291 689 89 26 uppfört
395 695 26 14 en
437 696 82 14 summa
534 689 25 20 af
570 694 92 21 449,500
677 689 67 20 mark.

157 723 35 20 Af
211 723 27 20 de
259 723 122 27 föreslagna
403 723 274 28 isoleringspaviljongerna
697 723 57 21 hade
769 723 77 20 endast

88 758 43 20 den
146 757 36 21 vid
197 757 223 27 garnisonssjukhuset
435 759 6 19 i
451 757 134 28 Helsingfors
596 758 67 21 under
672 757 174 28 finansperioden

89 792 25 21 af
125 791 95 22 Senaten
235 795 82 17 ansetts
333 793 70 19 kunna
417 791 87 21 komma
519 792 31 21 till
560 791 119 26 utförande,
692 791 41 21 och
745 792 56 20 hade
813 791 33 21 för

89 827 125 20 densamma
235 825 100 28 uppförts
358 829 32 18 ett
411 826 76 27 anslag
509 826 24 21 af
551 830 78 23 25,500
646 826 60 20 mark
721 839 28 2 —
764 827 30 19 uti
809 826 37 20 det

89 860 68 21 finska
179 860 135 27 exemplaret
332 860 25 20 af
368 867 62 20 prop.
447 860 115 27 uppgifves
577 867 79 20 genom
671 860 93 26 tryckfel
778 859 39 21 sid.
835 865 11 20 3

90 894 89 27 oriktigt
194 898 83 22 25,000.
300 894 45 21 Det
359 893 103 22 likaledes
478 894 23 21 af
513 894 94 21 Senaten
622 894 116 27 godkända
749 894 98 27 anslaget

90 929 32 20 för
144 928 48 27 fyra
214 935 42 19 nya
279 928 119 27 badstugor
420 928 99 27 utgjorde
534 928 220 21 tillsammanräknadt
770 929 77 24 80,000

90 962 66 26 mark,
173 962 86 21 hvadan
273 962 90 21 sälunda
377 962 33 21 för
424 963 100 27 samtliga
539 963 141 28 uppräknade
693 962 154 28 nybyggnads-

91 997 89 21 arbeten
191 996 72 22 äskats
277 1000 32 18 ett
319 997 80 27 anslag,
408 998 130 27 uppgäende
550 998 74 21 inalles
636 997 31 21 till
678 1002 91 22 555,000
780 997 66 21 mark.

160 1032 35 20 Dä
215 1032 27 20 de
262 1032 164 26 ifrägavarande
441 1032 196 27 nybyggnadernas
652 1032 134 27 behöflighet
800 1032 48 20 icke

91 1066 63 21 torde
175 1066 71 20 kunna
267 1066 144 27 ifrägasättas,
434 1066 66 21 finner
523 1068 33 26 sig
572 1066 115 22 Utskottet
702 1067 77 21 endast
794 1066 53 21 böra

91 1100 113 22 hemställa
219 1107 36 14 om
271 1101 28 20 de
314 1100 81 21 äskade
411 1101 113 27 anslagens
539 1101 127 27 beviljande,

161 1134 121 27 Angäende
301 1135 68 27 öfriga
384 1137 7 19 i
406 1135 42 21 den
463 1136 77 26 nädiga
556 1136 165 26 propositionen
736 1138 112 24 upptagna

92 1169 76 26 anslag
189 1169 39 20 har
249 1169 116 21 Utskottet
386 1172 71 18 ansett
479 1170 34 26 sig
531 1169 48 21 icke
600 1169 64 21 hafva
686 1169 48 20 skäl
748 1172 32 17 att
794 1168 54 28 göra

92 1205 67 26 nägra
174 1204 121 26 erinringar.

161 1238 73 26 Enligt
255 1237 126 21 Utskottets
403 1237 80 27 förslag
502 1237 67 21 skulle
584 1237 89 21 sälunda
688 1237 160 21 militieverkets

93 1272 88 28 utgifter
202 1272 67 20 under
291 1270 178 22 nästkommande
493 1272 145 26 finansperiod
662 1271 62 21 ställa
746 1272 34 26 sig
802 1278 47 14 som

94 1306 69 27 följer:

165 1455 131 18 Statsutskottets
308 1454 103 17 betänkande
422 1454 34 16 N:o
468 1459 17 15 4.
