1039 1711
291 107 76 23 Ständ.
383 108 35 23 Sv.
434 121 27 4 —
476 110 65 29 Prop.
556 110 37 23 N:o
611 110 32 23 19.
816 113 27 20 27

157 173 99 22 Utöfvas
272 174 36 22 för
324 175 111 28 omyndig
450 175 85 22 handel
550 177 55 21 eller
613 183 76 15 annan
697 177 92 27 rörelse,
800 178 43 27 mä,

89 207 40 22 där
137 209 101 21 rörelsen
246 209 93 28 pröfvas
347 209 83 22 sädant
438 210 109 28 erfordra,
556 211 95 22 allmänt
659 211 185 29 bemyndigande

92 245 34 18 att
141 245 101 26 upptaga
256 243 39 21 län
311 243 43 22 och
369 243 55 29 ingä
439 245 222 22 vexelförbindelser
675 245 122 22 meddelas.

438 342 24 20 41
481 342 19 25 8.

157 390 111 29 Vidtages
285 392 86 27 ätgärd,
388 398 49 15 som
452 392 9 21 i
476 394 28 20 39
519 393 56 20 eller
589 394 28 21 40
627 394 13 25 &
652 396 25 17 är
687 393 92 27 nämnd,
788 395 56 19 utan

89 425 151 21 föreskrifvet
254 425 106 22 tillstånd
376 426 26 21 af
414 428 76 19 rätten
506 427 55 21 eller
572 427 271 28 förmyndarenämnden,

89 466 54 15 vare
159 459 111 28 ätgärden
286 459 90 29 ogiltig,
392 461 56 20 utan
464 461 23 20 sä
503 465 24 17 är
543 463 34 19 att
591 461 180 29 myndighetens
787 461 56 28 god-

86 494 123 21 kännande
225 494 83 21 efterät
323 494 115 22 utverkas.

438 559 28 20 42
482 559 19 26 8.

155 608 111 28 Lösören,
283 615 49 14 som
348 609 20 27 ej
385 612 39 18 äro
440 608 36 22 för
492 609 111 28 omyndig
618 608 117 29 behöfliga
749 609 57 21 eller
821 609 26 21 af

91 642 98 22 särskild
204 642 67 22 orsak
286 642 56 22 böra
357 643 23 21 ät
395 643 85 22 honom
500 643 133 28 bibehållas,
656 643 65 22 skola
735 644 38 21 till
787 644 56 20 hans

89 678 68 27 nytta
172 677 116 29 föryttras.

438 742 28 20 43
481 742 20 26 8.

155 786 141 28 Penningar,
312 794 50 14 som
377 787 20 28 ej
414 787 36 21 för
464 787 175 27 förvaltningen
654 786 121 28 erfordras,
785 786 60 22 skall

90 820 164 29 förmyndaren
269 820 103 23 förränta
387 828 84 22 genom
489 821 94 29 uppköp
599 820 26 22 af
638 821 67 21 säkra
719 821 126 28 värdepap-

88 862 41 22 per
151 855 56 22 eller
229 855 86 22 medels
337 856 108 28 utlåning
467 858 49 19 mot
540 855 113 28 säkerhet,
679 854 166 22 företrädesvis

88 889 138 29 inteckning
240 890 56 21 eller
312 897 75 14 annan
402 892 62 26 pant,
488 890 56 21 eller
559 889 43 22 ock
616 896 84 22 genom
715 889 130 28 insättning

88 923 9 23 i
111 924 256 29 penningeinrättning,
383 931 49 14 som
448 925 47 20 stär
510 924 73 22 under
598 924 86 21 allmän
699 924 87 28 tillsyn.

156 959 48 22 Där
219 959 111 22 särskilda
346 959 196 29 omständigheter
561 959 38 21 det
617 958 96 29 päkalla,
730 966 54 21 eger
799 959 45 21 för-

89 993 227 29 myndarenämnden
332 994 74 21 tillåta
419 994 87 28 jämväl
521 1001 78 14 annan
612 997 29 18 än
652 993 41 21 här
708 993 137 21 omförmäld

89 1031 72 25 utväg
177 1030 34 19 att
226 1028 105 21 förkofra
346 1029 44 20 den
406 1028 136 29 omyndiges
558 1027 80 22 medel.

156 1062 28 29 Ej
202 1063 37 20 mä
254 1063 147 28 förmyndare
416 1062 8 22 i
440 1065 52 26 eget
508 1069 69 15 namn
588 1062 79 21 utläna
679 1061 164 29 myndlingens

88 1096 75 23 medel
179 1097 55 21 eller
250 1097 135 22 annorledes
400 1097 57 28 själf
471 1097 104 22 använda
590 1097 58 20 hans
664 1095 122 29 egendom.

437 1195 28 20 44
481 1195 19 25 8.

156 1245 75 21 Fader
247 1245 56 21 eller
318 1244 85 27 moder,
420 1251 49 14 som
484 1248 24 17 är
523 1243 148 29 förmyndare
682 1243 37 21 för
730 1244 41 21 sitt
781 1244 62 27 barn,

89 1280 66 28 njute
180 1279 106 29 eftergift
306 1279 53 21 från
381 1278 158 28 stadgandena
556 1278 9 21 i
583 1279 28 21 39
627 1279 12 25 $
655 1280 13 20 3
684 1278 43 21 och
741 1280 15 20 4
770 1277 75 29 punk-

89 1316 71 26 terne,
185 1316 59 19 samt
265 1315 29 20 40
313 1314 13 27 &
343 1316 18 24 1,
377 1314 13 21 2
407 1314 43 20 och
465 1314 13 20 3
493 1313 136 28 punkterne.
659 1312 62 21 Från
737 1312 108 28 stadgan-

90 1348 59 20 dena
164 1348 9 20 i
188 1349 28 20 40
231 1349 13 25 &
259 1349 13 19 2
288 1347 43 21 och
346 1348 13 20 3
373 1347 131 27 punkterne
514 1353 42 20 ege
565 1346 43 20 ock
617 1346 228 27 förmyndarenämn-

90 1381 45 21 den
150 1381 56 28 eljes
221 1380 64 22 makt
300 1382 34 20 att
348 1380 86 28 bevilja
450 1379 110 29 eftergift,
577 1379 40 21 där
632 1379 39 21 det
686 1379 93 28 pröfvas
791 1386 54 14 vara

91 1415 108 29 lämpligt
214 1415 42 21 och
271 1414 79 22 kunna
365 1414 41 21 ske
421 1416 56 19 utan
492 1413 73 22 skada
579 1413 37 21 för
631 1414 46 21 den
692 1413 131 29 omyndige.
