1042 1711
186 132 28 20 38
398 130 28 22 U.
441 130 28 22 B.
486 144 26 3 —
530 129 75 30 Prop.
620 130 44 22 N:o
680 130 36 23 19.

256 196 46 28 Äro
327 202 91 22 barnets
438 202 110 23 föräldrar
569 202 20 28 ej
614 202 171 28 sammanvigda,
806 208 53 16 vare
883 202 51 22 dess

185 238 74 22 moder
274 238 138 28 lagbestämd
427 238 148 28 förmyndare,
592 238 39 22 der
646 239 19 27 ej
677 240 74 20 rätten
761 238 92 27 pröfvar
862 239 72 21 henne

185 274 110 27 olämplig.
326 274 74 23 Gifter
423 274 43 22 hon
490 275 36 27 sig
547 274 50 22 med
621 280 71 15 annan
713 276 29 19 än
757 274 90 22 barnets
863 274 70 27 fader,

184 316 54 16 vare
254 311 38 26 lag
307 316 46 15 som
369 310 7 21 i
392 312 13 19 2
422 316 62 16 mom.
500 313 57 25 sägs.

255 345 77 23 Moder
354 352 40 21 ege
414 348 47 19 rätt
476 348 33 19 att
524 345 79 28 afsäga
619 345 35 28 sig
669 345 214 29 förmynderskapet,
900 352 34 15 om

186 382 90 22 barnets
292 382 188 27 angelägenheter
496 384 37 19 äro
549 381 125 28 vidlyftiga.

529 448 12 29 8
558 449 34 20 24.

257 489 85 22 Saknar
366 489 134 28 minderårig
515 489 139 28 lagbestämd
669 489 147 28 förmyndare,
833 489 28 21 då
877 488 58 23 skall

185 526 75 20 rätten
275 524 141 28 förmyndare
432 524 109 23 förordna.
572 524 119 23 Erfordras
708 525 69 21 sådan
792 525 8 21 i
816 525 119 27 anledning

186 560 25 21 af
231 560 150 27 lagbestämde
397 560 170 28 förmyndarens
583 561 42 21 död
641 561 39 21 och
697 561 40 21 har
752 561 71 21 denne
839 561 36 21 till
890 560 44 22 för-

186 596 105 28 myndare
314 598 76 20 nämnt
412 597 79 27 någon,
513 603 46 15 som
581 596 74 22 dertill
675 598 24 20 är
716 596 75 28 fallen,
808 596 68 23 varde
893 596 42 23 den

186 632 94 22 nämnde
302 632 125 22 förordnad.
458 632 11 22 I
490 632 71 28 öfriga
577 632 40 22 fall
632 638 41 22 ege
688 634 75 20 rätten
778 634 50 20 utse
843 632 92 27 lämplig

186 674 86 22 person,
289 668 59 22 helst
363 668 73 28 någon
452 668 24 22 af
489 669 42 22 den
547 668 128 28 omyndiges
691 668 136 27 skyldemän.

256 704 52 22 Står
323 703 63 23 fader
402 704 56 22 eller
473 704 75 22 moder
564 704 53 28 sjelf
630 704 70 22 under
716 703 147 28 förmyndare,
881 710 53 16 vare

186 740 70 21 denne
272 740 41 21 ock
329 740 141 27 förmyndare
485 740 35 22 för
536 741 84 26 barnet,
633 741 25 20 så
669 740 66 21 framt
747 740 18 27 ej
778 742 74 19 rätten
863 745 72 16 annan

186 775 75 22 dertill
277 775 121 22 förordnar.

531 812 12 29 $
561 814 32 20 25.

256 853 95 22 Tarfvas
374 853 140 27 förmyndare
538 853 35 22 för
599 854 78 27 någon,
697 854 68 21 sedan
781 854 43 21 han
840 853 95 27 uppnått

186 888 225 29 myndighetsåldern,
436 890 68 21 varde
528 890 68 22 sådan
617 889 25 21 af
660 891 75 20 rätten
751 889 128 27 förordnad;
895 889 40 21 och

186 924 59 22 skall
263 924 7 22 i
291 924 65 28 fråga
371 932 34 14 om
420 925 127 27 grunderna
562 925 35 22 för
613 925 168 28 förmyndarens
798 924 138 23 tillsättande

186 960 110 28 tillämpas
320 961 58 21 hvad
400 961 8 21 i
432 963 27 20 23
483 962 40 21 och
547 963 28 19 24
599 961 26 29 88
641 964 26 19 är
683 961 108 27 stadgadt.
823 961 62 21 Dock
901 961 34 21 må

184 996 94 22 framför
292 997 70 21 andra
377 997 42 22 den
435 997 128 28 omyndiges
579 998 63 22 make
657 997 122 27 förordnas,
795 1003 34 16 om
845 996 38 22 det
895 996 40 22 fin-

187 1038 39 16 nes
242 1033 107 27 lämpligt.

531 1075 12 29 8
560 1077 34 19 26.

257 1116 83 21 Rätten
356 1122 48 21 ege,
420 1116 40 21 der
476 1116 37 21 det
529 1116 70 22 finnes
614 1116 83 27 nödigt,
714 1116 105 22 förordna
833 1115 54 23 flere
902 1118 33 19 att

186 1153 136 24 gemensamt
338 1151 84 22 förestä
438 1151 194 28 förmynderskap;
648 1151 57 22 dock
719 1152 36 21 mä
770 1151 24 22 ät
809 1151 69 28 fader,
890 1157 46 16 som

186 1186 28 27 pä
230 1186 72 27 grund
317 1187 24 21 af
356 1189 26 19 23
400 1187 12 28 &
429 1187 93 22 innehar
537 1187 190 28 förmynderskap,
745 1186 190 27 medförmyndare

186 1222 19 27 ej
223 1224 43 19 mot
282 1223 54 21 hans
352 1222 54 27 vilja
421 1222 122 23 förordnas.

256 1260 76 21 (mom.
349 1259 15 20 2
379 1258 72 26 utest.)

530 1299 12 28 g
559 1300 34 19 27.

256 1341 49 21 Kan
326 1340 49 28 den,
397 1347 45 15 som
463 1340 41 22 bör
525 1347 54 15 vara
594 1339 148 29 förmyndare,
760 1341 19 27 ej
796 1342 80 26 genast
890 1340 46 22 till-

184 1377 64 21 träda
264 1376 214 27 förmynderskapet,
490 1376 105 22 förordne
605 1378 74 20 rätten
690 1383 72 15 annan
773 1378 32 20 att
817 1376 119 22 detsamma

185 1412 71 22 under
271 1412 61 21 tiden
349 1411 89 22 förestä.

256 1459 138 24 Lagutskottets
406 1459 117 18 betänkande
536 1459 37 18 N:o
585 1460 18 18 4.
