1042 1709
308 107 30 23 U.
353 108 27 21 B.
395 120 28 3 —
439 108 73 27 Prop.
527 108 41 22 N:o
584 107 35 22 15.
806 108 24 20 11

78 183 37 15 om
131 176 69 26 hand,
216 176 82 21 härvid
313 176 66 21 skola
394 175 59 22 efter
468 175 135 22 invecklade
618 175 147 22 föreskrifter
779 175 52 22 fun-

77 218 56 20 gera
148 217 50 15 som
212 209 178 29 uppbördsmän,
407 210 43 22 och
465 209 110 23 innebära
591 210 68 21 äfven
675 217 29 14 en
720 209 73 21 kritik
808 209 26 22 af

77 244 177 28 ifrågavarande
276 244 142 29 skatteform,
438 251 49 15 som
506 244 20 29 ej
542 244 73 21 heller
630 244 9 21 i
654 246 71 20 andra
739 243 92 22 länders

78 279 165 27 skattesystem
258 279 42 21 har
316 279 76 27 någon
408 278 175 29 motsvarighet.

145 313 46 20 Det
212 315 60 19 mest
286 312 105 29 vägande
407 312 57 28 skäl,
480 320 48 14 som
544 312 26 21 af
587 312 190 29 förespråkarene
795 311 36 22 för

77 346 202 29 lysningsskatten
298 347 90 21 kunnat
405 346 37 22 för
460 347 75 21 denna
553 347 64 21 skatt
635 346 99 27 anföras,
751 350 30 24 är,
797 349 34 19 att

76 380 46 22 den
136 381 72 21 redan
223 381 85 22 vunnit
322 381 56 21 häfd
393 381 37 21 för
446 381 36 28 sig
497 381 42 22 och
555 383 35 19 att
605 388 52 14 man
668 380 97 22 sålunda
775 383 56 19 vant

77 415 37 28 sig
136 415 40 21 vid
192 415 49 26 den,
261 415 83 22 hvaraf
361 415 75 21 skulle
454 415 63 29 följa,
537 417 34 20 att
589 415 45 21 den
653 415 20 28 ej
691 415 88 21 kännes
795 415 36 21 be-

76 449 126 28 tungande.

145 483 123 22 Utskottet
283 483 41 22 har
340 483 59 21 dock
414 483 52 22 icke
482 483 89 22 kunnat
585 483 100 22 tillmäta
701 483 64 22 detta
780 483 50 22 skäl

76 518 78 28 någon
177 517 125 28 afgörande
324 517 126 28 betydelse.
480 518 56 21 Dels
557 517 41 22 har
616 517 124 29 nemligen,
757 518 74 28 enligt

76 552 61 22 hvad
153 552 113 21 särskilda
282 551 148 22 medlemmar
444 552 9 21 i
468 552 116 21 utskottet
599 551 42 22 och
657 552 98 21 stånden
773 560 58 21 upp-

76 586 54 29 lyst,
153 587 110 28 missnöje
285 585 52 23 med
355 586 202 29 lysningsskatten
575 593 48 22 nog
640 586 125 29 försports;
781 587 48 21 dels

76 620 41 22 har
139 621 116 21 utskottet
277 621 9 20 i
308 619 40 22 det
370 620 104 29 ständigt
500 620 187 22 återkommande
705 621 124 28 motstånd,

76 661 49 15 som
141 654 75 21 denna
232 654 63 21 skatt
309 653 47 22 fått
370 657 63 24 röna,
442 657 59 18 samt
516 654 28 21 de
559 654 112 29 landtdag
686 655 59 21 efter
755 655 75 22 landt-

76 689 45 28 dag
136 688 187 22 återkommande
339 688 150 28 synnerligen
504 688 127 29 vidlyftiga
640 689 190 22 diskussionerna

75 723 9 21 i
100 725 77 19 ämnet
188 722 80 22 funnit
283 730 28 14 en
326 722 140 22 bekräftelse
482 723 29 28 på
526 725 34 19 att
574 723 81 21 härvid
672 725 34 20 ett
721 724 108 28 verkligt,

76 764 37 14 om
129 757 43 21 ock
183 757 51 21 icke
247 756 67 22 alltid
324 756 104 28 erkändt,
440 757 201 22 missförhållande
651 757 120 29 förelegat.
787 758 42 22 Om

77 792 40 21 det
132 791 44 21 ock
190 792 38 20 må
249 790 130 29 medgifvas
395 791 111 21 innebära
523 799 28 14 en
566 792 148 28 förbättring,
730 792 77 22 derest
821 793 8 21 i

76 826 78 22 stället
169 825 37 23 för
220 833 32 14 nu
268 825 107 29 gällande
391 826 74 21 sextio
481 826 62 22 olika
558 826 131 29 kategorier
706 826 123 22 framdeles

75 860 61 23 blott
150 863 34 19 ett
199 860 57 23 fåtal
271 861 91 22 komme
374 861 8 21 i
393 860 72 29 fråga,
477 861 43 22 och
530 861 139 22 enkelheten
679 861 78 22 blefve
767 865 63 18 ännu

76 897 80 24 större,
180 895 76 22 derest
276 895 8 22 i
304 895 104 28 enlighet
427 895 51 22 med
494 896 174 28 propositionen
684 896 25 21 år
725 897 61 27 1894,
801 903 28 15 en

75 930 60 22 enda
149 930 37 21 för
201 930 45 21 alla
260 930 49 21 lika
324 930 46 28 hög
386 929 70 29 afgift
470 930 109 28 infördes,
596 931 25 20 så
636 930 76 22 skulle
723 931 107 28 samtliga

75 964 67 22 dessa
155 963 174 29 förbättringar,
340 964 144 21 oberäknadt
494 965 76 28 någon
581 964 90 22 lättnad
681 965 40 21 vid
731 965 99 21 bestäm-

76 999 94 21 mandet
186 998 26 22 af
224 999 29 21 de
268 998 206 28 skattedragandes
490 998 76 29 afgift,
574 998 53 22 leda
637 998 92 28 derhän,
741 1001 35 19 att
786 999 44 22 lin-

75 1033 99 28 dringen
198 1032 164 22 företrädesvis
388 1033 91 21 komme
506 1033 27 21 de
559 1032 147 29 förmögnare
723 1033 106 28 tillgodo,

76 1067 82 22 hvilka
180 1074 54 15 vore
252 1067 72 22 minst
342 1067 8 21 i
369 1066 73 22 behof
455 1067 25 21 af
492 1067 138 28 densamma,
649 1067 82 22 medan
748 1067 37 22 för
801 1067 28 22 de

76 1101 122 28 fattigaste
216 1101 101 28 afgiften
340 1101 121 27 gvarstode
476 1101 139 22 oförändrad
630 1101 43 22 och
688 1102 8 21 i
711 1102 63 21 vissa
788 1101 42 22 fall

75 1138 16 19 t.
111 1143 20 14 o.
152 1142 29 14 m.
200 1135 125 28 förhöjdes.
354 1135 46 21 Det
418 1138 25 18 är
458 1135 75 22 denna
547 1135 126 29 synpunkt,
689 1143 49 14 som
753 1136 8 21 i
777 1143 53 21 syn-

76 1169 82 22 nerhet
176 1170 81 28 tyckes
278 1169 116 22 utskottet
411 1177 55 14 vara
484 1170 25 21 af
526 1170 125 28 afgörande
674 1172 36 19 art
725 1170 43 21 och
783 1171 47 21 tala

76 1203 36 23 för
128 1206 34 19 att
177 1203 52 22 hela
244 1204 94 21 skatten
353 1204 9 21 i
376 1203 66 29 fräga
457 1204 70 21 borde
542 1203 117 23 afskaffas.

145 1238 220 29 Lysningsskatten,
385 1245 49 14 som
452 1239 139 22 1883—1884
606 1237 73 22 under
694 1238 47 21 tolf
753 1239 77 21 mäna-

76 1272 41 22 der
132 1272 106 26 inbragte
253 1274 35 19 ett
309 1271 83 29 belopp
415 1271 27 23 af
456 1272 60 22 Fmk
534 1273 84 27 33,435:
639 1273 32 24 80,
691 1272 47 26 har,
755 1273 75 21 säsom

76 1306 45 22 den
144 1306 38 21 till
200 1313 32 15 nu
249 1306 161 28 föreliggande
425 1306 144 28 proposition
585 1305 84 29 fogade
685 1306 94 28 bilagan
793 1309 36 19 ut-

76 1341 68 26 visar,
160 1340 73 20 under
248 1340 120 20 enahanda
383 1340 119 27 tidslängd
516 1341 54 19 ären
587 1341 140 20 1895—1896
737 1340 94 28 inbragt

76 1374 60 21 Fmk
156 1374 84 26 40,814:
256 1374 35 21 50.
321 1372 12 22 I
348 1372 62 22 förra
424 1372 67 22 fallet
505 1372 108 29 utgjorde
628 1373 202 27 lysningsskatten

146 1413 206 24 Bevillningsutskotteis
364 1413 111 18 betänkande
486 1413 33 18 N:o
531 1414 18 17 2.
