<?xml version="1.0" encoding="UTF-8"?>
<alto xmlns="http://www.loc.gov/standards/alto/ns-v3#" xmlns:xlink="http://www.w3.org/1999/xlink" xmlns:xsi="http://www.w3.org/2001/XMLSchema-instance" xsi:schemaLocation="http://www.loc.gov/standards/alto/ns-v3# http://www.loc.gov/alto/v3/alto-3-0.xsd">
	<Description>
		<MeasurementUnit>pixel</MeasurementUnit>
		<sourceImageInformation>
			<fileName>/tmp/tess_1fgfg58m_input.PNG</fileName>
		</sourceImageInformation>
		<OCRProcessing ID="OCR_0">
			<ocrProcessingStep>
				<processingSoftware>
					<softwareName>tesseract 5.3.4</softwareName>
				</processingSoftware>
			</ocrProcessingStep>
		</OCRProcessing>
	</Description>
	<Layout>
		<Page WIDTH="1050" HEIGHT="1709" PHYSICAL_IMG_NR="0" ID="page_0">
			<PrintSpace HPOS="0" VPOS="0" WIDTH="1050" HEIGHT="1709">
				<ComposedBlock ID="cblock_0" HPOS="224" VPOS="105" WIDTH="392" HEIGHT="22">
					<TextBlock ID="block_0" HPOS="224" VPOS="105" WIDTH="392" HEIGHT="22">
						<TextLine ID="line_0" HPOS="224" VPOS="105" WIDTH="392" HEIGHT="22">
							<String ID="string_0" HPOS="224" VPOS="106" WIDTH="13" HEIGHT="20" WC="0.96" CONTENT="8"/><SP WIDTH="290" VPOS="106" HPOS="237"/>
							<String ID="string_1" HPOS="527" VPOS="105" WIDTH="40" HEIGHT="22" WC="0.95" CONTENT="N:o"/><SP WIDTH="18" VPOS="105" HPOS="567"/>
							<String ID="string_2" HPOS="585" VPOS="106" WIDTH="31" HEIGHT="21" WC="0.95" CONTENT="18."/>
						</TextLine>
					</TextBlock>
				</ComposedBlock>
				<ComposedBlock ID="cblock_1" HPOS="193" VPOS="172" WIDTH="755" HEIGHT="750">
					<TextBlock ID="block_1" HPOS="195" VPOS="172" WIDTH="753" HEIGHT="62">
						<TextLine ID="line_1" HPOS="196" VPOS="172" WIDTH="752" HEIGHT="28">
							<String ID="string_3" HPOS="196" VPOS="172" WIDTH="162" HEIGHT="28" WC="0.92" CONTENT="uppfinningens"/><SP WIDTH="22" VPOS="172" HPOS="358"/>
							<String ID="string_4" HPOS="380" VPOS="173" WIDTH="129" HEIGHT="27" WC="0.96" CONTENT="benämning"/><SP WIDTH="23" VPOS="173" HPOS="509"/>
							<String ID="string_5" HPOS="532" VPOS="175" WIDTH="57" HEIGHT="19" WC="0.95" CONTENT="samt"/><SP WIDTH="22" VPOS="175" HPOS="589"/>
							<String ID="string_6" HPOS="611" VPOS="172" WIDTH="82" HEIGHT="28" WC="0.96" CONTENT="uppgift"/><SP WIDTH="20" VPOS="172" HPOS="693"/>
							<String ID="string_7" HPOS="713" VPOS="179" WIDTH="34" HEIGHT="15" WC="0.97" CONTENT="om"/><SP WIDTH="16" VPOS="179" HPOS="747"/>
							<String ID="string_8" HPOS="763" VPOS="174" WIDTH="118" HEIGHT="20" WC="0.96" CONTENT="sökandens"/><SP WIDTH="14" VPOS="174" HPOS="881"/>
							<String ID="string_9" HPOS="895" VPOS="173" WIDTH="53" HEIGHT="27" WC="0.96" CONTENT="yrke"/>
						</TextLine>
						<TextLine ID="line_2" HPOS="195" VPOS="206" WIDTH="404" HEIGHT="28">
							<String ID="string_10" HPOS="195" VPOS="207" WIDTH="39" HEIGHT="21" WC="0.96" CONTENT="och"/><SP WIDTH="15" VPOS="207" HPOS="234"/>
							<String ID="string_11" HPOS="249" VPOS="208" WIDTH="132" HEIGHT="25" WC="0.96" CONTENT="postadress,"/><SP WIDTH="15" VPOS="208" HPOS="381"/>
							<String ID="string_12" HPOS="396" VPOS="206" WIDTH="56" HEIGHT="22" WC="0.96" CONTENT="skall"/><SP WIDTH="16" VPOS="206" HPOS="452"/>
							<String ID="string_13" HPOS="468" VPOS="206" WIDTH="85" HEIGHT="28" WC="0.96" CONTENT="åtföljas"/><SP WIDTH="15" VPOS="206" HPOS="553"/>
							<String ID="string_14" HPOS="568" VPOS="206" WIDTH="31" HEIGHT="22" WC="0.96" CONTENT="af:"/>
						</TextLine>
					</TextBlock>
					<TextBlock ID="block_2" HPOS="266" VPOS="240" WIDTH="615" HEIGHT="28">
						<TextLine ID="line_3" HPOS="266" VPOS="240" WIDTH="615" HEIGHT="28">
							<String ID="string_15" HPOS="266" VPOS="242" WIDTH="20" HEIGHT="26" WC="0.96" CONTENT="1)"/><SP WIDTH="16" VPOS="242" HPOS="286"/>
							<String ID="string_16" HPOS="302" VPOS="240" WIDTH="132" HEIGHT="27" WC="0.95" CONTENT="beskrifning"/><SP WIDTH="16" VPOS="240" HPOS="434"/>
							<String ID="string_17" HPOS="450" VPOS="240" WIDTH="6" HEIGHT="22" WC="0.96" CONTENT="i"/><SP WIDTH="17" VPOS="240" HPOS="456"/>
							<String ID="string_18" HPOS="473" VPOS="240" WIDTH="36" HEIGHT="22" WC="0.96" CONTENT="två"/><SP WIDTH="15" VPOS="240" HPOS="509"/>
							<String ID="string_19" HPOS="524" VPOS="240" WIDTH="109" HEIGHT="28" WC="0.96" CONTENT="exemplar"/><SP WIDTH="15" VPOS="240" HPOS="633"/>
							<String ID="string_20" HPOS="648" VPOS="241" WIDTH="59" HEIGHT="21" WC="0.96" CONTENT="öfver"/><SP WIDTH="15" VPOS="241" HPOS="707"/>
							<String ID="string_21" HPOS="722" VPOS="240" WIDTH="159" HEIGHT="28" WC="0.95" CONTENT="uppfinningen;"/>
						</TextLine>
					</TextBlock>
					<TextBlock ID="block_3" HPOS="195" VPOS="275" WIDTH="753" HEIGHT="97">
						<TextLine ID="line_4" HPOS="263" VPOS="275" WIDTH="685" HEIGHT="28">
							<String ID="string_22" HPOS="263" VPOS="276" WIDTH="22" HEIGHT="27" WC="0.95" CONTENT="2)"/><SP WIDTH="23" VPOS="276" HPOS="285"/>
							<String ID="string_23" HPOS="308" VPOS="276" WIDTH="27" HEIGHT="20" WC="0.95" CONTENT="de"/><SP WIDTH="22" VPOS="276" HPOS="335"/>
							<String ID="string_24" HPOS="357" VPOS="276" WIDTH="110" HEIGHT="26" WC="0.94" CONTENT="ritningar,"/><SP WIDTH="24" VPOS="276" HPOS="467"/>
							<String ID="string_25" HPOS="491" VPOS="282" WIDTH="46" HEIGHT="15" WC="0.92" CONTENT="som"/><SP WIDTH="23" VPOS="282" HPOS="537"/>
							<String ID="string_26" HPOS="560" VPOS="275" WIDTH="95" HEIGHT="22" WC="0.91" CONTENT="erfordas"/><SP WIDTH="23" VPOS="275" HPOS="655"/>
							<String ID="string_27" HPOS="678" VPOS="275" WIDTH="33" HEIGHT="21" WC="0.96" CONTENT="för"/><SP WIDTH="20" VPOS="275" HPOS="711"/>
							<String ID="string_28" HPOS="731" VPOS="278" WIDTH="32" HEIGHT="19" WC="0.96" CONTENT="att"/><SP WIDTH="15" VPOS="278" HPOS="763"/>
							<String ID="string_29" HPOS="778" VPOS="276" WIDTH="119" HEIGHT="27" WC="0.93" CONTENT="tydliggöra"/><SP WIDTH="15" VPOS="276" HPOS="897"/>
							<String ID="string_30" HPOS="912" VPOS="276" WIDTH="36" HEIGHT="22" WC="0.92" CONTENT="be-"/>
						</TextLine>
						<TextLine ID="line_5" HPOS="195" VPOS="310" WIDTH="753" HEIGHT="28">
							<String ID="string_31" HPOS="195" VPOS="310" WIDTH="138" HEIGHT="28" WC="0.91" CONTENT="skrifningen,"/><SP WIDTH="21" VPOS="310" HPOS="333"/>
							<String ID="string_32" HPOS="354" VPOS="310" WIDTH="78" HEIGHT="27" WC="0.92" CONTENT="jemväl"/><SP WIDTH="23" VPOS="310" HPOS="432"/>
							<String ID="string_33" HPOS="455" VPOS="310" WIDTH="6" HEIGHT="21" WC="0.96" CONTENT="i"/><SP WIDTH="23" VPOS="310" HPOS="461"/>
							<String ID="string_34" HPOS="484" VPOS="311" WIDTH="36" HEIGHT="21" WC="0.96" CONTENT="två"/><SP WIDTH="24" VPOS="311" HPOS="520"/>
							<String ID="string_35" HPOS="544" VPOS="311" WIDTH="114" HEIGHT="27" WC="0.96" CONTENT="exemplar,"/><SP WIDTH="24" VPOS="311" HPOS="658"/>
							<String ID="string_36" HPOS="682" VPOS="310" WIDTH="117" HEIGHT="27" WC="0.96" CONTENT="äfvensom,"/><SP WIDTH="20" VPOS="310" HPOS="799"/>
							<String ID="string_37" HPOS="819" VPOS="311" WIDTH="38" HEIGHT="21" WC="0.96" CONTENT="der"/><SP WIDTH="15" VPOS="311" HPOS="857"/>
							<String ID="string_38" HPOS="872" VPOS="311" WIDTH="76" HEIGHT="21" WC="0.96" CONTENT="sådant"/>
						</TextLine>
						<TextLine ID="line_6" HPOS="195" VPOS="344" WIDTH="570" HEIGHT="28">
							<String ID="string_39" HPOS="195" VPOS="344" WIDTH="107" HEIGHT="27" WC="0.92" CONTENT="behöfves,"/><SP WIDTH="17" VPOS="344" HPOS="302"/>
							<String ID="string_40" HPOS="319" VPOS="345" WIDTH="108" HEIGHT="26" WC="0.93" CONTENT="modeller,"/><SP WIDTH="17" VPOS="345" HPOS="427"/>
							<String ID="string_41" HPOS="444" VPOS="345" WIDTH="102" HEIGHT="27" WC="0.92" CONTENT="varuprof"/><SP WIDTH="14" VPOS="345" HPOS="546"/>
							<String ID="string_42" HPOS="560" VPOS="345" WIDTH="38" HEIGHT="22" WC="0.96" CONTENT="och"/><SP WIDTH="17" VPOS="345" HPOS="598"/>
							<String ID="string_43" HPOS="615" VPOS="345" WIDTH="77" HEIGHT="27" WC="0.95" CONTENT="dylikt;"/><SP WIDTH="17" VPOS="345" HPOS="692"/>
							<String ID="string_44" HPOS="709" VPOS="348" WIDTH="56" HEIGHT="18" WC="0.96" CONTENT="samt"/>
						</TextLine>
					</TextBlock>
					<TextBlock ID="block_4" HPOS="263" VPOS="378" WIDTH="490" HEIGHT="28">
						<TextLine ID="line_7" HPOS="263" VPOS="378" WIDTH="490" HEIGHT="28">
							<String ID="string_45" HPOS="263" VPOS="379" WIDTH="23" HEIGHT="27" WC="0.95" CONTENT="3)"/><SP WIDTH="15" VPOS="379" HPOS="286"/>
							<String ID="string_46" HPOS="301" VPOS="378" WIDTH="75" HEIGHT="23" WC="0.96" CONTENT="trettio"/><SP WIDTH="16" VPOS="378" HPOS="376"/>
							<String ID="string_47" HPOS="392" VPOS="379" WIDTH="61" HEIGHT="21" WC="0.96" CONTENT="mark"/><SP WIDTH="15" VPOS="379" HPOS="453"/>
							<String ID="string_48" HPOS="468" VPOS="380" WIDTH="68" HEIGHT="21" WC="0.93" CONTENT="såsom"/><SP WIDTH="17" VPOS="380" HPOS="536"/>
							<String ID="string_49" HPOS="553" VPOS="379" WIDTH="200" HEIGHT="27" WC="0.91" CONTENT="ansökningsafgift."/>
						</TextLine>
					</TextBlock>
					<TextBlock ID="block_5" HPOS="262" VPOS="413" WIDTH="485" HEIGHT="28">
						<TextLine ID="line_8" HPOS="262" VPOS="413" WIDTH="485" HEIGHT="28">
							<String ID="string_50" HPOS="262" VPOS="413" WIDTH="115" HEIGHT="22" WC="0.96" CONTENT="Dessutom"/><SP WIDTH="16" VPOS="413" HPOS="377"/>
							<String ID="string_51" HPOS="393" VPOS="413" WIDTH="55" HEIGHT="21" WC="0.96" CONTENT="skall"/><SP WIDTH="16" VPOS="413" HPOS="448"/>
							<String ID="string_52" HPOS="464" VPOS="414" WIDTH="34" HEIGHT="20" WC="0.96" CONTENT="vid"/><SP WIDTH="17" VPOS="414" HPOS="498"/>
							<String ID="string_53" HPOS="515" VPOS="414" WIDTH="146" HEIGHT="27" WC="0.96" CONTENT="ansökningen"/><SP WIDTH="15" VPOS="414" HPOS="661"/>
							<String ID="string_54" HPOS="676" VPOS="414" WIDTH="71" HEIGHT="26" WC="0.96" CONTENT="fogas:"/>
						</TextLine>
					</TextBlock>
					<TextBlock ID="block_6" HPOS="193" VPOS="447" WIDTH="755" HEIGHT="130">
						<TextLine ID="line_9" HPOS="262" VPOS="447" WIDTH="685" HEIGHT="28">
							<String ID="string_55" HPOS="262" VPOS="448" WIDTH="7" HEIGHT="21" WC="0.96" CONTENT="i"/><SP WIDTH="24" VPOS="448" HPOS="269"/>
							<String ID="string_56" HPOS="293" VPOS="448" WIDTH="38" HEIGHT="21" WC="0.96" CONTENT="fall"/><SP WIDTH="23" VPOS="448" HPOS="331"/>
							<String ID="string_57" HPOS="354" VPOS="448" WIDTH="109" HEIGHT="21" WC="0.96" CONTENT="sökanden"/><SP WIDTH="23" VPOS="448" HPOS="463"/>
							<String ID="string_58" HPOS="486" VPOS="448" WIDTH="46" HEIGHT="22" WC="0.93" CONTENT="icke"/><SP WIDTH="23" VPOS="448" HPOS="532"/>
							<String ID="string_59" HPOS="555" VPOS="447" WIDTH="113" HEIGHT="28" WC="0.90" CONTENT="uppgifver"/><SP WIDTH="18" VPOS="447" HPOS="668"/>
							<String ID="string_60" HPOS="686" VPOS="448" WIDTH="33" HEIGHT="26" WC="0.96" CONTENT="sig"/><SP WIDTH="20" VPOS="448" HPOS="719"/>
							<String ID="string_61" HPOS="739" VPOS="448" WIDTH="49" HEIGHT="27" WC="0.96" CONTENT="sjelf"/><SP WIDTH="13" VPOS="448" HPOS="788"/>
							<String ID="string_62" HPOS="801" VPOS="454" WIDTH="50" HEIGHT="15" WC="0.93" CONTENT="vara"/><SP WIDTH="15" VPOS="454" HPOS="851"/>
							<String ID="string_63" HPOS="866" VPOS="447" WIDTH="81" HEIGHT="28" WC="0.91" CONTENT="uppfin-"/>
						</TextLine>
						<TextLine ID="line_10" HPOS="195" VPOS="482" WIDTH="753" HEIGHT="28">
							<String ID="string_64" HPOS="195" VPOS="488" WIDTH="59" HEIGHT="20" WC="0.96" CONTENT="nare,"/><SP WIDTH="17" VPOS="488" HPOS="254"/>
							<String ID="string_65" HPOS="271" VPOS="482" WIDTH="53" HEIGHT="21" WC="0.95" CONTENT="eller"/><SP WIDTH="15" VPOS="482" HPOS="324"/>
							<String ID="string_66" HPOS="339" VPOS="483" WIDTH="106" HEIGHT="26" WC="0.96" CONTENT="åberopar"/><SP WIDTH="15" VPOS="483" HPOS="445"/>
							<String ID="string_67" HPOS="460" VPOS="483" WIDTH="67" HEIGHT="21" WC="0.96" CONTENT="sådan"/><SP WIDTH="16" VPOS="483" HPOS="527"/>
							<String ID="string_68" HPOS="543" VPOS="484" WIDTH="50" HEIGHT="25" WC="0.96" CONTENT="rätt,"/><SP WIDTH="16" VPOS="484" HPOS="593"/>
							<String ID="string_69" HPOS="609" VPOS="488" WIDTH="46" HEIGHT="16" WC="0.96" CONTENT="som"/><SP WIDTH="16" VPOS="488" HPOS="655"/>
							<String ID="string_70" HPOS="671" VPOS="484" WIDTH="88" HEIGHT="20" WC="0.96" CONTENT="nämnes"/><SP WIDTH="15" VPOS="484" HPOS="759"/>
							<String ID="string_71" HPOS="774" VPOS="483" WIDTH="8" HEIGHT="21" WC="0.96" CONTENT="i"/><SP WIDTH="15" VPOS="483" HPOS="782"/>
							<String ID="string_72" HPOS="797" VPOS="483" WIDTH="14" HEIGHT="20" WC="0.93" CONTENT="3"/><SP WIDTH="14" VPOS="483" HPOS="811"/>
							<String ID="string_73" HPOS="825" VPOS="483" WIDTH="13" HEIGHT="27" WC="0.79" CONTENT="$"/><SP WIDTH="16" VPOS="483" HPOS="838"/>
							<String ID="string_74" HPOS="854" VPOS="484" WIDTH="13" HEIGHT="20" WC="0.96" CONTENT="3"/><SP WIDTH="11" VPOS="484" HPOS="867"/>
							<String ID="string_75" HPOS="878" VPOS="488" WIDTH="70" HEIGHT="20" WC="0.92" CONTENT="mom.,"/>
						</TextLine>
						<TextLine ID="line_11" HPOS="194" VPOS="516" WIDTH="753" HEIGHT="27">
							<String ID="string_76" HPOS="194" VPOS="516" WIDTH="114" HEIGHT="27" WC="0.96" CONTENT="utredning"/><SP WIDTH="30" VPOS="516" HPOS="308"/>
							<String ID="string_77" HPOS="338" VPOS="516" WIDTH="71" HEIGHT="22" WC="0.95" CONTENT="derom"/><SP WIDTH="30" VPOS="516" HPOS="409"/>
							<String ID="string_78" HPOS="439" VPOS="518" WIDTH="33" HEIGHT="20" WC="0.92" CONTENT="att"/><SP WIDTH="29" VPOS="518" HPOS="472"/>
							<String ID="string_79" HPOS="501" VPOS="517" WIDTH="42" HEIGHT="21" WC="0.95" CONTENT="han"/><SP WIDTH="31" VPOS="517" HPOS="543"/>
							<String ID="string_80" HPOS="574" VPOS="519" WIDTH="25" HEIGHT="19" WC="0.93" CONTENT="är"/><SP WIDTH="24" VPOS="519" HPOS="599"/>
							<String ID="string_81" HPOS="623" VPOS="516" WIDTH="150" HEIGHT="27" WC="0.90" CONTENT="uppfinnarens"/><SP WIDTH="25" VPOS="516" HPOS="773"/>
							<String ID="string_82" HPOS="798" VPOS="516" WIDTH="149" HEIGHT="22" WC="0.90" CONTENT="rättsinnehaf-"/>
						</TextLine>
						<TextLine ID="line_12" HPOS="193" VPOS="553" WIDTH="134" HEIGHT="24">
							<String ID="string_83" HPOS="193" VPOS="557" WIDTH="63" HEIGHT="20" WC="0.95" CONTENT="vare;"/><SP WIDTH="15" VPOS="557" HPOS="256"/>
							<String ID="string_84" HPOS="271" VPOS="553" WIDTH="56" HEIGHT="19" WC="0.95" CONTENT="samt"/>
						</TextLine>
					</TextBlock>
					<TextBlock ID="block_7" HPOS="194" VPOS="584" WIDTH="754" HEIGHT="132">
						<TextLine ID="line_13" HPOS="265" VPOS="584" WIDTH="683" HEIGHT="28">
							<String ID="string_85" HPOS="265" VPOS="585" WIDTH="6" HEIGHT="21" WC="0.96" CONTENT="i"/><SP WIDTH="16" VPOS="585" HPOS="271"/>
							<String ID="string_86" HPOS="287" VPOS="584" WIDTH="37" HEIGHT="22" WC="0.95" CONTENT="fall"/><SP WIDTH="16" VPOS="584" HPOS="324"/>
							<String ID="string_87" HPOS="340" VPOS="585" WIDTH="109" HEIGHT="21" WC="0.96" CONTENT="sökanden"/><SP WIDTH="15" VPOS="585" HPOS="449"/>
							<String ID="string_88" HPOS="464" VPOS="586" WIDTH="25" HEIGHT="20" WC="0.97" CONTENT="är"/><SP WIDTH="16" VPOS="586" HPOS="489"/>
							<String ID="string_89" HPOS="505" VPOS="585" WIDTH="82" HEIGHT="21" WC="0.96" CONTENT="boende"/><SP WIDTH="14" VPOS="585" HPOS="587"/>
							<String ID="string_90" HPOS="601" VPOS="588" WIDTH="59" HEIGHT="19" WC="0.96" CONTENT="utom"/><SP WIDTH="13" VPOS="588" HPOS="660"/>
							<String ID="string_91" HPOS="673" VPOS="585" WIDTH="80" HEIGHT="27" WC="0.96" CONTENT="landet,"/><SP WIDTH="11" VPOS="585" HPOS="753"/>
							<String ID="string_92" HPOS="764" VPOS="585" WIDTH="99" HEIGHT="22" WC="0.96" CONTENT="fullmakt"/><SP WIDTH="10" VPOS="585" HPOS="863"/>
							<String ID="string_93" HPOS="873" VPOS="585" WIDTH="33" HEIGHT="21" WC="0.96" CONTENT="för"/><SP WIDTH="11" VPOS="585" HPOS="906"/>
							<String ID="string_94" HPOS="917" VPOS="587" WIDTH="31" HEIGHT="19" WC="0.96" CONTENT="ett"/>
						</TextLine>
						<TextLine ID="line_14" HPOS="195" VPOS="619" WIDTH="753" HEIGHT="28">
							<String ID="string_95" HPOS="195" VPOS="620" WIDTH="56" HEIGHT="21" WC="0.96" CONTENT="inom"/><SP WIDTH="17" VPOS="620" HPOS="251"/>
							<String ID="string_96" HPOS="268" VPOS="620" WIDTH="72" HEIGHT="22" WC="0.96" CONTENT="landet"/><SP WIDTH="15" VPOS="620" HPOS="340"/>
							<String ID="string_97" HPOS="355" VPOS="620" WIDTH="72" HEIGHT="21" WC="0.95" CONTENT="bosatt"/><SP WIDTH="16" VPOS="620" HPOS="427"/>
							<String ID="string_98" HPOS="443" VPOS="620" WIDTH="78" HEIGHT="21" WC="0.96" CONTENT="ombud"/><SP WIDTH="16" VPOS="620" HPOS="521"/>
							<String ID="string_99" HPOS="537" VPOS="622" WIDTH="32" HEIGHT="20" WC="0.96" CONTENT="att"/><SP WIDTH="16" VPOS="622" HPOS="569"/>
							<String ID="string_100" HPOS="585" VPOS="620" WIDTH="6" HEIGHT="21" WC="0.96" CONTENT="i"/><SP WIDTH="16" VPOS="620" HPOS="591"/>
							<String ID="string_101" HPOS="607" VPOS="620" WIDTH="38" HEIGHT="21" WC="0.96" CONTENT="allt"/><SP WIDTH="15" VPOS="620" HPOS="645"/>
							<String ID="string_102" HPOS="660" VPOS="620" WIDTH="55" HEIGHT="21" WC="0.96" CONTENT="hvad"/><SP WIDTH="16" VPOS="620" HPOS="715"/>
							<String ID="string_103" HPOS="731" VPOS="622" WIDTH="97" HEIGHT="25" WC="0.96" CONTENT="patentet"/><SP WIDTH="10" VPOS="622" HPOS="828"/>
							<String ID="string_104" HPOS="838" VPOS="620" WIDTH="66" HEIGHT="27" WC="0.95" CONTENT="angår"/><SP WIDTH="10" VPOS="620" HPOS="904"/>
							<String ID="string_105" HPOS="914" VPOS="619" WIDTH="34" HEIGHT="22" WC="0.96" CONTENT="för"/>
						</TextLine>
						<TextLine ID="line_15" HPOS="195" VPOS="654" WIDTH="752" HEIGHT="28">
							<String ID="string_106" HPOS="195" VPOS="654" WIDTH="108" HEIGHT="22" WC="0.96" CONTENT="sökanden"/><SP WIDTH="15" VPOS="654" HPOS="303"/>
							<String ID="string_107" HPOS="318" VPOS="654" WIDTH="46" HEIGHT="22" WC="0.96" CONTENT="tala"/><SP WIDTH="15" VPOS="654" HPOS="364"/>
							<String ID="string_108" HPOS="379" VPOS="654" WIDTH="38" HEIGHT="21" WC="0.95" CONTENT="och"/><SP WIDTH="16" VPOS="654" HPOS="417"/>
							<String ID="string_109" HPOS="433" VPOS="661" WIDTH="72" HEIGHT="19" WC="0.95" CONTENT="svara;"/><SP WIDTH="16" VPOS="661" HPOS="505"/>
							<String ID="string_110" HPOS="521" VPOS="655" WIDTH="38" HEIGHT="21" WC="0.96" CONTENT="och"/><SP WIDTH="16" VPOS="655" HPOS="559"/>
							<String ID="string_111" HPOS="575" VPOS="654" WIDTH="52" HEIGHT="22" WC="0.93" CONTENT="böra"/><SP WIDTH="16" VPOS="654" HPOS="627"/>
							<String ID="string_112" HPOS="643" VPOS="654" WIDTH="110" HEIGHT="22" WC="0.91" CONTENT="ombudets"/><SP WIDTH="16" VPOS="654" HPOS="753"/>
							<String ID="string_113" HPOS="769" VPOS="655" WIDTH="52" HEIGHT="26" WC="0.96" CONTENT="yrke"/><SP WIDTH="15" VPOS="655" HPOS="821"/>
							<String ID="string_114" HPOS="836" VPOS="654" WIDTH="40" HEIGHT="22" WC="0.93" CONTENT="och"/><SP WIDTH="14" VPOS="654" HPOS="876"/>
							<String ID="string_115" HPOS="890" VPOS="656" WIDTH="57" HEIGHT="26" WC="0.92" CONTENT="post-"/>
						</TextLine>
						<TextLine ID="line_16" HPOS="194" VPOS="689" WIDTH="295" HEIGHT="27">
							<String ID="string_116" HPOS="194" VPOS="689" WIDTH="73" HEIGHT="21" WC="0.96" CONTENT="adress"/><SP WIDTH="16" VPOS="689" HPOS="267"/>
							<String ID="string_117" HPOS="283" VPOS="689" WIDTH="71" HEIGHT="22" WC="0.93" CONTENT="tillika"/><SP WIDTH="14" VPOS="689" HPOS="354"/>
							<String ID="string_118" HPOS="368" VPOS="689" WIDTH="121" HEIGHT="27" WC="0.91" CONTENT="uppgifvas."/>
						</TextLine>
					</TextBlock>
					<TextBlock ID="block_8" HPOS="194" VPOS="722" WIDTH="754" HEIGHT="131">
						<TextLine ID="line_17" HPOS="265" VPOS="722" WIDTH="683" HEIGHT="28">
							<String ID="string_119" HPOS="265" VPOS="722" WIDTH="161" HEIGHT="28" WC="0.90" CONTENT="Beskrifningen"/><SP WIDTH="24" VPOS="722" HPOS="426"/>
							<String ID="string_120" HPOS="450" VPOS="724" WIDTH="54" HEIGHT="20" WC="0.96" CONTENT="skall"/><SP WIDTH="20" VPOS="724" HPOS="504"/>
							<String ID="string_121" HPOS="524" VPOS="729" WIDTH="52" HEIGHT="16" WC="0.96" CONTENT="vara"/><SP WIDTH="15" VPOS="729" HPOS="576"/>
							<String ID="string_122" HPOS="591" VPOS="724" WIDTH="24" HEIGHT="20" WC="0.96" CONTENT="så"/><SP WIDTH="16" VPOS="724" HPOS="615"/>
							<String ID="string_123" HPOS="631" VPOS="723" WIDTH="67" HEIGHT="27" WC="0.96" CONTENT="tydlig"/><SP WIDTH="15" VPOS="723" HPOS="698"/>
							<String ID="string_124" HPOS="713" VPOS="723" WIDTH="39" HEIGHT="22" WC="0.96" CONTENT="och"/><SP WIDTH="16" VPOS="723" HPOS="752"/>
							<String ID="string_125" HPOS="768" VPOS="723" WIDTH="133" HEIGHT="27" WC="0.96" CONTENT="fullständig,"/><SP WIDTH="15" VPOS="723" HPOS="901"/>
							<String ID="string_126" HPOS="916" VPOS="725" WIDTH="32" HEIGHT="19" WC="0.96" CONTENT="att"/>
						</TextLine>
						<TextLine ID="line_18" HPOS="194" VPOS="757" WIDTH="753" HEIGHT="27">
							<String ID="string_127" HPOS="194" VPOS="757" WIDTH="119" HEIGHT="27" WC="0.95" CONTENT="sakkunnig"/><SP WIDTH="23" VPOS="757" HPOS="313"/>
							<String ID="string_128" HPOS="336" VPOS="764" WIDTH="76" HEIGHT="20" WC="0.96" CONTENT="person"/><SP WIDTH="23" VPOS="764" HPOS="412"/>
							<String ID="string_129" HPOS="435" VPOS="758" WIDTH="42" HEIGHT="20" WC="0.96" CONTENT="kan"/><SP WIDTH="19" VPOS="758" HPOS="477"/>
							<String ID="string_130" HPOS="496" VPOS="758" WIDTH="48" HEIGHT="21" WC="0.96" CONTENT="med"/><SP WIDTH="21" VPOS="758" HPOS="544"/>
							<String ID="string_131" HPOS="565" VPOS="757" WIDTH="85" HEIGHT="27" WC="0.94" CONTENT="ledning"/><SP WIDTH="15" VPOS="757" HPOS="650"/>
							<String ID="string_132" HPOS="665" VPOS="757" WIDTH="62" HEIGHT="22" WC="0.93" CONTENT="deraf"/><SP WIDTH="14" VPOS="757" HPOS="727"/>
							<String ID="string_133" HPOS="741" VPOS="757" WIDTH="73" HEIGHT="22" WC="0.92" CONTENT="utöfva"/><SP WIDTH="15" VPOS="757" HPOS="814"/>
							<String ID="string_134" HPOS="829" VPOS="757" WIDTH="118" HEIGHT="27" WC="0.91" CONTENT="uppfinnin-"/>
						</TextLine>
						<TextLine ID="line_19" HPOS="194" VPOS="791" WIDTH="753" HEIGHT="28">
							<String ID="string_135" HPOS="194" VPOS="798" WIDTH="48" HEIGHT="20" WC="0.96" CONTENT="gen."/><SP WIDTH="29" VPOS="798" HPOS="242"/>
							<String ID="string_136" HPOS="271" VPOS="792" WIDTH="38" HEIGHT="22" WC="0.93" CONTENT="Uti"/><SP WIDTH="23" VPOS="792" HPOS="309"/>
							<String ID="string_137" HPOS="332" VPOS="791" WIDTH="156" HEIGHT="27" WC="0.91" CONTENT="beskrifningen"/><SP WIDTH="19" VPOS="791" HPOS="488"/>
							<String ID="string_138" HPOS="507" VPOS="792" WIDTH="55" HEIGHT="21" WC="0.96" CONTENT="skall"/><SP WIDTH="20" VPOS="792" HPOS="562"/>
							<String ID="string_139" HPOS="582" VPOS="792" WIDTH="107" HEIGHT="21" WC="0.96" CONTENT="bestämdt"/><SP WIDTH="16" VPOS="792" HPOS="689"/>
							<String ID="string_140" HPOS="705" VPOS="792" WIDTH="38" HEIGHT="21" WC="0.95" CONTENT="och"/><SP WIDTH="16" VPOS="792" HPOS="743"/>
							<String ID="string_141" HPOS="759" VPOS="792" WIDTH="77" HEIGHT="27" WC="0.93" CONTENT="tydligt"/><SP WIDTH="15" VPOS="792" HPOS="836"/>
							<String ID="string_142" HPOS="851" VPOS="792" WIDTH="96" HEIGHT="27" WC="0.92" CONTENT="angifvas"/>
						</TextLine>
						<TextLine ID="line_20" HPOS="194" VPOS="826" WIDTH="753" HEIGHT="27">
							<String ID="string_143" HPOS="194" VPOS="826" WIDTH="55" HEIGHT="21" WC="0.96" CONTENT="hvad"/><SP WIDTH="9" VPOS="826" HPOS="249"/>
							<String ID="string_144" HPOS="258" VPOS="826" WIDTH="111" HEIGHT="21" WC="0.95" CONTENT="sökanden"/><SP WIDTH="8" VPOS="826" HPOS="369"/>
							<String ID="string_145" HPOS="377" VPOS="832" WIDTH="64" HEIGHT="15" WC="0.96" CONTENT="anser"/><SP WIDTH="8" VPOS="832" HPOS="441"/>
							<String ID="string_146" HPOS="449" VPOS="832" WIDTH="50" HEIGHT="15" WC="0.96" CONTENT="vara"/><SP WIDTH="9" VPOS="832" HPOS="499"/>
							<String ID="string_147" HPOS="508" VPOS="826" WIDTH="35" HEIGHT="21" WC="0.96" CONTENT="det"/><SP WIDTH="10" VPOS="826" HPOS="543"/>
							<String ID="string_148" HPOS="553" VPOS="826" WIDTH="119" HEIGHT="27" WC="0.96" CONTENT="väsentliga"/><SP WIDTH="8" VPOS="826" HPOS="672"/>
							<String ID="string_149" HPOS="680" VPOS="826" WIDTH="39" HEIGHT="21" WC="0.96" CONTENT="och"/><SP WIDTH="8" VPOS="826" HPOS="719"/>
							<String ID="string_150" HPOS="727" VPOS="832" WIDTH="42" HEIGHT="21" WC="0.96" CONTENT="nya"/><SP WIDTH="7" VPOS="832" HPOS="769"/>
							<String ID="string_151" HPOS="776" VPOS="826" WIDTH="7" HEIGHT="21" WC="0.96" CONTENT="i"/><SP WIDTH="8" VPOS="826" HPOS="783"/>
							<String ID="string_152" HPOS="791" VPOS="826" WIDTH="156" HEIGHT="27" WC="0.95" CONTENT="uppfinningen."/>
						</TextLine>
					</TextBlock>
					<TextBlock ID="block_9" HPOS="194" VPOS="859" WIDTH="752" HEIGHT="63">
						<TextLine ID="line_21" HPOS="266" VPOS="859" WIDTH="680" HEIGHT="29">
							<String ID="string_153" HPOS="266" VPOS="860" WIDTH="67" HEIGHT="22" WC="0.96" CONTENT="Sökes"/><SP WIDTH="20" VPOS="860" HPOS="333"/>
							<String ID="string_154" HPOS="353" VPOS="862" WIDTH="74" HEIGHT="24" WC="0.93" CONTENT="patent"/><SP WIDTH="15" VPOS="862" HPOS="427"/>
							<String ID="string_155" HPOS="442" VPOS="861" WIDTH="12" HEIGHT="21" WC="0.92" CONTENT="å"/><SP WIDTH="15" VPOS="861" HPOS="454"/>
							<String ID="string_156" HPOS="469" VPOS="860" WIDTH="52" HEIGHT="22" WC="0.96" CONTENT="flere"/><SP WIDTH="15" VPOS="860" HPOS="521"/>
							<String ID="string_157" HPOS="536" VPOS="859" WIDTH="155" HEIGHT="29" WC="0.96" CONTENT="uppfinningar,"/><SP WIDTH="16" VPOS="859" HPOS="691"/>
							<String ID="string_158" HPOS="707" VPOS="861" WIDTH="66" HEIGHT="21" WC="0.96" CONTENT="varde"/><SP WIDTH="16" VPOS="861" HPOS="773"/>
							<String ID="string_159" HPOS="789" VPOS="860" WIDTH="106" HEIGHT="22" WC="0.91" CONTENT="särskilda"/><SP WIDTH="15" VPOS="860" HPOS="895"/>
							<String ID="string_160" HPOS="910" VPOS="867" WIDTH="36" HEIGHT="15" WC="0.91" CONTENT="an-"/>
						</TextLine>
						<TextLine ID="line_22" HPOS="194" VPOS="894" WIDTH="474" HEIGHT="28">
							<String ID="string_161" HPOS="194" VPOS="894" WIDTH="228" HEIGHT="28" WC="0.90" CONTENT="sökningshandlingar"/><SP WIDTH="15" VPOS="894" HPOS="422"/>
							<String ID="string_162" HPOS="437" VPOS="894" WIDTH="34" HEIGHT="22" WC="0.92" CONTENT="för"/><SP WIDTH="15" VPOS="894" HPOS="471"/>
							<String ID="string_163" HPOS="486" VPOS="895" WIDTH="81" HEIGHT="21" WC="0.92" CONTENT="enhvar"/><SP WIDTH="15" VPOS="895" HPOS="567"/>
							<String ID="string_164" HPOS="582" VPOS="894" WIDTH="86" HEIGHT="28" WC="0.91" CONTENT="ingifna."/>
						</TextLine>
					</TextBlock>
				</ComposedBlock>
				<ComposedBlock ID="cblock_2" HPOS="192" VPOS="959" WIDTH="754" HEIGHT="439">
					<TextBlock ID="block_10" HPOS="551" VPOS="959" WIDTH="45" HEIGHT="27">
						<TextLine ID="line_23" HPOS="551" VPOS="959" WIDTH="45" HEIGHT="27">
							<String ID="string_165" HPOS="551" VPOS="959" WIDTH="45" HEIGHT="27" WC="0.80" CONTENT="78"/>
						</TextLine>
					</TextBlock>
					<TextBlock ID="block_11" HPOS="193" VPOS="998" WIDTH="753" HEIGHT="199">
						<TextLine ID="line_24" HPOS="265" VPOS="998" WIDTH="681" HEIGHT="28">
							<String ID="string_166" HPOS="265" VPOS="998" WIDTH="47" HEIGHT="21" WC="0.96" CONTENT="Har"/><SP WIDTH="22" VPOS="998" HPOS="312"/>
							<String ID="string_167" HPOS="334" VPOS="998" WIDTH="108" HEIGHT="22" WC="0.96" CONTENT="sökanden"/><SP WIDTH="24" VPOS="998" HPOS="442"/>
							<String ID="string_168" HPOS="466" VPOS="998" WIDTH="18" HEIGHT="27" WC="0.91" CONTENT="ej"/><SP WIDTH="24" VPOS="998" HPOS="484"/>
							<String ID="string_169" HPOS="508" VPOS="998" WIDTH="68" HEIGHT="28" WC="0.91" CONTENT="bilagt"/><SP WIDTH="19" VPOS="998" HPOS="576"/>
							<String ID="string_170" HPOS="595" VPOS="998" WIDTH="40" HEIGHT="21" WC="0.96" CONTENT="den"/><SP WIDTH="16" VPOS="998" HPOS="635"/>
							<String ID="string_171" HPOS="651" VPOS="999" WIDTH="6" HEIGHT="21" WC="0.96" CONTENT="i"/><SP WIDTH="16" VPOS="999" HPOS="657"/>
							<String ID="string_172" HPOS="673" VPOS="1000" WIDTH="12" HEIGHT="20" WC="0.93" CONTENT="6"/><SP WIDTH="16" VPOS="1000" HPOS="685"/>
							<String ID="string_173" HPOS="701" VPOS="999" WIDTH="12" HEIGHT="27" WC="0.92" CONTENT="$"/><SP WIDTH="16" VPOS="999" HPOS="713"/>
							<String ID="string_174" HPOS="729" VPOS="998" WIDTH="141" HEIGHT="22" WC="0.89" CONTENT="omförmälda"/><SP WIDTH="15" VPOS="998" HPOS="870"/>
							<String ID="string_175" HPOS="885" VPOS="998" WIDTH="61" HEIGHT="28" WC="0.89" CONTENT="afgift"/>
						</TextLine>
						<TextLine ID="line_25" HPOS="193" VPOS="1032" WIDTH="752" HEIGHT="29">
							<String ID="string_176" HPOS="193" VPOS="1032" WIDTH="53" HEIGHT="22" WC="0.96" CONTENT="eller"/><SP WIDTH="15" VPOS="1032" HPOS="246"/>
							<String ID="string_177" HPOS="261" VPOS="1032" WIDTH="32" HEIGHT="22" WC="0.96" CONTENT="för"/><SP WIDTH="16" VPOS="1032" HPOS="293"/>
							<String ID="string_178" HPOS="309" VPOS="1033" WIDTH="38" HEIGHT="21" WC="0.93" CONTENT="der"/><SP WIDTH="15" VPOS="1033" HPOS="347"/>
							<String ID="string_179" HPOS="362" VPOS="1032" WIDTH="89" HEIGHT="22" WC="0.91" CONTENT="nämndt"/><SP WIDTH="16" VPOS="1032" HPOS="451"/>
							<String ID="string_180" HPOS="467" VPOS="1032" WIDTH="36" HEIGHT="22" WC="0.96" CONTENT="fall"/><SP WIDTH="16" VPOS="1032" HPOS="503"/>
							<String ID="string_181" HPOS="519" VPOS="1032" WIDTH="103" HEIGHT="28" WC="0.96" CONTENT="stadgade"/><SP WIDTH="16" VPOS="1032" HPOS="622"/>
							<String ID="string_182" HPOS="638" VPOS="1033" WIDTH="106" HEIGHT="27" WC="0.96" CONTENT="fullmakt,"/><SP WIDTH="12" VPOS="1033" HPOS="744"/>
							<String ID="string_183" HPOS="756" VPOS="1033" WIDTH="34" HEIGHT="21" WC="0.96" CONTENT="må"/><SP WIDTH="10" VPOS="1033" HPOS="790"/>
							<String ID="string_184" HPOS="800" VPOS="1034" WIDTH="145" HEIGHT="27" WC="0.96" CONTENT="ansökningen"/>
						</TextLine>
						<TextLine ID="line_26" HPOS="193" VPOS="1067" WIDTH="753" HEIGHT="28">
							<String ID="string_185" HPOS="193" VPOS="1067" WIDTH="19" HEIGHT="27" WC="0.96" CONTENT="ej"/><SP WIDTH="23" VPOS="1067" HPOS="212"/>
							<String ID="string_186" HPOS="235" VPOS="1067" WIDTH="34" HEIGHT="22" WC="0.92" CONTENT="till"/><SP WIDTH="22" VPOS="1067" HPOS="269"/>
							<String ID="string_187" HPOS="291" VPOS="1067" WIDTH="100" HEIGHT="27" WC="0.92" CONTENT="pröfning"/><SP WIDTH="21" VPOS="1067" HPOS="391"/>
							<String ID="string_188" HPOS="412" VPOS="1069" WIDTH="113" HEIGHT="25" WC="0.96" CONTENT="upptagas."/><SP WIDTH="29" VPOS="1069" HPOS="525"/>
							<String ID="string_189" HPOS="554" VPOS="1068" WIDTH="79" HEIGHT="21" WC="0.93" CONTENT="Finner"/><SP WIDTH="14" VPOS="1068" HPOS="633"/>
							<String ID="string_190" HPOS="647" VPOS="1068" WIDTH="199" HEIGHT="27" WC="0.91" CONTENT="Industristyrelsen"/><SP WIDTH="16" VPOS="1068" HPOS="846"/>
							<String ID="string_191" HPOS="862" VPOS="1070" WIDTH="33" HEIGHT="20" WC="0.93" CONTENT="att"/><SP WIDTH="14" VPOS="1070" HPOS="895"/>
							<String ID="string_192" HPOS="909" VPOS="1075" WIDTH="37" HEIGHT="20" WC="0.88" CONTENT="pa-"/>
						</TextLine>
						<TextLine ID="line_27" HPOS="193" VPOS="1100" WIDTH="752" HEIGHT="28">
							<String ID="string_193" HPOS="193" VPOS="1102" WIDTH="46" HEIGHT="20" WC="0.92" CONTENT="tent"/><SP WIDTH="22" VPOS="1102" HPOS="239"/>
							<String ID="string_194" HPOS="261" VPOS="1100" WIDTH="12" HEIGHT="22" WC="0.91" CONTENT="å"/><SP WIDTH="22" VPOS="1100" HPOS="273"/>
							<String ID="string_195" HPOS="295" VPOS="1101" WIDTH="160" HEIGHT="27" WC="0.90" CONTENT="uppfinningens"/><SP WIDTH="23" VPOS="1101" HPOS="455"/>
							<String ID="string_196" HPOS="478" VPOS="1101" WIDTH="88" HEIGHT="22" WC="0.95" CONTENT="föremål"/><SP WIDTH="23" VPOS="1101" HPOS="566"/>
							<String ID="string_197" HPOS="589" VPOS="1102" WIDTH="47" HEIGHT="22" WC="0.96" CONTENT="icke"/><SP WIDTH="22" VPOS="1102" HPOS="636"/>
							<String ID="string_198" HPOS="658" VPOS="1102" WIDTH="33" HEIGHT="21" WC="0.97" CONTENT="får"/><SP WIDTH="19" VPOS="1102" HPOS="691"/>
							<String ID="string_199" HPOS="710" VPOS="1102" WIDTH="115" HEIGHT="26" WC="0.96" CONTENT="meddelas,"/><SP WIDTH="21" VPOS="1102" HPOS="825"/>
							<String ID="string_200" HPOS="846" VPOS="1103" WIDTH="52" HEIGHT="21" WC="0.96" CONTENT="eller"/><SP WIDTH="15" VPOS="1103" HPOS="898"/>
							<String ID="string_201" HPOS="913" VPOS="1105" WIDTH="32" HEIGHT="19" WC="0.97" CONTENT="att"/>
						</TextLine>
						<TextLine ID="line_28" HPOS="193" VPOS="1135" WIDTH="751" HEIGHT="29">
							<String ID="string_202" HPOS="193" VPOS="1135" WIDTH="150" HEIGHT="27" WC="0.81" CONTENT="uppfinningen"/><SP WIDTH="22" VPOS="1135" HPOS="343"/>
							<String ID="string_203" HPOS="365" VPOS="1136" WIDTH="167" HEIGHT="27" WC="0.96" CONTENT="uppenbarligen"/><SP WIDTH="23" VPOS="1136" HPOS="532"/>
							<String ID="string_204" HPOS="555" VPOS="1136" WIDTH="46" HEIGHT="22" WC="0.96" CONTENT="icke"/><SP WIDTH="23" VPOS="1136" HPOS="601"/>
							<String ID="string_205" HPOS="624" VPOS="1138" WIDTH="24" HEIGHT="19" WC="0.96" CONTENT="är"/><SP WIDTH="19" VPOS="1138" HPOS="648"/>
							<String ID="string_206" HPOS="667" VPOS="1143" WIDTH="32" HEIGHT="21" WC="0.96" CONTENT="ny,"/><SP WIDTH="20" VPOS="1143" HPOS="699"/>
							<String ID="string_207" HPOS="719" VPOS="1137" WIDTH="66" HEIGHT="21" WC="0.96" CONTENT="varde"/><SP WIDTH="15" VPOS="1137" HPOS="785"/>
							<String ID="string_208" HPOS="800" VPOS="1137" WIDTH="144" HEIGHT="27" WC="0.96" CONTENT="ansökningen"/>
						</TextLine>
						<TextLine ID="line_29" HPOS="194" VPOS="1169" WIDTH="102" HEIGHT="28">
							<String ID="string_209" HPOS="194" VPOS="1169" WIDTH="102" HEIGHT="28" WC="0.92" CONTENT="afslagen."/>
						</TextLine>
					</TextBlock>
					<TextBlock ID="block_12" HPOS="192" VPOS="1204" WIDTH="754" HEIGHT="194">
						<TextLine ID="line_30" HPOS="263" VPOS="1204" WIDTH="682" HEIGHT="29">
							<String ID="string_210" HPOS="263" VPOS="1204" WIDTH="144" HEIGHT="22" WC="0.92" CONTENT="Förekomma"/><SP WIDTH="17" VPOS="1204" HPOS="407"/>
							<String ID="string_211" HPOS="424" VPOS="1204" WIDTH="69" HEIGHT="22" WC="0.96" CONTENT="andra"/><SP WIDTH="14" VPOS="1204" HPOS="493"/>
							<String ID="string_212" HPOS="507" VPOS="1204" WIDTH="79" HEIGHT="22" WC="0.96" CONTENT="brister"/><SP WIDTH="15" VPOS="1204" HPOS="586"/>
							<String ID="string_213" HPOS="601" VPOS="1206" WIDTH="26" HEIGHT="20" WC="0.96" CONTENT="än"/><SP WIDTH="17" VPOS="1206" HPOS="627"/>
							<String ID="string_214" HPOS="644" VPOS="1204" WIDTH="63" HEIGHT="22" WC="0.95" CONTENT="ofvan"/><SP WIDTH="16" VPOS="1204" HPOS="707"/>
							<String ID="string_215" HPOS="723" VPOS="1206" WIDTH="38" HEIGHT="20" WC="0.97" CONTENT="äro"/><SP WIDTH="15" VPOS="1206" HPOS="761"/>
							<String ID="string_216" HPOS="776" VPOS="1206" WIDTH="99" HEIGHT="27" WC="0.93" CONTENT="nämnda,"/><SP WIDTH="16" VPOS="1206" HPOS="875"/>
							<String ID="string_217" HPOS="891" VPOS="1205" WIDTH="54" HEIGHT="22" WC="0.92" CONTENT="före-"/>
						</TextLine>
						<TextLine ID="line_31" HPOS="193" VPOS="1238" WIDTH="751" HEIGHT="28">
							<String ID="string_218" HPOS="193" VPOS="1240" WIDTH="62" HEIGHT="25" WC="0.90" CONTENT="lägge"/><SP WIDTH="21" VPOS="1240" HPOS="255"/>
							<String ID="string_219" HPOS="276" VPOS="1238" WIDTH="200" HEIGHT="27" WC="0.90" CONTENT="Industristyrelsen"/><SP WIDTH="23" VPOS="1238" HPOS="476"/>
							<String ID="string_220" HPOS="499" VPOS="1239" WIDTH="106" HEIGHT="21" WC="0.95" CONTENT="sökanden"/><SP WIDTH="24" VPOS="1239" HPOS="605"/>
							<String ID="string_221" HPOS="629" VPOS="1239" WIDTH="89" HEIGHT="27" WC="0.96" CONTENT="lämplig"/><SP WIDTH="22" VPOS="1239" HPOS="718"/>
							<String ID="string_222" HPOS="740" VPOS="1240" WIDTH="31" HEIGHT="20" WC="0.96" CONTENT="tid"/><SP WIDTH="22" VPOS="1240" HPOS="771"/>
							<String ID="string_223" HPOS="793" VPOS="1242" WIDTH="34" HEIGHT="18" WC="0.96" CONTENT="att"/><SP WIDTH="22" VPOS="1242" HPOS="827"/>
							<String ID="string_224" HPOS="849" VPOS="1240" WIDTH="47" HEIGHT="21" WC="0.89" CONTENT="dem"/><SP WIDTH="18" VPOS="1240" HPOS="896"/>
							<String ID="string_225" HPOS="914" VPOS="1240" WIDTH="30" HEIGHT="21" WC="0.89" CONTENT="af-"/>
						</TextLine>
						<TextLine ID="line_32" HPOS="192" VPOS="1272" WIDTH="752" HEIGHT="28">
							<String ID="string_226" HPOS="192" VPOS="1272" WIDTH="77" HEIGHT="27" WC="0.89" CONTENT="hjelpa."/><SP WIDTH="30" VPOS="1272" HPOS="269"/>
							<String ID="string_227" HPOS="299" VPOS="1272" WIDTH="88" HEIGHT="27" WC="0.90" CONTENT="Fullgör"/><SP WIDTH="14" VPOS="1272" HPOS="387"/>
							<String ID="string_228" HPOS="401" VPOS="1272" WIDTH="108" HEIGHT="22" WC="0.96" CONTENT="sökanden"/><SP WIDTH="15" VPOS="1272" HPOS="509"/>
							<String ID="string_229" HPOS="524" VPOS="1274" WIDTH="57" HEIGHT="20" WC="0.96" CONTENT="inom"/><SP WIDTH="16" VPOS="1274" HPOS="581"/>
							<String ID="string_230" HPOS="597" VPOS="1274" WIDTH="69" HEIGHT="20" WC="0.96" CONTENT="denna"/><SP WIDTH="16" VPOS="1274" HPOS="666"/>
							<String ID="string_231" HPOS="682" VPOS="1274" WIDTH="31" HEIGHT="20" WC="0.96" CONTENT="tid"/><SP WIDTH="15" VPOS="1274" HPOS="713"/>
							<String ID="string_232" HPOS="728" VPOS="1273" WIDTH="56" HEIGHT="21" WC="0.96" CONTENT="hvad"/><SP WIDTH="15" VPOS="1273" HPOS="784"/>
							<String ID="string_233" HPOS="799" VPOS="1279" WIDTH="45" HEIGHT="15" WC="0.96" CONTENT="som"/><SP WIDTH="16" VPOS="1279" HPOS="844"/>
							<String ID="string_234" HPOS="860" VPOS="1274" WIDTH="84" HEIGHT="26" WC="0.96" CONTENT="brister,"/>
						</TextLine>
						<TextLine ID="line_33" HPOS="192" VPOS="1306" WIDTH="753" HEIGHT="30">
							<String ID="string_235" HPOS="192" VPOS="1306" WIDTH="66" HEIGHT="22" WC="0.96" CONTENT="varde"/><SP WIDTH="22" VPOS="1306" HPOS="258"/>
							<String ID="string_236" HPOS="280" VPOS="1306" WIDTH="24" HEIGHT="22" WC="0.93" CONTENT="så"/><SP WIDTH="21" VPOS="1306" HPOS="304"/>
							<String ID="string_237" HPOS="325" VPOS="1306" WIDTH="85" HEIGHT="28" WC="0.92" CONTENT="ansedt,"/><SP WIDTH="23" VPOS="1306" HPOS="410"/>
							<String ID="string_238" HPOS="433" VPOS="1312" WIDTH="44" HEIGHT="16" WC="0.96" CONTENT="som"/><SP WIDTH="21" VPOS="1312" HPOS="477"/>
							<String ID="string_239" HPOS="498" VPOS="1307" WIDTH="53" HEIGHT="22" WC="0.92" CONTENT="hade"/><SP WIDTH="16" VPOS="1307" HPOS="551"/>
							<String ID="string_240" HPOS="567" VPOS="1307" WIDTH="288" HEIGHT="29" WC="0.92" CONTENT="ansökningshandlingarna"/><SP WIDTH="14" VPOS="1307" HPOS="855"/>
							<String ID="string_241" HPOS="869" VPOS="1310" WIDTH="76" HEIGHT="26" WC="0.95" CONTENT="genast"/>
						</TextLine>
						<TextLine ID="line_34" HPOS="193" VPOS="1341" WIDTH="753" HEIGHT="29">
							<String ID="string_242" HPOS="193" VPOS="1341" WIDTH="138" HEIGHT="27" WC="0.96" CONTENT="fullständiga"/><SP WIDTH="15" VPOS="1341" HPOS="331"/>
							<String ID="string_243" HPOS="346" VPOS="1341" WIDTH="119" HEIGHT="22" WC="0.95" CONTENT="inkommit."/><SP WIDTH="29" VPOS="1341" HPOS="465"/>
							<String ID="string_244" HPOS="494" VPOS="1342" WIDTH="11" HEIGHT="21" WC="0.91" CONTENT="I"/><SP WIDTH="15" VPOS="1342" HPOS="505"/>
							<String ID="string_245" HPOS="520" VPOS="1344" WIDTH="89" HEIGHT="20" WC="0.96" CONTENT="motsatt"/><SP WIDTH="16" VPOS="1344" HPOS="609"/>
							<String ID="string_246" HPOS="625" VPOS="1342" WIDTH="37" HEIGHT="22" WC="0.96" CONTENT="fall"/><SP WIDTH="16" VPOS="1342" HPOS="662"/>
							<String ID="string_247" HPOS="678" VPOS="1349" WIDTH="51" HEIGHT="15" WC="0.96" CONTENT="vare"/><SP WIDTH="15" VPOS="1349" HPOS="729"/>
							<String ID="string_248" HPOS="744" VPOS="1343" WIDTH="143" HEIGHT="27" WC="0.92" CONTENT="ansökningen"/><SP WIDTH="16" VPOS="1343" HPOS="887"/>
							<String ID="string_249" HPOS="903" VPOS="1342" WIDTH="43" HEIGHT="23" WC="0.92" CONTENT="för-"/>
						</TextLine>
						<TextLine ID="line_35" HPOS="193" VPOS="1376" WIDTH="71" HEIGHT="22">
							<String ID="string_250" HPOS="193" VPOS="1376" WIDTH="71" HEIGHT="22" WC="0.96" CONTENT="fallen."/>
						</TextLine>
					</TextBlock>
				</ComposedBlock>
			</PrintSpace>
		</Page>
	</Layout>
</alto>
