1045 1714
298 114 30 23 U.
342 115 29 22 B.
386 128 28 3 —
429 115 74 30 Prop.
518 115 45 24 N:o
578 115 39 24 22.
809 122 28 22 47

290 184 134 28 kommun,
455 185 48 22 der
526 185 109 28 jagten
664 187 72 21 sker.
770 186 67 27 Den,

289 225 57 14 som
375 219 98 27 erlagt
496 220 184 27 jagtskatt
673 215 17 37 i
701 228 33 13 en
763 221 72 20 kom-

290 259 72 21 mun,
385 260 67 14 vare
474 254 67 21 dock
565 254 7 20 i
586 261 104 14 annan
705 255 132 20 kommun

289 287 45 28 fri
368 287 70 27 från
473 288 78 28 dylik
584 289 88 26 skatt,
706 289 133 26 såframt

284 321 208 28 jagten,ifall
506 329 57 15 som
578 323 10 20 i
601 323 35 20 12
652 325 15 24 $
681 325 74 26 sägs,
770 323 68 27 gått

290 355 83 28 öfver
399 356 36 27 på
459 357 53 20 den
537 357 152 21 kommuns
714 357 121 21 område.

352 389 487 30 Villnågon,somerlagtjagtskatt

291 425 49 21 till
361 431 31 15 en
414 425 134 28 kommun,
570 425 67 21 idka
654 425 69 28 jagt
744 425 9 21 i
772 425 67 28 flere

291 459 163 22 kommuner
474 461 72 20 utan
566 461 42 20 att
629 459 50 22 till
693 460 103 21 enhvar
811 460 33 27 af

291 494 55 21 dem
372 494 127 21 särskildt
525 496 93 26 utgöra
646 494 85 21 sådan
756 495 81 26 skatt,

291 529 117 27 erlägge
428 529 10 20 i
452 531 40 18 ett
513 529 47 27 för
582 529 53 20 allt
650 529 49 20 till
716 529 96 21 kronan
829 529 11 20 i

285 563 151 28 jagtskatt
451 563 42 20 tio
508 563 82 21 mark
603 563 46 27 för
664 563 70 21 året.

359 597 64 21 Den
458 597 50 22 till
537 597 132 22 kommun
698 597 141 28 utgående

286 631 155 28 jagtskatt
457 632 41 21 må
513 632 27 27 ej
554 632 153 21 användas
723 632 52 21 till
789 639 48 14 an-

291 667 51 20 nat
364 667 36 20 än
422 666 50 21 till
493 667 31 20 de
544 666 177 27 belöningar
735 666 49 28 för
798 667 43 20 dö-

292 700 69 21 dade
400 701 164 27 skadedjur,
603 707 62 15 som
706 701 133 21 kommun

293 734 99 28 åligger
406 735 112 28 erlägga,
533 737 67 19 samt
616 735 43 21 till
674 735 88 21 andra
774 735 67 28 jagt-

292 769 211 22 vårdsändamål.

361 803 16 21 I
388 803 167 28 Lappmarkens
570 804 70 21 härad
654 804 37 21 och
707 804 137 28 Kuolajärvi

293 838 75 21 socken
390 838 29 27 af
437 838 66 21 Kemi
525 839 71 20 härad
617 839 115 20 ankomme
750 839 14 20 ä&
779 839 61 20 kom-

294 879 66 14 muns
382 872 74 27 beslut,
479 873 111 21 huruvida
603 873 108 27 jagtskati
726 873 55 21 skall
796 873 47 20 der-

293 906 71 21 städes
378 908 90 26 utgöras
483 907 51 21 eller
548 906 52 22 icke.

476 976 32 21 28
522 975 22 28 $.
578 976 41 27 (29
633 975 32 28 $).

363 1015 64 21 Från
446 1015 128 28 erläggande
593 1015 28 28 af
627 1015 110 28 jagtskatt
750 1017 39 19 äro
806 1015 35 21 be-

294 1049 84 28 friade:

322 1085 41 20 1:o.
395 1083 118 22 Medlem
542 1083 34 28 af
600 1084 169 27 jordegares
794 1083 49 22 och

289 1118 526 28 jordinnehafvaresfamiljförjagt
829 1117 13 21 å

295 1153 85 26 mark,
396 1153 92 21 hvarå
498 1153 86 21 denne
597 1153 96 27 enligt
707 1153 15 20 27
759 1153 10 27 $
779 1159 66 21 eger

295 1187 546 27 idkajagtutanerläggandeafskati.

366 1222 42 20 2:0.
439 1221 55 27 Den,
509 1228 47 15 som
571 1221 48 21 med
634 1221 96 27 behörigt
743 1220 102 21 tillstånd

290 1255 69 28 jagar
373 1255 36 27 för
423 1255 156 28 vetenskapligt
592 1255 112 21 ändamäl.

366 1290 42 21 3:0.
446 1289 136 28 Utöfvare
598 1289 31 28 af
641 1289 71 28 jagt,
728 1289 35 21 dä
777 1289 64 20 den-

295 1331 105 14 samma
427 1324 190 21 uteslutande
645 1323 79 28 afser
748 1323 96 28 björn,

296 1363 76 21 varg,
388 1357 30 26 lo,
429 1357 65 26 jerf
506 1357 70 21 eller
590 1357 53 27 väf.

364 1391 43 21 4:0.
439 1390 117 28 Deltagare
570 1390 10 21 i
594 1390 113 28 skallgäng
724 1391 58 20 sami
797 1390 46 21 obe-

297 1425 97 28 väpnadt
408 1425 91 27 dreffolk
513 1425 38 21 vid
562 1431 77 15 annan
649 1425 56 28 jagt.

161 1473 44 21 Laj=
219 1473 27 16 och
259 1472 167 17 Ekonomiutskottets
440 1471 102 16 betänkande
554 1471 34 16 N:o
599 1476 16 15 4.
