1042 1709
321 90 29 23 U.
365 90 27 22 B.
404 97 34 10 —
452 90 74 28 Prop.
542 90 45 23 N:o
603 90 36 23 19.
828 92 25 20 19

107 163 173 27 mynderskapet
303 163 57 22 skall
383 163 49 21 dem
456 163 93 22 emellan
572 163 68 27 delas,
664 163 8 21 i
689 162 41 22 fall
745 163 72 27 någon
833 162 25 22 af

108 199 48 22 dem
180 198 78 22 sådant
280 199 77 27 yrkar,
376 199 40 21 har
432 199 117 22 Utskottet
565 201 74 20 ansett
654 199 69 21 andra
737 200 119 20 momentet

108 234 25 22 af
146 236 28 20 26
190 234 13 29 &
219 235 53 21 böra
288 235 58 27 utgå.
377 234 73 28 Sagda
471 237 94 19 moment
581 235 40 21 har
636 234 111 27 nemligen
763 234 92 22 hufvud-

108 270 102 26 sakligen
232 270 127 21 tillkommit
381 270 8 21 i
408 270 42 21 den
466 270 75 27 afsigt,
558 272 33 19 att
607 270 77 21 fadern
699 270 6 21 i
723 270 26 21 de
766 270 45 26 fall,
828 270 28 20 dä

107 306 44 21 han
175 311 65 15 anser
263 305 89 22 modern
376 305 48 22 icke
448 311 41 22 ega
512 305 123 27 tillräcklig
650 305 69 27 insigt
734 307 33 19 att
783 311 73 15 ensam

109 341 95 22 förvalta
219 341 154 27 barnagodset,
392 341 74 22 kunde
482 341 103 22 försäkra
601 341 34 26 sig
651 347 31 15 om
701 343 32 20 ett
749 347 108 20 omsorgs-

108 377 52 22 fullt
183 377 169 22 handhafvande
374 376 25 22 af
417 377 71 22 denna
509 377 138 26 förvaltning
667 383 77 21 genom
760 378 33 19 att
809 378 48 20 utse

108 413 72 27 nägon
203 413 92 27 lämplig
319 419 79 21 person
414 415 32 20 att
462 413 72 22 säsom
550 412 101 22 moderns
667 412 191 28 medförmyndare

110 449 88 22 biträda
216 449 71 22 henne
306 449 37 22 vid
372 449 118 22 skötandet
516 449 24 21 af
563 447 213 28 förmynderskapet.
807 448 51 22 Med

110 485 143 27 stadgandets
276 491 30 15 nu
329 484 93 22 nämnda
446 485 60 27 syfte
530 484 72 22 skulle
626 484 37 22 det
687 485 18 27 ej
729 484 36 22 väl
786 483 72 23 öfver-

111 523 138 25 ensstämma,
266 527 34 15 om
321 521 67 22 sådan
404 520 194 28 meäförmyndare
616 515 53 28 vore
685 520 125 27 berättigad
826 522 33 20 att

109 557 57 27 yrka
177 557 28 27 pä
221 557 90 27 delning
326 556 25 22 af
364 556 216 28 förmynderskapet,
592 556 28 22 dä
632 557 90 21 modern
733 556 125 27 derigenom

112 593 73 22 skulle
201 593 47 21 helt
263 593 39 21 och
318 593 70 22 hället
403 593 109 21 uteslutas
524 592 51 21 frän
586 598 27 16 en
625 595 72 19 större
707 592 56 22 eller
775 592 85 22 mindre

111 628 36 23 del
170 629 25 21 af
208 628 336 27 förmögenhetsförvaltningen.
570 627 113 28 Riktigast
699 634 66 21 synes
785 627 75 22 derför

111 670 53 16 vara
180 666 33 20 att
228 665 23 20 ät
267 665 121 21 domstolen
404 664 148 21 öfverlemnas
568 665 33 20 att
616 665 121 20 bestämma
752 664 109 21 huruvida

112 700 190 27 medförmyndare
322 700 40 22 bör
383 701 23 20 ät
426 700 90 21 modern
539 699 121 28 förordnas,
677 699 94 22 hvarvid
786 701 73 20 rätten

112 735 66 23 äfven
194 736 44 21 kan
252 738 52 25 taga
319 737 8 21 i
342 736 147 22 betraktande
510 735 91 23 faderns
622 735 73 22 derom
714 735 97 22 uttalade
823 737 37 20 ön-

112 772 56 21 skan
184 773 51 20 utan
252 774 32 19 att
295 771 136 22 densammas
443 771 166 22 hörsammande
621 773 65 25 göres
700 771 160 27 obligatoriskt.

183 807 77 22 Ehuru
275 807 115 22 Utskottet
404 807 58 22 varit
478 807 24 21 af
516 807 41 22 den
574 807 65 27 äsigt,
661 809 32 19 att
714 807 82 26 gvinna
821 813 38 15 un-

111 843 40 22 der
166 843 72 26 hittils
254 843 96 22 rädande
367 843 154 22 förhällanden
539 843 48 21 icke
606 843 84 21 kunnat
710 843 97 22 inhemta
817 842 42 22 den

112 879 68 28 insigt
196 879 39 21 och
252 879 127 22 erfarenhet
394 879 8 21 i
417 879 111 22 allmänna
541 878 57 29 värf,
610 880 33 20 att
653 879 42 21 hon
706 885 53 16 vore
769 879 92 27 lämplig

112 915 35 22 till
167 915 92 21 medlem
280 916 8 21 i
306 915 230 27 förmyndarenämnd,
553 915 41 21 har
609 915 116 22 Utskottet
740 915 55 22 dock
811 915 49 21 icke

113 951 73 21 funnit
204 951 71 22 henne
290 951 83 21 inhabil
389 952 33 20 att
436 951 121 22 innehafva
574 951 189 27 förmynderskap.
793 951 68 21 Detta

113 987 40 21 har
175 986 66 23 äfven
264 987 146 28 lagförslaget
434 987 80 22 erkänt
531 993 77 22 genom
625 988 33 20 att
673 987 7 20 i
699 989 10 19 1
726 993 61 16 mom.
804 989 27 19 28
848 986 12 29 &

113 1023 78 27 stadga
206 1025 33 20 att
255 1023 57 22 enka
328 1023 54 22 eller
398 1021 55 28 ogift
470 1023 87 27 gvinna,
575 1029 46 15 som
637 1022 24 21 af
674 1023 42 22 den
733 1023 128 27 omyndiges

112 1058 111 22 föräldrar
246 1061 81 19 utsetts
351 1059 34 20 till
408 1057 142 28 förmyndare
573 1059 56 21 eller
652 1059 48 21 står
714 1059 8 20 i
738 1058 57 22 visst
810 1060 51 19 när-

113 1100 60 16 mare
193 1094 117 27 uppgifvet
328 1093 275 28 skyldskapsförhållande
620 1094 36 22 till
674 1094 43 22 den
737 1094 122 27 omyndige,

113 1130 58 28 finge
201 1131 25 21 af
253 1132 74 20 rätten
356 1129 116 22 förordnas
503 1130 35 21 till
568 1129 147 28 förmyndare.
753 1129 51 22 Men
827 1136 33 15 om

114 1173 49 15 man
180 1173 27 15 en
223 1167 59 27 gång
297 1167 117 26 erkänner,
432 1168 33 19 att
481 1166 82 26 qvinna
578 1165 44 22 kan
637 1169 61 18 utses
715 1166 34 21 till
765 1165 96 27 förmyn-

114 1201 52 22 dare
190 1202 27 21 då
239 1203 90 20 barnets
353 1201 110 22 föräldrar
488 1203 74 20 ansett
585 1201 72 22 henne
672 1201 76 22 dertill
763 1201 98 28 lämplig,

112 1238 41 21 bör
176 1238 72 22 henne
271 1238 66 21 äfven
352 1237 74 22 kunna
442 1238 109 21 ombetros
567 1236 190 28 förmynderskap,
775 1237 27 21 då
817 1236 44 22 för-

114 1273 214 29 myndarenämnden
344 1273 39 22 och
398 1275 74 20 rätten
488 1273 59 21 finna
563 1273 72 22 henne
643 1273 97 27 skicklig
750 1274 33 20 att
795 1273 66 21 hand-

113 1310 67 22 hafva
195 1309 79 22 sådant
287 1309 120 27 sysslande.
430 1309 116 21 Utskottet
562 1308 40 22 har
618 1308 74 22 derför
707 1308 80 21 ändrat
803 1308 58 21 stad-

113 1345 82 26 gandet
210 1345 84 21 derhän
309 1347 33 18 att
358 1345 30 20 all
403 1344 164 25 inskränkning
581 1343 137 22 beträffande
733 1343 56 26 ogift
799 1344 62 25 qvin-

113 1386 41 16 nas
170 1380 54 21 eller
240 1380 68 21 enkas
323 1379 103 22 habilitet
442 1379 36 20 till
493 1378 184 27 förmynderskap
693 1378 119 22 uteslutits.

186 1428 137 22 Lagutskottets
336 1426 117 20 betänkande
465 1426 38 18 N:o
515 1426 18 18 4.

891 806 12 29 s
920 807 34 20 28.
