1042 1703
295 101 77 22 Ständ.
388 101 35 23 Sv.
440 115 24 3 —
481 102 64 29 Prop.
561 102 39 23 N:o
618 101 32 24 19.
823 103 27 22 29

424 248 14 20 5
455 246 63 28 kap.

239 307 37 23 Om
291 308 126 23 vårdnaden
433 308 65 23 öfver
514 308 191 29 förmynderskap.

442 371 28 22 50
485 372 19 25 8.

162 421 276 28 Förmyndarenämnden
452 421 42 22 har
508 424 35 19 att
557 423 102 20 närmast
669 421 60 22 vaka
739 421 66 22 öfver
816 423 34 19 att

93 455 28 21 de
136 455 74 22 under
226 455 133 22 densamma
374 455 101 28 lydande
490 455 147 28 förmyndare
645 455 128 28 behörigen
780 455 70 21 vårda

93 490 37 28 sig
145 497 37 14 om
198 489 28 21 de
242 489 125 28 omyndige
382 490 43 21 och
441 489 64 22 deras
521 489 120 29 egendom.
660 489 122 22 Erfordras
798 489 52 22 med

92 524 96 21 hänsikt
202 524 37 21 till
255 523 133 22 vårdnaden
403 524 66 21 öfver
484 524 192 29 förmynderskap
697 524 86 28 åtgärd,
799 530 50 14 som

93 559 13 20 å
128 557 100 23 domstol
250 559 140 26 ankommer,
414 558 59 21 skall
491 558 117 22 nämnden
623 558 79 21 därom
717 558 41 22 hos
773 560 77 19 rätten

92 593 101 26 anmäla;
210 592 58 23 dock
283 600 42 21 ege
340 594 77 20 rätten
435 593 64 21 makt
517 595 35 19 att
567 592 69 22 äfven
650 595 57 19 utan
721 592 128 22 nämndens

92 627 173 28 framställning
279 627 94 28 vidtaga
388 627 73 21 sådan
476 627 87 28 åtgärd.

161 661 175 27 Förmyndaren
358 668 54 14 vare
434 661 86 28 pliktig
543 663 34 19 att
600 668 37 14 om
652 661 38 20 sin
704 660 146 28 förvaltning

93 695 105 21 meddela
213 695 28 21 de
256 694 168 30 upplysningar
438 695 116 21 nämnden
569 695 46 21 kan
631 694 25 22 af
668 694 85 22 honom
769 694 62 22 äska.

441 792 26 21 51
484 793 20 26 8.

162 842 164 30 Förmyndare,
342 850 50 14 som
406 842 42 22 har
464 842 113 30 egendom
589 844 34 20 att
631 842 106 28 förvalta,
745 846 105 25 uppgöre

92 878 38 22 för
144 878 80 29 hvarje
240 877 135 22 kalenderår
389 878 100 28 räkning
505 877 64 22 öfver
579 877 174 29 förvaltningen
765 878 43 21 och
815 878 35 20 in-

93 912 65 29 gifve
172 912 50 22 före
238 912 45 22 den
299 914 10 20 1
318 912 68 28 April
401 912 103 30 följande
519 912 24 22 år
558 912 131 28 räkningen
699 912 38 21 till
747 912 103 28 förmyn-

93 946 177 22 darenämnden.
300 946 66 22 Dock
382 947 42 27 må,
444 946 40 22 där
502 946 215 29 förmynderskapet
739 946 111 22 tillträdts

92 981 74 21 under
181 982 59 20 årets
256 988 80 14 senare
351 981 67 27 hälft,
434 981 37 21 för
486 980 132 22 återstoden
633 980 26 22 af
670 981 49 21 året
732 980 117 22 redovisas

92 1016 9 21 i
116 1015 166 28 sammanhang
297 1014 53 22 med
364 1017 68 19 nästa
446 1016 36 20 års
498 1015 106 28 räkning.

162 1044 34 27 Är
210 1049 175 28 förvaltningen
401 1049 25 22 af
439 1049 67 28 ringa
521 1049 101 28 omfång,
637 1049 37 20 må
687 1050 82 25 rätten,
779 1049 71 21 sedan

93 1084 73 21 första
187 1083 129 28 räkningen
338 1083 127 28 aflemnats,
488 1084 30 27 på
539 1083 177 28 förmyndarens
741 1083 109 21 anhållan

93 1118 57 21 eller
158 1117 278 28 förmyndarenämndens
446 1117 179 29 framställning,
634 1117 80 22 kunna
723 1117 127 22 bestämma

93 1153 81 28 längre
190 1152 105 29 tidrymd
310 1152 36 22 för
360 1152 103 28 följande
478 1153 134 28 räkningar,
628 1152 59 21 dock
702 1152 20 28 ej
735 1152 66 21 öfver
815 1154 35 19 tre

94 1187 34 26 år;
144 1186 44 22 och
203 1186 61 28 gälle
279 1186 45 22 den
339 1186 147 29 bestämning
501 1186 37 22 till
553 1186 51 21 dess
619 1187 77 20 rätten
706 1185 145 22 annorlunda

94 1221 128 21 förordnar.

443 1284 27 20 52
486 1285 19 25 8.

162 1328 34 26 Är
212 1333 122 29 omyndigs
349 1333 71 27 fader,
435 1334 79 20 moder
529 1333 56 21 eller
599 1332 66 22 make
681 1332 52 22 dess
748 1333 103 28 förmyn-

95 1367 59 27 dare,
178 1367 38 21 mä
238 1367 46 21 den
298 1367 9 21 i
322 1368 26 21 51
365 1368 12 25 $
392 1367 101 21 nämnda
514 1366 101 28 räkning
636 1365 115 22 innefatta
769 1365 82 22 endast

95 1401 71 22 sådan
181 1400 115 23 öfversikt
312 1400 64 23 öfver
392 1400 181 29 förvaltningen,
585 1402 34 19 att
634 1399 65 23 boets
713 1399 138 29 förändring
