1061 1725
209 126 14 18 2
432 122 30 23 U.
476 123 70 21 B.
521 118 18 36 —
561 122 73 28 Prop.
648 124 43 22 N:o
705 123 35 23 12.

209 187 93 27 lämpats
323 186 55 23 efter
397 187 41 22 den
453 188 136 28 omfattning,
604 189 85 21 landets
706 189 202 28 strafflagstiftning
925 197 38 15 nu-

212 227 59 16 mera
293 221 65 27 gifvit
380 221 120 28 begreppet
521 222 133 28 yvälfrejdad
674 226 95 24 person",
785 223 67 27 jemte
870 224 37 22 det
921 224 41 22 den

211 257 51 25 rätt,
278 262 44 15 som
338 255 7 21 i
360 255 131 22 förstnämdt
506 256 100 22 afseende
616 256 122 22 tillkommit
748 257 68 21 under
822 263 83 16 annans
915 258 47 22 hus-

210 290 135 23 bondevälde
359 290 90 22 stående
464 297 82 22 person,
562 290 74 23 blifvit
650 293 98 20 närmare
763 291 97 23 bestämd
874 306 27 3 —
910 295 52 19 mot-

208 325 108 22 svarande
331 325 136 27 stadganden
482 325 8 22 i
504 325 152 28 förordningen
672 326 113 28 angäende
799 327 162 22 kommunalför-

211 359 101 28 valtning
327 359 8 22 i
349 359 50 22 stad
414 359 25 22 af
452 360 41 22 den
508 363 13 19 8
536 360 118 22 December
670 362 53 20 1873
734 362 61 27 synts
805 361 52 22 böra
865 361 95 28 undergä

212 395 114 21 enahanda
342 394 92 28 ändring
449 395 34 21 för
493 397 34 20 att
536 395 84 22 komma
629 395 8 22 i
648 395 108 22 önskvärd
766 395 137 23 konformitet
913 397 48 22 med

209 429 158 22 ofvanberörda
384 428 131 23 förändrade
529 429 167 28 bestämningar,
711 430 57 22 helst
783 430 27 23 de
824 430 8 22 i
846 431 34 22 sin
893 437 66 16 nuva-

212 463 67 23 rande
291 463 119 28 affattning
420 463 137 23 beträffande
568 465 41 21 den
619 465 135 21 kommunala
763 467 119 20 rösträtten
889 465 72 23 kunde

208 499 73 22 tilläta
295 505 27 15 en
337 498 106 28 tolkning,
459 499 139 28 hvarigenom
614 499 70 22 denna
698 501 46 20 rätt
758 499 8 22 i
775 499 50 22 stad
834 499 71 23 blefve
915 507 45 15 mer

206 533 114 22 inskränkt
336 535 28 20 än
378 533 28 28 pä
421 533 80 22 landet.

275 568 33 22 De
323 567 125 29 ändringar,
463 568 75 22 hvilka
553 568 41 22 den
610 567 81 29 nädiga
705 568 158 28 propositionen
877 569 38 22 vid
924 569 35 22 sä-

207 603 53 21 dant
274 602 136 23 förhållande
424 602 93 23 föreslår
531 603 7 21 i
554 604 27 26 $8
598 604 25 20 10
639 603 39 21 och
692 605 27 19 28
730 602 25 22 af
762 602 153 29 förordningen
925 610 33 15 om

207 637 254 28 kommunalförvaltning
482 637 7 22 i
512 638 55 27 stad,
587 637 69 22 finner
676 637 114 23 Utskottet
805 644 53 16 vara
873 638 24 22 af
910 638 26 22 de
951 639 7 21 i

208 672 158 28 propositionen
381 672 130 22 framhällna
526 672 47 22 skäl
589 672 49 22 fullt
652 672 138 27 motiverade,
805 672 100 23 hvarföre
919 673 40 23 Ut-

205 708 84 21 skottet
311 713 63 16 anser
396 706 158 28 propositionen
577 707 53 22 böra
651 707 9 21 i
680 706 123 23 hufvudsak
824 707 133 28 godkännas.

205 742 51 22 Men
274 742 38 22 vid
331 742 161 27 granskningen
513 740 24 23 af
552 742 38 21 det
604 742 7 21 i
626 741 82 27 nädiga
722 741 158 27 propositionen
895 748 34 16 n:o
944 744 12 19 6

205 776 121 28 framlagda
348 775 106 29 förslaget
476 776 34 22 till
527 782 28 21 ny
570 772 251 31 kommunalförfattning
835 775 34 23 för
884 776 73 22 landet

205 811 41 21 har
268 810 114 22 Utskottet
402 810 134 22 beträffande
559 810 26 29 $$
603 812 12 20 9
634 810 40 21 och
694 812 25 20 13
739 810 105 26 anmärkt,
860 812 34 20 att
909 810 47 22 de
944 806 16 37 i

205 845 69 28 sagda
293 846 28 27 $$
340 845 128 28 begagnade
487 844 113 29 uttrycken
617 844 60 27 ,icke
691 844 117 22 förklarats
823 844 134 29 medborger-

204 880 41 27 ligt
267 879 124 22 förtroende
413 879 114 28 förlustig"
551 879 39 22 och
615 885 57 20 ,som
686 879 117 22 förklarats
818 879 90 28 ovärdig
922 882 34 19 att

206 915 83 28 nyttjas
304 914 8 22 i
326 914 85 22 landets
426 915 87 27 tjenst*,
529 914 74 22 hvilka
618 913 87 28 uttryck
720 914 117 22 återfinnas
847 913 8 22 i
864 921 29 15 nu
900 914 55 22 före-

205 949 104 28 liggande
323 949 81 27 nådiga
420 948 138 28 proposition,
574 948 101 28 möjligen
688 948 71 23 kunde
769 948 80 22 förstås
858 949 96 27 sålunda,

204 985 34 20 att
252 989 27 16 en
294 989 82 22 person,
391 983 88 25 hvilken
494 989 27 16 en
535 983 60 28 gång
607 983 152 22 underkastats
774 982 145 29 straffpåföljd
932 983 26 22 af

204 1018 80 27 antydt
298 1018 55 27 slag,
367 1023 52 16 vore
433 1017 101 28 förlustig
548 1019 92 20 rösträtt
654 1023 55 21 resp.
724 1017 114 22 valbarhet
852 1017 64 22 äfven
926 1017 29 22 ef-

202 1054 35 20 ter
254 1052 37 21 det
310 1052 70 21 denna
396 1051 86 28 påföljd
496 1052 101 27 upphört;
612 1051 147 22 hvarförutom
774 1051 117 28 ordalagen
907 1058 48 21 ,en-

203 1086 42 28 ligt
269 1086 140 22 härförinnan
432 1086 100 27 gällande
557 1085 135 27 stadganden
717 1091 63 16 anses
804 1085 149 28 vanfräjdad",

204 1120 75 22 hvilka
291 1120 81 27 jemväl
387 1119 53 28 ingå
455 1120 8 21 i
477 1120 107 21 hvardera
599 1119 24 22 af
635 1125 29 16 nu
677 1119 169 27 ifrågavarande
861 1120 92 27 proposi-

202 1154 77 28 tioner,
296 1154 105 22 likaledes
420 1154 73 22 kunde
510 1154 112 22 föranleda
636 1153 160 27 missförstånd;
811 1154 39 22 och
866 1154 87 22 emedan

201 1189 114 22 Utskottet
330 1188 25 22 af
368 1188 71 22 denna
453 1188 117 28 anledning
583 1188 113 28 föreslagit
706 1188 66 27 nödig
782 1187 172 28 omformulering

202 1223 27 22 af
248 1222 122 27 åberopade
392 1222 26 29 88
441 1222 24 22 af
481 1221 274 28 kommunalförordningen
773 1221 33 23 för
821 1222 79 28 landet,
918 1222 36 22 får

202 1257 114 21 Utskottet
330 1263 29 14 nu
374 1257 111 25 tillstyrka
499 1256 113 22 enahanda
626 1256 93 26 ändring
733 1256 25 21 af
770 1256 96 26 lydelsen
879 1256 8 21 i
899 1256 54 22 före-

203 1290 96 22 varande
314 1290 232 27 författningsförslag,
562 1289 118 27 hvarjemte
694 1288 67 22 slutet
775 1289 25 21 af
812 1288 12 29 8
840 1291 26 20 28
877 1296 75 20 genom

203 1323 140 29 inskjutande
365 1324 24 22 af
409 1324 62 22 ordet
493 1323 103 28 ,allmän*
615 1323 90 21 framför
726 1323 150 28 ,myndighet*
891 1324 62 21 torde

202 1359 53 21 böra
269 1358 89 28 bringas
373 1358 8 22 i
396 1357 219 23 öfverensstämmelse
630 1357 48 23 med
688 1357 150 23 motsvarande
847 1358 105 28 uttrycks-

201 1394 44 21 sätt
261 1393 7 22 i
283 1392 141 28 Straftlagen.

270 1432 205 19 Kommunalutskottets
487 1432 110 19 betänkande
608 1431 34 20 N:o
654 1432 18 19 2.
