<?xml version="1.0" encoding="UTF-8"?>
<alto xmlns="http://www.loc.gov/standards/alto/ns-v3#" xmlns:xlink="http://www.w3.org/1999/xlink" xmlns:xsi="http://www.w3.org/2001/XMLSchema-instance" xsi:schemaLocation="http://www.loc.gov/standards/alto/ns-v3# http://www.loc.gov/alto/v3/alto-3-0.xsd">
	<Description>
		<MeasurementUnit>pixel</MeasurementUnit>
		<sourceImageInformation>
			<fileName>/tmp/tess_1x2qjekj_input.PNG</fileName>
		</sourceImageInformation>
		<OCRProcessing ID="OCR_0">
			<ocrProcessingStep>
				<processingSoftware>
					<softwareName>tesseract 5.3.4</softwareName>
				</processingSoftware>
			</ocrProcessingStep>
		</OCRProcessing>
	</Description>
	<Layout>
		<Page WIDTH="1053" HEIGHT="1709" PHYSICAL_IMG_NR="0" ID="page_0">
			<PrintSpace HPOS="0" VPOS="0" WIDTH="1053" HEIGHT="1709">
				<ComposedBlock ID="cblock_0" HPOS="440" VPOS="101" WIDTH="391" HEIGHT="23">
					<TextBlock ID="block_0" HPOS="440" VPOS="101" WIDTH="391" HEIGHT="23">
						<TextLine ID="line_0" HPOS="440" VPOS="101" WIDTH="391" HEIGHT="23">
							<String ID="string_0" HPOS="440" VPOS="103" WIDTH="40" HEIGHT="21" WC="0.96" CONTENT="N:o"/><SP WIDTH="18" VPOS="103" HPOS="480"/>
							<String ID="string_1" HPOS="498" VPOS="104" WIDTH="32" HEIGHT="20" WC="0.96" CONTENT="18."/><SP WIDTH="290" VPOS="104" HPOS="530"/>
							<String ID="string_2" HPOS="820" VPOS="101" WIDTH="11" HEIGHT="21" WC="0.96" CONTENT="7"/>
						</TextLine>
					</TextBlock>
				</ComposedBlock>
				<ComposedBlock ID="cblock_1" HPOS="110" VPOS="169" WIDTH="751" HEIGHT="126">
					<TextBlock ID="block_1" HPOS="110" VPOS="169" WIDTH="751" HEIGHT="126">
						<TextLine ID="line_1" HPOS="110" VPOS="169" WIDTH="751" HEIGHT="29">
							<String ID="string_3" HPOS="110" VPOS="170" WIDTH="24" HEIGHT="22" WC="0.96" CONTENT="af"/><SP WIDTH="13" VPOS="170" HPOS="134"/>
							<String ID="string_4" HPOS="147" VPOS="172" WIDTH="74" HEIGHT="26" WC="0.93" CONTENT="patent"/><SP WIDTH="16" VPOS="172" HPOS="221"/>
							<String ID="string_5" HPOS="237" VPOS="171" WIDTH="12" HEIGHT="21" WC="0.91" CONTENT="å"/><SP WIDTH="14" VPOS="171" HPOS="249"/>
							<String ID="string_6" HPOS="263" VPOS="170" WIDTH="158" HEIGHT="28" WC="0.95" CONTENT="uppfinningen,"/><SP WIDTH="16" VPOS="170" HPOS="421"/>
							<String ID="string_7" HPOS="437" VPOS="170" WIDTH="47" HEIGHT="22" WC="0.96" CONTENT="ifall"/><SP WIDTH="14" VPOS="170" HPOS="484"/>
							<String ID="string_8" HPOS="498" VPOS="171" WIDTH="100" HEIGHT="21" WC="0.96" CONTENT="anmälan"/><SP WIDTH="16" VPOS="171" HPOS="598"/>
							<String ID="string_9" HPOS="614" VPOS="176" WIDTH="34" HEIGHT="16" WC="0.92" CONTENT="om"/><SP WIDTH="16" VPOS="176" HPOS="648"/>
							<String ID="string_10" HPOS="664" VPOS="170" WIDTH="150" HEIGHT="25" WC="0.92" CONTENT="förevisandet,"/><SP WIDTH="15" VPOS="170" HPOS="814"/>
							<String ID="string_11" HPOS="829" VPOS="169" WIDTH="32" HEIGHT="22" WC="0.91" CONTENT="in-"/>
						</TextLine>
						<TextLine ID="line_2" HPOS="111" VPOS="203" WIDTH="750" HEIGHT="29">
							<String ID="string_12" HPOS="111" VPOS="212" WIDTH="41" HEIGHT="15" WC="0.95" CONTENT="nan"/><SP WIDTH="25" VPOS="212" HPOS="152"/>
							<String ID="string_13" HPOS="177" VPOS="206" WIDTH="117" HEIGHT="20" WC="0.95" CONTENT="detsamma"/><SP WIDTH="17" VPOS="206" HPOS="294"/>
							<String ID="string_14" HPOS="311" VPOS="211" WIDTH="50" HEIGHT="21" WC="0.96" CONTENT="eger"/><SP WIDTH="19" VPOS="211" HPOS="361"/>
							<String ID="string_15" HPOS="380" VPOS="211" WIDTH="54" HEIGHT="21" WC="0.96" CONTENT="rum,"/><SP WIDTH="15" VPOS="211" HPOS="434"/>
							<String ID="string_16" HPOS="449" VPOS="207" WIDTH="63" HEIGHT="25" WC="0.96" CONTENT="göres"/><SP WIDTH="15" VPOS="207" HPOS="512"/>
							<String ID="string_17" HPOS="527" VPOS="205" WIDTH="39" HEIGHT="21" WC="0.93" CONTENT="hos"/><SP WIDTH="14" VPOS="205" HPOS="566"/>
							<String ID="string_18" HPOS="580" VPOS="204" WIDTH="226" HEIGHT="28" WC="0.92" CONTENT="patentmyndigheten"/><SP WIDTH="16" VPOS="204" HPOS="806"/>
							<String ID="string_19" HPOS="822" VPOS="203" WIDTH="39" HEIGHT="22" WC="0.96" CONTENT="här"/>
						</TextLine>
						<TextLine ID="line_3" HPOS="110" VPOS="238" WIDTH="751" HEIGHT="28">
							<String ID="string_20" HPOS="110" VPOS="240" WIDTH="7" HEIGHT="20" WC="0.96" CONTENT="i"/><SP WIDTH="16" VPOS="240" HPOS="117"/>
							<String ID="string_21" HPOS="133" VPOS="240" WIDTH="73" HEIGHT="21" WC="0.96" CONTENT="landet"/><SP WIDTH="15" VPOS="240" HPOS="206"/>
							<String ID="string_22" HPOS="221" VPOS="241" WIDTH="57" HEIGHT="19" WC="0.96" CONTENT="samt"/><SP WIDTH="15" VPOS="241" HPOS="278"/>
							<String ID="string_23" HPOS="293" VPOS="239" WIDTH="94" HEIGHT="22" WC="0.96" CONTENT="ansökan"/><SP WIDTH="16" VPOS="239" HPOS="387"/>
							<String ID="string_24" HPOS="403" VPOS="245" WIDTH="35" HEIGHT="15" WC="0.96" CONTENT="om"/><SP WIDTH="15" VPOS="245" HPOS="438"/>
							<String ID="string_25" HPOS="453" VPOS="241" WIDTH="75" HEIGHT="25" WC="0.96" CONTENT="patent"/><SP WIDTH="16" VPOS="241" HPOS="528"/>
							<String ID="string_26" HPOS="544" VPOS="239" WIDTH="121" HEIGHT="21" WC="0.96" CONTENT="sedermera"/><SP WIDTH="10" VPOS="239" HPOS="665"/>
							<String ID="string_27" HPOS="675" VPOS="239" WIDTH="118" HEIGHT="21" WC="0.96" CONTENT="inkommer"/><SP WIDTH="10" VPOS="239" HPOS="793"/>
							<String ID="string_28" HPOS="803" VPOS="238" WIDTH="58" HEIGHT="22" WC="0.96" CONTENT="inom"/>
						</TextLine>
						<TextLine ID="line_4" HPOS="110" VPOS="273" WIDTH="427" HEIGHT="22">
							<String ID="string_29" HPOS="110" VPOS="279" WIDTH="37" HEIGHT="16" WC="0.96" CONTENT="sex"/><SP WIDTH="15" VPOS="279" HPOS="147"/>
							<String ID="string_30" HPOS="162" VPOS="273" WIDTH="103" HEIGHT="21" WC="0.96" CONTENT="månader"/><SP WIDTH="15" VPOS="273" HPOS="265"/>
							<String ID="string_31" HPOS="280" VPOS="273" WIDTH="55" HEIGHT="21" WC="0.96" CONTENT="efter"/><SP WIDTH="14" VPOS="273" HPOS="335"/>
							<String ID="string_32" HPOS="349" VPOS="273" WIDTH="67" HEIGHT="21" WC="0.95" CONTENT="sådan"/><SP WIDTH="16" VPOS="273" HPOS="416"/>
							<String ID="string_33" HPOS="432" VPOS="274" WIDTH="105" HEIGHT="20" WC="0.96" CONTENT="anmälan."/>
						</TextLine>
					</TextBlock>
				</ComposedBlock>
				<ComposedBlock ID="cblock_2" HPOS="109" VPOS="336" WIDTH="753" HEIGHT="377">
					<TextBlock ID="block_2" HPOS="460" VPOS="336" WIDTH="48" HEIGHT="28">
						<TextLine ID="line_5" HPOS="460" VPOS="336" WIDTH="48" HEIGHT="28">
							<String ID="string_34" HPOS="460" VPOS="336" WIDTH="13" HEIGHT="21" WC="0.70" CONTENT="3"/><SP WIDTH="16" VPOS="336" HPOS="473"/>
							<String ID="string_35" HPOS="489" VPOS="336" WIDTH="19" HEIGHT="28" WC="0.70" CONTENT="8."/>
						</TextLine>
					</TextBlock>
					<TextBlock ID="block_3" HPOS="109" VPOS="375" WIDTH="751" HEIGHT="57">
						<TextLine ID="line_6" HPOS="177" VPOS="375" WIDTH="683" HEIGHT="28">
							<String ID="string_36" HPOS="177" VPOS="376" WIDTH="125" HEIGHT="27" WC="0.92" CONTENT="Berättigad"/><SP WIDTH="16" VPOS="376" HPOS="302"/>
							<String ID="string_37" HPOS="318" VPOS="378" WIDTH="32" HEIGHT="19" WC="0.96" CONTENT="att"/><SP WIDTH="15" VPOS="378" HPOS="350"/>
							<String ID="string_38" HPOS="365" VPOS="376" WIDTH="82" HEIGHT="22" WC="0.96" CONTENT="erhålla"/><SP WIDTH="15" VPOS="376" HPOS="447"/>
							<String ID="string_39" HPOS="462" VPOS="377" WIDTH="76" HEIGHT="26" WC="0.96" CONTENT="patent"/><SP WIDTH="15" VPOS="377" HPOS="538"/>
							<String ID="string_40" HPOS="553" VPOS="382" WIDTH="49" HEIGHT="15" WC="0.96" CONTENT="vare"/><SP WIDTH="16" VPOS="382" HPOS="602"/>
							<String ID="string_41" HPOS="618" VPOS="376" WIDTH="75" HEIGHT="21" WC="0.92" CONTENT="endast"/><SP WIDTH="15" VPOS="376" HPOS="693"/>
							<String ID="string_42" HPOS="708" VPOS="375" WIDTH="152" HEIGHT="28" WC="0.91" CONTENT="upppfinnaren"/>
						</TextLine>
						<TextLine ID="line_7" HPOS="109" VPOS="410" WIDTH="333" HEIGHT="22">
							<String ID="string_43" HPOS="109" VPOS="410" WIDTH="52" HEIGHT="21" WC="0.96" CONTENT="eller"/><SP WIDTH="15" VPOS="410" HPOS="161"/>
							<String ID="string_44" HPOS="176" VPOS="410" WIDTH="53" HEIGHT="21" WC="0.93" CONTENT="hans"/><SP WIDTH="15" VPOS="410" HPOS="229"/>
							<String ID="string_45" HPOS="244" VPOS="410" WIDTH="198" HEIGHT="22" WC="0.92" CONTENT="rättsinnehafvare."/>
						</TextLine>
					</TextBlock>
					<TextBlock ID="block_4" HPOS="110" VPOS="444" WIDTH="751" HEIGHT="96">
						<TextLine ID="line_8" HPOS="177" VPOS="444" WIDTH="684" HEIGHT="28">
							<String ID="string_46" HPOS="177" VPOS="444" WIDTH="40" HEIGHT="22" WC="0.96" CONTENT="Till"/><SP WIDTH="24" VPOS="444" HPOS="217"/>
							<String ID="string_47" HPOS="241" VPOS="444" WIDTH="122" HEIGHT="22" WC="0.96" CONTENT="erhållande"/><SP WIDTH="22" VPOS="444" HPOS="363"/>
							<String ID="string_48" HPOS="385" VPOS="445" WIDTH="24" HEIGHT="21" WC="0.96" CONTENT="af"/><SP WIDTH="16" VPOS="445" HPOS="409"/>
							<String ID="string_49" HPOS="425" VPOS="447" WIDTH="74" HEIGHT="24" WC="0.93" CONTENT="patent"/><SP WIDTH="15" VPOS="447" HPOS="499"/>
							<String ID="string_50" HPOS="514" VPOS="444" WIDTH="13" HEIGHT="22" WC="0.93" CONTENT="å"/><SP WIDTH="14" VPOS="444" HPOS="527"/>
							<String ID="string_51" HPOS="541" VPOS="444" WIDTH="128" HEIGHT="28" WC="0.96" CONTENT="uppfinning,"/><SP WIDTH="16" VPOS="444" HPOS="669"/>
							<String ID="string_52" HPOS="685" VPOS="450" WIDTH="46" HEIGHT="16" WC="0.96" CONTENT="som"/><SP WIDTH="15" VPOS="450" HPOS="731"/>
							<String ID="string_53" HPOS="746" VPOS="444" WIDTH="51" HEIGHT="22" WC="0.93" CONTENT="flere"/><SP WIDTH="15" VPOS="444" HPOS="797"/>
							<String ID="string_54" HPOS="812" VPOS="444" WIDTH="49" HEIGHT="22" WC="0.91" CONTENT="obe-"/>
						</TextLine>
						<TextLine ID="line_9" HPOS="110" VPOS="478" WIDTH="751" HEIGHT="28">
							<String ID="string_55" HPOS="110" VPOS="479" WIDTH="79" HEIGHT="21" WC="0.96" CONTENT="roende"/><SP WIDTH="19" VPOS="479" HPOS="189"/>
							<String ID="string_56" HPOS="208" VPOS="479" WIDTH="22" HEIGHT="21" WC="0.96" CONTENT="af"/><SP WIDTH="13" VPOS="479" HPOS="230"/>
							<String ID="string_57" HPOS="243" VPOS="479" WIDTH="122" HEIGHT="21" WC="0.96" CONTENT="hvarandra"/><SP WIDTH="14" VPOS="479" HPOS="365"/>
							<String ID="string_58" HPOS="379" VPOS="479" WIDTH="63" HEIGHT="27" WC="0.93" CONTENT="gjort,"/><SP WIDTH="16" VPOS="479" HPOS="442"/>
							<String ID="string_59" HPOS="458" VPOS="478" WIDTH="62" HEIGHT="22" WC="0.92" CONTENT="hafve"/><SP WIDTH="16" VPOS="478" HPOS="520"/>
							<String ID="string_60" HPOS="536" VPOS="479" WIDTH="41" HEIGHT="21" WC="0.96" CONTENT="den"/><SP WIDTH="15" VPOS="479" HPOS="577"/>
							<String ID="string_61" HPOS="592" VPOS="478" WIDTH="114" HEIGHT="27" WC="0.96" CONTENT="företräde,"/><SP WIDTH="16" VPOS="478" HPOS="706"/>
							<String ID="string_62" HPOS="722" VPOS="484" WIDTH="47" HEIGHT="16" WC="0.96" CONTENT="som"/><SP WIDTH="16" VPOS="484" HPOS="769"/>
							<String ID="string_63" HPOS="785" VPOS="478" WIDTH="54" HEIGHT="22" WC="0.96" CONTENT="först"/><SP WIDTH="15" VPOS="478" HPOS="839"/>
							<String ID="string_64" HPOS="854" VPOS="478" WIDTH="7" HEIGHT="22" WC="0.96" CONTENT="i"/>
						</TextLine>
						<TextLine ID="line_10" HPOS="111" VPOS="512" WIDTH="396" HEIGHT="28">
							<String ID="string_65" HPOS="111" VPOS="512" WIDTH="89" HEIGHT="28" WC="0.96" CONTENT="stadgad"/><SP WIDTH="16" VPOS="512" HPOS="200"/>
							<String ID="string_66" HPOS="216" VPOS="513" WIDTH="90" HEIGHT="27" WC="0.96" CONTENT="ordning"/><SP WIDTH="15" VPOS="513" HPOS="306"/>
							<String ID="string_67" HPOS="321" VPOS="514" WIDTH="73" HEIGHT="20" WC="0.96" CONTENT="derom"/><SP WIDTH="16" VPOS="514" HPOS="394"/>
							<String ID="string_68" HPOS="410" VPOS="514" WIDTH="97" HEIGHT="20" WC="0.96" CONTENT="ansöker."/>
						</TextLine>
					</TextBlock>
					<TextBlock ID="block_5" HPOS="109" VPOS="547" WIDTH="753" HEIGHT="166">
						<TextLine ID="line_11" HPOS="176" VPOS="547" WIDTH="686" HEIGHT="28">
							<String ID="string_69" HPOS="176" VPOS="548" WIDTH="46" HEIGHT="21" WC="0.96" CONTENT="Har"/><SP WIDTH="17" VPOS="548" HPOS="222"/>
							<String ID="string_70" HPOS="239" VPOS="548" WIDTH="35" HEIGHT="21" WC="0.96" CONTENT="vid"/><SP WIDTH="15" VPOS="548" HPOS="274"/>
							<String ID="string_71" HPOS="289" VPOS="554" WIDTH="80" HEIGHT="15" WC="0.96" CONTENT="annans"/><SP WIDTH="16" VPOS="554" HPOS="369"/>
							<String ID="string_72" HPOS="385" VPOS="548" WIDTH="80" HEIGHT="22" WC="0.93" CONTENT="rörelse"/><SP WIDTH="16" VPOS="548" HPOS="465"/>
							<String ID="string_73" HPOS="481" VPOS="548" WIDTH="85" HEIGHT="22" WC="0.91" CONTENT="anstäld"/><SP WIDTH="14" VPOS="548" HPOS="566"/>
							<String ID="string_74" HPOS="580" VPOS="554" WIDTH="78" HEIGHT="20" WC="0.96" CONTENT="person"/><SP WIDTH="14" VPOS="554" HPOS="658"/>
							<String ID="string_75" HPOS="672" VPOS="548" WIDTH="58" HEIGHT="27" WC="0.96" CONTENT="gjort"/><SP WIDTH="10" VPOS="548" HPOS="730"/>
							<String ID="string_76" HPOS="740" VPOS="547" WIDTH="122" HEIGHT="27" WC="0.95" CONTENT="uppfinning"/>
						</TextLine>
						<TextLine ID="line_12" HPOS="110" VPOS="582" WIDTH="751" HEIGHT="28">
							<String ID="string_77" HPOS="110" VPOS="582" WIDTH="28" HEIGHT="27" WC="0.91" CONTENT="på"/><SP WIDTH="22" VPOS="582" HPOS="138"/>
							<String ID="string_78" HPOS="160" VPOS="582" WIDTH="179" HEIGHT="27" WC="0.91" CONTENT="arbetsgifvarens"/><SP WIDTH="22" VPOS="582" HPOS="339"/>
							<String ID="string_79" HPOS="361" VPOS="582" WIDTH="102" HEIGHT="28" WC="0.96" CONTENT="uppdrag,"/><SP WIDTH="24" VPOS="582" HPOS="463"/>
							<String ID="string_80" HPOS="487" VPOS="582" WIDTH="53" HEIGHT="22" WC="0.96" CONTENT="eller"/><SP WIDTH="18" VPOS="582" HPOS="540"/>
							<String ID="string_81" HPOS="558" VPOS="582" WIDTH="129" HEIGHT="28" WC="0.96" CONTENT="uppfinning,"/><SP WIDTH="15" VPOS="582" HPOS="687"/>
							<String ID="string_82" HPOS="702" VPOS="588" WIDTH="46" HEIGHT="15" WC="0.91" CONTENT="som"/><SP WIDTH="16" VPOS="588" HPOS="748"/>
							<String ID="string_83" HPOS="764" VPOS="582" WIDTH="50" HEIGHT="26" WC="0.90" CONTENT="eljes"/><SP WIDTH="15" VPOS="582" HPOS="814"/>
							<String ID="string_84" HPOS="829" VPOS="582" WIDTH="32" HEIGHT="21" WC="0.96" CONTENT="till"/>
						</TextLine>
						<TextLine ID="line_13" HPOS="109" VPOS="616" WIDTH="752" HEIGHT="28">
							<String ID="string_85" HPOS="109" VPOS="616" WIDTH="53" HEIGHT="28" WC="0.96" CONTENT="följd"/><SP WIDTH="24" VPOS="616" HPOS="162"/>
							<String ID="string_86" HPOS="186" VPOS="617" WIDTH="24" HEIGHT="21" WC="0.93" CONTENT="af"/><SP WIDTH="20" VPOS="617" HPOS="210"/>
							<String ID="string_87" HPOS="230" VPOS="616" WIDTH="220" HEIGHT="28" WC="0.92" CONTENT="tjensteförhållandet"/><SP WIDTH="22" VPOS="616" HPOS="450"/>
							<String ID="string_88" HPOS="472" VPOS="616" WIDTH="68" HEIGHT="22" WC="0.95" CONTENT="måste"/><SP WIDTH="23" VPOS="616" HPOS="540"/>
							<String ID="string_89" HPOS="563" VPOS="622" WIDTH="62" HEIGHT="16" WC="0.95" CONTENT="anses"/><SP WIDTH="19" VPOS="622" HPOS="625"/>
							<String ID="string_90" HPOS="644" VPOS="616" WIDTH="121" HEIGHT="22" WC="0.93" CONTENT="tillkomma"/><SP WIDTH="15" VPOS="616" HPOS="765"/>
							<String ID="string_91" HPOS="780" VPOS="616" WIDTH="81" HEIGHT="22" WC="0.92" CONTENT="arbets-"/>
						</TextLine>
						<TextLine ID="line_14" HPOS="109" VPOS="650" WIDTH="752" HEIGHT="29">
							<String ID="string_92" HPOS="109" VPOS="651" WIDTH="103" HEIGHT="28" WC="0.89" CONTENT="gifvaren,"/><SP WIDTH="16" VPOS="651" HPOS="212"/>
							<String ID="string_93" HPOS="228" VPOS="652" WIDTH="62" HEIGHT="21" WC="0.92" CONTENT="hafve"/><SP WIDTH="16" VPOS="652" HPOS="290"/>
							<String ID="string_94" HPOS="306" VPOS="652" WIDTH="76" HEIGHT="22" WC="0.95" CONTENT="endast"/><SP WIDTH="15" VPOS="652" HPOS="382"/>
							<String ID="string_95" HPOS="397" VPOS="652" WIDTH="40" HEIGHT="20" WC="0.96" CONTENT="den"/><SP WIDTH="16" VPOS="652" HPOS="437"/>
							<String ID="string_96" HPOS="453" VPOS="651" WIDTH="131" HEIGHT="22" WC="0.96" CONTENT="sistnämnde"/><SP WIDTH="15" VPOS="651" HPOS="584"/>
							<String ID="string_97" HPOS="599" VPOS="653" WIDTH="44" HEIGHT="19" WC="0.96" CONTENT="rätt"/><SP WIDTH="14" VPOS="653" HPOS="643"/>
							<String ID="string_98" HPOS="657" VPOS="653" WIDTH="33" HEIGHT="19" WC="0.93" CONTENT="att"/><SP WIDTH="16" VPOS="653" HPOS="690"/>
							<String ID="string_99" HPOS="706" VPOS="652" WIDTH="12" HEIGHT="20" WC="0.90" CONTENT="å"/><SP WIDTH="14" VPOS="652" HPOS="718"/>
							<String ID="string_100" HPOS="732" VPOS="650" WIDTH="68" HEIGHT="22" WC="0.93" CONTENT="sådan"/><SP WIDTH="10" VPOS="650" HPOS="800"/>
							<String ID="string_101" HPOS="810" VPOS="657" WIDTH="51" HEIGHT="21" WC="0.92" CONTENT="upp-"/>
						</TextLine>
						<TextLine ID="line_15" HPOS="110" VPOS="685" WIDTH="683" HEIGHT="28">
							<String ID="string_102" HPOS="110" VPOS="685" WIDTH="80" HEIGHT="28" WC="0.92" CONTENT="finning"/><SP WIDTH="15" VPOS="685" HPOS="190"/>
							<String ID="string_103" HPOS="205" VPOS="685" WIDTH="82" HEIGHT="23" WC="0.96" CONTENT="erhålla"/><SP WIDTH="14" VPOS="685" HPOS="287"/>
							<String ID="string_104" HPOS="301" VPOS="687" WIDTH="82" HEIGHT="26" WC="0.96" CONTENT="patent,"/><SP WIDTH="16" VPOS="687" HPOS="383"/>
							<String ID="string_105" HPOS="399" VPOS="685" WIDTH="23" HEIGHT="22" WC="0.93" CONTENT="så"/><SP WIDTH="15" VPOS="685" HPOS="422"/>
							<String ID="string_106" HPOS="437" VPOS="686" WIDTH="64" HEIGHT="22" WC="0.92" CONTENT="framt"/><SP WIDTH="16" VPOS="686" HPOS="501"/>
							<String ID="string_107" HPOS="517" VPOS="686" WIDTH="17" HEIGHT="27" WC="0.96" CONTENT="ej"/><SP WIDTH="18" VPOS="686" HPOS="534"/>
							<String ID="string_108" HPOS="552" VPOS="685" WIDTH="133" HEIGHT="22" WC="0.93" CONTENT="annorlunda"/><SP WIDTH="15" VPOS="685" HPOS="685"/>
							<String ID="string_109" HPOS="700" VPOS="685" WIDTH="93" HEIGHT="22" WC="0.91" CONTENT="aftalats."/>
						</TextLine>
					</TextBlock>
				</ComposedBlock>
				<ComposedBlock ID="cblock_3" HPOS="109" VPOS="744" WIDTH="752" HEIGHT="200">
					<TextBlock ID="block_6" HPOS="109" VPOS="744" WIDTH="752" HEIGHT="200">
						<TextLine ID="line_16" HPOS="461" VPOS="744" WIDTH="47" HEIGHT="28">
							<String ID="string_110" HPOS="461" VPOS="744" WIDTH="47" HEIGHT="28" WC="0.90" CONTENT="48."/>
						</TextLine>
						<TextLine ID="line_17" HPOS="177" VPOS="777" WIDTH="684" HEIGHT="27">
							<String ID="string_111" HPOS="177" VPOS="779" WIDTH="78" HEIGHT="21" WC="0.96" CONTENT="Patent"/><SP WIDTH="15" VPOS="779" HPOS="255"/>
							<String ID="string_112" HPOS="270" VPOS="779" WIDTH="109" HEIGHT="21" WC="0.96" CONTENT="meddelas"/><SP WIDTH="16" VPOS="779" HPOS="379"/>
							<String ID="string_113" HPOS="395" VPOS="779" WIDTH="32" HEIGHT="21" WC="0.96" CONTENT="för"/><SP WIDTH="16" VPOS="779" HPOS="427"/>
							<String ID="string_114" HPOS="443" VPOS="785" WIDTH="26" HEIGHT="15" WC="0.96" CONTENT="en"/><SP WIDTH="15" VPOS="785" HPOS="469"/>
							<String ID="string_115" HPOS="484" VPOS="779" WIDTH="31" HEIGHT="21" WC="0.96" CONTENT="tid"/><SP WIDTH="16" VPOS="779" HPOS="515"/>
							<String ID="string_116" HPOS="531" VPOS="778" WIDTH="23" HEIGHT="22" WC="0.96" CONTENT="af"/><SP WIDTH="14" VPOS="778" HPOS="554"/>
							<String ID="string_117" HPOS="568" VPOS="779" WIDTH="80" HEIGHT="21" WC="0.96" CONTENT="femton"/><SP WIDTH="16" VPOS="779" HPOS="648"/>
							<String ID="string_118" HPOS="664" VPOS="778" WIDTH="30" HEIGHT="26" WC="0.93" CONTENT="år,"/><SP WIDTH="16" VPOS="778" HPOS="694"/>
							<String ID="string_119" HPOS="710" VPOS="778" WIDTH="91" HEIGHT="22" WC="0.91" CONTENT="räknadt"/><SP WIDTH="13" VPOS="778" HPOS="801"/>
							<String ID="string_120" HPOS="814" VPOS="777" WIDTH="47" HEIGHT="22" WC="0.96" CONTENT="från"/>
						</TextLine>
						<TextLine ID="line_18" HPOS="110" VPOS="812" WIDTH="357" HEIGHT="28">
							<String ID="string_121" HPOS="110" VPOS="813" WIDTH="40" HEIGHT="22" WC="0.96" CONTENT="den"/><SP WIDTH="17" VPOS="813" HPOS="150"/>
							<String ID="string_122" HPOS="167" VPOS="813" WIDTH="47" HEIGHT="27" WC="0.94" CONTENT="dag,"/><SP WIDTH="17" VPOS="813" HPOS="214"/>
							<String ID="string_123" HPOS="231" VPOS="812" WIDTH="27" HEIGHT="22" WC="0.96" CONTENT="då"/><SP WIDTH="15" VPOS="812" HPOS="258"/>
							<String ID="string_124" HPOS="273" VPOS="815" WIDTH="74" HEIGHT="25" WC="0.96" CONTENT="patent"/><SP WIDTH="15" VPOS="815" HPOS="347"/>
							<String ID="string_125" HPOS="362" VPOS="813" WIDTH="105" HEIGHT="26" WC="0.96" CONTENT="beviljats."/>
						</TextLine>
						<TextLine ID="line_19" HPOS="176" VPOS="842" WIDTH="684" HEIGHT="32">
							<String ID="string_126" HPOS="176" VPOS="842" WIDTH="19" HEIGHT="28" WC="0.92" CONTENT="Å"/><SP WIDTH="19" VPOS="842" HPOS="195"/>
							<String ID="string_127" HPOS="214" VPOS="846" WIDTH="130" HEIGHT="28" WC="0.94" CONTENT="förbättring"/><SP WIDTH="19" VPOS="846" HPOS="344"/>
							<String ID="string_128" HPOS="363" VPOS="847" WIDTH="23" HEIGHT="22" WC="0.96" CONTENT="af"/><SP WIDTH="17" VPOS="847" HPOS="386"/>
							<String ID="string_129" HPOS="403" VPOS="846" WIDTH="58" HEIGHT="23" WC="0.96" CONTENT="förut"/><SP WIDTH="19" VPOS="846" HPOS="461"/>
							<String ID="string_130" HPOS="480" VPOS="847" WIDTH="126" HEIGHT="27" WC="0.96" CONTENT="patenterad"/><SP WIDTH="15" VPOS="847" HPOS="606"/>
							<String ID="string_131" HPOS="621" VPOS="846" WIDTH="124" HEIGHT="28" WC="0.96" CONTENT="uppfinning"/><SP WIDTH="15" VPOS="846" HPOS="745"/>
							<String ID="string_132" HPOS="760" VPOS="852" WIDTH="50" HEIGHT="16" WC="0.93" CONTENT="vare"/><SP WIDTH="15" VPOS="852" HPOS="810"/>
							<String ID="string_133" HPOS="825" VPOS="852" WIDTH="35" HEIGHT="22" WC="0.91" CONTENT="pa-"/>
						</TextLine>
						<TextLine ID="line_20" HPOS="110" VPOS="881" WIDTH="751" HEIGHT="29">
							<String ID="string_134" HPOS="110" VPOS="882" WIDTH="148" HEIGHT="22" WC="0.92" CONTENT="tenthafvaren"/><SP WIDTH="19" VPOS="882" HPOS="258"/>
							<String ID="string_135" HPOS="277" VPOS="882" WIDTH="119" HEIGHT="28" WC="0.96" CONTENT="berättigad"/><SP WIDTH="17" VPOS="882" HPOS="396"/>
							<String ID="string_136" HPOS="413" VPOS="884" WIDTH="33" HEIGHT="20" WC="0.96" CONTENT="att"/><SP WIDTH="15" VPOS="884" HPOS="446"/>
							<String ID="string_137" HPOS="461" VPOS="882" WIDTH="52" HEIGHT="22" WC="0.96" CONTENT="söka"/><SP WIDTH="15" VPOS="882" HPOS="513"/>
							<String ID="string_138" HPOS="528" VPOS="884" WIDTH="32" HEIGHT="20" WC="0.91" CONTENT="ett"/><SP WIDTH="15" VPOS="884" HPOS="560"/>
							<String ID="string_139" HPOS="575" VPOS="882" WIDTH="167" HEIGHT="27" WC="0.91" CONTENT="tilläggspatent,"/><SP WIDTH="16" VPOS="882" HPOS="742"/>
							<String ID="string_140" HPOS="758" VPOS="888" WIDTH="45" HEIGHT="15" WC="0.92" CONTENT="som"/><SP WIDTH="15" VPOS="888" HPOS="803"/>
							<String ID="string_141" HPOS="818" VPOS="881" WIDTH="43" HEIGHT="22" WC="0.90" CONTENT="till-"/>
						</TextLine>
						<TextLine ID="line_21" HPOS="109" VPOS="916" WIDTH="503" HEIGHT="28">
							<String ID="string_142" HPOS="109" VPOS="916" WIDTH="115" HEIGHT="27" WC="0.89" CONTENT="ändalöper"/><SP WIDTH="15" VPOS="916" HPOS="224"/>
							<String ID="string_143" HPOS="239" VPOS="916" WIDTH="111" HEIGHT="27" WC="0.96" CONTENT="samtidigt"/><SP WIDTH="16" VPOS="916" HPOS="350"/>
							<String ID="string_144" HPOS="366" VPOS="916" WIDTH="47" HEIGHT="22" WC="0.93" CONTENT="med"/><SP WIDTH="15" VPOS="916" HPOS="413"/>
							<String ID="string_145" HPOS="428" VPOS="916" WIDTH="184" HEIGHT="28" WC="0.91" CONTENT="hufvudpatentet."/>
						</TextLine>
					</TextBlock>
				</ComposedBlock>
				<ComposedBlock ID="cblock_4" HPOS="141" VPOS="996" WIDTH="691" HEIGHT="84">
					<TextBlock ID="block_7" HPOS="141" VPOS="996" WIDTH="691" HEIGHT="84">
						<TextLine ID="line_22" HPOS="440" VPOS="996" WIDTH="93" HEIGHT="21">
							<String ID="string_146" HPOS="440" VPOS="997" WIDTH="13" HEIGHT="20" WC="0.96" CONTENT="2"/><SP WIDTH="15" VPOS="997" HPOS="453"/>
							<String ID="string_147" HPOS="468" VPOS="996" WIDTH="65" HEIGHT="21" WC="0.96" CONTENT="KAP."/>
						</TextLine>
						<TextLine ID="line_23" HPOS="141" VPOS="1053" WIDTH="691" HEIGHT="27">
							<String ID="string_148" HPOS="141" VPOS="1054" WIDTH="36" HEIGHT="20" WC="0.93" CONTENT="Om"/><SP WIDTH="16" VPOS="1054" HPOS="177"/>
							<String ID="string_149" HPOS="193" VPOS="1053" WIDTH="174" HEIGHT="27" WC="0.92" CONTENT="patentärendens"/><SP WIDTH="16" VPOS="1053" HPOS="367"/>
							<String ID="string_150" HPOS="383" VPOS="1053" WIDTH="163" HEIGHT="27" WC="0.96" CONTENT="handläggning"/><SP WIDTH="16" VPOS="1053" HPOS="546"/>
							<String ID="string_151" HPOS="562" VPOS="1054" WIDTH="38" HEIGHT="20" WC="0.96" CONTENT="och"/><SP WIDTH="16" VPOS="1054" HPOS="600"/>
							<String ID="string_152" HPOS="616" VPOS="1060" WIDTH="34" HEIGHT="14" WC="0.93" CONTENT="om"/><SP WIDTH="15" VPOS="1060" HPOS="650"/>
							<String ID="string_153" HPOS="665" VPOS="1054" WIDTH="167" HEIGHT="26" WC="0.92" CONTENT="patentregister."/>
						</TextLine>
					</TextBlock>
				</ComposedBlock>
				<ComposedBlock ID="cblock_5" HPOS="112" VPOS="1110" WIDTH="750" HEIGHT="199">
					<TextBlock ID="block_8" HPOS="460" VPOS="1110" WIDTH="46" HEIGHT="27">
						<TextLine ID="line_24" HPOS="460" VPOS="1110" WIDTH="46" HEIGHT="27">
							<String ID="string_154" HPOS="460" VPOS="1111" WIDTH="12" HEIGHT="20" WC="0.90" CONTENT="5"/><SP WIDTH="16" VPOS="1111" HPOS="472"/>
							<String ID="string_155" HPOS="488" VPOS="1110" WIDTH="18" HEIGHT="27" WC="0.46" CONTENT="8."/>
						</TextLine>
					</TextBlock>
					<TextBlock ID="block_9" HPOS="112" VPOS="1144" WIDTH="750" HEIGHT="96">
						<TextLine ID="line_25" HPOS="177" VPOS="1144" WIDTH="685" HEIGHT="28">
							<String ID="string_156" HPOS="177" VPOS="1144" WIDTH="202" HEIGHT="28" WC="0.91" CONTENT="Patentmyndighet"/><SP WIDTH="22" VPOS="1144" HPOS="379"/>
							<String ID="string_157" HPOS="401" VPOS="1145" WIDTH="6" HEIGHT="20" WC="0.95" CONTENT="i"/><SP WIDTH="20" VPOS="1145" HPOS="407"/>
							<String ID="string_158" HPOS="427" VPOS="1144" WIDTH="91" HEIGHT="22" WC="0.96" CONTENT="Finland"/><SP WIDTH="20" VPOS="1144" HPOS="518"/>
							<String ID="string_159" HPOS="538" VPOS="1147" WIDTH="24" HEIGHT="19" WC="0.93" CONTENT="är"/><SP WIDTH="18" VPOS="1147" HPOS="562"/>
							<String ID="string_160" HPOS="580" VPOS="1144" WIDTH="209" HEIGHT="27" WC="0.92" CONTENT="Industristyrelsen."/><SP WIDTH="29" VPOS="1144" HPOS="789"/>
							<String ID="string_161" HPOS="818" VPOS="1144" WIDTH="44" HEIGHT="22" WC="0.96" CONTENT="När"/>
						</TextLine>
						<TextLine ID="line_26" HPOS="112" VPOS="1178" WIDTH="750" HEIGHT="27">
							<String ID="string_162" HPOS="112" VPOS="1178" WIDTH="152" HEIGHT="27" WC="0.91" CONTENT="patentärende"/><SP WIDTH="24" VPOS="1178" HPOS="264"/>
							<String ID="string_163" HPOS="288" VPOS="1178" WIDTH="138" HEIGHT="27" WC="0.91" CONTENT="handlägges,"/><SP WIDTH="20" VPOS="1178" HPOS="426"/>
							<String ID="string_164" HPOS="446" VPOS="1178" WIDTH="62" HEIGHT="22" WC="0.93" CONTENT="skola"/><SP WIDTH="15" VPOS="1178" HPOS="508"/>
							<String ID="string_165" HPOS="523" VPOS="1179" WIDTH="128" HEIGHT="21" WC="0.89" CONTENT="ätminstone"/><SP WIDTH="14" VPOS="1179" HPOS="651"/>
							<String ID="string_166" HPOS="665" VPOS="1185" WIDTH="27" HEIGHT="15" WC="0.93" CONTENT="en"/><SP WIDTH="13" VPOS="1185" HPOS="692"/>
							<String ID="string_167" HPOS="705" VPOS="1178" WIDTH="102" HEIGHT="27" WC="0.93" CONTENT="juridiskt"/><SP WIDTH="15" VPOS="1178" HPOS="807"/>
							<String ID="string_168" HPOS="822" VPOS="1178" WIDTH="40" HEIGHT="22" WC="0.96" CONTENT="och"/>
						</TextLine>
						<TextLine ID="line_27" HPOS="112" VPOS="1212" WIDTH="749" HEIGHT="28">
							<String ID="string_169" HPOS="112" VPOS="1219" WIDTH="26" HEIGHT="15" WC="0.93" CONTENT="en"/><SP WIDTH="16" VPOS="1219" HPOS="138"/>
							<String ID="string_170" HPOS="154" VPOS="1212" WIDTH="95" HEIGHT="22" WC="0.96" CONTENT="tekniskt"/><SP WIDTH="15" VPOS="1212" HPOS="249"/>
							<String ID="string_171" HPOS="264" VPOS="1212" WIDTH="74" HEIGHT="22" WC="0.96" CONTENT="bildad"/><SP WIDTH="16" VPOS="1212" HPOS="338"/>
							<String ID="string_172" HPOS="354" VPOS="1219" WIDTH="74" HEIGHT="20" WC="0.96" CONTENT="person"/><SP WIDTH="16" VPOS="1219" HPOS="428"/>
							<String ID="string_173" HPOS="444" VPOS="1213" WIDTH="7" HEIGHT="20" WC="0.93" CONTENT="i"/><SP WIDTH="16" VPOS="1213" HPOS="451"/>
							<String ID="string_174" HPOS="467" VPOS="1214" WIDTH="122" HEIGHT="20" WC="0.92" CONTENT="densamma"/><SP WIDTH="15" VPOS="1214" HPOS="589"/>
							<String ID="string_175" HPOS="604" VPOS="1219" WIDTH="41" HEIGHT="21" WC="0.91" CONTENT="ega"/><SP WIDTH="14" VPOS="1219" HPOS="645"/>
							<String ID="string_176" HPOS="659" VPOS="1215" WIDTH="46" HEIGHT="19" WC="0.96" CONTENT="säte"/><SP WIDTH="11" VPOS="1215" HPOS="705"/>
							<String ID="string_177" HPOS="716" VPOS="1214" WIDTH="38" HEIGHT="20" WC="0.93" CONTENT="och"/><SP WIDTH="11" VPOS="1214" HPOS="754"/>
							<String ID="string_178" HPOS="765" VPOS="1215" WIDTH="96" HEIGHT="19" WC="0.96" CONTENT="stämma."/>
						</TextLine>
					</TextBlock>
					<TextBlock ID="block_10" HPOS="112" VPOS="1247" WIDTH="750" HEIGHT="62">
						<TextLine ID="line_28" HPOS="176" VPOS="1247" WIDTH="686" HEIGHT="27">
							<String ID="string_179" HPOS="176" VPOS="1247" WIDTH="199" HEIGHT="27" WC="0.92" CONTENT="Industristyrelsen"/><SP WIDTH="17" VPOS="1247" HPOS="375"/>
							<String ID="string_180" HPOS="392" VPOS="1249" WIDTH="24" HEIGHT="19" WC="0.96" CONTENT="är"/><SP WIDTH="15" VPOS="1249" HPOS="416"/>
							<String ID="string_181" HPOS="431" VPOS="1247" WIDTH="5" HEIGHT="21" WC="0.93" CONTENT="i"/><SP WIDTH="18" VPOS="1247" HPOS="436"/>
							<String ID="string_182" HPOS="454" VPOS="1247" WIDTH="154" HEIGHT="27" WC="0.92" CONTENT="patentärende"/><SP WIDTH="12" VPOS="1247" HPOS="608"/>
							<String ID="string_183" HPOS="620" VPOS="1247" WIDTH="88" HEIGHT="26" WC="0.92" CONTENT="domför,"/><SP WIDTH="12" VPOS="1247" HPOS="708"/>
							<String ID="string_184" HPOS="720" VPOS="1250" WIDTH="38" HEIGHT="19" WC="0.96" CONTENT="när"/><SP WIDTH="10" VPOS="1250" HPOS="758"/>
							<String ID="string_185" HPOS="768" VPOS="1247" WIDTH="94" HEIGHT="22" WC="0.96" CONTENT="förutom"/>
						</TextLine>
						<TextLine ID="line_29" HPOS="112" VPOS="1281" WIDTH="575" HEIGHT="28">
							<String ID="string_186" HPOS="112" VPOS="1281" WIDTH="142" HEIGHT="22" WC="0.92" CONTENT="ordföranden"/><SP WIDTH="16" VPOS="1281" HPOS="254"/>
							<String ID="string_187" HPOS="270" VPOS="1282" WIDTH="66" HEIGHT="21" WC="0.93" CONTENT="minst"/><SP WIDTH="15" VPOS="1282" HPOS="336"/>
							<String ID="string_188" HPOS="351" VPOS="1281" WIDTH="36" HEIGHT="22" WC="0.92" CONTENT="tvä"/><SP WIDTH="14" VPOS="1281" HPOS="387"/>
							<String ID="string_189" HPOS="401" VPOS="1282" WIDTH="117" HEIGHT="21" WC="0.92" CONTENT="ledamöter"/><SP WIDTH="16" VPOS="1282" HPOS="518"/>
							<String ID="string_190" HPOS="534" VPOS="1282" WIDTH="46" HEIGHT="21" WC="0.92" CONTENT="deri"/><SP WIDTH="15" VPOS="1282" HPOS="580"/>
							<String ID="string_191" HPOS="595" VPOS="1282" WIDTH="92" HEIGHT="27" WC="0.93" CONTENT="deltaga."/>
						</TextLine>
					</TextBlock>
				</ComposedBlock>
				<ComposedBlock ID="cblock_6" HPOS="108" VPOS="1340" WIDTH="755" HEIGHT="95">
					<TextBlock ID="block_11" HPOS="108" VPOS="1340" WIDTH="755" HEIGHT="95">
						<TextLine ID="line_30" HPOS="459" VPOS="1340" WIDTH="48" HEIGHT="26">
							<String ID="string_192" HPOS="459" VPOS="1341" WIDTH="13" HEIGHT="19" WC="0.91" CONTENT="6"/><SP WIDTH="15" VPOS="1341" HPOS="472"/>
							<String ID="string_193" HPOS="487" VPOS="1340" WIDTH="20" HEIGHT="26" WC="0.60" CONTENT="8."/>
						</TextLine>
						<TextLine ID="line_31" HPOS="177" VPOS="1373" WIDTH="685" HEIGHT="27">
							<String ID="string_194" HPOS="177" VPOS="1374" WIDTH="42" HEIGHT="20" WC="0.92" CONTENT="Vill"/><SP WIDTH="16" VPOS="1374" HPOS="219"/>
							<String ID="string_195" HPOS="235" VPOS="1375" WIDTH="70" HEIGHT="25" WC="0.92" CONTENT="nägon"/><SP WIDTH="16" VPOS="1375" HPOS="305"/>
							<String ID="string_196" HPOS="321" VPOS="1373" WIDTH="81" HEIGHT="21" WC="0.92" CONTENT="erhälla"/><SP WIDTH="15" VPOS="1373" HPOS="402"/>
							<String ID="string_197" HPOS="417" VPOS="1375" WIDTH="81" HEIGHT="25" WC="0.93" CONTENT="patent,"/><SP WIDTH="17" VPOS="1375" HPOS="498"/>
							<String ID="string_198" HPOS="515" VPOS="1373" WIDTH="79" HEIGHT="21" WC="0.93" CONTENT="ansöke"/><SP WIDTH="16" VPOS="1373" HPOS="594"/>
							<String ID="string_199" HPOS="610" VPOS="1374" WIDTH="71" HEIGHT="20" WC="0.93" CONTENT="derom"/><SP WIDTH="11" VPOS="1374" HPOS="681"/>
							<String ID="string_200" HPOS="692" VPOS="1373" WIDTH="121" HEIGHT="26" WC="0.93" CONTENT="skriftligen"/><SP WIDTH="11" VPOS="1373" HPOS="813"/>
							<String ID="string_201" HPOS="824" VPOS="1373" WIDTH="38" HEIGHT="21" WC="0.96" CONTENT="hos"/>
						</TextLine>
						<TextLine ID="line_32" HPOS="108" VPOS="1406" WIDTH="755" HEIGHT="29">
							<String ID="string_202" HPOS="108" VPOS="1408" WIDTH="207" HEIGHT="27" WC="0.92" CONTENT="Industristyrelsen."/><SP WIDTH="26" VPOS="1408" HPOS="315"/>
							<String ID="string_203" HPOS="341" VPOS="1402" WIDTH="10" HEIGHT="38" WC="0.48" CONTENT="|"/><SP WIDTH="-1" VPOS="1402" HPOS="351"/>
							<String ID="string_204" HPOS="350" VPOS="1408" WIDTH="159" HEIGHT="27" WC="0.70" CONTENT="Ansökningen,"/><SP WIDTH="25" VPOS="1408" HPOS="509"/>
							<String ID="string_205" HPOS="534" VPOS="1414" WIDTH="46" HEIGHT="16" WC="0.93" CONTENT="som"/><SP WIDTH="26" VPOS="1414" HPOS="580"/>
							<String ID="string_206" HPOS="606" VPOS="1408" WIDTH="61" HEIGHT="21" WC="0.95" CONTENT="äfven"/><SP WIDTH="25" VPOS="1408" HPOS="667"/>
							<String ID="string_207" HPOS="692" VPOS="1408" WIDTH="39" HEIGHT="21" WC="0.92" CONTENT="bör"/><SP WIDTH="25" VPOS="1408" HPOS="731"/>
							<String ID="string_208" HPOS="756" VPOS="1406" WIDTH="107" HEIGHT="23" WC="0.92" CONTENT="innehålla"/>
						</TextLine>
					</TextBlock>
				</ComposedBlock>
			</PrintSpace>
		</Page>
	</Layout>
</alto>
