<?xml version="1.0" encoding="UTF-8"?>
<alto xmlns="http://www.loc.gov/standards/alto/ns-v3#" xmlns:xlink="http://www.w3.org/1999/xlink" xmlns:xsi="http://www.w3.org/2001/XMLSchema-instance" xsi:schemaLocation="http://www.loc.gov/standards/alto/ns-v3# http://www.loc.gov/alto/v3/alto-3-0.xsd">
	<Description>
		<MeasurementUnit>pixel</MeasurementUnit>
		<sourceImageInformation>
			<fileName>/tmp/tess_3gtfguks_input.PNG</fileName>
		</sourceImageInformation>
		<OCRProcessing ID="OCR_0">
			<ocrProcessingStep>
				<processingSoftware>
					<softwareName>tesseract 5.3.4</softwareName>
				</processingSoftware>
			</ocrProcessingStep>
		</OCRProcessing>
	</Description>
	<Layout>
		<Page WIDTH="1039" HEIGHT="1709" PHYSICAL_IMG_NR="0" ID="page_0">
			<PrintSpace HPOS="0" VPOS="0" WIDTH="1039" HEIGHT="1709">
				<ComposedBlock ID="cblock_0" HPOS="320" VPOS="106" WIDTH="531" HEIGHT="31">
					<TextBlock ID="block_0" HPOS="320" VPOS="106" WIDTH="531" HEIGHT="31">
						<TextLine ID="line_0" HPOS="320" VPOS="106" WIDTH="531" HEIGHT="31">
							<String ID="string_0" HPOS="320" VPOS="106" WIDTH="32" HEIGHT="31" WC="0.93" CONTENT="U."/><SP WIDTH="13" VPOS="106" HPOS="352"/>
							<String ID="string_1" HPOS="365" VPOS="106" WIDTH="30" HEIGHT="23" WC="0.90" CONTENT="B."/><SP WIDTH="15" VPOS="106" HPOS="395"/>
							<String ID="string_2" HPOS="410" VPOS="120" WIDTH="26" HEIGHT="3" WC="0.90" CONTENT="—"/><SP WIDTH="17" VPOS="120" HPOS="436"/>
							<String ID="string_3" HPOS="453" VPOS="106" WIDTH="74" HEIGHT="30" WC="0.90" CONTENT="Prop."/><SP WIDTH="15" VPOS="106" HPOS="527"/>
							<String ID="string_4" HPOS="542" VPOS="106" WIDTH="45" HEIGHT="23" WC="0.96" CONTENT="N:o"/><SP WIDTH="16" VPOS="106" HPOS="587"/>
							<String ID="string_5" HPOS="603" VPOS="107" WIDTH="37" HEIGHT="22" WC="0.92" CONTENT="19."/><SP WIDTH="180" VPOS="107" HPOS="640"/>
							<String ID="string_6" HPOS="820" VPOS="108" WIDTH="31" HEIGHT="20" WC="0.95" CONTENT="41"/>
						</TextLine>
					</TextBlock>
				</ComposedBlock>
				<ComposedBlock ID="cblock_1" HPOS="105" VPOS="178" WIDTH="748" HEIGHT="64">
					<TextBlock ID="block_1" HPOS="105" VPOS="178" WIDTH="748" HEIGHT="64">
						<TextLine ID="line_1" HPOS="176" VPOS="178" WIDTH="677" HEIGHT="28">
							<String ID="string_7" HPOS="176" VPOS="179" WIDTH="121" HEIGHT="27" WC="0.96" CONTENT="Angående"/><SP WIDTH="15" VPOS="179" HPOS="297"/>
							<String ID="string_8" HPOS="312" VPOS="180" WIDTH="90" HEIGHT="22" WC="0.93" CONTENT="barnets"/><SP WIDTH="10" VPOS="180" HPOS="402"/>
							<String ID="string_9" HPOS="412" VPOS="180" WIDTH="182" HEIGHT="22" WC="0.91" CONTENT="trosbekännelse"/><SP WIDTH="11" VPOS="180" HPOS="594"/>
							<String ID="string_10" HPOS="605" VPOS="179" WIDTH="58" HEIGHT="22" WC="0.96" CONTENT="skall"/><SP WIDTH="10" VPOS="179" HPOS="663"/>
							<String ID="string_11" HPOS="673" VPOS="178" WIDTH="111" HEIGHT="28" WC="0.96" CONTENT="iakttagas"/><SP WIDTH="11" VPOS="178" HPOS="784"/>
							<String ID="string_12" HPOS="795" VPOS="178" WIDTH="58" HEIGHT="22" WC="0.96" CONTENT="hvad"/>
						</TextLine>
						<TextLine ID="line_2" HPOS="105" VPOS="214" WIDTH="365" HEIGHT="28">
							<String ID="string_13" HPOS="105" VPOS="215" WIDTH="74" HEIGHT="22" WC="0.96" CONTENT="derom"/><SP WIDTH="16" VPOS="215" HPOS="179"/>
							<String ID="string_14" HPOS="195" VPOS="216" WIDTH="26" HEIGHT="20" WC="0.96" CONTENT="är"/><SP WIDTH="15" VPOS="216" HPOS="221"/>
							<String ID="string_15" HPOS="236" VPOS="215" WIDTH="111" HEIGHT="21" WC="0.93" CONTENT="särskildt"/><SP WIDTH="15" VPOS="215" HPOS="347"/>
							<String ID="string_16" HPOS="362" VPOS="214" WIDTH="108" HEIGHT="28" WC="0.91" CONTENT="stadgadt."/>
						</TextLine>
					</TextBlock>
				</ComposedBlock>
				<ComposedBlock ID="cblock_2" HPOS="448" VPOS="273" WIDTH="63" HEIGHT="30">
					<TextBlock ID="block_2" HPOS="448" VPOS="273" WIDTH="63" HEIGHT="30">
						<TextLine ID="line_3" HPOS="448" VPOS="273" WIDTH="63" HEIGHT="30">
							<String ID="string_17" HPOS="448" VPOS="273" WIDTH="12" HEIGHT="30" WC="0.73" CONTENT="8"/><SP WIDTH="18" VPOS="273" HPOS="460"/>
							<String ID="string_18" HPOS="478" VPOS="276" WIDTH="33" HEIGHT="20" WC="0.87" CONTENT="34,"/>
						</TextLine>
					</TextBlock>
				</ComposedBlock>
				<ComposedBlock ID="cblock_3" HPOS="105" VPOS="321" WIDTH="749" HEIGHT="533">
					<TextBlock ID="block_3" HPOS="105" VPOS="321" WIDTH="749" HEIGHT="201">
						<TextLine ID="line_4" HPOS="176" VPOS="321" WIDTH="678" HEIGHT="28">
							<String ID="string_19" HPOS="176" VPOS="321" WIDTH="74" HEIGHT="23" WC="0.96" CONTENT="Fader"/><SP WIDTH="16" VPOS="321" HPOS="250"/>
							<String ID="string_20" HPOS="266" VPOS="322" WIDTH="39" HEIGHT="22" WC="0.96" CONTENT="och"/><SP WIDTH="16" VPOS="322" HPOS="305"/>
							<String ID="string_21" HPOS="321" VPOS="322" WIDTH="81" HEIGHT="27" WC="0.96" CONTENT="moder,"/><SP WIDTH="17" VPOS="322" HPOS="402"/>
							<String ID="string_22" HPOS="419" VPOS="328" WIDTH="45" HEIGHT="16" WC="0.96" CONTENT="som"/><SP WIDTH="16" VPOS="328" HPOS="464"/>
							<String ID="string_23" HPOS="480" VPOS="322" WIDTH="20" HEIGHT="27" WC="0.96" CONTENT="ej"/><SP WIDTH="17" VPOS="322" HPOS="500"/>
							<String ID="string_24" HPOS="517" VPOS="323" WIDTH="37" HEIGHT="20" WC="0.93" CONTENT="äro"/><SP WIDTH="9" VPOS="323" HPOS="554"/>
							<String ID="string_25" HPOS="563" VPOS="321" WIDTH="76" HEIGHT="28" WC="0.93" CONTENT="afvita,"/><SP WIDTH="12" VPOS="321" HPOS="639"/>
							<String ID="string_26" HPOS="651" VPOS="327" WIDTH="53" HEIGHT="16" WC="0.96" CONTENT="vare"/><SP WIDTH="10" VPOS="327" HPOS="704"/>
							<String ID="string_27" HPOS="714" VPOS="321" WIDTH="140" HEIGHT="27" WC="0.96" CONTENT="berättigade"/>
						</TextLine>
						<TextLine ID="line_5" HPOS="105" VPOS="357" WIDTH="749" HEIGHT="28">
							<String ID="string_28" HPOS="105" VPOS="358" WIDTH="40" HEIGHT="21" WC="0.93" CONTENT="och"/><SP WIDTH="21" VPOS="358" HPOS="145"/>
							<String ID="string_29" HPOS="166" VPOS="357" WIDTH="94" HEIGHT="28" WC="0.92" CONTENT="pligtige"/><SP WIDTH="20" VPOS="357" HPOS="260"/>
							<String ID="string_30" HPOS="280" VPOS="359" WIDTH="33" HEIGHT="20" WC="0.96" CONTENT="att"/><SP WIDTH="21" VPOS="359" HPOS="313"/>
							<String ID="string_31" HPOS="334" VPOS="357" WIDTH="115" HEIGHT="28" WC="0.96" CONTENT="uppfostra"/><SP WIDTH="20" VPOS="357" HPOS="449"/>
							<String ID="string_32" HPOS="469" VPOS="358" WIDTH="40" HEIGHT="21" WC="0.96" CONTENT="sitt"/><SP WIDTH="20" VPOS="358" HPOS="509"/>
							<String ID="string_33" HPOS="529" VPOS="357" WIDTH="61" HEIGHT="28" WC="0.96" CONTENT="barn,"/><SP WIDTH="22" VPOS="357" HPOS="590"/>
							<String ID="string_34" HPOS="612" VPOS="357" WIDTH="57" HEIGHT="22" WC="0.96" CONTENT="ändå"/><SP WIDTH="18" VPOS="357" HPOS="669"/>
							<String ID="string_35" HPOS="687" VPOS="359" WIDTH="34" HEIGHT="20" WC="0.96" CONTENT="att"/><SP WIDTH="15" VPOS="359" HPOS="721"/>
							<String ID="string_36" HPOS="736" VPOS="357" WIDTH="27" HEIGHT="22" WC="0.95" CONTENT="de"/><SP WIDTH="16" VPOS="357" HPOS="763"/>
							<String ID="string_37" HPOS="779" VPOS="357" WIDTH="19" HEIGHT="28" WC="0.96" CONTENT="ej"/><SP WIDTH="16" VPOS="357" HPOS="798"/>
							<String ID="string_38" HPOS="814" VPOS="359" WIDTH="40" HEIGHT="20" WC="0.96" CONTENT="äro"/>
						</TextLine>
						<TextLine ID="line_6" HPOS="107" VPOS="392" WIDTH="745" HEIGHT="29">
							<String ID="string_39" HPOS="107" VPOS="393" WIDTH="55" HEIGHT="23" WC="0.96" CONTENT="eller"/><SP WIDTH="21" VPOS="393" HPOS="162"/>
							<String ID="string_40" HPOS="183" VPOS="393" WIDTH="74" HEIGHT="22" WC="0.96" CONTENT="kunna"/><SP WIDTH="15" VPOS="393" HPOS="257"/>
							<String ID="string_41" HPOS="272" VPOS="399" WIDTH="54" HEIGHT="16" WC="0.96" CONTENT="vara"/><SP WIDTH="16" VPOS="399" HPOS="326"/>
							<String ID="string_42" HPOS="342" VPOS="393" WIDTH="50" HEIGHT="22" WC="0.97" CONTENT="dess"/><SP WIDTH="16" VPOS="393" HPOS="392"/>
							<String ID="string_43" HPOS="408" VPOS="393" WIDTH="151" HEIGHT="28" WC="0.96" CONTENT="förmyndare;"/><SP WIDTH="17" VPOS="393" HPOS="559"/>
							<String ID="string_44" HPOS="576" VPOS="395" WIDTH="51" HEIGHT="26" WC="0.96" CONTENT="tage"/><SP WIDTH="14" VPOS="395" HPOS="627"/>
							<String ID="string_45" HPOS="641" VPOS="393" WIDTH="71" HEIGHT="22" WC="0.93" CONTENT="likväl"/><SP WIDTH="16" VPOS="393" HPOS="712"/>
							<String ID="string_46" HPOS="728" VPOS="392" WIDTH="124" HEIGHT="28" WC="0.91" CONTENT="förmynda-"/>
						</TextLine>
						<TextLine ID="line_7" HPOS="105" VPOS="423" WIDTH="749" HEIGHT="34">
							<String ID="string_47" HPOS="105" VPOS="435" WIDTH="53" HEIGHT="16" WC="0.96" CONTENT="rens"/><SP WIDTH="12" VPOS="435" HPOS="158"/>
							<String ID="string_48" HPOS="170" VPOS="429" WIDTH="41" HEIGHT="22" WC="0.95" CONTENT="råd"/><SP WIDTH="11" VPOS="429" HPOS="211"/>
							<String ID="string_49" HPOS="222" VPOS="429" WIDTH="7" HEIGHT="22" WC="0.96" CONTENT="i"/><SP WIDTH="11" VPOS="429" HPOS="229"/>
							<String ID="string_50" HPOS="240" VPOS="429" WIDTH="70" HEIGHT="28" WC="0.96" CONTENT="fråga,"/><SP WIDTH="12" VPOS="429" HPOS="310"/>
							<String ID="string_51" HPOS="322" VPOS="435" WIDTH="46" HEIGHT="16" WC="0.96" CONTENT="som"/><SP WIDTH="10" VPOS="435" HPOS="368"/>
							<String ID="string_52" HPOS="378" VPOS="430" WIDTH="66" HEIGHT="21" WC="0.93" CONTENT="berör"/><SP WIDTH="11" VPOS="430" HPOS="444"/>
							<String ID="string_53" HPOS="455" VPOS="428" WIDTH="336" HEIGHT="28" WC="0.91" CONTENT="förmögenhetsförhållandena."/><SP WIDTH="16" VPOS="428" HPOS="791"/>
							<String ID="string_54" HPOS="807" VPOS="423" WIDTH="47" HEIGHT="27" WC="0.90" CONTENT="Äro"/>
						</TextLine>
						<TextLine ID="line_8" HPOS="106" VPOS="463" WIDTH="747" HEIGHT="30">
							<String ID="string_55" HPOS="106" VPOS="464" WIDTH="109" HEIGHT="22" WC="0.96" CONTENT="föräldrar"/><SP WIDTH="16" VPOS="464" HPOS="215"/>
							<String ID="string_56" HPOS="231" VPOS="465" WIDTH="39" HEIGHT="21" WC="0.96" CONTENT="och"/><SP WIDTH="16" VPOS="465" HPOS="270"/>
							<String ID="string_57" HPOS="286" VPOS="464" WIDTH="141" HEIGHT="29" WC="0.96" CONTENT="förmyndare"/><SP WIDTH="17" VPOS="464" HPOS="427"/>
							<String ID="string_58" HPOS="444" VPOS="463" WIDTH="24" HEIGHT="23" WC="0.96" CONTENT="af"/><SP WIDTH="13" VPOS="463" HPOS="468"/>
							<String ID="string_59" HPOS="481" VPOS="464" WIDTH="60" HEIGHT="22" WC="0.96" CONTENT="olika"/><SP WIDTH="14" VPOS="464" HPOS="541"/>
							<String ID="string_60" HPOS="555" VPOS="465" WIDTH="94" HEIGHT="26" WC="0.93" CONTENT="mening,"/><SP WIDTH="15" VPOS="465" HPOS="649"/>
							<String ID="string_61" HPOS="664" VPOS="464" WIDTH="77" HEIGHT="27" WC="0.91" CONTENT="afgöre"/><SP WIDTH="16" VPOS="464" HPOS="741"/>
							<String ID="string_62" HPOS="757" VPOS="464" WIDTH="96" HEIGHT="28" WC="0.92" CONTENT="förmyn-"/>
						</TextLine>
						<TextLine ID="line_9" HPOS="105" VPOS="500" WIDTH="344" HEIGHT="22">
							<String ID="string_63" HPOS="105" VPOS="500" WIDTH="163" HEIGHT="22" WC="0.92" CONTENT="darenämnden"/><SP WIDTH="16" VPOS="500" HPOS="268"/>
							<String ID="string_64" HPOS="284" VPOS="501" WIDTH="48" HEIGHT="21" WC="0.95" CONTENT="dem"/><SP WIDTH="17" VPOS="501" HPOS="332"/>
							<String ID="string_65" HPOS="349" VPOS="501" WIDTH="100" HEIGHT="21" WC="0.95" CONTENT="emellan."/>
						</TextLine>
					</TextBlock>
					<TextBlock ID="block_4" HPOS="106" VPOS="535" WIDTH="748" HEIGHT="96">
						<TextLine ID="line_10" HPOS="176" VPOS="535" WIDTH="678" HEIGHT="30">
							<String ID="string_66" HPOS="176" VPOS="536" WIDTH="83" HEIGHT="29" WC="0.95" CONTENT="Moder,"/><SP WIDTH="25" VPOS="536" HPOS="259"/>
							<String ID="string_67" HPOS="284" VPOS="543" WIDTH="46" HEIGHT="15" WC="0.96" CONTENT="som"/><SP WIDTH="23" VPOS="543" HPOS="330"/>
							<String ID="string_68" HPOS="353" VPOS="537" WIDTH="40" HEIGHT="26" WC="0.96" CONTENT="går"/><SP WIDTH="19" VPOS="537" HPOS="393"/>
							<String ID="string_69" HPOS="412" VPOS="537" WIDTH="7" HEIGHT="20" WC="0.96" CONTENT="i"/><SP WIDTH="16" VPOS="537" HPOS="419"/>
							<String ID="string_70" HPOS="435" VPOS="538" WIDTH="67" HEIGHT="20" WC="0.96" CONTENT="annat"/><SP WIDTH="15" VPOS="538" HPOS="502"/>
							<String ID="string_71" HPOS="517" VPOS="536" WIDTH="62" HEIGHT="28" WC="0.93" CONTENT="gifte,"/><SP WIDTH="17" VPOS="536" HPOS="579"/>
							<String ID="string_72" HPOS="596" VPOS="535" WIDTH="66" HEIGHT="23" WC="0.91" CONTENT="hafve"/><SP WIDTH="16" VPOS="535" HPOS="662"/>
							<String ID="string_73" HPOS="678" VPOS="536" WIDTH="114" HEIGHT="22" WC="0.96" CONTENT="enahanda"/><SP WIDTH="15" VPOS="536" HPOS="792"/>
							<String ID="string_74" HPOS="807" VPOS="538" WIDTH="47" HEIGHT="19" WC="0.96" CONTENT="rätt"/>
						</TextLine>
						<TextLine ID="line_11" HPOS="106" VPOS="571" WIDTH="746" HEIGHT="29">
							<String ID="string_75" HPOS="106" VPOS="573" WIDTH="39" HEIGHT="21" WC="0.92" CONTENT="och"/><SP WIDTH="19" VPOS="573" HPOS="145"/>
							<String ID="string_76" HPOS="164" VPOS="572" WIDTH="58" HEIGHT="28" WC="0.92" CONTENT="pligt"/><SP WIDTH="15" VPOS="572" HPOS="222"/>
							<String ID="string_77" HPOS="237" VPOS="575" WIDTH="33" HEIGHT="19" WC="0.93" CONTENT="att"/><SP WIDTH="15" VPOS="575" HPOS="270"/>
							<String ID="string_78" HPOS="285" VPOS="571" WIDTH="74" HEIGHT="24" WC="0.91" CONTENT="förese"/><SP WIDTH="15" VPOS="571" HPOS="359"/>
							<String ID="string_79" HPOS="374" VPOS="573" WIDTH="40" HEIGHT="21" WC="0.96" CONTENT="sitt"/><SP WIDTH="15" VPOS="573" HPOS="414"/>
							<String ID="string_80" HPOS="429" VPOS="572" WIDTH="61" HEIGHT="28" WC="0.95" CONTENT="barn,"/><SP WIDTH="17" VPOS="572" HPOS="490"/>
							<String ID="string_81" HPOS="507" VPOS="579" WIDTH="34" HEIGHT="15" WC="0.96" CONTENT="om"/><SP WIDTH="16" VPOS="579" HPOS="541"/>
							<String ID="string_82" HPOS="557" VPOS="571" WIDTH="19" HEIGHT="28" WC="0.96" CONTENT="ej"/><SP WIDTH="18" VPOS="571" HPOS="576"/>
							<String ID="string_83" HPOS="594" VPOS="572" WIDTH="128" HEIGHT="27" WC="0.96" CONTENT="synnerliga"/><SP WIDTH="15" VPOS="572" HPOS="722"/>
							<String ID="string_84" HPOS="737" VPOS="572" WIDTH="50" HEIGHT="22" WC="0.93" CONTENT="skäl"/><SP WIDTH="17" VPOS="572" HPOS="787"/>
							<String ID="string_85" HPOS="804" VPOS="572" WIDTH="48" HEIGHT="22" WC="0.92" CONTENT="der-"/>
						</TextLine>
						<TextLine ID="line_12" HPOS="107" VPOS="611" WIDTH="117" HEIGHT="20">
							<String ID="string_86" HPOS="107" VPOS="611" WIDTH="57" HEIGHT="20" WC="0.96" CONTENT="emot"/><SP WIDTH="15" VPOS="611" HPOS="164"/>
							<String ID="string_87" HPOS="179" VPOS="611" WIDTH="45" HEIGHT="20" WC="0.95" CONTENT="äro."/>
						</TextLine>
					</TextBlock>
					<TextBlock ID="block_5" HPOS="105" VPOS="639" WIDTH="749" HEIGHT="142">
						<TextLine ID="line_13" HPOS="176" VPOS="639" WIDTH="675" HEIGHT="33">
							<String ID="string_88" HPOS="176" VPOS="639" WIDTH="46" HEIGHT="27" WC="0.92" CONTENT="Äro"/><SP WIDTH="15" VPOS="639" HPOS="222"/>
							<String ID="string_89" HPOS="237" VPOS="645" WIDTH="91" HEIGHT="22" WC="0.96" CONTENT="barnets"/><SP WIDTH="16" VPOS="645" HPOS="328"/>
							<String ID="string_90" HPOS="344" VPOS="644" WIDTH="111" HEIGHT="23" WC="0.96" CONTENT="föräldrar"/><SP WIDTH="15" VPOS="644" HPOS="455"/>
							<String ID="string_91" HPOS="470" VPOS="645" WIDTH="49" HEIGHT="22" WC="0.93" CONTENT="icke"/><SP WIDTH="16" VPOS="645" HPOS="519"/>
							<String ID="string_92" HPOS="535" VPOS="644" WIDTH="170" HEIGHT="28" WC="0.90" CONTENT="sammanvigda,"/><SP WIDTH="14" VPOS="644" HPOS="705"/>
							<String ID="string_93" HPOS="719" VPOS="645" WIDTH="26" HEIGHT="21" WC="0.93" CONTENT="då"/><SP WIDTH="12" VPOS="645" HPOS="745"/>
							<String ID="string_94" HPOS="757" VPOS="650" WIDTH="41" HEIGHT="21" WC="0.92" CONTENT="ege"/><SP WIDTH="10" VPOS="650" HPOS="798"/>
							<String ID="string_95" HPOS="808" VPOS="650" WIDTH="43" HEIGHT="15" WC="0.91" CONTENT="mo-"/>
						</TextLine>
						<TextLine ID="line_14" HPOS="106" VPOS="680" WIDTH="748" HEIGHT="29">
							<String ID="string_96" HPOS="106" VPOS="681" WIDTH="40" HEIGHT="22" WC="0.95" CONTENT="der"/><SP WIDTH="20" VPOS="681" HPOS="146"/>
							<String ID="string_97" HPOS="166" VPOS="680" WIDTH="115" HEIGHT="28" WC="0.96" CONTENT="uppfostra"/><SP WIDTH="18" VPOS="680" HPOS="281"/>
							<String ID="string_98" HPOS="299" VPOS="681" WIDTH="85" HEIGHT="28" WC="0.95" CONTENT="barnet,"/><SP WIDTH="18" VPOS="681" HPOS="384"/>
							<String ID="string_99" HPOS="402" VPOS="681" WIDTH="25" HEIGHT="22" WC="0.93" CONTENT="så"/><SP WIDTH="15" VPOS="681" HPOS="427"/>
							<String ID="string_100" HPOS="442" VPOS="681" WIDTH="66" HEIGHT="22" WC="0.92" CONTENT="framt"/><SP WIDTH="17" VPOS="681" HPOS="508"/>
							<String ID="string_101" HPOS="525" VPOS="681" WIDTH="18" HEIGHT="28" WC="0.93" CONTENT="ej"/><SP WIDTH="19" VPOS="681" HPOS="543"/>
							<String ID="string_102" HPOS="562" VPOS="680" WIDTH="139" HEIGHT="23" WC="0.92" CONTENT="föräldrarne"/><SP WIDTH="15" VPOS="680" HPOS="701"/>
							<String ID="string_103" HPOS="716" VPOS="680" WIDTH="138" HEIGHT="22" WC="0.96" CONTENT="annorlunda"/>
						</TextLine>
						<TextLine ID="line_15" HPOS="105" VPOS="716" WIDTH="748" HEIGHT="29">
							<String ID="string_104" HPOS="105" VPOS="717" WIDTH="94" HEIGHT="28" WC="0.92" CONTENT="åsämjas"/><SP WIDTH="21" VPOS="717" HPOS="199"/>
							<String ID="string_105" HPOS="220" VPOS="717" WIDTH="56" HEIGHT="22" WC="0.96" CONTENT="eller"/><SP WIDTH="15" VPOS="717" HPOS="276"/>
							<String ID="string_106" HPOS="291" VPOS="716" WIDTH="63" HEIGHT="23" WC="0.96" CONTENT="fader"/><SP WIDTH="16" VPOS="716" HPOS="354"/>
							<String ID="string_107" HPOS="370" VPOS="719" WIDTH="25" HEIGHT="20" WC="0.93" CONTENT="är"/><SP WIDTH="15" VPOS="719" HPOS="395"/>
							<String ID="string_108" HPOS="410" VPOS="716" WIDTH="75" HEIGHT="23" WC="0.89" CONTENT="dertill"/><SP WIDTH="17" VPOS="716" HPOS="485"/>
							<String ID="string_109" HPOS="502" VPOS="716" WIDTH="63" HEIGHT="28" WC="0.96" CONTENT="villig"/><SP WIDTH="16" VPOS="716" HPOS="565"/>
							<String ID="string_110" HPOS="581" VPOS="717" WIDTH="39" HEIGHT="21" WC="0.96" CONTENT="och"/><SP WIDTH="16" VPOS="717" HPOS="620"/>
							<String ID="string_111" HPOS="636" VPOS="716" WIDTH="25" HEIGHT="22" WC="0.96" CONTENT="af"/><SP WIDTH="12" VPOS="716" HPOS="661"/>
							<String ID="string_112" HPOS="673" VPOS="718" WIDTH="74" HEIGHT="20" WC="0.91" CONTENT="rätten"/><SP WIDTH="16" VPOS="718" HPOS="747"/>
							<String ID="string_113" HPOS="763" VPOS="716" WIDTH="90" HEIGHT="27" WC="0.90" CONTENT="pröfvas"/>
						</TextLine>
						<TextLine ID="line_16" HPOS="106" VPOS="753" WIDTH="339" HEIGHT="28">
							<String ID="string_114" HPOS="106" VPOS="759" WIDTH="53" HEIGHT="17" WC="0.96" CONTENT="vara"/><SP WIDTH="15" VPOS="759" HPOS="159"/>
							<String ID="string_115" HPOS="174" VPOS="753" WIDTH="131" HEIGHT="28" WC="0.96" CONTENT="lämpligare"/><SP WIDTH="16" VPOS="753" HPOS="305"/>
							<String ID="string_116" HPOS="321" VPOS="755" WIDTH="28" HEIGHT="20" WC="0.96" CONTENT="än"/><SP WIDTH="15" VPOS="755" HPOS="349"/>
							<String ID="string_117" HPOS="364" VPOS="753" WIDTH="81" HEIGHT="23" WC="0.96" CONTENT="moder."/>
						</TextLine>
					</TextBlock>
					<TextBlock ID="block_6" HPOS="106" VPOS="788" WIDTH="746" HEIGHT="66">
						<TextLine ID="line_17" HPOS="176" VPOS="788" WIDTH="676" HEIGHT="28">
							<String ID="string_118" HPOS="176" VPOS="789" WIDTH="12" HEIGHT="21" WC="0.96" CONTENT="I"/><SP WIDTH="18" VPOS="789" HPOS="188"/>
							<String ID="string_119" HPOS="206" VPOS="789" WIDTH="77" HEIGHT="22" WC="0.96" CONTENT="hvilka"/><SP WIDTH="16" VPOS="789" HPOS="283"/>
							<String ID="string_120" HPOS="299" VPOS="788" WIDTH="40" HEIGHT="23" WC="0.92" CONTENT="fall"/><SP WIDTH="16" VPOS="788" HPOS="339"/>
							<String ID="string_121" HPOS="355" VPOS="788" WIDTH="138" HEIGHT="23" WC="0.91" CONTENT="föräldrarne"/><SP WIDTH="16" VPOS="788" HPOS="493"/>
							<String ID="string_122" HPOS="509" VPOS="789" WIDTH="66" HEIGHT="27" WC="0.96" CONTENT="eljest"/><SP WIDTH="16" VPOS="789" HPOS="575"/>
							<String ID="string_123" HPOS="591" VPOS="789" WIDTH="34" HEIGHT="21" WC="0.96" CONTENT="må"/><SP WIDTH="16" VPOS="789" HPOS="625"/>
							<String ID="string_124" HPOS="641" VPOS="788" WIDTH="78" HEIGHT="28" WC="0.93" CONTENT="skiljas"/><SP WIDTH="15" VPOS="788" HPOS="719"/>
							<String ID="string_125" HPOS="734" VPOS="788" WIDTH="49" HEIGHT="22" WC="0.93" CONTENT="från"/><SP WIDTH="16" VPOS="788" HPOS="783"/>
							<String ID="string_126" HPOS="799" VPOS="794" WIDTH="53" HEIGHT="21" WC="0.92" CONTENT="upp-"/>
						</TextLine>
						<TextLine ID="line_18" HPOS="106" VPOS="824" WIDTH="492" HEIGHT="30">
							<String ID="string_127" HPOS="106" VPOS="824" WIDTH="182" HEIGHT="28" WC="0.92" CONTENT="fostringsrätten"/><SP WIDTH="17" VPOS="824" HPOS="288"/>
							<String ID="string_128" HPOS="305" VPOS="824" WIDTH="89" HEIGHT="28" WC="0.95" CONTENT="stadgas"/><SP WIDTH="17" VPOS="824" HPOS="394"/>
							<String ID="string_129" HPOS="411" VPOS="825" WIDTH="6" HEIGHT="21" WC="0.96" CONTENT="i"/><SP WIDTH="18" VPOS="825" HPOS="417"/>
							<String ID="string_130" HPOS="435" VPOS="827" WIDTH="26" HEIGHT="19" WC="0.92" CONTENT="57"/><SP WIDTH="18" VPOS="827" HPOS="461"/>
							<String ID="string_131" HPOS="479" VPOS="824" WIDTH="12" HEIGHT="30" WC="0.92" CONTENT="$"/><SP WIDTH="17" VPOS="824" HPOS="491"/>
							<String ID="string_132" HPOS="508" VPOS="827" WIDTH="11" HEIGHT="19" WC="0.96" CONTENT="3"/><SP WIDTH="18" VPOS="827" HPOS="519"/>
							<String ID="string_133" HPOS="537" VPOS="830" WIDTH="61" HEIGHT="16" WC="0.96" CONTENT="mom."/>
						</TextLine>
					</TextBlock>
				</ComposedBlock>
				<ComposedBlock ID="cblock_4" HPOS="105" VPOS="891" WIDTH="749" HEIGHT="230">
					<TextBlock ID="block_7" HPOS="450" VPOS="891" WIDTH="64" HEIGHT="29">
						<TextLine ID="line_19" HPOS="450" VPOS="891" WIDTH="64" HEIGHT="29">
							<String ID="string_134" HPOS="450" VPOS="891" WIDTH="12" HEIGHT="29" WC="0.84" CONTENT="8"/><SP WIDTH="17" VPOS="891" HPOS="462"/>
							<String ID="string_135" HPOS="479" VPOS="893" WIDTH="35" HEIGHT="20" WC="0.91" CONTENT="35."/>
						</TextLine>
					</TextBlock>
					<TextBlock ID="block_8" HPOS="105" VPOS="933" WIDTH="749" HEIGHT="140">
						<TextLine ID="line_20" HPOS="176" VPOS="933" WIDTH="678" HEIGHT="33">
							<String ID="string_136" HPOS="176" VPOS="933" WIDTH="33" HEIGHT="27" WC="0.96" CONTENT="Är"/><SP WIDTH="20" VPOS="933" HPOS="209"/>
							<String ID="string_137" HPOS="229" VPOS="939" WIDTH="49" HEIGHT="27" WC="0.96" CONTENT="den,"/><SP WIDTH="22" VPOS="939" HPOS="278"/>
							<String ID="string_138" HPOS="300" VPOS="945" WIDTH="45" HEIGHT="16" WC="0.96" CONTENT="som"/><SP WIDTH="16" VPOS="945" HPOS="345"/>
							<String ID="string_139" HPOS="361" VPOS="939" WIDTH="93" HEIGHT="27" WC="0.93" CONTENT="uppnått"/><SP WIDTH="15" VPOS="939" HPOS="454"/>
							<String ID="string_140" HPOS="469" VPOS="938" WIDTH="224" HEIGHT="28" WC="0.90" CONTENT="myndighetsåldern,"/><SP WIDTH="18" VPOS="938" HPOS="693"/>
							<String ID="string_141" HPOS="711" VPOS="937" WIDTH="58" HEIGHT="23" WC="0.92" CONTENT="stäld"/><SP WIDTH="15" VPOS="937" HPOS="769"/>
							<String ID="string_142" HPOS="784" VPOS="937" WIDTH="70" HEIGHT="22" WC="0.96" CONTENT="under"/>
						</TextLine>
						<TextLine ID="line_21" HPOS="105" VPOS="974" WIDTH="748" HEIGHT="28">
							<String ID="string_143" HPOS="105" VPOS="975" WIDTH="149" HEIGHT="27" WC="0.93" CONTENT="förmyndare,"/><SP WIDTH="17" VPOS="975" HPOS="254"/>
							<String ID="string_144" HPOS="271" VPOS="974" WIDTH="67" HEIGHT="23" WC="0.90" CONTENT="hafve"/><SP WIDTH="10" VPOS="974" HPOS="338"/>
							<String ID="string_145" HPOS="348" VPOS="974" WIDTH="157" HEIGHT="28" WC="0.91" CONTENT="förmyndaren"/><SP WIDTH="11" VPOS="974" HPOS="505"/>
							<String ID="string_146" HPOS="516" VPOS="974" WIDTH="67" HEIGHT="23" WC="0.96" CONTENT="sådan"/><SP WIDTH="11" VPOS="974" HPOS="583"/>
							<String ID="string_147" HPOS="594" VPOS="974" WIDTH="55" HEIGHT="23" WC="0.96" CONTENT="vård"/><SP WIDTH="11" VPOS="974" HPOS="649"/>
							<String ID="string_148" HPOS="660" VPOS="980" WIDTH="33" HEIGHT="16" WC="0.93" CONTENT="om"/><SP WIDTH="11" VPOS="980" HPOS="693"/>
							<String ID="string_149" HPOS="704" VPOS="974" WIDTH="149" HEIGHT="27" WC="0.91" CONTENT="myndlingen,"/>
						</TextLine>
						<TextLine ID="line_22" HPOS="107" VPOS="1009" WIDTH="745" HEIGHT="28">
							<String ID="string_150" HPOS="107" VPOS="1017" WIDTH="45" HEIGHT="15" WC="0.96" CONTENT="som"/><SP WIDTH="23" VPOS="1017" HPOS="152"/>
							<String ID="string_151" HPOS="175" VPOS="1009" WIDTH="25" HEIGHT="22" WC="0.96" CONTENT="af"/><SP WIDTH="20" VPOS="1009" HPOS="200"/>
							<String ID="string_152" HPOS="220" VPOS="1010" WIDTH="217" HEIGHT="27" WC="0.96" CONTENT="omständigheterna"/><SP WIDTH="21" VPOS="1010" HPOS="437"/>
							<String ID="string_153" HPOS="458" VPOS="1011" WIDTH="39" HEIGHT="21" WC="0.93" CONTENT="och"/><SP WIDTH="16" VPOS="1011" HPOS="497"/>
							<String ID="string_154" HPOS="513" VPOS="1010" WIDTH="220" HEIGHT="27" WC="0.91" CONTENT="förmynderskapets"/><SP WIDTH="16" VPOS="1010" HPOS="733"/>
							<String ID="string_155" HPOS="749" VPOS="1009" WIDTH="103" HEIGHT="28" WC="0.90" CONTENT="syftemål"/>
						</TextLine>
						<TextLine ID="line_23" HPOS="105" VPOS="1046" WIDTH="107" HEIGHT="27">
							<String ID="string_156" HPOS="105" VPOS="1046" WIDTH="107" HEIGHT="27" WC="0.95" CONTENT="påkallas."/>
						</TextLine>
					</TextBlock>
					<TextBlock ID="block_9" HPOS="448" VPOS="1093" WIDTH="62" HEIGHT="28">
						<TextLine ID="line_24" HPOS="448" VPOS="1093" WIDTH="62" HEIGHT="28">
							<String ID="string_157" HPOS="448" VPOS="1093" WIDTH="12" HEIGHT="28" WC="0.91" CONTENT="$"/><SP WIDTH="17" VPOS="1093" HPOS="460"/>
							<String ID="string_158" HPOS="477" VPOS="1095" WIDTH="33" HEIGHT="20" WC="0.95" CONTENT="36."/>
						</TextLine>
					</TextBlock>
				</ComposedBlock>
				<ComposedBlock ID="cblock_5" HPOS="106" VPOS="1140" WIDTH="747" HEIGHT="64">
					<TextBlock ID="block_10" HPOS="106" VPOS="1140" WIDTH="747" HEIGHT="64">
						<TextLine ID="line_25" HPOS="176" VPOS="1140" WIDTH="677" HEIGHT="29">
							<String ID="string_159" HPOS="176" VPOS="1141" WIDTH="152" HEIGHT="27" WC="0.93" CONTENT="Förmyndare"/><SP WIDTH="15" VPOS="1141" HPOS="328"/>
							<String ID="string_160" HPOS="343" VPOS="1140" WIDTH="69" HEIGHT="23" WC="0.91" CONTENT="vårde"/><SP WIDTH="16" VPOS="1140" HPOS="412"/>
							<String ID="string_161" HPOS="428" VPOS="1141" WIDTH="153" HEIGHT="28" WC="0.91" CONTENT="myndlingens"/><SP WIDTH="16" VPOS="1141" HPOS="581"/>
							<String ID="string_162" HPOS="597" VPOS="1140" WIDTH="152" HEIGHT="28" WC="0.96" CONTENT="förmögenhet"/><SP WIDTH="16" VPOS="1140" HPOS="749"/>
							<String ID="string_163" HPOS="765" VPOS="1140" WIDTH="31" HEIGHT="27" WC="0.96" CONTENT="så,"/><SP WIDTH="12" VPOS="1140" HPOS="796"/>
							<String ID="string_164" HPOS="808" VPOS="1146" WIDTH="45" HEIGHT="15" WC="0.96" CONTENT="som"/>
						</TextLine>
						<TextLine ID="line_26" HPOS="106" VPOS="1175" WIDTH="703" HEIGHT="29">
							<String ID="string_165" HPOS="106" VPOS="1183" WIDTH="27" HEIGHT="15" WC="0.96" CONTENT="en"/><SP WIDTH="16" VPOS="1183" HPOS="133"/>
							<String ID="string_166" HPOS="149" VPOS="1177" WIDTH="137" HEIGHT="22" WC="0.96" CONTENT="omtänksam"/><SP WIDTH="16" VPOS="1177" HPOS="286"/>
							<String ID="string_167" HPOS="302" VPOS="1183" WIDTH="49" HEIGHT="15" WC="0.96" CONTENT="man"/><SP WIDTH="16" VPOS="1183" HPOS="351"/>
							<String ID="string_168" HPOS="367" VPOS="1176" WIDTH="81" HEIGHT="22" WC="0.96" CONTENT="vårdar"/><SP WIDTH="16" VPOS="1176" HPOS="448"/>
							<String ID="string_169" HPOS="464" VPOS="1177" WIDTH="39" HEIGHT="21" WC="0.96" CONTENT="sitt"/><SP WIDTH="15" VPOS="1177" HPOS="503"/>
							<String ID="string_170" HPOS="518" VPOS="1176" WIDTH="34" HEIGHT="28" WC="0.96" CONTENT="bo,"/><SP WIDTH="17" VPOS="1176" HPOS="552"/>
							<String ID="string_171" HPOS="569" VPOS="1176" WIDTH="55" HEIGHT="22" WC="0.93" CONTENT="eller"/><SP WIDTH="16" VPOS="1176" HPOS="624"/>
							<String ID="string_172" HPOS="640" VPOS="1176" WIDTH="65" HEIGHT="27" WC="0.92" CONTENT="gälde"/><SP WIDTH="16" VPOS="1176" HPOS="705"/>
							<String ID="string_173" HPOS="721" VPOS="1175" WIDTH="88" HEIGHT="22" WC="0.95" CONTENT="skadan."/>
						</TextLine>
					</TextBlock>
				</ComposedBlock>
				<ComposedBlock ID="cblock_6" HPOS="106" VPOS="1241" WIDTH="748" HEIGHT="227">
					<TextBlock ID="block_11" HPOS="448" VPOS="1241" WIDTH="62" HEIGHT="30">
						<TextLine ID="line_27" HPOS="448" VPOS="1241" WIDTH="62" HEIGHT="30">
							<String ID="string_174" HPOS="448" VPOS="1241" WIDTH="12" HEIGHT="30" WC="0.89" CONTENT="8"/><SP WIDTH="17" VPOS="1241" HPOS="460"/>
							<String ID="string_175" HPOS="477" VPOS="1244" WIDTH="33" HEIGHT="19" WC="0.95" CONTENT="37."/>
						</TextLine>
					</TextBlock>
					<TextBlock ID="block_12" HPOS="106" VPOS="1285" WIDTH="748" HEIGHT="139">
						<TextLine ID="line_28" HPOS="177" VPOS="1285" WIDTH="677" HEIGHT="33">
							<String ID="string_176" HPOS="177" VPOS="1285" WIDTH="45" HEIGHT="27" WC="0.92" CONTENT="Äro"/><SP WIDTH="16" VPOS="1285" HPOS="222"/>
							<String ID="string_177" HPOS="238" VPOS="1290" WIDTH="53" HEIGHT="22" WC="0.96" CONTENT="flere"/><SP WIDTH="16" VPOS="1290" HPOS="291"/>
							<String ID="string_178" HPOS="307" VPOS="1289" WIDTH="147" HEIGHT="29" WC="0.95" CONTENT="förmyndare,"/><SP WIDTH="17" VPOS="1289" HPOS="454"/>
							<String ID="string_179" HPOS="471" VPOS="1292" WIDTH="39" HEIGHT="20" WC="0.96" CONTENT="bör"/><SP WIDTH="15" VPOS="1292" HPOS="510"/>
							<String ID="string_180" HPOS="525" VPOS="1292" WIDTH="79" HEIGHT="25" WC="0.96" CONTENT="rätten,"/><SP WIDTH="17" VPOS="1292" HPOS="604"/>
							<String ID="string_181" HPOS="621" VPOS="1290" WIDTH="40" HEIGHT="22" WC="0.96" CONTENT="der"/><SP WIDTH="17" VPOS="1290" HPOS="661"/>
							<String ID="string_182" HPOS="678" VPOS="1289" WIDTH="77" HEIGHT="27" WC="0.96" CONTENT="någon"/><SP WIDTH="14" VPOS="1289" HPOS="755"/>
							<String ID="string_183" HPOS="769" VPOS="1290" WIDTH="28" HEIGHT="26" WC="0.93" CONTENT="of"/><SP WIDTH="7" VPOS="1290" HPOS="797"/>
							<String ID="string_184" HPOS="804" VPOS="1290" WIDTH="50" HEIGHT="20" WC="0.96" CONTENT="dem"/>
						</TextLine>
						<TextLine ID="line_29" HPOS="107" VPOS="1324" WIDTH="747" HEIGHT="29">
							<String ID="string_185" HPOS="107" VPOS="1328" WIDTH="34" HEIGHT="20" WC="0.96" CONTENT="det"/><SP WIDTH="24" VPOS="1328" HPOS="141"/>
							<String ID="string_186" HPOS="165" VPOS="1327" WIDTH="77" HEIGHT="25" WC="0.96" CONTENT="yrkar,"/><SP WIDTH="22" VPOS="1327" HPOS="242"/>
							<String ID="string_187" HPOS="264" VPOS="1327" WIDTH="49" HEIGHT="20" WC="0.93" CONTENT="dela"/><SP WIDTH="20" VPOS="1327" HPOS="313"/>
							<String ID="string_188" HPOS="333" VPOS="1327" WIDTH="208" HEIGHT="26" WC="0.91" CONTENT="förmynderskapet"/><SP WIDTH="24" VPOS="1327" HPOS="541"/>
							<String ID="string_189" HPOS="565" VPOS="1326" WIDTH="48" HEIGHT="21" WC="0.96" CONTENT="dem"/><SP WIDTH="24" VPOS="1326" HPOS="613"/>
							<String ID="string_190" HPOS="637" VPOS="1326" WIDTH="97" HEIGHT="21" WC="0.95" CONTENT="emellan."/><SP WIDTH="38" VPOS="1326" HPOS="734"/>
							<String ID="string_191" HPOS="772" VPOS="1324" WIDTH="82" HEIGHT="22" WC="0.90" CONTENT="Finnes"/>
						</TextLine>
						<TextLine ID="line_30" HPOS="106" VPOS="1360" WIDTH="748" HEIGHT="28">
							<String ID="string_192" HPOS="106" VPOS="1362" WIDTH="59" HEIGHT="26" WC="0.93" CONTENT="eljest"/><SP WIDTH="23" VPOS="1362" HPOS="165"/>
							<String ID="string_193" HPOS="188" VPOS="1362" WIDTH="48" HEIGHT="20" WC="0.85" CONTENT="skäl"/><SP WIDTH="19" VPOS="1362" HPOS="236"/>
							<String ID="string_194" HPOS="255" VPOS="1362" WIDTH="33" HEIGHT="21" WC="0.96" CONTENT="till"/><SP WIDTH="14" VPOS="1362" HPOS="288"/>
							<String ID="string_195" HPOS="302" VPOS="1361" WIDTH="73" HEIGHT="23" WC="0.96" CONTENT="sådan"/><SP WIDTH="15" VPOS="1361" HPOS="375"/>
							<String ID="string_196" HPOS="390" VPOS="1362" WIDTH="95" HEIGHT="26" WC="0.93" CONTENT="delning,"/><SP WIDTH="14" VPOS="1362" HPOS="485"/>
							<String ID="string_197" HPOS="499" VPOS="1361" WIDTH="107" HEIGHT="27" WC="0.92" CONTENT="förordne"/><SP WIDTH="15" VPOS="1361" HPOS="606"/>
							<String ID="string_198" HPOS="621" VPOS="1362" WIDTH="72" HEIGHT="20" WC="0.96" CONTENT="rätten"/><SP WIDTH="16" VPOS="1362" HPOS="693"/>
							<String ID="string_199" HPOS="709" VPOS="1361" WIDTH="75" HEIGHT="20" WC="0.95" CONTENT="derom"/><SP WIDTH="16" VPOS="1361" HPOS="784"/>
							<String ID="string_200" HPOS="800" VPOS="1360" WIDTH="54" HEIGHT="26" WC="0.95" CONTENT="efter"/>
						</TextLine>
						<TextLine ID="line_31" HPOS="107" VPOS="1397" WIDTH="220" HEIGHT="27">
							<String ID="string_201" HPOS="107" VPOS="1397" WIDTH="220" HEIGHT="27" WC="0.95" CONTENT="omständigheterna."/>
						</TextLine>
					</TextBlock>
					<TextBlock ID="block_13" HPOS="165" VPOS="1444" WIDTH="345" HEIGHT="24">
						<TextLine ID="line_32" HPOS="165" VPOS="1444" WIDTH="345" HEIGHT="24">
							<String ID="string_202" HPOS="165" VPOS="1445" WIDTH="137" HEIGHT="23" WC="0.88" CONTENT="Lagutskottets"/><SP WIDTH="14" VPOS="1445" HPOS="302"/>
							<String ID="string_203" HPOS="316" VPOS="1444" WIDTH="115" HEIGHT="19" WC="0.96" CONTENT="betänkande"/><SP WIDTH="13" VPOS="1444" HPOS="431"/>
							<String ID="string_204" HPOS="444" VPOS="1444" WIDTH="37" HEIGHT="18" WC="0.94" CONTENT="N:o"/><SP WIDTH="12" VPOS="1444" HPOS="481"/>
							<String ID="string_205" HPOS="493" VPOS="1444" WIDTH="17" HEIGHT="18" WC="0.93" CONTENT="4."/>
						</TextLine>
					</TextBlock>
				</ComposedBlock>
			</PrintSpace>
		</Page>
	</Layout>
</alto>
