1042 1709
88 282 88 22 Stämpel-

64 310 57 23 afgift
132 310 30 18 för
172 311 27 17 af-

78 339 110 23 handlingar

76 367 75 18 emellan
163 373 31 12 en-

99 396 66 18 skilda.

231 105 29 21 40
429 103 24 23 U.
469 102 24 23 B.
508 116 28 2 —
551 102 65 30 Prop.
631 102 37 23 N:o
685 102 34 22 15:

247 288 44 21 ras,
308 281 72 25 skola,
396 280 29 22 då
440 280 28 22 de
483 280 37 22 för
534 280 117 22 vinnande
662 280 25 22 af
699 280 86 28 lagfart
793 280 51 22 vid
835 276 12 37 :

248 316 100 22 domstol
363 315 92 27 företes,
471 316 72 28 draga
557 315 98 28 stämpel
670 316 8 21 i
688 314 146 23 förhållande

247 351 38 21 till
300 350 154 28 egendomens
470 350 71 22 värde
555 349 107 23 sålunda:

286 384 38 22 till
340 384 42 22 och
398 384 52 22 med
466 384 41 22 100
521 384 66 21 mark

288 420 59 20 samt
362 418 132 22 derutöfver
508 417 38 23 för
561 418 78 28 hvarje
649 401 59 39 falla
718 396 43 54 100
768 402 65 38 mark

316 452 92 22 Samma
426 452 171 29 stämpelafgift
613 452 74 28 gäller
701 452 37 22 för
753 452 80 29 dylika

287 486 139 29 handlingar
448 486 119 29 angående
589 486 85 29 fartyg,
690 487 29 21 då
738 487 40 21 det
795 487 38 22 till

286 521 153 29 registrering
467 521 108 27 anmäles,
599 524 59 19 samt
686 521 78 22 fabrik
791 521 42 23 och

287 562 76 15 annan
378 556 138 28 inrättning,
532 563 49 14 som
597 556 20 28 ej
633 555 26 22 af
672 556 113 28 fastighet
800 556 33 22 åt-

286 590 75 29 följes,
378 590 28 22 då
421 590 138 28 inteckning
574 590 49 22 deri
639 590 74 22 sökes.

315 625 49 21 Har
386 624 118 29 fastighet,
521 626 72 20 innan
615 624 96 29 uppbud
730 626 103 27 vunnits,

286 659 56 22 eller
357 658 85 30 fartyg,
454 666 49 14 som
514 659 101 22 anmäles
626 659 37 21 till
673 660 159 28 registrering,

287 694 61 22 varit
362 693 96 22 föremål
473 693 37 22 för
524 693 55 22 flere
594 693 165 28 öfverlåtelser,
773 694 60 22 skall

286 728 80 28 hvarje
374 727 269 29 öfverlåtelsehandling,
650 727 29 22 då
686 728 87 28 lagfart
778 728 56 22 eller

286 762 152 29 registrering
454 762 75 28 sökes,
539 762 72 28 draga
624 762 100 22 särskild
735 763 98 28 stämpel

287 797 75 21 såsom
385 796 41 22 här
448 800 25 18 är
495 796 74 29 sagdt.
599 796 74 22 Dock
691 798 40 20 må
746 796 87 23 öfver-

286 830 243 29 låtelsehandling,
543 830 129 23 utfärdad
685 830 58 23 före
759 831 50 22 den
821 833 10 21 1

286 866 114 22 Januari
417 866 70 28 1892,
499 866 123 22 karteras
637 866 86 22 såsom
734 866 98 29 bilaga.

314 900 37 22 Då
370 900 112 28 egendom
502 900 27 22 af
541 900 44 22 den
601 900 166 28 beskaffenhet,
784 908 49 14 som

287 935 41 21 här
346 935 74 21 finnes
440 934 130 28 omnämnd,
586 934 111 28 frivilligt
711 935 57 21 eller
782 942 51 14 exe-

286 969 80 22 kutivt
383 968 87 22 medels
486 968 97 22 auktion
598 968 112 29 försäljes,
726 976 54 15 vare
796 970 37 28 sig

286 1010 84 22 genom
386 1002 106 29 offentlig
506 1002 139 29 myndighet
655 1003 56 21 eller
720 1003 9 21 i
739 1003 94 21 enskild

286 1040 52 25 väg,
354 1036 60 22 skall
433 1036 109 27 salubref,
557 1036 95 28 belagdt
666 1036 52 22 med
733 1037 98 28 stämpel

286 1070 39 22 till
348 1070 70 22 ofvan
440 1070 111 29 stadgade
569 1070 90 29 belopp,
675 1070 38 22 till
731 1071 102 29 köparen

287 1104 109 22 utfärdas.
428 1105 204 29 Stämpelafgiften
651 1105 69 28 utgår
734 1112 29 14 ur
777 1105 56 22 auk-

286 1138 199 29 tionsskillingen,
499 1138 80 23 såvida
594 1139 144 21 annorlunda
748 1140 21 28 ej
781 1139 52 22 blif-

287 1174 35 21 vit
336 1172 145 23 förbehållet.

219 1207 216 28 Leveranskontrakt,
452 1214 24 15 se
491 1209 13 21 3
519 1209 20 26 8,
555 1203 126 50 Kontrakt.

218 1242 206 27 Löftesförbindelse,
447 1242 133 21 tecknad
561 1238 23 35 å
569 1242 6 7 s
597 1241 126 55 behörigen
747 1244 85 26 stämp-

246 1274 38 22 lad
294 1270 120 47 handling
436 1291 4 4 -
685 1290 74 7 e.
802 1276 32 28 fi

247 1308 53 22 Sei
316 1308 72 29 öfrigt
402 1287 167 55 Borgosskrift,
579 1292 20 39 4
613 1291 20 45 3.

222 1342 152 30 Obligationer,
397 1342 53 23 med
472 1343 120 29 undantag
613 1342 26 23 af
659 1343 28 22 de
702 1344 73 22 under
791 1346 13 21 3
820 1346 13 27 &

247 1377 144 29 omnämnda,
407 1378 110 28 stämplas
534 1378 75 22 såsom
623 1378 171 30 Förskrifning.

218 1412 110 29 Pantbref
340 1413 110 29 stämplas
465 1413 76 22 såsom
555 1413 127 29 Köpebref.
