1045 1709
326 114 28 23 U.
369 115 27 22 B.
413 128 27 3 —
455 115 73 30 Prop.
544 116 44 23 N:o
602 116 37 22 21.

372 485 197 24 Statsutskottets
590 487 155 23 betänkande
767 487 43 24 N:o
828 488 21 28 7,

301 520 10 22 i
332 520 134 28 anledning
486 521 26 22 af
530 521 65 23 Hans
618 521 136 29 Kejserliga
778 522 71 29 Maje-

302 555 60 22 stäts
383 554 90 29 nädiga
489 555 162 29 proposition,
667 555 125 28 angäende
807 563 42 16 an-

289 589 64 31 "slag
366 588 41 23 för
418 589 187 24 fullbordandet
617 590 28 22 af
654 589 194 30 Keuru—Jyväs-

300 623 79 28 kylä—
389 623 111 23 Suolahti
522 624 62 23 samt
608 617 151 30 Äbo—Karis
778 626 69 28 järn-

300 658 206 28 vägsbyggnader.

162 724 52 22 Den
240 724 87 29 nädiga
352 724 175 29 propositionen
549 724 43 22 har
609 725 24 22 af
650 725 109 29 samtliga
776 725 69 23 ständ

92 759 144 29 hänskjutits
254 759 37 22 till
310 759 192 22 Statsutskottets
514 759 167 22 förberedande
693 759 150 30 behandling,

93 793 43 23 och
162 793 43 23 har
230 793 123 22 Utskottet
380 793 112 30 därjämte
519 794 45 22 fätt
591 796 117 27 emottaga
726 795 118 28 protokoll

93 829 64 22 öfver
175 830 34 20 ett
226 828 40 22 vid
285 827 106 23 ärendets
408 828 80 22 remiss
506 829 9 21 i
531 829 198 29 Borgareständet
745 829 98 29 afgifvet

90 863 117 29 yttrande.
241 863 63 22 Från
330 862 133 30 Kejserliga
490 863 102 22 Senaten
609 863 42 22 har
668 863 123 22 Utskottet
809 872 33 14 er-

90 897 69 23 hållit
180 897 175 29 underrättelse,
374 899 35 20 att
426 897 41 22 vid
485 897 186 30 propositionens
689 899 152 28 uppgörande

90 933 145 28 omröstning
252 932 52 22 icke
321 932 117 22 förefallit.

157 967 52 22 Den
227 966 243 29 kostnadsberäkning
486 967 23 22 af
522 967 131 28 8,035,000
667 967 72 28 mark,
752 975 49 15 som
817 967 24 22 af

90 1001 131 22 Ständerna
247 1001 41 22 vid
316 1001 65 22 1894
403 1003 36 20 års
457 1001 114 29 landtdag
588 1001 117 30 godkänts
723 1002 37 22 för
777 1003 62 28 järn-

87 1037 233 28 vägsanläggningen
359 1036 101 22 Keuru—
475 1036 130 29 Jyväskylä
615 1049 10 2 —
641 1036 112 29 Suolahti,
788 1036 49 29 har,

88 1071 74 29 enligt
187 1070 62 23 hvad
277 1071 23 22 af
326 1069 46 23 den
397 1070 87 30 nädiga
514 1071 175 29 propositionen
715 1071 122 28 inhemtas,

85 1105 80 22 blifvit
183 1113 84 21 genom
285 1105 39 21 det
341 1105 129 22 sedermera
488 1105 135 22 utarbetade
641 1105 120 23 definitiva
773 1105 63 22 kost-

85 1139 172 29 nadsförslaget
282 1139 129 22 bekräftad.
450 1140 47 21 För
523 1139 178 29 ifrågavarande
727 1139 67 28 bana,
822 1141 14 20 å

85 1173 97 23 hvilken
209 1174 109 21 arbetena
344 1173 138 29 påbörjades
505 1174 8 21 i
536 1173 103 22 februari
667 1174 72 27 1895,
761 1173 43 23 har
821 1175 14 20 å

85 1207 39 23 det
143 1208 23 22 af
183 1207 131 22 Ständerna
331 1208 37 22 för
384 1207 200 30 budgetperioden
608 1207 165 22 1895—1897
795 1216 39 13 an-

83 1242 80 23 visade
191 1243 105 28 anslaget
322 1243 24 21 af
370 1242 130 29 6,000,000
518 1242 66 23 mark
601 1241 74 23 under
693 1243 55 21 åren
768 1243 64 21 1895

83 1277 44 22 och
156 1277 64 22 1896
247 1277 127 22 utbetalats
394 1277 82 22 inalles
500 1277 131 28 5,000,000
649 1277 71 28 mark,
739 1277 93 22 hvadan

85 1312 130 28 1,000,000
235 1313 67 20 mark
324 1312 85 21 återstå
435 1312 38 21 till
499 1311 151 28 användning
675 1311 74 22 under
766 1312 65 21 inne-

81 1345 103 22 varande
211 1347 26 20 år
257 1345 71 22 1897.
363 1345 32 22 Af
417 1345 28 22 de
463 1345 9 21 i
489 1346 45 21 den
552 1345 87 28 nådiga
656 1346 175 27 propositionen

81 1379 138 22 framhållna
237 1379 51 22 skäl
305 1379 43 22 har
366 1379 39 22 det
422 1379 60 22 dock
500 1380 87 21 ansetts
605 1378 70 23 lända
693 1379 65 22 detta
769 1380 62 28 järn-

80 1414 138 29 vägsarbete
245 1415 37 21 till
307 1413 81 29 fördel,
416 1421 37 15 om
470 1416 34 19 ett
522 1417 72 19 större
613 1414 82 28 anslag
712 1413 75 23 under
805 1414 26 21 år

150 1463 142 18 Statsutskottets
304 1462 110 19 betänkande
425 1462 37 18 N:o
478 1463 15 18 7.
