1039 1714
300 119 75 23 Ständ.
391 119 34 22 Sv.
444 133 23 2 —
484 120 65 29 Prop.
565 120 38 22 N:o
620 119 33 23 19.
826 120 28 22 15

166 185 276 29 Förmyndarenämnden
464 186 76 22 består
562 186 27 21 af
608 185 137 22 ordförande
760 185 43 22 och
818 187 36 19 tre

99 220 62 28 eller,
178 220 40 21 där
232 222 77 19 rätten
323 220 95 28 pröfvar
432 220 39 22 det
485 220 90 29 nödigt,
591 220 54 22 flere
660 220 132 21 ledamöter.

453 300 48 26 38.

167 350 143 22 Ordförande
325 350 9 22 i
348 350 233 29 förmyndarenämnd
598 353 63 19 utses
681 351 26 22 af
719 353 77 19 ortens
811 358 44 14 un-

99 385 87 21 derrätt
200 386 37 21 för
252 393 28 13 en
294 384 36 23 tid
345 385 25 21 af
382 385 52 29 fyra
449 386 140 22 kalenderär.
603 386 33 21 Pä
646 385 79 22 landet
735 386 43 21 bör
788 386 64 20 kom-

98 420 196 22 munalnämnden
316 420 42 22 och
372 420 10 21 i
396 420 56 26 stad,
476 421 42 21 där
539 420 210 29 stadsfullmäktige
771 420 82 28 finnas,

99 454 64 22 desse
178 454 88 22 lemnas
282 454 93 22 tillfälle
390 454 152 22 attiärendet
550 454 89 30 afgifva
648 454 116 29 yttrande.
779 454 78 22 Leda-

98 492 104 19 möterne
218 489 78 29 väljas,
312 489 36 22 för
362 488 49 22 lika
430 489 40 28 tid,
487 490 29 28 pä
530 490 80 21 landet
624 490 27 21 af
664 488 191 23 kommunalfull-

98 523 104 29 mäktige
217 524 42 21 och
274 524 9 21 i
298 524 50 21 stad
363 523 25 22 af
401 523 211 29 stadsfullmäktige
635 524 62 28 eller,
714 524 40 21 där
769 523 85 21 sädana

98 558 146 28 fullmäktige
259 558 21 28 ej
296 558 81 28 finnas,
400 558 26 21 af
445 558 142 22 kommunal-
601 558 42 22 och
659 558 86 22 allmän
759 558 95 21 rädhus-

99 595 102 19 stämma.
231 592 67 22 Dock
312 592 56 22 böra
382 592 155 22 ledamöterne
553 593 72 21 första
640 593 92 28 gängen
741 594 63 20 utses
815 600 38 14 en-

99 627 52 22 dast
164 626 38 23 för
216 629 35 19 tre
266 627 25 21 är
306 629 60 19 samt
380 626 26 22 af
419 627 51 22 dem
486 635 29 13 en
529 627 113 29 tredjedel
650 627 62 27 eller,
722 634 37 14 om
768 627 86 21 antalet

99 662 20 28 ej
137 666 24 17 är
174 663 76 27 jämnt
265 661 95 28 delbart,
376 664 113 20 närmaste
509 661 123 23 hufvndtal
647 661 41 22 vid
703 662 73 21 första
792 661 60 21 årets

99 696 43 22 och
157 696 49 22 lika
220 696 63 22 antal
298 696 40 22 vid
353 696 72 22 andra
439 697 60 21 årets
520 697 89 27 utgång
625 695 58 22 efter
699 695 103 29 lottning
817 697 41 20 ut--

99 730 76 28 träda;
187 730 43 22 och
244 730 104 22 kommer
363 730 68 22 alltsä
445 730 40 22 vid
502 730 69 23 hvart
584 730 75 29 fjärde
669 731 36 20 ärs
715 730 89 28 utgäng
815 737 39 14 en-

100 765 52 22 dast
166 764 155 22 ordföranden
336 766 34 20 att
384 764 60 29 afgä.

168 794 33 27 Är
216 800 110 22 kommun
342 799 56 22 eller
413 799 38 21 del
466 799 25 22 af
505 799 70 22 sädan
597 798 97 22 förenad
709 799 52 21 med
777 806 78 14 annan

100 834 110 22 kommun
225 834 37 22 till
270 836 34 19 ett
311 833 344 29 förmyndarenämndsomräde,
664 833 60 21 skall
731 832 123 22 ledamots-

101 870 62 21 valet
176 868 108 22 förrättas
300 869 12 21 ä
327 875 131 22 gemensam
473 868 237 22 kommunalstämma.

454 968 47 25 48.

170 1017 43 22 Val
228 1018 25 21 af
265 1018 101 21 ledamot
380 1017 8 21 i
402 1017 237 29 förmyndarenämnd
661 1016 59 22 skall
744 1016 110 22 anställas

101 1053 30 28 pä
144 1052 79 22 landet
237 1054 77 20 senast
329 1052 9 21 i
352 1052 135 29 September
495 1052 43 22 och
553 1052 9 21 i
578 1051 51 23 stad
644 1053 77 20 senast
736 1052 9 20 i
759 1051 96 23 Decem-

100 1087 41 21 ber
162 1086 84 22 mänad
268 1086 39 22 det
328 1086 30 28 är,
382 1086 40 22 vid
442 1086 69 22 hvars
530 1086 89 29 utgäng
635 1086 163 28 befattningen
813 1085 43 22 bör

101 1121 121 23 tillträdas.

169 1156 75 28 Afgär
259 1154 137 23 ordförande
412 1155 54 22 eller
481 1155 100 22 ledamot
595 1156 73 20 innan
677 1154 65 22 tiden
753 1154 36 22 för
796 1154 58 22 hans

101 1190 105 29 uppdrag
221 1194 24 18 är
258 1192 46 26 ute,
321 1190 69 22 varde
405 1197 76 15 annan
496 1190 8 21 i
519 1190 58 22 hans
600 1190 66 21 ställe
683 1189 37 22 för
736 1190 44 21 den
797 1190 58 21 äter-

101 1225 95 22 stäende
218 1225 65 21 tiden
305 1224 166 29 ofördröjligen
496 1224 90 22 utsedd.
621 1224 60 29 Nytt
703 1224 151 21 ledamotsval

102 1259 60 22 skall
176 1259 43 22 ock
234 1259 114 28 anställas,
365 1259 39 22 där
419 1259 100 22 ledamot
532 1261 62 20 utses
609 1259 38 21 till
661 1258 148 22 ordförande.

171 1293 43 22 Om
228 1294 120 28 utgången
363 1293 26 22 af
400 1293 151 22 ledamotsval
567 1293 58 22 skall
640 1292 109 22 domaren
765 1293 8 21 i
788 1294 66 21 orten

102 1330 82 25 genast
199 1328 153 21 underrättas.

170 1354 144 28 Äsidosättes
330 1361 37 21 val
382 1361 26 21 af
422 1361 106 28 ledamot,
551 1368 42 21 ege
615 1362 76 20 rätten
710 1362 52 19 utse
777 1360 78 28 någon

103 1397 34 20 att
151 1395 132 22 handhafva
297 1395 161 29 befattningen
474 1395 37 22 till
526 1395 52 21 dess
593 1394 107 29 behörigt
715 1394 38 22 val
768 1394 9 21 i
791 1394 70 21 kom-

103 1438 85 15 munen
204 1431 103 21 anstälts.
