<?xml version="1.0" encoding="UTF-8"?>
<alto xmlns="http://www.loc.gov/standards/alto/ns-v3#" xmlns:xlink="http://www.w3.org/1999/xlink" xmlns:xsi="http://www.w3.org/2001/XMLSchema-instance" xsi:schemaLocation="http://www.loc.gov/standards/alto/ns-v3# http://www.loc.gov/alto/v3/alto-3-0.xsd">
	<Description>
		<MeasurementUnit>pixel</MeasurementUnit>
		<sourceImageInformation>
			<fileName>/tmp/tess_7x7cug57_input.PNG</fileName>
		</sourceImageInformation>
		<OCRProcessing ID="OCR_0">
			<ocrProcessingStep>
				<processingSoftware>
					<softwareName>tesseract 5.3.4</softwareName>
				</processingSoftware>
			</ocrProcessingStep>
		</OCRProcessing>
	</Description>
	<Layout>
		<Page WIDTH="1045" HEIGHT="1709" PHYSICAL_IMG_NR="0" ID="page_0">
			<PrintSpace HPOS="0" VPOS="0" WIDTH="1045" HEIGHT="1709">
				<ComposedBlock ID="cblock_0" HPOS="315" VPOS="112" WIDTH="318" HEIGHT="29">
					<TextBlock ID="block_0" HPOS="315" VPOS="112" WIDTH="318" HEIGHT="29">
						<TextLine ID="line_0" HPOS="315" VPOS="112" WIDTH="318" HEIGHT="29">
							<String ID="string_0" HPOS="315" VPOS="112" WIDTH="30" HEIGHT="24" WC="0.88" CONTENT="U."/><SP WIDTH="15" VPOS="112" HPOS="345"/>
							<String ID="string_1" HPOS="360" VPOS="112" WIDTH="27" HEIGHT="24" WC="0.91" CONTENT="B."/><SP WIDTH="16" VPOS="112" HPOS="387"/>
							<String ID="string_2" HPOS="403" VPOS="126" WIDTH="28" HEIGHT="3" WC="0.90" CONTENT="—"/><SP WIDTH="15" VPOS="126" HPOS="431"/>
							<String ID="string_3" HPOS="446" VPOS="112" WIDTH="73" HEIGHT="29" WC="0.95" CONTENT="Prop."/><SP WIDTH="15" VPOS="112" HPOS="519"/>
							<String ID="string_4" HPOS="534" VPOS="112" WIDTH="45" HEIGHT="24" WC="0.93" CONTENT="N:o"/><SP WIDTH="16" VPOS="112" HPOS="579"/>
							<String ID="string_5" HPOS="595" VPOS="112" WIDTH="38" HEIGHT="23" WC="0.96" CONTENT="22."/>
						</TextLine>
					</TextBlock>
				</ComposedBlock>
				<ComposedBlock ID="cblock_1" HPOS="303" VPOS="524" WIDTH="550" HEIGHT="166">
					<TextBlock ID="block_1" HPOS="303" VPOS="524" WIDTH="550" HEIGHT="166">
						<TextLine ID="line_1" HPOS="372" VPOS="524" WIDTH="479" HEIGHT="28">
							<String ID="string_6" HPOS="372" VPOS="525" WIDTH="72" HEIGHT="27" WC="0.91" CONTENT="Lag-"/><SP WIDTH="27" VPOS="525" HPOS="444"/>
							<String ID="string_7" HPOS="471" VPOS="525" WIDTH="60" HEIGHT="22" WC="0.93" CONTENT="och"/><SP WIDTH="22" VPOS="525" HPOS="531"/>
							<String ID="string_8" HPOS="553" VPOS="524" WIDTH="298" HEIGHT="25" WC="0.89" CONTENT="Ekonomiutskot-"/>
						</TextLine>
						<TextLine ID="line_2" HPOS="303" VPOS="559" WIDTH="549" HEIGHT="24">
							<String ID="string_9" HPOS="303" VPOS="559" WIDTH="69" HEIGHT="22" WC="0.91" CONTENT="tets"/><SP WIDTH="24" VPOS="559" HPOS="372"/>
							<String ID="string_10" HPOS="396" VPOS="559" WIDTH="217" HEIGHT="22" WC="0.90" CONTENT="betänkande"/><SP WIDTH="24" VPOS="559" HPOS="613"/>
							<String ID="string_11" HPOS="637" VPOS="559" WIDTH="56" HEIGHT="23" WC="0.93" CONTENT="N:o"/><SP WIDTH="22" VPOS="559" HPOS="693"/>
							<String ID="string_12" HPOS="715" VPOS="559" WIDTH="40" HEIGHT="22" WC="0.90" CONTENT="4i"/><SP WIDTH="15" VPOS="559" HPOS="755"/>
							<String ID="string_13" HPOS="770" VPOS="559" WIDTH="82" HEIGHT="24" WC="0.91" CONTENT="anled-"/>
						</TextLine>
						<TextLine ID="line_3" HPOS="303" VPOS="593" WIDTH="549" HEIGHT="30">
							<String ID="string_14" HPOS="303" VPOS="593" WIDTH="62" HEIGHT="28" WC="0.96" CONTENT="ning"/><SP WIDTH="10" VPOS="593" HPOS="365"/>
							<String ID="string_15" HPOS="375" VPOS="593" WIDTH="27" HEIGHT="22" WC="0.96" CONTENT="af"/><SP WIDTH="6" VPOS="593" HPOS="402"/>
							<String ID="string_16" HPOS="408" VPOS="593" WIDTH="65" HEIGHT="22" WC="0.93" CONTENT="Hans"/><SP WIDTH="11" VPOS="593" HPOS="473"/>
							<String ID="string_17" HPOS="484" VPOS="593" WIDTH="136" HEIGHT="29" WC="0.92" CONTENT="Kejserliga"/><SP WIDTH="10" VPOS="593" HPOS="620"/>
							<String ID="string_18" HPOS="630" VPOS="593" WIDTH="122" HEIGHT="30" WC="0.92" CONTENT="Majestäts"/><SP WIDTH="11" VPOS="593" HPOS="752"/>
							<String ID="string_19" HPOS="763" VPOS="594" WIDTH="89" HEIGHT="28" WC="0.91" CONTENT="nädiga"/>
						</TextLine>
						<TextLine ID="line_4" HPOS="303" VPOS="627" WIDTH="550" HEIGHT="29">
							<String ID="string_20" HPOS="303" VPOS="627" WIDTH="156" HEIGHT="28" WC="0.96" CONTENT="proposition"/><SP WIDTH="15" VPOS="627" HPOS="459"/>
							<String ID="string_21" HPOS="474" VPOS="627" WIDTH="56" HEIGHT="22" WC="0.96" CONTENT="med"/><SP WIDTH="15" VPOS="627" HPOS="530"/>
							<String ID="string_22" HPOS="545" VPOS="627" WIDTH="93" HEIGHT="29" WC="0.96" CONTENT="förslag"/><SP WIDTH="14" VPOS="627" HPOS="638"/>
							<String ID="string_23" HPOS="652" VPOS="628" WIDTH="42" HEIGHT="23" WC="0.93" CONTENT="till"/><SP WIDTH="10" VPOS="628" HPOS="694"/>
							<String ID="string_24" HPOS="704" VPOS="627" WIDTH="149" HEIGHT="28" WC="0.92" CONTENT="förordning"/>
						</TextLine>
						<TextLine ID="line_5" HPOS="305" VPOS="662" WIDTH="115" HEIGHT="28">
							<String ID="string_25" HPOS="305" VPOS="666" WIDTH="40" HEIGHT="17" WC="0.89" CONTENT="om"/><SP WIDTH="12" VPOS="666" HPOS="345"/>
							<String ID="string_26" HPOS="357" VPOS="662" WIDTH="63" HEIGHT="28" WC="0.89" CONTENT="jagt."/>
						</TextLine>
					</TextBlock>
				</ComposedBlock>
				<ComposedBlock ID="cblock_2" HPOS="97" VPOS="741" WIDTH="757" HEIGHT="371">
					<TextBlock ID="block_2" HPOS="97" VPOS="741" WIDTH="757" HEIGHT="371">
						<TextLine ID="line_6" HPOS="167" VPOS="741" WIDTH="686" HEIGHT="28">
							<String ID="string_27" HPOS="167" VPOS="742" WIDTH="49" HEIGHT="21" WC="0.93" CONTENT="Den"/><SP WIDTH="15" VPOS="742" HPOS="216"/>
							<String ID="string_28" HPOS="231" VPOS="741" WIDTH="156" HEIGHT="22" WC="0.93" CONTENT="förberedande"/><SP WIDTH="16" VPOS="741" HPOS="387"/>
							<String ID="string_29" HPOS="403" VPOS="741" WIDTH="188" HEIGHT="28" WC="0.92" CONTENT="handläggningen"/><SP WIDTH="11" VPOS="741" HPOS="591"/>
							<String ID="string_30" HPOS="602" VPOS="742" WIDTH="25" HEIGHT="21" WC="0.96" CONTENT="af"/><SP WIDTH="7" VPOS="742" HPOS="627"/>
							<String ID="string_31" HPOS="634" VPOS="742" WIDTH="70" HEIGHT="21" WC="0.93" CONTENT="denna"/><SP WIDTH="10" VPOS="742" HPOS="704"/>
							<String ID="string_32" HPOS="714" VPOS="743" WIDTH="79" HEIGHT="26" WC="0.92" CONTENT="nädiga"/><SP WIDTH="9" VPOS="743" HPOS="793"/>
							<String ID="string_33" HPOS="802" VPOS="749" WIDTH="51" HEIGHT="20" WC="0.91" CONTENT="pro-"/>
						</TextLine>
						<TextLine ID="line_7" HPOS="97" VPOS="776" WIDTH="756" HEIGHT="29">
							<String ID="string_34" HPOS="97" VPOS="777" WIDTH="97" HEIGHT="28" WC="0.96" CONTENT="position"/><SP WIDTH="23" VPOS="777" HPOS="194"/>
							<String ID="string_35" HPOS="217" VPOS="776" WIDTH="39" HEIGHT="21" WC="0.96" CONTENT="har"/><SP WIDTH="22" VPOS="776" HPOS="256"/>
							<String ID="string_36" HPOS="278" VPOS="776" WIDTH="23" HEIGHT="21" WC="0.96" CONTENT="af"/><SP WIDTH="20" VPOS="776" HPOS="301"/>
							<String ID="string_37" HPOS="321" VPOS="776" WIDTH="100" HEIGHT="27" WC="0.92" CONTENT="samtliga"/><SP WIDTH="22" VPOS="776" HPOS="421"/>
							<String ID="string_38" HPOS="443" VPOS="777" WIDTH="64" HEIGHT="20" WC="0.93" CONTENT="stånd"/><SP WIDTH="18" VPOS="777" HPOS="507"/>
							<String ID="string_39" HPOS="525" VPOS="776" WIDTH="152" HEIGHT="21" WC="0.83" CONTENT="öfverlemnats"/><SP WIDTH="14" VPOS="776" HPOS="677"/>
							<String ID="string_40" HPOS="691" VPOS="776" WIDTH="33" HEIGHT="22" WC="0.93" CONTENT="till"/><SP WIDTH="14" VPOS="776" HPOS="724"/>
							<String ID="string_41" HPOS="738" VPOS="777" WIDTH="57" HEIGHT="27" WC="0.93" CONTENT="Lag-"/><SP WIDTH="16" VPOS="777" HPOS="795"/>
							<String ID="string_42" HPOS="811" VPOS="776" WIDTH="42" HEIGHT="21" WC="0.96" CONTENT="och"/>
						</TextLine>
						<TextLine ID="line_8" HPOS="98" VPOS="810" WIDTH="753" HEIGHT="26">
							<String ID="string_43" HPOS="98" VPOS="810" WIDTH="222" HEIGHT="26" WC="0.91" CONTENT="Ekonomiutskottet,"/><SP WIDTH="17" VPOS="810" HPOS="320"/>
							<String ID="string_44" HPOS="337" VPOS="817" WIDTH="47" HEIGHT="14" WC="0.93" CONTENT="som"/><SP WIDTH="16" VPOS="817" HPOS="384"/>
							<String ID="string_45" HPOS="400" VPOS="810" WIDTH="79" HEIGHT="21" WC="0.91" CONTENT="derhos"/><SP WIDTH="16" VPOS="810" HPOS="479"/>
							<String ID="string_46" HPOS="495" VPOS="810" WIDTH="82" HEIGHT="21" WC="0.91" CONTENT="erhällit"/><SP WIDTH="15" VPOS="810" HPOS="577"/>
							<String ID="string_47" HPOS="592" VPOS="811" WIDTH="35" HEIGHT="20" WC="0.96" CONTENT="del"/><SP WIDTH="15" VPOS="811" HPOS="627"/>
							<String ID="string_48" HPOS="642" VPOS="811" WIDTH="24" HEIGHT="20" WC="0.96" CONTENT="af"/><SP WIDTH="12" VPOS="811" HPOS="666"/>
							<String ID="string_49" HPOS="678" VPOS="811" WIDTH="28" HEIGHT="20" WC="0.93" CONTENT="de"/><SP WIDTH="14" VPOS="811" HPOS="706"/>
							<String ID="string_50" HPOS="720" VPOS="811" WIDTH="131" HEIGHT="24" WC="0.92" CONTENT="uttalanden,"/>
						</TextLine>
						<TextLine ID="line_9" HPOS="98" VPOS="844" WIDTH="754" HEIGHT="28">
							<String ID="string_51" HPOS="98" VPOS="845" WIDTH="73" HEIGHT="22" WC="0.92" CONTENT="hvilka"/><SP WIDTH="20" VPOS="845" HPOS="171"/>
							<String ID="string_52" HPOS="191" VPOS="845" WIDTH="37" HEIGHT="22" WC="0.93" CONTENT="vid"/><SP WIDTH="16" VPOS="845" HPOS="228"/>
							<String ID="string_53" HPOS="244" VPOS="845" WIDTH="100" HEIGHT="21" WC="0.92" CONTENT="ärendets"/><SP WIDTH="16" VPOS="845" HPOS="344"/>
							<String ID="string_54" HPOS="360" VPOS="846" WIDTH="75" HEIGHT="20" WC="0.91" CONTENT="remiss"/><SP WIDTH="14" VPOS="846" HPOS="435"/>
							<String ID="string_55" HPOS="449" VPOS="845" WIDTH="71" HEIGHT="21" WC="0.92" CONTENT="blifvit"/><SP WIDTH="14" VPOS="845" HPOS="520"/>
							<String ID="string_56" HPOS="534" VPOS="844" WIDTH="76" HEIGHT="28" WC="0.92" CONTENT="gjorda"/><SP WIDTH="15" VPOS="844" HPOS="610"/>
							<String ID="string_57" HPOS="625" VPOS="846" WIDTH="30" HEIGHT="21" WC="0.92" CONTENT="uti"/><SP WIDTH="11" VPOS="846" HPOS="655"/>
							<String ID="string_58" HPOS="666" VPOS="845" WIDTH="100" HEIGHT="22" WC="0.91" CONTENT="bemälda"/><SP WIDTH="16" VPOS="845" HPOS="766"/>
							<String ID="string_59" HPOS="782" VPOS="845" WIDTH="70" HEIGHT="22" WC="0.93" CONTENT="ständ."/>
						</TextLine>
						<TextLine ID="line_10" HPOS="99" VPOS="879" WIDTH="754" HEIGHT="28">
							<String ID="string_60" HPOS="99" VPOS="880" WIDTH="30" HEIGHT="21" WC="0.96" CONTENT="På"/><SP WIDTH="21" VPOS="880" HPOS="129"/>
							<String ID="string_61" HPOS="150" VPOS="879" WIDTH="96" HEIGHT="28" WC="0.96" CONTENT="begäran"/><SP WIDTH="22" VPOS="879" HPOS="246"/>
							<String ID="string_62" HPOS="268" VPOS="879" WIDTH="38" HEIGHT="21" WC="0.93" CONTENT="har"/><SP WIDTH="21" VPOS="879" HPOS="306"/>
							<String ID="string_63" HPOS="327" VPOS="879" WIDTH="115" HEIGHT="22" WC="0.96" CONTENT="Utskottet"/><SP WIDTH="23" VPOS="879" HPOS="442"/>
							<String ID="string_64" HPOS="465" VPOS="879" WIDTH="45" HEIGHT="21" WC="0.93" CONTENT="från"/><SP WIDTH="14" VPOS="879" HPOS="510"/>
							<String ID="string_65" HPOS="524" VPOS="879" WIDTH="329" HEIGHT="28" WC="0.92" CONTENT="Ekonomiedepartementets"/><SP WIDTH="-14" VPOS="879" HPOS="853"/>
							<String ID="string_66" HPOS="839" VPOS="875" WIDTH="18" HEIGHT="36" WC="0.96" CONTENT="i"/>
						</TextLine>
						<TextLine ID="line_11" HPOS="98" VPOS="913" WIDTH="755" HEIGHT="28">
							<String ID="string_67" HPOS="98" VPOS="913" WIDTH="123" HEIGHT="28" WC="0.95" CONTENT="Kejserliga"/><SP WIDTH="20" VPOS="913" HPOS="221"/>
							<String ID="string_68" HPOS="241" VPOS="913" WIDTH="95" HEIGHT="22" WC="0.96" CONTENT="Senaten"/><SP WIDTH="22" VPOS="913" HPOS="336"/>
							<String ID="string_69" HPOS="358" VPOS="913" WIDTH="33" HEIGHT="21" WC="0.96" CONTENT="för"/><SP WIDTH="14" VPOS="913" HPOS="391"/>
							<String ID="string_70" HPOS="405" VPOS="913" WIDTH="90" HEIGHT="21" WC="0.96" CONTENT="Finland"/><SP WIDTH="15" VPOS="913" HPOS="495"/>
							<String ID="string_71" HPOS="510" VPOS="913" WIDTH="75" HEIGHT="21" WC="0.96" CONTENT="Kansli"/><SP WIDTH="15" VPOS="913" HPOS="585"/>
							<String ID="string_72" HPOS="600" VPOS="913" WIDTH="40" HEIGHT="21" WC="0.93" CONTENT="fått"/><SP WIDTH="15" VPOS="913" HPOS="640"/>
							<String ID="string_73" HPOS="655" VPOS="917" WIDTH="116" HEIGHT="24" WC="0.92" CONTENT="emottaga,"/><SP WIDTH="14" VPOS="917" HPOS="771"/>
							<String ID="string_74" HPOS="785" VPOS="913" WIDTH="68" HEIGHT="27" WC="0.96" CONTENT="jemte"/>
						</TextLine>
						<TextLine ID="line_12" HPOS="99" VPOS="947" WIDTH="754" HEIGHT="28">
							<String ID="string_75" HPOS="99" VPOS="947" WIDTH="112" HEIGHT="28" WC="0.96" CONTENT="protokoll"/><SP WIDTH="21" VPOS="947" HPOS="211"/>
							<String ID="string_76" HPOS="232" VPOS="947" WIDTH="61" HEIGHT="21" WC="0.96" CONTENT="öfver"/><SP WIDTH="23" VPOS="947" HPOS="293"/>
							<String ID="string_77" HPOS="316" VPOS="948" WIDTH="43" HEIGHT="20" WC="0.96" CONTENT="den"/><SP WIDTH="18" VPOS="948" HPOS="359"/>
							<String ID="string_78" HPOS="377" VPOS="947" WIDTH="37" HEIGHT="21" WC="0.96" CONTENT="vid"/><SP WIDTH="15" VPOS="947" HPOS="414"/>
							<String ID="string_79" HPOS="429" VPOS="947" WIDTH="100" HEIGHT="21" WC="0.96" CONTENT="ärendets"/><SP WIDTH="15" VPOS="947" HPOS="529"/>
							<String ID="string_80" HPOS="544" VPOS="947" WIDTH="152" HEIGHT="27" WC="0.96" CONTENT="föredragning"/><SP WIDTH="14" VPOS="947" HPOS="696"/>
							<String ID="string_81" HPOS="710" VPOS="949" WIDTH="7" HEIGHT="20" WC="0.96" CONTENT="i"/><SP WIDTH="15" VPOS="949" HPOS="717"/>
							<String ID="string_82" HPOS="732" VPOS="947" WIDTH="121" HEIGHT="28" WC="0.96" CONTENT="Kejserliga"/>
						</TextLine>
						<TextLine ID="line_13" HPOS="99" VPOS="981" WIDTH="755" HEIGHT="27">
							<String ID="string_83" HPOS="99" VPOS="981" WIDTH="95" HEIGHT="22" WC="0.93" CONTENT="Senaten"/><SP WIDTH="21" VPOS="981" HPOS="194"/>
							<String ID="string_84" HPOS="215" VPOS="981" WIDTH="112" HEIGHT="21" WC="0.91" CONTENT="förefallna"/><SP WIDTH="22" VPOS="981" HPOS="327"/>
							<String ID="string_85" HPOS="349" VPOS="981" WIDTH="139" HEIGHT="27" WC="0.95" CONTENT="omröstning,"/><SP WIDTH="24" VPOS="981" HPOS="488"/>
							<String ID="string_86" HPOS="512" VPOS="981" WIDTH="104" HEIGHT="21" WC="0.93" CONTENT="särskilda"/><SP WIDTH="21" VPOS="981" HPOS="616"/>
							<String ID="string_87" HPOS="637" VPOS="981" WIDTH="113" HEIGHT="22" WC="0.92" CONTENT="derstädes"/><SP WIDTH="15" VPOS="981" HPOS="750"/>
							<String ID="string_88" HPOS="765" VPOS="983" WIDTH="6" HEIGHT="20" WC="0.96" CONTENT="i"/><SP WIDTH="16" VPOS="983" HPOS="771"/>
							<String ID="string_89" HPOS="787" VPOS="981" WIDTH="67" HEIGHT="22" WC="0.96" CONTENT="saken"/>
						</TextLine>
						<TextLine ID="line_14" HPOS="99" VPOS="1015" WIDTH="754" HEIGHT="28">
							<String ID="string_90" HPOS="99" VPOS="1015" WIDTH="112" HEIGHT="22" WC="0.96" CONTENT="tillkomna"/><SP WIDTH="15" VPOS="1015" HPOS="211"/>
							<String ID="string_91" HPOS="226" VPOS="1015" WIDTH="132" HEIGHT="28" WC="0.93" CONTENT="handlingar,"/><SP WIDTH="16" VPOS="1015" HPOS="358"/>
							<String ID="string_92" HPOS="374" VPOS="1015" WIDTH="119" HEIGHT="27" WC="0.91" CONTENT="hvarjemte"/><SP WIDTH="15" VPOS="1015" HPOS="493"/>
							<String ID="string_93" HPOS="508" VPOS="1017" WIDTH="6" HEIGHT="20" WC="0.96" CONTENT="i"/><SP WIDTH="15" VPOS="1017" HPOS="514"/>
							<String ID="string_94" HPOS="529" VPOS="1015" WIDTH="115" HEIGHT="22" WC="0.96" CONTENT="Utskottet"/><SP WIDTH="10" VPOS="1015" HPOS="644"/>
							<String ID="string_95" HPOS="654" VPOS="1015" WIDTH="79" HEIGHT="22" WC="0.96" CONTENT="funnits"/><SP WIDTH="10" VPOS="1015" HPOS="733"/>
							<String ID="string_96" HPOS="743" VPOS="1016" WIDTH="31" HEIGHT="21" WC="0.96" CONTENT="till"/><SP WIDTH="9" VPOS="1016" HPOS="774"/>
							<String ID="string_97" HPOS="783" VPOS="1016" WIDTH="70" HEIGHT="21" WC="0.96" CONTENT="hands"/>
						</TextLine>
						<TextLine ID="line_15" HPOS="99" VPOS="1049" WIDTH="754" HEIGHT="28">
							<String ID="string_98" HPOS="99" VPOS="1050" WIDTH="87" HEIGHT="27" WC="0.96" CONTENT="tryckta"/><SP WIDTH="16" VPOS="1050" HPOS="186"/>
							<String ID="string_99" HPOS="202" VPOS="1050" WIDTH="112" HEIGHT="27" WC="0.96" CONTENT="exemplar"/><SP WIDTH="15" VPOS="1050" HPOS="314"/>
							<String ID="string_100" HPOS="329" VPOS="1050" WIDTH="24" HEIGHT="21" WC="0.96" CONTENT="af"/><SP WIDTH="12" VPOS="1050" HPOS="353"/>
							<String ID="string_101" HPOS="365" VPOS="1050" WIDTH="38" HEIGHT="21" WC="0.96" CONTENT="det"/><SP WIDTH="15" VPOS="1050" HPOS="403"/>
							<String ID="string_102" HPOS="418" VPOS="1050" WIDTH="143" HEIGHT="26" WC="0.96" CONTENT="betänkande,"/><SP WIDTH="16" VPOS="1050" HPOS="561"/>
							<String ID="string_103" HPOS="577" VPOS="1057" WIDTH="47" HEIGHT="14" WC="0.92" CONTENT="som"/><SP WIDTH="16" VPOS="1057" HPOS="624"/>
							<String ID="string_104" HPOS="640" VPOS="1049" WIDTH="94" HEIGHT="28" WC="0.92" CONTENT="afgifvits"/><SP WIDTH="15" VPOS="1049" HPOS="734"/>
							<String ID="string_105" HPOS="749" VPOS="1050" WIDTH="23" HEIGHT="21" WC="0.92" CONTENT="af"/><SP WIDTH="13" VPOS="1050" HPOS="772"/>
							<String ID="string_106" HPOS="785" VPOS="1049" WIDTH="68" HEIGHT="22" WC="0.90" CONTENT="komi-"/>
						</TextLine>
						<TextLine ID="line_16" HPOS="99" VPOS="1084" WIDTH="549" HEIGHT="28">
							<String ID="string_107" HPOS="99" VPOS="1084" WIDTH="38" HEIGHT="21" WC="0.92" CONTENT="tén"/><SP WIDTH="15" VPOS="1084" HPOS="137"/>
							<String ID="string_108" HPOS="152" VPOS="1084" WIDTH="33" HEIGHT="21" WC="0.96" CONTENT="för"/><SP WIDTH="15" VPOS="1084" HPOS="185"/>
							<String ID="string_109" HPOS="200" VPOS="1085" WIDTH="93" HEIGHT="21" WC="0.96" CONTENT="revision"/><SP WIDTH="15" VPOS="1085" HPOS="293"/>
							<String ID="string_110" HPOS="308" VPOS="1084" WIDTH="23" HEIGHT="21" WC="0.96" CONTENT="af"/><SP WIDTH="13" VPOS="1084" HPOS="331"/>
							<String ID="string_111" HPOS="344" VPOS="1084" WIDTH="100" HEIGHT="27" WC="0.93" CONTENT="gällande"/><SP WIDTH="13" VPOS="1084" HPOS="444"/>
							<String ID="string_112" HPOS="457" VPOS="1084" WIDTH="191" HEIGHT="28" WC="0.91" CONTENT="jagtlagstiftning."/>
						</TextLine>
					</TextBlock>
				</ComposedBlock>
				<ComposedBlock ID="cblock_3" HPOS="101" VPOS="1272" WIDTH="758" HEIGHT="206">
					<TextBlock ID="block_3" HPOS="101" VPOS="1272" WIDTH="758" HEIGHT="165">
						<TextLine ID="line_17" HPOS="170" VPOS="1272" WIDTH="685" HEIGHT="27">
							<String ID="string_113" HPOS="170" VPOS="1272" WIDTH="73" HEIGHT="21" WC="0.96" CONTENT="Ehuru"/><SP WIDTH="22" VPOS="1272" HPOS="243"/>
							<String ID="string_114" HPOS="265" VPOS="1273" WIDTH="37" HEIGHT="20" WC="0.96" CONTENT="vid"/><SP WIDTH="22" VPOS="1273" HPOS="302"/>
							<String ID="string_115" HPOS="324" VPOS="1272" WIDTH="138" HEIGHT="21" WC="0.96" CONTENT="utfärdandet"/><SP WIDTH="21" VPOS="1272" HPOS="462"/>
							<String ID="string_116" HPOS="483" VPOS="1273" WIDTH="24" HEIGHT="20" WC="0.96" CONTENT="af"/><SP WIDTH="18" VPOS="1273" HPOS="507"/>
							<String ID="string_117" HPOS="525" VPOS="1272" WIDTH="152" HEIGHT="27" WC="0.96" CONTENT="förordningen"/><SP WIDTH="23" VPOS="1272" HPOS="677"/>
							<String ID="string_118" HPOS="700" VPOS="1279" WIDTH="35" HEIGHT="14" WC="0.93" CONTENT="om"/><SP WIDTH="15" VPOS="1279" HPOS="735"/>
							<String ID="string_119" HPOS="750" VPOS="1272" WIDTH="47" HEIGHT="27" WC="0.91" CONTENT="jagt"/><SP WIDTH="16" VPOS="1272" HPOS="797"/>
							<String ID="string_120" HPOS="813" VPOS="1272" WIDTH="42" HEIGHT="21" WC="0.96" CONTENT="och"/>
						</TextLine>
						<TextLine ID="line_18" HPOS="101" VPOS="1306" WIDTH="754" HEIGHT="28">
							<String ID="string_121" HPOS="101" VPOS="1307" WIDTH="99" HEIGHT="27" WC="0.92" CONTENT="djurfång"/><SP WIDTH="19" VPOS="1307" HPOS="200"/>
							<String ID="string_122" HPOS="219" VPOS="1308" WIDTH="7" HEIGHT="20" WC="0.96" CONTENT="i"/><SP WIDTH="14" VPOS="1308" HPOS="226"/>
							<String ID="string_123" HPOS="240" VPOS="1307" WIDTH="91" HEIGHT="21" WC="0.95" CONTENT="Finland"/><SP WIDTH="15" VPOS="1307" HPOS="331"/>
							<String ID="string_124" HPOS="346" VPOS="1307" WIDTH="25" HEIGHT="21" WC="0.95" CONTENT="af"/><SP WIDTH="11" VPOS="1307" HPOS="371"/>
							<String ID="string_125" HPOS="382" VPOS="1307" WIDTH="42" HEIGHT="22" WC="0.95" CONTENT="den"/><SP WIDTH="18" VPOS="1307" HPOS="424"/>
							<String ID="string_126" HPOS="442" VPOS="1312" WIDTH="25" HEIGHT="15" WC="0.96" CONTENT="10"/><SP WIDTH="14" VPOS="1312" HPOS="467"/>
							<String ID="string_127" HPOS="481" VPOS="1307" WIDTH="91" HEIGHT="21" WC="0.96" CONTENT="februari"/><SP WIDTH="17" VPOS="1307" HPOS="572"/>
							<String ID="string_128" HPOS="589" VPOS="1306" WIDTH="53" HEIGHT="21" WC="0.96" CONTENT="1868"/><SP WIDTH="15" VPOS="1306" HPOS="642"/>
							<String ID="string_129" HPOS="657" VPOS="1307" WIDTH="51" HEIGHT="20" WC="0.96" CONTENT="med"/><SP WIDTH="14" VPOS="1307" HPOS="708"/>
							<String ID="string_130" HPOS="722" VPOS="1306" WIDTH="47" HEIGHT="21" WC="0.96" CONTENT="skäl"/><SP WIDTH="14" VPOS="1306" HPOS="769"/>
							<String ID="string_131" HPOS="783" VPOS="1307" WIDTH="72" HEIGHT="20" WC="0.96" CONTENT="kunde"/>
						</TextLine>
						<TextLine ID="line_19" HPOS="102" VPOS="1340" WIDTH="751" HEIGHT="28">
							<String ID="string_132" HPOS="102" VPOS="1345" WIDTH="97" HEIGHT="23" WC="0.92" CONTENT="antagas,"/><SP WIDTH="24" VPOS="1345" HPOS="199"/>
							<String ID="string_133" HPOS="223" VPOS="1344" WIDTH="33" HEIGHT="18" WC="0.96" CONTENT="att"/><SP WIDTH="18" VPOS="1344" HPOS="256"/>
							<String ID="string_134" HPOS="274" VPOS="1341" WIDTH="124" HEIGHT="20" WC="0.93" CONTENT="densamma"/><SP WIDTH="16" VPOS="1341" HPOS="398"/>
							<String ID="string_135" HPOS="414" VPOS="1341" WIDTH="105" HEIGHT="20" WC="0.92" CONTENT="innehölle"/><SP WIDTH="16" VPOS="1341" HPOS="519"/>
							<String ID="string_136" HPOS="535" VPOS="1340" WIDTH="137" HEIGHT="27" WC="0.96" CONTENT="erforderliga"/><SP WIDTH="15" VPOS="1340" HPOS="672"/>
							<String ID="string_137" HPOS="687" VPOS="1340" WIDTH="166" HEIGHT="27" WC="0.96" CONTENT="bestämningar,"/>
						</TextLine>
						<TextLine ID="line_20" HPOS="102" VPOS="1373" WIDTH="753" HEIGHT="29">
							<String ID="string_138" HPOS="102" VPOS="1375" WIDTH="86" HEIGHT="27" WC="0.96" CONTENT="egnade"/><SP WIDTH="15" VPOS="1375" HPOS="188"/>
							<String ID="string_139" HPOS="203" VPOS="1378" WIDTH="32" HEIGHT="17" WC="0.96" CONTENT="att"/><SP WIDTH="15" VPOS="1378" HPOS="235"/>
							<String ID="string_140" HPOS="250" VPOS="1375" WIDTH="18" HEIGHT="26" WC="0.96" CONTENT="ej"/><SP WIDTH="16" VPOS="1375" HPOS="268"/>
							<String ID="string_141" HPOS="284" VPOS="1375" WIDTH="81" HEIGHT="20" WC="0.92" CONTENT="mindre"/><SP WIDTH="15" VPOS="1375" HPOS="365"/>
							<String ID="string_142" HPOS="380" VPOS="1374" WIDTH="146" HEIGHT="27" WC="0.91" CONTENT="åvägabringa"/><SP WIDTH="15" VPOS="1374" HPOS="526"/>
							<String ID="string_143" HPOS="541" VPOS="1373" WIDTH="72" HEIGHT="27" WC="0.96" CONTENT="skydd"/><SP WIDTH="10" VPOS="1373" HPOS="613"/>
							<String ID="string_144" HPOS="623" VPOS="1375" WIDTH="22" HEIGHT="20" WC="0.96" CONTENT="åt"/><SP WIDTH="11" VPOS="1375" HPOS="645"/>
							<String ID="string_145" HPOS="656" VPOS="1374" WIDTH="37" HEIGHT="21" WC="0.96" CONTENT="det"/><SP WIDTH="10" VPOS="1374" HPOS="693"/>
							<String ID="string_146" HPOS="703" VPOS="1376" WIDTH="84" HEIGHT="25" WC="0.93" CONTENT="nyttiga"/><SP WIDTH="11" VPOS="1376" HPOS="787"/>
							<String ID="string_147" HPOS="798" VPOS="1373" WIDTH="57" HEIGHT="22" WC="0.92" CONTENT="ville-"/>
						</TextLine>
						<TextLine ID="line_21" HPOS="103" VPOS="1407" WIDTH="756" HEIGHT="30">
							<String ID="string_148" HPOS="103" VPOS="1409" WIDTH="77" HEIGHT="22" WC="0.92" CONTENT="brådet"/><SP WIDTH="22" VPOS="1409" HPOS="180"/>
							<String ID="string_149" HPOS="202" VPOS="1409" WIDTH="66" HEIGHT="22" WC="0.92" CONTENT="under"/><SP WIDTH="21" VPOS="1409" HPOS="268"/>
							<String ID="string_150" HPOS="289" VPOS="1409" WIDTH="232" HEIGHT="28" WC="0.91" CONTENT="fortplantningstiden,"/><SP WIDTH="16" VPOS="1409" HPOS="521"/>
							<String ID="string_151" HPOS="537" VPOS="1408" WIDTH="27" HEIGHT="21" WC="0.96" CONTENT="än"/><SP WIDTH="16" VPOS="1408" HPOS="564"/>
							<String ID="string_152" HPOS="580" VPOS="1407" WIDTH="99" HEIGHT="23" WC="0.92" CONTENT="befordra"/><SP WIDTH="16" VPOS="1407" HPOS="679"/>
							<String ID="string_153" HPOS="695" VPOS="1408" WIDTH="124" HEIGHT="22" WC="0.92" CONTENT="utrotandet"/><SP WIDTH="15" VPOS="1408" HPOS="819"/>
							<String ID="string_154" HPOS="834" VPOS="1408" WIDTH="25" HEIGHT="21" WC="0.96" CONTENT="af"/>
						</TextLine>
					</TextBlock>
					<TextBlock ID="block_4" HPOS="172" VPOS="1454" WIDTH="456" HEIGHT="24">
						<TextLine ID="line_22" HPOS="172" VPOS="1454" WIDTH="456" HEIGHT="24">
							<String ID="string_155" HPOS="172" VPOS="1456" WIDTH="46" HEIGHT="22" WC="0.86" CONTENT="Lag-"/><SP WIDTH="13" VPOS="1456" HPOS="218"/>
							<String ID="string_156" HPOS="231" VPOS="1457" WIDTH="27" HEIGHT="16" WC="0.93" CONTENT="och"/><SP WIDTH="12" VPOS="1457" HPOS="258"/>
							<String ID="string_157" HPOS="270" VPOS="1456" WIDTH="168" HEIGHT="17" WC="0.91" CONTENT="Ekonomiutskottets"/><SP WIDTH="13" VPOS="1456" HPOS="438"/>
							<String ID="string_158" HPOS="451" VPOS="1455" WIDTH="102" HEIGHT="17" WC="0.96" CONTENT="betänkande"/><SP WIDTH="13" VPOS="1455" HPOS="553"/>
							<String ID="string_159" HPOS="566" VPOS="1454" WIDTH="34" HEIGHT="18" WC="0.93" CONTENT="N:o"/><SP WIDTH="11" VPOS="1454" HPOS="600"/>
							<String ID="string_160" HPOS="611" VPOS="1460" WIDTH="17" HEIGHT="15" WC="0.94" CONTENT="4."/>
						</TextLine>
					</TextBlock>
				</ComposedBlock>
				<GraphicalElement ID="cblock_4" HPOS="1038" VPOS="1372" WIDTH="7" HEIGHT="337"></GraphicalElement >
			</PrintSpace>
		</Page>
	</Layout>
</alto>
