1048 1711
190 129 24 20 18
404 126 30 23 U.
449 127 28 22 B.
494 140 28 3 —
537 127 74 28 Prop.
627 127 45 22 N:o
687 126 39 23 22.

188 195 90 21 terande
302 195 112 21 äfvensom
438 196 60 21 öfver
523 196 116 27 forslingen
664 195 23 20 af
710 195 42 20 och
777 194 93 21 handeln
891 194 50 21 med

188 230 85 27 fridlyst
293 230 60 25 vildt,
375 230 87 21 beslutit
483 230 78 21 föreslå
579 233 31 18 att
626 229 42 21 den
684 229 67 21 under
765 230 177 26 propositionens

190 264 26 21 16
231 263 11 28 $
257 267 113 24 upptagna
385 271 55 14 anm.
458 270 7 15 1
484 265 68 20 måtte
567 271 23 14 ur
605 264 153 26 förordningen
773 263 110 21 uteslutas.

256 298 35 21 Då
306 298 115 22 Utskottet
436 298 83 22 befarat
534 301 31 19 att
581 298 37 21 det
629 299 31 20 uti
671 298 42 20 den
723 297 67 21 under
799 296 143 22 nästnämnda

188 332 103 27 paragraf
310 336 113 24 upptagna
445 340 55 13 anm.
521 338 13 15 2
555 332 176 21 förekommande
746 331 110 27 uttrycket
872 334 70 24 ,yttre

188 366 144 28 skärgården"
356 366 72 21 kunde
450 367 58 27 gifva
524 366 115 27 anledning
654 366 31 20 till
700 366 58 20 olika
772 365 99 27 tolkning
887 369 56 17 samt

189 400 115 21 Utskottet
318 400 112 22 dessutom
445 400 47 21 icke
507 404 72 17 ansett
593 400 96 27 antydda
704 399 153 27 inskränkning
872 399 25 21 af
905 399 38 21 det

188 436 7 19 i
209 434 93 22 berörda
324 434 139 28 anmärkning
478 435 83 21 tillåtna
576 435 83 26 skyttet
674 434 107 28 påkallad,
797 434 38 20 har
851 434 92 21 Utskot-

188 472 33 18 tet
242 476 24 13 ur
286 469 69 27 sagda
376 469 140 27 anmärkning
536 469 96 21 uteslutit
653 469 62 21 ordet
738 468 92 28 ,yttre".
850 480 29 3 —
895 468 48 22 Och

186 502 67 27 jemte
272 503 36 21 det
324 504 6 20 i
345 503 51 27 följd
412 504 25 20 af
448 503 127 22 Utskottets
590 503 157 21 ofvanberörda
761 502 72 22 beslut
848 506 32 18 att
895 503 48 21 icke

188 537 110 27 medgifva
318 541 55 17 stor-
392 538 42 20 och
448 538 139 21 småskraken
603 537 176 27 fridlysningstid,
796 538 64 20 dessa
875 537 68 27 fåglar

188 571 107 22 uteslutits
310 579 24 13 ur
348 578 28 14 nu
390 571 142 22 förevarande
547 578 55 15 anm.
618 577 19 19 2,
653 571 38 21 har
700 571 120 25 Utskottet,
831 573 7 19 i
848 571 95 28 enlighet

189 606 50 21 med
254 605 126 22 Utskottets
395 606 77 27 åtgärd
487 606 134 21 beträffande
636 606 28 21 de
679 607 6 20 i
700 607 175 26 propositionens
893 611 22 15 11
931 605 11 28 $

189 643 112 24 upptagna
316 640 91 21 latinska
422 641 187 27 benämningarna,
618 640 79 27 jemväl
709 647 24 14 ur
742 647 28 14 nu
780 640 163 27 ifrågavarande

189 675 105 26 paragraf
311 674 96 21 uteslutit
429 675 28 21 de
478 677 7 18 i
508 675 123 21 densamma
654 675 106 26 ingående
778 675 113 20 enahanda
905 675 38 20 be-

189 708 131 28 nämningar.

257 743 44 21 För
322 743 65 27 öfrigt
408 743 38 21 har
468 743 121 25 Utskottet,
605 749 48 14 som
668 746 71 18 ansett
754 743 41 20 den
811 743 66 20 under
893 751 50 19 pro-

190 779 134 26 positionens
344 777 25 21 16
384 779 11 23 &
411 781 112 24 upptagna
539 785 54 13 anm.
611 783 10 21 3
637 777 53 21 böra
705 778 6 19 i
727 777 152 27 förordningen
893 778 50 27 ingå

189 813 72 20 såsom
284 819 26 14 en
327 811 91 22 särskild
433 812 104 27 paragraf
549 812 32 27 (15
597 811 12 28 $
624 812 67 27 enligt
706 811 126 22 Utskottets
847 812 95 27 förslag),

188 846 60 20 hållit
269 846 46 20 före
340 849 32 17 att
394 846 149 26 stadgandena
565 847 6 19 i
593 847 176 25 propositionens
791 845 24 21 16
831 846 11 27 $
858 853 55 13 anm.
928 852 15 20 4

188 880 115 21 innefattas
321 881 31 20 uti
366 880 28 20 de
408 881 7 19 i
430 880 145 26 nyssnämnda
591 886 55 14 anm.
664 886 10 20 3
690 880 106 26 ingående
811 880 132 21 bestämnin-

188 921 48 20 gar;
259 915 6 19 i
280 914 109 20 anseende
404 914 84 21 hvartill
503 914 42 20 och
560 914 27 20 då
602 913 64 21 äfven
680 915 137 25 regeringen,
833 915 7 19 i
855 914 51 21 stöd
920 914 26 20 af

191 954 22 14 11
238 947 13 29 8
272 954 12 14 2
307 955 65 13 mom.
381 943 16 37 i
419 948 101 27 gällande
532 948 89 27 jagtlag,
637 948 82 20 hvilket
733 952 96 17 moment
844 948 24 20 är
883 949 6 19 i
905 948 38 21 det

189 982 51 21 allra
261 982 109 21 närmaste
392 982 233 28 öfverensstämmande
644 982 50 20 med
709 982 126 20 förberörda
850 989 56 14 anm.
923 988 19 20 3,

170 1019 2 2 *
188 1020 72 18 ansett
281 1017 33 26 sig
336 1023 42 20 ega
399 1016 133 27 befogenhet
547 1019 32 18 att
593 1016 33 20 för
640 1017 58 19 vissa
713 1016 60 20 delar
788 1016 25 20 af
823 1016 74 21 landet
912 1018 30 19 in-

53 1165 20 16 16
86 1164 10 23 8
110 1164 28 23 (17
152 1164 24 24 8)

60 1374 19 17 17
92 1369 10 24 $
115 1370 29 22 (18
156 1369 24 25 $).

188 1050 92 21 skränka
295 1051 43 20 den
352 1052 7 19 i
374 1050 68 27 sagda
457 1050 35 27 lag
507 1050 107 27 stadgade
624 1050 197 27 fridlysningstiden
831 1050 33 20 för
874 1050 69 27 ejder-

189 1085 55 20 hane
262 1085 51 21 eller
327 1085 108 26 gudunge,
451 1084 115 21 Utskottet
581 1084 86 21 beslutit
682 1084 78 21 föreslä
775 1088 32 17 att
822 1085 120 21 omordade

189 1126 55 14 anm.
259 1125 15 19 4
288 1119 68 21 mätte
370 1126 24 13 ur
409 1118 152 27 förordningen
577 1118 110 21 uteslutas.

256 1152 175 22 Vidkommande
446 1154 176 26 propositionens
639 1157 25 21 17
681 1152 9 27 8
703 1152 35 27 (16
748 1152 20 28 $)
778 1152 38 21 har
826 1152 116 22 Utskottet

188 1188 59 20 hällit
257 1187 46 21 före
314 1190 33 18 att
356 1186 205 27 tillkännagifvande
574 1193 35 14 om
622 1186 38 21 det
672 1186 124 21 verkstälda
806 1187 136 21 utsättandet

188 1221 40 21 bör
245 1220 39 22 ske
301 1220 48 22 icke
364 1220 90 21 allenast
468 1227 80 21 genom
562 1220 129 27 kungörelse
705 1222 7 19 i
727 1224 73 18 ortens
814 1220 69 27 kyrka
899 1221 42 20 och

188 1255 92 21 ofticiela
297 1254 142 26 tidningarna,
458 1257 51 18 utan
524 1254 63 20 äfven
602 1260 80 20 genom
697 1254 75 26 anslag
787 1256 7 18 i
809 1254 132 20 kommunal-

188 1289 117 21 stämmans
320 1288 154 26 samlingsrum,
483 1288 94 20 hvarhos
591 1287 116 21 Utskottet
721 1288 88 20 beslutit
819 1288 79 20 föreslä
909 1291 32 18 att

188 1322 141 22 omförmälda
343 1322 129 27 kungörelse
486 1321 40 21 bör
541 1321 80 28 ärligen
636 1322 93 26 förnyas.

255 1358 35 20 Då
304 1356 116 22 Utskottet
440 1359 71 19 ansett
530 1356 48 21 skäl
597 1356 48 21 icke
665 1356 133 21 förekomma
813 1360 32 18 att
860 1356 81 22 undan-

188 1393 67 27 draga
276 1392 154 21 sidensvansen
451 1391 37 21 det
510 1391 79 27 skydd,
621 1398 47 14 som
687 1392 166 27 propositionen
867 1392 7 20 i
889 1392 51 20 dess

190 1428 24 21 18
237 1427 11 28 8
266 1427 35 27 (17
321 1427 21 27 $)
362 1426 139 21 tillförsäkrar
521 1433 70 14 annan
608 1426 110 27 smäfägel,
734 1426 38 21 har
787 1426 115 22 Utskottet
916 1433 24 14 ur

255 1474 44 21 Lag-
311 1473 27 16 och
351 1473 166 16 Ekonomiutskottets
529 1473 104 16 betänkande
641 1473 35 16 N:o
687 1478 17 15 4.
