1048 1709
293 113 83 23 Ständ.
393 113 38 23 Sv.
450 126 26 4 —
490 114 75 28 Prop.
580 114 42 22 N:o
637 114 37 22 15.
826 114 25 20 57

100 190 87 14 ansvare
210 182 34 21 för
265 186 32 18 att
319 183 7 21 i
347 183 69 21 denna
430 182 122 28 förordning
566 182 106 29 påbjuden
687 182 121 29 skyldighet
822 184 32 19 att

100 218 75 26 utgöra
196 216 154 29 stämpelafgift
371 217 77 21 varder
470 217 115 28 behörigen
606 217 106 28 fullgjord.
740 216 36 22 Då
800 216 54 21 slika

100 250 87 22 skrifter
200 251 109 26 inlämnas,
323 251 79 28 åligger
417 251 37 21 det
468 251 72 21 därför
551 251 42 21 den
608 251 146 28 emottagande
768 251 86 27 tjenste-

99 291 90 14 mannen
213 287 32 18 att
270 288 75 25 genast
365 285 169 27 tillkännagifva,
555 284 104 22 huruvida
680 284 68 28 någon
772 284 53 21 brist
846 285 8 19 i

100 317 140 29 stämplingen
261 318 116 21 förefinnes
399 318 39 21 och
460 318 84 29 tillsäga
563 318 128 21 inlemnaren
710 321 32 18 att
756 317 98 22 anskaffa

100 352 90 28 stämpel
204 352 33 21 till
252 352 37 21 det
300 352 84 29 belopp,
394 360 44 13 som
450 352 141 28 tilläfventyrs
603 352 82 26 brister,
694 352 82 21 hvilket
786 352 68 21 denne

100 385 54 22 skall
169 386 62 21 ställa
245 387 32 27 sig
292 386 32 21 till
340 386 145 27 efterrättelse,
500 386 49 21 med
564 388 43 19 rätt
621 389 37 24 att,
674 387 7 20 i
692 386 38 21 fall
742 386 42 21 han
794 393 61 14 anser

100 419 42 22 den
162 419 127 22 föreskrifna
311 420 133 29 karteringen
466 429 50 13 vara
537 421 84 28 oriktig,
635 421 99 21 däröfver
750 421 62 28 klaga
826 420 29 29 på

101 456 42 19 sätt
157 455 8 20 i
180 455 27 21 33
223 456 12 26 $
250 457 95 19 närmare
361 455 140 22 omförmäles.

169 489 67 21 Detta
253 489 116 28 stadgande
389 497 49 20 eger
453 490 18 27 ej
487 489 133 29 tillämpning
635 489 12 21 å
661 493 65 25 prest,
740 489 28 22 då
782 489 73 21 äkten-

102 523 135 28 skapsförord
252 523 34 21 för
300 523 75 22 honom
390 527 83 25 upptes.

170 557 131 28 Ansökning,
323 565 50 19 som,
387 559 8 20 i
410 557 48 22 stöd
473 557 22 22 af
510 558 57 21 hvad
587 541 174 49 författningarna
779 558 5 4 i
778 565 7 13 i
800 557 56 22 vissa

102 591 38 21 fall
154 591 74 26 tillåta,
243 591 66 21 under
324 592 80 28 omslag
418 592 103 25 insändes,
536 592 39 21 bör
589 592 8 20 i
612 592 71 27 vanlig
697 591 89 28 ordning
800 591 56 21 före-

102 625 71 28 läggas
188 625 157 22 vederbörande
361 626 129 28 myndighet,
504 626 92 25 hvilken,
610 626 8 20 i
632 625 100 22 händelse
747 625 109 21 föreskrif-

101 662 61 18 terna
177 667 34 13 om
225 659 161 28 handlingarnes
402 660 110 21 förseende
527 660 49 21 med
591 660 89 28 stämpel
695 659 73 22 blifvit
779 660 7 21 i
793 660 64 27 något

102 693 100 21 afseende
227 693 120 27 åsidosatta,
370 694 87 28 pröfvar
480 694 57 21 hvad
559 694 99 21 afseende
680 693 12 22 å
714 693 142 29 ansökningen

103 727 66 21 fästas
191 727 35 21 må
240 727 40 22 och
295 727 103 22 huruvida
413 728 122 21 densamma
549 729 8 20 i
572 728 65 29 öfrigt
651 727 35 22 må
700 727 110 22 föranleda
823 727 33 22 till

103 761 67 29 någon
186 761 79 28 åtgärd.

452 838 26 20 16
494 837 20 28 8.

172 893 47 22 Har
240 893 147 22 hufvudskrift
409 894 51 21 eller
482 894 70 28 bilaga
567 893 72 22 blifvit
649 894 38 21 vid
701 893 91 22 domstol
807 893 51 21 eller

104 927 133 22 embetsverk
252 930 51 18 utan
318 927 138 29 anmärkning
471 931 125 25 emottagen,
611 928 51 21 eller
676 927 127 29 expedition,
812 935 45 13 som

104 964 23 19 är
141 961 114 29 behörigen
270 962 167 27 underskrifven,
452 962 91 22 därifrån
555 962 103 29 utgifvits,
667 962 35 21 må
709 962 34 21 för
750 961 108 22 bristande

105 996 51 21 eller
170 996 89 29 felaktig
274 997 114 28 stämpling
402 996 68 29 någon
485 997 82 28 påföljd
582 997 17 28 ej
615 997 82 21 drabba
706 997 41 21 den
758 996 100 27 enskilde,

104 1037 44 14 som
171 1031 101 21 inlemnat
294 1031 51 21 eller
365 1031 67 21 utfätt
449 1031 96 27 skriften,
559 1031 51 21 eller
625 1030 78 22 sådana
718 1031 86 21 skrifter
818 1030 40 21 och

104 1065 125 28 handlingar
252 1065 73 22 därför
345 1065 79 22 lemnas
446 1069 51 18 utan
518 1065 105 27 afseende,
645 1068 50 18 utan
716 1073 50 14 vare
785 1065 74 21 endast

105 1099 159 22 vederbörande
286 1101 126 27 tjensteman
432 1100 35 21 för
487 1100 114 21 förseelsen
623 1099 98 22 förfallen
736 1099 33 22 till
784 1107 75 14 ansvar

104 1133 28 29 på
147 1135 43 20 sätt
203 1134 103 21 nedanför
320 1134 132 21 bestämmes.

455 1215 24 20 17
497 1215 18 26 8.

174 1275 35 22 Då
231 1275 100 29 sakegare
353 1276 78 21 tillätes
452 1279 32 18 att
498 1277 38 20 vid
550 1276 90 21 domstol
656 1277 51 20 eller
721 1275 139 27 embetsverk,

105 1311 8 20 i
132 1309 71 22 stället
223 1309 34 22 för
277 1310 152 27 hufvudskrift,
450 1310 68 21 förete
539 1310 110 22 bevittnad
672 1310 86 21 afskrift
772 1309 23 22 af
809 1310 51 21 den-

106 1351 85 19 samma,
206 1343 39 21 bör
259 1343 69 21 tillika
343 1344 89 27 styrkas,
446 1347 32 17 att
492 1344 40 21 och
547 1344 32 21 till
591 1344 83 21 hvilket
682 1344 78 27 belopp
769 1343 91 21 hufvud-

106 1377 90 21 skriften
223 1379 24 18 är
268 1377 87 21 försedd
376 1377 49 21 med
444 1377 95 28 stämpel.
569 1377 72 22 Skulle
664 1377 59 22 detta
744 1377 115 21 uraktlätas

107 1411 51 21 eller
179 1411 68 29 någon
269 1411 145 21 försummelse
434 1411 115 21 förefinnas
563 1411 50 21 med
627 1411 81 29 hänsyn
722 1411 32 21 till
769 1411 91 22 hufvud-
