1039 1714
316 118 25 22 U.
356 119 24 22 B.
398 131 24 4 —
439 119 64 28 Prop.
519 118 37 23 N:o
574 117 33 23 15.
817 117 26 22 19

121 303 112 22 Enskilds
249 303 117 28 exemplar
380 303 26 21 af
419 303 56 21 kon-
894 296 109 33 Stämpelaf-

92 337 64 22 trakt
170 337 52 22 med
237 337 115 22 Finlands
360 337 69 22 Bank
438 345 46 14 om!
742 359 1 3 |
878 325 130 47 vin

48 397 1 6 |
92 371 171 22 kassakreditiv
282 373 60 20 samt
357 378 58 22 upp-
432 372 42 21 och
741 398 1 3 |
902 367 95 38 offentliga

47 404 2 14 |
92 405 258 30 afskrifningsräkning
365 409 25 18 är
405 402 62 44 stäm-
478 418 6 24 |
895 411 104 23 myndighe-

91 435 98 38 pelfritt.
741 435 2 9 |
879 443 37 16 ters
931 440 35 19 och
978 446 33 13 em-

63 474 168 29 Lysningssedel
249 467 11 40 —
270 474 38 21 till
345 474 139 29 äktenskap
471 467 16 40 |
557 492 1 10 |
741 495 2 15 |
878 469 93 34 betsmäns
983 475 29 13 ex-

438 510 36 28 fri
556 523 2 9 |
741 514 2 19 i
892 495 110 31 peditioner.

63 543 157 28 Magisterbref,
237 551 24 14 se
276 543 101 29 Diplom.
741 539 2 3 |

63 578 105 22 Mutsedel
179 578 13 21 å
202 577 127 29 fyndighet
336 577 9 22 i
353 578 57 28 berg
418 579 65 28 eller
476 573 11 38 |
557 585 1 14 |
741 587 1 7 |

87 611 118 30 jordlager
221 612 55 22 eller
290 612 14 21 ä
316 612 167 31 sjömalmtägt|
509 621 25 3 —
556 608 32 16 |-]
607 619 27 4 —
656 620 22 3 |-]
700 608 28 22 20
745 621 28 2 I
794 621 24 2 —

62 647 109 26 Mätebref
189 647 37 22 för
248 646 86 29 fartyg,
361 648 26 21 10
401 647 72 28 penni
557 657 1 13 |
741 652 1 10 ;

89 681 37 22 för
153 681 79 29 hvarje
255 681 59 22 fulla
338 683 26 20 10
386 683 41 20 ton
450 681 25 22 af
556 691 1 10 |
741 692 2 10 |

89 715 115 29 fartygets
221 715 141 29 drägtighet.
481 720 2 15 |
557 717 1 20 |
741 721 1 11 |

62 749 266 29 Nationalitetscertifikat,
352 751 28 22 50
402 751 70 28 penni
648 749 1 4 |
741 761 2 21 |

89 784 37 23 för
148 785 80 28 hvarje
254 784 60 23 fulla
337 787 27 20 10
386 787 41 20 ton
450 785 25 22 af
741 793 2 15 !

89 819 115 29 fartygets
219 819 142 29 drägtighet.

60 854 238 28 Naturalisationsbref
320 850 9 36 =
337 854 56 22 eller
430 855 41 22 till

88 889 206 22 ständsresolution:
555 889 2 4 |
648 903 1 13 |

89 925 34 20 1:0
139 924 13 21 &
166 923 103 28 beviljad
289 925 47 20 rätt
351 925 35 20 att
401 915 64 47 vinna
473 919 10 39 |

117 957 163 22 introduktion
296 959 29 28 på
340 957 76 23 finska
426 958 46 21 rid-

117 992 119 22 darhuset:
481 988 2 24 |

117 1027 37 22 för
168 1027 143 22 främmande
327 1027 65 28 adlig
407 1029 43 20 ätt.
466 1004 95 59 [1,000
570 1041 18 4 —
606 1039 26 4 =
653 1041 73 4 fd

131 1078 9 10 5
228 1079 9 9 äi
309 1062 121 29 friherrlig
438 1064 32 19 ätt
481 1061 27 39 12,
509 1055 43 34 DÖD
560 1055 33 34 sad
605 1073 72 5 —1—|
700 1075 24 3 —
740 1076 31 5 |
790 1073 72 5 |

228 1113 10 10 a
324 1096 84 29 greflig
424 1098 48 21 ätt
481 1098 72 31 .:3,000
651 1109 26 3 —
740 1106 1 17 |
831 1099 2 11 |

89 1132 35 21 2:0
131 1112 45 40 ”för
191 1129 112 23 utländsk
311 1130 119 22 adelsman
439 1124 44 41 att!
739 1124 2 34 i

117 1167 114 26 upptagas
256 1164 74 23 under
349 1164 71 23 redan
439 1157 43 34 in-|
739 1159 2 8 i

117 1199 137 22 troducerad
270 1201 34 20 ätt
318 1216 5 5 .
340 1215 131 6 .......
480 1211 1 14 |
509 1201 78 22 800—|
605 1211 119 5 —|-1—
740 1204 31 12 —I
788 1211 29 3 —
835 1211 27 3 =

89 1234 34 21 3:0
139 1233 36 21 för
194 1233 119 21 vinnande
329 1233 26 21 af
368 1231 114 35 medbor-
473 1226 12 44 |
554 1236 2 14 !

117 1269 89 26 garrätt
220 1267 8 21 i
244 1267 112 22 Finland:
480 1261 2 31 i

117 1301 36 22 för
175 1301 132 22 handlande
330 1301 56 21 eller
401 1296 80 27 fabri-|

480 1332 1 16 |

60 1402 176 28 Notariatsbevis,
246 1402 25 22 af
279 1401 62 24 hvad
349 1409 70 15 namn
428 1403 53 22 och
472 1397 13 37 |

88 1437 164 22 beskaffenhet
268 1437 39 22 det
321 1444 55 15 vara
391 1437 37 22 må
444 1455 3 4 .
465 1427 15 36 .|
507 1451 27 3 —
552 1449 31 14 /-!
603 1449 27 3 —
650 1450 25 3 [|
699 1450 24 3 —

739 1336 1 15 |

117 1368 36 21 för
168 1368 80 28 hvarje
264 1375 76 14 annan
359 1385 89 4 .....
466 1365 15 31 ;|
522 1371 154 20 20——1—]
697 1382 28 2 —
739 1380 77 27 A-

739 1430 3 32 |
