1064 1711
193 138 27 20 20
384 136 72 23 Sänd.
473 136 38 22 Sv.
527 149 27 2 —
570 136 74 28 Prop.
659 135 44 23 N:o
718 135 39 22 22.

262 195 76 46 Skytte
360 198 66 22 under
448 198 70 22 sträck
541 198 39 22 och
603 198 34 20 för
660 201 71 18 vettar
749 204 49 14 vare
813 196 66 22 under
893 196 52 21 frid-

192 233 146 29 lysningstid
332 228 13 38 i
356 232 127 28 skärgården
498 232 78 34 tillåtet
593 232 7 7 å
591 240 12 13 å
617 232 71 28 knipa,
702 234 77 24 svärta,
794 232 88 40 sjöorre,
890 231 55 27 vigg,

193 267 90 22 hvitbuk
305 267 39 21 och
363 267 77 27 alfägel
463 270 54 17 samt
531 268 7 19 i
552 259 82 28 Ålands
657 266 102 28 skärgård
780 266 78 27 jämväl
873 265 13 21 å
899 264 48 22 hvit

194 301 112 28 ejderhane
322 301 50 21 eller
387 300 102 29 gudunge.

542 375 25 20 15
583 376 17 25 &.

263 415 65 22 Visar
350 414 146 22 erfarenheten
518 417 31 19 att
571 415 41 20 den
635 414 174 29 fridlysningstid,
824 421 44 13 som
884 412 64 22 ofvan

195 452 23 18 är
240 449 103 25 bestämd,
358 448 103 22 behöfver
471 450 7 19 i
493 449 64 28 något
568 449 38 21 fall
618 448 34 21 för
661 449 49 20 hela
719 448 73 22 landet
799 449 51 20 eller
860 449 43 21 viss
913 448 36 21 del

195 483 61 22 däraf
270 483 118 22 utsträckas
404 484 51 21 eller
469 484 112 27 förkortas,
592 484 50 21 eller
652 483 84 29 påkalla
746 483 203 22 ortsförhällandena

196 519 50 20 eller
269 518 65 21 andra
356 518 179 29 omständigheter
557 518 113 22 framdeles
692 518 131 29 stadganden
840 518 109 29 angäende

194 553 45 27 jagt
254 552 12 21 &
281 555 64 18 annat
365 553 60 25 vildt,
447 555 25 18 än
494 553 38 20 här
546 552 123 22 omnämndt
684 552 77 26 blifvit,
776 553 122 21 ankommer
912 552 37 21 det

196 586 12 21 å
222 586 105 28 Kejsaren
342 586 39 22 och
396 586 131 22 Storfursten
542 590 31 18 att
589 586 71 22 därom
676 586 100 22 särskildt
790 586 105 22 förordna.

543 661 26 21 16
585 661 18 26 $.

264 700 47 21 Har
330 700 68 28 någon
420 703 66 18 utsatt
500 702 7 19 i
522 700 47 22 fritt
590 700 96 21 tillstånd
708 700 74 22 sådant
796 702 79 27 nyttigt
890 700 60 27 vildt,

197 742 44 13 som
256 734 58 21 förut
327 734 48 21 icke
390 734 80 21 funnits
485 735 7 20 i
507 734 72 21 landet
594 734 49 21 eller
658 734 13 21 å
685 738 66 23 orten,
765 734 41 22 och
819 735 72 21 derom
902 735 49 21 lätit

196 769 94 28 kungöra
304 769 8 20 i
327 771 70 18 ortens
413 767 67 29 kyrka
495 768 39 21 och
549 768 102 22 officiella
665 769 135 28 tidningarna
810 773 54 17 samt
874 776 75 21 genom

197 803 72 28 anslag
284 804 7 19 i
306 803 234 21 kommunalstämmans
563 803 152 28 samlingsrum,
729 811 50 13 vare
793 804 73 28 hvarje
882 811 67 14 annan

196 837 108 28 förbjudet
318 839 32 18 att
364 836 67 21 under
445 837 73 27 loppet
533 837 22 20 af
569 840 93 18 närmast
677 837 93 28 följande
784 837 44 21 fem
844 837 22 21 år
882 837 12 21 å
908 837 42 22 den

197 874 58 18 orten
270 871 48 27 jaga
333 870 75 22 sådant
422 870 109 22 villebråd.

264 904 149 29 Kungörelsen
427 904 40 22 bör
481 904 79 29 årligen
575 906 90 27 förnyas.

548 980 25 20 17
591 981 17 26 &

265 1019 128 29 Hackspett,
407 1019 48 28 gök,
471 1022 54 18 stare
541 1019 39 22 och
595 1027 69 13 annan
679 1020 107 28 smäfogel,
801 1020 90 22 förutom
904 1020 47 28 grä-

198 1054 64 29 sparf,
283 1054 95 28 varfägel
398 1053 40 22 och
455 1054 110 21 törnskata
579 1061 50 14 vare
644 1054 98 28 fridlysta
756 1054 67 21 under
837 1054 48 22 hela
899 1054 53 22 året.

266 1088 36 22 Nu
316 1088 91 21 nämnda
422 1088 125 28 fridlysning
563 1089 64 27 gäller
642 1088 56 22 dock
708 1088 48 22 icke
766 1092 54 18 trast
830 1089 38 21 och
880 1088 69 22 siden-

198 1130 63 15 svans
282 1122 67 21 under
370 1122 59 21 tiden
447 1122 46 21 frän
516 1123 39 20 och
576 1122 48 21 med
647 1122 41 21 den
711 1124 25 19 15
755 1123 91 28 Augusti
860 1124 33 20 till
908 1123 42 21 den

199 1159 11 19 1
226 1157 65 21 Mars.

548 1186 26 20 18
589 1186 17 27 &.

267 1220 50 33 Ägg
338 1225 22 21 af
382 1225 97 28 fridlysta
499 1225 69 28 fåglar
585 1228 55 18 samt
655 1225 22 21 af
692 1225 65 22 andra
772 1225 57 22 hafs-
844 1225 51 22 eller
910 1226 41 27 sjö-

197 1259 74 28 fåglar,
291 1261 27 18 än
341 1259 26 20 de
386 1259 7 19 i
412 1260 26 19 10
457 1259 11 26 $
484 1259 135 27 uppräknade
635 1259 33 20 mä
683 1259 47 21 icke
746 1267 24 12 ur
784 1259 27 20 bo
826 1262 59 25 tagas
901 1259 51 21 eller

198 1293 108 20 förstöras.

546 1321 26 21 19
589 1321 18 27 8.

266 1361 44 22 För
332 1361 156 29 vetenskapligt
511 1361 97 22 ändamål
626 1361 41 26 må,
681 1361 29 29 på
724 1361 56 22 skild
795 1362 99 26 ansökan,
908 1362 43 22 viss

198 1403 76 22 person
298 1396 23 21 af
343 1397 130 27 guvernören
495 1395 78 22 tillåtas
596 1398 31 18 att
649 1395 69 29 skjuta
733 1396 40 21 och
788 1396 63 29 fånga
866 1396 86 29 fridlyst

199 1431 55 22 vildt
268 1433 55 19 samt
336 1433 50 26 taga
400 1432 41 26 ägg
456 1430 39 21 och
510 1437 66 21 ungar
590 1429 23 22 af
628 1429 75 22 sådant
718 1430 108 22 villebråd.
