1045 1711
266 116 82 23 Ständ.
366 117 39 23 Sv.
420 131 27 3 —
463 118 73 29 Prop.
552 119 42 22 N:o
609 118 35 22 15.
820 119 28 20 43

96 191 111 22 Finlands
221 191 219 29 Hypoteksförening,
880 192 85 18 Befrielse

96 220 242 38 Förmyndarenämnd,
671 222 7 19 i
693 229 79 13 samma
786 223 33 18 ut-
837 216 11 40 —
858 221 38 16 från
909 220 82 32 stämpel-

96 253 222 37 Helsovärdsnämnäd,
657 255 121 27 sträckning
792 261 45 14 som
860 248 126 23 Skyldigheten.

95 292 113 22 Inhemskt
233 293 205 28 Brandstodsbolag,
461 294 106 28 grundadt
581 294 28 28 pä
676 288 146 28 Fattigvårds-

164 327 113 29 ömsesidig
291 328 140 28 ansvarighet,
700 322 93 28 styrelse.

94 360 256 29 Inqvarteringsnämnd,

95 394 119 28 Kommun,
229 396 34 20 för
278 396 121 21 infordrade
415 396 121 22 utlåtanden
551 397 38 21 och
606 398 6 19 i
627 396 130 22 besvärsmål
767 396 81 28 afgifna

161 429 146 30 förklaringar,
322 430 34 21 för
371 430 174 26 hufvudskrifter,
560 431 81 28 bilagor
655 431 39 21 och
705 431 145 28 expeditioner

163 465 8 20 i
192 464 48 27 mål,
260 472 45 13 som
328 464 36 22 vid
388 464 114 22 domstolar
516 465 40 21 och
571 465 134 21 embetsverk
719 465 131 20 förekomma

162 498 88 21 rörande
272 498 150 28 fattigvården,
444 502 54 18 samt
520 499 34 21 för
576 499 213 28 ansökningsskrifter
809 498 40 21 och

162 533 145 28 expeditioner
321 533 90 21 rörande
426 533 75 27 beslut,
515 541 45 14 som
575 533 201 28 författningsenligt
790 533 60 21 skola

161 567 138 21 underställas
314 567 105 21 Senatens
432 567 51 21 eller
497 567 120 22 Guvernörs
632 567 105 29 pröfning.

93 600 100 28 Kronan,
208 602 7 20 i
230 601 38 21 allt
286 600 57 22 hvad
358 601 89 21 rörande
462 602 49 21 dess
525 603 43 20 rätt
582 601 37 22 vid
629 601 119 27 domstolar,
758 601 90 21 embets-

161 635 52 21 verk
227 636 40 20 och
280 635 148 29 myndigheter
439 636 110 21 afhandlas
559 638 55 19 samt
623 636 56 21 ifrån
688 636 49 21 dem
746 635 103 23 utfärdas.

93 669 83 28 Kyrka,
190 670 8 20 i
213 678 80 13 samma
307 670 146 28 utsträckning
469 678 44 14 som
528 670 229 28 Fattigvårdsstyrelse.

93 703 94 29 Kyrklig
211 704 139 28 församling,
374 705 4 20 i
402 712 79 14 samma
504 704 145 28 utsträckning
669 712 45 14 som
735 704 113 26 Kommun,

93 738 166 28 Lappmarkens
280 738 81 22 härads
384 741 56 19 samt
459 738 133 28 Kuolajärvi
605 738 40 22 och
660 738 116 22 Kuusamo
791 739 58 21 sock-

161 780 54 14 nars
236 773 154 28 innebyggare,
414 773 34 21 för
472 773 41 21 alla
535 772 130 28 handlingar,
680 780 45 14 som
739 775 109 26 upprättas

162 806 22 22 af
199 807 50 21 eller
264 806 54 29 angä
332 806 56 27 dem,
404 807 49 21 med
467 807 107 28 undantag
588 806 22 22 af
624 806 155 22 förordnanden
794 810 54 18 samt

162 840 122 22 fullmakter
298 841 13 20 &
324 842 65 27 tjenst
406 841 51 20 eller
470 840 117 29 värdighet.

93 875 194 28 Lifränteanstalt,
302 883 44 13 som
360 875 50 21 icke
426 875 56 21 afser
495 875 129 26 affärsvinst,
638 875 7 20 i
656 882 79 14 samma
744 875 104 21 utsträck-

162 910 50 28 ning
227 917 44 14 som
285 909 229 29 Fattigvärdsstyrelse.

93 944 102 21 Medellös
213 951 87 21 person,
322 944 64 22 hvars
410 944 113 28 fattigdom
545 945 23 20 är
589 943 57 22 känd
669 943 50 22 eller
735 943 114 30 behörigen

162 979 93 28 intygad.

93 1018 119 22 Pensions-
229 1019 40 21 och
283 1019 242 26 understödsanstalter,

95 1053 113 28 Samfund
232 1053 33 21 för
290 1053 144 28 befrämjande
458 1053 23 21 af
500 1053 110 26 litteratur,

162 1087 122 29 vetenskap,
306 1087 53 22 skön
376 1087 68 27 konst,
458 1087 151 22 landthushäll-

160 1123 56 27 ning,
237 1121 167 29 bibelspridning
427 1122 51 21 eller
493 1125 64 18 annat
571 1122 37 21 all-

159 1157 128 27 männyttigt
308 1156 97 21 ändamäl
426 1159 54 18 samt
502 1156 106 28 yrkesför-
700 1167 8 21 i
723 1167 79 21 samma

162 1191 91 27 eningar,
275 1198 45 14 som
340 1191 6 20 i
363 1190 97 28 gällande
482 1190 126 28 näringsför-
644 1200 145 30 utsträckning
806 1209 45 13 som

161 1224 92 29 fattning
267 1227 35 19 äro
315 1224 113 29 påbjudna,
678 1229 145 39 Fattigvårds-

95 1254 255 37 Sjukhusinrättningar,
702 1269 92 29 styrelse.

95 1293 279 29 Sjöassuransföreningar,

96 1328 81 26 Skolor,

94 1361 91 21 Sockne-
202 1361 39 21 och
256 1360 237 28 understödsmagasin,

95 1394 146 28 Sparbanker,

96 1427 115 29 Stiftelser,
227 1428 102 28 fromma,
