<?xml version="1.0" encoding="UTF-8"?>
<alto xmlns="http://www.loc.gov/standards/alto/ns-v3#" xmlns:xlink="http://www.w3.org/1999/xlink" xmlns:xsi="http://www.w3.org/2001/XMLSchema-instance" xsi:schemaLocation="http://www.loc.gov/standards/alto/ns-v3# http://www.loc.gov/alto/v3/alto-3-0.xsd">
	<Description>
		<MeasurementUnit>pixel</MeasurementUnit>
		<sourceImageInformation>
			<fileName>/tmp/tess_18w5nru5_input.PNG</fileName>
		</sourceImageInformation>
		<OCRProcessing ID="OCR_0">
			<ocrProcessingStep>
				<processingSoftware>
					<softwareName>tesseract 5.3.4</softwareName>
				</processingSoftware>
			</ocrProcessingStep>
		</OCRProcessing>
	</Description>
	<Layout>
		<Page WIDTH="1059" HEIGHT="1709" PHYSICAL_IMG_NR="0" ID="page_0">
			<PrintSpace HPOS="0" VPOS="0" WIDTH="1059" HEIGHT="1709">
				<ComposedBlock ID="cblock_0" HPOS="187" VPOS="120" WIDTH="575" HEIGHT="28">
					<TextBlock ID="block_0" HPOS="187" VPOS="120" WIDTH="575" HEIGHT="28">
						<TextLine ID="line_0" HPOS="187" VPOS="120" WIDTH="575" HEIGHT="28">
							<String ID="string_0" HPOS="187" VPOS="122" WIDTH="27" HEIGHT="21" WC="0.96" CONTENT="38"/><SP WIDTH="164" VPOS="122" HPOS="214"/>
							<String ID="string_1" HPOS="378" VPOS="121" WIDTH="84" HEIGHT="23" WC="0.89" CONTENT="Ständ."/><SP WIDTH="17" VPOS="121" HPOS="462"/>
							<String ID="string_2" HPOS="479" VPOS="120" WIDTH="39" HEIGHT="24" WC="0.93" CONTENT="Sv."/><SP WIDTH="15" VPOS="120" HPOS="518"/>
							<String ID="string_3" HPOS="533" VPOS="133" WIDTH="27" HEIGHT="3" WC="0.92" CONTENT="—"/><SP WIDTH="16" VPOS="133" HPOS="560"/>
							<String ID="string_4" HPOS="576" VPOS="120" WIDTH="74" HEIGHT="28" WC="0.95" CONTENT="Prop."/><SP WIDTH="17" VPOS="120" HPOS="650"/>
							<String ID="string_5" HPOS="667" VPOS="120" WIDTH="42" HEIGHT="23" WC="0.95" CONTENT="N:o"/><SP WIDTH="16" VPOS="120" HPOS="709"/>
							<String ID="string_6" HPOS="725" VPOS="120" WIDTH="37" HEIGHT="22" WC="0.95" CONTENT="15."/>
						</TextLine>
					</TextBlock>
				</ComposedBlock>
				<GraphicalElement ID="cblock_1" HPOS="180" VPOS="194" WIDTH="794" HEIGHT="5"></GraphicalElement >
				<Illustration ID="cblock_2" HPOS="148" VPOS="184" WIDTH="833" HEIGHT="93"></Illustration>
				<GraphicalElement ID="cblock_3" HPOS="623" VPOS="394" WIDTH="349" HEIGHT="4"></GraphicalElement >
				<ComposedBlock ID="cblock_4" HPOS="38" VPOS="314" WIDTH="900" HEIGHT="240">
					<TextBlock ID="block_1" HPOS="38" VPOS="314" WIDTH="543" HEIGHT="34">
						<TextLine ID="line_1" HPOS="38" VPOS="314" WIDTH="543" HEIGHT="34">
							<String ID="string_7" HPOS="38" VPOS="314" WIDTH="90" HEIGHT="34" WC="0.91" CONTENT="ämpelaf-"/><SP WIDTH="198" VPOS="314" HPOS="128"/>
							<String ID="string_8" HPOS="326" VPOS="316" WIDTH="56" HEIGHT="27" WC="0.96" CONTENT="ning,"/><SP WIDTH="14" VPOS="316" HPOS="382"/>
							<String ID="string_9" HPOS="396" VPOS="315" WIDTH="34" HEIGHT="21" WC="0.96" CONTENT="för"/><SP WIDTH="19" VPOS="315" HPOS="430"/>
							<String ID="string_10" HPOS="449" VPOS="315" WIDTH="86" HEIGHT="21" WC="0.93" CONTENT="hvilken"/><SP WIDTH="15" VPOS="315" HPOS="535"/>
							<String ID="string_11" HPOS="550" VPOS="316" WIDTH="31" HEIGHT="20" WC="0.92" CONTENT="af-"/>
						</TextLine>
					</TextBlock>
					<TextBlock ID="block_2" HPOS="41" VPOS="349" WIDTH="625" HEIGHT="30">
						<TextLine ID="line_2" HPOS="41" VPOS="349" WIDTH="625" HEIGHT="30">
							<String ID="string_12" HPOS="41" VPOS="350" WIDTH="5" HEIGHT="17" WC="0.57" CONTENT="£"/><SP WIDTH="11" VPOS="350" HPOS="46"/>
							<String ID="string_13" HPOS="57" VPOS="349" WIDTH="28" HEIGHT="18" WC="0.93" CONTENT="för"/><SP WIDTH="12" VPOS="349" HPOS="85"/>
							<String ID="string_14" HPOS="97" VPOS="349" WIDTH="49" HEIGHT="18" WC="0.91" CONTENT="dom-"/><SP WIDTH="179" VPOS="349" HPOS="146"/>
							<String ID="string_15" HPOS="325" VPOS="349" WIDTH="68" HEIGHT="28" WC="0.93" CONTENT="giften"/><SP WIDTH="15" VPOS="349" HPOS="393"/>
							<String ID="string_16" HPOS="408" VPOS="349" WIDTH="62" HEIGHT="21" WC="0.96" CONTENT="alltid"/><SP WIDTH="10" VPOS="349" HPOS="470"/>
							<String ID="string_17" HPOS="480" VPOS="349" WIDTH="55" HEIGHT="21" WC="0.93" CONTENT="skall"/><SP WIDTH="9" VPOS="349" HPOS="535"/>
							<String ID="string_18" HPOS="544" VPOS="349" WIDTH="37" HEIGHT="21" WC="0.93" CONTENT="be-"/><SP WIDTH="84" VPOS="349" HPOS="581"/>
							<String ID="string_19" HPOS="665" VPOS="363" WIDTH="1" HEIGHT="16" WC="0.86" CONTENT="|"/>
						</TextLine>
					</TextBlock>
					<TextBlock ID="block_3" HPOS="40" VPOS="373" WIDTH="898" HEIGHT="84">
						<TextLine ID="line_3" HPOS="42" VPOS="373" WIDTH="896" HEIGHT="41">
							<String ID="string_20" HPOS="42" VPOS="373" WIDTH="68" HEIGHT="41" WC="0.89" CONTENT="stolars,"/><SP WIDTH="217" VPOS="373" HPOS="110"/>
							<String ID="string_21" HPOS="327" VPOS="383" WIDTH="75" HEIGHT="22" WC="0.96" CONTENT="räknas"/><SP WIDTH="10" VPOS="383" HPOS="402"/>
							<String ID="string_22" HPOS="412" VPOS="391" WIDTH="39" HEIGHT="21" WC="0.96" CONTENT="per"/><SP WIDTH="14" VPOS="391" HPOS="451"/>
							<String ID="string_23" HPOS="465" VPOS="383" WIDTH="77" HEIGHT="21" WC="0.93" CONTENT="månad"/><SP WIDTH="3" VPOS="383" HPOS="542"/>
							<String ID="string_24" HPOS="545" VPOS="379" WIDTH="12" HEIGHT="37" WC="0.90" CONTENT="."/><SP WIDTH="20" VPOS="379" HPOS="557"/>
							<String ID="string_25" HPOS="577" VPOS="390" WIDTH="14" HEIGHT="14" WC="0.73" CONTENT=".j"/><SP WIDTH="125" VPOS="390" HPOS="591"/>
							<String ID="string_26" HPOS="716" VPOS="395" WIDTH="25" HEIGHT="3" WC="0.92" CONTENT="—"/><SP WIDTH="184" VPOS="395" HPOS="741"/>
							<String ID="string_27" HPOS="925" VPOS="383" WIDTH="13" HEIGHT="21" WC="0.96" CONTENT="3"/>
						</TextLine>
						<TextLine ID="line_4" HPOS="40" VPOS="406" WIDTH="627" HEIGHT="51">
							<String ID="string_28" HPOS="40" VPOS="406" WIDTH="90" HEIGHT="51" WC="0.4" CONTENT="ars"/><SP WIDTH="41" VPOS="406" HPOS="130"/>
							<String ID="string_29" HPOS="171" VPOS="418" WIDTH="135" HEIGHT="27" WC="0.92" CONTENT="Resolution,"/><SP WIDTH="29" VPOS="418" HPOS="306"/>
							<String ID="string_30" HPOS="335" VPOS="418" WIDTH="69" HEIGHT="28" WC="0.93" CONTENT="utslag"/><SP WIDTH="28" VPOS="418" HPOS="404"/>
							<String ID="string_31" HPOS="432" VPOS="418" WIDTH="51" HEIGHT="21" WC="0.92" CONTENT="eller"/><SP WIDTH="28" VPOS="418" HPOS="483"/>
							<String ID="string_32" HPOS="511" VPOS="421" WIDTH="70" HEIGHT="25" WC="0.89" CONTENT="proto-"/><SP WIDTH="84" VPOS="421" HPOS="581"/>
							<String ID="string_33" HPOS="665" VPOS="422" WIDTH="2" HEIGHT="28" WC="0.93" CONTENT="|"/>
						</TextLine>
					</TextBlock>
					<TextBlock ID="block_4" HPOS="40" VPOS="451" WIDTH="627" HEIGHT="34">
						<TextLine ID="line_5" HPOS="40" VPOS="451" WIDTH="627" HEIGHT="34">
							<String ID="string_34" HPOS="40" VPOS="469" WIDTH="10" HEIGHT="12" WC="0.52" CONTENT="5"/><SP WIDTH="12" VPOS="469" HPOS="50"/>
							<String ID="string_35" HPOS="62" VPOS="463" WIDTH="32" HEIGHT="18" WC="0.50" CONTENT="öh"/><SP WIDTH="16" VPOS="463" HPOS="94"/>
							<String ID="string_36" HPOS="110" VPOS="469" WIDTH="36" HEIGHT="12" WC="0.0" CONTENT="&quot;enin"/><SP WIDTH="179" VPOS="469" HPOS="146"/>
							<String ID="string_37" HPOS="325" VPOS="451" WIDTH="136" HEIGHT="29" WC="0.92" CONTENT="kollsutdrag,"/><SP WIDTH="12" VPOS="451" HPOS="461"/>
							<String ID="string_38" HPOS="473" VPOS="460" WIDTH="44" HEIGHT="13" WC="0.93" CONTENT="som"/><SP WIDTH="7" VPOS="460" HPOS="517"/>
							<String ID="string_39" HPOS="524" VPOS="453" WIDTH="57" HEIGHT="20" WC="0.93" CONTENT="inne-"/><SP WIDTH="84" VPOS="453" HPOS="581"/>
							<String ID="string_40" HPOS="665" VPOS="451" WIDTH="2" HEIGHT="34" WC="0.90" CONTENT="|"/>
						</TextLine>
					</TextBlock>
					<TextBlock ID="block_5" HPOS="39" VPOS="486" WIDTH="544" HEIGHT="29">
						<TextLine ID="line_6" HPOS="39" VPOS="486" WIDTH="544" HEIGHT="29">
							<String ID="string_41" HPOS="39" VPOS="493" WIDTH="65" HEIGHT="17" WC="0.92" CONTENT="tsmäns"/><SP WIDTH="13" VPOS="493" HPOS="104"/>
							<String ID="string_42" HPOS="117" VPOS="497" WIDTH="29" HEIGHT="13" WC="0.66" CONTENT="ex-"/><SP WIDTH="180" VPOS="497" HPOS="146"/>
							<String ID="string_43" HPOS="326" VPOS="486" WIDTH="65" HEIGHT="21" WC="0.92" CONTENT="fattar"/><SP WIDTH="8" VPOS="486" HPOS="391"/>
							<String ID="string_44" HPOS="399" VPOS="486" WIDTH="81" HEIGHT="29" WC="0.91" CONTENT="slutligt"/><SP WIDTH="8" VPOS="486" HPOS="480"/>
							<String ID="string_45" HPOS="488" VPOS="486" WIDTH="95" HEIGHT="21" WC="0.90" CONTENT="tillständ"/>
						</TextLine>
					</TextBlock>
					<TextBlock ID="block_6" HPOS="39" VPOS="517" WIDTH="543" HEIGHT="37">
						<TextLine ID="line_7" HPOS="39" VPOS="517" WIDTH="543" HEIGHT="37">
							<String ID="string_46" HPOS="39" VPOS="517" WIDTH="89" HEIGHT="37" WC="0.91" CONTENT="editioner."/><SP WIDTH="199" VPOS="517" HPOS="128"/>
							<String ID="string_47" HPOS="327" VPOS="523" WIDTH="32" HEIGHT="19" WC="0.93" CONTENT="att"/><SP WIDTH="14" VPOS="523" HPOS="359"/>
							<String ID="string_48" HPOS="373" VPOS="520" WIDTH="105" HEIGHT="22" WC="0.92" CONTENT="utskänka"/><SP WIDTH="12" VPOS="520" HPOS="478"/>
							<String ID="string_49" HPOS="490" VPOS="521" WIDTH="50" HEIGHT="20" WC="0.93" CONTENT="eller"/><SP WIDTH="10" VPOS="521" HPOS="540"/>
							<String ID="string_50" HPOS="550" VPOS="524" WIDTH="32" HEIGHT="17" WC="0.93" CONTENT="ut-"/>
						</TextLine>
					</TextBlock>
				</ComposedBlock>
				<ComposedBlock ID="cblock_5" HPOS="322" VPOS="555" WIDTH="345" HEIGHT="165">
					<TextBlock ID="block_7" HPOS="322" VPOS="555" WIDTH="345" HEIGHT="165">
						<TextLine ID="line_8" HPOS="322" VPOS="555" WIDTH="345" HEIGHT="21">
							<String ID="string_51" HPOS="322" VPOS="555" WIDTH="102" HEIGHT="21" WC="0.92" CONTENT="minutera"/><SP WIDTH="8" VPOS="555" HPOS="424"/>
							<String ID="string_52" HPOS="432" VPOS="555" WIDTH="93" HEIGHT="21" WC="0.92" CONTENT="starkare"/><SP WIDTH="7" VPOS="555" HPOS="525"/>
							<String ID="string_53" HPOS="532" VPOS="555" WIDTH="51" HEIGHT="21" WC="0.96" CONTENT="eller"/><SP WIDTH="82" VPOS="555" HPOS="583"/>
							<String ID="string_54" HPOS="665" VPOS="558" WIDTH="2" HEIGHT="14" WC="0.94" CONTENT="|"/>
						</TextLine>
						<TextLine ID="line_9" HPOS="327" VPOS="589" WIDTH="256" HEIGHT="28">
							<String ID="string_55" HPOS="327" VPOS="596" WIDTH="86" HEIGHT="21" WC="0.88" CONTENT="svagare"/><SP WIDTH="17" VPOS="596" HPOS="413"/>
							<String ID="string_56" HPOS="430" VPOS="585" WIDTH="14" HEIGHT="38" WC="0.88" CONTENT="—"/><SP WIDTH="14" VPOS="585" HPOS="444"/>
							<String ID="string_57" HPOS="458" VPOS="589" WIDTH="125" HEIGHT="28" WC="0.90" CONTENT="rusdrycker"/>
						</TextLine>
						<TextLine ID="line_10" HPOS="326" VPOS="623" WIDTH="258" HEIGHT="28">
							<String ID="string_58" HPOS="326" VPOS="626" WIDTH="55" HEIGHT="19" WC="0.93" CONTENT="samt"/><SP WIDTH="10" VPOS="626" HPOS="381"/>
							<String ID="string_59" HPOS="391" VPOS="623" WIDTH="148" HEIGHT="28" WC="0.92" CONTENT="maltdrycker,"/><SP WIDTH="10" VPOS="623" HPOS="539"/>
							<String ID="string_60" HPOS="549" VPOS="623" WIDTH="35" HEIGHT="21" WC="0.96" CONTENT="för"/>
						</TextLine>
						<TextLine ID="line_11" HPOS="333" VPOS="657" WIDTH="245" HEIGHT="29">
							<String ID="string_61" HPOS="333" VPOS="658" WIDTH="72" HEIGHT="28" WC="0.91" CONTENT="hvarje"/><SP WIDTH="30" VPOS="658" HPOS="405"/>
							<String ID="string_62" HPOS="435" VPOS="657" WIDTH="143" HEIGHT="29" WC="0.75" CONTENT="försäljnings-"/>
						</TextLine>
						<TextLine ID="line_12" HPOS="328" VPOS="692" WIDTH="255" HEIGHT="28">
							<String ID="string_63" HPOS="328" VPOS="692" WIDTH="66" HEIGHT="27" WC="0.90" CONTENT="ställe,"/><SP WIDTH="15" VPOS="692" HPOS="394"/>
							<String ID="string_64" HPOS="409" VPOS="693" WIDTH="35" HEIGHT="20" WC="0.93" CONTENT="för"/><SP WIDTH="14" VPOS="693" HPOS="444"/>
							<String ID="string_65" HPOS="458" VPOS="692" WIDTH="72" HEIGHT="28" WC="0.92" CONTENT="hvarje"/><SP WIDTH="8" VPOS="692" HPOS="530"/>
							<String ID="string_66" HPOS="538" VPOS="692" WIDTH="45" HEIGHT="21" WC="0.97" CONTENT="helt"/>
						</TextLine>
					</TextBlock>
				</ComposedBlock>
				<ComposedBlock ID="cblock_6" HPOS="238" VPOS="726" WIDTH="737" HEIGHT="133">
					<TextBlock ID="block_8" HPOS="238" VPOS="726" WIDTH="737" HEIGHT="63">
						<TextLine ID="line_13" HPOS="327" VPOS="726" WIDTH="648" HEIGHT="22">
							<String ID="string_67" HPOS="327" VPOS="727" WIDTH="23" HEIGHT="20" WC="0.96" CONTENT="år"/><SP WIDTH="15" VPOS="727" HPOS="350"/>
							<String ID="string_68" HPOS="365" VPOS="727" WIDTH="51" HEIGHT="21" WC="0.96" CONTENT="eller"/><SP WIDTH="14" VPOS="727" HPOS="416"/>
							<String ID="string_69" HPOS="430" VPOS="726" WIDTH="35" HEIGHT="21" WC="0.93" CONTENT="del"/><SP WIDTH="11" VPOS="726" HPOS="465"/>
							<String ID="string_70" HPOS="476" VPOS="726" WIDTH="61" HEIGHT="21" WC="0.92" CONTENT="däraf"/><SP WIDTH="21" VPOS="726" HPOS="537"/>
							<String ID="string_71" HPOS="558" VPOS="737" WIDTH="24" HEIGHT="10" WC="0.80" CONTENT=".-"/><SP WIDTH="53" VPOS="737" HPOS="582"/>
							<String ID="string_72" HPOS="635" VPOS="727" WIDTH="61" HEIGHT="20" WC="0.41" CONTENT="25:—1"/><SP WIDTH="20" VPOS="727" HPOS="696"/>
							<String ID="string_73" HPOS="716" VPOS="739" WIDTH="28" HEIGHT="4" WC="0.24" CONTENT="—-"/><SP WIDTH="34" VPOS="739" HPOS="744"/>
							<String ID="string_74" HPOS="778" VPOS="740" WIDTH="11" HEIGHT="2" WC="0.39" CONTENT="|--1"/><SP WIDTH="32" VPOS="740" HPOS="789"/>
							<String ID="string_75" HPOS="821" VPOS="726" WIDTH="61" HEIGHT="21" WC="0.76" CONTENT="25—]"/><SP WIDTH="30" VPOS="726" HPOS="882"/>
							<String ID="string_76" HPOS="912" VPOS="727" WIDTH="63" HEIGHT="21" WC="0.56" CONTENT="25/—"/>
						</TextLine>
						<TextLine ID="line_14" HPOS="238" VPOS="761" WIDTH="429" HEIGHT="28">
							<String ID="string_77" HPOS="238" VPOS="771" WIDTH="9" HEIGHT="10" WC="0.91" CONTENT="»"/><SP WIDTH="82" VPOS="771" HPOS="247"/>
							<String ID="string_78" HPOS="329" VPOS="761" WIDTH="13" HEIGHT="21" WC="0.91" CONTENT="å"/><SP WIDTH="14" VPOS="761" HPOS="342"/>
							<String ID="string_79" HPOS="356" VPOS="761" WIDTH="100" HEIGHT="28" WC="0.95" CONTENT="rättighet"/><SP WIDTH="10" VPOS="761" HPOS="456"/>
							<String ID="string_80" HPOS="466" VPOS="764" WIDTH="32" HEIGHT="19" WC="0.96" CONTENT="att"/><SP WIDTH="8" VPOS="764" HPOS="498"/>
							<String ID="string_81" HPOS="506" VPOS="761" WIDTH="38" HEIGHT="22" WC="0.96" CONTENT="vid"/><SP WIDTH="8" VPOS="761" HPOS="544"/>
							<String ID="string_82" HPOS="552" VPOS="763" WIDTH="31" HEIGHT="19" WC="0.96" CONTENT="ett"/><SP WIDTH="82" VPOS="763" HPOS="583"/>
							<String ID="string_83" HPOS="665" VPOS="778" WIDTH="2" HEIGHT="9" WC="0.89" CONTENT="|"/>
						</TextLine>
					</TextBlock>
					<TextBlock ID="block_9" HPOS="326" VPOS="795" WIDTH="256" HEIGHT="22">
						<TextLine ID="line_15" HPOS="326" VPOS="795" WIDTH="256" HEIGHT="22">
							<String ID="string_84" HPOS="326" VPOS="796" WIDTH="54" HEIGHT="21" WC="0.92" CONTENT="visst"/><SP WIDTH="18" VPOS="796" HPOS="380"/>
							<String ID="string_85" HPOS="398" VPOS="795" WIDTH="85" HEIGHT="22" WC="0.92" CONTENT="tillfälle"/><SP WIDTH="14" VPOS="795" HPOS="483"/>
							<String ID="string_86" HPOS="497" VPOS="795" WIDTH="85" HEIGHT="22" WC="0.92" CONTENT="utskän-"/>
						</TextLine>
					</TextBlock>
					<TextBlock ID="block_10" HPOS="328" VPOS="829" WIDTH="612" HEIGHT="30">
						<TextLine ID="line_16" HPOS="328" VPOS="829" WIDTH="612" HEIGHT="30">
							<String ID="string_87" HPOS="328" VPOS="830" WIDTH="28" HEIGHT="21" WC="0.93" CONTENT="ka"/><SP WIDTH="15" VPOS="830" HPOS="356"/>
							<String ID="string_88" HPOS="371" VPOS="829" WIDTH="78" HEIGHT="22" WC="0.96" CONTENT="sådana"/><SP WIDTH="15" VPOS="829" HPOS="449"/>
							<String ID="string_89" HPOS="464" VPOS="829" WIDTH="99" HEIGHT="30" WC="0.93" CONTENT="drycker."/><SP WIDTH="15" VPOS="829" HPOS="563"/>
							<String ID="string_90" HPOS="578" VPOS="846" WIDTH="5" HEIGHT="4" WC="0.91" CONTENT="."/><SP WIDTH="88" VPOS="846" HPOS="583"/>
							<String ID="string_91" HPOS="671" VPOS="841" WIDTH="27" HEIGHT="4" WC="0.16" CONTENT="—|"/><SP WIDTH="20" VPOS="841" HPOS="698"/>
							<String ID="string_92" HPOS="718" VPOS="842" WIDTH="26" HEIGHT="4" WC="0.90" CONTENT="—"/><SP WIDTH="92" VPOS="842" HPOS="744"/>
							<String ID="string_93" HPOS="836" VPOS="831" WIDTH="13" HEIGHT="20" WC="0.96" CONTENT="5"/><SP WIDTH="79" VPOS="831" HPOS="849"/>
							<String ID="string_94" HPOS="928" VPOS="831" WIDTH="12" HEIGHT="20" WC="0.95" CONTENT="5"/>
						</TextLine>
					</TextBlock>
				</ComposedBlock>
				<GraphicalElement ID="cblock_7" HPOS="624" VPOS="841" WIDTH="350" HEIGHT="5"></GraphicalElement >
				<ComposedBlock ID="cblock_8" HPOS="174" VPOS="865" WIDTH="803" HEIGHT="575">
					<TextBlock ID="block_11" HPOS="327" VPOS="865" WIDTH="257" HEIGHT="158">
						<TextLine ID="line_17" HPOS="355" VPOS="865" WIDTH="229" HEIGHT="28">
							<String ID="string_95" HPOS="355" VPOS="865" WIDTH="52" HEIGHT="21" WC="0.75" CONTENT="Jmf."/><SP WIDTH="23" VPOS="865" HPOS="407"/>
							<String ID="string_96" HPOS="430" VPOS="865" WIDTH="8" HEIGHT="20" WC="0.94" CONTENT="i"/><SP WIDTH="24" VPOS="865" HPOS="438"/>
							<String ID="string_97" HPOS="462" VPOS="865" WIDTH="64" HEIGHT="28" WC="0.90" CONTENT="öfrigt"/><SP WIDTH="16" VPOS="865" HPOS="526"/>
							<String ID="string_98" HPOS="542" VPOS="865" WIDTH="42" HEIGHT="21" WC="0.91" CONTENT="Be-"/>
						</TextLine>
						<TextLine ID="line_18" HPOS="327" VPOS="899" WIDTH="257" HEIGHT="26">
							<String ID="string_99" HPOS="327" VPOS="900" WIDTH="39" HEIGHT="25" WC="0.91" CONTENT="vis,"/><SP WIDTH="32" VPOS="900" HPOS="366"/>
							<String ID="string_100" HPOS="398" VPOS="899" WIDTH="186" HEIGHT="22" WC="0.87" CONTENT="Naturalisations-"/>
						</TextLine>
						<TextLine ID="line_19" HPOS="337" VPOS="933" WIDTH="239" HEIGHT="28">
							<String ID="string_101" HPOS="337" VPOS="933" WIDTH="53" HEIGHT="27" WC="0.45" CONTENT="bref,"/><SP WIDTH="29" VPOS="933" HPOS="390"/>
							<String ID="string_102" HPOS="419" VPOS="933" WIDTH="157" HEIGHT="28" WC="0.86" CONTENT="Privilegiibref"/>
						</TextLine>
						<TextLine ID="line_20" HPOS="330" VPOS="967" WIDTH="254" HEIGHT="22">
							<String ID="string_103" HPOS="330" VPOS="968" WIDTH="40" HEIGHT="21" WC="0.93" CONTENT="och"/><SP WIDTH="20" VPOS="968" HPOS="370"/>
							<String ID="string_104" HPOS="390" VPOS="967" WIDTH="194" HEIGHT="22" WC="0.91" CONTENT="Tillständsresolu-"/>
						</TextLine>
						<TextLine ID="line_21" HPOS="329" VPOS="1003" WIDTH="50" HEIGHT="20">
							<String ID="string_105" HPOS="329" VPOS="1003" WIDTH="50" HEIGHT="20" WC="0.96" CONTENT="tion."/>
						</TextLine>
					</TextBlock>
					<TextBlock ID="block_12" HPOS="174" VPOS="1037" WIDTH="202" HEIGHT="28">
						<TextLine ID="line_22" HPOS="174" VPOS="1037" WIDTH="202" HEIGHT="28">
							<String ID="string_106" HPOS="174" VPOS="1037" WIDTH="101" HEIGHT="28" WC="0.95" CONTENT="Ritning,"/><SP WIDTH="16" VPOS="1037" HPOS="275"/>
							<String ID="string_107" HPOS="291" VPOS="1044" WIDTH="22" HEIGHT="14" WC="0.96" CONTENT="se"/><SP WIDTH="16" VPOS="1044" HPOS="313"/>
							<String ID="string_108" HPOS="329" VPOS="1037" WIDTH="13" HEIGHT="20" WC="0.92" CONTENT="6"/><SP WIDTH="16" VPOS="1037" HPOS="342"/>
							<String ID="string_109" HPOS="358" VPOS="1037" WIDTH="18" HEIGHT="27" WC="0.81" CONTENT="$."/>
						</TextLine>
					</TextBlock>
					<TextBlock ID="block_13" HPOS="174" VPOS="1071" WIDTH="421" HEIGHT="62">
						<TextLine ID="line_23" HPOS="174" VPOS="1071" WIDTH="412" HEIGHT="28">
							<String ID="string_110" HPOS="174" VPOS="1071" WIDTH="132" HEIGHT="28" WC="0.90" CONTENT="Räkningar"/><SP WIDTH="14" VPOS="1071" HPOS="306"/>
							<String ID="string_111" HPOS="320" VPOS="1071" WIDTH="14" HEIGHT="20" WC="0.89" CONTENT="&amp;"/><SP WIDTH="13" VPOS="1071" HPOS="334"/>
							<String ID="string_112" HPOS="347" VPOS="1071" WIDTH="108" HEIGHT="22" WC="0.75" CONTENT="tullmedel"/><SP WIDTH="23" VPOS="1071" HPOS="455"/>
							<String ID="string_113" HPOS="478" VPOS="1071" WIDTH="39" HEIGHT="22" WC="0.93" CONTENT="och"/><SP WIDTH="17" VPOS="1071" HPOS="517"/>
							<String ID="string_114" HPOS="534" VPOS="1072" WIDTH="52" HEIGHT="21" WC="0.91" CONTENT="auk-"/>
						</TextLine>
						<TextLine ID="line_24" HPOS="203" VPOS="1087" WIDTH="392" HEIGHT="52">
							<String ID="string_115" HPOS="203" VPOS="1106" WIDTH="115" HEIGHT="27" WC="0.86" CONTENT="tionsinrop"/><SP WIDTH="23" VPOS="1106" HPOS="318"/>
							<String ID="string_116" HPOS="341" VPOS="1121" WIDTH="43" HEIGHT="5" WC="0.29" CONTENT="..."/><SP WIDTH="55" VPOS="1121" HPOS="384"/>
							<String ID="string_117" HPOS="439" VPOS="1121" WIDTH="85" HEIGHT="6" WC="0.23" CONTENT="e."/><SP WIDTH="15" VPOS="1121" HPOS="524"/>
							<String ID="string_118" HPOS="539" VPOS="1087" WIDTH="56" HEIGHT="52" WC="0.81" CONTENT="fria]"/>
						</TextLine>
					</TextBlock>
					<TextBlock ID="block_14" HPOS="178" VPOS="1139" WIDTH="417" HEIGHT="128">
						<TextLine ID="line_25" HPOS="178" VPOS="1139" WIDTH="417" HEIGHT="28">
							<String ID="string_119" HPOS="178" VPOS="1139" WIDTH="107" HEIGHT="28" WC="0.92" CONTENT="Salubref"/><SP WIDTH="18" VPOS="1139" HPOS="285"/>
							<String ID="string_120" HPOS="303" VPOS="1139" WIDTH="13" HEIGHT="20" WC="0.79" CONTENT="å"/><SP WIDTH="13" VPOS="1139" HPOS="316"/>
							<String ID="string_121" HPOS="329" VPOS="1140" WIDTH="162" HEIGHT="27" WC="0.91" CONTENT="utmätningsvis"/><SP WIDTH="15" VPOS="1140" HPOS="491"/>
							<String ID="string_122" HPOS="506" VPOS="1140" WIDTH="89" HEIGHT="21" WC="0.91" CONTENT="försåld"/><SP WIDTH="-5" VPOS="1140" HPOS="595"/>
							<String ID="string_123" HPOS="590" VPOS="1134" WIDTH="10" HEIGHT="37" WC="0.86" CONTENT="|"/>
						</TextLine>
						<TextLine ID="line_26" HPOS="204" VPOS="1173" WIDTH="382" HEIGHT="28">
							<String ID="string_124" HPOS="204" VPOS="1173" WIDTH="102" HEIGHT="28" WC="0.92" CONTENT="fastighet"/><SP WIDTH="12" VPOS="1173" HPOS="306"/>
							<String ID="string_125" HPOS="318" VPOS="1173" WIDTH="76" HEIGHT="28" WC="0.91" CONTENT="drager"/><SP WIDTH="9" VPOS="1173" HPOS="394"/>
							<String ID="string_126" HPOS="403" VPOS="1173" WIDTH="109" HEIGHT="22" WC="0.93" CONTENT="enahanda"/><SP WIDTH="10" VPOS="1173" HPOS="512"/>
							<String ID="string_127" HPOS="522" VPOS="1176" WIDTH="64" HEIGHT="19" WC="0.92" CONTENT="stäm-"/>
						</TextLine>
						<TextLine ID="line_27" HPOS="203" VPOS="1207" WIDTH="383" HEIGHT="30">
							<String ID="string_128" HPOS="203" VPOS="1207" WIDTH="35" HEIGHT="29" WC="0.95" CONTENT="pel"/><SP WIDTH="23" VPOS="1207" HPOS="238"/>
							<String ID="string_129" HPOS="261" VPOS="1215" WIDTH="44" HEIGHT="13" WC="0.91" CONTENT="som"/><SP WIDTH="18" VPOS="1215" HPOS="305"/>
							<String ID="string_130" HPOS="323" VPOS="1207" WIDTH="113" HEIGHT="28" WC="0.91" CONTENT="Köpebref"/><SP WIDTH="16" VPOS="1207" HPOS="436"/>
							<String ID="string_131" HPOS="452" VPOS="1208" WIDTH="37" HEIGHT="21" WC="0.96" CONTENT="vid"/><SP WIDTH="14" VPOS="1208" HPOS="489"/>
							<String ID="string_132" HPOS="503" VPOS="1209" WIDTH="83" HEIGHT="28" WC="0.96" CONTENT="lagfart,"/>
						</TextLine>
						<TextLine ID="line_28" HPOS="204" VPOS="1242" WIDTH="86" HEIGHT="25">
							<String ID="string_133" HPOS="204" VPOS="1249" WIDTH="23" HEIGHT="12" WC="0.96" CONTENT="se"/><SP WIDTH="15" VPOS="1249" HPOS="227"/>
							<String ID="string_134" HPOS="242" VPOS="1242" WIDTH="12" HEIGHT="20" WC="0.92" CONTENT="6"/><SP WIDTH="17" VPOS="1242" HPOS="254"/>
							<String ID="string_135" HPOS="271" VPOS="1242" WIDTH="19" HEIGHT="25" WC="0.73" CONTENT="$."/>
						</TextLine>
					</TextBlock>
					<TextBlock ID="block_15" HPOS="176" VPOS="1274" WIDTH="410" HEIGHT="97">
						<TextLine ID="line_29" HPOS="176" VPOS="1274" WIDTH="410" HEIGHT="29">
							<String ID="string_136" HPOS="176" VPOS="1274" WIDTH="169" HEIGHT="27" WC="0.90" CONTENT="Sjömansrulla"/><SP WIDTH="15" VPOS="1274" HPOS="345"/>
							<String ID="string_137" HPOS="360" VPOS="1274" WIDTH="75" HEIGHT="28" WC="0.90" CONTENT="drager"/><SP WIDTH="15" VPOS="1274" HPOS="435"/>
							<String ID="string_138" HPOS="450" VPOS="1275" WIDTH="89" HEIGHT="28" WC="0.91" CONTENT="stämpel"/><SP WIDTH="14" VPOS="1275" HPOS="539"/>
							<String ID="string_139" HPOS="553" VPOS="1275" WIDTH="33" HEIGHT="22" WC="0.96" CONTENT="till"/>
						</TextLine>
						<TextLine ID="line_30" HPOS="204" VPOS="1307" WIDTH="382" HEIGHT="29">
							<String ID="string_140" HPOS="204" VPOS="1307" WIDTH="44" HEIGHT="22" WC="0.92" CONTENT="lika"/><SP WIDTH="19" VPOS="1307" HPOS="248"/>
							<String ID="string_141" HPOS="267" VPOS="1307" WIDTH="78" HEIGHT="29" WC="0.92" CONTENT="belopp"/><SP WIDTH="22" VPOS="1307" HPOS="345"/>
							<String ID="string_142" HPOS="367" VPOS="1308" WIDTH="48" HEIGHT="21" WC="0.93" CONTENT="med"/><SP WIDTH="18" VPOS="1308" HPOS="415"/>
							<String ID="string_143" HPOS="433" VPOS="1309" WIDTH="153" HEIGHT="21" WC="0.92" CONTENT="Tullkammar-"/>
						</TextLine>
						<TextLine ID="line_31" HPOS="204" VPOS="1342" WIDTH="170" HEIGHT="29">
							<String ID="string_144" HPOS="204" VPOS="1349" WIDTH="60" HEIGHT="22" WC="0.96" CONTENT="pass;"/><SP WIDTH="15" VPOS="1349" HPOS="264"/>
							<String ID="string_145" HPOS="279" VPOS="1350" WIDTH="23" HEIGHT="14" WC="0.96" CONTENT="se"/><SP WIDTH="14" VPOS="1350" HPOS="302"/>
							<String ID="string_146" HPOS="316" VPOS="1342" WIDTH="58" HEIGHT="22" WC="0.96" CONTENT="Pass."/>
						</TextLine>
					</TextBlock>
					<TextBlock ID="block_16" HPOS="178" VPOS="1376" WIDTH="799" HEIGHT="29">
						<TextLine ID="line_32" HPOS="178" VPOS="1376" WIDTH="799" HEIGHT="29">
							<String ID="string_147" HPOS="178" VPOS="1376" WIDTH="126" HEIGHT="29" WC="0.92" CONTENT="Skattebref"/><SP WIDTH="19" VPOS="1376" HPOS="304"/>
							<String ID="string_148" HPOS="323" VPOS="1394" WIDTH="62" HEIGHT="5" WC="0.33" CONTENT="2..."/><SP WIDTH="16" VPOS="1394" HPOS="385"/>
							<String ID="string_149" HPOS="401" VPOS="1394" WIDTH="185" HEIGHT="5" WC="0.26" CONTENT="0000000."/><SP WIDTH="67" VPOS="1394" HPOS="586"/>
							<String ID="string_150" HPOS="653" VPOS="1379" WIDTH="46" HEIGHT="20" WC="0.60" CONTENT="4—|"/><SP WIDTH="21" VPOS="1379" HPOS="699"/>
							<String ID="string_151" HPOS="720" VPOS="1392" WIDTH="27" HEIGHT="3" WC="0.60" CONTENT="—"/><SP WIDTH="19" VPOS="1392" HPOS="747"/>
							<String ID="string_152" HPOS="766" VPOS="1391" WIDTH="26" HEIGHT="3" WC="0.29" CONTENT="|-|"/><SP WIDTH="20" VPOS="1391" HPOS="792"/>
							<String ID="string_153" HPOS="812" VPOS="1391" WIDTH="27" HEIGHT="4" WC="0.75" CONTENT="—"/><SP WIDTH="20" VPOS="1391" HPOS="839"/>
							<String ID="string_154" HPOS="859" VPOS="1391" WIDTH="26" HEIGHT="4" WC="0.49" CONTENT="|-|"/><SP WIDTH="19" VPOS="1391" HPOS="885"/>
							<String ID="string_155" HPOS="904" VPOS="1392" WIDTH="28" HEIGHT="3" WC="0.89" CONTENT="—"/><SP WIDTH="18" VPOS="1392" HPOS="932"/>
							<String ID="string_156" HPOS="950" VPOS="1392" WIDTH="27" HEIGHT="3" WC="0.26" CONTENT="(—"/>
						</TextLine>
					</TextBlock>
					<TextBlock ID="block_17" HPOS="178" VPOS="1410" WIDTH="798" HEIGHT="30">
						<TextLine ID="line_33" HPOS="178" VPOS="1410" WIDTH="798" HEIGHT="30">
							<String ID="string_157" HPOS="178" VPOS="1410" WIDTH="122" HEIGHT="30" WC="0.90" CONTENT="Skiljobref"/><SP WIDTH="10" VPOS="1410" HPOS="300"/>
							<String ID="string_158" HPOS="310" VPOS="1412" WIDTH="7" HEIGHT="21" WC="0.93" CONTENT="i"/><SP WIDTH="15" VPOS="1412" HPOS="317"/>
							<String ID="string_159" HPOS="332" VPOS="1411" WIDTH="114" HEIGHT="29" WC="0.91" CONTENT="trolofning"/><SP WIDTH="15" VPOS="1411" HPOS="446"/>
							<String ID="string_160" HPOS="461" VPOS="1429" WIDTH="125" HEIGHT="5" WC="0.66" CONTENT="......."/><SP WIDTH="41" VPOS="1429" HPOS="586"/>
							<String ID="string_161" HPOS="627" VPOS="1425" WIDTH="28" HEIGHT="4" WC="0.92" CONTENT="—"/><SP WIDTH="19" VPOS="1425" HPOS="655"/>
							<String ID="string_162" HPOS="674" VPOS="1425" WIDTH="26" HEIGHT="3" WC="0.35" CONTENT="||"/><SP WIDTH="21" VPOS="1425" HPOS="700"/>
							<String ID="string_163" HPOS="721" VPOS="1426" WIDTH="23" HEIGHT="4" WC="0.70" CONTENT="—"/><SP WIDTH="23" VPOS="1426" HPOS="744"/>
							<String ID="string_164" HPOS="767" VPOS="1426" WIDTH="23" HEIGHT="3" WC="0.63" CONTENT="|-|"/><SP WIDTH="48" VPOS="1426" HPOS="790"/>
							<String ID="string_165" HPOS="838" VPOS="1415" WIDTH="138" HEIGHT="20" WC="0.27" CONTENT="5/-l—|—"/>
						</TextLine>
					</TextBlock>
				</ComposedBlock>
				<GraphicalElement ID="cblock_9" HPOS="940" VPOS="273" WIDTH="9" HEIGHT="1153"></GraphicalElement >
				<GraphicalElement ID="cblock_10" HPOS="154" VPOS="201" WIDTH="9" HEIGHT="1239"></GraphicalElement >
				<GraphicalElement ID="cblock_11" HPOS="589" VPOS="201" WIDTH="8" HEIGHT="1240"></GraphicalElement >
				<GraphicalElement ID="cblock_12" HPOS="974" VPOS="201" WIDTH="11" HEIGHT="1241"></GraphicalElement >
				<GraphicalElement ID="cblock_13" HPOS="664" VPOS="274" WIDTH="9" HEIGHT="1168"></GraphicalElement >
				<GraphicalElement ID="cblock_14" HPOS="757" VPOS="274" WIDTH="7" HEIGHT="1168"></GraphicalElement >
				<GraphicalElement ID="cblock_15" HPOS="849" VPOS="278" WIDTH="8" HEIGHT="1164"></GraphicalElement >
				<GraphicalElement ID="cblock_16" HPOS="1047" VPOS="1135" WIDTH="12" HEIGHT="574"></GraphicalElement >
			</PrintSpace>
		</Page>
	</Layout>
</alto>
