1042 1709
430 100 40 22 N:o
487 102 33 20 22.
800 101 25 21 13

99 170 40 21 den
163 175 51 15 norr
237 176 34 15 om
294 169 75 28 Syväri
391 170 32 27 sjö
445 170 91 27 belägna
559 170 61 22 delen
644 170 23 21 af
682 169 68 23 Nilsiä
768 170 86 26 socken,

98 204 139 21 Rautavaara
258 204 71 27 kapell
349 205 56 20 samt
427 204 98 27 Nurmes,
548 204 118 27 Pielisjärvi
690 204 39 21 och
750 204 104 22 Ilomants

98 238 92 21 socknar
213 237 23 22 af
253 238 84 27 Kuopio
356 238 36 21 län
411 238 108 22 äfvensom
533 239 7 21 i
556 238 78 22 Salmis
649 238 69 22 härad
733 239 39 21 och
787 238 67 22 Soan-

98 272 55 20 lahti
168 272 77 20 socken
263 271 22 21 af
298 271 100 26 Wiborgs
413 272 36 21 län
465 278 50 15 vare
529 272 80 21 tillätet
625 274 33 19 att
673 272 69 21 under
758 272 97 21 Oktober

98 305 40 21 och
159 305 118 22 November
300 305 103 21 mänader
425 305 97 28 begagna
544 305 56 27 fälla,
616 311 46 16 som
683 308 24 19 är
731 305 71 28 egnad
821 307 33 20 att

97 340 78 26 genast
191 339 55 22 döda
265 339 132 26 villebrädet,
413 341 56 20 samt
484 341 33 20 att
532 339 100 22 använda
647 346 65 15 snara
727 339 70 22 under
811 339 44 22 No-

97 373 86 22 vember
205 373 79 22 mänad
304 373 33 22 för
357 373 72 28 fängst
449 373 23 22 af
485 373 27 22 all
527 374 58 27 slags
600 373 121 28 skogsfägel
737 373 39 22 och
792 374 62 21 äfven

98 407 94 22 derefter
206 408 55 21 intill
277 407 209 28 fridlysningstidens
496 409 80 26 ingäng
585 408 33 21 för
629 407 112 28 ripfängst.
762 408 10 21 I
782 408 72 27 Lapp-

98 443 99 21 markens
219 442 69 22 härad
311 442 40 22 och
373 442 125 28 Kuolajärvi
520 443 78 21 socken
621 442 23 22 af
660 442 61 22 Kemi
736 443 68 21 härad
819 443 36 22 mä

98 483 66 16 snara
178 476 34 22 för
226 477 129 27 fägelfängst
370 477 64 21 likväl
450 477 73 27 gillras
538 477 68 22 redan
622 477 40 21 den
680 478 26 20 10
722 477 102 22 Oktober.

166 511 167 22 Vederbörande
355 511 126 22 kommuner
501 518 37 21 ege
557 511 54 22 dock
628 512 46 20 rätt
694 512 33 20 att
742 511 57 22 inom
815 511 39 22 sitt

98 546 87 21 omräde
199 545 100 27 förbjuda
314 545 142 22 användande
471 545 24 22 af
507 552 29 15 nu
552 545 68 28 sagda
633 545 67 27 giller.

165 579 70 22 Katsa
257 579 55 22 skall
332 585 52 16 vara
402 580 25 21 sä
441 579 103 27 inrättad,
561 581 33 20 att
610 579 47 22 dess
672 579 102 27 mynning
791 579 62 22 äfven

97 614 36 21 vid
155 614 70 27 lägsta
247 614 140 21 vattenständ
407 616 24 19 är
450 614 104 22 tillsluten
570 613 63 22 ofvan
649 615 85 20 vattnet
750 614 56 21 ända
821 614 33 21 till

97 650 133 25 vattenytan.

445 701 26 20 25
487 701 19 27 8.

167 740 65 27 Grop,
252 747 44 20 sax,
316 740 63 27 stäng
395 739 50 23 eller
462 747 71 15 annan
548 740 33 21 för
596 740 124 21 människor
736 739 52 23 eller
802 739 51 22 hus-

98 776 48 27 djur
165 775 62 28 farlig
243 775 81 22 anstalt
338 774 34 22 för
386 774 108 28 fängande
510 774 22 22 af
546 774 122 28 skadedjur,
685 774 25 22 sä
725 774 40 21 ock
780 774 72 28 förgif-

96 810 50 21 tadt
167 809 98 22 lockbete
287 810 35 21 mä
342 809 17 28 ej
379 809 94 22 inrättas
489 809 51 22 eller
555 810 95 21 utsättas
665 811 100 20 närmare
781 811 27 19 än
824 810 29 26 pä

97 844 119 22 trehundra
231 845 78 21 meters
326 843 86 22 afständ
426 844 48 21 frän
490 845 40 26 väg
544 843 51 22 eller
606 849 82 16 annans
699 843 153 27 bostadstomt,

97 879 17 27 ej
130 879 67 21 heller
216 879 67 26 dylikt
303 878 97 22 lockbete
419 878 68 22 hållas
503 879 70 20 utsatt
587 877 70 22 under
672 877 59 22 tiden
747 877 48 22 från
811 878 41 21 den

99 914 24 20 15
139 913 62 27 April
216 913 32 21 till
265 913 40 21 den
323 913 25 21 15
363 912 126 22 November.

166 947 63 28 Spjut
245 947 39 22 och
299 947 124 27 skjutgevär
438 947 35 21 mä
488 947 46 21 icke
549 946 90 27 gillrade
655 946 117 22 användas.

443 1023 27 20 26
487 1021 18 28 $.

164 1061 43 22 För
222 1062 57 21 inom
294 1061 75 22 landet
383 1061 45 22 fäld
443 1060 68 28 björn,
528 1067 57 21 varg,
601 1061 21 21 lo
639 1061 39 21 och
685 1060 49 28 jerf,
743 1067 50 21 eger
803 1061 47 26 den,

96 1102 47 15 som
158 1096 71 27 djuret
245 1096 72 26 dödat,
334 1095 68 22 undfä
416 1095 106 28 belöning,
539 1101 45 16 som
599 1095 49 22 med
663 1095 95 27 följande
773 1095 77 27 belopp

97 1131 82 28 gäldas,
195 1131 116 26 nemligen:

164 1165 33 21 för
219 1165 62 26 björn
305 1163 103 28 tjugufem
431 1165 61 20 mark
508 1164 57 26 eller,
581 1170 35 15 om
631 1164 41 21 den
688 1163 78 22 dödats
782 1163 70 21 under

97 1199 58 20 tiden
178 1198 47 21 frän
249 1198 41 22 den
310 1199 8 20 1
336 1197 60 28 April
419 1197 32 22 till
475 1198 40 21 den
532 1199 8 20 1
557 1197 125 27 November,
698 1197 73 21 femtio
790 1198 62 20 mark

97 1232 39 22 och
151 1233 33 20 för
199 1232 120 28 björnunge
334 1231 105 28 tjugufem
454 1233 69 25 mark;

164 1266 33 22 för
221 1273 53 21 varg
299 1267 118 21 etthundra
441 1267 62 20 mark
528 1266 38 21 och
588 1265 33 22 för
643 1271 109 22 vargunge
775 1265 75 22 trettio

96 1301 72 26 mark;

164 1335 33 20 för
212 1335 20 20 lo
249 1335 39 20 och
303 1335 79 26 lounge
398 1335 103 26 tjugufem
517 1335 71 24 mark;

164 1368 34 21 för
217 1368 45 27 jerf
282 1368 78 27 fyratio
383 1369 62 20 mark
464 1369 39 20 och
520 1367 33 22 för
572 1374 56 21 unge
648 1367 22 22 af
686 1368 68 21 sädan
770 1368 80 21 femton

97 1404 68 21 mark.
