1042 1695
325 107 23 22 U.
364 108 22 21 B.
404 120 26 5 —
446 109 60 28 Prop.
522 108 36 24 N:o
576 108 33 22 19.

379 422 213 27 Lagutskottets
607 423 113 27 förslag
730 423 41 22 till
781 429 60 16 sam-

307 458 188 27 manjemkning
515 459 28 21 af
560 458 29 23 de
605 458 78 23 delvis
699 458 142 28 skiljaktiga

307 493 88 27 beslut,
416 493 72 22 hvari
508 494 104 22 ständen
628 494 98 22 stannat
745 494 44 22 vid
803 494 38 22 be-

308 528 155 28 handlingen
486 529 27 22 af
535 529 132 22 Utskottets
686 529 155 22 betänkande

307 564 45 22 N:o
374 565 17 21 4
405 564 10 22 i
432 565 136 27 anledning
582 565 28 22 af
622 564 67 23 Hans
704 565 137 28 Kejserliga

308 600 122 28 Majestäts
445 601 90 27 nädiga
550 601 155 28 proposition
721 606 40 17 om
776 601 65 22 anta-

308 636 79 28 gande
410 636 28 22 af
460 643 34 21 ny
516 636 40 28 lag
581 636 126 28 angäende
732 637 109 27 förmyn-

308 672 111 29 derskap.

164 756 80 28 Enligt
270 756 119 22 Utskottet
414 756 196 22 tillhandakomna
631 756 210 30 protokollsutdrag

94 792 70 22 hafva
180 792 96 22 ständen
290 792 94 22 beslutit
398 793 122 28 godkänna
533 792 128 22 Utskottets
672 792 169 23 ofvannämnda

91 827 143 22 betänkande
248 828 9 21 i
272 827 71 29 öfrigt
357 829 64 20 utom
431 828 9 21 i
450 828 172 21 nedannämnda
633 828 67 27 delar,
712 828 125 29 nämligen:

375 901 13 25 8
404 899 20 22 3.
456 907 67 14 mom.
541 900 19 21 1.

164 953 161 23 Presteständet
347 952 42 22 har
410 953 80 22 ändrat
512 953 38 22 det
569 952 9 22 i
593 953 70 22 slutet
678 953 27 22 af
717 956 124 19 momentet

93 989 185 22 förekommande
292 989 118 29 uttrycket
428 989 147 29 ,hufvudtal*
593 989 35 22 till
646 1006 10 12 ,
659 989 48 22 helt
722 989 54 22 tal".

163 1025 103 21 Emedan
293 1027 34 19 tre
353 1025 67 22 stånd
446 1025 89 29 antagit
559 1027 130 26 momentet,
715 1025 126 22 föranleder

94 1061 63 22 detta
171 1061 75 21 beslut
261 1061 69 29 ingen
346 1061 97 29 ändring
457 1061 8 21 i
480 1062 136 21 momentets
631 1060 92 30 lydelse.

376 1134 12 26 $
404 1133 20 21 4.
457 1140 66 14 mom.
541 1133 20 21 1.

164 1187 162 27 Ridderskapet
341 1187 37 21 och
394 1187 72 21 Adeln
480 1186 42 21 har
532 1184 175 32 återremitterat
717 1188 124 19 momentet

93 1220 35 23 för
151 1223 34 20 att
209 1221 170 22 omformuleras
394 1222 8 20 i
418 1221 60 29 syfte
501 1223 35 19 att
557 1221 39 23 val
617 1220 26 22 af
658 1221 100 22 ledamot
772 1221 9 21 i
796 1220 44 22 för-

94 1257 194 28 myndarenämnd
303 1257 58 21 skall
377 1257 107 22 anställas
499 1257 39 22 vid
553 1264 86 15 samma
654 1256 98 29 tillfälle,
763 1257 30 22 då
803 1257 38 22 val

94 1292 114 30 försiggår
230 1292 36 22 till
292 1293 70 21 andra
383 1292 156 30 befattningar
558 1293 3 21 i
576 1293 144 28 kommunen,
737 1300 49 15 som
801 1292 40 23 vid

94 1329 60 20 årets
169 1330 90 26 utgång
273 1328 74 21 blifva
361 1328 83 27 lediga.

163 1363 161 22 Presteständet
352 1363 42 21 har
424 1363 68 21 äfven
517 1362 176 21 återremitterat
717 1364 124 20 "momentet

94 1398 37 22 för
154 1400 34 21 att
211 1398 151 29 omredigeras
384 1398 91 28 derhän,
499 1400 35 19 att
553 1399 30 28 på
597 1397 78 22 landet
689 1397 59 22 skall
764 1397 81 23 val:af

164 1448 125 20 Lagutskottets
301 1447 102 16 betänkande
415 1447 33 16 N:o
460 1447 16 18 4.
