1045 1711
224 116 27 21 48
532 115 39 22 N:o
590 116 31 21 15.

195 184 39 21 der
249 183 117 22 detsamma
380 184 66 26 jemte
461 183 195 27 lysningssedlarna
671 183 58 21 inom
745 184 52 21 Juni
812 183 88 21 månads
912 184 34 20 ut-

195 218 55 26 gång
270 224 76 21 genom
367 217 139 22 Guvernören
522 218 32 21 till
569 217 104 22 Senatens
688 217 210 27 Finansexpedition,
913 217 34 22 för

196 253 33 20 att
244 251 111 22 befordras
370 251 32 21 till
418 251 88 28 behörig
521 251 131 28 granskning
667 251 7 21 i
689 252 211 21 revisionskontoret.

475 350 63 16 IV
559 350 110 19 Eap.

195 405 35 23 Om
253 406 179 27 stämpelpappers
454 406 37 21 och
515 405 185 27 stämpelmärkens
720 405 126 28 försäljning,
866 404 25 23 så
912 406 37 21 ock

267 447 49 20 huru
333 445 114 28 ersättning
464 446 33 21 må
512 446 63 21 sökas
591 445 31 22 för
637 446 94 27 stämpel,
747 451 44 16 som
808 451 71 22 genom

385 485 138 28 misskrifning
539 486 48 21 eller
603 485 27 27 på
645 486 62 21 annat
722 485 43 22 sätt

507 527 130 22 förderfvats.

541 596 28 20 20
584 594 18 27 8.

264 635 180 27 Stämpelpapper
455 635 37 21 och
503 634 181 28 stämpelmärken
696 634 60 22 skola
766 633 69 23 finnas
847 636 32 20 att
889 634 61 27 tillgå

196 669 23 22 af
236 670 131 21 åtminstone
385 669 93 27 följande
497 668 87 28 värden,
606 668 115 28 nämligen:
738 669 174 27 stämpelpapper
928 668 23 22 af

196 704 103 28 tjugufem
322 704 38 22 och
384 704 73 21 femtio
479 703 76 27 pennis
575 705 56 20 samt
652 710 32 20 en,
705 704 37 20 två
761 702 39 22 och
815 703 46 28 fyra
876 703 72 21 marks

195 739 91 26 valörer,
309 741 56 19 samt
388 738 181 27 stämpelmärken
590 738 22 22 af
628 738 48 26 fem,
696 738 38 26 tio,
753 738 68 28 tjugu,
837 738 111 28 tjugufem,

195 774 78 27 fyratio
296 774 38 21 och-
357 773 73 21 femtio
453 773 76 27 pennis
549 775 55 20 samt
624 779 26 15 en
669 773 78 26 marks,
767 779 26 15 en
810 773 39 21 och
864 780 26 15 en
905 772 46 22 half

195 808 79 26 marks,
291 809 42 25 två,
345 810 39 24 tre,
395 807 52 28 fyra,
459 807 48 27 fem,
518 808 37 26 tio,
566 807 86 27 femton,
664 808 68 26 tjugu,
745 807 110 29 tjugufem,
866 807 82 27 trettio,

195 843 85 27 fyratio,
298 843 79 25 femtio,
398 842 122 25 etthundra,
539 840 120 23 tvåhundra
680 842 38 21 och
733 842 128 21 femhundra
876 842 72 21 marks

195 877 90 22 valörer.

542 906 23 20 21
583 905 17 27 8.

264 945 148 28 Stämplarnas
432 945 103 22 utseende
551 944 39 22 och
604 944 54 21 form
674 944 117 22 fastställes
807 944 23 22 af
843 944 105 23 Senatens

195 980 273 27 Ekonomiedepartement,
491 986 46 15 som
553 979 79 28 jemväl
651 979 109 22 meddelar
779 981 99 20 närmare
893 979 55 22 före-

196 1014 87 23 skrifter
297 1014 93 22 rörande
406 1016 66 20 sättet
487 1014 33 21 för
536 1013 144 28 stämplarnas
696 1014 139 27 makulering.

542 1078 26 20 22
585 1077 16 27 8.

263 1118 43 21 För
325 1119 34 19 att
378 1117 162 22 tillhandahålla
560 1116 143 23 allmänheten
718 1117 175 26 stämpelpapper
908 1117 40 21 och

195 1152 179 26 stämpelmärken
398 1151 54 21 skall
474 1151 7 21 i
503 1151 73 27 hvarje
598 1150 50 22 stad
667 1152 55 20 samt
741 1151 7 21 i
766 1150 73 28 hvarje
853 1150 94 28 tingslag

196 1187 90 25 antagas
309 1185 54 21 efter
385 1184 65 22 behof
468 1192 25 14 en
514 1185 51 21 eller
582 1184 50 22 flere
647 1184 118 28 försäljare,
781 1184 39 22 hos
835 1184 72 22 hvilka
922 1184 26 22 de

196 1221 55 20 mest
273 1218 105 28 behöfliga
399 1219 80 21 värden
501 1219 54 21 böra
577 1218 69 22 finnas
670 1220 32 20 att
722 1218 66 27 tillgå.
818 1218 41 22 Vid
879 1218 69 22 finska

195 1253 201 27 passexpeditionen
419 1254 7 19 i
448 1252 31 22 St.
501 1252 131 28 Petersburg
651 1253 40 20 bör
707 1252 79 27 jemväl
803 1252 88 27 lämplig
905 1252 43 21 för-

195 1287 79 27 säljare
289 1286 110 26 anställas,
415 1286 33 21 för
463 1288 33 19 att
511 1286 162 21 tillhandahålla
689 1286 144 22 allmänheten
849 1286 26 21 de
890 1287 58 21 valö-

194 1328 37 14 rer
249 1320 24 22 af
289 1321 174 28 stämpelpapper
481 1320 39 22 och
539 1321 186 27 stämpelmärken,
741 1327 45 15 som
801 1320 33 22 för
848 1321 100 22 behofvet

196 1356 111 28 derstädes
326 1356 74 22 kunna
416 1356 113 22 erfordras.
559 1356 69 22 Dessa
642 1356 112 28 försäljare
769 1362 40 22 ega
824 1356 33 22 för
872 1356 74 28 medel,

194 1398 46 15 som
262 1397 75 21 genom
355 1390 153 28 försäljningen
528 1390 80 29 inflyta,
628 1391 8 21 i
650 1390 246 29 försäljningsprovision
911 1391 37 22 be-

195 1426 69 21 räkna
282 1426 33 29 sig
334 1426 31 21 till
385 1426 61 27 godo,
465 1426 7 20 i
490 1425 133 28 Helsingfors
639 1427 39 25 tre,
694 1426 7 21 i
716 1425 31 22 St.
762 1426 131 27 Petersburg
908 1426 39 22 och
