1042 1706
222 114 13 19 2
527 112 38 21 N:o
581 113 34 20 20.

195 180 108 27 eldnings-
319 180 39 22 och
373 180 170 27 lysningsämnen
559 182 55 19 samt
625 179 32 22 för
668 179 159 22 underbefälets
839 180 40 21 och
889 185 58 15 man-

196 214 86 27 skapets
297 213 134 27 förplägning
446 214 34 21 vid
492 213 355 27 arméskarpskyttebataljonerna,
858 214 89 21 likasom

196 248 39 21 ock
255 248 34 20 för
308 248 151 21 rationsmedel
476 247 33 21 för
523 247 68 22 front-
607 248 39 21 och
662 247 131 22 trosshästar
807 247 36 22 vid
858 248 90 26 dragon-

195 285 133 23 regementet
349 282 67 21 under
439 282 27 21 de
485 284 33 19 tre
535 285 84 19 senaste
637 282 51 21 åren
703 282 7 21 i
726 282 106 27 väsentlig
846 282 49 22 mån
911 288 38 15 un-

196 316 98 26 derstigit
309 317 26 20 de
351 317 5 20 i
372 318 70 20 staten
457 316 35 21 för
507 316 161 28 ifrågavarande
683 316 100 22 ändamål
793 318 109 26 upptagna
913 322 36 15 an-

195 351 52 25 slag,
271 351 63 21 hafva
354 350 63 22 dessa
432 350 73 27 anslag
520 353 80 19 ansetts
616 350 73 22 kunna
703 350 135 28 nedbringas,
853 350 96 27 anslaget

195 384 33 22 för
248 385 108 27 eldnings-
376 385 38 21 och
431 385 170 27 lysningsämnen
616 384 48 22 med
682 386 76 24 16,000
773 385 68 27 mark,
856 385 93 27 förpläg-

197 420 160 26 ningsanslaget
375 420 46 20 med
438 420 78 25 40,000
531 420 61 20 mark
607 419 40 21 och
663 420 96 26 anslaget
774 419 33 21 till
823 420 126 21 rationsme-

196 454 34 20 del
253 453 48 22 med
323 454 78 25 40,000
424 454 60 21 mark
507 454 88 27 årligen.
625 454 34 21 Då
681 453 121 22 emellertid
820 461 27 15 en
863 454 34 21 del
912 460 37 15 an-

197 488 132 27 slagsposter
343 487 109 22 befunnits
466 494 51 15 vara
532 488 33 21 för
580 488 45 27 lågt
640 488 123 22 beräknade
779 488 39 21 och
834 488 62 21 äfven
907 494 43 21 nya

197 522 76 27 anslag
287 522 123 21 tillkommit
426 524 57 19 samt
498 522 150 22 anskaffandet
663 522 24 21 af
699 524 104 25 patroner
817 522 34 22 till
861 522 36 22 det
908 529 42 21 nya

196 557 12 20 3
225 556 73 22 liniers
313 558 86 25 geväret
415 556 99 26 betingar
529 563 25 15 en
570 556 65 27 högre
649 556 100 26 kostnad,
759 556 64 22 hafva
834 556 116 27 utgifterna

196 590 34 22 för
248 590 93 22 berörda
359 593 89 25 trupper
463 591 66 21 under
544 590 179 22 nästkommande
739 590 144 27 finansperiod
897 597 53 21 upp-

196 625 67 27 tagits
285 624 34 22 för
340 624 200 27 gardesbataljonen
563 624 34 22 till
623 625 111 26 1,200,000
749 624 68 25 mark,
833 624 34 22 för
882 625 68 21 armé-

196 658 289 28 skarpskyttebataljonerna
502 660 33 21 till
551 660 114 26 7,650,000
680 659 61 21 mark
757 659 39 21 och
812 659 31 21 för
859 659 90 27 dragon-

198 695 131 25 regementet
344 693 32 22 till
392 694 113 25 2,700,000
520 694 69 21 mark.

264 728 44 26 2:0)
330 728 96 21 Emedan
448 727 68 23 finska
537 728 121 21 militärens
681 734 72 15 reserv
772 728 67 21 under
854 728 25 21 år
896 728 53 21 1898

196 762 108 22 sannolikt
318 762 97 22 kommer
430 764 32 20 att
478 762 141 27 ombeväpnas
634 762 48 21 med
697 762 36 21 det
749 768 41 21 nya
805 763 13 20 3
831 761 74 23 liniers
915 768 35 21 ge-

196 798 60 20 väret
272 799 56 19 samt
343 803 41 21 nya
399 797 234 27 utredningspersedlar
648 796 33 22 för
697 802 98 16 reserven
811 797 6 21 i
833 796 118 27 anledning

197 830 64 22 häraf
281 830 68 22 måste
373 830 113 28 anskaffas,
510 831 40 21 har
572 830 34 22 för
628 830 67 28 sagda
717 826 99 26 ändamål
833 831 117 21 beräknats

198 865 51 27 åtgå
271 871 27 15 en
322 871 82 15 summa
424 866 24 20 af
461 866 77 25 83,300
553 865 67 21 mark.
650 865 82 21 Härtill
747 865 97 21 kommer
858 865 91 27 utgiften

197 900 33 21 för
253 900 27 20 de
303 900 75 27 dyrare
397 902 130 24 patronerna
542 900 34 21 till
591 901 12 20 3
620 900 71 21 liniers
707 902 94 25 geväret,
815 900 87 22 hvilken
917 903 34 18 ut-

197 933 46 27 gift,
267 933 36 22 vid
323 933 118 28 beräkning
456 933 23 22 af
491 937 100 23 patroner
606 934 33 20 för
656 934 63 26 7,000
734 940 56 20 man,
805 934 47 21 icke
867 934 83 21 kunnat

197 970 106 25 upptagas
325 968 32 21 till
380 968 58 27 lägre
462 968 77 27 belopp
558 970 26 20 än
604 968 90 27 175,000
710 968 62 22 mark
787 974 34 16 om
837 968 47 22 året
899 968 52 22 eller

196 1002 34 22 för
252 1002 49 22 hela
323 1002 171 28 finansperioden
512 1004 92 26 525,000
620 1002 67 22 mark.
717 1002 44 22 Och
777 1003 84 21 komma
877 1003 6 21 i
898 1002 51 27 följd

198 1036 64 22 häraf
281 1036 117 27 utgifterna
421 1037 33 21 för
475 1044 98 15 reserven
593 1040 32 18 att
640 1037 68 21 under
723 1037 176 21 nästkommande
915 1043 35 20 pe-

197 1070 48 21 riod
260 1071 53 21 ökas
328 1071 48 21 med
392 1072 91 26 286,000
499 1071 66 22 mark.

266 1106 43 26 3:0)
331 1101 69 26 Äfven
423 1105 120 27 byggnads-
562 1105 38 22 och
617 1105 281 27 reparationskostnaderna
913 1107 38 20 äro

199 1142 108 25 upptagna
329 1140 33 21 till
383 1139 93 27 förhöjdt
499 1139 83 28 belopp,
605 1141 52 19 enär
676 1140 26 21 de
718 1139 69 27 årliga
802 1140 101 27 anslagen
918 1140 32 21 för

198 1173 120 28 byggnads-
340 1173 39 22 och
401 1174 221 26 reparationsarbeten
645 1174 58 21 visat
725 1174 32 26 sig
776 1180 51 15 vara
843 1174 107 21 otillräck-

197 1207 50 28 liga,
271 1208 38 21 och
329 1208 81 26 jemväl
429 1208 132 21 omfattande
575 1208 194 27 byggnadsföretag
784 1209 35 20 vid
834 1211 116 24 trupperna

198 1243 6 18 i
220 1242 41 20 den
277 1244 109 18 närmaste
401 1241 115 22 framtiden
530 1242 67 21 blifva
611 1241 24 21 af
648 1242 75 21 nöden.
747 1242 110 21 Särskilda
872 1242 79 21 brister

198 1275 39 21 och
260 1275 136 26 olägenheter
417 1275 64 21 hafva
502 1275 107 26 nämligen
627 1275 110 21 befunnits
751 1275 87 22 vidläda
853 1275 97 22 bostads-

197 1309 159 22 förhällandena
370 1310 57 21 inom
442 1309 353 28 armeskarpskyttebataljonernas
805 1310 145 28 kasernbygg-

197 1344 73 27 nader,
293 1343 24 22 af
333 1343 73 22 hvilka
426 1344 75 22 främst
516 1344 79 22 bristen
611 1344 28 27 pä
653 1344 181 28 ändamälsenliga
850 1345 101 22 bostäder

197 1379 33 22 för
249 1379 36 22 det
304 1378 42 23 fast
364 1379 98 22 anstälda
476 1379 54 28 gifta
545 1379 148 22 underbefälet
708 1382 83 20 ansetts
806 1379 53 22 böra
874 1379 76 28 afhjel-

198 1419 44 22 pas,
266 1413 115 27 hvarjemte
404 1413 148 23 anskaffandet
570 1413 23 22 af
611 1414 102 27 lämpliga
728 1414 82 22 lokaler
825 1414 33 21 för
872 1415 78 21 under-
