1045 1709
423 94 39 20 N:o
481 95 31 20 15.
789 96 27 21 43

754 193 39 21 Ting"
805 189 8 30 |
817 194 23 20 Pii

195 275 57 21 Frän
268 276 153 27 stämpelafgift
437 276 65 27 enligt
519 277 69 21 denna
602 277 73 21 rubrik
687 278 37 20 äro

163 305 107 36 fritagna:
808 325 3 7 |

195 340 207 37 postremissvexlar;
734 359 2 15 |

93 382 2 21 4
196 378 65 27 vexel,
277 379 83 21 utstäld
376 380 12 20 å
403 380 102 21 utländsk
521 382 41 24 ort,
579 381 32 20 att
624 370 112 37 jemvälä!

93 409 1 5 |
224 413 102 21 utländsk
342 415 34 19 ort
392 414 93 27 betalas;

93 456 2 7 |
196 448 85 27 duplett
297 448 22 21 af
331 448 116 28 behörigen
463 438 107 38 stämplad
586 449 64 21 vexel.

225 482 32 22 De
276 482 66 28 enligt
361 484 13 20 5
393 483 11 27 $
420 482 33 22 för
468 484 82 21 kronan
566 483 39 22 och
620 474 116 32 särskilda
727 470 12 46 |

198 516 148 28 myndigheter
361 518 104 26 stadgade
481 518 111 26 undantag
602 517 48 22 från
661 509 75 31 stäm-
730 505 9 44 |

93 557 2 26 |
196 551 132 27 pelafgifters
350 552 129 27 erläggande
498 558 38 22 ega
555 552 18 28 ej
592 542 145 44 tillämpning!

196 586 29 26 på
239 586 72 21 vexlar
326 586 39 21 och
380 586 138 28 anvisningar
534 588 57 20 samt
606 587 29 26 på
645 587 92 27 sådana
729 582 12 36 |

197 619 88 22 checker
307 620 156 28 (invisningar),
483 621 71 22 hvilka
574 622 37 20 äro
631 617 106 27 utstälda|

196 654 7 21 i
218 654 92 22 Finland
325 654 32 22 till
372 654 112 28 betalning
495 656 12 21 å
517 656 102 22 utländsk
631 658 33 19 ort
676 656 51 22 eller

93 701 2 15 |
198 689 98 21 utstälda
311 690 13 20 å
339 689 102 22 utländsk
452 691 35 20 ort
497 690 32 21 till
539 690 111 28 betalning
660 691 7 21 i
677 691 49 21 Fin-

195 723 58 21 land.

111 753 218 39 Äktenskapsförord
363 776 4 4 i
613 776 41 5 sor
721 772 16 13 01
760 772 27 4 —
810 760 33 28 150

94 816 2 5 |
114 788 198 32 Öfverlätelsebref,
327 793 43 22 lika
385 776 54 38 med.
448 776 113 45 Köpebref
810 789 2 33 |

734 420 2 20 i

735 441 1 7 |

384 962 47 17 II
451 963 110 21 Kap.

171 1018 104 23 Särskilda
290 1019 128 22 föreskrifter
434 1019 106 27 angående
556 1020 72 21 bruket
644 1020 21 21 af
681 1019 94 27 stämpel.

449 1088 47 28 78.

163 1133 135 27 Expedition,
315 1139 46 15 som
376 1133 7 21 i
399 1133 219 22 öfverensstämmelse
629 1134 48 21 med
687 1132 162 23 föreskrifterna

94 1168 7 20 i
120 1168 12 20 3
152 1168 11 26 8
185 1167 50 21 eller
255 1167 66 27 enligt
340 1167 91 27 tidigare
449 1168 99 26 gällande
563 1167 135 27 bestämning
713 1167 108 22 utfärdats
837 1168 13 20 ä

94 1201 178 27 stämpelpapper
292 1201 50 21 eller
357 1201 89 22 försetts
461 1202 47 22 med
524 1202 165 27 stämpelmärke
705 1202 50 21 eller
770 1202 41 20 ock
826 1203 24 19 är

96 1235 125 27 stämpelfri,
245 1238 24 19 är
292 1236 17 28 ej
329 1236 149 22 underkastad
497 1236 124 27 ytterligare
640 1235 159 28 stämpelafgift,
817 1242 33 15 om

96 1270 40 21 den
152 1270 33 21 till
200 1270 123 27 myndighet
337 1270 111 22 inlemnas.

164 1304 110 27 Handling
297 1304 50 22 eller
370 1304 69 27 skrift,
463 1311 46 15 som
532 1304 65 27 enligt
617 1306 12 19 6
650 1304 11 28 $
680 1304 68 22 blifvit
764 1304 87 22 försedd

95 1338 49 21 med
163 1339 167 25 stämpelmärke
349 1338 33 20 till
396 1338 66 26 högre
478 1339 65 26 valör,
560 1340 27 19 än
602 1338 56 20 hvad
673 1338 33 20 för
720 1338 83 26 bilagor
818 1338 33 20 uti

96 1373 13 20 4
133 1372 11 27 8
168 1372 102 26 stadgadt
294 1374 30 24 är,
344 1371 102 21 behöfver
465 1372 25 27 ej,
511 1372 27 21 då
556 1372 123 21 densamma
694 1372 71 21 såsom
780 1371 71 27 bilaga

96 1407 105 22 inlemnas
217 1406 51 22 eller
279 1408 78 26 upptes
369 1405 39 22 hos
419 1406 93 22 domstol
522 1406 51 22 eller
584 1405 129 28 myndighet,
724 1405 68 23 förses
803 1404 49 23 med

877 278 91 22 Stämpel-

859 306 56 23 afgift
926 306 29 18 för
962 306 28 18 af-

870 334 110 23 handlingar

865 364 77 18 emellan
953 368 31 13 en-

891 391 65 19 skilda.
