<?xml version="1.0" encoding="UTF-8"?>
<alto xmlns="http://www.loc.gov/standards/alto/ns-v3#" xmlns:xlink="http://www.w3.org/1999/xlink" xmlns:xsi="http://www.w3.org/2001/XMLSchema-instance" xsi:schemaLocation="http://www.loc.gov/standards/alto/ns-v3# http://www.loc.gov/alto/v3/alto-3-0.xsd">
	<Description>
		<MeasurementUnit>pixel</MeasurementUnit>
		<sourceImageInformation>
			<fileName>/tmp/tess_ahjrpbl0_input.PNG</fileName>
		</sourceImageInformation>
		<OCRProcessing ID="OCR_0">
			<ocrProcessingStep>
				<processingSoftware>
					<softwareName>tesseract 5.3.4</softwareName>
				</processingSoftware>
			</ocrProcessingStep>
		</OCRProcessing>
	</Description>
	<Layout>
		<Page WIDTH="1042" HEIGHT="1709" PHYSICAL_IMG_NR="0" ID="page_0">
			<PrintSpace HPOS="0" VPOS="0" WIDTH="1042" HEIGHT="1709">
				<ComposedBlock ID="cblock_0" HPOS="241" VPOS="108" WIDTH="493" HEIGHT="38">
					<TextBlock ID="block_0" HPOS="241" VPOS="108" WIDTH="493" HEIGHT="38">
						<TextLine ID="line_0" HPOS="241" VPOS="108" WIDTH="493" HEIGHT="38">
							<String ID="string_0" HPOS="241" VPOS="108" WIDTH="32" HEIGHT="38" WC="0.96" CONTENT="44"/><SP WIDTH="141" VPOS="108" HPOS="273"/>
							<String ID="string_1" HPOS="414" VPOS="134" WIDTH="3" HEIGHT="1" WC="0.49" CONTENT="."/><SP WIDTH="26" VPOS="134" HPOS="417"/>
							<String ID="string_2" HPOS="443" VPOS="111" WIDTH="25" HEIGHT="22" WC="0.87" CONTENT="U."/><SP WIDTH="15" VPOS="111" HPOS="468"/>
							<String ID="string_3" HPOS="483" VPOS="111" WIDTH="24" HEIGHT="22" WC="0.88" CONTENT="B."/><SP WIDTH="17" VPOS="111" HPOS="507"/>
							<String ID="string_4" HPOS="524" VPOS="124" WIDTH="25" HEIGHT="3" WC="0.92" CONTENT="—"/><SP WIDTH="16" VPOS="124" HPOS="549"/>
							<String ID="string_5" HPOS="565" VPOS="111" WIDTH="65" HEIGHT="28" WC="0.95" CONTENT="Prop."/><SP WIDTH="14" VPOS="111" HPOS="630"/>
							<String ID="string_6" HPOS="644" VPOS="110" WIDTH="38" HEIGHT="22" WC="0.95" CONTENT="N:o"/><SP WIDTH="18" VPOS="110" HPOS="682"/>
							<String ID="string_7" HPOS="700" VPOS="108" WIDTH="34" HEIGHT="23" WC="0.96" CONTENT="15."/>
						</TextLine>
					</TextBlock>
				</ComposedBlock>
				<ComposedBlock ID="cblock_1" HPOS="216" VPOS="173" WIDTH="752" HEIGHT="99">
					<TextBlock ID="block_1" HPOS="216" VPOS="173" WIDTH="752" HEIGHT="99">
						<TextLine ID="line_1" HPOS="216" VPOS="173" WIDTH="752" HEIGHT="32">
							<String ID="string_8" HPOS="216" VPOS="178" WIDTH="26" HEIGHT="20" WC="0.96" CONTENT="så"/><SP WIDTH="22" VPOS="178" HPOS="242"/>
							<String ID="string_9" HPOS="264" VPOS="177" WIDTH="47" HEIGHT="28" WC="0.95" CONTENT="hög"/><SP WIDTH="22" VPOS="177" HPOS="311"/>
							<String ID="string_10" HPOS="333" VPOS="176" WIDTH="104" HEIGHT="28" WC="0.95" CONTENT="stämpel,"/><SP WIDTH="16" VPOS="176" HPOS="437"/>
							<String ID="string_11" HPOS="453" VPOS="178" WIDTH="34" HEIGHT="19" WC="0.96" CONTENT="att"/><SP WIDTH="15" VPOS="178" HPOS="487"/>
							<String ID="string_12" HPOS="502" VPOS="175" WIDTH="75" HEIGHT="22" WC="0.96" CONTENT="denna"/><SP WIDTH="15" VPOS="175" HPOS="577"/>
							<String ID="string_13" HPOS="592" VPOS="175" WIDTH="77" HEIGHT="21" WC="0.96" CONTENT="tillika"/><SP WIDTH="15" VPOS="175" HPOS="669"/>
							<String ID="string_14" HPOS="684" VPOS="181" WIDTH="78" HEIGHT="15" WC="0.96" CONTENT="svarar"/><SP WIDTH="16" VPOS="181" HPOS="762"/>
							<String ID="string_15" HPOS="778" VPOS="176" WIDTH="61" HEIGHT="20" WC="0.96" CONTENT="emot"/><SP WIDTH="15" VPOS="176" HPOS="839"/>
							<String ID="string_16" HPOS="854" VPOS="173" WIDTH="114" HEIGHT="29" WC="0.94" CONTENT="stämpeln"/>
						</TextLine>
						<TextLine ID="line_2" HPOS="216" VPOS="208" WIDTH="751" HEIGHT="31">
							<String ID="string_17" HPOS="216" VPOS="210" WIDTH="37" HEIGHT="22" WC="0.89" CONTENT="till"/><SP WIDTH="22" VPOS="210" HPOS="253"/>
							<String ID="string_18" HPOS="275" VPOS="211" WIDTH="127" HEIGHT="28" WC="0.89" CONTENT="bilagorna,"/><SP WIDTH="23" VPOS="211" HPOS="402"/>
							<String ID="string_19" HPOS="425" VPOS="209" WIDTH="99" HEIGHT="23" WC="0.93" CONTENT="behöfva"/><SP WIDTH="23" VPOS="209" HPOS="524"/>
							<String ID="string_20" HPOS="547" VPOS="210" WIDTH="28" HEIGHT="21" WC="0.96" CONTENT="de"/><SP WIDTH="23" VPOS="210" HPOS="575"/>
							<String ID="string_21" HPOS="598" VPOS="208" WIDTH="142" HEIGHT="22" WC="0.96" CONTENT="sistnämnda"/><SP WIDTH="22" VPOS="208" HPOS="740"/>
							<String ID="string_22" HPOS="762" VPOS="208" WIDTH="52" HEIGHT="22" WC="0.96" CONTENT="icke"/><SP WIDTH="18" VPOS="208" HPOS="814"/>
							<String ID="string_23" HPOS="832" VPOS="208" WIDTH="135" HEIGHT="28" WC="0.96" CONTENT="ytterligare"/>
						</TextLine>
						<TextLine ID="line_3" HPOS="216" VPOS="244" WIDTH="261" HEIGHT="28">
							<String ID="string_24" HPOS="216" VPOS="244" WIDTH="73" HEIGHT="22" WC="0.96" CONTENT="förses"/><SP WIDTH="16" VPOS="244" HPOS="289"/>
							<String ID="string_25" HPOS="305" VPOS="244" WIDTH="52" HEIGHT="22" WC="0.96" CONTENT="med"/><SP WIDTH="16" VPOS="244" HPOS="357"/>
							<String ID="string_26" HPOS="373" VPOS="244" WIDTH="104" HEIGHT="28" WC="0.89" CONTENT="stämpel."/>
						</TextLine>
					</TextBlock>
				</ComposedBlock>
				<ComposedBlock ID="cblock_2" HPOS="561" VPOS="313" WIDTH="61" HEIGHT="26">
					<TextBlock ID="block_2" HPOS="561" VPOS="313" WIDTH="61" HEIGHT="26">
						<TextLine ID="line_4" HPOS="561" VPOS="313" WIDTH="61" HEIGHT="26">
							<String ID="string_27" HPOS="561" VPOS="313" WIDTH="27" HEIGHT="21" WC="0.96" CONTENT="10"/><SP WIDTH="14" VPOS="313" HPOS="588"/>
							<String ID="string_28" HPOS="602" VPOS="313" WIDTH="20" HEIGHT="26" WC="0.95" CONTENT="8."/>
						</TextLine>
					</TextBlock>
				</ComposedBlock>
				<ComposedBlock ID="cblock_3" HPOS="213" VPOS="362" WIDTH="756" HEIGHT="195">
					<TextBlock ID="block_3" HPOS="213" VPOS="362" WIDTH="756" HEIGHT="195">
						<TextLine ID="line_5" HPOS="284" VPOS="362" WIDTH="683" HEIGHT="30">
							<String ID="string_29" HPOS="284" VPOS="365" WIDTH="49" HEIGHT="21" WC="0.96" CONTENT="Har"/><SP WIDTH="18" VPOS="365" HPOS="333"/>
							<String ID="string_30" HPOS="351" VPOS="364" WIDTH="47" HEIGHT="21" WC="0.96" CONTENT="fast"/><SP WIDTH="15" VPOS="364" HPOS="398"/>
							<String ID="string_31" HPOS="413" VPOS="364" WIDTH="119" HEIGHT="28" WC="0.96" CONTENT="egendom,"/><SP WIDTH="16" VPOS="364" HPOS="532"/>
							<String ID="string_32" HPOS="548" VPOS="364" WIDTH="97" HEIGHT="27" WC="0.96" CONTENT="belägen"/><SP WIDTH="15" VPOS="364" HPOS="645"/>
							<String ID="string_33" HPOS="660" VPOS="363" WIDTH="63" HEIGHT="22" WC="0.96" CONTENT="inom"/><SP WIDTH="16" VPOS="363" HPOS="723"/>
							<String ID="string_34" HPOS="739" VPOS="363" WIDTH="114" HEIGHT="22" WC="0.92" CONTENT="särskilda"/><SP WIDTH="15" VPOS="363" HPOS="853"/>
							<String ID="string_35" HPOS="868" VPOS="362" WIDTH="99" HEIGHT="23" WC="0.91" CONTENT="domsto-"/>
						</TextLine>
						<TextLine ID="line_6" HPOS="215" VPOS="397" WIDTH="754" HEIGHT="30">
							<String ID="string_36" HPOS="215" VPOS="399" WIDTH="46" HEIGHT="21" WC="0.96" CONTENT="lars"/><SP WIDTH="21" VPOS="399" HPOS="261"/>
							<String ID="string_37" HPOS="282" VPOS="399" WIDTH="116" HEIGHT="27" WC="0.95" CONTENT="områden,"/><SP WIDTH="18" VPOS="399" HPOS="398"/>
							<String ID="string_38" HPOS="416" VPOS="399" WIDTH="78" HEIGHT="21" WC="0.96" CONTENT="blifvit"/><SP WIDTH="15" VPOS="399" HPOS="494"/>
							<String ID="string_39" HPOS="509" VPOS="399" WIDTH="109" HEIGHT="28" WC="0.96" CONTENT="upplåten"/><SP WIDTH="15" VPOS="399" HPOS="618"/>
							<String ID="string_40" HPOS="633" VPOS="398" WIDTH="73" HEIGHT="21" WC="0.93" CONTENT="under"/><SP WIDTH="16" VPOS="398" HPOS="706"/>
							<String ID="string_41" HPOS="722" VPOS="397" WIDTH="97" HEIGHT="28" WC="0.91" CONTENT="egande-"/><SP WIDTH="15" VPOS="397" HPOS="819"/>
							<String ID="string_42" HPOS="834" VPOS="397" WIDTH="57" HEIGHT="22" WC="0.92" CONTENT="eller"/><SP WIDTH="14" VPOS="397" HPOS="891"/>
							<String ID="string_43" HPOS="905" VPOS="399" WIDTH="64" HEIGHT="26" WC="0.92" CONTENT="nytt-"/>
						</TextLine>
						<TextLine ID="line_7" HPOS="213" VPOS="431" WIDTH="754" HEIGHT="30">
							<String ID="string_44" HPOS="213" VPOS="433" WIDTH="118" HEIGHT="28" WC="0.92" CONTENT="janderätt"/><SP WIDTH="16" VPOS="433" HPOS="331"/>
							<String ID="string_45" HPOS="347" VPOS="440" WIDTH="83" HEIGHT="21" WC="0.96" CONTENT="genom"/><SP WIDTH="15" VPOS="440" HPOS="430"/>
							<String ID="string_46" HPOS="445" VPOS="441" WIDTH="29" HEIGHT="13" WC="0.95" CONTENT="en"/><SP WIDTH="15" VPOS="441" HPOS="474"/>
							<String ID="string_47" HPOS="489" VPOS="433" WIDTH="119" HEIGHT="27" WC="0.92" CONTENT="handling,"/><SP WIDTH="16" VPOS="433" HPOS="608"/>
							<String ID="string_48" HPOS="624" VPOS="432" WIDTH="71" HEIGHT="22" WC="0.91" CONTENT="hvarå"/><SP WIDTH="14" VPOS="432" HPOS="695"/>
							<String ID="string_49" HPOS="709" VPOS="431" WIDTH="87" HEIGHT="30" WC="0.96" CONTENT="lagfart"/><SP WIDTH="14" VPOS="431" HPOS="796"/>
							<String ID="string_50" HPOS="810" VPOS="431" WIDTH="56" HEIGHT="22" WC="0.93" CONTENT="eller"/><SP WIDTH="13" VPOS="431" HPOS="866"/>
							<String ID="string_51" HPOS="879" VPOS="432" WIDTH="88" HEIGHT="21" WC="0.92" CONTENT="inteck-"/>
						</TextLine>
						<TextLine ID="line_8" HPOS="215" VPOS="466" WIDTH="753" HEIGHT="29">
							<String ID="string_52" HPOS="215" VPOS="467" WIDTH="58" HEIGHT="28" WC="0.94" CONTENT="ning"/><SP WIDTH="23" VPOS="467" HPOS="273"/>
							<String ID="string_53" HPOS="296" VPOS="467" WIDTH="75" HEIGHT="28" WC="0.96" CONTENT="sökes,"/><SP WIDTH="16" VPOS="467" HPOS="371"/>
							<String ID="string_54" HPOS="387" VPOS="467" WIDTH="60" HEIGHT="22" WC="0.96" CONTENT="skall"/><SP WIDTH="23" VPOS="467" HPOS="447"/>
							<String ID="string_55" HPOS="470" VPOS="467" WIDTH="74" HEIGHT="22" WC="0.95" CONTENT="denna"/><SP WIDTH="23" VPOS="467" HPOS="544"/>
							<String ID="string_56" HPOS="567" VPOS="466" WIDTH="113" HEIGHT="29" WC="0.96" CONTENT="handling"/><SP WIDTH="21" VPOS="466" HPOS="680"/>
							<String ID="string_57" HPOS="701" VPOS="467" WIDTH="74" HEIGHT="21" WC="0.96" CONTENT="förses"/><SP WIDTH="23" VPOS="467" HPOS="775"/>
							<String ID="string_58" HPOS="798" VPOS="466" WIDTH="52" HEIGHT="21" WC="0.96" CONTENT="med"/><SP WIDTH="19" VPOS="466" HPOS="850"/>
							<String ID="string_59" HPOS="869" VPOS="466" WIDTH="99" HEIGHT="29" WC="0.96" CONTENT="stämpel"/>
						</TextLine>
						<TextLine ID="line_9" HPOS="216" VPOS="500" WIDTH="752" HEIGHT="29">
							<String ID="string_60" HPOS="216" VPOS="501" WIDTH="59" HEIGHT="22" WC="0.96" CONTENT="efter"/><SP WIDTH="20" VPOS="501" HPOS="275"/>
							<String ID="string_61" HPOS="295" VPOS="501" WIDTH="60" HEIGHT="22" WC="0.96" CONTENT="fulla"/><SP WIDTH="21" VPOS="501" HPOS="355"/>
							<String ID="string_62" HPOS="376" VPOS="501" WIDTH="81" HEIGHT="22" WC="0.96" CONTENT="värdet"/><SP WIDTH="21" VPOS="501" HPOS="457"/>
							<String ID="string_63" HPOS="478" VPOS="501" WIDTH="40" HEIGHT="22" WC="0.96" CONTENT="vid"/><SP WIDTH="23" VPOS="501" HPOS="518"/>
							<String ID="string_64" HPOS="541" VPOS="501" WIDTH="44" HEIGHT="22" WC="0.96" CONTENT="den"/><SP WIDTH="23" VPOS="501" HPOS="585"/>
							<String ID="string_65" HPOS="608" VPOS="500" WIDTH="106" HEIGHT="29" WC="0.96" CONTENT="domstol,"/><SP WIDTH="16" VPOS="500" HPOS="714"/>
							<String ID="string_66" HPOS="730" VPOS="501" WIDTH="40" HEIGHT="21" WC="0.96" CONTENT="der"/><SP WIDTH="20" VPOS="501" HPOS="770"/>
							<String ID="string_67" HPOS="790" VPOS="500" WIDTH="43" HEIGHT="22" WC="0.96" CONTENT="den"/><SP WIDTH="20" VPOS="500" HPOS="833"/>
							<String ID="string_68" HPOS="853" VPOS="501" WIDTH="38" HEIGHT="21" WC="0.96" CONTENT="till"/><SP WIDTH="17" VPOS="501" HPOS="891"/>
							<String ID="string_69" HPOS="908" VPOS="500" WIDTH="60" HEIGHT="22" WC="0.96" CONTENT="först"/>
						</TextLine>
						<TextLine ID="line_10" HPOS="215" VPOS="535" WIDTH="93" HEIGHT="22">
							<String ID="string_70" HPOS="215" VPOS="535" WIDTH="93" HEIGHT="22" WC="0.91" CONTENT="företes."/>
						</TextLine>
					</TextBlock>
				</ComposedBlock>
				<ComposedBlock ID="cblock_4" HPOS="213" VPOS="605" WIDTH="754" HEIGHT="379">
					<TextBlock ID="block_4" HPOS="213" VPOS="605" WIDTH="754" HEIGHT="379">
						<TextLine ID="line_11" HPOS="560" VPOS="605" WIDTH="62" HEIGHT="26">
							<String ID="string_71" HPOS="560" VPOS="605" WIDTH="25" HEIGHT="20" WC="0.93" CONTENT="11"/><SP WIDTH="17" VPOS="605" HPOS="585"/>
							<String ID="string_72" HPOS="602" VPOS="605" WIDTH="20" HEIGHT="26" WC="0.82" CONTENT="8."/>
						</TextLine>
						<TextLine ID="line_12" HPOS="285" VPOS="649" WIDTH="682" HEIGHT="29">
							<String ID="string_73" HPOS="285" VPOS="650" WIDTH="42" HEIGHT="21" WC="0.95" CONTENT="Om"/><SP WIDTH="16" VPOS="650" HPOS="327"/>
							<String ID="string_74" HPOS="343" VPOS="649" WIDTH="105" HEIGHT="22" WC="0.96" CONTENT="enskilda"/><SP WIDTH="15" VPOS="649" HPOS="448"/>
							<String ID="string_75" HPOS="463" VPOS="657" WIDTH="115" HEIGHT="21" WC="0.96" CONTENT="personer,"/><SP WIDTH="12" VPOS="657" HPOS="578"/>
							<String ID="string_76" HPOS="590" VPOS="657" WIDTH="48" HEIGHT="14" WC="0.96" CONTENT="som"/><SP WIDTH="16" VPOS="657" HPOS="638"/>
							<String ID="string_77" HPOS="654" VPOS="649" WIDTH="35" HEIGHT="26" WC="0.96" CONTENT="sig"/><SP WIDTH="16" VPOS="649" HPOS="689"/>
							<String ID="string_78" HPOS="705" VPOS="649" WIDTH="98" HEIGHT="22" WC="0.96" CONTENT="emellan"/><SP WIDTH="11" VPOS="649" HPOS="803"/>
							<String ID="string_79" HPOS="814" VPOS="650" WIDTH="66" HEIGHT="21" WC="0.96" CONTENT="slutit"/><SP WIDTH="10" VPOS="650" HPOS="880"/>
							<String ID="string_80" HPOS="890" VPOS="650" WIDTH="77" HEIGHT="28" WC="0.96" CONTENT="någon"/>
						</TextLine>
						<TextLine ID="line_13" HPOS="215" VPOS="683" WIDTH="751" HEIGHT="30">
							<String ID="string_81" HPOS="215" VPOS="683" WIDTH="242" HEIGHT="28" WC="0.91" CONTENT="öfverenskommelse,"/><SP WIDTH="16" VPOS="683" HPOS="457"/>
							<String ID="string_82" HPOS="473" VPOS="684" WIDTH="8" HEIGHT="21" WC="0.96" CONTENT="i"/><SP WIDTH="16" VPOS="684" HPOS="481"/>
							<String ID="string_83" HPOS="497" VPOS="684" WIDTH="77" HEIGHT="21" WC="0.96" CONTENT="stället"/><SP WIDTH="14" VPOS="684" HPOS="574"/>
							<String ID="string_84" HPOS="588" VPOS="683" WIDTH="37" HEIGHT="22" WC="0.96" CONTENT="för"/><SP WIDTH="10" VPOS="683" HPOS="625"/>
							<String ID="string_85" HPOS="635" VPOS="686" WIDTH="34" HEIGHT="19" WC="0.96" CONTENT="att"/><SP WIDTH="10" VPOS="686" HPOS="669"/>
							<String ID="string_86" HPOS="679" VPOS="684" WIDTH="79" HEIGHT="21" WC="0.96" CONTENT="derom"/><SP WIDTH="10" VPOS="684" HPOS="758"/>
							<String ID="string_87" HPOS="768" VPOS="686" WIDTH="109" HEIGHT="27" WC="0.93" CONTENT="upprätta"/><SP WIDTH="10" VPOS="686" HPOS="877"/>
							<String ID="string_88" HPOS="887" VPOS="683" WIDTH="79" HEIGHT="22" WC="0.93" CONTENT="skrift-"/>
						</TextLine>
						<TextLine ID="line_14" HPOS="214" VPOS="718" WIDTH="753" HEIGHT="29">
							<String ID="string_89" HPOS="214" VPOS="719" WIDTH="34" HEIGHT="28" WC="0.93" CONTENT="lig"/><SP WIDTH="22" VPOS="719" HPOS="248"/>
							<String ID="string_90" HPOS="270" VPOS="718" WIDTH="146" HEIGHT="28" WC="0.90" CONTENT="afhandling,"/><SP WIDTH="16" VPOS="718" HPOS="416"/>
							<String ID="string_91" HPOS="432" VPOS="718" WIDTH="57" HEIGHT="29" WC="0.96" CONTENT="vilja"/><SP WIDTH="23" VPOS="718" HPOS="489"/>
							<String ID="string_92" HPOS="512" VPOS="719" WIDTH="46" HEIGHT="20" WC="0.96" CONTENT="låta"/><SP WIDTH="15" VPOS="719" HPOS="558"/>
							<String ID="string_93" HPOS="573" VPOS="719" WIDTH="114" HEIGHT="21" WC="0.96" CONTENT="anteckna"/><SP WIDTH="14" VPOS="719" HPOS="687"/>
							<String ID="string_94" HPOS="701" VPOS="719" WIDTH="41" HEIGHT="20" WC="0.93" CONTENT="sitt"/><SP WIDTH="16" VPOS="719" HPOS="742"/>
							<String ID="string_95" HPOS="758" VPOS="718" WIDTH="56" HEIGHT="22" WC="0.90" CONTENT="aftal"/><SP WIDTH="18" VPOS="718" HPOS="814"/>
							<String ID="string_96" HPOS="832" VPOS="719" WIDTH="8" HEIGHT="20" WC="0.96" CONTENT="i"/><SP WIDTH="16" VPOS="719" HPOS="840"/>
							<String ID="string_97" HPOS="856" VPOS="719" WIDTH="111" HEIGHT="21" WC="0.96" CONTENT="domstols"/>
						</TextLine>
						<TextLine ID="line_15" HPOS="214" VPOS="751" WIDTH="751" HEIGHT="30">
							<String ID="string_98" HPOS="214" VPOS="752" WIDTH="123" HEIGHT="29" WC="0.96" CONTENT="protokoll,"/><SP WIDTH="16" VPOS="752" HPOS="337"/>
							<String ID="string_99" HPOS="353" VPOS="759" WIDTH="54" HEIGHT="14" WC="0.96" CONTENT="vare"/><SP WIDTH="16" VPOS="759" HPOS="407"/>
							<String ID="string_100" HPOS="423" VPOS="752" WIDTH="82" HEIGHT="21" WC="0.95" CONTENT="sådant"/><SP WIDTH="14" VPOS="752" HPOS="505"/>
							<String ID="string_101" HPOS="519" VPOS="751" WIDTH="51" HEIGHT="22" WC="0.96" CONTENT="dem"/><SP WIDTH="16" VPOS="751" HPOS="570"/>
							<String ID="string_102" HPOS="586" VPOS="752" WIDTH="52" HEIGHT="21" WC="0.93" CONTENT="icke"/><SP WIDTH="14" VPOS="752" HPOS="638"/>
							<String ID="string_103" HPOS="652" VPOS="752" WIDTH="137" HEIGHT="28" WC="0.92" CONTENT="förmenadt,"/><SP WIDTH="12" VPOS="752" HPOS="789"/>
							<String ID="string_104" HPOS="801" VPOS="752" WIDTH="39" HEIGHT="21" WC="0.96" CONTENT="der"/><SP WIDTH="16" VPOS="752" HPOS="840"/>
							<String ID="string_105" HPOS="856" VPOS="752" WIDTH="39" HEIGHT="21" WC="0.93" CONTENT="det"/><SP WIDTH="14" VPOS="752" HPOS="895"/>
							<String ID="string_106" HPOS="909" VPOS="752" WIDTH="56" HEIGHT="29" WC="0.90" CONTENT="eljes"/>
						</TextLine>
						<TextLine ID="line_16" HPOS="214" VPOS="786" WIDTH="753" HEIGHT="29">
							<String ID="string_107" HPOS="214" VPOS="787" WIDTH="103" HEIGHT="28" WC="0.96" CONTENT="lagligen"/><SP WIDTH="23" VPOS="787" HPOS="317"/>
							<String ID="string_108" HPOS="340" VPOS="786" WIDTH="41" HEIGHT="22" WC="0.96" CONTENT="ske"/><SP WIDTH="22" VPOS="786" HPOS="381"/>
							<String ID="string_109" HPOS="403" VPOS="786" WIDTH="52" HEIGHT="21" WC="0.95" CONTENT="kan."/><SP WIDTH="30" VPOS="786" HPOS="455"/>
							<String ID="string_110" HPOS="485" VPOS="786" WIDTH="12" HEIGHT="21" WC="0.96" CONTENT="I"/><SP WIDTH="18" VPOS="786" HPOS="497"/>
							<String ID="string_111" HPOS="515" VPOS="786" WIDTH="64" HEIGHT="22" WC="0.96" CONTENT="detta"/><SP WIDTH="17" VPOS="786" HPOS="579"/>
							<String ID="string_112" HPOS="596" VPOS="786" WIDTH="42" HEIGHT="22" WC="0.96" CONTENT="fall"/><SP WIDTH="18" VPOS="786" HPOS="638"/>
							<String ID="string_113" HPOS="656" VPOS="786" WIDTH="104" HEIGHT="22" WC="0.95" CONTENT="utfärdas"/><SP WIDTH="15" VPOS="786" HPOS="760"/>
							<String ID="string_114" HPOS="775" VPOS="787" WIDTH="163" HEIGHT="28" WC="0.93" CONTENT="expeditionen"/><SP WIDTH="15" VPOS="787" HPOS="938"/>
							<String ID="string_115" HPOS="953" VPOS="787" WIDTH="14" HEIGHT="21" WC="0.93" CONTENT="ä"/>
						</TextLine>
						<TextLine ID="line_17" HPOS="215" VPOS="820" WIDTH="751" HEIGHT="29">
							<String ID="string_116" HPOS="215" VPOS="820" WIDTH="82" HEIGHT="21" WC="0.92" CONTENT="sådant"/><SP WIDTH="26" VPOS="820" HPOS="297"/>
							<String ID="string_117" HPOS="323" VPOS="821" WIDTH="190" HEIGHT="28" WC="0.91" CONTENT="stämpelpapper,"/><SP WIDTH="23" VPOS="821" HPOS="513"/>
							<String ID="string_118" HPOS="536" VPOS="828" WIDTH="48" HEIGHT="14" WC="0.96" CONTENT="som"/><SP WIDTH="22" VPOS="828" HPOS="584"/>
							<String ID="string_119" HPOS="606" VPOS="820" WIDTH="38" HEIGHT="22" WC="0.95" CONTENT="för"/><SP WIDTH="24" VPOS="820" HPOS="644"/>
							<String ID="string_120" HPOS="668" VPOS="820" WIDTH="84" HEIGHT="29" WC="0.95" CONTENT="utdrag"/><SP WIDTH="22" VPOS="820" HPOS="752"/>
							<String ID="string_121" HPOS="774" VPOS="828" WIDTH="28" HEIGHT="14" WC="0.91" CONTENT="ur"/><SP WIDTH="22" VPOS="828" HPOS="802"/>
							<String ID="string_122" HPOS="824" VPOS="821" WIDTH="142" HEIGHT="22" WC="0.96" CONTENT="domstolens"/>
						</TextLine>
						<TextLine ID="line_18" HPOS="214" VPOS="854" WIDTH="753" HEIGHT="29">
							<String ID="string_123" HPOS="214" VPOS="854" WIDTH="117" HEIGHT="29" WC="0.96" CONTENT="protokoll"/><SP WIDTH="15" VPOS="854" HPOS="331"/>
							<String ID="string_124" HPOS="346" VPOS="854" WIDTH="74" HEIGHT="21" WC="0.96" CONTENT="finnes"/><SP WIDTH="16" VPOS="854" HPOS="420"/>
							<String ID="string_125" HPOS="436" VPOS="854" WIDTH="124" HEIGHT="28" WC="0.96" CONTENT="bestämdt;"/><SP WIDTH="24" VPOS="854" HPOS="560"/>
							<String ID="string_126" HPOS="584" VPOS="862" WIDTH="51" HEIGHT="14" WC="0.96" CONTENT="men"/><SP WIDTH="16" VPOS="862" HPOS="635"/>
							<String ID="string_127" HPOS="651" VPOS="861" WIDTH="36" HEIGHT="15" WC="0.95" CONTENT="om"/><SP WIDTH="16" VPOS="861" HPOS="687"/>
							<String ID="string_128" HPOS="703" VPOS="857" WIDTH="35" HEIGHT="19" WC="0.95" CONTENT="ett"/><SP WIDTH="14" VPOS="857" HPOS="738"/>
							<String ID="string_129" HPOS="752" VPOS="854" WIDTH="82" HEIGHT="23" WC="0.96" CONTENT="sådant"/><SP WIDTH="15" VPOS="854" HPOS="834"/>
							<String ID="string_130" HPOS="849" VPOS="855" WIDTH="118" HEIGHT="28" WC="0.96" CONTENT="protokoll"/>
						</TextLine>
						<TextLine ID="line_19" HPOS="214" VPOS="887" WIDTH="751" HEIGHT="31">
							<String ID="string_131" HPOS="214" VPOS="888" WIDTH="129" HEIGHT="22" WC="0.96" CONTENT="sedermera"/><SP WIDTH="22" VPOS="888" HPOS="343"/>
							<String ID="string_132" HPOS="365" VPOS="889" WIDTH="8" HEIGHT="20" WC="0.96" CONTENT="i"/><SP WIDTH="22" VPOS="889" HPOS="373"/>
							<String ID="string_133" HPOS="395" VPOS="887" WIDTH="108" HEIGHT="23" WC="0.93" CONTENT="afseende"/><SP WIDTH="22" VPOS="887" HPOS="503"/>
							<String ID="string_134" HPOS="525" VPOS="889" WIDTH="13" HEIGHT="21" WC="0.86" CONTENT="å"/><SP WIDTH="21" VPOS="889" HPOS="538"/>
							<String ID="string_135" HPOS="559" VPOS="889" WIDTH="129" HEIGHT="28" WC="0.92" CONTENT="utsökning"/><SP WIDTH="22" VPOS="889" HPOS="688"/>
							<String ID="string_136" HPOS="710" VPOS="889" WIDTH="56" HEIGHT="22" WC="0.96" CONTENT="eller"/><SP WIDTH="21" VPOS="889" HPOS="766"/>
							<String ID="string_137" HPOS="787" VPOS="889" WIDTH="8" HEIGHT="22" WC="0.96" CONTENT="i"/><SP WIDTH="21" VPOS="889" HPOS="795"/>
							<String ID="string_138" HPOS="816" VPOS="892" WIDTH="70" HEIGHT="19" WC="0.96" CONTENT="annat"/><SP WIDTH="18" VPOS="892" HPOS="886"/>
							<String ID="string_139" HPOS="904" VPOS="889" WIDTH="61" HEIGHT="29" WC="0.96" CONTENT="syfte"/>
						</TextLine>
						<TextLine ID="line_20" HPOS="213" VPOS="922" WIDTH="751" HEIGHT="29">
							<String ID="string_140" HPOS="213" VPOS="925" WIDTH="84" HEIGHT="26" WC="0.91" CONTENT="upptes"/><SP WIDTH="15" VPOS="925" HPOS="297"/>
							<String ID="string_141" HPOS="312" VPOS="922" WIDTH="63" HEIGHT="21" WC="0.96" CONTENT="inför"/><SP WIDTH="14" VPOS="922" HPOS="375"/>
							<String ID="string_142" HPOS="389" VPOS="922" WIDTH="78" HEIGHT="28" WC="0.95" CONTENT="någon"/><SP WIDTH="14" VPOS="922" HPOS="467"/>
							<String ID="string_143" HPOS="481" VPOS="923" WIDTH="143" HEIGHT="28" WC="0.96" CONTENT="myndighet,"/><SP WIDTH="9" VPOS="923" HPOS="624"/>
							<String ID="string_144" HPOS="633" VPOS="923" WIDTH="109" HEIGHT="28" WC="0.96" CONTENT="stämplas"/><SP WIDTH="11" VPOS="923" HPOS="742"/>
							<String ID="string_145" HPOS="753" VPOS="923" WIDTH="126" HEIGHT="22" WC="0.96" CONTENT="detsamma"/><SP WIDTH="10" VPOS="923" HPOS="879"/>
							<String ID="string_146" HPOS="889" VPOS="924" WIDTH="75" HEIGHT="22" WC="0.96" CONTENT="såsom"/>
						</TextLine>
						<TextLine ID="line_21" HPOS="213" VPOS="956" WIDTH="181" HEIGHT="28">
							<String ID="string_147" HPOS="213" VPOS="956" WIDTH="9" HEIGHT="21" WC="0.96" CONTENT="i"/><SP WIDTH="15" VPOS="956" HPOS="222"/>
							<String ID="string_148" HPOS="237" VPOS="957" WIDTH="13" HEIGHT="21" WC="0.91" CONTENT="6"/><SP WIDTH="15" VPOS="957" HPOS="250"/>
							<String ID="string_149" HPOS="265" VPOS="958" WIDTH="14" HEIGHT="25" WC="0.87" CONTENT="&amp;"/><SP WIDTH="16" VPOS="958" HPOS="279"/>
							<String ID="string_150" HPOS="295" VPOS="956" WIDTH="99" HEIGHT="28" WC="0.95" CONTENT="stadgas."/>
						</TextLine>
					</TextBlock>
				</ComposedBlock>
				<ComposedBlock ID="cblock_5" HPOS="211" VPOS="1026" WIDTH="754" HEIGHT="412">
					<TextBlock ID="block_5" HPOS="562" VPOS="1026" WIDTH="60" HEIGHT="25">
						<TextLine ID="line_22" HPOS="562" VPOS="1026" WIDTH="60" HEIGHT="25">
							<String ID="string_151" HPOS="562" VPOS="1026" WIDTH="26" HEIGHT="21" WC="0.94" CONTENT="12"/><SP WIDTH="15" VPOS="1026" HPOS="588"/>
							<String ID="string_152" HPOS="603" VPOS="1026" WIDTH="19" HEIGHT="25" WC="0.94" CONTENT="8."/>
						</TextLine>
					</TextBlock>
					<TextBlock ID="block_6" HPOS="211" VPOS="1069" WIDTH="754" HEIGHT="332">
						<TextLine ID="line_23" HPOS="281" VPOS="1069" WIDTH="684" HEIGHT="30">
							<String ID="string_153" HPOS="281" VPOS="1070" WIDTH="36" HEIGHT="21" WC="0.96" CONTENT="Då"/><SP WIDTH="15" VPOS="1070" HPOS="317"/>
							<String ID="string_154" HPOS="332" VPOS="1069" WIDTH="93" HEIGHT="22" WC="0.92" CONTENT="enskild"/><SP WIDTH="14" VPOS="1069" HPOS="425"/>
							<String ID="string_155" HPOS="439" VPOS="1070" WIDTH="144" HEIGHT="29" WC="0.91" CONTENT="afhandling,"/><SP WIDTH="9" VPOS="1070" HPOS="583"/>
							<String ID="string_156" HPOS="592" VPOS="1070" WIDTH="141" HEIGHT="23" WC="0.96" CONTENT="förbindelse"/><SP WIDTH="10" VPOS="1070" HPOS="733"/>
							<String ID="string_157" HPOS="743" VPOS="1071" WIDTH="57" HEIGHT="22" WC="0.96" CONTENT="eller"/><SP WIDTH="10" VPOS="1071" HPOS="800"/>
							<String ID="string_158" HPOS="810" VPOS="1079" WIDTH="76" HEIGHT="14" WC="0.95" CONTENT="annan"/><SP WIDTH="9" VPOS="1079" HPOS="886"/>
							<String ID="string_159" HPOS="895" VPOS="1072" WIDTH="70" HEIGHT="22" WC="0.96" CONTENT="skrift"/>
						</TextLine>
						<TextLine ID="line_24" HPOS="213" VPOS="1104" WIDTH="752" HEIGHT="30">
							<String ID="string_160" HPOS="213" VPOS="1104" WIDTH="42" HEIGHT="21" WC="0.96" CONTENT="hos"/><SP WIDTH="23" VPOS="1104" HPOS="255"/>
							<String ID="string_161" HPOS="278" VPOS="1104" WIDTH="107" HEIGHT="27" WC="0.93" CONTENT="domstol,"/><SP WIDTH="23" VPOS="1104" HPOS="385"/>
							<String ID="string_162" HPOS="408" VPOS="1105" WIDTH="112" HEIGHT="21" WC="0.92" CONTENT="exekutor"/><SP WIDTH="24" VPOS="1105" HPOS="520"/>
							<String ID="string_163" HPOS="544" VPOS="1105" WIDTH="56" HEIGHT="21" WC="0.96" CONTENT="eller"/><SP WIDTH="22" VPOS="1105" HPOS="600"/>
							<String ID="string_164" HPOS="622" VPOS="1112" WIDTH="76" HEIGHT="15" WC="0.95" CONTENT="annan"/><SP WIDTH="22" VPOS="1112" HPOS="698"/>
							<String ID="string_165" HPOS="720" VPOS="1105" WIDTH="138" HEIGHT="29" WC="0.92" CONTENT="myndighet"/><SP WIDTH="21" VPOS="1105" HPOS="858"/>
							<String ID="string_166" HPOS="879" VPOS="1106" WIDTH="86" HEIGHT="22" WC="0.92" CONTENT="företes"/>
						</TextLine>
						<TextLine ID="line_25" HPOS="213" VPOS="1138" WIDTH="751" HEIGHT="32">
							<String ID="string_167" HPOS="213" VPOS="1138" WIDTH="43" HEIGHT="22" WC="0.96" CONTENT="och"/><SP WIDTH="21" VPOS="1138" HPOS="256"/>
							<String ID="string_168" HPOS="277" VPOS="1138" WIDTH="37" HEIGHT="21" WC="0.91" CONTENT="för"/><SP WIDTH="23" VPOS="1138" HPOS="314"/>
							<String ID="string_169" HPOS="337" VPOS="1139" WIDTH="210" HEIGHT="28" WC="0.91" CONTENT="stämpelafgiftens"/><SP WIDTH="22" VPOS="1139" HPOS="547"/>
							<String ID="string_170" HPOS="569" VPOS="1139" WIDTH="128" HEIGHT="28" WC="0.93" CONTENT="utgörande"/><SP WIDTH="23" VPOS="1139" HPOS="697"/>
							<String ID="string_171" HPOS="720" VPOS="1140" WIDTH="117" HEIGHT="28" WC="0.93" CONTENT="begagnas"/><SP WIDTH="21" VPOS="1140" HPOS="837"/>
							<String ID="string_172" HPOS="858" VPOS="1141" WIDTH="106" HEIGHT="29" WC="0.90" CONTENT="stämpel-"/>
						</TextLine>
						<TextLine ID="line_26" HPOS="213" VPOS="1171" WIDTH="752" HEIGHT="27">
							<String ID="string_173" HPOS="213" VPOS="1173" WIDTH="84" HEIGHT="25" WC="0.96" CONTENT="märke,"/><SP WIDTH="16" VPOS="1173" HPOS="297"/>
							<String ID="string_174" HPOS="313" VPOS="1172" WIDTH="42" HEIGHT="21" WC="0.96" CONTENT="bör"/><SP WIDTH="22" VPOS="1172" HPOS="355"/>
							<String ID="string_175" HPOS="377" VPOS="1171" WIDTH="64" HEIGHT="23" WC="0.96" CONTENT="detta"/><SP WIDTH="21" VPOS="1171" HPOS="441"/>
							<String ID="string_176" HPOS="462" VPOS="1173" WIDTH="75" HEIGHT="22" WC="0.93" CONTENT="finnas"/><SP WIDTH="23" VPOS="1173" HPOS="537"/>
							<String ID="string_177" HPOS="560" VPOS="1173" WIDTH="90" HEIGHT="22" WC="0.91" CONTENT="häftadt"/><SP WIDTH="16" VPOS="1173" HPOS="650"/>
							<String ID="string_178" HPOS="666" VPOS="1175" WIDTH="12" HEIGHT="20" WC="0.91" CONTENT="å"/><SP WIDTH="15" VPOS="1175" HPOS="678"/>
							<String ID="string_179" HPOS="693" VPOS="1174" WIDTH="111" HEIGHT="22" WC="0.92" CONTENT="skriftens"/><SP WIDTH="22" VPOS="1174" HPOS="804"/>
							<String ID="string_180" HPOS="826" VPOS="1174" WIDTH="73" HEIGHT="23" WC="0.96" CONTENT="första"/><SP WIDTH="16" VPOS="1174" HPOS="899"/>
							<String ID="string_181" HPOS="915" VPOS="1175" WIDTH="50" HEIGHT="22" WC="0.96" CONTENT="sida"/>
						</TextLine>
						<TextLine ID="line_27" HPOS="213" VPOS="1206" WIDTH="752" HEIGHT="31">
							<String ID="string_182" HPOS="213" VPOS="1207" WIDTH="49" HEIGHT="28" WC="0.95" CONTENT="och,"/><SP WIDTH="16" VPOS="1207" HPOS="262"/>
							<String ID="string_183" HPOS="278" VPOS="1213" WIDTH="37" HEIGHT="15" WC="0.96" CONTENT="om"/><SP WIDTH="20" VPOS="1213" HPOS="315"/>
							<String ID="string_184" HPOS="335" VPOS="1206" WIDTH="55" HEIGHT="22" WC="0.96" CONTENT="flera"/><SP WIDTH="16" VPOS="1206" HPOS="390"/>
							<String ID="string_185" HPOS="406" VPOS="1207" WIDTH="75" HEIGHT="22" WC="0.96" CONTENT="skilda"/><SP WIDTH="15" VPOS="1207" HPOS="481"/>
							<String ID="string_186" HPOS="496" VPOS="1208" WIDTH="110" HEIGHT="28" WC="0.96" CONTENT="stämplar"/><SP WIDTH="15" VPOS="1208" HPOS="606"/>
							<String ID="string_187" HPOS="621" VPOS="1208" WIDTH="123" HEIGHT="29" WC="0.95" CONTENT="användas,"/><SP WIDTH="16" VPOS="1208" HPOS="744"/>
							<String ID="string_188" HPOS="760" VPOS="1209" WIDTH="67" HEIGHT="21" WC="0.95" CONTENT="dessa"/><SP WIDTH="14" VPOS="1209" HPOS="827"/>
							<String ID="string_189" HPOS="841" VPOS="1209" WIDTH="72" HEIGHT="22" WC="0.93" CONTENT="fästas"/><SP WIDTH="15" VPOS="1209" HPOS="913"/>
							<String ID="string_190" HPOS="928" VPOS="1212" WIDTH="37" HEIGHT="19" WC="0.93" CONTENT="ut-"/>
						</TextLine>
						<TextLine ID="line_28" HPOS="212" VPOS="1240" WIDTH="752" HEIGHT="30">
							<String ID="string_191" HPOS="212" VPOS="1241" WIDTH="52" HEIGHT="20" WC="0.96" CONTENT="med"/><SP WIDTH="22" VPOS="1241" HPOS="264"/>
							<String ID="string_192" HPOS="286" VPOS="1240" WIDTH="101" HEIGHT="22" WC="0.96" CONTENT="bredden"/><SP WIDTH="19" VPOS="1240" HPOS="387"/>
							<String ID="string_193" HPOS="406" VPOS="1241" WIDTH="26" HEIGHT="21" WC="0.96" CONTENT="af"/><SP WIDTH="15" VPOS="1241" HPOS="432"/>
							<String ID="string_194" HPOS="447" VPOS="1241" WIDTH="105" HEIGHT="22" WC="0.86" CONTENT="skriften."/><SP WIDTH="31" VPOS="1241" HPOS="552"/>
							<String ID="string_195" HPOS="583" VPOS="1242" WIDTH="89" HEIGHT="21" WC="0.95" CONTENT="Saknas"/><SP WIDTH="16" VPOS="1242" HPOS="672"/>
							<String ID="string_196" HPOS="688" VPOS="1245" WIDTH="114" HEIGHT="25" WC="0.93" CONTENT="utrymme"/><SP WIDTH="16" VPOS="1245" HPOS="802"/>
							<String ID="string_197" HPOS="818" VPOS="1243" WIDTH="13" HEIGHT="20" WC="0.88" CONTENT="å"/><SP WIDTH="14" VPOS="1243" HPOS="831"/>
							<String ID="string_198" HPOS="845" VPOS="1243" WIDTH="74" HEIGHT="22" WC="0.93" CONTENT="första"/><SP WIDTH="15" VPOS="1243" HPOS="919"/>
							<String ID="string_199" HPOS="934" VPOS="1244" WIDTH="30" HEIGHT="21" WC="0.89" CONTENT="si-"/>
						</TextLine>
						<TextLine ID="line_29" HPOS="212" VPOS="1274" WIDTH="752" HEIGHT="29">
							<String ID="string_200" HPOS="212" VPOS="1274" WIDTH="51" HEIGHT="26" WC="0.96" CONTENT="dan,"/><SP WIDTH="24" VPOS="1274" HPOS="263"/>
							<String ID="string_201" HPOS="287" VPOS="1274" WIDTH="37" HEIGHT="21" WC="0.96" CONTENT="må"/><SP WIDTH="22" VPOS="1274" HPOS="324"/>
							<String ID="string_202" HPOS="346" VPOS="1274" WIDTH="98" HEIGHT="28" WC="0.96" CONTENT="stämpel"/><SP WIDTH="22" VPOS="1274" HPOS="444"/>
							<String ID="string_203" HPOS="466" VPOS="1274" WIDTH="123" HEIGHT="29" WC="0.93" CONTENT="anbringas"/><SP WIDTH="20" VPOS="1274" HPOS="589"/>
							<String ID="string_204" HPOS="609" VPOS="1275" WIDTH="87" HEIGHT="28" WC="0.92" CONTENT="jemväl"/><SP WIDTH="19" VPOS="1275" HPOS="696"/>
							<String ID="string_205" HPOS="715" VPOS="1276" WIDTH="13" HEIGHT="21" WC="0.90" CONTENT="å"/><SP WIDTH="16" VPOS="1276" HPOS="728"/>
							<String ID="string_206" HPOS="744" VPOS="1275" WIDTH="126" HEIGHT="23" WC="0.96" CONTENT="frånsidan."/><SP WIDTH="29" VPOS="1275" HPOS="870"/>
							<String ID="string_207" HPOS="899" VPOS="1277" WIDTH="65" HEIGHT="22" WC="0.95" CONTENT="Hvar"/>
						</TextLine>
						<TextLine ID="line_30" HPOS="213" VPOS="1307" WIDTH="751" HEIGHT="33">
							<String ID="string_208" HPOS="213" VPOS="1307" WIDTH="42" HEIGHT="22" WC="0.96" CONTENT="och"/><SP WIDTH="14" VPOS="1307" HPOS="255"/>
							<String ID="string_209" HPOS="269" VPOS="1315" WIDTH="28" HEIGHT="14" WC="0.96" CONTENT="en"/><SP WIDTH="17" VPOS="1315" HPOS="297"/>
							<String ID="string_210" HPOS="314" VPOS="1307" WIDTH="26" HEIGHT="22" WC="0.96" CONTENT="af"/><SP WIDTH="12" VPOS="1307" HPOS="340"/>
							<String ID="string_211" HPOS="352" VPOS="1307" WIDTH="29" HEIGHT="23" WC="0.96" CONTENT="de"/><SP WIDTH="14" VPOS="1307" HPOS="381"/>
							<String ID="string_212" HPOS="395" VPOS="1308" WIDTH="135" HEIGHT="29" WC="0.96" CONTENT="begagnade"/><SP WIDTH="15" VPOS="1308" HPOS="530"/>
							<String ID="string_213" HPOS="545" VPOS="1309" WIDTH="140" HEIGHT="29" WC="0.96" CONTENT="stämplarna"/><SP WIDTH="15" VPOS="1309" HPOS="685"/>
							<String ID="string_214" HPOS="700" VPOS="1310" WIDTH="61" HEIGHT="21" WC="0.96" CONTENT="skall"/><SP WIDTH="15" VPOS="1310" HPOS="761"/>
							<String ID="string_215" HPOS="776" VPOS="1310" WIDTH="26" HEIGHT="22" WC="0.97" CONTENT="af"/><SP WIDTH="12" VPOS="1310" HPOS="802"/>
							<String ID="string_216" HPOS="814" VPOS="1311" WIDTH="45" HEIGHT="22" WC="0.93" CONTENT="den"/><SP WIDTH="10" VPOS="1311" HPOS="859"/>
							<String ID="string_217" HPOS="869" VPOS="1311" WIDTH="95" HEIGHT="29" WC="0.92" CONTENT="tjenste-"/>
						</TextLine>
						<TextLine ID="line_31" HPOS="211" VPOS="1343" WIDTH="752" HEIGHT="32">
							<String ID="string_218" HPOS="211" VPOS="1350" WIDTH="60" HEIGHT="19" WC="0.95" CONTENT="man,"/><SP WIDTH="22" VPOS="1350" HPOS="271"/>
							<String ID="string_219" HPOS="293" VPOS="1349" WIDTH="50" HEIGHT="14" WC="0.96" CONTENT="som"/><SP WIDTH="22" VPOS="1349" HPOS="343"/>
							<String ID="string_220" HPOS="365" VPOS="1343" WIDTH="101" HEIGHT="21" WC="0.93" CONTENT="skriften"/><SP WIDTH="22" VPOS="1343" HPOS="466"/>
							<String ID="string_221" HPOS="488" VPOS="1345" WIDTH="133" HEIGHT="28" WC="0.91" CONTENT="emottager,"/><SP WIDTH="19" VPOS="1345" HPOS="621"/>
							<String ID="string_222" HPOS="640" VPOS="1348" WIDTH="67" HEIGHT="25" WC="0.96" CONTENT="göras"/><SP WIDTH="23" VPOS="1348" HPOS="707"/>
							<String ID="string_223" HPOS="730" VPOS="1345" WIDTH="116" HEIGHT="23" WC="0.96" CONTENT="obrukbar"/><SP WIDTH="21" VPOS="1345" HPOS="846"/>
							<String ID="string_224" HPOS="867" VPOS="1347" WIDTH="29" HEIGHT="28" WC="0.95" CONTENT="på"/><SP WIDTH="21" VPOS="1347" HPOS="896"/>
							<String ID="string_225" HPOS="917" VPOS="1348" WIDTH="46" HEIGHT="20" WC="0.95" CONTENT="sätt"/>
						</TextLine>
						<TextLine ID="line_32" HPOS="211" VPOS="1377" WIDTH="470" HEIGHT="24">
							<String ID="string_226" HPOS="211" VPOS="1377" WIDTH="77" HEIGHT="22" WC="0.96" CONTENT="derom"/><SP WIDTH="17" VPOS="1377" HPOS="288"/>
							<String ID="string_227" HPOS="305" VPOS="1377" WIDTH="110" HEIGHT="22" WC="0.92" CONTENT="särskildt"/><SP WIDTH="15" VPOS="1377" HPOS="415"/>
							<String ID="string_228" HPOS="430" VPOS="1377" WIDTH="82" HEIGHT="22" WC="0.91" CONTENT="varder"/><SP WIDTH="14" VPOS="1377" HPOS="512"/>
							<String ID="string_229" HPOS="526" VPOS="1377" WIDTH="155" HEIGHT="24" WC="0.92" CONTENT="föreskrifvet."/>
						</TextLine>
					</TextBlock>
					<TextBlock ID="block_7" HPOS="279" VPOS="1411" WIDTH="82" HEIGHT="27">
						<TextLine ID="line_33" HPOS="279" VPOS="1411" WIDTH="82" HEIGHT="27">
							<String ID="string_230" HPOS="279" VPOS="1411" WIDTH="82" HEIGHT="27" WC="0.53" CONTENT="[Utel]"/>
						</TextLine>
					</TextBlock>
				</ComposedBlock>
			</PrintSpace>
		</Page>
	</Layout>
</alto>
