1039 1706
217 113 26 22 38
416 112 76 22 Ständ.
508 112 34 21 Sv.
557 125 28 3 —
600 112 64 28 Prop.
680 111 37 22 N:o
734 110 33 22 19.

216 179 76 20 rätten
315 180 34 19 att
370 177 121 28 uppfostra
506 176 40 22 sitt
560 176 63 28 barn,
640 176 75 29 gånge
731 176 43 20 ock
789 177 81 26 genast
884 175 9 21 i
907 174 65 22 verk-

218 211 124 29 ställighet.
372 210 134 29 Upphäfves
529 210 70 22 sådan
618 210 80 28 åtgärd
713 210 26 21 af
753 210 93 26 hofrätt,
863 208 109 22 förordne

216 246 117 21 hofrätten
356 244 58 22 efter
436 244 232 28 omständigheterna,
691 243 114 22 huruvida
827 242 51 22 dess
894 243 78 28 utslag

217 279 59 22 skall
298 279 64 29 tjena
383 278 37 22 till
442 278 119 30 efterföljd
580 280 81 27 genast
676 278 57 21 eller
748 278 70 21 sedan
834 277 39 21 det
888 277 85 22 vunnit

216 314 53 28 laga
283 313 63 21 kraft
361 313 55 22 eller
431 320 77 14 annan
523 312 147 29 förmyndare
685 312 80 21 blifvit
780 311 132 23 förordnad.

567 410 26 22 76
609 410 18 27 8.

285 455 82 22 Beslut
382 463 37 14 om
434 455 65 22 böter
514 456 56 21 eller
584 455 54 28 vite,
658 463 49 14 som
722 455 30 28 på
766 455 76 28 grund
858 454 24 22 af
897 455 75 21 denna

217 490 38 29 lag
270 490 98 26 ädömes,
384 490 75 28 gänge
474 489 8 22 i
497 489 182 29 verkställighet,
695 489 30 29 pä
739 491 47 19 sätt
800 489 9 22 i
823 491 14 20 3
852 489 52 28 kap.
923 490 49 27 188

216 524 216 29 Utsökningslagen
447 525 92 28 stadgas
555 531 37 15 om
607 524 48 21 vite
670 524 8 21 i
693 523 195 29 utsökningsmål.

567 623 26 21 77
610 622 19 25 S.

284 673 37 20 Då
336 672 89 28 ärende,
441 673 95 21 hvarom
551 674 20 26 2,
587 674 19 26 3,
621 673 20 26 4,
658 673 13 21 5
687 672 56 21 eller
759 673 10 21 7
786 672 98 29 kapitlet
899 672 71 21 hand-

216 707 40 28 lar,
272 707 40 21 vid
328 707 98 22 domstol
441 707 160 27 förekommer,
616 707 42 21 bör
673 706 39 21 det
730 708 115 27 upptagas
859 707 9 21 i
883 709 88 19 rättens

217 741 325 28 förmynderskapsprotokoll.

286 775 42 21 Täl
342 775 90 27 ärende,
448 782 49 15 som
512 775 145 21 omförmäles
674 775 7 20 i
697 777 13 19 4
728 775 55 21 eller
799 776 12 21 5
827 775 105 28 kapitlet,
950 775 20 28 ej

216 809 107 29 uppskof,
340 809 58 21 skall
414 809 38 21 det
466 809 115 28 företagas
597 811 55 19 utan
664 809 98 21 särskild
770 809 100 22 kostnad
877 809 38 22 för
922 809 50 22 sak-

217 851 84 21 egaren
316 844 13 20 å
344 843 84 21 urtima
442 843 58 29 ting,
516 850 50 14 som
581 843 25 21 af
618 850 77 14 annan
711 843 67 22 orsak
793 843 82 22 hålles.

568 941 25 21 78
609 941 20 26 8.

284 991 13 22 I
311 991 46 22 mål
380 998 36 15 om
438 991 97 22 klander
550 991 26 22 af
588 991 159 28 förmyndares
762 991 152 29 redovisning
929 999 42 21 ege

216 1028 81 25 rätten,
322 1025 58 22 efter
401 1025 31 22 fri
454 1026 109 28 pröfning
579 1025 24 21 af
617 1025 46 22 alla
682 1025 135 22 förekomna
832 1025 140 30 omständig-

216 1060 70 28 heter,
303 1060 74 28 enligt
392 1060 37 21 sin
445 1059 155 30 öfvertygelse
614 1060 116 21 fastställa
745 1060 61 22 hvad
821 1061 8 21 i
844 1061 72 21 saken
930 1061 42 21 bör

216 1101 66 14 anses
297 1094 75 21 säsom
388 1095 57 20 sant.

566 1158 26 21 19
608 1158 20 26 8.

284 1207 51 22 Den
350 1207 36 22 uti
400 1209 29 21 24
444 1209 13 26 8
472 1208 8 21 i
496 1208 167 29 förordningen
678 1209 45 21 den
738 1210 13 21 9
769 1209 129 22 November
914 1209 56 22 1868

217 1249 36 13 om
276 1241 65 28 gälds
364 1241 120 28 betalning
498 1243 41 20 vid
553 1242 101 21 dödsfall
676 1243 53 20 med
747 1251 62 13 mera
823 1243 149 28 förmyndare

216 1275 43 21 och
274 1275 46 28 god
335 1282 53 14 man
403 1275 82 28 älagda
500 1275 134 29 skyldighet
652 1278 34 19 att
700 1277 10 20 i
723 1276 60 22 visst
797 1276 43 22 fall
855 1284 65 14 svara
935 1277 37 21 för

216 1309 60 29 gäld,
292 1315 49 16 som
356 1309 20 28 ej
393 1308 45 23 kan
454 1310 56 28 utgå
525 1309 26 22 af
563 1309 62 23 hvad
635 1311 112 28 omyndig
755 1311 56 22 eller
819 1311 152 22 frånvarande

215 1344 9 21 i
239 1343 87 23 dödsbo
341 1351 61 22 eger,
418 1344 58 22 skall
490 1344 37 22 för
542 1344 125 23 framtiden
681 1345 110 30 upphöra.
