1039 1709
307 103 24 21 U.
348 103 23 21 B.
388 117 25 2 —
430 104 63 28 Prop.
509 104 37 22 N:o
563 103 33 23 15.
768 105 24 21 51

375 170 28 20 30
417 170 13 26 8
447 170 35 26 (34
497 170 29 26 8).

140 214 67 21 Huru
223 214 44 21 den
288 214 60 22 skall
363 214 98 28 straffas,
477 222 55 20 som,
548 214 36 22 för
600 216 34 20 att
649 214 83 22 bereda
747 215 37 28 sig
793 215 31 21 el-

72 248 33 20 ler
128 255 75 13 annan
226 250 74 26 nytta,
320 248 56 21 eller
398 248 71 22 skada
488 256 82 21 annan,
590 248 101 28 eftergör
707 248 56 22 eller
777 248 45 22 för-

71 281 87 21 falskar
179 282 185 28 stämpelpapper
378 282 56 21 eller
450 282 186 28 stämpelmärke;
659 282 55 21 eller
729 286 42 24 gör
786 283 37 27 sig

71 315 56 21 eller
149 323 75 14 annan
247 316 187 28 förfalskningen
450 316 37 22 till
502 316 71 29 godo;
597 316 55 22 eller
667 320 42 25 gör
724 316 59 22 bruk
798 317 26 21 af

71 350 56 21 eller
149 352 71 20 sätter
238 351 8 21 i
265 351 93 29 omlopp
374 351 54 21 äkta
443 351 184 29 stämpelpapper
643 351 55 21 eller
713 352 108 28 stämpel-

70 384 85 28 märke,
178 392 49 14 som
250 385 83 21 honom
356 385 127 28 veterligen
507 385 70 22 redan
600 385 37 21 för
655 385 42 21 sitt
715 385 106 22 ändamäl

70 419 124 27 användts;
211 420 61 25 eller,
288 420 37 21 för
340 422 34 19 att
389 420 83 21 bereda
488 420 36 28 sig
539 420 56 21 eller
610 427 76 14 annan
699 422 73 26 nytta,
783 428 38 20 ge-

70 461 53 14 nom
143 454 87 28 oriktig
244 454 95 29 uppgift
354 454 56 22 eller
426 457 69 19 annat
511 455 62 27 svek,
589 454 162 28 undandrager
766 454 55 22 eller

70 488 67 22 söker
159 488 150 29 undandraga
331 488 89 22 kronan
443 489 170 29 stämpelskatt:
637 488 77 22 derom
729 488 92 29 skiljs
806 484 17 38 i

69 522 116 22 allmänna
201 522 148 29 Strafflagen.

372 599 26 21 31
416 600 12 25 8
444 600 36 26 (35
495 600 28 26 8).

137 643 177 23 Vederbörande
330 644 107 28 äklagare
453 644 88 29 äligger
556 644 40 22 vid
607 644 169 28 tjensteansvar
786 646 34 19 att

69 679 28 27 pä
113 678 38 22 det
166 681 172 25 noggrannaste
353 678 60 22 vaka
426 678 65 22 öfver
506 678 75 22 denna
592 678 147 28 förordnings
751 678 68 22 efter-

69 712 78 22 lefnad
162 713 43 21 och
222 712 165 23 öfverträdelse
402 712 67 23 deraf
481 714 102 28 lagligen
600 713 79 22 beifra.

370 794 28 21 32
413 795 13 26 $
442 795 35 26 (36
492 795 28 26 $).

137 840 77 28 Böter,
238 846 48 15 som
309 839 75 29 enligt
406 839 75 23 denna
503 840 138 28 förordning
655 839 100 28 ädömas,
771 839 47 21 till-

69 874 55 22 falla
139 874 94 22 kronan.

137 908 89 22 Saknas
250 909 100 28 tillgäng
373 909 36 21 till
433 908 106 23 böternas
561 909 59 22 fulla
635 908 120 29 gäldande,
774 908 44 22 för-

69 943 95 22 vandlas
180 943 28 21 de
223 943 59 22 efter
297 943 84 22 allmän
397 943 119 29 Strafflag.

372 1024 27 21 33
414 1024 13 26 8
443 1024 35 27 (37
495 1024 26 27 8).

135 1069 139 28 Angifvelse
289 1076 37 15 om
341 1069 63 21 brott
418 1072 62 19 emot
495 1069 74 22 denna
584 1069 138 28 förordning
737 1072 81 26 uppta-

67 1111 41 21 ges
131 1103 42 22 och
196 1103 102 22 afdömos
314 1103 26 22 af
352 1103 44 22 den
412 1106 52 25 rätt,
480 1104 40 21 der
535 1104 87 21 brottet
637 1103 79 22 blifvit
731 1111 87 21 uppen-

67 1138 57 26 bart,
134 1145 52 14 men
202 1138 53 21 sker
271 1138 39 21 det
325 1138 39 21 vid
380 1138 145 22 embetsverk
540 1138 56 22 eller
611 1138 44 21 ock
670 1138 42 21 hos
723 1138 95 28 tjenste-

68 1179 58 20 man,
150 1179 49 15 som
222 1172 19 28 ej
258 1180 54 20 eger
327 1172 117 28 domsrätt,
461 1173 98 21 förvisas
575 1172 70 22 mälet
660 1172 37 22 till
709 1172 109 22 vederbö-

67 1206 70 22 rande
153 1206 172 22 underdomstol
342 1207 29 28 pä
386 1207 83 28 stället,
479 1210 34 19 att
528 1207 39 21 der
581 1206 26 22 af
615 1207 84 21 allmän
710 1206 107 29 åklagare

67 1240 94 22 utföras.

135 1276 49 20 Har
206 1275 142 22 embetsman
370 1276 63 26 felat,
457 1276 153 22 öfverlämnas
633 1276 70 22 målet
721 1276 36 21 till
773 1276 44 22 den

67 1310 105 26 domstol,
197 1316 49 15 som
272 1310 66 22 öfver
360 1310 58 22 hans
443 1310 69 22 andra
535 1310 207 30 tjensteförseelser
764 1318 53 21 eger

67 1344 117 22 domsrätt.

134 1378 126 21 Förmenar
289 1378 116 28 sakegare,
435 1380 34 20 att
491 1379 84 21 honom
598 1378 26 22 af
644 1378 95 22 embets-
761 1379 56 21 eller

67 1411 139 31 tjensteman
222 1411 120 23 meddelad
356 1411 121 23 föreskrift
491 1420 37 14 om
543 1412 241 30 stämpelbeläggning
794 1414 25 21 af
