<?xml version="1.0" encoding="UTF-8"?>
<alto xmlns="http://www.loc.gov/standards/alto/ns-v3#" xmlns:xlink="http://www.w3.org/1999/xlink" xmlns:xsi="http://www.w3.org/2001/XMLSchema-instance" xsi:schemaLocation="http://www.loc.gov/standards/alto/ns-v3# http://www.loc.gov/alto/v3/alto-3-0.xsd">
	<Description>
		<MeasurementUnit>pixel</MeasurementUnit>
		<sourceImageInformation>
			<fileName>/tmp/tess_yp5jbd9t_input.PNG</fileName>
		</sourceImageInformation>
		<OCRProcessing ID="OCR_0">
			<ocrProcessingStep>
				<processingSoftware>
					<softwareName>tesseract 5.3.4</softwareName>
				</processingSoftware>
			</ocrProcessingStep>
		</OCRProcessing>
	</Description>
	<Layout>
		<Page WIDTH="1050" HEIGHT="1711" PHYSICAL_IMG_NR="0" ID="page_0">
			<PrintSpace HPOS="0" VPOS="0" WIDTH="1050" HEIGHT="1711">
				<ComposedBlock ID="cblock_0" HPOS="362" VPOS="131" WIDTH="388" HEIGHT="28">
					<TextBlock ID="block_0" HPOS="362" VPOS="131" WIDTH="388" HEIGHT="28">
						<TextLine ID="line_0" HPOS="362" VPOS="131" WIDTH="388" HEIGHT="28">
							<String ID="string_0" HPOS="362" VPOS="131" WIDTH="85" HEIGHT="22" WC="0.92" CONTENT="Ständ."/><SP WIDTH="16" VPOS="131" HPOS="447"/>
							<String ID="string_1" HPOS="463" VPOS="131" WIDTH="39" HEIGHT="22" WC="0.93" CONTENT="Sv."/><SP WIDTH="17" VPOS="131" HPOS="502"/>
							<String ID="string_2" HPOS="519" VPOS="144" WIDTH="26" HEIGHT="3" WC="0.93" CONTENT="—"/><SP WIDTH="16" VPOS="144" HPOS="545"/>
							<String ID="string_3" HPOS="561" VPOS="131" WIDTH="76" HEIGHT="28" WC="0.95" CONTENT="Prop."/><SP WIDTH="16" VPOS="131" HPOS="637"/>
							<String ID="string_4" HPOS="653" VPOS="131" WIDTH="45" HEIGHT="22" WC="0.96" CONTENT="N:o"/><SP WIDTH="16" VPOS="131" HPOS="698"/>
							<String ID="string_5" HPOS="714" VPOS="131" WIDTH="36" HEIGHT="22" WC="0.96" CONTENT="13."/>
						</TextLine>
					</TextBlock>
				</ComposedBlock>
				<ComposedBlock ID="cblock_1" HPOS="388" VPOS="198" WIDTH="554" HEIGHT="198">
					<TextBlock ID="block_1" HPOS="388" VPOS="198" WIDTH="554" HEIGHT="198">
						<TextLine ID="line_1" HPOS="390" VPOS="198" WIDTH="548" HEIGHT="27">
							<String ID="string_6" HPOS="390" VPOS="199" WIDTH="104" HEIGHT="26" WC="0.91" CONTENT="skrifven,"/><SP WIDTH="16" VPOS="199" HPOS="494"/>
							<String ID="string_7" HPOS="510" VPOS="198" WIDTH="54" HEIGHT="27" WC="0.93" CONTENT="efter"/><SP WIDTH="16" VPOS="198" HPOS="564"/>
							<String ID="string_8" HPOS="580" VPOS="198" WIDTH="141" HEIGHT="27" WC="0.92" CONTENT="läntagarens"/><SP WIDTH="12" VPOS="198" HPOS="721"/>
							<String ID="string_9" HPOS="733" VPOS="199" WIDTH="85" HEIGHT="20" WC="0.92" CONTENT="önskan"/><SP WIDTH="11" VPOS="199" HPOS="818"/>
							<String ID="string_10" HPOS="829" VPOS="199" WIDTH="35" HEIGHT="20" WC="0.92" CONTENT="till"/><SP WIDTH="9" VPOS="199" HPOS="864"/>
							<String ID="string_11" HPOS="873" VPOS="198" WIDTH="65" HEIGHT="21" WC="0.91" CONTENT="inne-"/>
						</TextLine>
						<TextLine ID="line_2" HPOS="391" VPOS="232" WIDTH="550" HEIGHT="27">
							<String ID="string_12" HPOS="391" VPOS="232" WIDTH="109" HEIGHT="27" WC="0.92" CONTENT="hafvaren"/><SP WIDTH="30" VPOS="232" HPOS="500"/>
							<String ID="string_13" HPOS="530" VPOS="232" WIDTH="50" HEIGHT="21" WC="0.71" CONTENT="eller"/><SP WIDTH="28" VPOS="232" HPOS="580"/>
							<String ID="string_14" HPOS="608" VPOS="232" WIDTH="147" HEIGHT="27" WC="0.90" CONTENT="namngifven"/><SP WIDTH="22" VPOS="232" HPOS="755"/>
							<String ID="string_15" HPOS="777" VPOS="239" WIDTH="82" HEIGHT="20" WC="0.92" CONTENT="person"/><SP WIDTH="24" VPOS="239" HPOS="859"/>
							<String ID="string_16" HPOS="883" VPOS="232" WIDTH="58" HEIGHT="21" WC="0.92" CONTENT="stäld"/>
						</TextLine>
						<TextLine ID="line_3" HPOS="388" VPOS="266" WIDTH="553" HEIGHT="28">
							<String ID="string_17" HPOS="388" VPOS="266" WIDTH="120" HEIGHT="27" WC="0.91" CONTENT="pantsedel,"/><SP WIDTH="16" VPOS="266" HPOS="508"/>
							<String ID="string_18" HPOS="524" VPOS="266" WIDTH="139" HEIGHT="28" WC="0.91" CONTENT="upptagande"/><SP WIDTH="15" VPOS="266" HPOS="663"/>
							<String ID="string_19" HPOS="678" VPOS="266" WIDTH="71" HEIGHT="21" WC="0.91" CONTENT="länets"/><SP WIDTH="16" VPOS="266" HPOS="749"/>
							<String ID="string_20" HPOS="765" VPOS="266" WIDTH="103" HEIGHT="27" WC="0.91" CONTENT="bokförda"/><SP WIDTH="7" VPOS="266" HPOS="868"/>
							<String ID="string_21" HPOS="875" VPOS="273" WIDTH="66" HEIGHT="14" WC="0.91" CONTENT="num-"/>
						</TextLine>
						<TextLine ID="line_4" HPOS="391" VPOS="299" WIDTH="550" HEIGHT="28">
							<String ID="string_22" HPOS="391" VPOS="306" WIDTH="53" HEIGHT="19" WC="0.96" CONTENT="mer,"/><SP WIDTH="22" VPOS="306" HPOS="444"/>
							<String ID="string_23" HPOS="466" VPOS="300" WIDTH="69" HEIGHT="27" WC="0.17" CONTENT="dagen"/><SP WIDTH="22" VPOS="300" HPOS="535"/>
							<String ID="string_24" HPOS="557" VPOS="300" WIDTH="36" HEIGHT="27" WC="0.93" CONTENT="för"/><SP WIDTH="17" VPOS="300" HPOS="593"/>
							<String ID="string_25" HPOS="610" VPOS="300" WIDTH="70" HEIGHT="20" WC="0.90" CONTENT="länets"/><SP WIDTH="15" VPOS="300" HPOS="680"/>
							<String ID="string_26" HPOS="695" VPOS="299" WIDTH="137" HEIGHT="28" WC="0.69" CONTENT="utgifvande,"/><SP WIDTH="12" VPOS="299" HPOS="832"/>
							<String ID="string_27" HPOS="844" VPOS="302" WIDTH="97" HEIGHT="25" WC="0.92" CONTENT="pantens"/>
						</TextLine>
						<TextLine ID="line_5" HPOS="392" VPOS="334" WIDTH="550" HEIGHT="28">
							<String ID="string_28" HPOS="392" VPOS="334" WIDTH="151" HEIGHT="27" WC="0.93" CONTENT="beskaffenhet,"/><SP WIDTH="12" VPOS="334" HPOS="543"/>
							<String ID="string_29" HPOS="555" VPOS="334" WIDTH="148" HEIGHT="28" WC="0.92" CONTENT="länebeloppet"/><SP WIDTH="9" VPOS="334" HPOS="703"/>
							<String ID="string_30" HPOS="712" VPOS="336" WIDTH="59" HEIGHT="19" WC="0.93" CONTENT="samt"/><SP WIDTH="8" VPOS="336" HPOS="771"/>
							<String ID="string_31" HPOS="779" VPOS="334" WIDTH="163" HEIGHT="28" WC="0.96" CONTENT="förfallodagen"/>
						</TextLine>
						<TextLine ID="line_6" HPOS="392" VPOS="368" WIDTH="341" HEIGHT="28">
							<String ID="string_32" HPOS="392" VPOS="368" WIDTH="38" HEIGHT="21" WC="0.96" CONTENT="och"/><SP WIDTH="16" VPOS="368" HPOS="430"/>
							<String ID="string_33" HPOS="446" VPOS="368" WIDTH="72" HEIGHT="28" WC="0.96" CONTENT="öfriga"/><SP WIDTH="14" VPOS="368" HPOS="518"/>
							<String ID="string_34" HPOS="532" VPOS="368" WIDTH="71" HEIGHT="22" WC="0.96" CONTENT="vilkor"/><SP WIDTH="14" VPOS="368" HPOS="603"/>
							<String ID="string_35" HPOS="617" VPOS="368" WIDTH="36" HEIGHT="28" WC="0.93" CONTENT="för"/><SP WIDTH="15" VPOS="368" HPOS="653"/>
							<String ID="string_36" HPOS="668" VPOS="368" WIDTH="65" HEIGHT="22" WC="0.96" CONTENT="lånet."/>
						</TextLine>
					</TextBlock>
				</ComposedBlock>
				<ComposedBlock ID="cblock_2" HPOS="392" VPOS="443" WIDTH="550" HEIGHT="140">
					<TextBlock ID="block_2" HPOS="643" VPOS="443" WIDTH="48" HEIGHT="26">
						<TextLine ID="line_7" HPOS="643" VPOS="443" WIDTH="48" HEIGHT="26">
							<String ID="string_37" HPOS="643" VPOS="443" WIDTH="14" HEIGHT="19" WC="0.85" CONTENT="4"/><SP WIDTH="15" VPOS="443" HPOS="657"/>
							<String ID="string_38" HPOS="672" VPOS="443" WIDTH="19" HEIGHT="26" WC="0.85" CONTENT="$."/>
						</TextLine>
					</TextBlock>
					<TextBlock ID="block_3" HPOS="392" VPOS="487" WIDTH="550" HEIGHT="96">
						<TextLine ID="line_8" HPOS="461" VPOS="487" WIDTH="480" HEIGHT="27">
							<String ID="string_39" HPOS="461" VPOS="487" WIDTH="104" HEIGHT="22" WC="0.89" CONTENT="Hvarken"/><SP WIDTH="22" VPOS="487" HPOS="565"/>
							<String ID="string_40" HPOS="587" VPOS="489" WIDTH="67" HEIGHT="19" WC="0.94" CONTENT="ränta"/><SP WIDTH="22" VPOS="489" HPOS="654"/>
							<String ID="string_41" HPOS="676" VPOS="487" WIDTH="52" HEIGHT="21" WC="0.96" CONTENT="eller"/><SP WIDTH="21" VPOS="487" HPOS="728"/>
							<String ID="string_42" HPOS="749" VPOS="487" WIDTH="72" HEIGHT="21" WC="0.93" CONTENT="andra"/><SP WIDTH="23" VPOS="487" HPOS="821"/>
							<String ID="string_43" HPOS="844" VPOS="487" WIDTH="97" HEIGHT="27" WC="0.86" CONTENT="afgifter,"/>
						</TextLine>
						<TextLine ID="line_9" HPOS="392" VPOS="521" WIDTH="550" HEIGHT="28">
							<String ID="string_44" HPOS="392" VPOS="528" WIDTH="48" HEIGHT="14" WC="0.96" CONTENT="som"/><SP WIDTH="22" VPOS="528" HPOS="440"/>
							<String ID="string_45" HPOS="462" VPOS="521" WIDTH="28" HEIGHT="28" WC="0.93" CONTENT="af"/><SP WIDTH="16" VPOS="521" HPOS="490"/>
							<String ID="string_46" HPOS="506" VPOS="521" WIDTH="193" HEIGHT="28" WC="0.83" CONTENT="pantläneanstalt"/><SP WIDTH="21" VPOS="521" HPOS="699"/>
							<String ID="string_47" HPOS="720" VPOS="521" WIDTH="98" HEIGHT="28" WC="0.92" CONTENT="betingas"/><SP WIDTH="22" VPOS="521" HPOS="818"/>
							<String ID="string_48" HPOS="840" VPOS="521" WIDTH="36" HEIGHT="28" WC="0.95" CONTENT="för"/><SP WIDTH="21" VPOS="521" HPOS="876"/>
							<String ID="string_49" HPOS="897" VPOS="521" WIDTH="45" HEIGHT="26" WC="0.96" CONTENT="län,"/>
						</TextLine>
						<TextLine ID="line_10" HPOS="392" VPOS="555" WIDTH="466" HEIGHT="28">
							<String ID="string_50" HPOS="392" VPOS="555" WIDTH="38" HEIGHT="21" WC="0.96" CONTENT="mä"/><SP WIDTH="15" VPOS="555" HPOS="430"/>
							<String ID="string_51" HPOS="445" VPOS="555" WIDTH="29" HEIGHT="27" WC="0.93" CONTENT="af"/><SP WIDTH="11" VPOS="555" HPOS="474"/>
							<String ID="string_52" HPOS="485" VPOS="556" WIDTH="111" HEIGHT="21" WC="0.93" CONTENT="anstalten"/><SP WIDTH="14" VPOS="556" HPOS="596"/>
							<String ID="string_53" HPOS="610" VPOS="556" WIDTH="10" HEIGHT="20" WC="0.92" CONTENT="i"/><SP WIDTH="14" VPOS="556" HPOS="620"/>
							<String ID="string_54" HPOS="634" VPOS="556" WIDTH="93" HEIGHT="27" WC="0.89" CONTENT="förskott"/><SP WIDTH="13" VPOS="556" HPOS="727"/>
							<String ID="string_55" HPOS="740" VPOS="555" WIDTH="118" HEIGHT="28" WC="0.87" CONTENT="uppdäras."/>
						</TextLine>
					</TextBlock>
				</ComposedBlock>
				<ComposedBlock ID="cblock_3" HPOS="388" VPOS="630" WIDTH="557" HEIGHT="414">
					<TextBlock ID="block_4" HPOS="644" VPOS="630" WIDTH="50" HEIGHT="27">
						<TextLine ID="line_11" HPOS="644" VPOS="630" WIDTH="50" HEIGHT="27">
							<String ID="string_56" HPOS="644" VPOS="631" WIDTH="15" HEIGHT="19" WC="0.87" CONTENT="5"/><SP WIDTH="14" VPOS="631" HPOS="659"/>
							<String ID="string_57" HPOS="673" VPOS="630" WIDTH="21" HEIGHT="27" WC="0.87" CONTENT="$."/>
						</TextLine>
					</TextBlock>
					<TextBlock ID="block_5" HPOS="388" VPOS="675" WIDTH="557" HEIGHT="369">
						<TextLine ID="line_12" HPOS="463" VPOS="675" WIDTH="481" HEIGHT="29">
							<String ID="string_58" HPOS="463" VPOS="675" WIDTH="160" HEIGHT="29" WC="0.85" CONTENT="Förfallotiden"/><SP WIDTH="21" VPOS="675" HPOS="623"/>
							<String ID="string_59" HPOS="644" VPOS="676" WIDTH="37" HEIGHT="27" WC="0.96" CONTENT="för"/><SP WIDTH="22" VPOS="676" HPOS="681"/>
							<String ID="string_60" HPOS="703" VPOS="676" WIDTH="39" HEIGHT="21" WC="0.96" CONTENT="län"/><SP WIDTH="19" VPOS="676" HPOS="742"/>
							<String ID="string_61" HPOS="761" VPOS="678" WIDTH="57" HEIGHT="19" WC="0.96" CONTENT="emot"/><SP WIDTH="15" VPOS="678" HPOS="818"/>
							<String ID="string_62" HPOS="833" VPOS="678" WIDTH="60" HEIGHT="26" WC="0.93" CONTENT="pant"/><SP WIDTH="13" VPOS="678" HPOS="893"/>
							<String ID="string_63" HPOS="906" VPOS="676" WIDTH="38" HEIGHT="28" WC="0.96" CONTENT="får"/>
						</TextLine>
						<TextLine ID="line_13" HPOS="394" VPOS="710" WIDTH="550" HEIGHT="28">
							<String ID="string_64" HPOS="394" VPOS="710" WIDTH="20" HEIGHT="28" WC="0.93" CONTENT="ej"/><SP WIDTH="14" VPOS="710" HPOS="414"/>
							<String ID="string_65" HPOS="428" VPOS="712" WIDTH="95" HEIGHT="19" WC="0.95" CONTENT="utsättas"/><SP WIDTH="14" VPOS="712" HPOS="523"/>
							<String ID="string_66" HPOS="537" VPOS="712" WIDTH="32" HEIGHT="19" WC="0.92" CONTENT="att"/><SP WIDTH="14" VPOS="712" HPOS="569"/>
							<String ID="string_67" HPOS="583" VPOS="710" WIDTH="83" HEIGHT="28" WC="0.96" CONTENT="infalla"/><SP WIDTH="15" VPOS="710" HPOS="666"/>
							<String ID="string_68" HPOS="681" VPOS="710" WIDTH="93" HEIGHT="28" WC="0.95" CONTENT="tidigare"/><SP WIDTH="15" VPOS="710" HPOS="774"/>
							<String ID="string_69" HPOS="789" VPOS="712" WIDTH="31" HEIGHT="19" WC="0.93" CONTENT="än"/><SP WIDTH="14" VPOS="712" HPOS="820"/>
							<String ID="string_70" HPOS="834" VPOS="710" WIDTH="53" HEIGHT="28" WC="0.93" CONTENT="fyra"/><SP WIDTH="9" VPOS="710" HPOS="887"/>
							<String ID="string_71" HPOS="896" VPOS="710" WIDTH="48" HEIGHT="21" WC="0.93" CONTENT="mä-"/>
						</TextLine>
						<TextLine ID="line_14" HPOS="392" VPOS="744" WIDTH="552" HEIGHT="28">
							<String ID="string_72" HPOS="392" VPOS="744" WIDTH="70" HEIGHT="21" WC="0.96" CONTENT="nader"/><SP WIDTH="10" VPOS="744" HPOS="462"/>
							<String ID="string_73" HPOS="472" VPOS="744" WIDTH="54" HEIGHT="27" WC="0.92" CONTENT="efter"/><SP WIDTH="8" VPOS="744" HPOS="526"/>
							<String ID="string_74" HPOS="534" VPOS="744" WIDTH="70" HEIGHT="21" WC="0.92" CONTENT="länets"/><SP WIDTH="7" VPOS="744" HPOS="604"/>
							<String ID="string_75" HPOS="611" VPOS="744" WIDTH="136" HEIGHT="27" WC="0.75" CONTENT="utgifvande,"/><SP WIDTH="8" VPOS="744" HPOS="747"/>
							<String ID="string_76" HPOS="755" VPOS="751" WIDTH="51" HEIGHT="14" WC="0.93" CONTENT="men"/><SP WIDTH="8" VPOS="751" HPOS="806"/>
							<String ID="string_77" HPOS="814" VPOS="744" WIDTH="130" HEIGHT="28" WC="0.96" CONTENT="låntagaren"/>
						</TextLine>
						<TextLine ID="line_15" HPOS="392" VPOS="778" WIDTH="551" HEIGHT="28">
							<String ID="string_78" HPOS="392" VPOS="785" WIDTH="51" HEIGHT="14" WC="0.89" CONTENT="vare"/><SP WIDTH="23" VPOS="785" HPOS="443"/>
							<String ID="string_79" HPOS="466" VPOS="778" WIDTH="95" HEIGHT="28" WC="0.89" CONTENT="obetaget"/><SP WIDTH="18" VPOS="778" HPOS="561"/>
							<String ID="string_80" HPOS="579" VPOS="780" WIDTH="33" HEIGHT="19" WC="0.93" CONTENT="att"/><SP WIDTH="14" VPOS="780" HPOS="612"/>
							<String ID="string_81" HPOS="626" VPOS="778" WIDTH="66" HEIGHT="27" WC="0.91" CONTENT="äfven"/><SP WIDTH="15" VPOS="778" HPOS="692"/>
							<String ID="string_82" HPOS="707" VPOS="778" WIDTH="150" HEIGHT="28" WC="0.91" CONTENT="därförinnan"/><SP WIDTH="15" VPOS="778" HPOS="857"/>
							<String ID="string_83" HPOS="872" VPOS="779" WIDTH="71" HEIGHT="20" WC="0.87" CONTENT="utlösa"/>
						</TextLine>
						<TextLine ID="line_16" HPOS="389" VPOS="812" WIDTH="555" HEIGHT="28">
							<String ID="string_84" HPOS="389" VPOS="814" WIDTH="86" HEIGHT="26" WC="0.91" CONTENT="panten"/><SP WIDTH="30" VPOS="814" HPOS="475"/>
							<String ID="string_85" HPOS="505" VPOS="814" WIDTH="46" HEIGHT="20" WC="0.89" CONTENT="mot"/><SP WIDTH="27" VPOS="814" HPOS="551"/>
							<String ID="string_86" HPOS="578" VPOS="812" WIDTH="141" HEIGHT="21" WC="0.89" CONTENT="inbetalande"/><SP WIDTH="26" VPOS="812" HPOS="719"/>
							<String ID="string_87" HPOS="745" VPOS="812" WIDTH="29" HEIGHT="28" WC="0.90" CONTENT="af"/><SP WIDTH="24" VPOS="812" HPOS="774"/>
							<String ID="string_88" HPOS="798" VPOS="812" WIDTH="146" HEIGHT="28" WC="0.86" CONTENT="länebeloppet"/>
						</TextLine>
						<TextLine ID="line_17" HPOS="388" VPOS="846" WIDTH="557" HEIGHT="28">
							<String ID="string_89" HPOS="388" VPOS="846" WIDTH="72" HEIGHT="27" WC="0.65" CONTENT="Jjämte"/><SP WIDTH="22" VPOS="846" HPOS="460"/>
							<String ID="string_90" HPOS="482" VPOS="847" WIDTH="114" HEIGHT="27" WC="0.92" CONTENT="upplupen"/><SP WIDTH="15" VPOS="847" HPOS="596"/>
							<String ID="string_91" HPOS="611" VPOS="848" WIDTH="66" HEIGHT="19" WC="0.95" CONTENT="ränta"/><SP WIDTH="15" VPOS="848" HPOS="677"/>
							<String ID="string_92" HPOS="692" VPOS="846" WIDTH="39" HEIGHT="21" WC="0.93" CONTENT="och"/><SP WIDTH="15" VPOS="846" HPOS="731"/>
							<String ID="string_93" HPOS="746" VPOS="846" WIDTH="73" HEIGHT="28" WC="0.96" CONTENT="öfriga"/><SP WIDTH="15" VPOS="846" HPOS="819"/>
							<String ID="string_94" HPOS="834" VPOS="846" WIDTH="36" HEIGHT="27" WC="0.93" CONTENT="för"/><SP WIDTH="16" VPOS="846" HPOS="870"/>
							<String ID="string_95" HPOS="886" VPOS="846" WIDTH="59" HEIGHT="21" WC="0.96" CONTENT="lånet"/>
						</TextLine>
						<TextLine ID="line_18" HPOS="394" VPOS="880" WIDTH="550" HEIGHT="29">
							<String ID="string_96" HPOS="394" VPOS="880" WIDTH="148" HEIGHT="28" WC="0.55" CONTENT="Willäfventyrs"/><SP WIDTH="25" VPOS="880" HPOS="542"/>
							<String ID="string_97" HPOS="567" VPOS="881" WIDTH="112" HEIGHT="27" WC="0.91" CONTENT="betingade"/><SP WIDTH="22" VPOS="881" HPOS="679"/>
							<String ID="string_98" HPOS="701" VPOS="880" WIDTH="104" HEIGHT="29" WC="0.88" CONTENT="afgifter;"/><SP WIDTH="26" VPOS="880" HPOS="805"/>
							<String ID="string_99" HPOS="831" VPOS="881" WIDTH="52" HEIGHT="21" WC="0.94" CONTENT="dock"/><SP WIDTH="22" VPOS="881" HPOS="883"/>
							<String ID="string_100" HPOS="905" VPOS="882" WIDTH="39" HEIGHT="25" WC="0.95" CONTENT="att,"/>
						</TextLine>
						<TextLine ID="line_19" HPOS="393" VPOS="915" WIDTH="551" HEIGHT="26">
							<String ID="string_101" HPOS="393" VPOS="921" WIDTH="34" HEIGHT="14" WC="0.92" CONTENT="om"/><SP WIDTH="20" VPOS="921" HPOS="427"/>
							<String ID="string_102" HPOS="447" VPOS="915" WIDTH="223" HEIGHT="26" WC="0.91" CONTENT="pantläneanstalten"/><SP WIDTH="20" VPOS="915" HPOS="670"/>
							<String ID="string_103" HPOS="690" VPOS="915" WIDTH="35" HEIGHT="20" WC="0.93" CONTENT="det"/><SP WIDTH="12" VPOS="915" HPOS="725"/>
							<String ID="string_104" HPOS="737" VPOS="915" WIDTH="71" HEIGHT="26" WC="0.92" CONTENT="äskar,"/><SP WIDTH="16" VPOS="915" HPOS="808"/>
							<String ID="string_105" HPOS="824" VPOS="917" WIDTH="66" HEIGHT="18" WC="0.91" CONTENT="ränta"/><SP WIDTH="16" VPOS="917" HPOS="890"/>
							<String ID="string_106" HPOS="906" VPOS="915" WIDTH="38" HEIGHT="21" WC="0.95" CONTENT="och"/>
						</TextLine>
						<TextLine ID="line_20" HPOS="393" VPOS="949" WIDTH="551" HEIGHT="28">
							<String ID="string_107" HPOS="393" VPOS="949" WIDTH="73" HEIGHT="27" WC="0.93" CONTENT="öfriga"/><SP WIDTH="22" VPOS="949" HPOS="466"/>
							<String ID="string_108" HPOS="488" VPOS="949" WIDTH="142" HEIGHT="28" WC="0.92" CONTENT="läneafgifter"/><SP WIDTH="15" VPOS="949" HPOS="630"/>
							<String ID="string_109" HPOS="645" VPOS="949" WIDTH="99" HEIGHT="28" WC="0.96" CONTENT="erläggas"/><SP WIDTH="15" VPOS="949" HPOS="744"/>
							<String ID="string_110" HPOS="759" VPOS="949" WIDTH="135" HEIGHT="21" WC="0.96" CONTENT="åtminstone"/><SP WIDTH="14" VPOS="949" HPOS="894"/>
							<String ID="string_111" HPOS="908" VPOS="949" WIDTH="36" HEIGHT="27" WC="0.94" CONTENT="för"/>
						</TextLine>
						<TextLine ID="line_21" HPOS="394" VPOS="983" WIDTH="551" HEIGHT="28">
							<String ID="string_112" HPOS="394" VPOS="983" WIDTH="36" HEIGHT="20" WC="0.96" CONTENT="två"/><SP WIDTH="23" VPOS="983" HPOS="430"/>
							<String ID="string_113" HPOS="453" VPOS="983" WIDTH="106" HEIGHT="21" WC="0.96" CONTENT="månader"/><SP WIDTH="22" VPOS="983" HPOS="559"/>
							<String ID="string_114" HPOS="581" VPOS="983" WIDTH="38" HEIGHT="21" WC="0.96" CONTENT="och"/><SP WIDTH="21" VPOS="983" HPOS="619"/>
							<String ID="string_115" HPOS="640" VPOS="983" WIDTH="10" HEIGHT="20" WC="0.93" CONTENT="i"/><SP WIDTH="15" VPOS="983" HPOS="650"/>
							<String ID="string_116" HPOS="665" VPOS="983" WIDTH="74" HEIGHT="28" WC="0.96" CONTENT="hvarje"/><SP WIDTH="16" VPOS="983" HPOS="739"/>
							<String ID="string_117" HPOS="755" VPOS="983" WIDTH="43" HEIGHT="28" WC="0.96" CONTENT="fall"/><SP WIDTH="14" VPOS="983" HPOS="798"/>
							<String ID="string_118" HPOS="812" VPOS="984" WIDTH="49" HEIGHT="21" WC="0.96" CONTENT="med"/><SP WIDTH="14" VPOS="984" HPOS="861"/>
							<String ID="string_119" HPOS="875" VPOS="983" WIDTH="70" HEIGHT="22" WC="0.96" CONTENT="minst"/>
						</TextLine>
						<TextLine ID="line_22" HPOS="394" VPOS="1017" WIDTH="120" HEIGHT="27">
							<String ID="string_120" HPOS="394" VPOS="1017" WIDTH="31" HEIGHT="20" WC="0.93" CONTENT="tio"/><SP WIDTH="12" VPOS="1017" HPOS="425"/>
							<String ID="string_121" HPOS="437" VPOS="1017" WIDTH="77" HEIGHT="27" WC="0.88" CONTENT="penni."/>
						</TextLine>
					</TextBlock>
				</ComposedBlock>
				<ComposedBlock ID="cblock_4" HPOS="394" VPOS="1080" WIDTH="552" HEIGHT="380">
					<TextBlock ID="block_6" HPOS="644" VPOS="1080" WIDTH="49" HEIGHT="27">
						<TextLine ID="line_23" HPOS="644" VPOS="1080" WIDTH="49" HEIGHT="27">
							<String ID="string_122" HPOS="644" VPOS="1080" WIDTH="49" HEIGHT="27" WC="0.87" CONTENT="68."/>
						</TextLine>
					</TextBlock>
					<TextBlock ID="block_7" HPOS="394" VPOS="1123" WIDTH="552" HEIGHT="337">
						<TextLine ID="line_24" HPOS="462" VPOS="1123" WIDTH="480" HEIGHT="29">
							<String ID="string_123" HPOS="462" VPOS="1123" WIDTH="146" HEIGHT="21" WC="0.91" CONTENT="Försummar"/><SP WIDTH="21" VPOS="1123" HPOS="608"/>
							<String ID="string_124" HPOS="629" VPOS="1124" WIDTH="114" HEIGHT="27" WC="0.92" CONTENT="läntagare"/><SP WIDTH="22" VPOS="1124" HPOS="743"/>
							<String ID="string_125" HPOS="765" VPOS="1126" WIDTH="33" HEIGHT="19" WC="0.96" CONTENT="att"/><SP WIDTH="21" VPOS="1126" HPOS="798"/>
							<String ID="string_126" HPOS="819" VPOS="1125" WIDTH="61" HEIGHT="20" WC="0.93" CONTENT="inom"/><SP WIDTH="15" VPOS="1125" HPOS="880"/>
							<String ID="string_127" HPOS="895" VPOS="1124" WIDTH="47" HEIGHT="28" WC="0.92" CONTENT="för-"/>
						</TextLine>
						<TextLine ID="line_25" HPOS="394" VPOS="1158" WIDTH="549" HEIGHT="28">
							<String ID="string_128" HPOS="394" VPOS="1158" WIDTH="116" HEIGHT="27" WC="0.91" CONTENT="fallotiden"/><SP WIDTH="21" VPOS="1158" HPOS="510"/>
							<String ID="string_129" HPOS="531" VPOS="1158" WIDTH="72" HEIGHT="21" WC="0.90" CONTENT="utlösa"/><SP WIDTH="19" VPOS="1158" HPOS="603"/>
							<String ID="string_130" HPOS="622" VPOS="1160" WIDTH="91" HEIGHT="26" WC="0.91" CONTENT="panten,"/><SP WIDTH="24" VPOS="1160" HPOS="713"/>
							<String ID="string_131" HPOS="737" VPOS="1158" WIDTH="42" HEIGHT="22" WC="0.92" CONTENT="läte"/><SP WIDTH="12" VPOS="1158" HPOS="779"/>
							<String ID="string_132" HPOS="791" VPOS="1158" WIDTH="152" HEIGHT="28" WC="0.92" CONTENT="pantlänean-"/>
						</TextLine>
						<TextLine ID="line_26" HPOS="394" VPOS="1192" WIDTH="551" HEIGHT="28">
							<String ID="string_133" HPOS="394" VPOS="1192" WIDTH="80" HEIGHT="21" WC="0.92" CONTENT="stalten"/><SP WIDTH="22" VPOS="1192" HPOS="474"/>
							<String ID="string_134" HPOS="496" VPOS="1199" WIDTH="79" HEIGHT="21" WC="0.96" CONTENT="genom"/><SP WIDTH="23" VPOS="1199" HPOS="575"/>
							<String ID="string_135" HPOS="598" VPOS="1192" WIDTH="99" HEIGHT="28" WC="0.92" CONTENT="offentlig"/><SP WIDTH="16" VPOS="1192" HPOS="697"/>
							<String ID="string_136" HPOS="713" VPOS="1192" WIDTH="92" HEIGHT="22" WC="0.92" CONTENT="auktion"/><SP WIDTH="15" VPOS="1192" HPOS="805"/>
							<String ID="string_137" HPOS="820" VPOS="1192" WIDTH="14" HEIGHT="22" WC="0.88" CONTENT="å"/><SP WIDTH="14" VPOS="1192" HPOS="834"/>
							<String ID="string_138" HPOS="848" VPOS="1193" WIDTH="42" HEIGHT="21" WC="0.96" CONTENT="den"/><SP WIDTH="15" VPOS="1193" HPOS="890"/>
							<String ID="string_139" HPOS="905" VPOS="1195" WIDTH="40" HEIGHT="24" WC="0.96" CONTENT="ort,"/>
						</TextLine>
						<TextLine ID="line_27" HPOS="394" VPOS="1226" WIDTH="548" HEIGHT="28">
							<String ID="string_140" HPOS="394" VPOS="1226" WIDTH="41" HEIGHT="21" WC="0.93" CONTENT="där"/><SP WIDTH="8" VPOS="1226" HPOS="435"/>
							<String ID="string_141" HPOS="443" VPOS="1226" WIDTH="204" HEIGHT="27" WC="0.92" CONTENT="pantlänerörelsen"/><SP WIDTH="11" VPOS="1226" HPOS="647"/>
							<String ID="string_142" HPOS="658" VPOS="1226" WIDTH="113" HEIGHT="28" WC="0.92" CONTENT="bedrifves,"/><SP WIDTH="10" VPOS="1226" HPOS="771"/>
							<String ID="string_143" HPOS="781" VPOS="1227" WIDTH="94" HEIGHT="27" WC="0.91" CONTENT="försälja"/><SP WIDTH="7" VPOS="1227" HPOS="875"/>
							<String ID="string_144" HPOS="882" VPOS="1234" WIDTH="60" HEIGHT="20" WC="0.91" CONTENT="pan-"/>
						</TextLine>
						<TextLine ID="line_28" HPOS="395" VPOS="1260" WIDTH="550" HEIGHT="26">
							<String ID="string_145" HPOS="395" VPOS="1261" WIDTH="36" HEIGHT="19" WC="0.96" CONTENT="ten"/><SP WIDTH="16" VPOS="1261" HPOS="431"/>
							<String ID="string_146" HPOS="447" VPOS="1260" WIDTH="34" HEIGHT="20" WC="0.93" CONTENT="till"/><SP WIDTH="16" VPOS="1260" HPOS="481"/>
							<String ID="string_147" HPOS="497" VPOS="1260" WIDTH="127" HEIGHT="20" WC="0.75" CONTENT="betäckande"/><SP WIDTH="10" VPOS="1260" HPOS="624"/>
							<String ID="string_148" HPOS="634" VPOS="1260" WIDTH="28" HEIGHT="26" WC="0.96" CONTENT="af"/><SP WIDTH="7" VPOS="1260" HPOS="662"/>
							<String ID="string_149" HPOS="669" VPOS="1260" WIDTH="37" HEIGHT="20" WC="0.93" CONTENT="sin"/><SP WIDTH="10" VPOS="1260" HPOS="706"/>
							<String ID="string_150" HPOS="716" VPOS="1260" WIDTH="94" HEIGHT="26" WC="0.96" CONTENT="fordran"/><SP WIDTH="10" VPOS="1260" HPOS="810"/>
							<String ID="string_151" HPOS="820" VPOS="1261" WIDTH="49" HEIGHT="20" WC="0.92" CONTENT="med"/><SP WIDTH="9" VPOS="1261" HPOS="869"/>
							<String ID="string_152" HPOS="878" VPOS="1262" WIDTH="67" HEIGHT="19" WC="0.96" CONTENT="ränta"/>
						</TextLine>
						<TextLine ID="line_29" HPOS="395" VPOS="1293" WIDTH="548" HEIGHT="28">
							<String ID="string_153" HPOS="395" VPOS="1293" WIDTH="39" HEIGHT="21" WC="0.96" CONTENT="och"/><SP WIDTH="22" VPOS="1293" HPOS="434"/>
							<String ID="string_154" HPOS="456" VPOS="1293" WIDTH="73" HEIGHT="27" WC="0.95" CONTENT="öfriga"/><SP WIDTH="21" VPOS="1293" HPOS="529"/>
							<String ID="string_155" HPOS="550" VPOS="1293" WIDTH="126" HEIGHT="26" WC="0.96" CONTENT="kostnader;"/><SP WIDTH="23" VPOS="1293" HPOS="676"/>
							<String ID="string_156" HPOS="699" VPOS="1294" WIDTH="39" HEIGHT="20" WC="0.93" CONTENT="och"/><SP WIDTH="23" VPOS="1294" HPOS="738"/>
							<String ID="string_157" HPOS="761" VPOS="1300" WIDTH="50" HEIGHT="15" WC="0.93" CONTENT="vare"/><SP WIDTH="11" VPOS="1300" HPOS="811"/>
							<String ID="string_158" HPOS="822" VPOS="1294" WIDTH="121" HEIGHT="27" WC="0.48" CONTENT="paniläne-"/>
						</TextLine>
						<TextLine ID="line_30" HPOS="394" VPOS="1327" WIDTH="551" HEIGHT="29">
							<String ID="string_159" HPOS="394" VPOS="1327" WIDTH="112" HEIGHT="21" WC="0.95" CONTENT="anstalten"/><SP WIDTH="28" VPOS="1327" HPOS="506"/>
							<String ID="string_160" HPOS="534" VPOS="1327" WIDTH="79" HEIGHT="21" WC="0.70" CONTENT="härvid"/><SP WIDTH="24" VPOS="1327" HPOS="613"/>
							<String ID="string_161" HPOS="637" VPOS="1328" WIDTH="21" HEIGHT="27" WC="0.81" CONTENT="ej"/><SP WIDTH="22" VPOS="1328" HPOS="658"/>
							<String ID="string_162" HPOS="680" VPOS="1328" WIDTH="85" HEIGHT="28" WC="0.96" CONTENT="skyldig"/><SP WIDTH="26" VPOS="1328" HPOS="765"/>
							<String ID="string_163" HPOS="791" VPOS="1329" WIDTH="32" HEIGHT="20" WC="0.93" CONTENT="att"/><SP WIDTH="24" VPOS="1329" HPOS="823"/>
							<String ID="string_164" HPOS="847" VPOS="1328" WIDTH="98" HEIGHT="28" WC="0.86" CONTENT="iakttaga"/>
						</TextLine>
						<TextLine ID="line_31" HPOS="394" VPOS="1361" WIDTH="551" HEIGHT="30">
							<String ID="string_165" HPOS="394" VPOS="1361" WIDTH="168" HEIGHT="28" WC="0.96" CONTENT="föreskrifterna"/><SP WIDTH="21" VPOS="1361" HPOS="562"/>
							<String ID="string_166" HPOS="583" VPOS="1362" WIDTH="9" HEIGHT="20" WC="0.96" CONTENT="i"/><SP WIDTH="25" VPOS="1362" HPOS="592"/>
							<String ID="string_167" HPOS="617" VPOS="1363" WIDTH="29" HEIGHT="20" WC="0.94" CONTENT="10"/><SP WIDTH="20" VPOS="1363" HPOS="646"/>
							<String ID="string_168" HPOS="666" VPOS="1362" WIDTH="49" HEIGHT="28" WC="0.93" CONTENT="kap."/><SP WIDTH="24" VPOS="1362" HPOS="715"/>
							<String ID="string_169" HPOS="739" VPOS="1362" WIDTH="29" HEIGHT="22" WC="0.89" CONTENT="H."/><SP WIDTH="19" VPOS="1362" HPOS="768"/>
							<String ID="string_170" HPOS="787" VPOS="1362" WIDTH="27" HEIGHT="22" WC="0.93" CONTENT="B."/><SP WIDTH="15" VPOS="1362" HPOS="814"/>
							<String ID="string_171" HPOS="829" VPOS="1370" WIDTH="35" HEIGHT="14" WC="0.93" CONTENT="om"/><SP WIDTH="14" VPOS="1370" HPOS="864"/>
							<String ID="string_172" HPOS="878" VPOS="1365" WIDTH="67" HEIGHT="26" WC="0.91" CONTENT="pants"/>
						</TextLine>
						<TextLine ID="line_32" HPOS="394" VPOS="1396" WIDTH="551" HEIGHT="30">
							<String ID="string_173" HPOS="394" VPOS="1396" WIDTH="136" HEIGHT="28" WC="0.89" CONTENT="utbjudande"/><SP WIDTH="10" VPOS="1396" HPOS="530"/>
							<String ID="string_174" HPOS="540" VPOS="1396" WIDTH="39" HEIGHT="22" WC="0.96" CONTENT="och"/><SP WIDTH="7" VPOS="1396" HPOS="579"/>
							<String ID="string_175" HPOS="586" VPOS="1397" WIDTH="123" HEIGHT="27" WC="0.96" CONTENT="värdering."/><SP WIDTH="17" VPOS="1397" HPOS="709"/>
							<String ID="string_176" HPOS="726" VPOS="1396" WIDTH="76" HEIGHT="23" WC="0.96" CONTENT="Sådan"/><SP WIDTH="8" VPOS="1396" HPOS="802"/>
							<String ID="string_177" HPOS="810" VPOS="1398" WIDTH="135" HEIGHT="28" WC="0.95" CONTENT="försäljning"/>
						</TextLine>
						<TextLine ID="line_33" HPOS="395" VPOS="1429" WIDTH="551" HEIGHT="31">
							<String ID="string_178" HPOS="395" VPOS="1429" WIDTH="38" HEIGHT="22" WC="0.93" CONTENT="må"/><SP WIDTH="22" VPOS="1429" HPOS="433"/>
							<String ID="string_179" HPOS="455" VPOS="1430" WIDTH="45" HEIGHT="21" WC="0.93" CONTENT="icke"/><SP WIDTH="15" VPOS="1430" HPOS="500"/>
							<String ID="string_180" HPOS="515" VPOS="1431" WIDTH="127" HEIGHT="21" WC="0.96" CONTENT="verkställas"/><SP WIDTH="15" VPOS="1431" HPOS="642"/>
							<String ID="string_181" HPOS="657" VPOS="1431" WIDTH="79" HEIGHT="28" WC="0.96" CONTENT="förrän"/><SP WIDTH="15" VPOS="1431" HPOS="736"/>
							<String ID="string_182" HPOS="751" VPOS="1438" WIDTH="27" HEIGHT="15" WC="0.96" CONTENT="en"/><SP WIDTH="16" VPOS="1438" HPOS="778"/>
							<String ID="string_183" HPOS="794" VPOS="1431" WIDTH="83" HEIGHT="22" WC="0.95" CONTENT="månad"/><SP WIDTH="14" VPOS="1431" HPOS="877"/>
							<String ID="string_184" HPOS="891" VPOS="1431" WIDTH="55" HEIGHT="29" WC="0.95" CONTENT="efter"/>
						</TextLine>
					</TextBlock>
				</ComposedBlock>
			</PrintSpace>
		</Page>
	</Layout>
</alto>
