1039 1709
312 100 25 22 U.
353 100 24 22 B.
393 113 27 3 —
436 101 63 28 Prop.
515 100 37 23 N:o
570 100 32 23 15.
809 102 28 21 25

84 165 57 21 ville
155 164 142 24 underkasta
312 165 39 22 det
365 165 75 23 första
454 165 166 23 förordnandet
627 160 14 38 &
658 166 97 28 tjenster
769 166 26 21 af
802 174 36 14 se-

83 202 56 19 nast
159 200 101 22 nämnda
282 200 52 28 slag
355 199 169 30 stämpelafgift
545 199 60 23 efter
627 207 86 15 samma
734 200 103 29 grunder

85 240 49 15 som
149 233 171 23 förordnanden
331 229 10 38 &
364 234 103 29 tjenster,
482 234 99 22 tillsatta
595 234 38 22 för
654 234 83 26 lifstid,
753 235 25 21 sä
790 234 46 22 kan

84 267 39 22 det
138 268 52 22 icke
204 275 68 15 anses
287 268 80 28 billigt
381 270 36 20 att
431 268 82 28 stadga
524 276 29 14 en
563 268 95 22 likadan
674 268 163 29 stämpelskyl-

83 301 82 29 dighet
188 301 38 23 för
243 302 111 28 förnyadt
375 302 154 22 förordnande
549 303 13 21 &
585 302 78 28 tjenst,
686 302 37 22 till
739 302 97 22 hvilken

83 336 140 28 utnämning
234 336 53 22 sker
296 336 37 22 för
344 337 60 21 vissa
414 337 26 21 är
450 337 7 21 i
467 337 88 22 sender.
584 310 22 49 i
621 336 72 22 andra
708 336 66 22 sidan
789 336 47 22 kan

77 370 77 22 -sädan
169 371 73 28 tjenst
256 372 22 28 ej
294 371 72 22 heller
380 371 116 23 likställas
512 372 52 22 med
581 371 108 23 vikariat.
713 371 123 23 Utskottet

83 406 41 22 har
145 405 41 22 vid
208 405 83 23 sådant
312 405 144 23 förhållande
479 406 62 22 velat
563 413 84 22 genom
669 405 121 23 införande
812 405 27 23 af

82 441 73 27 några
176 440 85 29 tillägg
278 441 8 21 i
306 440 265 29 författningsförslaget
587 441 9 21 i
613 440 74 22 första
709 442 126 20 momentet

83 476 75 21 samti
166 475 72 21 slutet
252 474 74 22 under
341 474 150 28 afdelningen
506 475 22 22 A
538 474 86 22 föreslå
638 482 29 14 en
675 474 71 22 sådan
754 474 76 28 grund

82 509 37 23 för
134 509 161 29 debiteringen
307 508 27 24 af
343 509 169 29 stämpelafgift
521 509 37 22 för
568 509 172 23 förordnanden
751 509 14 21 &
775 509 60 29 tjen-

83 547 52 22 ster,
168 544 80 22 hvilka
270 543 229 29 författningsenligt
521 544 102 22 besättas
645 543 37 22 för
703 543 63 22 vissa
788 542 48 23 äri

83 578 88 28 sender,
186 581 36 19 att
236 578 58 22 slikt
308 578 162 28 förordnande,
486 578 29 22 dä
526 578 40 22 det
575 578 75 22 första
660 578 93 29 gängen
763 577 72 23 utfär-

83 614 47 28 das,
146 613 82 29 drager
248 612 98 30 stämpel
360 612 9 22 i
384 613 76 21 likhet
474 613 51 22 med
539 612 136 23 fullmakter
690 613 13 21 ä
718 612 73 29 tjenst
805 612 31 30 pä

82 647 82 28 lifstid,
180 655 52 15 men
248 646 109 29 deremot,
372 647 30 22 dä
416 647 40 22 det
470 647 102 30 förnyas,
588 647 82 23 endast
685 647 45 22 den
739 648 96 29 vanliga

82 682 37 22 för
133 682 116 29 utgäende
264 682 160 29 expeditioner
438 682 108 28 gällande
561 681 206 30 stämpelafgiften.

151 717 47 22 För
223 719 73 20 större
321 716 129 29 tydlighets
473 717 62 22 skull
555 716 70 23 hafva
648 716 71 22 orden
743 717 88 26 ,säsom

82 752 101 22 vikarie"
201 751 26 22 af
239 751 115 23 utskottet
369 751 122 29 inskjutits
506 752 9 21 i
529 751 74 23 första
618 754 127 19 momentet
761 751 75 23 under

82 786 151 29 afdelningen
254 786 28 27 B,
301 785 128 30 hvarjemte
444 786 115 22 utskottet
578 786 4 22 i
599 793 85 15 samma
700 786 61 28 syfte
777 786 59 23 före-

82 822 61 28 tagit
156 828 29 15 en
200 820 152 30 omflyttning
367 819 26 23 af
405 822 86 20 tvenne
506 823 109 25 moment,
632 820 81 23 hvilka
727 821 8 21 i
751 828 82 22 propo-

83 857 101 21 sitionen
204 855 56 29 ingå
281 854 75 23 under
376 854 29 29 B,
427 855 38 23 till
482 856 71 22 slutet
567 855 26 23 af
605 856 29 22 A.
663 855 87 23 Likaså
765 855 69 23 hafva

81 894 87 19 tvenne
189 892 103 20 moment
312 890 75 22 under
408 890 21 21 B
454 890 93 22 erhällit
568 898 77 14 annan
667 890 101 30 ordning
782 892 54 21 än
824 886 17 38 i

82 925 181 30 propositionen,
280 927 60 19 samt
354 924 162 28 ordalydelsen
529 926 8 21 i
548 925 58 22 sista
620 927 127 20 momentet
762 925 74 22 under

81 960 45 22 Bi
143 959 60 30 följd
225 959 26 22 af
271 959 28 23 de
321 958 124 30 företagna
467 960 207 28 omställningarna
695 960 72 28 något
789 960 47 22 för-

83 994 100 23 ändrats.

150 1029 42 23 Uti
214 1028 29 22 de
265 1028 113 22 särskilda
397 1031 131 20 momenten
543 1028 74 23 under
631 1028 110 22 rubriken
759 1029 75 27 ,Full-

82 1064 71 27 makt,
183 1063 168 23 förordnande"
377 1071 29 14 m.
432 1071 31 15 m.
485 1067 38 19 äro
553 1063 80 23 vidare
662 1063 171 23 nedanstående

83 1098 125 29 ändringar
223 1100 35 20 att
272 1098 88 22 märka:

151 1134 26 21 A.
208 1132 116 23 Fullmakt.

151 1168 19 28 e)
184 1167 37 22 Då
235 1168 9 21 i
258 1167 65 23 detta
345 1169 103 20 moment
469 1167 99 29 tidigare
590 1167 95 22 saknats
707 1166 127 30 stadgande

82 1202 144 22 beträffande
247 1201 150 30 predikanter
410 1201 42 22 vid
466 1201 231 29 bruksinrättningar
711 1208 30 14 m.
757 1208 36 21 m.,
809 1202 26 20 sä

83 1236 46 28 har,
145 1236 9 22 i
169 1236 105 29 enlighet
288 1235 52 23 med
355 1236 26 21 af
393 1228 241 36 Domkapitlet
566 1224 12 45 i
592 1224 39 45 Äbo
650 1235 108 22 erkestift
768 1235 68 29 gjord

83 1270 160 29 anmärkning,
266 1270 66 22 ordet
348 1270 234 29 ,predikantstjenst*
598 1269 90 29 tillagts
704 1271 7 21 i
726 1270 104 28 proposi-

83 1306 87 21 tionen.
187 1305 87 21 Likasä
287 1304 71 22 hafva
372 1304 8 22 i
394 1304 176 29 propositionen
585 1304 38 22 till
635 1304 72 22 slutet
717 1304 26 22 af
751 1304 85 28 ifräga-

82 1339 126 21 vararande
226 1341 103 19 moment
343 1338 37 21 för
395 1341 73 19 större
483 1338 130 28 tydlighets
629 1338 62 21 skull
707 1338 76 27 fogats
799 1344 36 15 or-

124 1428 5 4 .
152 1412 206 24 Bevillningsutskottets
370 1411 111 19 betänkande
493 1411 34 19 N:o
539 1412 18 18 2.
