1039 1714
198 132 28 20 50
427 127 23 23 U.
465 128 23 22 B.
505 142 26 2 —
548 128 61 28 Prop.
626 127 35 23 N:o
676 127 35 22 19.

501 200 21 15 8
541 200 102 19 kap.

382 252 35 23 Om
433 252 119 22 afträdande
568 252 21 22 af
603 252 170 28 förmynderskap.

541 318 13 29 s
571 319 33 21 62.

270 367 92 26 Upphör
382 366 183 27 förmynderskap
582 365 59 28 förty
657 368 33 19 att
707 366 140 27 myndlingen
864 366 80 22 varder

199 403 89 27 myndig
304 403 55 21 eller
375 402 45 26 dör,
438 402 54 22 eller
508 401 105 28 öfvergär
629 402 150 28 förmyndares
796 402 125 28 befattning
932 404 14 21 &

197 446 79 21 annan,
292 441 54 25 göre
362 438 154 27 förmyndaren
525 438 61 27 eller,
603 438 40 22 der
659 438 42 22 han
717 441 25 19 är
753 438 49 29 död,
814 439 132 27 delegarene

197 475 7 21 i
228 476 55 21 hans
306 476 27 21 bo
358 477 78 25 genast
458 475 52 21 redo
535 474 40 22 och
595 474 61 28 gifve
672 474 134 28 egendomen
821 477 30 19 ut.
882 475 62 22 Dock

198 511 80 27 äligge,
296 510 39 23 der
350 510 168 28 förmyndarens
534 511 27 21 bo
577 510 98 22 afträdes
691 511 35 21 till
737 511 55 21 hans
804 512 140 27 borgenärer,

198 546 312 29 redovisningsskyldigheten
527 546 48 29 den,
592 553 45 15 som
653 547 50 22 boet
719 546 190 29 omhändertager.

269 583 40 22 Om
325 583 152 28 förmyndares
494 583 42 22 död
552 583 62 22 skola
630 583 131 28 delegarene
777 583 6 22 i
800 584 55 21 hans
871 584 27 21 bo
908 590 37 21 ge-

198 622 50 19 nast
263 619 129 22 underrätta
407 619 260 28 förmyndarenämnden;
682 619 69 22 värde
767 619 40 22 ock
819 619 42 22 den
872 626 73 21 omyn-

198 655 63 28 diges
278 655 111 28 egendom,
406 656 25 21 sä
446 655 66 28 länge
528 656 42 22 den
585 656 7 21 i
609 655 64 22 deras
689 656 62 27 värjo
768 657 31 21 är.

540 721 12 30 8
569 723 34 20 63.

269 770 46 21 Vill
331 769 19 28 ej
367 769 48 28 den,
433 775 45 16 som
494 770 46 28 bör,
557 769 84 28 afgifva
656 770 149 28 redovisning,
818 771 68 22 varde
897 770 49 22 der-

198 806 35 21 till
249 806 37 22 vid
302 806 45 22 vite
364 805 55 23 eller
435 812 71 15 annan
523 806 92 27 lämplig
630 806 83 27 påföljd
729 805 127 30 förpligtad.

543 872 12 29 8
572 873 33 21 64.

267 920 111 22 Klandras
394 920 19 28 ej
430 920 149 28 redovisning,
597 927 44 16 som
658 921 7 21 i
682 922 27 20 62
725 920 13 29 &
754 923 25 19 är
789 921 87 27 nämnd,
887 921 57 22 inom

196 958 49 20 natt
260 957 40 21 och
316 957 26 22 är
357 956 67 23 sedan
441 956 41 22 den
499 956 139 28 aflemnades,
655 963 53 16 vare
722 957 156 27 förmyndaren
890 957 55 22 eller

197 993 54 21 hans
266 991 203 23 rättsinnehafvare
480 993 50 21 frän
547 992 76 22 vidare
635 999 81 15 ansvar
724 993 41 23 och
773 993 127 27 räkenskap
909 992 35 22 fri.

501 1113 19 16 7
539 1113 99 19 kap.

412 1172 35 22 Om
464 1172 51 28 gode
531 1173 45 21 män
582 1168 12 36 i
614 1173 55 21 vissa
685 1172 40 22 fall.

540 1232 12 28 g
569 1234 34 20 65.

267 1278 157 22 Förekommer
440 1279 167 26 angelägenhet,
625 1279 6 20 i
647 1278 92 22 hvilken
755 1278 43 22 den
815 1279 129 27 omyndiges

196 1313 71 23 fördel
283 1316 25 20 är
324 1314 55 22 eller
394 1314 44 21 kan
454 1314 86 21 komma
555 1314 7 21 i
574 1313 56 23 strid
641 1314 48 21 med
701 1313 175 29 förmyndarens,
888 1315 56 21 eller

196 1351 26 20 är
248 1349 140 28 förmyndare
418 1350 22 21 at
463 1349 100 28 sjukdom
587 1349 55 23 eller
665 1356 72 15 annan
761 1350 65 22 orsak
849 1350 95 22 hindrad

195 1388 33 19 att
250 1385 113 23 företräda
386 1385 42 22 den
448 1386 122 28 omyndige,
587 1386 28 22 dä
631 1386 57 22 skall
704 1386 43 28 god
762 1392 49 16 man
827 1386 115 23 förordnas

196 1424 33 20 att
244 1422 7 21 i
268 1422 79 22 sädant
362 1421 43 23 mäl
422 1421 66 23 hafva
503 1422 56 22 värd
574 1429 34 15 om
625 1422 42 22 den
683 1423 128 27 omyndiges
827 1424 51 21 rätt.

266 1469 128 24 Lagutskcitets
406 1469 108 19 betänkande
526 1470 35 19 N:o
574 1470 17 18 4.
