1050 1714
333 116 29 23 U.
379 116 25 22 B.
422 130 27 2 —
464 118 73 28 Prop.
554 118 45 22 N:o
615 117 35 23 18.
822 118 11 20 9

108 179 130 29 påkallade,
259 182 78 20 ansett
359 180 44 21 den
426 180 34 22 uti
479 180 173 29 propositionen
668 178 133 23 verkstälda
816 180 46 21 för-

110 214 124 28 delningen
248 214 81 22 kunna
344 216 103 26 antagas.

177 248 70 21 Hvad.
262 248 71 22 sedan
349 248 71 28 angår
436 248 275 28 detaljbestämningarna
726 248 35 20 uti
777 247 39 21 det
826 247 37 21 till

109 282 128 22 Ständerna
259 282 171 21 öfverlemnade
446 282 156 28 lagförslaget,
618 282 42 21 har
674 282 122 21 Utskottet
810 282 52 21 fun-

108 316 36 20 nit
166 316 50 21 skäl
238 316 51 21 icke
314 316 142 21 förekomma
479 316 37 21 till
540 323 76 14 annan
632 316 153 28 anmärkning
802 319 61 18 emot

108 350 123 26 desamma,
254 354 30 17 än
306 353 34 19 att
356 350 27 21 de
399 350 7 21 i
422 350 122 28 förslagets
560 352 12 19 7
588 351 12 27 8
615 350 114 28 ingående
744 350 118 21 föreskrif-

108 386 66 19 terna
204 385 74 21 såsom
309 384 129 28 obehöfliga
460 384 65 22 torde
545 384 79 22 kunna
646 391 27 14 ur
695 384 167 28 förordningen

108 418 62 28 utgå.

176 551 34 20 På
231 551 76 27 grund
323 550 26 21 af
367 551 61 21 hvad
444 551 69 21 ofvan
529 550 145 27 framhållits,
690 550 35 21 får
740 550 122 22 Utskottet

108 584 117 21 vördsamt
240 584 93 23 föreslå:

384 640 31 18 att
443 638 122 21 Ständerna
593 637 48 21 ville
668 638 33 19 uti
722 637 140 27 underdånig

313 671 176 28 svarsskrifvelse
504 673 35 20 till
546 672 64 21 Hans
618 671 124 28 Kejserliga
755 671 105 27 Majestät

313 707 96 24 anmäla,
435 710 31 17 att
494 707 34 20 det
553 707 33 20 uti
606 706 150 28 förevarande
778 706 83 27 nådiga

310 741 136 27 proposition
458 743 34 20 till
504 741 124 22 Ständerna
640 741 160 27 öfverlemnade
815 741 46 22 för-

309 776 221 28 fattningsförslaget
548 776 72 27 blifvit
640 776 29 24 af
681 775 124 21 Ständerna
820 783 40 13 an-

312 812 57 26 taget
396 811 47 20 med
468 818 24 13 en
516 811 106 27 obetydlig
645 810 102 27 ändring,
772 811 6 20 i
796 810 64 27 följd

299 845 97 27 hwaraf
418 845 68 28 sagda
505 845 89 28 förslag
617 845 81 20 komme
722 847 31 18 att
776 844 83 21 erhålla

308 879 106 28 följande
430 880 90 27 lydelse:

380 953 154 29 Förordning
564 953 123 30 angående
717 953 101 29 intrång
850 954 10 21 i

311 989 136 28 patenträtt
462 990 62 21 samt
540 995 38 16 om
594 988 128 28 rättegång
736 989 10 21 i
760 989 50 22 mål
822 989 36 21 rö-

311 1023 77 22 rande
404 1024 92 27 patent.

560 1088 12 18 1
584 1075 24 42 $.

380 1144 15 20 I
415 1144 98 20 Finland
534 1143 123 21 meddeladt
677 1146 74 24 patent
772 1143 88 21 medför

311 1178 40 20 den
376 1178 83 25 verkan,
482 1180 36 25 att,
536 1178 72 20 sävidt
623 1178 21 27 ej
658 1179 8 19 i
681 1178 22 25 2,
718 1179 14 19 3
747 1178 38 21 och
800 1179 14 19 4
828 1178 30 26 $$

311 1212 138 21 annorlunda
472 1212 96 28 stadgas,
591 1212 45 20 icke
655 1212 72 27 någon
743 1218 48 22 eger
806 1214 52 18 utan

307 1246 194 27 patenthafvarens
520 1246 34 28 lof
569 1248 57 19 inom
645 1246 74 21 landet
739 1246 119 27 yrkesmäs-

309 1281 43 27 sigt
368 1280 99 21 tillverka
475 1280 97 28 föremål
584 1282 51 20 eller
648 1280 102 22 använda
763 1279 95 21 tillverk-

311 1315 114 27 ningssätt,
442 1314 67 22 hvarå
521 1318 77 24 patent
612 1316 40 20 här
668 1316 101 27 åtnjutes,
785 1316 21 28 ej
814 1317 45 21 hel-

310 1349 31 19 ler
356 1349 40 19 här
414 1349 141 25 patenterade
570 1350 51 19 eller
636 1350 56 26 efter
707 1350 40 19 här
759 1352 99 24 patente-

308 1382 52 20 radt
382 1382 194 26 tillverkningssätt
598 1382 143 21 åstadkomna
759 1384 99 26 föremål

310 1415 33 21 till
366 1416 48 20 salu
436 1416 67 24 hålla,
526 1416 6 20 i
552 1416 38 20 sitt
611 1416 51 27 yrke
683 1417 102 21 använda
808 1418 50 20 eller

172 1457 47 20 Lag-
232 1455 32 17 och
276 1454 182 19 Ekonomiutskotteis
470 1455 110 19 betänkande
591 1455 37 18 N:o
640 1456 18 18 3.
