1053 1700
320 115 30 23 U.
365 115 29 23 B.
411 128 27 3 —
453 115 74 29 Prop.
545 116 46 22 N:o
607 116 35 23 13.

373 486 58 28 Lag-
439 486 46 22 och
497 486 255 23 Ekonomiutskottets
760 485 93 30 förslag

303 520 42 22 till
363 520 235 28 sammanjemkning
613 520 27 22 af
652 520 115 23 ståndens
783 521 68 28 skilj-

305 554 82 28 aktiga
403 554 82 23 beslut
507 555 40 22 vid
567 554 181 29 behandlingen
769 554 28 23 af
809 555 42 22 Ut-

304 589 105 22 skottets
431 589 153 22 betänkande
607 589 44 22 N:o
669 589 15 22 2
696 589 11 22 i
718 588 134 29 anledning

306 622 28 23 af
357 622 65 23 Hans
451 623 137 28 Kejserliga
613 623 123 28 Majestäts
762 622 89 29 nådiga

303 657 153 28 proposition
482 657 124 28 angående
631 657 51 22 rätt
708 658 36 22 att
766 657 84 23 utöfra

303 691 209 28 pantlänerörelse
528 691 78 23 säsom
621 691 69 28 yrke.

167 757 86 28 Enligt
283 757 126 22 Utskottet
439 757 216 22 tillhandakomna
673 757 176 28 protokollsut-

97 791 64 29 drag
180 791 46 22 har
243 791 223 29 Borgareständet,
486 791 56 22 med
561 791 187 29 godkännande
762 791 25 22 af
800 791 48 22 den

96 825 283 23 utskottsbetänkandet
397 825 135 29 vidfogade
554 825 189 22 reservationen
762 825 47 22 N:o
827 825 20 27 I,

97 859 123 23 förkastat
246 859 172 23 betänkandet
444 860 46 21 och
517 859 42 22 det
586 859 53 22 deri
657 859 126 29 ingäende
801 859 48 22 för-

97 893 244 30 fattningsförslaget
368 894 8 21 i
404 893 57 22 dess
491 893 92 26 helhet,
611 894 132 22 hvaremot
766 893 81 29 öfriga

97 928 74 22 ständ
198 927 102 23 beslutit
319 928 136 28 godkänna
475 928 139 22 Utskottets
632 928 96 29 förslag
746 928 36 22 till
801 927 47 23 för-

97 962 108 29 ordning
228 962 9 22 i
259 962 90 27 ämnet,
378 963 68 22 utom
472 962 8 22 i
499 962 251 29 nedanuppräknade
768 962 77 27 delar,

98 997 140 28 nämligen
223 993 18 36 :

384 1066 13 21 1
415 1065 29 28 $:
464 1065 14 22 1
496 1071 74 17 mom.

166 1134 187 29 Ridderskapet
371 1135 45 21 och
436 1134 84 22 Adeln
535 1134 47 22 har
594 1133 102 24 beslutit
709 1135 36 21 att
757 1134 91 30 ifräga-

97 1170 113 22 varande
229 1170 108 21 moment
356 1169 78 22 borde
453 1169 171 29 omredigeras
642 1168 8 22 i
667 1169 41 22 det
721 1169 65 28 syfte
799 1169 49 22 den

96 1204 94 29 nådiga
216 1203 190 29 propositionen
432 1203 46 22 och
506 1203 48 22 den
580 1203 172 23 betänkandet
770 1203 79 22 vidfo-

97 1238 65 29 gade
180 1238 190 22 reservationen
389 1238 47 22 N:o
454 1237 39 22 III
506 1237 133 22 innehälla.

165 1272 186 22 Presteständet
369 1272 45 22 och
432 1271 190 23 Bondeständet
639 1272 78 22 hafva
735 1272 114 28 godkänt

97 1308 135 22 momentet
250 1306 91 23 sädant
359 1306 137 23 detsamma
519 1306 111 22 affattats
655 1306 8 22 i
675 1306 173 28 nyssnämnda

96 1341 164 22 reservation.

165 1375 71 22 Enär
263 1375 146 21 momentets
433 1374 8 21 i
465 1373 72 29 fräga
562 1372 158 29 ordalydelse
742 1372 106 23 sälunda

98 1409 83 22 blifvit
209 1408 25 23 af
255 1408 43 22 tvä
317 1408 73 22 ständ
409 1414 90 22 genom
518 1406 270 23 sammanstämmande
806 1407 42 22 be-

167 1457 46 22 Lag-
226 1456 32 18 och
271 1456 181 19 Ekonomiutskotteis
464 1455 109 18 betänkande
587 1456 37 16 N:o
636 1454 18 18 2.
