1039 1717
197 126 28 21 30
430 124 24 22 U.
469 124 24 22 B.
509 137 27 2 —
552 124 64 28 Prop.
630 123 39 22 N:o
685 122 33 22 15.

635 217 51 18 1:sta.
705 212 14 32 |
734 216 54 18 2:dra.
801 212 12 32 |
830 216 52 24 3:dje.
895 212 8 32 |
919 216 45 19 4:de.

41 312 107 24 Stämpelaf-
169 306 12 36 |
186 312 103 22 Reversal
304 311 13 21 &
331 310 157 28 inbetalning.
504 327 5 4 .
526 327 3 4 .
545 310 50 28 fritt
953 270 2 74 |

32 342 29 32 sift
70 342 29 18 för
107 342 55 18 hand-|
186 347 85 22 Annan
293 346 82 28 inlaga,
392 346 74 20 såsom
482 344 112 28 anmälan,
953 350 2 22 |

34 371 66 32 lingar,
113 376 38 12 som
216 380 115 28 skriftligt
346 380 126 22 anförande
487 387 29 14 m.
532 387 63 14 m...]
647 381 61 20 4/—|
743 380 59 21 2/—|
836 380 104 20 1/—!—
953 373 31 30 50

32 400 29 17 till
73 400 84 21 domstol,
272 416 5 4 j
953 405 2 15 |

32 427 74 23 ffentlig
113 433 50 17 myn-
174 410 12 44 |
187 416 29 22 B-
246 416 123 26 Bilagor,
385 418 57 18 utan
460 414 108 22 afseende
583 414 13 21 å
861 431 2 10 |
953 421 1 25 |

41 457 62 22 dighet
115 457 33 17 och
289 449 56 22 vidd
361 449 55 21 eller
432 449 81 22 arktal.
862 467 1 21 |
953 453 1 11 |

35 485 114 18 embetsverk
164 479 16 38 |
186 485 92 28 Bilagor
307 483 38 22 till
374 483 220 29 angifningsinlaga,
861 489 2 25 |
953 465 2 68 |

51 510 84 42 ingifvas.
216 526 49 15 som
283 518 113 22 inlemnas
412 518 38 22 till
464 517 132 23 tullanstalt

549 548 46 36 fria
678 566 2 25 |

171 611 1 15 |
187 588 146 28 Borgesskrift
358 604 66 5 <...
475 603 119 6 0
647 590 12 18 4
685 600 22 3 |—|
744 588 58 21 21—|
836 588 55 19 1|—|
912 599 28 3 —
953 587 33 22 [50

170 630 2 20 |
185 622 112 28 Fullmakt
311 621 37 23 för
363 622 86 21 ombud
464 637 130 6 .......
646 623 14 20 4
678 633 29 16 |-1
743 623 59 21 21—|]
837 622 103 21 1|1—|—
953 622 33 22 150]

214 652 284 38 transportfullmakt,
554 655 42 23 för
678 678 2 3 ]
953 649 1 40 |

242 691 99 28 hvarje
358 690 82 22 sådan
465 707 130 6 .......
646 692 14 21 4
678 687 28 31 —|
742 692 59 21 2|—|
835 691 57 21 1/—1
911 703 29 3 —
953 691 33 21 150

185 725 203 28 Lånehandlingar,
397 725 29 21 då
440 725 28 21 de
482 725 112 21 inlemnas
678 720 2 35 |

214 759 37 22 till
265 759 114 22 Finlands
389 759 68 21 Bank
467 760 73 27 futel.]
550 760 55 27 fria
597 755 12 36 |
677 759 2 36 |
770 769 1 4 |
953 767 2 16 |

185 794 85 22 Annan
285 794 78 28 bilaga,
375 801 49 14 som
438 793 52 22 icke
503 788 102 39 åtföljer
598 784 9 47 |
676 796 3 28 I
953 813 1 17 |

215 828 129 29 stämpelfri
359 827 171 24 hufvudskrift.
547 846 4 4 .
569 828 36 22 ..|
646 825 59 25 2i—|
743 829 105 26 1|1—|—
866 829 28 22 [50]
913 841 25 2 —
953 829 32 27 [25

271 892 47 21 Der
332 891 56 22 flera
411 892 115 29 exemplar
541 892 26 22 af
580 899 90 21 samma,
687 892 171 29 stämpelafgift
872 891 83 22 under-

203 926 95 22 kastade
313 926 115 29 handling
443 926 65 22 skola
524 926 108 29 ingifvas,
643 925 42 22 bör
700 926 82 22 endast
796 929 34 19 ett
840 927 116 28 exemplar

203 968 54 15 vara
279 961 89 22 försedt
385 961 53 22 med
453 961 103 28 stämpel,
572 961 119 22 hvaremot
706 961 28 21 de
750 961 76 28 öfriga
842 961 115 28 exempla-

202 1003 41 14 ren
259 995 65 22 skola
339 1003 56 14 vara
410 995 143 29 stämpelfria
568 996 43 21 och
626 995 73 22 förses
714 995 53 22 med
782 995 66 22 ordet
859 995 98 30 duplett.

271 1029 55 22 Jmf.
342 1030 8 21 i
366 1029 72 30 öfrigt
454 1031 12 21 7
482 1030 42 21 och
541 1032 27 21 14
583 1032 33 26 $$.

554 1094 13 21 5
582 1095 20 26 8.

271 1133 62 21 Frän
354 1133 44 21 den
413 1134 9 21 i
437 1135 13 21 3
465 1133 43 22 och
523 1135 13 20 4
552 1135 26 26 $$
594 1133 110 28 stadgade
720 1133 235 29 stämpelskyldighet

203 1171 39 18 äro
258 1168 107 28 befriade:

49 1201 90 36 Befrielse
204 1202 135 23 Embetsverk
361 1204 59 20 samt
442 1204 84 21 embets-
546 1203 44 21 och
608 1203 129 28 tjenstemän
752 1203 8 21 i
776 1203 44 21 allt
833 1203 62 22 hvad
911 1211 45 14 em-

34 1240 35 18 rän
78 1239 84 22 stämpel-
271 1237 64 22 betet
351 1237 55 21 eller
421 1237 102 28 tjensten
538 1241 68 18 rörer.

37 1268 120 22 kyläigheten.
182 1263 14 39 —
204 1271 230 27 Fattigvärdsstyrelse,
449 1271 37 20 för
500 1271 91 26 inlagor
606 1270 43 21 och
660 1270 174 28 expeditioner
825 1263 10 39 i
843 1271 53 26 mål,
906 1277 49 14 som

175 1308 2 2 :
271 1303 40 21 vid
333 1303 127 22 domstolar
481 1304 44 22 och
547 1303 145 22 embetsverk
710 1304 97 22 rörande
822 1304 134 22 densamma

271 1338 149 22 förekomma.
449 1338 67 22 Dock
538 1338 72 29 gäller
632 1338 75 22 denna
724 1338 108 22 befrielse
851 1339 53 21 icke
918 1338 38 22 för

271 1373 71 29 köpe-
365 1372 55 22 eller
441 1373 59 21 salu-
519 1375 59 20 samt
592 1372 77 30 bytes-
684 1374 43 21 och
742 1373 126 29 gåfvobref
880 1374 14 21 ä
908 1373 47 22 fast

273 1407 119 29 egendom,
408 1407 23 29 ej
447 1407 87 22 heller
548 1408 37 22 för
599 1407 117 29 protokoll
726 1408 8 22 i
745 1408 105 29 lagfarts-
868 1408 43 22 och
922 1408 33 22 in-

273 1442 225 28 teckningsärenden
513 1443 43 21 och
571 1442 36 22 för
621 1442 118 22 fastebref.
