1045 1709
190 133 16 20 4
410 125 29 23 U.
455 126 29 22 B.
498 139 28 3 —
541 125 73 29 Prop.
630 124 47 24 N:o
691 124 40 23 22.

191 189 61 21 heter
274 192 56 18 samt
345 189 96 21 enskilda
456 195 104 21 personer
575 188 84 27 afgifvit
674 188 81 20 äskade
770 187 124 21 utlåtanden
910 186 32 21 öf-

192 230 38 13 ver
247 224 68 26 sagda
331 223 86 27 förslag,
433 223 147 27 föreliggande
595 224 138 25 proposition
747 221 69 21 blifvit
831 222 6 20 i
852 220 90 21 hufvud-

192 257 69 27 saklig
276 257 223 21 öfverensstämmelse
514 257 50 21 med
579 257 120 20 detsamma
714 255 119 22 utarbetad.

261 400 38 22 Uti
322 400 38 22 det
380 400 23 21 af
423 400 165 21 ofvanbemälda
609 400 82 20 komité
711 399 79 27 afgifna
805 398 138 22 betänkande

192 434 121 22 framhåller
327 434 101 26 komitén,
444 434 65 21 bland
524 437 70 22 annat,
610 434 101 20 hurusom
725 434 48 21 vårt
785 433 55 25 land,
853 432 90 22 oaktadt

192 470 38 20 sitt
252 470 89 26 stränga
356 469 80 25 klimat,
452 469 65 21 likväl
532 468 114 28 onekligen
661 468 89 22 besitter
765 468 126 26 tillräckliga
906 467 37 21 be-

191 504 103 26 tingelser
309 503 32 21 för
357 506 32 18 att
398 503 70 21 kunna
479 504 81 20 bereda
570 503 114 21 vildnaden
696 509 127 21 gynsamma
836 503 106 20 existens-

192 538 75 20 vilkor.
296 538 35 20 Då
351 537 220 21 villebrådsstammen
591 538 6 20 i
612 537 73 21 landet
700 536 118 22 emellertid
833 536 63 21 hotar
911 539 32 18 att

191 572 65 20 totalt
279 572 28 26 gå
329 572 74 25 under,
426 572 69 20 måste
518 571 91 21 orsaken
623 571 70 21 härtill
708 571 64 21 sökas
787 572 7 20 i
809 571 134 27 omständig-

192 606 67 25 heter,
276 605 71 21 hvilka
362 606 112 20 motverka
490 606 126 21 vildnadens
631 606 92 20 trefnad.

260 640 41 20 Till
316 640 119 20 utredande
449 640 65 20 häraf
524 639 121 21 framhåller
659 639 101 26 komitén,
772 646 47 14 som
829 639 32 21 till
871 639 72 27 dylika

193 674 88 20 orsaker
296 674 76 20 hänför
387 674 59 20 såväl
461 674 27 20 de
504 674 40 20 hos
560 680 35 14 oss
611 674 45 20 ofta
671 681 44 20 nog
730 674 54 21 efter
799 680 27 14 en
840 674 55 26 tidig
905 674 38 20 vår

191 708 128 21 inträdande
333 708 74 27 längre
423 708 50 20 eller
487 708 87 21 kortare
590 708 166 26 eftervintrarna,
770 708 71 20 hvilka
851 708 92 20 förstöra

192 742 72 27 äggen
286 742 42 20 och
350 742 28 20 de
398 742 100 27 möjligen
520 742 66 21 redan
601 742 140 21 framkläckta
756 742 70 28 späda
841 749 101 20 ungarna,

192 783 48 14 som
255 776 43 21 ock
312 776 42 21 den
369 777 7 20 i
390 776 72 21 landet
478 776 96 21 bedrifna
589 776 72 21 starka
671 776 220 28 skogsafverkningen
902 776 42 21 och

192 810 113 27 odlingens
327 810 179 27 framträngande,
530 811 106 25 hurusom,
660 811 54 21 efter
736 811 37 21 det
793 818 80 20 genom
890 810 52 21 1868

192 845 34 21 års
239 844 84 28 jagtlag
337 844 170 28 fridlysningstid
522 845 32 21 för
569 846 126 26 matnyttigt
709 845 54 21 vildt
778 845 67 21 blifvit
855 845 41 21 hos
906 852 37 14 oss

192 879 76 25 införd,
292 879 160 27 öfvertygelsen
473 886 36 14 om
524 879 189 27 nödvändigheten
727 883 33 18 att
774 880 125 27 respektera
914 880 30 20 la-

192 920 53 20 gens
260 913 161 27 bestämningar
435 914 6 20 i
457 914 60 20 detta
532 914 123 20 hänseende
671 914 76 21 endast
758 914 134 27 småningom
902 914 42 20 och

193 948 55 20 ännu
270 948 66 26 högst
358 947 148 27 ofullständigt
527 949 74 19 vunnit
621 950 72 24 insteg
707 948 41 20 hos
763 948 74 21 folket.
867 948 10 20 I
892 948 52 27 följd

192 982 63 20 häraf
267 981 39 21 har
321 981 83 27 olofligt
419 982 73 26 skytte
508 982 41 20 och
564 982 71 26 fångst
650 982 71 21 idkats
736 984 7 19 i
757 986 46 17 stor
817 982 60 21 skala
887 986 57 18 samt

192 1016 108 20 bedrifves
315 1016 38 20 allt
367 1016 143 25 fortfarande;
528 1016 41 20 och
584 1016 124 27 isynnerhet
721 1024 35 13 om
766 1017 65 20 våren
841 1018 30 26 på
881 1017 63 27 grän-

192 1057 39 14 sen
245 1050 77 20 mellan
337 1050 42 20 den
393 1050 88 27 lofgifna
497 1051 41 20 och
554 1050 202 28 fridlysningstiden,
768 1051 27 21 då
805 1051 139 27 skogsfågeln

192 1084 77 21 samlat
284 1086 33 25 sig
331 1084 32 21 till
378 1084 48 27 spel
442 1084 42 21 och
498 1085 24 20 är
536 1084 75 22 lättast
626 1084 104 28 åtkomlig
744 1088 56 18 samt
809 1085 94 27 jägaren,
914 1086 30 26 på

192 1118 69 27 grund
276 1118 25 20 af
313 1118 130 26 stadgandet
458 1120 6 18 i
479 1118 101 27 gällande
592 1118 83 28 jagtlag
690 1126 36 14 om
741 1120 100 26 respittid
855 1119 34 21 för
904 1120 40 20 till-

192 1152 158 27 godogörande
369 1152 24 20 af
405 1152 67 20 under
486 1152 104 28 lofgifven
604 1153 32 21 tid
650 1153 90 27 fängadt
754 1153 60 25 vildt,
831 1154 56 20 ännu
901 1154 43 20 kan

192 1186 70 20 känna
284 1188 33 25 sig
339 1186 63 20 säker
425 1186 32 20 för
480 1187 48 25 ätal,
545 1186 87 21 florerar
647 1187 141 27 fägelskyttet
803 1189 6 19 i
824 1188 45 27 hög
883 1188 60 27 grad.

192 1220 36 21 Då
242 1221 73 21 vidare
328 1220 173 28 jernvägsnätets
517 1220 149 28 utsträckning
680 1222 32 21 till
727 1222 27 20 de
769 1223 45 20 inre
824 1222 87 22 delarna
923 1222 25 22 af

192 1254 74 21 landet
294 1255 130 26 möjliggjort
450 1256 37 19 det
516 1256 69 20 vildas
611 1256 134 20 afsändande
769 1256 31 20 till
824 1256 120 26 aflägsnare

192 1288 197 26 marknadsplatser
411 1292 56 17 samt
489 1288 42 21 den
546 1288 145 28 regelbundna
706 1289 238 27 ängbätskommunika-

191 1322 75 20 tionen
280 1322 29 27 pä
324 1321 97 22 utlandet
437 1322 83 28 öppnat
536 1326 60 18 utom
610 1323 84 21 landets
709 1324 88 26 gränser
809 1331 26 14 en
845 1324 99 22 tacksam

191 1356 105 21 marknad
317 1356 33 21 för
371 1356 59 26 vildt,
454 1356 64 22 hafva
541 1357 188 28 villebrädsprisen
743 1360 72 26 stigit;
832 1358 42 21 och
889 1366 55 14 sam-

192 1390 65 28 tidigt
272 1390 89 22 dermed
376 1390 38 21 har
429 1392 95 26 utsigten
538 1392 32 20 till
586 1399 26 14 en
624 1392 156 26 jemförelsevis
795 1393 40 21 lätt
845 1393 42 21 och
898 1394 46 27 god

192 1425 98 27 förtjenst
312 1425 73 21 lockat
404 1429 32 18 ett
458 1426 36 21 allt
515 1426 69 21 större
599 1426 58 22 antal
672 1427 25 21 af
707 1428 84 21 landets
807 1428 76 21 talrika
898 1428 46 22 lösa

260 1472 46 20 Lag-
316 1472 27 15 och
355 1471 168 17 Ekonomiutskottets
535 1472 103 16 betänkande
650 1473 35 16 N:o
696 1478 17 16 4.
