1042 1709
201 122 13 20 2
421 119 30 23 U.
466 120 29 22 B.
509 132 29 4 —
552 120 73 26 Prop.
640 119 41 22 N:o
696 118 36 23 15.

269 188 99 22 Jemlikt
389 189 26 21 37
435 189 13 25 $
471 188 25 20 L.
516 188 24 22 O.
557 195 53 21 eger
629 187 265 28 Bevillningsutskottet
912 188 44 26 att,

201 222 69 22 sedan
287 222 172 28 bevillningens
475 222 83 28 belopp
570 221 79 22 blifvit
659 221 121 27 bestämdt,
792 221 84 21 föreslä
886 228 69 20 grun-

201 257 70 22 derna
290 256 42 22 och
352 258 70 19 sättet
440 255 37 22 för
492 256 51 21 dess
558 255 134 28 fördelning
707 255 43 22 och
765 255 8 21 i
789 256 167 27 sammanhang;

201 291 92 22 dermed
315 291 37 21 till
375 290 129 22 Ständerna
526 289 88 28 afgifva
635 289 88 29 förslag
745 289 37 22 till
801 289 153 29 bevillnings-

201 326 98 28 stadgar.

269 359 168 22 Erfarenheten
461 359 40 21 har
519 358 129 22 emellertid
666 358 71 29 gifvit
751 358 40 21 vid
806 358 97 28 handen,
919 361 38 19 att

201 395 44 22 den
264 395 36 21 för
315 396 115 19 närmaste
445 393 156 28 finansperiod
616 392 150 29 erforderliga
781 392 174 29 bevillningens

200 430 90 27 belopp,
310 429 75 20 säsom
403 427 113 22 beroende
534 427 26 22 af
576 427 113 22 särskilda
705 427 143 21 omfattande
862 427 91 28 frägors

199 462 138 29 föregäende
354 461 148 29 behandling,
523 462 51 21 icke
590 461 90 22 kunnat
694 461 118 22 definitivt
826 461 127 22 fastställas

199 497 78 22 förrän
296 499 47 18 mot
358 496 155 27 landtdagens
530 496 53 25 slut,
600 495 43 22 och
659 495 41 22 har
715 495 239 28 Bevillningsutskot-

199 534 35 19 tet
255 530 147 29 följaktligen
426 529 82 27 städse,
531 529 37 22 för
586 531 34 19 att
638 529 125 21 medhinna
782 529 41 21 sitt
841 530 112 28 uppdrag,

200 567 45 20 sett
261 565 37 28 sig
313 564 130 21 nödsakadt
458 566 34 19 att
507 566 56 19 utan
580 563 66 21 säker
658 563 130 21 kännedom
800 563 25 21 af
833 564 39 21 det
883 566 71 19 emot-

201 600 69 21 sedda
292 598 186 23 finansbehofvet
500 598 78 21 skrida
600 598 37 21 till
660 597 143 28 behandling
825 598 25 21 af
870 598 28 21 de
916 599 37 20 till

199 635 116 21 utskottet
331 633 172 21 öfverlemnade
519 632 205 29 propositionerna.

267 667 80 22 Redan
364 667 64 21 detta
444 667 40 21 har
495 667 151 28 komplicerat
656 665 172 29 behandlingen
840 665 25 23 af
873 666 80 21 bevill-

199 701 195 30 ningsbudgeten,
410 709 52 14 men
479 701 67 21 äfven
562 701 8 21 i
586 701 70 21 andra
670 701 62 21 delar
742 700 70 22 hafva
822 700 131 29 betydande

199 737 143 28 svärigheter
357 736 119 27 förelegat.
507 736 91 28 Frägan
614 735 142 22 beträffande
772 735 181 28 användningen

199 771 26 23 af
244 771 113 22 Finlands
381 770 79 22 Banks
483 770 144 26 vinstmedel,
650 769 97 22 hvilken
770 770 127 28 väsentligt
919 770 34 21 in-

199 806 82 22 verkar
303 806 30 28 pä
355 804 110 23 behofvet
487 804 26 22 af
534 805 134 27 bevillning,
688 805 73 21 mäste
779 804 131 22 förberedas
929 804 26 22 af

199 840 190 27 Bankutskottet,
413 838 83 22 medan
519 840 48 20 åter
585 838 175 29 propositionen
778 846 37 14 om
833 839 120 21 bränvins-

199 875 92 21 skatten
315 874 74 28 enligt
411 873 149 22 häfdvunnen
587 873 39 21 sed
651 873 142 28 handlägges
816 873 26 22 af
862 873 91 22 Ekono-

197 909 153 22 miutskottet.
389 907 42 22 Sin
460 907 119 22 definitiva
610 907 94 28 lösning
730 907 88 22 erhälla
844 907 108 28 samtliga

198 943 66 22 dessa
279 943 79 28 frägor
373 942 40 21 vid
428 941 172 29 behandlingen
616 941 26 22 af
650 941 38 21 det
699 941 145 22 betänkande
854 942 98 22 rörande

198 978 45 21 alla
258 977 40 22 vid
313 977 140 28 landtdagen
469 977 83 21 äskade
568 976 82 28 anslag
665 976 42 21 och
723 979 129 26 utvägarna
866 976 37 21 till
914 976 38 22 de-

197 1020 37 14 ras
249 1011 154 26 bestridande,
419 1011 91 21 hvilket
525 1011 180 21 Statsutskottet
721 1018 54 21 eger
787 1011 95 28 afgifva.
906 1011 45 22 Vid

199 1049 90 19 senaste
309 1045 111 28 landtdag
438 1045 102 28 föreslog
555 1045 179 22 Statsutskottet
748 1045 86 28 jemväl
850 1045 39 22 det
904 1045 47 22 till-

197 1081 159 28 läggsbelopp,
373 1087 49 14 som
437 1079 37 22 för
489 1080 91 28 gängen
594 1079 72 22 borde
676 1087 84 21 genom
773 1079 59 22 ökad
843 1081 109 28 stämpel-

197 1114 131 27 bevillning
344 1113 202 29 sammanbringas,
564 1113 42 22 och
622 1113 29 22 dä
666 1113 88 28 frågan,
770 1114 8 20 i
789 1113 114 22 anseende
913 1114 38 21 till

197 1148 98 21 ständen
312 1147 97 22 emellan
425 1147 157 22 förekommen
598 1147 168 28 skiljaktighet,
784 1148 72 21 mäste
867 1155 84 21 genom

197 1182 113 22 förstärkt
324 1181 91 22 utskott
425 1181 99 28 afgöras,
536 1181 50 22 blef
594 1181 111 28 slutligen
716 1181 98 28 stämpel
824 1181 37 22 för
871 1182 80 21 vexlar

198 1219 99 26 antagen
313 1217 8 20 i
337 1215 78 22 stället
430 1215 37 22 för
482 1215 43 22 den
542 1215 73 22 ökade
631 1216 63 21 skatt
709 1215 36 22 för
761 1215 152 29 tillverkning
927 1215 27 22 af

197 1250 161 28 maltdrycker,
378 1250 96 20 hvilken
489 1251 91 19 Preste-
596 1251 42 20 och
654 1249 181 22 Bondeständen
851 1250 99 27 tidigare

198 1285 8 20 i
222 1283 104 29 enlighet
339 1283 52 21 med
402 1283 275 28 Bevillningsutskottets
690 1283 89 28 förslag
790 1283 96 22 beslutit
896 1283 55 29 god-

197 1318 82 21 känna.

265 1352 36 21 Då
317 1351 39 22 det
371 1352 20 28 ej
407 1352 89 21 mindre
512 1359 26 15 ur
553 1352 265 28 landtdagsordningens
830 1352 120 29 synpunkt

198 1391 29 17 än
243 1386 69 22 äfven
327 1386 36 22 för
378 1386 202 29 upprätthållande
596 1386 26 22 af
634 1394 28 14 en
678 1387 98 21 rationel
788 1387 161 29 skattepolitik

264 1426 206 24 Bevillningsutskottets
482 1427 110 19 betänkande
604 1426 34 19 N:o
650 1428 18 17 2.
