1042 1706
322 107 30 23 U.
366 108 28 22 B.
410 120 28 3 —
452 108 72 28 Prop.
541 108 41 23 N:o
597 108 36 22 15.
834 109 14 21 3

92 179 25 18 är
132 175 26 23 af
171 178 49 19 stor
234 176 58 28 vigt,
308 177 35 21 att
352 175 262 30 bevillningsbudgeten
625 176 59 22 efter
695 177 152 29 möjligheten

91 210 126 22 behandlas
234 210 75 22 såsom
324 212 34 19 ett
373 210 56 28 helt,
445 211 25 21 så
485 212 34 20 att
535 210 129 22 Ständerna
675 210 58 22 efter
746 211 52 22 fritt
808 212 38 22 val

90 244 86 22 mellan
192 244 230 22 förhandenvarande
442 247 97 25 utvägar
553 244 38 22 till
607 244 180 22 statsbehofvets
803 246 43 28 fyl-

90 279 68 21 lande
174 278 80 29 hvarje
268 278 64 29 gång
347 278 79 22 kunna
442 279 123 27 godkänna
580 278 28 22 de
621 279 120 28 tillfälliga
750 280 95 28 skatter,

91 313 81 21 hvilka
189 312 94 28 pröfvas
299 320 55 14 vara
368 312 140 29 lämpligast,
523 312 42 22 har
580 312 266 29 Bevillningsutskottet

90 346 53 22 låtit
158 347 37 27 sig
210 346 123 29 angeläget
348 354 54 14 vara
418 348 34 20 att
467 354 62 14 mera
539 346 138 29 detaljeradt
688 350 28 18 än
728 346 117 23 tillförene

90 380 101 22 beräkna
206 380 160 22 inkomsterna
381 380 27 22 af
420 380 28 22 de
465 380 112 22 särskilda
593 381 192 28 bevillningarna,
801 382 44 22 och

90 414 75 22 finner
183 414 37 29 sig
234 414 116 22 utskottet
366 414 110 29 derjemte
491 415 55 22 böra
561 414 122 29 samtidigt
697 416 37 21 till
750 416 95 28 gransk-

88 449 59 28 ning
162 449 129 28 framlägga
306 449 41 21 sitt
361 448 109 28 yttrande
485 449 142 22 beträffande
641 449 28 21 de
679 449 58 22 båda
748 450 95 28 skatter,

89 482 261 30 stämpelbevillningen
376 482 43 22 och
442 483 223 28 maltbevillningen,
688 484 53 21 med
763 484 81 22 hvilka

88 517 40 22 det
150 524 32 15 nu
205 516 151 29 erforderliga
374 516 187 30 skattebeloppet
580 520 25 18 är
624 517 75 22 afsedt
717 520 35 19 att
769 519 8 21 i
793 518 50 22 huf-

88 551 90 22 vudsak
204 550 204 29 sammanbringas.
446 551 122 22 Utskottet
593 551 87 22 tillåter
702 552 37 28 sig
761 553 82 21 härvid

88 586 131 27 förutsätta,
236 588 34 19 att
286 585 130 22 Ständerna
431 592 33 15 nu
480 586 74 22 såsom
569 585 41 22 vid
619 585 140 29 föregående
769 586 74 24 landt-

88 620 71 28 dagar
174 620 66 22 skola
254 620 64 22 finna
333 620 109 28 lämpligt
456 622 32 20 att
502 620 95 22 betrakta
612 620 41 22 den
667 621 69 27 första
751 621 91 23 behand-

87 655 75 28 lingen
177 655 27 27 af
215 654 97 22 nämnda
327 654 75 28 frågor
416 655 69 21 såsom
500 654 99 23 eventuel.

156 688 46 22 Till
218 688 75 28 grund
309 687 37 23 för
356 689 34 21 sin
403 688 141 29 behandling
555 688 41 22 har
605 688 117 22 utskottet
732 690 60 28 tagit
803 689 39 23 det

86 722 153 26 finansbehof,
259 730 49 14 som
324 726 25 18 är
364 722 111 22 förutsatt
489 723 9 21 i
513 722 85 29 nådiga
612 723 176 28 propositionen
803 731 38 15 n:o

87 759 25 20 31
129 756 98 22 rörande
242 756 28 22 de
286 756 39 22 vid
343 758 53 21 1897
413 757 35 21 års
464 757 112 29 landtdag
591 756 84 22 äskade
691 757 82 29 anslag
783 760 60 20 samt

86 794 129 25 utvägarna
230 791 36 21 till
282 791 66 22 deras
363 791 154 24 bestridande,
533 798 52 15 men
599 798 55 15 vore
665 791 39 21 det
713 792 128 22 utskottets

86 826 79 28 afsigt,
188 826 76 21 derest
280 825 130 21 Ständerna
425 825 77 22 lemna
516 826 116 21 utskottet
646 825 93 22 tillfälle
755 826 85 27 dertill,

86 862 35 19 att
135 860 9 21 i
160 859 75 22 sinom
253 859 35 21 tid
306 859 35 22 uti
361 861 34 19 ett
410 858 200 29 slutbetänkande,
626 859 117 29 grundadt
757 860 30 28 på
801 860 40 22 det

86 893 118 23 definitivt
214 893 124 22 faststälda
347 892 109 30 beloppet
467 894 26 21 af
501 893 151 23 statsverkets
663 893 76 28 behof,
750 894 90 28 afgifva

86 928 39 22 det
148 928 95 28 slutliga
264 927 110 29 yttrande
396 935 49 15 som
461 936 28 14 en
505 928 81 29 möjlig
601 928 162 22 modifikation
778 929 8 21 i
801 928 38 22 be-

84 963 132 27 räkningen
231 962 26 22 af
269 962 187 22 finansbehofvet
471 965 58 19 samt
540 962 25 22 af
573 962 97 22 stånden
681 962 158 28 tilläfventyrs

84 997 9 22 i
108 996 277 29 Bevillningsutskottets
398 996 89 29 förslag
496 996 82 30 gjorda
587 996 163 29 förändringar
760 997 80 22 kunna

84 1031 98 29 påkalla.
217 1031 89 22 Genom
329 1031 63 21 detta
407 1031 8 21 i
431 1030 144 23 förhållande
597 1030 37 22 till
657 1030 98 29 tidigare
774 1031 65 21 häfd-

84 1067 89 20 vunnet
195 1065 133 22 förfarande
351 1064 74 22 delvis
448 1064 137 23 förändrade
607 1064 124 22 arbetssätt
750 1065 88 28 hoppas

84 1099 116 22 utskottet
222 1099 70 22 hafva
314 1098 74 23 under
410 1099 150 28 iakttagande
579 1099 26 22 af
620 1098 219 29 landtdagsordnin-

84 1141 58 22 gens
165 1133 155 28 föreskrifter,
342 1133 213 28 uppmärksammat
576 1133 69 21 äfven
668 1133 28 21 de
717 1133 121 28 yrkanden

83 1168 31 29 på
128 1167 124 22 förändrad
268 1167 100 28 ordning
381 1167 40 22 vid
431 1167 262 28 bevillningsfrågornas
704 1166 134 29 beredning,

83 1202 82 22 hvilka
186 1201 41 22 vid
248 1201 82 22 remiss
353 1201 26 22 af
398 1202 175 28 propositionen
592 1201 119 28 angående
733 1201 106 28 stämpel-

84 1237 130 27 bevillning
230 1236 80 21 blifvit
329 1236 4 21 i
348 1236 197 28 Borgareståndet
559 1235 142 22 framstälda.

152 1271 47 21 Vid
210 1269 172 29 behandlingen
393 1269 26 22 af
426 1271 176 27 propositionen
612 1277 38 14 om
660 1269 179 28 stämpelbevill-

84 1305 58 28 ning
164 1305 41 21 har
227 1305 117 21 utskottet
365 1304 83 21 främst
469 1304 52 21 sökt
536 1303 136 29 förslagsvis
688 1303 101 22 beräkna
803 1303 35 22 in-

84 1339 134 20 komsterna
233 1338 26 21 af
272 1338 76 21 denna
364 1338 69 21 skatt.

152 1411 207 24 Bevillningsutskottets
371 1411 111 18 betänkande
493 1411 34 19 N:o
538 1412 19 17 2.
