1048 1706
312 121 30 23 T.
357 121 29 23 B.
401 134 28 3 —
443 121 74 29 Prop.
535 121 42 23 N:o
592 121 39 23 22.
828 126 26 22 59

337 185 26 20 12
378 186 19 25 8.
427 185 36 26 (13
479 185 44 21 och
539 185 26 20 14
580 185 40 26 $$).

173 246 74 21 Bland
267 246 28 22 de
311 247 179 21 verksammaste
506 246 90 22 medlen
612 246 35 22 för
662 246 135 28 skyddande
812 247 43 21 och

104 280 126 21 förökande
245 280 27 21 af
284 280 133 22 villebrädet
432 282 26 19 är
473 280 145 28 förföljandet
633 281 44 21 och
691 280 131 22 utrotandet
832 281 27 20 af

104 314 117 21 fienderna
244 314 34 21 till
294 314 133 21 detsamma.
459 314 86 22 Räfven
560 316 26 19 är
602 314 96 22 erkändt
712 314 144 21 villebrädets

103 349 77 20 värsta
196 348 79 21 fiende.
301 348 26 21 13
343 349 12 26 8
370 348 8 20 i
393 348 44 21 den
453 348 83 27 nådiga
552 348 171 28 propositionen
736 348 120 21 förordade

104 382 103 22 tillstånd
228 382 34 21 till
285 382 136 28 förföljande
442 383 26 20 af
487 384 37 20 räf
540 383 87 27 jemväl
650 383 14 21 å
686 389 90 15 annans
791 382 66 22 mark

104 422 83 21 genom
204 417 152 27 uppsökande
371 416 25 21 af
408 417 85 27 räflyor
507 420 60 18 samt
582 422 82 21 genom
679 419 33 19 att
725 417 40 21 vid
777 416 81 28 räfjagt

104 451 54 21 med
177 451 64 21 hund
257 451 104 22 fortsätta
373 451 77 27 jagten
466 451 13 21 ä
494 458 90 14 annans
599 450 73 22 mark.
703 451 43 21 Det
760 451 61 21 förra
835 451 26 20 af

104 485 68 21 dessa
194 485 74 21 medel
291 485 74 21 skulle
385 485 38 27 jag
446 491 55 15 anse
524 486 77 21 säsom
624 485 37 21 det
678 485 180 21 verksammaste

105 519 35 21 för
161 519 90 21 räfvens
274 519 121 22 utrotande
418 519 43 21 och
484 519 128 22 detsamma
634 519 73 21 skulle
723 519 50 21 icke
788 519 71 21 heller

105 553 61 26 gifva
188 553 116 28 synnerlig
319 553 123 27 anledning
457 554 34 20 till
506 554 117 21 missbruk
638 553 26 21 af
675 553 134 27 rättigheten
824 553 34 20 till

104 587 48 27 jagt
167 587 14 21 ä
196 594 90 15 annans
301 587 73 22 mark.
410 588 114 21 Utskottet
538 589 43 20 har
596 587 124 21 emellertid
731 587 49 21 lätit
789 587 70 21 första

106 623 125 19 momentet
246 622 7 20 i
271 623 26 19 13
311 623 12 25 &
339 622 25 20 af
376 621 44 21 den
436 622 83 26 nädiga
534 621 171 28 propositionen
721 621 59 27 utgä.

176 656 107 21 Deremot
297 655 64 22 torde
377 656 37 21 det
428 655 50 22 icke
493 656 80 21 kunna
588 655 119 27 bestridas,
723 657 32 19 att
767 655 7 20 i
785 655 74 28 skydd

106 689 27 20 af
152 689 157 27 stadgandena
332 690 33 20 uti
387 689 73 22 andra
482 692 125 19 momentet
629 689 7 20 i
654 690 25 20 13
694 690 13 25 8
722 689 44 22 och
783 690 26 20 14
824 690 13 25 $
852 689 7 20 i

107 723 45 21 den
174 723 84 28 nådiga
279 723 172 28 propositionen
467 724 133 26 (Utskottets
618 724 25 20 12
658 724 21 26 8)
695 723 76 26 oloflig
784 723 48 28 jagt
847 723 14 21 ä

107 764 91 15 annans
221 758 66 21 mark
310 758 47 21 kan
379 757 52 22 med
455 758 79 21 lätthet
556 758 114 21 bedrifvas
693 759 59 20 samt
767 760 38 24 att,
821 764 38 14 om

108 792 76 27 något,
200 792 66 21 dessa
281 792 142 27 stadganden
438 792 130 21 bibehållits
585 792 143 21 uteslutande
743 791 33 22 uti
789 794 71 25 sport-

105 826 107 27 jägarens
227 826 101 21 intresse.
353 826 62 21 Enär
424 826 118 27 jordegare
553 827 44 20 och
606 825 252 28 jagträttsinnehafvare

108 860 170 27 otvifvelaktigt,
301 861 7 20 i
330 860 110 21 händelse
465 861 109 20 anhållan
600 860 78 21 derom
701 862 72 25 göres,
795 860 64 21 torde

108 894 52 21 med
176 894 51 27 nöje
243 895 60 26 gifva
319 894 102 21 tillstånd
433 895 34 20 till
478 894 152 28 uppsökande
643 895 25 20 af
675 895 84 26 räflyor
769 895 14 20 å
793 894 66 21 deras

105 928 159 27 jagtområden
288 931 56 19 utan
366 928 153 22 användande
534 929 26 20 af
572 929 72 26 hund,
661 928 68 27 vågar
741 928 40 27 jag
795 928 65 21 vörd-

108 965 60 19 samt
182 963 88 26 föreslå,

381 1027 32 20 att
433 1026 40 20 den
495 1026 27 27 af
544 1026 101 21 Utskottet
663 1025 115 28 förordade
801 1025 27 21 12
845 1025 16 27 $

313 1061 41 20 och
375 1061 81 20 således
481 1061 27 20 13
530 1061 40 20 och
593 1060 27 21 14
640 1059 53 28 $$
685 1055 15 37 i
715 1060 40 21 den
778 1059 82 28 nådiga

311 1093 161 28 propositionen
489 1095 65 20 måtte
570 1095 57 26 utgå.

399 1192 26 20 25
441 1192 18 25 8.
491 1192 35 25 (26
541 1192 27 25 5).

177 1254 45 21 För
245 1253 106 22 dödande
373 1254 26 20 af
417 1253 67 27 björn
507 1253 94 22 föreslås
624 1259 27 14 en
673 1253 108 26 belöning
796 1253 25 20 af
833 1253 27 20 25

108 1288 73 21 mark.
212 1288 81 21 Ehuru
313 1287 38 28 jag
371 1288 26 20 är
419 1287 25 20 af
465 1294 88 14 samma
574 1287 94 26 mening
682 1293 50 14 som
749 1286 113 21 Utskottet

108 1322 145 25 derutinnan,
269 1323 32 18 att
315 1321 76 20 denna
406 1321 115 26 belöning,
537 1321 35 20 för
587 1320 148 21 undvikande
745 1321 26 20 af
777 1321 84 25 tvistig-

108 1356 64 20 heter
187 1355 86 26 derom,
288 1354 94 21 hvilken
398 1354 63 21 ålder
475 1355 54 20 eller
539 1354 85 21 storlek
634 1353 96 28 björnen
740 1353 43 21 bör
793 1354 69 20 hafva

108 1389 104 28 uppnått,
227 1389 36 21 för
284 1390 32 19 att
338 1387 49 22 icke
405 1394 50 15 mer
469 1388 80 21 kunna
564 1394 67 15 anses
647 1387 76 22 såsom
739 1393 65 21 unge,
820 1387 42 21 bör

108 1424 140 21 bestämmas
271 1423 48 21 lika
341 1425 47 19 stor
406 1423 35 20 för
456 1423 117 20 fullvuxen
589 1421 66 28 björn
671 1428 50 15 som
737 1421 35 22 för
787 1421 74 28 björn-

176 1465 44 20 Lag-
233 1465 27 15 och
272 1463 168 17 Ekonomiutskottets
451 1463 104 17 betänkande
566 1463 34 16 N:o
612 1467 17 15 4.
