1045 1703
227 103 26 21 18
525 103 40 21 N:o
583 103 32 21 19.

541 171 12 27 8
570 171 34 21 57.

265 209 83 22 Varder
370 209 135 27 förmyndare
528 210 109 21 förklarad
657 210 105 27 omyndig,
782 210 53 21 eller
852 210 40 21 har
906 210 43 21 han

197 244 33 21 till
245 243 46 22 sina
306 244 128 27 borgenärer
449 244 81 21 afträdt
540 245 32 20 sin
583 244 103 26 egendom
697 244 52 21 eller
759 250 76 21 genom
847 244 101 22 domstols

196 277 70 22 beslut
284 277 70 23 blifvit
372 278 71 21 dertill
462 278 122 28 förpligtad,
599 278 54 21 skall
669 279 41 21 han
726 284 61 16 anses
803 281 75 24 genast
893 279 56 22 skild

196 312 47 22 frän
258 312 204 28 förmynderskapet.

264 346 153 22 Förekommer
432 346 61 27 eljest
509 346 164 27 omständighet,
689 348 28 26 pä
732 346 69 28 grund
816 346 77 23 hvaraf
906 347 42 21 för-

196 381 101 27 myndare
312 381 66 27 enligt
393 381 27 21 28
436 380 11 28 $
464 381 18 27 ej
498 381 73 22 vidare
587 380 34 22 mä
636 381 113 22 innehafva
764 381 184 29 förmynderskap,

197 415 52 22 eller
267 415 39 21 har
325 415 135 27 förmyndare
480 416 34 21 vid
530 415 176 22 handhafvandet
721 415 23 22 af
758 416 32 22 sin
806 416 120 28 befattning
941 417 7 21 i

196 450 105 27 väsentlig
316 450 50 22 män
381 450 68 22 brutit
464 453 44 19 mot
523 450 32 22 sin
569 451 60 27 pligt,
645 451 64 21 varde
725 457 75 21 genom
815 453 82 20 rättens
912 450 36 22 be-

196 484 43 22 slut
253 485 47 21 frän
317 484 197 28 förmynderskapet
529 485 63 21 skild.

264 519 114 22 Föräldrar
393 518 35 22 mä
442 519 66 22 likväl
524 519 18 28 ej
558 520 74 27 skiljas
647 519 46 22 frän
710 520 129 27 rättigheten
853 522 32 19 att
895 526 53 21 upp-

195 553 68 22 fostra
281 553 38 22 sitt
338 553 143 27 minderäriga
496 554 60 26 barn,
573 555 47 20 med
635 554 82 21 mindre
733 554 25 21 de
774 555 56 26 gjort
845 555 32 26 sig
892 555 56 26 skyl-

196 588 48 27 dige
262 587 33 22 till
310 587 57 28 groft
385 587 107 22 missbruk
508 588 23 21 af
545 589 32 20 sin
593 589 123 26 myndighet
731 589 60 21 öfver
805 588 76 22 barnet
896 589 52 21 eller

195 625 65 19 annat
280 623 58 21 svärt
362 622 160 23 äsidosättande
544 623 24 22 af
587 623 46 22 sina
654 623 179 28 föräldrapligter,
853 623 53 22 eller
921 624 27 21 de

195 663 75 21 genom
286 657 92 27 osedligt
397 657 52 21 eller
464 657 109 27 vanartigt
588 657 92 22 lefverne
696 658 52 21 eller
764 657 112 28 uppenbar
891 657 57 22 oför-

195 690 62 28 mäga
272 694 32 19 att
320 690 122 22 handhafva
457 692 87 21 barnets
559 692 124 27 uppfostran
695 692 110 28 äfventyra
816 692 131 22 densamma.

193 726 46 22 När
255 726 69 27 dylikt
339 726 47 21 skäl
394 725 148 28 förekommer,
556 726 81 22 anmäle
648 726 242 28 förmyndarenämnden
900 726 47 22 der-

194 766 34 16 om
243 760 40 22 hos
298 762 77 20 rätten.

539 801 11 27 8
568 802 33 21 58.

262 841 45 21 Har
325 840 135 28 förmyndare
478 841 34 21 till
530 842 46 21 sina
593 842 133 26 borgenärer
740 840 81 23 afträdt
836 842 33 21 sin
883 848 63 21 egen-

194 875 47 22 dom
257 874 52 22 eller
324 880 76 21 genom
415 876 82 20 rättens
513 875 70 22 beslut
597 875 71 21 blifvit
683 876 32 20 till
731 875 77 22 sädant
819 875 127 22 afträdande

193 909 122 27 förpligtad,
332 908 39 22 och
387 908 74 22 varder
478 910 35 20 det
524 910 214 21 konkursdomstolen
750 909 98 28 kunnigt,
859 912 33 19 att
901 910 45 27 gäl-

193 943 92 21 denären
300 943 39 21 har
354 945 32 19 att
403 943 96 22 redovisa
514 943 33 22 för
558 944 182 26 förmynderskap,
752 950 45 15 som
808 944 60 27 lyder
879 944 67 22 under

193 984 68 16 annan
277 980 51 24 rätt,
342 977 54 21 skall
408 978 118 21 domstolen
537 980 74 25 genast
622 984 33 16 om
667 978 141 27 egendomens
818 978 128 22 afträdande

192 1012 127 21 underrätta
334 1012 160 21 vederbörande
510 1012 92 26 domare,
617 1012 26 21 sä
657 1012 47 27 ock,
718 1013 6 20 i
736 1012 38 22 fall
785 1012 23 21 af
817 1012 70 27 behof,
898 1015 47 20 utse

191 1047 42 27 god
255 1053 48 15 man
323 1048 39 24 att,
381 1047 33 20 till
434 1046 48 22 dess
502 1053 27 20 ny
544 1047 137 27 förmyndare
696 1047 33 27 sig
744 1047 103 27 anmäler,
862 1047 83 22 bevaka

193 1081 41 22 den
250 1081 122 27 omyndiges
388 1083 42 19 rätt
445 1081 7 21 i
467 1081 129 22 konkursen.

536 1155 12 28 8
564 1157 34 21 59.

209 1220 2 2 +
259 1196 41 22 Vid
323 1196 91 21 domstol
434 1196 55 21 skall
508 1196 58 22 föras
584 1196 237 28 förmynderskapsbok,
841 1196 60 22 hvari
916 1197 27 21 de

190 1230 184 27 förmynderskap,
390 1236 46 16 som
452 1232 33 20 stä
496 1231 68 21 under
574 1231 129 21 domstolens
713 1231 102 26 värdnad,
827 1230 116 23 inskrifvas

191 1264 39 21 och
245 1263 34 22 för
293 1264 134 21 värdnadens
442 1264 116 21 utöfvande
573 1264 78 27 nödiga
666 1264 151 28 anteckningar
832 1266 64 26 göras
907 1271 37 15 en-

190 1298 40 27 ligt
251 1298 141 26 föreskrifter,
415 1298 72 22 hvilka
510 1298 23 22 af
553 1298 104 28 Kejsaren
675 1299 39 21 och
735 1299 132 22 Storfursten
885 1299 57 22 med-

191 1333 64 23 delas.
285 1333 191 28 Förmynderskap,
500 1339 45 16 som
564 1334 19 27 ej
602 1334 95 27 grundar
715 1334 32 27 sig
763 1334 13 22 &
791 1334 151 28 förordnande,

189 1367 36 23 mä
244 1368 54 21 dock
313 1368 6 21 i
336 1367 69 23 boken
422 1369 106 26 upptagas
546 1368 75 23 endast
636 1369 7 21 i
657 1368 38 22 fall
715 1369 40 22 den
776 1369 111 28 omyndige
902 1369 40 22 har

189 1403 109 28 egendom.
