1042 1684
326 95 29 22 U.
370 95 27 22 B.
413 108 26 4 —
457 96 74 28 Prop.
547 95 45 23 N:o
607 96 38 22 19.
831 98 27 19 21

112 171 47 19 sats
179 168 209 22 öfverensstämmer
408 169 37 22 väl
461 168 49 22 med
525 168 103 28 gällande
643 170 56 25 rätt;
716 175 48 15 men
780 168 78 22 härvid

112 206 26 20 är
160 206 32 20 att
213 204 77 22 märka
308 206 33 20 att
356 204 141 28 förmyndare
513 204 47 22 med
577 204 78 22 odelad
670 204 136 28 förvaltning
822 211 37 15 en-

111 240 42 27 ligt
175 240 43 21 den
240 240 129 22 nuvarande
389 240 169 27 lagstiftningen
574 246 94 16 ansvara
683 240 35 22 för
734 240 125 22 densamma

110 277 54 26 efter
179 276 143 26 hufvudtalet,
339 274 78 22 medan
433 275 42 21 den
491 275 81 27 nådiga
587 275 163 27 propositionen
762 276 98 21 deremot

110 311 92 27 älägger
213 310 82 22 sädana
305 310 140 27 förmyndare
456 312 119 21 solidarisk
585 310 144 28 ansvarighet
739 310 35 22 för
782 311 76 27 skada,

110 353 46 15 som
171 352 78 22 genom
259 346 65 22 deras
335 346 103 22 vållande
448 346 145 28 tillskyndats
606 346 149 28 myndlingen,
767 346 92 22 såframt

109 383 50 21 icke
170 382 43 23 den
223 388 52 16 enes
284 382 141 22 värdslöshet
433 382 56 22 eller
499 382 108 22 förseelse
615 382 58 22 varit
684 382 24 22 af
717 382 42 22 den
770 382 88 22 beskaf-

109 418 83 28 fenhet,
209 421 33 19 att
257 418 42 22 den
315 418 68 22 andre
399 418 20 27 ej
435 418 85 22 kunnat
535 418 40 21 och
591 419 49 20 bort
656 418 134 22 förekomma
806 419 52 21 den-

112 460 86 16 samma.
217 454 78 22 Denna
306 453 133 22 förändrade
451 454 240 27 ansvarighetsprincip
702 460 66 15 anser
776 454 82 27 jemväl

109 491 116 22 Utskottet
247 491 54 21 böra
315 490 135 27 godkännas,
467 490 90 22 emedan
573 490 43 21 den
631 491 99 20 närmast
745 490 112 22 öfverens-

109 528 105 19 stämmer
237 527 49 21 med
301 527 77 26 lagens
394 526 111 21 allmänna
520 526 145 27 grundsatser
681 526 113 27 angäende
810 526 48 21 ska-

109 562 100 27 deständ,
225 568 50 16 men
291 562 97 22 deremot
403 564 26 19 är
445 562 38 22 det
499 562 69 27 enligt
584 561 126 22 Utskottets
724 561 59 28 äsigt
794 562 63 21 oskä-

109 597 48 28 ligt,
173 600 34 19 att
221 597 39 22 vid
275 597 79 22 sädant
369 597 139 22 förhällande
522 598 77 27 tvinga
615 603 27 16 en
653 597 147 27 förmyndare,
812 603 46 16 som

108 634 50 22 icke
181 634 40 21 har
243 636 48 19 rätt
312 635 33 20 att
367 633 76 28 afsäga
459 634 34 27 sig
509 633 214 28 förmynderskapet,
740 636 34 19 att
789 633 67 22 hand-

108 669 67 23 hafva
191 670 60 21 detta
267 669 88 22 odeladt
371 670 144 21 tillsammans
531 670 50 21 med
592 676 27 15 en
630 676 78 21 annan,
719 669 36 22 för
766 669 91 22 hvilken

108 706 44 21 han
177 706 104 28 möjligen
304 706 49 22 icke
379 706 40 21 har
450 706 127 22 förtroende
603 706 42 21 och
670 705 35 22 för
731 706 67 22 hvars
823 706 33 21 ät-

108 742 81 27 gärder
212 743 42 21 han
279 743 93 21 sälunda
393 742 55 22 dock
471 743 85 21 komme
580 744 33 19 att
628 749 53 15 vara
697 742 159 27 medansvarig.

108 778 41 22 Att
172 778 42 21 den
237 784 40 16 ene
301 777 156 28 förmyndaren
479 778 71 22 såsom
573 780 88 19 nämnts
677 777 86 28 undgår
778 784 78 16 ansva-

107 814 75 28 righet
188 814 35 21 för
229 815 67 21 sädan
302 814 42 22 den
351 814 80 22 andres
437 814 140 23 värdslöshet
584 814 54 22 eller
644 813 114 29 förseelse,
763 815 93 20 somhan

108 851 18 27 ej
136 850 59 22 varit
202 851 80 27 pligtig
293 850 139 28 förekomma,
439 850 103 28 erbjuder
550 850 49 22 icke
610 851 42 21 den
663 850 61 22 förre
734 850 122 27 tillräcklig

108 886 112 28 trygghet,
244 888 54 20 enär
319 886 81 22 vidden
421 886 24 22 af
459 886 38 22 det
513 886 149 28 aktgifvande,
679 892 46 16 som
742 886 91 22 sålunda
848 886 8 21 i

108 922 76 28 hvarje
207 923 40 21 fall
271 922 86 28 åligger
380 922 42 22 den
445 928 40 16 ene
509 922 156 27 förmyndaren
686 924 112 26 gentemot
813 922 42 22 den

109 958 74 28 andre,
200 959 65 21 beror
281 958 24 22 af
319 958 41 22 den
377 964 91 16 senares
484 958 126 28 personliga
623 958 145 27 egenskaper,
779 958 77 22 hvilka

110 994 59 28 förty
177 994 50 22 icke
235 995 75 21 kunna
319 1000 55 17 vara
383 994 206 28 medförmyndaren
597 994 118 28 likgiltiga.
740 994 116 22 Utskottet

108 1030 40 22 har
169 1030 75 22 derför
267 1030 80 22 ändrat
369 1030 133 28 paragrafen
524 1030 92 22 sålunda
631 1032 39 26 att,
687 1030 39 22 der
741 1030 54 22 flere
811 1030 43 22 för-

108 1066 105 28 myndare
224 1068 45 25 äro,
280 1068 74 20 rätten
364 1066 40 22 bör
416 1066 49 22 dela
475 1066 209 28 förmynderskapet
694 1066 49 22 dem
755 1067 99 27 emellan,

107 1108 33 16 om
157 1102 72 27 någon
245 1102 24 21 af
283 1102 49 22 dem
347 1102 38 22 det
399 1102 76 27 yrkar.

178 1138 98 22 Emedan
300 1138 115 22 Utskottet
431 1140 79 24 ansett,
527 1140 33 19 att
575 1138 141 26 förmyndare
732 1137 66 23 äfven
813 1138 40 21 bör

106 1174 23 21 få
144 1175 52 20 utan
212 1175 85 21 rättens
313 1174 102 21 tillstånd
431 1173 103 23 fortsätta
548 1174 92 26 rörelse,
658 1180 46 15 som
720 1173 96 22 utöfvats
831 1173 24 22 af

106 1209 143 27 myndlingen
273 1208 54 29 sjelf
345 1209 55 22 eller
416 1215 45 15 som
478 1209 142 27 myndlingen
636 1208 43 22 fått
695 1215 76 21 genom
788 1208 67 28 gåfva

106 1245 56 22 eller
178 1247 137 25 testamente,
325 1245 40 21 har
381 1247 12 19 3
406 1245 100 26 punkten
517 1245 24 21 af
548 1247 27 20 39
585 1244 28 29 $i
625 1244 230 23 öfverensstämmelse

106 1280 91 22 härmed
213 1280 96 22 ändrats.

176 1315 142 21 Beträffande
334 1317 14 19 4
364 1316 99 25 punkten
479 1315 25 21 af
517 1317 28 19 39
560 1316 12 27 $
587 1316 40 19 har
641 1315 137 27 ifrågasatts,
787 1316 66 20 huru-

106 1350 51 22 vida
173 1350 37 21 det
226 1350 46 21 deri
288 1350 129 21 omnämnda
432 1351 103 20 förbudet
551 1350 34 21 för
601 1349 141 28 förmyndare
758 1352 33 19 att
801 1352 53 19 utan

105 1387 86 20 rättens
207 1385 102 22 tillstånd
320 1385 51 28 ingå
382 1385 55 22 aftal
447 1393 34 14 om
489 1386 64 27 bolag
562 1385 66 22 också
638 1385 68 22 borde
717 1391 66 16 anses
794 1386 61 27 gälla

176 1434 137 23 Lagutskottets
327 1434 117 18 betänkande
456 1433 37 19 N:o
506 1434 16 18 4.
