1048 1709
304 88 28 22 U.
348 88 25 22 B.
392 102 25 2 —
434 89 75 27 Prop.
525 89 45 23 N:o
586 90 36 21 14.
822 92 26 20 15

99 162 71 25 vägen
191 160 6 20 i
219 162 71 20 större
311 160 56 22 eller
387 160 84 29 mindre
492 160 134 27 omfattning
646 161 99 27 besörjas
761 161 25 21 af
799 168 49 20 per-

99 201 71 19 soner,
195 202 46 15 som
264 198 39 19 äro
326 196 102 21 anstälda
449 196 6 21 i
477 202 71 16 annan
570 197 106 26 jernvägs
696 196 74 27 tjenst,
788 202 59 18 vare,

98 231 71 22 ehvad
186 231 82 21 driften
284 232 53 21 sker
348 232 49 20 med
408 238 55 20 egna
474 232 56 21 eller
541 232 134 21 främmande
687 231 83 28 fordon,
782 232 66 22 först-

98 266 94 22 nämnda
200 267 106 27 jernvägs
317 266 144 22 innehafvare
473 267 90 27 skyldig
574 269 32 19 att
617 266 85 28 utgifva
714 267 134 21 skadestånd

98 302 70 26 enligt
184 302 72 21 denna
271 302 43 26 lag,
332 302 70 21 säsom
419 308 34 15 om
469 302 82 22 driften
568 302 95 27 besörjts
679 303 49 20 med
738 303 55 21 hans
804 302 44 22 for-

99 336 42 22 don
156 337 40 21 och
212 337 24 21 af
250 343 82 15 samma
345 336 106 28 jernvägs
467 337 137 27 förvaltning
620 338 55 20 eller
690 337 118 27 betjening.

170 372 46 22 Har
232 373 55 21 dock
303 373 68 21 sådan
387 373 8 21 i
411 379 71 15 annan
495 374 106 26 jernvägs
618 373 68 26 tjenst
702 373 86 21 anstäld
800 380 48 19 per-

99 414 38 15 son
159 408 6 21 i
186 407 54 28 följd
260 408 25 22 af
299 408 82 22 driften
398 408 104 22 drabbats
519 408 25 22 af
558 408 42 22 död
616 408 56 22 eller
688 408 160 27 kroppsskada,

99 450 63 15 svare
179 442 34 23 för
224 444 159 22 skadeständet
394 444 159 22 innehafvaren
565 444 24 21 af
598 444 41 22 den
649 444 101 28 jernväg,
762 445 7 21 i
781 444 68 22 hvars

97 479 70 27 tjenst
182 479 43 22 den
241 480 84 22 dödade
341 480 55 22 eller
412 480 97 22 skadade
525 480 27 22 dä
568 486 40 16 var
624 480 69 27 stadd,
711 480 69 27 enligt
791 480 58 22 hvad

98 521 34 15 om
148 515 174 27 arbetsgifvares
338 516 143 26 ansvarighet
497 516 7 21 i
520 520 24 23 ty
560 516 40 21 fall
616 518 25 19 är
658 516 108 26 stadgadt.

449 575 12 28 S
478 577 19 19 8.

170 622 73 21 Timar
263 623 13 20 å
296 622 99 27 bangård
419 623 55 21 eller
495 625 66 19 annat
578 622 203 27 jernvägsomräde,
803 628 45 15 som

97 658 113 26 begagnas
226 657 25 21 af
264 658 38 22 tvä
319 658 55 21 eller
389 657 54 22 flera
456 658 120 27 jernvägar
592 660 143 24 gemensamt,
747 658 69 21 skada
827 657 25 21 af

99 693 41 21 den
156 693 7 21 i
182 695 8 19 1
210 693 55 21 eller
280 695 14 19 4
310 692 13 29 &
340 693 93 22 nämnda
449 693 153 22 beskaftenhet
617 693 7 21 i
640 692 55 28 följd
710 692 25 22 af
748 693 55 21 drift
813 692 36 22 för

98 728 112 22 särskilda
227 728 132 28 jernvägars
379 729 102 27 räkning,
503 730 54 20 eller
579 728 39 22 har
634 729 13 21 &
663 728 79 21 sådant
760 728 89 22 område

100 764 75 27 skada,
196 771 44 15 som
256 765 8 21 i
280 767 12 19 3
310 765 55 21 eller
381 767 12 19 5
410 764 13 29 &
439 765 145 27 omförmäles,
601 765 81 21 vällats
698 764 25 21 af
736 770 112 22 personer,

100 800 100 22 anstälda
218 801 37 21 vid
272 802 60 20 olika
345 801 130 27 jernvägar;
491 808 53 15 vare
561 800 76 22 dessas
653 799 151 28 innehafvare,
821 806 27 16 en

100 836 34 22 för
155 836 43 22 alla
219 837 39 21 och
280 837 44 22 alla
344 836 35 23 för
398 843 33 21 en,
453 837 117 28 ansvarige
590 835 35 23 för
641 836 152 21 skadeständet
809 836 40 22 och

100 874 53 26 tage,
170 872 75 22 derest
260 873 49 22 icke
326 874 135 21 annorlunda
477 872 96 29 aftalats,
592 873 34 27 sig
636 873 94 21 emellan
740 872 35 22 del
786 872 8 21 i
804 872 44 22 det-

99 915 93 15 sammas
201 909 109 27 gäldande
327 908 56 23 efter
401 909 55 21 hvad
468 910 49 21 med
528 908 90 28 hänsigt
628 908 35 22 till
674 908 96 21 skadans
782 908 66 22 orsak

100 945 56 21 eller
175 945 109 21 hvardera
300 946 252 26 jernvägspersonalens
571 944 66 22 skuld
653 944 90 27 pröfvas
760 944 88 27 skäligt.

450 1004 12 28 8
479 1006 18 20 9.

171 1052 186 27 Jernvägsegare,
379 1058 45 16 som
441 1052 23 20 ät
480 1058 71 15 annan
568 1051 120 22 öfverläter
704 1051 35 21 sin
754 1052 47 20 rätt
816 1052 33 20 att

100 1088 14 20 å
126 1087 123 28 jernvägen
269 1087 104 22 befordra
387 1093 111 21 personer
517 1088 39 21 och
575 1086 60 28 gods,
652 1092 52 16 vare
721 1086 35 22 för
772 1085 76 28 skada,

101 1130 45 15 som
170 1123 97 22 derefter
287 1124 7 20 i
314 1123 55 28 följd
392 1123 25 21 af
428 1124 136 26 jernvägens
580 1122 54 22 drift
649 1122 71 26 timar,
738 1123 112 26 gentemot

100 1160 42 22 den
158 1161 36 21 till
204 1160 135 22 skadestånd
350 1160 138 27 berättigade
499 1159 104 27 ansvarig
613 1158 93 22 likasom
714 1158 135 26 jernvägens

100 1196 150 27 innehafvare,
268 1196 54 21 dock
338 1196 19 27 ej
374 1196 49 21 med
439 1202 72 14 annan
527 1195 34 22 sin
572 1194 106 28 egendom
690 1196 28 19 än
726 1194 122 27 jernvägen

101 1234 56 20 samt
173 1232 50 21 dess
239 1232 125 27 lokomotiv,
382 1237 83 21 vagnar
481 1231 38 21 och
536 1230 72 27 öfriga
623 1230 110 20 tillbehör.

446 1290 11 28 8
477 1292 32 18 10.

172 1333 74 26 Egare
262 1333 56 20 eller
333 1332 144 21 innehafvare
493 1331 24 20 af
528 1332 95 25 jernväg
639 1330 34 20 må
684 1330 8 19 i
703 1328 146 26 ersättnings-

101 1368 49 26 mål,
167 1368 89 21 hvarom
271 1368 8 20 i
295 1367 71 21 denna
382 1366 37 27 lag
434 1366 62 26 skils,
515 1366 65 21 sökas
597 1365 39 21 der
653 1364 83 21 skadan
748 1363 60 21 skett
818 1363 30 21 el-

172 1408 137 24 Lagutskottets
322 1408 116 18 betänkande
451 1407 37 19 N:o
503 1407 13 18 1.
