1045 1709
300 114 30 23 U.
344 115 29 22 B.
388 128 28 3 —
432 115 73 29 Prop.
521 116 46 22 N:o
582 116 38 22 22.
822 123 25 21 13

95 184 137 22 innehafvare
247 185 12 21 å
274 184 103 22 bostället
392 186 120 26 qvarsitter,
528 186 52 20 enär
594 186 7 20 i
616 188 91 19 motsatt
721 185 37 22 fall
770 186 37 21 det
818 187 30 20 in-

95 220 85 26 gångna
194 219 76 21 aftalet
284 219 72 21 kunde
370 219 65 21 binda
448 219 79 27 jemväl
541 227 27 13 en
583 219 51 21 eller
644 220 51 20 flere
707 220 141 21 efterträdare

94 254 13 20 å
122 253 163 27 ifrågavarande
300 253 99 21 boställe.
429 253 50 21 Och
493 254 38 20 har
546 254 58 26 förty
619 254 96 26 yrkande
731 254 116 21 framstälts

95 287 81 25 derom,
185 290 32 18 att
232 287 140 21 förevarande
387 287 125 27 paragrafer
526 288 68 20 borde
607 287 140 22 underkastas
758 288 90 27 ändring

94 322 31 20 uti
147 321 77 27 antydt
246 320 108 22 afseende.
384 321 52 21 Men
459 321 33 25 dä,
506 320 83 28 jemlikt
603 321 115 27 förslagets
733 327 12 15 2
761 321 18 27 8,
796 322 52 20 aftal

94 355 24 21 af
137 355 163 27 ifrågavarande
320 355 48 26 slag
388 355 48 21 icke
450 354 32 22 får
497 356 32 20 för
544 355 92 21 boställe
651 356 60 26 ingås
726 358 51 18 utan
792 362 56 14 sam-

93 389 67 27 tycke
175 389 24 21 af
212 389 41 21 den
268 389 132 27 myndighet,
416 389 86 21 hvilken
517 389 60 21 öfver
586 389 103 21 bostället
700 390 39 20 har
750 391 96 26 uppsigt,

94 426 56 18 samt
172 423 69 21 denna
262 423 127 27 myndighet
404 423 84 21 säledes
503 430 52 20 eger
569 424 42 20 rätt
626 426 33 18 att
673 423 93 27 granska
780 424 68 20 vilko-

93 464 37 14 ren
146 457 32 21 för
194 458 37 20 det
245 457 113 21 tillärnade
373 458 74 20 aftalet
463 458 47 25 och,
526 459 7 19 i
543 458 102 20 händelse
656 458 23 20 sä
690 464 63 14 anses
764 458 82 27 nödigt,

93 492 67 27 vägra
175 492 94 21 tillständ
282 492 32 21 till
328 492 131 20 detsammas
469 492 113 27 ingäende,
593 492 38 20 har
643 492 126 22 Utskottets
779 492 69 21 flertal

94 526 48 22 icke
156 526 81 21 kunnat
251 526 74 21 förena
340 528 33 26 sig
388 533 36 14 om
440 526 155 21 ofvanberörda
609 526 103 26 yrkande.

162 561 155 27 Stadgandena
339 562 30 20 uti
391 562 176 26 propositionens
585 566 24 15 10
625 560 12 27 &
652 560 64 21 hafva
731 564 61 23 synts
806 561 42 20 Ut-

95 595 83 21 skottet
193 595 101 21 innebära
309 602 27 13 en
350 594 112 28 betänklig
477 595 41 20 och
533 595 18 26 ej
567 595 25 20 af
603 595 67 26 nägot
679 594 93 28 verkligt
782 595 69 21 behof

94 628 101 28 päkallad
211 632 56 18 samt
281 629 33 21 för
328 628 221 28 rättsuppfattningen
559 630 7 20 i
576 628 73 22 landet
667 628 133 22 främmande
818 630 30 20 in-

94 663 131 27 skränkning
246 665 7 19 i
275 663 163 21 vederbörande
457 664 126 26 jordegares
600 663 43 21 rätt
658 663 31 21 till
704 663 62 20 deras
781 663 67 21 mark.

96 697 49 21 Och
165 697 27 21 dä
208 697 139 27 paragrafens
362 697 161 27 bestämningar
538 698 111 22 dessutom
664 697 37 20 äro
717 697 84 27 egnade
816 700 32 18 att

95 731 117 27 uppväcka
231 731 138 27 stridigheter
384 731 77 21 mellan
476 731 162 21 vederbörande
651 730 197 28 jagträttsinnehaf-

93 772 52 15 vare
168 766 41 20 och
221 765 121 27 jordegare,
358 766 57 20 helst
430 766 38 21 det
483 766 68 21 mäste
566 765 84 21 befaras
665 768 32 18 att
712 767 30 20 uti
757 766 91 20 flertalet

95 800 25 20 af
138 800 27 21 de
184 802 7 19 i
206 800 128 27 paragrafen
349 800 97 26 antydda
461 800 35 21 fall
511 800 104 28 godvillig
630 800 218 21 öfverenskommelse

94 834 93 22 rörande
210 834 105 28 beloppet
336 834 23 21 af
379 834 95 29 ,skälig'
490 834 49 28 lega
553 834 48 21 icke
615 834 54 21 skall
683 833 71 22 kunna
769 835 79 27 äväga-

94 870 93 27 bringas,
210 869 39 21 har
271 869 115 21 Utskottet
408 869 111 27 föreslagit
539 873 32 17 att
593 869 118 21 omordade
726 870 122 26 paragraf
837 865 15 36 i

96 904 50 21 dess
160 904 74 20 helhet
249 904 67 20 mätte
331 911 24 13 ur
370 903 241 27 författningsförslaget
626 903 109 21 uteslutas.

163 938 69 21 Bland
247 938 28 20 de
290 939 6 19 i
310 939 176 26 propositionens
504 944 21 14 11
544 938 11 26 &
571 937 57 28 (10
641 937 66 27 enligt
722 937 126 22 Utskottets

95 972 89 27 förslag)
199 972 141 27 uppräknade
355 971 69 27 fäglar
438 971 133 21 förekomma
583 971 80 27 jemväl
674 972 116 26 grätruten,
800 979 48 13 var-

95 1006 72 27 fågeln
189 1006 42 21 och
253 1006 132 21 törnskatan.
414 1006 35 20 Då
464 1006 115 21 Utskottet
594 1005 119 22 emellertid
728 1006 59 21 hållit
802 1006 46 21 före

95 1044 33 18 att
148 1040 64 22 dessa
234 1040 67 27 fåglar
322 1040 48 21 icke
390 1041 38 20 äro
450 1040 24 21 så
489 1040 103 27 skadliga,
608 1043 32 18 att
656 1040 110 21 desamma
780 1040 69 22 borde

95 1075 100 21 hänföras
217 1074 31 22 till
271 1075 27 21 de
320 1082 16 13 s.
352 1074 20 21 k.
393 1074 149 28 skadedjuren,
559 1074 82 21 hvilkas
656 1074 115 22 utrotande
786 1076 6 19 i
807 1075 42 20 för-

96 1109 207 28 fattningsförslaget
318 1110 63 25 afses,
397 1109 39 21 har
451 1109 116 21 Utskottet
581 1116 23 14 ur
614 1109 130 27 paragrafen
754 1109 96 21 uteslutit

95 1144 93 22 nämnda
209 1144 74 27 fåglar,
298 1144 57 20 helst
376 1144 109 21 desamma
500 1150 79 21 genom
594 1151 26 13 en
635 1144 60 26 dylik
710 1143 77 27 åtgärd
801 1144 48 20 icke

95 1178 72 21 blefve
182 1178 25 21 af
218 1178 63 26 lagen
296 1178 120 26 skyddade,
432 1181 51 17 utan
497 1178 57 26 finge
569 1185 36 13 om
620 1177 42 21 ock
676 1178 56 20 blott
743 1178 25 20 af
774 1178 76 20 veder-

96 1212 96 21 börande
205 1212 240 27 jagträttsinnehafvare
459 1212 69 21 dödas
543 1212 51 20 eller
608 1212 81 27 fångas.

164 1247 106 21 Deremot
284 1246 39 21 har
337 1246 116 21 Utskottet
467 1250 71 17 ansett
553 1246 127 28 paragrafen
695 1246 53 21 böra
758 1246 91 21 omfatta

97 1280 41 20 alla
159 1280 32 21 till
211 1280 59 25 hök-,
293 1280 53 20 falk-
367 1280 41 20 och
430 1280 151 27 vråkslägtena
601 1280 96 20 hörande
712 1280 74 27 fåglar.
814 1280 36 27 Ty

97 1314 86 21 oafsedt
197 1317 32 18 att
245 1314 100 27 samtliga
360 1315 64 20 dessa
439 1314 67 28 fåglar
521 1314 63 21 torde
598 1314 53 21 böra
667 1321 62 14 anses
741 1321 46 14 mer
800 1314 50 21 eller

96 1348 82 20 mindre
194 1348 103 26 skadliga,
314 1348 24 20 är
354 1348 37 20 det
406 1348 45 20 ofta
466 1348 33 20 för
509 1348 41 20 den
561 1351 58 17 stora
629 1348 143 20 allmänheten
784 1349 64 24 svårt,

97 1382 7 20 i
123 1382 59 20 vissa
196 1381 37 21 fall
252 1382 32 20 till
303 1381 42 21 och
366 1382 50 20 med
431 1382 76 20 nästan
522 1382 103 26 omöjligt,
641 1384 32 18 att
688 1384 37 18 ute
740 1383 6 19 i
760 1384 90 18 naturen

97 1415 61 28 skilja
173 1415 77 22 mellan
265 1416 57 21 olika
337 1419 56 18 arter
408 1416 23 20 af
444 1416 161 27 ifrågavarande
620 1416 91 27 slägten,
722 1416 86 21 hvadan
818 1419 33 18 ett

165 1462 45 22 Lag-
223 1462 26 16 och
262 1462 167 16 Ekonomiutskottets
442 1462 102 16 betänkande
556 1462 36 17 N:o
603 1467 17 15 4.

868 945 20 11 10
900 940 10 22 $
923 940 27 23 (11
964 940 10 22 $

873 970 32 16 enl.
917 968 56 23 prop.)
