1039 1695
199 122 28 21 22
433 120 25 22 U.
472 120 25 21 B.
513 132 28 3 —
555 120 65 28 Prop.
635 118 38 22 N:o
690 118 33 22 15.

200 185 78 21 sulent
295 184 9 22 i
318 184 168 22 kreatursafvel
501 183 44 22 och
560 182 196 30 boskapsskötsel,
771 182 81 22 hvilka
867 182 21 29 ej
900 182 55 29 ingå

200 219 8 21 i
224 218 107 29 gällande
347 218 243 28 stämpelförordning.

559 302 45 29 38.

268 354 81 22 Under
364 354 28 22 de
413 354 67 22 flesta
503 354 26 22 af
548 354 8 22 i
572 353 76 22 denna
663 354 12 25 S
691 353 8 21 i
715 352 124 22 alfabetisk
855 352 101 29 ordning

200 391 120 27 upptagna
341 388 106 22 rubriker
469 388 116 22 meddelas
607 387 120 22 enahanda
745 386 122 23 föreskrift
883 394 49 15 som
947 387 9 21 i

200 430 32 15 nu
243 422 107 29 gällande
364 422 243 29 stämpelförordning,
617 422 44 21 och
671 422 37 21 fär
717 422 117 21 utskottet
845 422 41 21 här
896 428 60 21 egna

200 457 206 29 uppmärksamhet
421 456 83 22 endast
518 457 24 21 ät
557 457 72 28 nägra
643 463 84 21 genom
738 455 177 30 propositionen
925 455 32 22 el-

200 492 34 21 ler
249 491 26 22 af
287 491 117 22 utskottet
418 491 112 28 vidtagna
544 490 169 29 förändringar.

272 525 142 29 Arbetsbetyg.
444 525 100 22 Jemlikt
565 525 29 23 K.
610 525 30 22 K.
655 525 46 21 den
717 526 26 21 17
759 531 60 15 mars
843 525 56 22 1879
917 527 39 18 äro

201 559 171 23 vederbörande
395 560 163 27 Poliskamrar,
583 559 155 28 Magistrater,
767 559 190 28 Ordningsrätter

201 594 43 22 och
262 594 187 22 Kronolänsmän
464 595 101 28 pligtige
580 595 35 20 att
629 594 30 29 på
673 593 102 29 begäran
791 593 93 22 utfärda
899 600 17 14 s.
933 593 23 22 k.

201 629 150 28 arbetsbetyg
366 629 24 22 åt
404 636 116 22 personer,
543 629 82 22 hvilka
647 632 56 18 ärna
726 628 57 22 söka
798 628 79 22 arbete
892 630 65 20 utom

202 663 44 22 den
264 663 111 22 kommun
390 663 29 22 de
434 663 101 22 tillhöra.
565 663 36 22 Då
616 662 105 23 bemälda
735 662 165 29 myndigheter
914 663 43 22 fin-

202 705 40 14 nas
268 698 36 21 uti
328 697 267 30 författningsförslaget
623 700 121 26 upptagna
769 697 71 22 bland
865 697 92 26 sådana,

202 732 92 22 hvilkas
312 732 160 28 expeditioner
486 732 56 22 böra
557 731 105 22 utfärdas
678 732 13 21 å
707 731 193 29 stämpelpapper,
916 731 42 22 har

201 766 122 27 utskottet,
347 773 49 14 som
412 768 76 20 ansett
503 768 35 20 att
552 766 161 28 ifrågakomna
727 765 157 29 arbetsbetyg,
896 766 8 21 i
914 766 44 21 lik-

202 800 40 22 het
264 800 52 22 med
338 808 52 20 pass
414 800 43 22 och
472 800 224 29 tillståndsbiljetter
711 800 36 22 för
762 800 76 22 finska
853 800 105 22 medbor-

202 842 54 20 gare
272 836 34 20 att
320 835 73 21 vistas
409 835 8 21 i
433 836 61 20 orter
509 836 64 21 inom
587 834 86 27 landet,
690 834 72 22 borde
777 842 55 14 vara
847 835 110 28 stämpel-

201 868 52 28 fria,
268 867 74 23 infört
356 868 72 22 orden
443 869 172 28 ,,Arbetsbetyg
628 883 16 3 —
658 868 65 22 fritt"
743 869 13 21 &
771 869 109 28 behörigt
890 869 68 21 ställe

202 902 74 22 under
285 898 12 36 $
319 904 20 20 3.

274 937 72 27 Bevis,
369 937 115 22 vadebevis.
515 937 72 22 Ordet
608 937 131 27 vadebevis,
763 944 49 15 som
827 938 8 21 i
850 937 108 28 gällande

203 970 237 29 stämpelförordning
468 973 115 27 upptages
612 971 71 22 bland
708 971 28 22 de
761 971 51 29 slag
836 971 26 22 af
885 971 73 29 bevis,

202 1005 82 22 hvilka
305 1008 40 18 äro
366 1005 123 22 frikallade
504 1005 52 22 frän
572 1005 125 29 kartering,
714 1005 41 22 har
770 1013 28 14 ur
813 1005 44 22 den
873 1005 85 29 nädiga

202 1039 176 28 propositionen
393 1039 80 22 blifvit
488 1039 149 22 utelemnadt.
654 1040 72 21 Detta
741 1039 66 22 torde
822 1040 64 22 skett
900 1040 9 21 i
920 1047 39 14 an-

202 1072 97 29 ledning
314 1073 25 21 af
352 1073 121 22 framstäld
496 1073 161 29 anmärkning,
673 1075 35 20 att
723 1077 56 18 enär
793 1081 95 15 numera
901 1073 58 30 jem-

202 1107 38 21 väl
255 1107 8 21 i
278 1107 64 22 vissa
364 1107 109 22 brottmål
496 1108 148 29 protokollen
666 1107 43 22 och
730 1107 89 22 således
834 1108 70 22 äfven
920 1108 39 22 be-

202 1141 248 29 svärsanvisningarna
464 1142 66 22 skola
545 1141 92 23 affattas
654 1142 14 21 å
683 1141 193 30 stämpelpapper,
887 1143 72 28 något

202 1175 116 29 egentligt
332 1175 52 22 skäl
398 1175 52 22 icke
465 1175 103 30 förelåge
583 1175 37 22 för
635 1175 169 22 vadebevisens
819 1176 139 23 utfärdande

202 1209 14 21 å
231 1209 140 29 ostämpladt
385 1217 93 22 papper,
494 1213 27 26 ty
536 1217 37 15 om
589 1210 72 21 också
676 1210 65 21 lösen
757 1210 21 29 ej
794 1210 36 22 får
843 1210 115 29 uppbäras

202 1243 37 21 för
263 1243 155 28 vadebeviset,
444 1245 25 20 så
493 1246 81 26 syntes
596 1244 128 21 detsamma
746 1244 60 21 dock
824 1245 135 28 lämpligast

201 1276 57 22 böra
276 1276 101 22 skrifvas
392 1277 14 21 å
421 1278 193 28 stämpelpapper,
628 1277 73 22 hvarå
716 1276 84 30 sjelfva
815 1278 143 28 protokollet

202 1310 60 21 skall
288 1310 99 22 affattas.
417 1310 123 22 Utskottet
555 1311 42 21 har
609 1311 74 21 likväl
699 1313 77 19 ansett
791 1311 167 22 vadebevisens

202 1344 145 28 beläggande
377 1344 52 22 med
451 1344 171 29 stämpelafgift
649 1345 21 28 ej
694 1345 36 21 stå
747 1345 9 21 i
781 1345 179 22 öfverensstäm-

201 1377 72 22 melse
295 1377 53 22 med
370 1377 183 30 andemeningen
574 1379 35 21 uti
627 1378 140 29 stadgandet
781 1379 9 21 i
806 1379 27 22 25
849 1379 52 28 kap.
919 1381 10 20 1
946 1381 13 25 &

271 1417 206 23 Bevillningsutskottets
489 1418 111 18 betänkande
611 1418 34 19 N:o
657 1419 18 17 2.
