1048 1714
339 120 29 23 U.
383 121 28 22 B.
428 134 27 3 —
471 121 74 29 Prop.
561 121 45 23 N:o
622 122 37 22 18.
827 122 13 20 5

114 182 40 22 det
176 182 26 22 af
223 183 27 21 de
273 183 118 22 allmänna
414 184 132 28 grunderna
567 184 36 21 för
623 186 162 26 patenträtten.
827 184 44 21 Att

114 217 128 27 emellertid
264 225 32 13 nu
320 218 108 28 gällande
450 218 138 28 förordning
610 226 35 14 om
673 221 81 24 patent
776 218 26 21 af
823 218 46 21 den

114 252 28 20 30
168 258 61 14 mars
258 253 53 21 1876
338 252 115 21 utfärdats
479 254 57 19 utan
560 252 140 22 Ständernas
727 252 141 21 medverkan

113 285 77 21 kunde
217 286 63 20 finna
312 286 35 21 sin
374 286 129 28 förklaring
534 286 48 21 dels
612 286 55 25 deri,
698 289 35 19 att
759 286 110 29 upphofs-

114 322 173 19 mannarättens
310 320 109 21 karaktär
441 320 29 21 då
492 324 62 17 ännu
568 320 52 21 icke
635 320 61 21 varit
711 320 54 21 fullt
780 320 89 24 insedd,

114 353 49 21 dels
178 354 35 20 uti
229 354 44 20 den
289 354 208 28 omständigheten,
514 357 34 19 att
562 354 208 28 näringsfrihetens
783 355 85 28 grund-

114 391 46 17 sats
180 387 29 21 då
224 388 51 20 icke
290 396 41 13 var
346 388 150 29 fullständigt
511 396 83 21 genom
613 388 132 28 ständerlag
760 389 108 28 tryggad.

182 422 121 28 Utgående
326 422 52 21 från
401 422 70 22 ofvan
495 423 135 22 framstälda
650 423 145 28 synpunkter
811 423 58 21 hade

114 456 130 21 Ständerna
267 459 76 19 ansett
364 456 9 21 i
395 457 163 28 ständerlagen
583 458 55 20 böra
653 457 98 28 intagas,
768 457 100 21 förutom

115 490 27 21 de
158 490 8 21 i
182 490 43 22 den
243 491 86 28 nådiga
344 491 186 28 propositionens
546 491 87 29 förslag
648 491 35 21 till
700 492 65 28 dylik
780 492 40 28 lag
835 492 34 21 in-

113 525 89 28 gående
218 525 150 29 stadganden,
381 526 86 28 jemväl
482 526 62 21 vissa
559 526 116 22 allmänna
692 526 37 20 till
741 525 44 22 den
797 528 71 19 mate-

112 560 57 21 riela
198 563 158 26 patenträtten
381 560 101 22 hörande
507 561 155 28 grundsatser,
687 561 118 28 nämligen
831 568 36 14 om

112 594 126 21 föremålen
260 595 36 21 för
317 595 43 21 och
383 597 46 19 rätt
452 596 35 21 till
502 597 88 26 patent,
611 602 35 14 om
662 596 153 27 patenttiden,
831 602 36 15 om

112 631 118 26 patentets
251 630 154 25 rättsverkan,
425 637 36 14 om
477 630 144 27 lisenstvång
636 630 43 21 och
695 630 172 28 expropriation

113 663 26 21 af
152 667 86 24 patent,
254 671 36 14 om
307 663 63 22 talan
385 664 7 20 i
409 663 126 29 anledning
550 665 26 20 af
589 664 111 28 beviljadt
713 667 81 25 patent
808 667 60 18 samt

113 697 77 22 derom
214 701 35 18 att
269 699 178 27 patentregister
472 699 59 20 skall
547 699 61 20 föras
624 698 43 21 och
682 698 146 21 öfverlåtelse
844 698 26 21 af

112 735 82 25 patent
217 732 34 21 till
270 733 142 27 inskrifning
427 733 8 20 i
451 733 107 28 registret
574 733 107 26 anmälas,
699 733 42 21 och
758 733 36 20 till
809 733 59 28 följd

112 766 69 21 häraf
200 766 52 22 från
275 767 112 28 förslaget
407 767 36 21 till
459 767 171 21 administrativ
645 767 136 28 förordning
797 768 69 27 angå-

113 801 58 21 ende
194 803 81 26 patent
298 801 143 28 öfverflyttat
465 802 103 27 antydda
584 801 171 28 bestämningar
771 801 36 21 till
823 801 44 21 den

112 835 137 28 förordning
264 835 7 21 i
288 838 82 23 ämnet,
386 836 40 21 vid
442 836 67 21 hvars
525 835 111 22 stiftande
654 835 140 22 Ständernas
806 836 62 21 med-

112 870 88 21 verkan
227 870 122 28 päkallats,
375 870 73 28 jemte
471 870 38 21 det
531 869 129 22 Ständerna
682 870 8 20 i
712 870 155 21 nästnämnda

113 904 238 28 författningsförslag
367 905 100 28 vidtagit
478 908 84 17 smärre
573 903 162 29 förändringar
746 904 42 21 och
799 904 68 21 äfven

114 938 120 28 föreslagit
256 939 72 27 nägra
350 938 85 21 sädana
451 939 8 20 i
475 938 27 21 de
518 938 144 21 äterstäende
677 938 94 21 delarna
785 939 26 20 af
823 939 44 20 för-

113 973 75 27 slaget
203 973 35 25 till
254 973 171 21 administrativ
440 972 142 28 förordning.

182 1006 65 22 Efter
263 1007 38 21 det
316 1006 131 29 Kejserliga
463 1006 100 22 Senaten
579 1006 129 21 sedermera
722 1006 8 21 i
745 1006 72 21 nåder
829 1014 38 13 an-

114 1041 82 21 befalts
220 1044 33 18 att
275 1041 118 21 inkomma
415 1041 52 21 med
489 1040 155 28 underdånigt
668 1040 108 28 yttrande
803 1041 65 21 öfver

114 1075 140 21 Ständernas
277 1075 132 21 förberörda
432 1075 158 28 underdåniga
606 1082 58 18 svar,
680 1076 41 19 har
735 1075 132 28 Kejserliga

114 1110 107 25 Senaten,
244 1110 178 21 vidkommande
445 1110 140 21 Ständernas
605 1109 157 27 nyssnämnda
785 1109 82 28 åtgärd

114 1146 34 19 att
170 1144 52 21 från
243 1144 44 21 den
303 1144 130 28 föreslagna
451 1144 183 22 administrativa
650 1144 164 28 förordningen
830 1144 37 20 till

114 1178 39 21 det
164 1178 12 21 å
188 1178 140 21 Ständernas
339 1178 176 28 handläggning
526 1178 167 21 ankommande
704 1177 162 29 författnings-

114 1212 111 29 förslaget
248 1212 115 22 öfverföra
386 1212 118 29 åtskilliga
522 1212 36 21 till
583 1212 43 21 den
642 1212 119 21 materiela
775 1215 92 25 patent-

112 1249 77 19 rätten
212 1247 101 21 hörande
336 1247 151 28 stadganden,
510 1246 128 22 framhållit
653 1246 107 21 hurusom
777 1248 89 26 patent-

114 1282 110 20 väsendet
238 1281 102 21 utbildat
355 1282 35 28 sig
405 1288 27 14 ur
448 1282 27 20 de
491 1281 139 29 privilegier,
647 1287 47 14 som
710 1280 8 20 i
733 1280 63 21 äldre
807 1280 60 21 tider

114 1316 145 21 meddelades
284 1316 23 21 åt
327 1316 68 25 vissa,
418 1315 19 29 ej
461 1316 72 21 sällan
556 1316 26 21 af
598 1315 136 27 regeringen
749 1314 117 21 inkallade

114 1350 175 27 näringsidkare
311 1350 9 20 i
339 1349 107 21 ändamål
469 1352 34 18 att
525 1349 95 21 sålunda
642 1348 105 20 befordra
773 1348 43 20 den
831 1349 35 19 in-

114 1384 94 20 hemska
230 1383 121 21 industrin.
381 1383 138 28 Privilegiet
541 1382 138 21 tillerkände
695 1381 50 21 dess
761 1382 105 20 innehaf-

114 1425 54 14 vare
190 1417 61 22 vissa
274 1418 115 20 förmåner
412 1417 51 21 dem
487 1417 43 21 den
554 1416 122 27 allmänna,
699 1416 8 20 i
728 1416 63 21 äldre
807 1415 60 22 tider

182 1458 47 23 Lag-
242 1458 32 18 och
287 1458 181 18 Ekonomiutskottets
481 1457 110 18 betänkande
603 1456 37 18 N:o
652 1457 17 17 3.
