1056 1709
325 106 28 22 U.
368 106 28 22 B.
411 119 28 3 —
454 106 71 28 Prop.
541 106 41 23 N:o
598 107 34 21 17.
833 109 12 19 5

96 175 104 27 utgående
215 174 110 22 maltskatt
342 174 79 22 således
435 174 34 22 för
483 175 68 21 denna
566 176 56 26 gång
636 174 32 21 får
683 182 27 14 en
726 174 70 22 aktuel
809 175 36 20 be-

95 209 86 27 tydelse.
211 208 73 22 Redan
306 208 34 21 vid
362 210 82 20 senaste
459 209 99 27 landtdag
572 208 81 28 förelåg
667 216 81 14 samma
763 209 81 27 angelä-

96 243 78 27 genhet
189 242 31 21 till
234 242 105 28 pröfning,
358 250 49 13 men
425 242 41 21 den
481 243 26 20 då
521 242 77 21 mellan
612 243 90 20 stånden
716 242 126 22 förekomna

95 276 144 29 skiljaktighet
261 276 202 29 sammanjemkades
478 276 91 27 sålunda,
586 278 31 19 att
632 284 26 13 en
672 284 30 20 ny
716 277 79 27 pålaga,
811 284 34 13 ve-

94 311 125 26 xelskatten,
241 311 99 26 infördes,
363 311 76 20 medan
461 311 136 21 maltskatten
619 310 77 21 förblef
713 311 131 20 oförändrad.

94 345 31 21 Af
139 345 50 27 skäl,
205 352 46 14 som
265 345 106 21 utskottet
385 345 46 21 haft
447 347 49 19 äran
510 345 8 21 i
532 345 38 21 sitt
584 345 133 21 betänkande
732 352 35 14 n:o
784 347 11 19 2
808 353 35 12 an-

94 379 56 28 tyda,
165 387 62 20 synes
242 379 143 22 vexelskatten
400 379 55 21 dock
469 380 46 21 icke
530 379 33 22 för
577 379 127 22 närvarande
719 379 51 21 böra
784 379 57 20 bibe-

93 413 71 27 hållas,
187 421 50 13 men
259 414 70 21 kunde
351 413 66 28 enligt
432 413 244 28 Bevillningsutskottets
692 413 55 28 åsigt
763 413 36 21 det
814 413 31 22 fe-

93 447 61 22 lande
169 447 104 28 beloppet,
291 447 160 28 approximativt
462 450 76 25 63,000
548 448 60 21 mark
619 455 35 14 om
664 449 51 25 året,
723 447 119 28 lämpligast

93 481 8 21 i
115 481 56 21 form
187 481 22 21 af
223 481 54 21 ökad
291 481 110 21 maltskatt
415 483 92 26 uttagas.

162 515 133 21 Beträffande
311 515 197 21 åstadkommandet
523 515 22 21 af
559 515 69 21 denna
636 515 113 28 tillökning
758 515 84 28 förelig-

94 556 36 21 ger
146 549 54 21 dock
214 549 179 28 meningsolikhet
407 549 8 20 i
429 551 24 26 ty
467 551 74 25 måtto,
558 550 31 20 att
598 549 76 28 nådiga
684 549 158 28 propositionen

94 583 72 21 härvid
180 584 93 27 uppstält
288 591 25 14 en
329 583 117 28 progressiv
461 584 62 27 skala,
539 584 7 20 i
562 583 94 28 enlighet
670 584 49 20 med
734 584 54 21 hvad
799 585 44 20 sär-

94 617 64 22 skildt
172 617 7 21 i
194 617 82 28 Bayern
290 617 82 22 funnits
386 617 96 28 lämpligt
498 618 40 21 och
549 617 78 28 jemväl
639 617 33 21 vid
682 619 82 20 senaste
774 618 68 21 landt-

94 652 40 27 dag
156 652 58 21 inom
236 652 100 21 särskilda
358 652 61 21 stånd
434 652 39 21 hos
488 659 34 14 oss
536 652 33 21 till
583 651 135 28 iakttagande
733 652 110 27 förordats,

94 686 76 21 medan
192 688 12 19 å
226 687 63 20 andra
312 686 58 21 sidan
393 687 113 20 olikartade
527 687 162 27 anmärkningar
703 688 47 19 mot
765 693 80 14 samma

94 722 79 26 system
187 720 69 21 blifvit
275 721 34 20 vid
324 720 101 22 remissen
441 720 22 21 af
475 721 143 27 föreliggande
633 721 131 26 proposition
778 721 64 20 fram-

94 755 72 21 stälda.
195 754 44 21 Det
254 756 22 19 är
291 755 79 21 således
385 756 27 26 pä
426 754 33 21 sin
473 755 54 27 plats
542 756 32 20 att
588 755 106 20 utskottet
709 756 68 26 yttrar
792 754 32 28 sig
838 754 8 21 i

93 789 80 27 princip
194 796 35 13 om
245 789 25 20 de
285 789 186 27 omständigheter,
487 796 46 14 som
548 796 62 20 synas
625 789 42 20 tala
681 788 34 21 för
730 789 40 21 och
786 790 57 20 emot

94 823 36 21 det
144 823 130 27 progressiva
289 823 178 28 skattesystemet,
482 823 64 21 innan
561 823 41 21 den
612 823 7 20 i
629 823 76 27 nådiga
717 822 126 28 propositio-

93 865 43 14 nen
151 857 117 28 föreslagna
283 858 140 21 skattesatsen
437 858 97 21 kommer
548 858 66 21 under
629 857 141 28 ompröfning.

161 892 48 21 Mot
231 900 26 13 en
275 892 134 28 tillämpning
424 892 22 21 af
460 892 58 21 detta
532 893 79 27 system
626 892 38 21 har
678 892 7 21 i
700 892 89 21 stånden
804 891 40 22 och

90 927 79 27 jemväl
190 927 59 21 inom
271 927 105 21 utskottet
399 927 113 26 anmärkts,
528 928 31 19 att
574 927 117 20 detsamma
706 926 66 21 skulle
787 926 58 21 inne-

93 961 50 21 bära
158 962 31 20 ett
207 961 81 28 obilligt
302 961 134 28 betungande
453 960 21 22 af
488 961 35 21 det
538 962 65 20 större
618 961 102 27 kapitalet
734 962 56 20 samt
805 961 40 20 den

93 996 72 27 längre
187 995 72 22 hunna
273 995 98 22 tekniska
385 995 153 28 skickligheten
554 995 40 22 och
610 995 159 28 affärsinsigten,
785 995 59 21 hvar-

94 1030 39 21 hos
152 1030 78 27 jemväl
251 1030 41 21 den
313 1029 88 28 farhåga
415 1030 95 27 uttalats,
526 1031 32 20 att
573 1031 31 20 ett
620 1029 132 21 erkännande
768 1029 22 21 af
804 1029 40 21 den

93 1064 130 28 progressiva
244 1064 147 21 maltskattens
413 1064 145 27 berättigande
580 1063 70 22 kunde
672 1063 62 21 hafva
755 1063 33 21 till
807 1070 36 14 na-

94 1099 69 27 turlig,
176 1099 23 27 ja
214 1100 57 19 snart
289 1098 61 28 sagdt
365 1098 119 27 nödvändig
498 1098 58 28 följd,
572 1099 32 20 att
616 1097 78 28 jemväl
708 1098 59 21 inom
783 1097 62 22 andra

94 1140 74 20 grenar
183 1133 22 21 af
218 1133 90 20 industri
330 1133 31 20 ett
376 1132 104 27 liknande,
496 1133 34 20 för
545 1133 41 20 den
602 1139 58 14 mera
674 1132 121 21 utvecklade
810 1133 33 19 rö-

93 1167 68 21 relsen
176 1168 112 26 ogynsamt
302 1166 191 28 beskattningssätt
509 1167 85 20 komme
610 1167 32 20 att
656 1167 61 26 göras
732 1166 101 27 gällande.

162 1201 246 28 Bevillningsutskottets
430 1201 66 21 flertal
518 1201 38 21 har
570 1201 54 21 dock
639 1201 46 20 icke
700 1201 71 20 funnit
786 1201 60 21 dessa

94 1235 162 28 anmärkningar
271 1243 38 20 ega
324 1235 150 28 berättigande,
489 1237 52 20 utan
556 1235 107 21 betraktar
678 1235 40 21 den
727 1235 118 28 föreslagna

94 1270 160 28 progressionen
276 1270 7 21 i
305 1270 57 21 skatt
383 1271 93 20 närmast
499 1277 45 14 som
568 1277 26 13 en
615 1269 53 28 följd
683 1269 22 21 af
719 1269 72 28 sjelfva
805 1269 36 21 det

94 1305 155 27 skattesystem,
272 1304 66 28 enligt
359 1304 80 21 hvilket
461 1303 194 28 maltbevillningen
677 1303 39 21 hos
731 1311 34 13 oss
780 1303 64 21 sedan

96 1340 55 19 1884
165 1340 22 19 är
203 1339 112 25 anordnad,
331 1339 55 20 samt
402 1338 22 20 af
436 1338 72 26 sjelfva
517 1337 166 28 produktionens
693 1337 152 20 beskaffenhet.

161 1371 44 21 Det
220 1371 66 20 skulle
301 1378 48 13 vara
363 1371 46 20 icke
424 1371 55 20 blott
494 1370 104 28 praktiskt
614 1370 97 27 omöjligt
722 1371 52 20 utan
784 1369 61 22 äfven

162 1410 206 24 Bevillningsutskotteis
379 1410 110 18 betänkande
500 1410 34 18 N:o
549 1411 17 17 3.
