1064 1703
455 94 41 21 N:o
513 96 32 21 19.
835 97 13 20 3

167 309 119 32 Förslag
303 309 47 25 till
369 309 44 31 lag
430 309 142 32 angående
591 310 242 32 förmynderskap.

431 383 19 17 1
468 384 104 20 kap.

236 445 35 22 Om
286 445 139 29 myndigheter
440 445 31 21 för
486 445 278 28 förmynderskapsärenden.

476 514 12 27 8
506 515 18 20 1.

192 559 130 22 Häradsrätt
340 559 28 28 på
386 559 75 22 landet
478 561 39 20 och
537 559 154 23 rådstufvurätt
709 560 7 21 i
731 561 49 21 stad
796 560 81 27 åligger

124 594 63 27 tillse,
203 597 33 19 att
250 594 100 28 omyndig
365 595 19 27 ej
400 594 79 22 saknar
493 595 143 26 förmyndare,
651 597 55 20 samt
720 595 8 21 i
738 594 65 28 öfrigt
813 595 64 21 hafva

123 628 96 23 vårdnad
237 629 59 22 öfver
314 629 181 27 förmynderskap,
516 629 54 22 efter
588 629 57 22 hvad
660 630 7 21 i
683 629 69 22 denna
770 629 35 28 lag
820 631 57 26 sägs.

477 698 11 26 $
504 699 20 21 2.

192 737 42 21 Vid
249 737 123 22 vårdnaden
388 737 58 22 öfver
460 737 177 28 förmynderskap
653 737 56 22 skall
725 739 70 20 rätten
810 738 66 21 biträ-

124 772 38 21 das
177 771 24 21 af
214 771 224 27 förmyndarenämnd.

192 806 224 28 Förmyndarenämnd
435 806 56 22 skall
510 807 102 21 tillsättas
627 806 7 22 i
649 806 74 27 hvarje
741 806 34 22 till
794 808 83 20 rättens

125 840 109 22 domkrets
248 840 94 22 hörande
357 841 111 21 kommun.

191 874 108 22 Kommun
314 876 35 20 må
364 874 65 22 likväl
444 874 48 22 med
508 880 69 16 annan
592 874 100 22 kommun
703 874 86 22 förenas
801 874 33 22 till
846 876 31 20 ett

124 908 318 28 förmyndarenämndsområde,
454 915 34 15 om
499 908 26 22 de
535 909 67 27 begge
610 908 53 22 höra
673 908 34 22 till
716 914 85 16 samma
810 909 68 27 tings-

123 943 36 27 lag
181 942 39 22 och
238 944 70 20 rätten
326 943 68 27 gifver
412 943 72 21 dertill
502 943 36 21 lof.
568 942 81 22 Rätten
668 948 37 21 ege
725 943 45 25 ock,
791 942 37 21 der
843 942 34 22 till

123 977 115 27 tingslaget
258 977 41 21 hör
320 977 82 21 mindre
421 976 34 22 del
474 976 23 22 af
513 976 100 22 kommun
630 976 39 22 och
684 976 39 21 den
739 976 19 28 ej
774 976 103 22 åstundar

124 1017 53 21 egen
187 1010 219 27 förmyndarenämnd,
417 1010 128 22 föreskrifva
556 1011 134 21 densammas
699 1010 118 22 förenande
827 1011 49 21 med

124 1051 71 16 annan
211 1045 100 22 kommun
311 1040 13 37 i
342 1045 116 27 tingslaget
467 1045 34 21 till
512 1047 31 19 ett
553 1044 324 27 förmyndarenämndsomräde.

192 1078 252 28 Förmyndarenämnden
459 1079 74 22 bestär
548 1079 24 22 af
585 1079 128 22 ordförande
723 1079 40 22 och
774 1081 33 19 tre
818 1079 61 28 eller,

125 1113 38 22 der
177 1115 71 20 rätten
263 1113 87 28 pröfvar
365 1113 36 22 det
415 1113 79 28 nödigt,
510 1113 51 22 flere
576 1113 126 22 ledamöter.

477 1183 11 27 8
505 1183 19 20 3.

193 1222 133 22 Ordförande
341 1222 7 20 i
364 1221 218 28 förmyndarenämnd
600 1223 58 20 utses
674 1222 23 21 af
711 1223 72 19 ortens
799 1220 78 22 under-

125 1258 45 20 rätt
184 1256 34 22 för
232 1262 26 15 en
273 1256 32 22 tid
320 1256 23 21 af
356 1256 46 26 fyra
417 1256 134 21 kalenderär.
580 1255 156 22 Ledamöterne
751 1255 73 27 väljas,
835 1255 43 21 för-

125 1290 44 22 lika
191 1290 37 26 tid,
251 1291 28 26 pä
301 1290 74 21 landet
392 1290 24 22 af
431 1289 258 27 kommunalfuilmäktige
707 1289 40 22 och
766 1290 8 20 i
792 1289 48 21 stad
856 1289 24 21 af

125 1324 193 26 stadsfullmäktige
340 1324 58 26 eller,
420 1325 38 21 der
478 1325 80 21 sädane
577 1324 134 26 fullmäktige
730 1324 19 25 ej
766 1323 75 26 finnas,
856 1323 24 20 af

125 1358 131 23 kommunal-
276 1358 40 21 och
335 1358 79 21 allmän
431 1357 176 22 rädhusstämma.
637 1357 60 21 Dock
716 1358 53 21 böra
783 1357 94 21 ledamö-

125 1396 60 19 terne
199 1393 68 21 första
281 1392 84 28 gängen
380 1394 58 20 utses
453 1392 76 21 endast
543 1391 34 22 för
592 1394 33 20 tre
640 1391 24 22 är
679 1393 56 20 samt
750 1390 23 23 af
787 1391 48 22 dem
850 1397 26 16 en
