1048 1706
58 363 43 31 Stäm
109 363 81 31 pelafgift

68 396 28 17 för
113 395 74 18 afhand-

66 424 56 22 lingar
134 424 54 18 emel-

62 452 30 18 lan
104 452 83 18 enskilda.

197 131 28 19 54
371 130 85 22 Ständ.
472 130 37 22 Sv.
528 143 27 3 —
570 130 74 27 Prop.
661 130 43 21 N:o
719 129 36 22 15.

282 334 28 22 Se
324 335 8 20 i
347 334 65 28 öfrigt
427 335 12 20 3
456 336 18 26 $.

218 368 104 21 Warrant
336 368 100 41 stämplas
452 368 67 21 såsom
535 368 152 28 Förskrifning.

218 402 63 21 Vexel
297 402 99 28 stämplas
412 402 67 21 såsom
495 402 152 28 Förskrifning.

213 431 211 39 Äktenskapsförord
450 453 4 4 a
485 453 3 4 W
690 452 38 4 so.
758 452 4 4 os
792 452 4 4 8
826 452 4 4 sj
869 448 27 2 —
918 437 27 20 |50

217 466 193 32 Öfverlåtelsebref,
425 470 43 21 lika
479 449 52 53 ind
546 449 117 53 Köpebref.

517 586 22 25 II
559 586 73 31 Kap.

263 648 110 24 Särskilda
386 648 136 23 föreskrifter
537 647 108 29 angående
660 648 74 22 bruket
749 648 26 22 af
787 648 97 28 stämpel.

551 701 47 26 78.

264 746 136 29 Expedition,
414 754 44 13 som
473 747 7 20 i
496 746 217 22 öfverensstämmelse
728 745 49 21 med
792 745 161 21 föreskrifterna

196 782 8 20 i
226 782 12 20 3
261 782 12 26 $&
295 780 51 22 eller
368 780 65 28 enligt
452 780 91 29 tidigare
562 780 97 28 gällande
674 780 132 27 bestämning
820 780 105 21 utfärdats
940 779 13 21 &

196 815 173 29 stämpelpapper
387 815 51 21 eller
458 814 87 22 försetts
565 814 50 22 med
629 814 163 28 stämpelmärke
808 814 50 21 eller
872 814 41 21 ock
929 816 23 19 är

195 849 129 29 stämpelfri,
335 851 28 24 är,
378 849 63 21 äfven
456 856 34 14 om
506 848 162 29 stämpelmärke
683 848 82 26 saknas,
780 849 18 27 ej
810 848 142 22 underkastad

195 883 122 29 ytterligare
332 883 160 28 stämpelafgift,
506 890 34 14 om
556 882 40 22 den
611 882 33 21 till
660 882 124 28 myndighet
798 882 107 22 inlemnas.

264 917 110 28 Handling
389 917 51 21 eller
455 917 68 26 skrift,
538 924 44 14 som
598 916 66 28 enligt
675 918 12 20 6
698 918 12 26 $
723 916 72 22 blifvit
805 916 86 22 försedd
903 916 50 22 med

196 951 164 29 stämpelmärke
375 951 33 21 till
423 959 79 13 samma
518 951 51 21 eller
583 950 64 29 högre
663 951 64 26 valör,
742 953 26 19 än
783 951 57 21 hvad
854 951 34 21 för
899 950 53 22 bila-

195 992 38 22 gor
254 986 31 20 uti
309 986 14 20 4
347 986 12 26 $
381 985 101 28 stadgadt
502 987 29 25 är,
545 984 104 22 behöfver
664 986 25 26 ej,
704 984 28 23 dä
747 985 122 21 densamma
884 985 67 21 såsom

195 1020 71 28 bilaga
287 1020 101 20 inlemnas
412 1011 50 29 eller
483 1022 76 26 upptes
580 1019 37 21 hos
640 1019 91 21 domstol
752 1019 51 21 eller
824 1019 129 28 myndighet,

195 1054 68 21 förses
285 1054 50 20 med
355 1053 122 28 ytterligare
501 1054 95 27 stämpel.
626 1048 33 25 Är
680 1053 96 21 däremot
796 1053 41 21 slik
851 1053 102 28 handling

195 1087 52 21 eller
261 1087 64 22 skrift
339 1087 66 28 enligt
420 1088 12 20 6
448 1088 12 26 $
476 1087 118 28 stämpelfri
609 1087 51 20 eller
675 1087 77 28 belagd
763 1087 49 20 med
821 1087 57 28 lägre
888 1089 65 19 stäm-

195 1122 41 28 pel,
258 1123 27 19 än
307 1121 58 22 hvad
386 1121 34 21 för
442 1121 82 28 bilagor
545 1121 71 28 gäller,
637 1121 39 21 bör
691 1121 122 21 densamma
827 1121 37 21 vid
879 1121 74 21 inlem-

196 1156 79 22 nandet
296 1155 51 22 eller
372 1155 129 28 uppteendet
522 1155 69 22 såsom
613 1155 71 28 bilaga
708 1155 72 27 förses,
797 1156 7 20 i
820 1155 58 21 förra
892 1155 61 21 fallet

196 1190 50 21 med
266 1189 23 22 så
303 1189 44 28 hög
361 1189 96 28 stämpel,
472 1197 45 14 som
531 1190 32 21 uti
577 1189 88 21 tariffen
679 1190 7 20 i
701 1191 14 19 4
731 1190 12 27 $
759 1189 102 28 angifves,
876 1193 56 18 samt
945 1190 8 21 i

196 1231 73 14 senare
290 1223 114 21 händelsen
419 1223 49 22 med
488 1223 123 29 ytterligare
627 1223 90 28 stämpel
731 1223 32 21 till
779 1223 76 22 sådant
869 1219 84 44 belopp,

195 1259 33 18 att
242 1257 187 28 stämpelafgiften,
443 1257 140 20 inberäknadt
597 1257 42 20 den
653 1257 90 27 tidigare
760 1257 68 20 åsatta
842 1244 112 46 stämpeln)

195 1290 82 28 uppgår
296 1290 33 20 till
349 1290 58 20 hvad
427 1290 65 27 sagda
506 1290 61 21 tariff
582 1290 144 21 föreskrifver.
756 1290 82 21 Saknar
853 1291 101 28 handling

197 1323 51 22 eller
262 1323 69 27 skrift,
346 1323 28 21 då
388 1323 42 21 den
445 1323 53 28 ånyo
513 1323 37 22 vid
565 1323 91 22 domstol
671 1323 51 22 eller
734 1323 124 29 myndighet
868 1323 85 28 företes,

195 1358 42 21 den
259 1357 96 29 stämpel,
375 1357 102 22 hvarmed
501 1357 41 22 den
556 1357 91 28 tidigare
662 1357 73 22 blifvit
749 1357 93 27 försedd,
857 1358 54 21 skall
925 1367 28 20 ny

196 1392 91 29 stämpel
306 1392 34 21 till
362 1391 100 29 stadgadt
483 1391 78 30 belopp
584 1392 111 29 anbringas
714 1392 13 21 å
741 1392 133 29 handlingen,
890 1393 63 22 innan

195 1427 123 22 densamma
333 1426 33 21 får
381 1429 121 26 emottagas.
