1048 1709
194 135 28 25 58
403 134 30 22 U.
448 134 29 22 B.
492 147 27 3 —
534 134 75 28 Prop.
624 133 46 23 N:o
683 133 40 23 22.

553 432 34 23 I.

772 484 177 28 (Öfversättning).

266 559 36 21 Då
322 559 39 27 jag
382 559 50 21 icke
455 559 89 21 kunnat
567 558 7 21 i
596 559 45 20 allo
657 558 123 27 godkänna
795 558 156 27 pluralitetens

197 594 65 20 inom
278 593 113 21 Utskottet
407 593 81 27 åsigter
502 593 141 21 beträffande
658 593 106 26 förslaget
773 593 34 20 till
818 592 133 27 förordning

199 634 38 14 om
257 627 54 27 jagt,
336 627 34 20 får
390 627 39 27 jag
451 627 97 20 härmed
560 626 117 21 vördsamt
692 626 126 21 framställa
833 626 49 21 min
898 626 54 21 afvi-

199 661 76 21 kande
291 661 147 27 ståndpunkt.

495 759 26 20 10
536 759 18 25 8.
585 758 33 26 (11
636 758 27 26 8).

269 820 75 21 Bland
364 820 129 28 skadedjur,
510 827 58 20 som,
582 821 119 20 hvarhelst
715 820 28 21 de
758 820 141 27 tillfälligtvis
915 827 38 14 an-

200 856 86 27 träffas,
309 856 23 21 få
355 855 25 22 af
399 862 28 14 en
450 856 58 21 hvar
530 855 72 21 dödas
618 856 54 20 eller
689 855 79 27 fångas
784 856 44 20 och
843 855 110 27 behällas,

201 891 134 27 uppräknas
357 890 67 21 äfven
447 890 130 27 gräflingen.
608 890 121 27 Angående
747 890 61 21 detta
823 889 52 28 djur
890 891 64 25 säger

200 925 75 20 lektor
297 924 24 21 A.
343 924 20 21 J.
381 924 59 21 Mela
455 924 33 21 uti
504 925 36 20 sin
554 924 48 21 bok
620 923 122 22 »Finlands
758 923 194 28 Ryggradsdjur»:

205 959 141 26 »Gräflingen
361 959 32 25 är,
405 959 31 26 pä
451 960 44 19 sätt
509 958 70 21 redan
595 958 52 21 dess
662 961 61 18 stora
738 958 112 21 knöltand
861 958 92 27 utvisar,

201 993 46 21 den
262 992 71 21 minst
348 992 149 27 blodtörstiga
512 993 71 20 bland
598 993 45 20 alla
659 995 58 18 arter
729 993 26 20 af
762 993 193 26 hermelinslägtet

200 1027 153 27 (mustelidz),
376 1027 44 21 och
442 1027 118 21 använder
576 1027 86 28 jemväl
677 1028 138 20 växtämnen
830 1027 34 21 till
880 1027 73 21 föda».

203 1061 35 21 Dä
253 1061 135 21 densamma
403 1061 118 22 dessutom
537 1063 63 26 säges
616 1061 192 28 hufvudsakligen
824 1061 82 22 lifnära
921 1061 34 27 sig

203 1096 25 21 af
240 1096 106 26 insekter,
363 1096 85 26 sniglar
463 1096 44 21 och
522 1103 83 19 ormar,
621 1097 111 20 ehuruväl
748 1096 44 21 den
808 1097 76 26 någon
897 1097 58 26 gång

202 1129 68 22 äfven
286 1129 111 28 plundrar
411 1132 32 19 ett
455 1131 44 20 och
509 1133 71 18 annat
591 1130 30 27 på
632 1131 95 20 marken
737 1130 112 27 befintligt
859 1131 96 26 fågelbo,

204 1164 44 21 och
263 1163 30 22 då
308 1163 135 22 densamma
459 1164 13 21 å
487 1164 72 27 några
574 1167 59 19 orter
645 1165 65 26 jagas
722 1165 86 26 jemväl
824 1165 34 21 för
873 1165 82 20 köttets

204 1198 67 26 skull,
287 1199 47 20 kan
350 1205 54 14 man
420 1198 52 21 med
488 1199 37 26 fog
540 1199 72 28 påstå,
628 1201 32 18 att
674 1199 45 20 den
734 1199 89 20 medför
832 1205 50 15 mer
892 1201 65 25 nytta

202 1233 32 20 än
258 1232 79 21 skada.
367 1232 78 27 Enligt
466 1233 48 20 min
530 1233 59 26 åsigt
604 1233 59 20 hade
678 1233 125 26 gräflingen
818 1233 138 20 åtminstone

205 1266 51 20 bort
278 1266 109 21 hänföras
410 1266 33 20 till
467 1266 44 20 den
531 1271 73 22 grupp
620 1265 24 21 af
658 1265 57 27 djur,
731 1266 85 26 hvilka,
833 1273 38 14 om
883 1266 28 21 de
927 1267 30 20 än

205 1299 50 21 icke
277 1301 40 20 äro
340 1299 110 28 fridlysta,
466 1299 60 22 dock
542 1299 49 22 icke
606 1299 56 21 böra
677 1299 86 22 räknas
777 1300 35 21 till
827 1299 130 28 skadedjur,

203 1334 55 21 dem
273 1340 28 15 en
316 1334 59 21 hvar
389 1334 35 21 får
439 1333 60 22 döda
515 1334 57 21 hvar
588 1341 49 14 som
653 1334 64 21 helst.
741 1335 43 27 Jag
799 1335 69 27 vågar
882 1335 76 21 derför

205 1369 118 22 vördsamt
337 1369 89 26 föreslå,

480 1434 31 20 att
531 1432 123 29 gräflingen
677 1434 65 20 måtte
757 1440 26 14 ur
797 1433 38 28 $:n
851 1434 108 21 uteslutas.

273 1474 47 22 Lag-
332 1474 28 16 och
372 1474 169 16 Ekonomiutskottets
553 1474 103 16 betänkande
667 1474 34 16 N:o
713 1479 17 15 4.
