1039 1709
292 101 76 23 Ständ.
384 102 34 22 Sv.
434 115 27 3 —
476 103 64 28 Prop.
555 103 38 22 N:o
610 102 34 23 19.
817 104 25 20 31

439 169 27 21 55
482 170 20 25 8.

157 218 49 22 Har
227 218 148 30 förmyndare
397 219 109 22 aflemnat
529 219 87 29 oriktig
639 219 54 22 eller
716 219 127 28 bristfällig

87 253 101 29 räkning
203 254 55 21 eller
274 254 19 28 ej
311 253 157 22 efterkommit
490 253 125 29 föreskrift,
638 261 49 14 som
703 254 85 21 honom
804 254 40 21 vid

87 287 175 29 förvaltningen
278 288 77 28 ålegat
371 288 112 28 iakttaga,
506 288 71 21 varde
591 288 26 21 af
629 290 76 19 rätten
727 287 116 22 tillhållen

87 321 41 22 vid
143 321 48 22 vite
206 324 35 19 att
255 322 101 28 fullgöra
370 321 37 22 sin
422 322 141 28 skyldighet.

155 355 164 23 Förekommer
335 356 55 29 eljes
406 356 127 29 anledning
548 358 34 19 att
597 355 95 22 klandra
710 356 133 29 förmynda-

87 397 36 14 res
137 390 146 29 förvaltning
299 390 56 22 eller
369 391 107 28 räkning,
492 391 73 21 innan
579 390 46 22 han
636 390 52 21 från
699 390 144 29 förmynder-

86 425 81 28 skapet
182 425 82 28 afgått,
279 426 38 21 må
330 427 78 20 rätten
422 427 52 19 utse
488 425 47 28 god
550 432 53 15 man
614 427 34 20 att
658 426 29 27 på
702 425 45 22 den
763 432 81 21 omyn-

87 459 65 29 diges
167 463 88 25 vägnar
270 459 44 22 den
330 459 160 22 klandertalan
505 459 84 22 utföra.

436 563 28 21 56
480 563 18 26 8.

154 619 87 21 Rätten
256 626 50 21 ege,
321 619 41 21 där
376 618 229 29 omständigheterna
620 619 39 21 det
677 619 83 27 fordra,
783 619 59 21 före-

86 653 96 28 skrifva,
198 655 34 19 att
247 653 153 29 förmyndare,
416 660 37 14 om
468 653 46 22 han
525 653 42 22 vill
577 653 41 21 vid
625 653 217 28 förmynderskapet

85 688 100 32 kvarstä,
201 687 42 22 bör
257 687 77 22 lemna
354 687 108 22 säkerhet
483 687 37 22 för
542 687 164 29 myndlingens
722 687 119 29 egendom.

84 717 34 26 Är
133 722 165 28 förmyndaren
313 721 77 23 därtill
405 722 75 29 villig,
495 722 82 29 pröfve
591 723 78 20 rätten
679 722 62 28 eller,
753 723 30 28 pä
791 721 50 22 dess

85 757 121 28 anmodan,
221 757 266 29 förmyndarenämnden
503 757 142 28 säkerheten,
655 757 43 22 och
708 759 78 20 rätten
797 757 45 22 för-

85 792 76 27 ordne,
178 792 59 21 huru
252 792 45 21 den
311 792 30 28 pä
355 791 165 29 myndlingens
536 791 128 22 bekostnad
680 792 37 21 mä
729 792 112 21 förvaras.

152 826 62 29 Eger
229 826 165 29 förmyndaren
408 826 47 22 fast
470 826 122 29 egendom,
608 827 38 21 mä
663 828 83 22 rätten,
763 826 78 22 fastän

84 861 165 30 förmyndaren
272 861 78 22 därtill
365 861 19 29 ej
401 861 100 28 bifaller,
517 861 116 28 förordna,
649 863 34 19 att
697 861 144 28 fastigheten

85 897 59 22 skall
157 897 9 21 i
181 896 147 23 förenämndt
350 895 108 22 afseende
481 896 37 21 till
540 896 60 22 visst
614 896 83 28 belopp
712 895 127 25 intecknas,

85 932 42 21 och
141 932 43 21 bör
199 931 45 28 god
259 939 54 14 man
326 933 64 19 utses
406 932 34 20 att
454 931 30 28 pä
499 931 45 21 den
559 930 136 29 omyndiges
711 931 130 21 bekostnad

84 966 77 21 utföra
182 965 253 28 inteckningsärendet.
465 965 49 21 Har
532 964 165 23 förordnandet
713 964 127 22 meddelats

84 1003 56 19 utan
161 1000 177 28 förmyndarens
358 1000 126 27 samtycke,
505 1007 41 21 ege
562 999 75 22 denne
652 1001 46 20 rätt
713 1001 34 20 att
762 999 79 29 afsäga

84 1035 35 29 sig
141 1035 227 28 förmynderskapet;
391 1034 58 21 dock
472 1034 76 29 gänge
569 1033 166 22 förordnandet
750 1033 8 21 i
773 1034 67 21 verk-

85 1069 126 28 ställiohet.

431 1156 27 20 57
474 1156 20 25 8.

152 1207 88 21 Varder
255 1206 149 29 förmyndare
419 1205 117 22 förklarad
552 1205 116 29 omyndig,
678 1205 56 22 eller
740 1205 42 22 har
792 1205 46 21 han

83 1241 38 21 till
143 1241 51 21 sina
215 1240 140 29 borgenärer
377 1240 87 21 afträdt
487 1241 36 20 sin
545 1240 114 28 egendom
679 1239 56 21 eller
755 1246 84 21 genom

84 1275 110 22 domstols
209 1275 77 21 beslut
300 1274 80 22 blifvit
395 1274 79 22 därtill
489 1273 133 29 förpliktad,
639 1273 59 22 skall
713 1273 46 21 han
773 1280 66 14 anses

83 1312 82 26 genast
180 1309 61 22 skild
256 1309 52 21 frän
324 1308 224 30 förmynderskapet.

151 1343 164 21 Förekommer
336 1343 56 27 eljes
414 1342 172 28 omständighet
606 1342 29 27 pä
661 1341 74 28 grund
759 1341 83 21 hvaraf

83 1377 149 28 förmyndare
248 1376 74 28 enligt
338 1377 26 21 28
380 1378 12 25 $
408 1376 20 28 ej
445 1376 80 21 vidare
541 1376 36 21 mä
591 1375 126 21 innehafva
735 1375 104 27 förmyn-

83 1412 104 28 derskap,
204 1411 56 22 eller
274 1410 42 22 har
331 1410 148 29 förmyndare
495 1410 9 22 i
519 1409 116 29 väsentlig
657 1410 53 20 män
728 1408 112 22 äsidosatt
