1042 1709
208 106 14 19 4
511 105 40 21 N:o
567 105 34 21 20.

180 172 7 21 i
202 172 53 27 följd
270 172 24 21 af
307 174 13 20 3
335 172 75 22 liniers
426 174 87 25 geväret
528 172 139 27 erforderliga
681 172 127 27 skjutbanor
818 172 33 22 för
862 172 73 21 aktiva

180 208 123 25 trupperna,
320 206 44 22 dels
379 206 34 22 för
428 207 136 21 bestridande
579 206 24 22 af
616 206 67 28 öfriga
698 206 89 28 utgifter
797 206 34 22 för
841 206 94 22 militära

181 240 105 27 ändamål,
302 246 45 17 som
363 240 46 23 icke
424 241 72 22 kunna
511 240 28 28 på
554 240 92 23 förhand
660 240 112 23 beräknas.

248 345 11 20 I
279 345 39 20 den
342 345 78 26 nådiga
439 345 159 27 propositionen
617 345 33 21 till
665 347 85 19 senaste
765 345 104 27 landtdag
882 351 53 21 upp-

181 381 61 24 togos
268 378 166 22 militiefondens
461 379 107 22 ordinarie
593 379 116 22 inkomster
734 379 33 22 för
791 379 144 22 innevarande

182 413 144 26 finansperiod
341 413 34 21 till
390 414 113 26 6,030,000
519 415 66 26 mark,
601 413 81 22 hvilket
695 413 78 28 belopp
784 413 23 22 af
815 413 121 22 Ständerna

183 447 74 27 höjdes
273 448 32 21 till
322 448 114 26 6,135,000
452 449 67 20 mark.
548 449 35 21 Då
597 448 119 21 emellertid
732 448 145 22 inkomsterna
888 448 47 21 från

182 481 104 22 arrenden
304 481 24 22 af
343 482 168 22 utarrenderade
527 483 180 22 militieboställen
723 482 40 21 och
779 483 68 26 öfriga
862 483 73 27 lägen-

183 516 67 27 heter,
273 516 80 21 indelta
372 516 186 22 hemmansräntor
577 517 38 22 och
630 517 67 21 indelt
712 517 143 21 kronotionde
869 517 67 21 under

183 550 50 22 åren
258 551 53 20 1895
330 550 41 21 och
391 551 53 21 1896
464 551 129 27 understigit
609 551 39 22 den
663 551 90 22 sålunda
768 551 121 22 beräknade
905 551 31 22 af-

182 585 135 27 kastningen,
339 585 65 22 hafva
427 585 62 22 dessa
507 585 155 22 inkomsttitlar
677 587 83 20 ansetts
775 586 53 21 böra
843 586 7 21 i
865 585 71 28 någon

184 620 48 21 mån
256 620 119 27 nedsättas,
396 620 110 21 hvaremot
524 621 145 21 inkomsterna
684 621 23 20 af
719 620 154 27 försäljningen
889 620 50 21 utaf

183 654 59 21 virke
257 653 47 22 från
320 653 192 22 militieboställens
529 655 39 21 och
583 654 135 27 lägenheters
731 654 80 27 skogar
820 654 115 22 beräknats

183 687 71 28 uppgå
278 688 32 21 till
334 688 106 27 betydligt
463 688 65 27 högre
550 689 77 26 belopp
650 690 27 20 än
700 688 67 22 under
792 688 144 21 innevarande

183 722 151 27 finansperiod.

251 756 50 22 Med
324 757 102 21 afseende
448 756 54 22 härå
524 757 39 21 och
587 757 26 21 då
632 756 112 22 rusthålls-
760 757 39 21 och
815 759 120 25 augments-

183 792 102 20 räntorna
307 791 28 27 på
356 792 70 25 grund
449 790 23 22 af
493 792 62 21 deras
578 790 107 22 succesiva
707 791 129 27 indragning
855 791 81 27 årligen

184 825 63 27 stiga,
272 825 64 21 hafva
360 826 167 21 militiefondens
552 826 97 21 intrader
673 826 68 21 under
765 825 172 28 finansperioden

184 861 141 20 1898—1900
341 860 69 22 blifvit
425 861 121 21 beräknade
561 861 34 21 till
611 861 112 26 6,380,000
739 860 66 22 mark.

252 894 34 23 Dä
308 895 118 27 utgifterna
445 895 68 21 under
531 895 143 22 instundande
689 895 144 27 finansperiod
849 897 36 19 äro
900 895 37 21 be-

184 929 94 22 räknade
298 930 33 21 till
346 931 127 24 21,679,609
489 930 68 27 mark,
573 936 47 16 men
635 930 146 21 inkomsterna
797 929 139 28 kalkylerade

183 965 33 22 till
240 965 74 22 endast
336 966 114 26 6,380,000
471 965 67 27 mark,
557 965 108 22 erfordras
680 965 65 21 alltsä
760 966 32 20 ett
807 965 93 21 tillskott
915 964 24 21 af

186 1000 124 26 15,299,609
326 999 61 22 mark
402 999 34 21 för
450 999 168 27 finansperioden
635 999 147 22 1898—1900.

252 1034 61 21 Hans
335 1033 121 28 Kejserliga
478 1033 101 28 Majestät
596 1033 41 22 har
651 1033 89 22 härmed
755 1033 56 22 velat
826 1033 33 21 till
875 1032 61 23 Stän-

184 1069 66 21 derna
266 1068 130 21 öfverlemna
411 1070 33 19 att
458 1068 85 22 besluta
559 1074 32 16 om
607 1067 120 28 beviljande
742 1068 23 21 af
779 1067 36 22 det
831 1067 105 22 erforder-

185 1103 43 26 liga
243 1103 209 25 tillskottsanslaget.
