1064 1711
310 120 84 23 Ständ.
410 120 39 23 Sv.
464 134 28 3 —
506 121 74 28 Prop.
596 121 42 22 N:o
654 121 37 23 22.
853 122 26 21 19

196 188 70 22 Faller
285 189 107 29 påskjutet
413 189 103 22 villebråd
530 189 12 22 å
556 197 80 14 annans
658 189 65 28 mark,
745 189 34 22 må
801 190 36 21 det
857 190 23 21 af

127 223 86 28 skytten
227 223 109 22 därstädes
351 227 109 25 upptagas.

475 287 25 20 13
518 287 16 26 $.

196 325 51 29 Jagt
261 325 13 21 å
288 326 34 28 elg
336 333 50 14 vare
402 325 116 22 tillsvidare
533 326 57 20 inom
604 325 72 22 landet
689 326 8 20 i
712 326 115 21 allmänhet
835 326 44 21 för-

127 359 83 29 bjuden.

195 394 63 21 Dock
280 394 48 26 kan,
341 394 8 21 i
364 394 99 21 händelse
484 394 105 28 Kejsaren
608 394 40 21 och
662 394 130 22 Storfursten
807 394 72 21 därom

127 428 116 26 förordnar,
265 429 8 20 i
290 429 57 20 vissa
368 428 59 21 delar
448 428 23 21 af
492 428 78 27 landet,
590 428 86 21 hvarest
697 428 34 28 elg
752 428 127 21 allmännare

127 462 147 26 förekommer,
291 462 137 22 innehafvare
443 462 23 21 af
480 466 32 18 ett
524 462 130 29 jagtområde
670 470 34 13 om
718 463 64 21 minst
797 465 83 18 ettusen

127 496 126 22 femhundra
270 496 76 22 hektar
360 497 7 20 i
382 500 32 18 ett
430 496 150 28 sammanhang
594 496 56 21 efter
663 496 116 28 ansökning
793 496 87 21 medde-

128 531 31 21 las
181 530 95 22 tillstånd
300 533 38 23 att,
358 530 29 29 på
408 530 69 22 vilkor
497 538 45 14 som
563 530 69 22 tillika
655 530 69 21 kunna
744 530 66 22 varda
824 530 56 22 före-

128 565 87 26 skrifna,
236 565 49 28 själf
306 565 52 21 eller
374 565 49 21 med
441 565 71 26 andra,
526 565 66 21 under
606 564 27 22 de
648 564 45 21 åtta
707 564 67 21 första
789 564 91 29 dagarne

128 599 23 21 af
168 599 126 28 September
307 599 77 21 månad
398 599 52 21 därå
464 600 48 27 jaga
526 599 80 28 elgtjur.

476 663 27 20 14
518 663 17 26 8.

197 702 72 21 Annat
290 703 79 27 nyttigt
390 701 103 22 villebråd
515 704 23 19 är
552 702 86 27 fridlyst
655 701 39 22 och
711 701 34 21 får
759 701 49 22 med
822 701 37 21 det
873 701 8 21 i

128 737 69 20 denna
223 736 99 28 paragraf
349 736 102 28 stadgade
476 736 106 27 undantag
604 736 18 27 ej
644 736 58 27 jagas
724 735 66 21 under
811 735 70 22 nedan

128 771 92 21 nämnda
233 771 61 26 tider,
308 770 113 28 nämligen:

198 807 37 19 1:0.
265 804 104 27 Gräsand,
390 804 94 27 bläsand,
502 804 108 29 stjertand,
632 803 109 27 krickand,
759 804 50 26 årta,
823 803 58 29 graf-

128 839 43 21 and
192 839 40 21 och
255 838 101 27 skedand,
380 839 70 27 knipa,
472 841 75 23 svärta,
569 839 84 27 sjöorre,
667 839 55 27 vigg,
736 837 90 22 hvitbuk
841 837 40 21 och

130 873 84 29 alfågel,
228 872 41 22 åda
284 873 51 21 eller
346 872 55 22 hona
411 872 23 21 af
446 872 62 28 ejder,
518 880 58 19 svan,
584 872 90 28 vildgås,
683 872 108 27 morkulla,
803 872 78 21 becka-

129 909 38 25 sin,
192 907 120 29 ängsknarr,
333 906 54 30 spof,
411 907 137 28 ljungpipare,
570 906 98 28 samtliga
691 908 124 26 snäpparter
841 906 40 21 och

129 942 103 22 brushane
247 941 47 22 från
308 941 41 21 och
362 941 50 21 med
426 941 42 21 den
480 942 11 20 1
507 941 59 21 Mars
580 940 33 22 till
628 940 40 22 och
682 940 49 22 med
743 940 41 21 den
795 941 25 20 31
831 940 50 21 Juli.

197 977 39 20 2:0.
264 976 119 28 Ejderhane
398 975 47 21 från
460 976 39 20 och
514 975 49 21 med
578 975 40 21 den
634 976 12 20 1
662 974 58 22 Mars
734 974 33 21 till
782 974 40 22 och
832 974 49 22 med

129 1010 41 22 den
186 1011 26 20 31
228 1010 51 28 Maj.

198 1045 38 20 3:0.
265 1044 119 28 Rapphöna
398 1043 47 21 frän
460 1044 40 20 och
514 1043 50 21 med
578 1043 41 21 den
635 1044 11 20 1
662 1042 121 22 November
797 1042 33 21 till
841 1042 41 22 och

129 1078 50 22 med
194 1078 41 22 den
250 1080 26 20 31
292 1078 96 29 Augusti.

197 1114 39 20 4:0.
265 1113 65 20 Höna
344 1112 23 21 af
381 1112 69 28 tjäder
459 1112 40 21 och
511 1112 22 21 af
542 1119 46 14 orre
598 1111 47 21 från
654 1111 39 22 och
704 1111 49 21 med
763 1111 42 21 den
815 1111 11 21 1
837 1110 45 21 De-

131 1146 85 22 cember
230 1147 33 21 till
278 1146 40 22 och
332 1146 50 22 med
396 1146 42 22 den
453 1148 27 19 14
494 1146 97 28 Augusti.

199 1182 38 21 5:0.
266 1181 88 28 Tjäder-
376 1181 40 21 och
438 1184 92 25 orrtupp,
552 1181 78 27 hjärpe,
651 1180 46 28 ripa
718 1180 40 21 och
776 1179 65 21 andra
856 1181 27 19 än

130 1215 155 23 ofvannämnda
305 1218 56 18 arter
382 1215 23 21 af
426 1214 116 29 hönsfägel,
562 1222 44 14 som
628 1214 98 28 möjligen
747 1214 136 21 framdeles
869 1210 16 37 i

131 1250 73 22 landet
218 1250 130 21 förekomma
362 1250 8 20 i
384 1250 56 21 vildt
454 1249 101 27 tillständ,
569 1248 47 22 frän
631 1248 40 22 och
685 1248 50 22 med
749 1248 41 21 den
802 1249 10 20 1
823 1248 59 21 Mars

131 1285 33 21 till
179 1284 40 22 och
233 1284 50 22 med
298 1284 41 21 den
354 1285 28 21 14
396 1284 96 28 Augusti.

201 1320 37 20 6:0.
267 1318 60 21 Hare
342 1318 47 21 från
404 1318 40 22 och
458 1318 49 22 med
522 1318 41 21 den
579 1319 11 20 1
606 1317 60 22 Mars
680 1317 32 21 till
727 1317 40 21 och
777 1316 49 22 med
841 1316 42 22 den

132 1354 26 19 31
174 1352 96 28 Augusti.

201 1387 37 19 7:0.
267 1385 92 22 Vildren
374 1384 46 21 från
435 1384 39 22 och
489 1384 49 22 med
553 1384 40 21 den
610 1385 10 20 1
632 1383 101 22 Februari
741 1383 34 21 till
785 1383 40 21 och
835 1382 49 22 med

133 1420 40 22 den
189 1421 26 20 31
232 1419 102 22 Oktober.
