1039 1698
289 102 76 23 Ständ.
381 103 35 22 Sv.
431 116 27 2 —
474 104 64 27 Prop.
553 102 37 23 N:o
607 101 33 24 19.
828 102 13 20 5

155 170 28 20 20
198 170 20 26 8.
247 168 104 22 Emedan
367 168 46 28 gift
427 168 93 27 kvinna,
537 174 49 15 som
601 167 57 29 själf
677 167 112 21 förvaltar
804 167 36 21 sin

87 202 106 22 enskilda
208 203 120 28 egendom,
344 203 69 21 äfven
428 202 45 22 kan
490 202 73 21 blifva
578 202 136 27 oförmögen
725 202 35 20 att
770 200 71 22 hand-

87 236 69 22 hafva
172 236 75 22 denna
261 236 146 28 förvaltning
422 238 30 26 på
467 238 47 19 sätt
528 236 9 21 i
553 238 26 20 19
597 237 5 25 $
614 239 141 23 omnämnes,
771 234 70 22 hafva

87 270 130 22 Ständerna
233 273 77 19 ansett
325 270 65 21 ordet
407 287 9 9 ,
419 270 94 22 hustru"
528 270 8 22 i
551 272 28 20 20
589 271 14 25 &
613 270 56 21 böra
675 270 95 27 utbytas
779 271 63 19 emot

87 304 66 22 ordet
164 304 100 28 ,make*,
273 304 110 22 hvarmed
397 304 46 22 kan
459 305 85 21 förstås
555 304 64 21 såväl
627 311 53 13 man
689 311 50 13 som
747 303 94 27 gvinna.

155 340 24 20 21
203 340 19 26 8.
251 338 104 22 Emedan
381 338 162 29 kungörandet
568 346 37 14 om
627 336 215 30 omyndighetstill-

86 372 68 22 ständ
169 376 25 18 är
209 372 86 29 egnadt
311 374 34 20 att
361 376 56 25 göra
431 374 89 20 rättens
540 372 82 29 ätgärd
635 372 10 21 i
660 372 71 21 saken
747 371 94 21 allmän-

86 414 55 14 nare
157 407 92 27 bekant,
265 407 70 22 hafva
350 407 130 22 Ständerna
497 409 77 20 ansett
593 407 51 21 skäl
659 406 53 22 icke
725 406 117 21 förekom-

87 449 37 13 ma
139 443 34 20 att
188 442 83 21 härvid
285 445 57 25 göra
357 442 120 28 undantag
492 442 36 22 för
551 442 39 21 det
611 441 43 21 fall
669 441 29 21 dä
713 448 30 14 en
757 446 85 23 person

88 475 81 22 blifvit
190 476 117 21 förklarad
329 476 112 28 omyndig
464 476 29 28 pä
515 483 59 21 egen
596 476 101 28 begäran
719 474 43 22 och
777 474 64 28 förty

85 510 82 22 ändrat
182 511 151 28 paragrafens
353 510 145 29 ordalydelse
513 511 8 21 i
535 510 240 22 öfverensstämmelse
792 509 50 21 där-

86 544 59 23 med.

154 581 28 21 25
197 581 20 25 8.
246 579 35 22 Af
301 586 86 15 samma
410 580 51 21 skäl
484 587 49 14 som
548 579 9 21 i
572 580 27 22 20
614 580 13 25 $
643 578 42 22 har
707 579 35 21 uti
762 580 28 20 25
805 578 37 26 $i

86 613 79 22 stället
180 614 38 21 för
233 613 66 22 ordet
315 614 110 28 ,hustru*
441 613 85 22 införts
542 614 65 21 ordet
623 613 102 26 ,make*.

155 649 27 20 26
197 649 20 26 8.
247 648 104 22 Emedan
366 647 131 23 Ständerna
507 648 26 21 af
539 648 57 27 skäl,
603 647 82 22 hvilka
693 647 75 21 nedan
777 646 64 21 kom-

85 689 38 14 ma
138 684 35 19 att
187 683 128 28 utvecklas,
330 683 81 21 funnit
425 682 83 29 nödigt
523 683 71 21 ändra
609 681 138 30 stadgandet
762 681 36 21 uti
813 681 27 21 37

85 718 13 25 8
114 717 97 21 sålunda
226 719 40 26 att,
282 717 40 22 där
337 717 54 22 flere
406 717 150 28 förmyndare
571 717 36 21 för
621 723 87 15 samma
717 715 125 29 myndling

87 751 83 28 finnas,
186 751 219 30 förmynderskapet
420 752 60 21 skall
502 752 51 21 dem
576 751 98 22 emellan
690 751 69 27 delas,
775 750 9 21 i
799 750 42 21 fall

86 785 78 29 nägon
180 787 26 20 af
220 787 51 21 dem
287 787 84 21 sädant
384 787 77 28 yrkar,
482 787 70 21 hafva
567 785 129 22 Ständerna
711 787 76 20 ansett
802 792 39 14 an-

86 820 41 22 dra
149 823 127 19 momentet
298 821 26 21 af
344 821 27 22 26
387 823 12 26 &
415 821 56 21 böra
492 822 62 27 utgå.
585 820 78 29 Sagda
682 821 103 20 moment
800 819 42 22 har

85 856 119 28 nämligen
218 856 198 28 hufvudsakligen
431 856 136 22 tillkommit
581 856 8 20 i
605 855 44 21 den
665 854 78 28 afsikt,
759 856 35 19 att
808 854 34 21 fa-

86 889 57 22 dern
159 890 9 21 i
183 890 28 22 de
226 890 47 29 fall,
290 891 29 21 dä
333 890 46 22 han
395 898 68 14 anser
477 890 96 22 modern
591 890 52 21 icke
658 896 43 21 ega
715 889 127 27 tillräcklig

85 924 74 22 insikt
175 928 34 18 att
224 932 79 15 ensam
318 925 101 21 förvalta
434 924 160 29 barnagodset,
603 924 78 22 kunde
688 923 107 22 försäkra
805 923 37 28 sig

86 965 37 15 om
139 961 34 19 ett
188 960 162 29 omsorgsfullt
365 959 178 22 handhafvande
559 959 26 21 af
598 958 77 22 denna
696 958 146 27 förvaltning

86 1000 83 21 genom
185 996 35 18 att
234 996 52 19 utse
301 994 77 28 nägon
393 994 96 28 lämplig
504 1000 84 22 person
599 996 36 18 att
643 994 75 20 säsom
733 993 108 21 moderns

86 1027 203 29 medförmyndare
304 1028 92 22 biträda
410 1028 76 22 henne
504 1028 40 22 vid
562 1027 124 22 skötandet
701 1026 24 22 af
738 1026 104 28 förmyn-

86 1062 129 29 derskapet.
245 1062 53 22 Med
313 1062 149 29 stadgandets
477 1070 32 14 nu
523 1062 101 22 nämnda
639 1062 62 28 syfte
711 1061 76 22 skulle
803 1061 39 21 det

85 1096 22 28 ej
123 1096 39 22 väl
178 1096 213 28 öfverensstämma,
415 1104 38 14 om
475 1097 70 21 sådan
567 1096 203 28 medförmyndare
786 1102 56 15 vore

85 1130 133 29 berättigad
232 1133 35 19 att
281 1131 59 28 yrka
355 1131 30 28 pä
400 1130 97 29 delning
519 1130 26 22 af
564 1130 225 28 förmynderskapet,
812 1129 30 21 dä

86 1164 96 22 modern
205 1165 134 29 därigenom
355 1165 76 22 skulle
446 1165 49 21 helt
514 1165 43 22 och
572 1164 73 22 hället
660 1164 113 22 uteslutas
789 1164 53 21 frän

86 1206 29 14 en
131 1201 75 19 större
221 1200 57 20 eller
294 1199 90 23 mindre
399 1199 38 21 del
449 1199 24 21 af
481 1198 360 29 förmögenhetsförvaltningen.

85 1232 122 29 Riktigast
221 1240 70 22 synes
307 1233 78 22 därför
400 1241 56 13 vara
471 1236 35 19 att
516 1234 24 20 ät
547 1233 130 21 domstolen
686 1232 155 22 öfverlemnas

86 1269 35 19 att
142 1268 128 21 bestämma
293 1267 115 22 huruvida
429 1268 201 28 medförmyndare
650 1267 42 21 bör
707 1267 24 21 åt
745 1266 97 22 modern

87 1301 129 28 förordnas,
233 1302 99 21 hvarvid
347 1303 76 20 rätten
446 1302 68 22 äfven
537 1302 46 21 kan
598 1304 53 26 taga
666 1302 9 20 i
689 1301 153 21 betraktande

86 1335 93 21 faderns
197 1335 78 22 därom
291 1335 103 21 uttalade
410 1336 89 21 önskan
509 1338 56 18 utan
581 1338 34 18 att
631 1335 143 21 densammas
791 1335 51 21 hör-

87 1369 132 22 sammande
235 1373 68 24 göres
320 1369 170 28 obligatoriskt.
