1042 1678
318 96 28 22 U.
362 97 27 21 B.
405 110 28 2 —
449 97 73 29 Prop.
537 97 46 22 N:o
597 97 38 22 19.
823 99 27 20 25

104 168 92 22 hvilken
212 168 140 28 förmyndare
368 170 52 20 utan
436 169 121 21 nämndens
573 168 102 22 tillstånd
690 169 73 27 ingått
773 169 79 21 sådant

103 204 61 28 aftal,
186 210 46 16 som
254 206 90 20 nämnes
364 204 8 21 i
387 205 29 20 40
433 204 12 29 &
461 205 39 21 och
521 204 87 22 hvilket
625 204 53 22 aftal
694 204 60 28 förty
770 204 81 22 efteråt

103 240 41 21 bör
159 240 121 22 nämndens
296 240 160 27 godkännande
471 240 155 22 underställas.
656 240 78 22 Denne
748 240 103 22 medkon-

104 276 89 21 trahent
209 276 85 21 komme
310 276 109 26 nemligen
438 277 34 19 att
488 276 69 21 under
574 275 113 21 obestämd
701 276 34 20 tid
751 275 77 22 sväfva
844 276 7 20 i

104 310 98 22 ovisshet
226 311 108 21 huruvida
358 311 78 21 aftalet
459 311 80 22 varder
565 311 150 21 beståndande
742 311 55 21 eller
824 310 25 28 ej.

103 346 32 21 På
156 346 72 27 grund
244 346 24 21 af
282 346 37 21 det
334 345 92 22 anförda
447 345 41 22 har
509 352 27 15 en
552 346 185 27 tidsbestämning
753 346 7 21 i
776 345 75 22 ofvan-

104 381 91 22 nämndt
211 381 59 28 syfte
286 381 74 22 blifvit
374 381 8 21 i
398 381 146 22 förevarande
559 381 106 28 paragraf
678 381 79 22 införd.

173 417 37 22 Uti
228 417 263 28 förmyndareordningen
515 417 25 22 af
563 419 55 20 1669
635 423 40 16 var
692 417 109 28 stadgadt,
817 419 34 20 att

102 453 157 28 förmyndaren
284 453 74 22 skulle
373 453 23 22 få
411 453 7 21 i
435 453 80 22 arvode
531 453 85 28 åtnjuta
633 455 11 20 5
662 453 27 29 9/,
706 453 25 22 af
743 453 108 28 myndlin-

102 495 55 21 gens
173 489 103 22 behållna
291 489 128 28 inkomster,
436 495 49 16 men
502 489 60 22 detta
578 489 122 27 stadgande
715 489 73 28 intogs
802 489 49 22 icke

102 525 32 22 uti
160 527 57 20 1734
240 525 36 22 års
300 525 42 28 lag,
367 525 46 22 deri
438 525 37 22 det
495 525 79 22 endast
589 527 65 26 säges
671 525 45 29 (23:
733 527 12 20 5
762 520 26 27 Ä.
804 525 42 29 B.):

104 561 75 26 »Then
195 560 183 28 förmynderskap
394 561 37 22 väl
447 561 40 22 och
503 561 80 28 troliga
599 561 112 27 förestätt;
727 561 61 28 njute
797 561 54 22 then

101 597 36 21 lön
162 597 40 21 och
226 597 174 27 vedergällning,
425 603 45 16 som
493 597 83 22 Rätten
596 597 91 26 pröfvar
703 597 78 28 skälig,
798 600 53 19 utan

102 632 43 21 han
161 632 35 27 sig
211 632 130 22 annorledes
357 632 74 27 ätnöja
446 632 76 23 låter."
555 632 73 22 Häraf
641 632 104 28 framgår,
762 634 33 20 att
804 632 46 28 lag-

103 667 102 22 stiftaren
222 670 74 20 ansett
311 668 37 22 det
364 668 98 27 önskligt
478 671 32 19 att
526 668 156 27 förmyndaren
699 669 72 21 skulle
787 669 64 21 sköta

102 704 39 21 sitt
162 704 118 27 äliggande
296 706 52 19 utan
364 704 81 21 arvode
462 710 49 16 men
527 704 70 23 likväl
612 704 50 22 icke
677 704 60 22 velat
753 706 98 20 statuera

102 739 61 22 detta
188 740 71 21 såsom
283 739 145 28 rättsprincip
451 740 28 26 pä
502 742 46 19 sätt
570 739 54 22 flera
647 740 119 22 utländska
789 741 62 26 lagar

101 775 63 28 gjort.
190 776 88 22 Jemväl
295 776 37 21 det
348 782 28 15 nu
387 775 152 28 föreliggande
549 775 145 28 lagförslaget
704 776 147 22 tillerkänner

99 812 8 21 i
125 813 28 20 49
170 811 12 29 &
199 811 156 28 förmyndaren
370 813 46 20 rätt
431 812 35 21 till
482 812 90 27 arvode;
588 812 40 21 och
644 812 68 21 ehuru
729 811 120 23 önskvärdt

100 854 53 15 vore
170 850 32 19 att
218 847 169 28 förmyndarene
403 847 7 22 i
426 848 62 27 regel
504 848 73 21 skötte
594 848 48 21 sina
656 848 130 27 äligganden
798 850 52 19 utan

102 883 131 28 ersättning,
249 883 41 22 har
307 883 115 22 Utskottet
438 883 54 22 dock
508 884 49 21 icke
573 883 84 22 kunnat
673 885 66 20 annat
755 885 27 20 än
799 883 51 28 god-

101 920 74 21 känna
197 919 41 22 den
262 919 80 27 nädiga
365 919 169 27 propositionen,
551 921 54 20 enär
621 919 37 22 det
673 919 72 28 ingätt
761 919 7 21 i
783 921 66 20 rätts-

103 955 153 27 äskädningen
280 955 39 21 hos
336 961 42 21 oss,
395 957 33 19 att
443 954 140 29 förmyndare
600 955 41 22 har
655 957 47 20 rätt
717 955 35 22 till
763 955 88 22 arvode.

102 991 173 21 Vidkommande
298 990 100 27 grunden
422 990 34 22 för
480 991 246 27 arvodesberäkningen
742 993 108 25 upptager

102 1026 152 28 lagförslaget,
277 1028 33 20 att
333 1026 91 21 arvodet
440 1026 57 22 skall
512 1027 132 21 bestämmas
660 1026 58 22 efter
733 1026 58 22 hvad
806 1029 45 19 mot

102 1062 169 27 förmyndarens
287 1063 81 21 besvär
384 1062 101 27 skäligen
501 1063 44 21 kan
556 1069 70 16 svara.
652 1062 67 22 Detta
729 1062 122 28 stadgande

102 1105 66 21 synes
192 1099 115 21 Utskottet
329 1098 75 22 kunna
427 1098 71 22 tolkas
520 1098 98 28 sälunda,
635 1100 32 20 att
683 1098 167 28 förmyndarens

102 1134 126 22 tidsförlust
243 1134 40 22 bör
298 1136 79 25 utgöra
392 1134 42 22 den
446 1134 56 21 enda
511 1134 242 27 beräkningsgrunden.
777 1134 73 22 Emel-

102 1169 67 22 lertid
192 1170 74 21 kunna
290 1168 66 23 äfven
379 1170 69 20 andra
468 1170 188 26 omständigheter
671 1170 79 22 härvid
765 1170 85 21 komma

101 1205 7 21 i
133 1205 152 21 betraktande.
316 1204 96 22 Sälunda
435 1211 66 21 synes
525 1205 134 27 exempelvis
675 1205 43 22 den
733 1205 79 21 känsla
827 1204 27 22 af

102 1246 87 21 ansvar,
214 1247 45 15 som
275 1240 89 27 ätföljer
378 1240 104 22 ledandet
498 1240 24 22 af
536 1242 32 20 ett
583 1240 87 27 företag
685 1240 70 22 under
771 1240 80 22 osäkra

102 1276 168 28 konjunkturer,
287 1276 80 28 jemväl
390 1276 74 21 kunna
486 1276 8 22 i
509 1277 72 27 någon
597 1276 49 22 män
662 1276 101 26 beaktas;
779 1276 73 22 likaså

102 1312 63 20 torde
189 1312 42 20 den
253 1312 81 20 hittills
357 1311 68 27 följda
448 1312 74 25 praxis
546 1314 33 18 att
603 1312 37 20 vid
660 1312 153 20 debiterandet
828 1312 26 20 af

102 1345 168 27 förmyndarens
286 1345 81 22 arvode
382 1345 66 22 äfven
464 1349 51 23 taga
530 1346 72 26 nägon
618 1346 86 26 hänsyn
720 1346 35 21 till
768 1345 83 22 omfän-

102 1384 39 25 get
156 1381 25 22 af
194 1382 155 27 myndlingens
364 1381 153 27 förmögenhet
532 1382 75 21 kunna
622 1388 65 15 anses
703 1381 79 28 skälig.
800 1381 51 22 Med

175 1430 137 22 Lagutskottets
325 1430 115 18 betänkande
453 1430 37 18 N:o
502 1430 16 18 4.

881 417 13 29 s
909 418 36 21 49.
