1042 1709
208 127 28 21 20
431 126 24 21 U.
471 126 24 20 B.
512 138 25 3 —
554 126 64 27 Prop.
633 125 38 22 N:o
689 124 32 22 15.

208 190 71 28 sagda
300 190 147 22 embetsverk
462 190 21 28 ej
499 192 88 20 ansetts
602 189 101 22 behöfva
717 191 114 27 upptagas
847 190 8 21 i
870 189 92 22 författ-

208 224 184 28 ningsförslaget
405 224 67 21 torde
482 231 61 20 vara,
554 225 35 21 att
599 223 83 22 endast
691 226 34 19 ett
736 224 152 28 synnerligen
895 224 68 28 ringa

212 259 64 21 antal
298 258 159 29 expeditioner
480 258 43 22 och
545 258 141 28 handlingar
707 258 47 22 kan
775 258 41 22 vid
837 259 126 28 Passexpe-

209 293 106 22 ditionen
336 293 111 29 beläggas
469 293 53 22 med
541 293 104 29 stämpel.
675 293 84 28 Enligt
773 292 151 23 meddelande
940 293 26 22 af

208 327 223 30 Passexpeditionen
449 330 25 19 är
488 327 118 28 nemligen
621 334 29 14 en
666 330 49 19 stor
737 327 38 22 del
790 327 26 22 af
829 327 28 22 de
872 327 92 29 expedi-

206 363 84 27 tioner,
305 361 81 23 hvilka
401 361 118 22 derstädes
535 361 111 28 utfärdas,
661 361 38 22 till
713 361 60 29 följä
788 361 27 22 af
826 361 9 22 i
845 361 119 29 Ryssland

209 397 108 29 gällande
331 396 78 29 päbud
424 396 44 22 och
483 396 153 27 föreskrifter,
653 396 157 22 underkastad
828 396 57 29 rysk
895 399 68 19 stäm-

210 431 116 30 pelafgift,
343 431 94 22 hvarför
451 431 61 22 finsk
528 430 163 30 stämpelskatt
705 431 22 28 ej
738 433 89 20 ansetts
837 432 126 27 yttermera

209 466 79 22 kunna
310 465 175 30 ifrågakomma.
516 465 91 23 Sådana
626 465 160 30 expeditioner
803 469 39 18 äro
857 465 107 22 vistelse-

207 501 110 28 biljetter,
333 501 14 21 å
361 500 71 29 ryska
455 500 95 29 språket
572 499 123 23 utfärdade
709 499 120 23 afskrifter
843 502 61 20 samt
919 503 44 19 sär-

210 535 76 22 skilda
301 535 50 28 slag
366 535 26 22 af
404 535 72 27 bevis,
492 534 97 23 afsedda
602 535 37 21 för
649 535 71 28 ryska
730 534 170 29 myndigheter.
923 530 41 27 Öf-

208 570 52 28 riga
282 569 75 22 oftare
373 569 189 22 förekommande
577 569 160 29 expeditioner
752 573 39 18 äro
807 570 49 21 åter
871 569 92 28 sådana,

208 611 49 15 som
272 604 74 29 enligt
362 603 106 30 gällande
479 604 76 22 finska
565 603 237 30 stämpelförordning
810 607 39 19 äro
859 603 104 23 befriade

208 638 52 23 från
284 638 168 29 stämpelskatt.
480 639 45 21 Hit
542 639 57 22 höra
614 638 66 22 bevis
695 638 44 23 och
753 639 70 28 intyg
837 639 9 22 i
862 638 101 23 ärenden

206 673 97 22 rörande
330 672 133 29 värnepligt
488 672 44 22 och
553 672 129 29 fattigvård
704 680 29 14 m.
755 680 30 15 m.
814 673 35 22 De
872 673 91 28 expedi-

207 707 83 28 tioner,
320 707 80 22 hvilka
425 706 77 29 dragit
527 707 62 22 finsk
615 707 171 29 stämpelskatt,
811 707 57 22 falla
889 707 74 22 under

206 742 112 21 rubriken
333 741 86 29 ,öfriga
434 741 171 30 expeditioner"
615 741 9 22 i
633 742 72 21 slutet
720 742 27 22 af
759 743 13 27 $
787 743 14 21 3
816 742 27 22 af
854 742 109 29 gällande

207 775 243 31 stämpelförordning,
466 776 43 22 och
524 775 71 23 hafva
609 775 67 23 dessa
690 777 75 22 under
778 776 66 23 tiden
854 777 53 22 från
917 777 46 22 den

208 812 11 21 1
228 811 45 29 juli
289 811 55 22 1895
359 810 63 22 intill
438 818 86 15 samma
535 811 45 28 dag
591 811 54 22 1896
655 811 95 29 inbragt
759 811 82 22 inalles
854 813 25 21 17
890 812 72 22 mark.

207 845 48 23 För
276 845 146 29 handlingar,
445 845 80 23 hvilka
540 845 37 22 till
591 845 224 30 Passexpeditionen
829 846 133 29 inlemnats,

208 880 126 29 uppgifves
349 880 51 22 icke
416 881 78 28 någon
509 880 100 22 influten
624 881 163 28 stämpelskatt
801 881 26 22 af
838 881 77 29 orsak,
927 885 35 19 att

208 914 118 23 enskildes
342 914 158 29 ansökningar
514 915 38 22 till
567 915 72 29 sagda
654 915 146 23 embetsverk
814 916 70 29 pläga
893 920 68 25 göras

207 949 138 29 muntligen.
365 949 74 22 Dessa
458 949 51 22 skäl
524 956 70 22 synas
609 949 117 22 utskottet
741 949 138 30 tillräckligt
893 952 69 21 moti-

206 991 56 14 vera
276 985 36 20 att
332 983 90 22 Finska
439 983 224 29 Passexpeditionen
680 983 52 22 icke
747 983 78 23 vidare
840 985 121 29 upptagits

206 1018 30 27 i8
251 1019 20 26 2,
287 1017 83 22 medan
385 1017 59 22 dock
459 1017 178 30 bestämningen
647 1018 9 21 i
666 1018 35 22 IV
710 1019 53 28 kap.
771 1018 84 27 derom,
872 1021 35 20 att
921 1019 41 22 vid

207 1051 224 30 Passexpeditionen
452 1051 43 23 bör
516 1051 114 23 anordnas
653 1052 140 30 försäljning
811 1052 26 23 af
853 1054 108 29 stämpel-

206 1093 88 22 papper
308 1086 44 22 och
370 1086 201 29 stämpelmärken,
587 1089 88 20 ansetts
690 1087 57 22 böra
763 1088 99 28 qvarstå,
877 1089 30 28 på
922 1088 39 22 det

208 1122 34 20 att
261 1120 94 22 tillfälle
370 1121 21 29 ej
407 1121 71 22 måtte
494 1121 85 22 saknas
601 1123 35 20 att
650 1121 9 21 i
675 1121 35 22 S:t
724 1121 143 29 Petersburg
881 1123 80 21 kunna

207 1154 87 23 erhålla
308 1155 102 22 nämnda
424 1155 160 22 värdetecken.

274 1189 152 22 Beträffande
441 1185 239 27 Öfverexekutorerne
695 1189 66 22 torde
777 1190 39 22 det
830 1190 81 22 kunna
921 1198 40 14 an-

206 1230 37 15 ses
266 1223 149 30 öfverflödigt
437 1226 35 20 att
489 1224 76 23 införa
587 1224 76 22 denna
685 1224 141 29 benämning
843 1225 8 22 i
866 1225 94 22 författ-

206 1257 94 28 ningen,
316 1257 30 22 då
360 1257 29 22 de
403 1258 170 27 myndigheter,
590 1264 49 15 som
649 1265 96 14 numera
755 1257 98 29 fungera
864 1259 8 20 i
884 1258 76 23 denna

205 1291 124 28 egenskap,
354 1291 118 28 nemligen
493 1291 206 28 Länestyrelserna
715 1292 44 21 coh
774 1291 185 30 Magistraterna,

205 1328 40 19 äro
261 1324 111 23 särskildt
386 1327 126 28 upptagna.
542 1325 123 24 Utskottet
686 1325 42 22 har
743 1325 89 23 således
846 1327 53 22 icke
912 1327 47 22 hel-

204 1359 34 22 ler
260 1362 49 21 mot
324 1359 75 24 denna
414 1360 147 31 uteslutning
571 1360 81 23 funnit
663 1361 72 29 något
749 1363 35 21 att
799 1362 116 22 anmärka.

271 1436 207 24 Bevillningsutskottets
490 1437 111 19 betänkande
612 1436 35 20 N:o
659 1438 18 18 2.
