1048 1709
315 120 29 23 U.
360 121 29 21 B.
403 134 29 2 —
446 121 75 29 Prop.
536 121 43 22 N:o
594 122 39 22 22.
824 126 26 22 53

98 183 104 27 Stranda,
218 184 133 27 Kymmene,
367 184 120 28 Lappvesi,
502 184 99 27 Jääskis,
616 180 106 32 Äyräpää
737 185 45 21 och
795 184 58 21 Kex-

97 218 77 20 holms
189 218 98 20 härader
302 218 7 21 i
323 218 108 27 Wiborgs
446 220 45 20 län.

164 251 186 22 Vidkommande
368 252 117 27 förslagets
504 254 14 19 3
533 253 13 25 &
561 252 42 21 har
619 252 114 21 Utskottet
746 254 55 19 trott
815 252 36 26 sig

97 285 56 20 böra
168 285 90 27 päpeka
274 285 44 21 den
334 286 150 26 oegentlighet
499 286 7 20 i
522 286 110 27 spräkligt
646 285 138 27 hänseende,
801 292 50 14 som

97 318 33 21 uti
153 319 44 21 den
220 320 98 20 svenska
340 321 76 19 texten
436 320 34 20 till
488 319 173 27 ifrägavarande
676 319 108 27 paragraf
796 319 57 21 före-

97 352 106 22 kommer
225 353 144 27 derutinnan,
394 356 32 19 att
452 354 69 26 enligt
543 353 102 22 nämnda
668 352 109 28 paragraf
799 353 54 21 »till-

98 386 78 22 ständ>
194 387 33 21 till
243 387 81 28 elgjagt
339 388 43 20 bör
396 388 35 21 för
445 388 170 22 vederbörande
629 388 142 27 »uppvisas»,
780 387 72 21 innan

95 421 77 27 jagten
187 421 107 28 vidtager.

167 456 52 20 Med
241 456 105 21 afseende
370 456 13 21 &
405 456 44 21 den
464 456 86 28 lydelse
566 456 114 21 Utskottet
695 456 64 27 gifvit
774 456 27 20 24
816 456 13 26 &
845 456 9 20 i

98 490 170 27 ofvanstäende,
291 490 25 21 af
336 490 113 22 Utskottet
471 490 120 22 förordade
614 490 239 26 författningsförslag,

97 524 43 21 bör
160 525 13 20 5
192 524 14 26 $
222 525 10 19 1
249 531 70 15 mom.
336 525 33 20 uti
384 532 32 14 nu
431 524 173 27 ifrägavarande
619 524 83 27 förslag
716 524 34 21 till
765 524 89 27 kungö-

98 559 57 21 relse
170 559 118 21 uteslutas.

167 592 37 22 Uti
227 593 117 27 förslagets
375 594 6 20 6
402 594 14 26 &
438 594 12 20 2
467 600 69 15 mom.
552 593 148 21 tillerkännes
716 592 99 22 medlem
831 592 26 21 af

98 627 226 21 kommunalnämnd
336 628 122 21 enahanda
468 628 136 27 befogenhet
614 630 32 19 att
656 627 123 21 öfvervaka
789 627 66 21 efter-

98 661 106 21 lefnaden
225 662 26 21 af
268 662 170 22 föreskrifterna
456 662 8 21 i
479 662 162 26 förordningen
657 669 38 14 om
709 662 54 26 jagt,
779 668 50 14 som
846 661 8 21 i

98 696 81 27 antydt
194 696 106 21 afseende
314 696 141 22 tillkommer
469 696 200 29 polismyndighet.
700 696 36 21 Dä
751 696 104 21 emeller-

98 730 33 21 tid
146 730 28 21 de
190 730 13 22 &
218 730 64 28 dylik
297 731 135 27 myndighet
443 731 172 21 ankommande
625 730 103 28 göromäl
739 730 7 21 i
759 730 96 21 allmän-

98 765 39 21 het
152 764 73 22 mäste
240 772 67 14 anses
323 766 58 26 ligga
396 768 64 19 utom
476 766 103 21 omrädet
589 765 35 21 för
635 765 220 21 kommunalnämn-

98 799 57 21 dens
170 799 146 21 verksamhet
332 802 59 18 samt
406 800 113 21 Utskottet
534 800 39 20 vid
584 800 53 20 slikt
647 798 144 22 förhällande
803 798 51 21 icke

99 832 76 22 funnit
196 833 38 21 det
254 834 103 27 lämpligt
372 836 32 19 att
419 834 23 21 ät
456 834 100 21 medlem
571 833 7 21 i
595 833 71 22 sädan
683 832 88 22 nämnd
786 832 68 21 tiller-

99 868 79 20 känna
196 868 172 28 ofvanantydda
382 869 142 27 befogenhet,
539 869 43 20 har
598 868 113 21 Utskottet
725 867 67 21 hällit
806 867 49 21 före

99 904 33 18 att
154 902 153 22 omförmälda
330 902 123 27 stadgande
474 902 71 22 borde
561 909 27 14 ur
602 902 172 27 ifrägavarande
789 907 66 21 para-

100 936 50 26 graf
162 936 117 21 uteslutas.

169 970 9 21 I
194 970 56 27 följd
266 971 25 21 af
304 971 124 21 Utskottets
443 971 76 21 beslut
533 973 32 19 att
579 971 114 27 tillstyrka
706 970 148 26 obligatorisk

100 1004 137 27 premiering
251 1004 26 20 af
289 1005 18 27 ej
324 1005 89 21 mindre
428 1006 41 26 räf,
485 1005 77 21 dödad
577 1005 74 21 under
665 1004 62 22 tiden
743 1004 51 20 frän
810 1004 44 20 och

100 1038 53 22 med
174 1038 45 21 den
242 1039 10 20 1
276 1039 58 27 april
354 1039 34 21 till
406 1040 45 20 den
468 1041 9 19 1
496 1040 101 26 oktober,
613 1041 59 19 samt
687 1039 28 20 de
730 1038 7 21 i
752 1038 103 27 proposi-

100 1072 90 22 tionens
211 1073 27 20 26
256 1074 13 25 &
285 1073 150 27 uppräknade
450 1074 78 26 fäglar,
545 1075 29 19 än
590 1078 72 21 ungar
677 1073 25 21 af
715 1072 66 21 dessa
796 1071 59 28 djur,

100 1107 64 21 torde
186 1106 37 21 det
243 1106 8 20 i
272 1107 116 26 förslagets
410 1108 12 20 7
443 1108 13 26 &
472 1108 111 26 ingäende
599 1106 134 27 stadgandet
748 1112 38 15 om
799 1106 57 26 jagt-

100 1140 174 28 värdsförening
288 1141 176 21 tillkommande
479 1142 140 26 godtgörelse
635 1141 35 21 för
684 1140 87 22 hälften
783 1140 26 20 af
818 1140 38 20 det

100 1174 93 28 belopp,
216 1181 50 14 som
289 1175 25 20 af
333 1175 64 27 dylik
419 1176 103 26 förening
544 1175 113 21 användts
672 1175 34 21 till
721 1174 136 26 belöningar

101 1209 35 21 för
157 1208 106 22 dödande
281 1208 26 21 af
320 1209 51 27 djur
386 1210 51 20 utaf
449 1210 102 26 antydda
566 1210 55 26 slag,
636 1209 56 21 böra
707 1215 28 14 ur
749 1208 106 26 förslaget

102 1242 59 27 utgå.
192 1242 46 21 För
258 1243 66 26 öfrigt
343 1243 43 21 har
401 1243 113 22 Utskottet
529 1245 74 19 ansett
617 1243 79 27 frågan
712 1249 38 14 om
765 1242 91 21 medde-

102 1276 68 22 lande
190 1276 26 21 af
232 1277 103 21 tillstånd
356 1278 34 20 till
410 1278 108 21 bildande
534 1278 25 21 af
569 1276 221 28 jagtvårdsförening
804 1276 51 20 icke

102 1317 56 15 vara
173 1310 25 21 af
211 1311 44 21 den
270 1311 83 26 vigtiga
368 1312 163 26 beskaffenhet,
544 1314 32 18 att
587 1312 96 21 Senaten
695 1310 71 22 borde
777 1310 79 20 besvä-

102 1350 38 14 ras
161 1343 53 21 med
233 1344 200 27 handläggningen
452 1345 24 20 af
489 1346 142 25 densamma,
646 1347 56 18 utan
717 1344 70 26 torde,
803 1342 52 21 med

103 1377 106 22 afseende
222 1378 85 27 jemväl
323 1378 13 21 å
352 1378 114 27 mängden
481 1379 26 21 af
519 1379 28 20 de
563 1378 29 28 på
608 1378 108 22 Senatens
727 1376 79 28 åtgärd
817 1383 39 13 an-

104 1412 140 24 kommande
260 1412 100 22 ärenden
375 1413 25 21 af
413 1413 62 27 långt
490 1420 48 14 mer
553 1411 200 30 maktpåliggande
768 1410 89 22 beskaf-

172 1463 44 21 Lag-
229 1464 27 15 och
268 1462 166 17 Ekonomiutskottets
446 1461 102 16 betänkande
559 1460 34 16 N:o
605 1465 17 15 4.
