1053 1714
224 120 13 20 6
526 120 39 22 N:o
583 120 32 22 18.

196 187 61 22 skola
285 187 107 27 tillämpas
417 187 12 21 å
453 187 50 27 mål,
531 194 45 15 som
606 188 174 27 anhängiggjorts
804 188 46 22 före
875 188 72 22 ofvan-

196 222 93 21 nämnda
305 222 47 27 dag.

264 284 120 22 Ständerna
399 284 33 22 till
447 285 127 27 upplysning
590 285 108 22 meddelas
713 285 101 27 följande:

328 371 102 27 Förslag
446 371 28 21 till
489 371 115 27 förordning
620 371 106 27 angående
742 372 76 27 patent.

264 434 49 21 Med
337 433 150 28 upphäfvande
506 434 23 21 af
546 434 152 27 förordningen
714 434 40 22 den
770 435 28 21 30
812 434 57 22 Mars
886 436 62 26 1876,

197 468 108 28 angående
327 470 118 26 patenträtt
464 469 7 21 i
490 468 96 28 Finland,
608 468 78 22 varder
707 468 125 28 härigenom
847 470 101 27 stadgadt

198 510 45 15 som
259 503 72 28 följer:

527 552 7 19 1
552 551 69 21 KAP.

220 603 38 20 Om
273 602 89 21 föremäl
377 602 33 21 för
424 603 39 20 och
478 604 42 20 rätt
533 603 32 21 till
579 603 78 28 patent,
673 603 23 21 sä
711 603 39 21 ock
764 609 34 15 om
814 603 109 28 patenttid.

552 665 44 28 18.

265 705 79 22 Patent
367 705 35 21 mä
424 705 108 22 meddelas
552 705 13 22 &
584 711 41 21 nya
647 705 155 27 uppfinningar,
818 712 44 15 som
877 706 71 21 kunna

199 739 152 28 tillgodogöras
366 739 7 22 i
387 739 258 28 näringsverksamheten.

265 774 25 27 Ej
314 773 34 22 mä
365 776 73 25 patent
457 774 88 27 beviljas
562 774 12 22 &
589 774 128 28 uppfinning,
734 775 63 21 hvars
812 775 136 27 användning

197 809 79 22 strider
291 811 45 20 mot
351 809 35 27 lag
401 809 52 22 eller
467 809 56 28 goda
537 809 69 22 seder.

265 843 63 22 Afser
347 843 121 28 uppfinning
487 844 44 22 lifs-
546 844 52 22 eller
614 844 126 28 läkemedel,
756 844 53 22 eller
824 844 27 28 pä
865 844 83 22 kemisk

197 881 41 24 väg
253 878 122 22 framstäldt
391 881 67 24 ämne,
474 879 36 22 mä
525 881 73 26 patent
614 879 17 27 ej
648 879 109 22 meddelas
773 879 13 22 &
796 879 77 28 sjelfva
882 886 65 15 varan

197 915 52 20 utan
265 913 75 22 endast
355 914 13 21 &
383 913 102 22 särskildt
500 916 43 20 sätt
558 914 33 22 för
606 914 49 21 dess
669 913 143 28 tillverkning.

548 977 44 27 28.

265 1016 130 27 Uppfinning
417 1022 61 16 anses
501 1017 19 27 ej
544 1018 69 20 säsom
628 1023 34 21 ny,
678 1023 34 15 om
728 1018 49 26 den,
793 1018 62 20 innan
871 1017 77 21 ansök-

197 1051 50 27 ning
270 1057 34 15 om
322 1053 75 25 patent
416 1050 51 22 derä
482 1052 32 20 till
529 1051 201 27 patentmyndighet
744 1052 119 26 inkommit,
879 1052 70 21 blifvit

197 1085 28 27 pä
247 1085 77 21 sädant
346 1087 44 19 sätt
413 1085 122 28 offentligen
560 1085 129 28 beskrifven,
712 1086 52 22 eller
787 1087 24 21 sä
834 1088 64 26 öppet
915 1088 33 20 ut-

197 1119 70 26 öfvad,
283 1122 32 19 att
330 1119 150 27 uppfinningen
496 1120 49 21 med
560 1120 85 27 ledning
661 1120 62 21 deraf
736 1120 41 22 kan
794 1120 23 22 af
829 1120 120 27 sakkunnig

196 1153 92 23 utöfvas.

265 1188 169 28 Uppfinningens
457 1189 190 27 offentliggörande
670 1190 33 20 till
726 1189 53 27 följd
801 1189 23 22 af
837 1192 111 24 patentan-

198 1223 90 27 sökning
307 1223 38 21 hos
363 1225 65 19 annat
444 1223 60 21 lands
520 1223 123 27 myndighet
657 1223 35 21 mä
708 1224 53 20 dock
776 1223 19 27 ej
811 1225 76 25 utgöra
902 1224 46 20 hin-

197 1256 38 20 der
256 1256 34 20 för
312 1259 91 23 patents:
420 1257 140 20 meddelande
582 1257 6 19 i
608 1257 90 20 Finland
721 1258 23 19 ät
759 1263 81 14 samme
855 1257 93 20 sökande

197 1289 53 21 eller
272 1290 53 20 hans
349 1289 198 27 rättsinnehafvare,
565 1290 7 20 i
591 1290 38 20 fall
645 1290 117 26 ansökning
778 1290 72 21 derom
866 1290 83 21 inkom-

197 1329 46 15 mer
257 1323 56 21 inom
329 1329 37 15 sex
381 1324 101 21 mänader
498 1324 54 21 efter
567 1324 206 26 offentliggörandet.

265 1358 26 28 Ej
306 1358 69 22 heller
389 1360 64 26 utgör
468 1358 163 28 uppfinningens
646 1358 134 23 förevisande
796 1359 13 22 &
823 1360 79 21 allmän
915 1362 34 19 ut-

198 1393 104 28 ställning
324 1394 57 21 inom
403 1393 90 22 Finland
512 1394 52 21 eller
582 1394 162 27 Kejsaredömet
759 1395 52 21 eller
826 1395 13 21 &
853 1395 96 21 interna-

197 1428 68 22 tione]
284 1428 127 27 utställning
429 1430 58 20 utom
507 1429 61 22 dessa
583 1429 74 22 länder
671 1429 75 22 hinder
762 1429 33 22 för
810 1429 138 22 meddelande
