1048 1709
327 118 29 22 U.
371 118 35 22 B.
416 131 27 4 —
458 118 74 29 Prop.
545 119 43 23 N:o
604 120 38 22 22.
831 121 29 27 69

313 180 93 22 Oktober
435 182 32 20 till
491 182 40 20 den
572 183 10 19 1
608 183 120 21 November
754 184 105 20 använda

101 234 8 3 -
310 222 67 14 snara
399 216 36 27 för
455 217 76 27 fängst
551 216 27 28 af
597 218 31 20 all
648 217 58 27 slags
736 217 123 27 skogsfogel

310 250 41 20 och
372 250 65 26 äfven
458 250 89 27 derefter
567 250 56 21 intill
646 250 213 28 fridlysningstidens

311 283 85 28 ingäng
410 284 36 27 för
460 284 114 28 ripfängst.

378 318 14 20 3
414 324 60 14 mom
489 327 28 9 =
532 319 14 19 4
568 325 66 14 mom.
659 318 7 21 i
693 319 167 21 Utskotisbetän-

310 352 86 20 kandet.

379 387 13 19 4
413 393 66 15 mom.
499 396 29 10 =
549 388 12 20 5
581 394 66 14 mom.
668 388 7 20 i
692 388 167 20 Utskottsbetän-

311 421 86 21 kandet.

173 501 10 20 I
198 500 71 28 tredje
291 504 125 18 momentet
438 501 25 21 af
483 502 25 20 27
531 502 12 26 &
559 502 42 20 har
617 501 113 21 Utskottet
745 501 115 27 föreslagit

105 537 32 19 att
160 535 51 27 den,
235 542 50 14 som
307 535 70 26 erlagt
397 535 109 27 jagtskatt
527 536 34 20 till
586 543 29 13 en
630 536 114 20 kommun
760 536 44 20 och
819 536 40 20 vill

104 570 56 20 idka
172 569 49 27 jagt
235 569 7 20 i
257 569 53 21 flere
326 569 145 27 kommuner,
487 570 46 20 kan
544 570 83 20 befrias
638 570 50 20 från
702 570 158 26 skyldigheten

105 606 33 18 att
151 604 34 20 till
201 603 78 27 hvarje
295 603 98 21 särskild
409 604 120 26 kommun,
545 604 40 20 der
597 604 77 26 jagten
690 604 58 26 sker,
759 604 101 20 inbetala

105 637 149 21 föreskrifven
277 637 115 27 jagtskatt,
416 637 94 21 såframt
525 638 48 20 han
587 638 8 20 i
611 639 30 19 ett
656 637 35 21 för
706 638 40 20 allt
760 638 34 20 till
810 638 50 20 kro-

104 678 48 14 nan
167 671 7 20 i
187 671 110 27 jagtskatt
313 671 70 26 erlagt
398 672 32 20 tio
446 672 67 20 mark
529 672 35 20 för
579 672 52 20 året.

174 705 81 21 Ehuru
268 705 39 27 jag
323 707 25 19 är
363 705 51 21 fullt
429 712 53 14 ense
496 706 54 20 med
561 706 124 20 Utskottets
696 705 115 28 majoritet
821 712 39 15 om

105 740 45 20 den
165 739 119 27 praktiska
299 742 81 24 nyttan
395 740 26 20 af
433 742 31 18 ett
474 740 125 26 stadgande
610 740 79 20 derom
702 742 32 18 att
746 740 51 26 den,
809 746 50 15 som

104 774 68 20 idkar
184 773 54 27 jagt,
253 773 74 21 under
342 773 61 21 vissa
419 774 193 27 omständigheter
627 774 39 20 må
679 774 86 26 kunna,
776 780 83 20 genom

105 810 33 18 att
152 808 101 20 inbetala
268 814 28 14 en
311 808 173 26 tillskottsafgift
499 808 33 20 till
548 809 96 25 kronan,
660 808 84 21 befrias
759 808 51 20 från
828 815 32 14 er-

104 842 122 28 läggandet
247 842 26 22 af
289 842 110 27 jagtskatt
420 842 34 21 till
476 842 45 21 den
539 843 121 26 kommun,
676 842 39 21 der
730 842 77 28 jagten
824 842 34 22 för

104 878 99 20 tillfället
225 878 58 25 sker,
303 884 68 14 anser
391 877 39 27 jag
451 878 59 20 dock
531 878 38 20 det
589 884 54 14 vara
668 877 25 20 af
706 880 46 18 stor
767 877 46 27 vigt
827 880 33 18 att

106 912 57 21 söka
185 912 112 26 begränsa
322 911 134 21 valfriheten
471 911 7 21 i
494 912 60 20 detta
569 912 106 20 afseende
691 912 34 20 för
740 912 52 26 den,
808 918 49 14 som

105 946 86 21 önskar
213 946 102 26 begagna
331 946 34 26 sig
379 946 26 20 af
418 946 72 20 sådan
505 946 129 27 medgifven
649 947 50 20 rätt.
730 946 34 27 Ty
780 946 7 20 i
802 948 58 18 mot-

106 983 44 19 satt
165 981 39 21 fall
226 980 161 27 undandrages
406 980 27 20 de
449 980 144 26 kommuner,
613 980 40 21 der
669 980 76 27 jagten
761 980 98 27 utöfvas,

106 1015 45 21 den
166 1015 53 21 dem
234 1015 52 21 med
305 1016 58 20 rätta
385 1014 175 22 tillkommande
580 1014 145 28 jagtskatten,
747 1014 112 22 hvarmed

103 1049 134 27 jagtvården
248 1049 64 21 inom
325 1049 170 20 kommunerna
510 1049 58 20 skall
583 1048 129 27 befrämjas.
732 1049 42 26 Jag
790 1055 70 14 anser

105 1083 89 21 derföre
209 1085 32 19 att
256 1082 103 22 befrielse
375 1082 50 22 från
442 1085 32 19 att
482 1084 88 26 erlägga
578 1083 109 27 jagtskatt
696 1082 34 21 till
741 1082 45 21 den
796 1082 65 21 kom-

106 1125 57 13 mun
186 1118 40 20 der
239 1117 76 27 jagten
335 1117 57 27 sker,
409 1117 81 21 endast
504 1117 42 21 bör
561 1118 95 20 komma
671 1117 72 26 ifråga
759 1118 34 20 för
808 1116 51 27 den,

106 1159 51 14 som
179 1153 26 19 är
227 1152 66 20 stadd
317 1151 30 27 på
361 1158 51 14 resa
428 1152 44 20 och
487 1152 113 20 derunder
615 1151 90 21 erhållit
719 1150 102 22 tillstånd
837 1151 26 20 af

104 1186 156 28 jagtmarkens
283 1192 64 20 egare
370 1188 32 18 att
425 1186 13 20 å
460 1186 59 20 hans
541 1186 67 20 mark
620 1185 60 27 jaga,
696 1179 54 27 eller
765 1186 44 20 ock
824 1185 35 21 för

107 1221 51 25 den,
175 1227 50 14 som
240 1220 39 20 vid
294 1220 106 26 tillfälligt
415 1219 72 21 besök
501 1220 76 20 blifvit
590 1219 111 27 inbjuden
718 1219 30 27 på
760 1219 54 27 jagt,

176 1254 125 21 Momentet
322 1254 13 20 3
358 1253 8 21 i
387 1254 27 20 27
438 1254 13 26 &
468 1253 71 21 borde
555 1254 68 26 enligt
638 1253 48 21 min
702 1253 58 27 åsigt
774 1252 87 22 erhålla

107 1288 100 27 följande
223 1288 97 27 lydelse:

384 1360 42 20 Vill
440 1360 73 26 någon
530 1360 68 20 under
609 1366 47 14 resa
672 1360 49 20 eller
736 1359 36 21 vid
785 1359 75 27 tillfäl-

314 1394 39 28 ligt
367 1394 64 20 besök
447 1395 58 19 utom
517 1394 40 20 den
566 1394 49 20 eller
623 1394 25 20 de
658 1393 142 21 kommuners
812 1400 47 14 om-

313 1428 57 26 råde,
391 1428 37 21 der
450 1428 46 21 han
513 1428 89 21 inbetalt
611 1428 111 28 jagtskatt,
738 1427 52 22 idka
805 1428 55 28 jagt,

175 1464 44 20 Lag-
231 1464 28 16 och
272 1463 166 17 Ekonomiutskottets
451 1463 103 16 betänkande
565 1463 35 15 N:o
612 1462 18 17 2.
