1048 1709
227 114 14 19 4
530 112 40 21 N:o
588 113 32 20 14.

200 180 97 25 skadats;
324 180 77 21 stånde
425 180 126 26 jernvägens
573 179 136 22 innehafvare
731 180 8 20 i
761 179 138 27 ansvarighet
920 178 34 22 för

199 214 67 21 sådan
281 214 73 21 skada.

267 248 46 21 Har
333 247 116 22 eldskadan
474 247 96 28 uppstått
593 247 122 28 derigenom
739 248 32 21 att
792 247 75 27 någon,
888 247 66 22 sedan

197 283 128 27 jernvägens
353 282 127 27 anläggning
501 282 116 27 påbörjats,
641 282 84 21 utanför
748 282 48 21 dess
819 281 86 22 område
927 281 27 28 på

199 318 86 21 kortare
305 317 83 22 afstånd
404 316 47 22 från
467 318 108 20 närmaste
587 316 152 28 jernvägsspår
755 318 27 19 än
798 316 74 22 trettio
887 318 68 19 meter

200 352 89 27 upplagt
312 351 40 22 lätt
375 351 120 27 antändligt
517 351 43 21 löst
582 351 52 27 gods
656 353 53 19 utan
724 351 73 21 säkert
813 351 74 26 skydd,
903 350 52 22 eller

199 386 60 21 täckt
274 385 99 28 byggnad
389 386 48 20 med
453 386 41 21 lätt
509 385 121 27 antändligt
640 387 68 25 ämne,
720 385 52 22 eller
782 385 91 28 vidtagit
884 391 70 15 annan

200 420 59 27 dylik
283 420 83 27 åtgärd,
383 426 46 15 som
451 419 166 28 uppenbarligen
632 420 7 21 i
654 419 105 28 väsentlig
776 421 48 20 män
843 420 51 21 ökat
912 419 43 22 eld-

199 454 61 21 faran
276 453 46 22 från
339 454 124 27 jernvägen;
479 453 28 22 då
523 460 38 21 ege
576 454 49 26 han,
642 460 45 15 som
702 454 96 21 eldfaran
815 454 56 26 ökat,
882 453 24 22 så
917 454 39 21 ock

201 489 46 26 den,
264 488 33 21 till
312 488 86 21 hvilken
413 488 130 27 egendomen
558 488 7 21 i
580 488 62 27 fråga
654 488 93 21 derefter
758 488 113 25 öfvergått,
882 488 18 27 ej
912 490 44 19 rätt

200 523 33 21 till
257 522 118 27 ersättning
397 522 34 21 för
453 522 67 21 skada
542 522 13 21 å
577 529 81 15 samma
677 523 111 26 egendom,
804 522 89 22 såframt
909 522 47 22 icke

200 557 82 21 skadan
294 557 39 21 har
344 557 33 20 sin
388 557 65 20 orsak
463 556 7 21 i
482 557 133 21 vårdslöshet
625 557 35 20 vid
668 557 129 27 jernvägens
807 556 58 22 drift.
888 557 68 26 Tager

203 598 81 15 annans
300 592 101 27 egendom
418 592 75 27 skada,
509 598 49 15 vare
574 593 35 26 lag
624 597 44 16 som
685 592 7 21 i
707 593 13 20 2
736 597 63 16 mom.
815 593 54 26 sägs.

557 656 47 27 85.

268 695 83 22 Varder
373 695 131 26 annorledes,
528 697 25 19 än
572 696 7 20 i
598 696 13 20 4
630 695 12 28 $
659 697 23 19 är
697 695 68 27 sagdt,
782 694 137 27 lösegendom
935 694 24 21 af

200 730 37 21 der
255 730 78 21 nämnd
352 729 149 22 beskaffenhet
520 729 81 22 skadad
617 730 5 19 i
638 729 52 27 följd
706 729 23 21 af
740 729 161 27 jernvägsdrift,
917 729 39 20 och

201 767 88 18 stannar
311 763 63 22 skuld
397 763 70 23 dertill
489 764 127 27 jernvägens
638 763 130 27 förvaltning
783 763 52 22 eller
850 763 107 27 betjening

201 798 34 22 till
255 798 49 27 last,
320 798 55 22 skall
387 799 129 27 jernvägens
531 798 137 22 innehafvare
683 800 82 20 ersätta
781 798 89 26 skadan,
887 798 69 21 säsom

202 839 33 16 om
251 832 43 22 han
309 832 50 27 sjelf
372 832 66 22 vällat
454 832 131 23 densamma.

558 897 11 26 8
585 897 19 20 6.

269 937 79 26 Ligger
363 936 64 21 skuld
441 937 33 21 till
491 937 73 27 skada,
580 943 43 14 som
640 938 87 20 nämnes
742 936 6 21 i
767 937 18 26 1,
797 937 19 25 3,
827 937 13 20 4
852 936 52 21 eller
915 937 13 20 5
939 936 18 27 8,

199 971 100 30 jernvägs
323 970 129 27 förvaltning
475 971 52 20 eller
549 971 110 26 betjening
681 970 33 22 till
737 971 48 26 last,
801 970 40 21 och
856 970 39 21 har
911 970 46 27 den,

202 1011 45 15 som
263 1005 48 21 lidit
326 1005 88 25 skadan,
427 1005 70 21 dertill
509 1011 75 20 genom
596 1005 84 26 ringare
691 1005 98 20 vällande
800 1004 49 27 sjelf
857 1004 100 27 bidragit,

201 1039 53 21 eller
277 1039 39 20 har
339 1039 165 26 omständighet,
528 1045 45 15 som
596 1039 18 26 ej
632 1040 44 20 stär
691 1039 6 20 i
713 1039 103 21 samband
835 1039 48 20 med
900 1038 58 27 jern-

201 1075 76 24 vägens
294 1073 51 22 drift
361 1073 124 22 medverkat
501 1074 33 20 till
549 1074 90 24 skadan;
656 1073 27 21 dä
693 1073 38 21 bör
741 1073 152 21 skadeständet
903 1073 54 21 efter

200 1108 56 21 hvad
271 1107 80 27 skäligt
366 1109 24 19 är
403 1107 90 26 jemkas.

557 1142 11 27 8
585 1143 19 20 7.

269 1181 65 22 Läter
350 1181 139 22 innehafvare
504 1181 23 21 af
538 1182 88 26 jernväg
641 1181 34 22 för
689 1181 136 22 anordnande
837 1181 23 22 af
873 1187 85 21 genom-

201 1216 82 27 gäende
305 1215 65 22 trafik
392 1217 52 20 eller
467 1215 23 22 af
511 1223 71 15 annan
604 1215 63 22 orsak
690 1215 78 22 driften
785 1216 24 21 af
819 1215 138 27 jernvägen
944 1211 15 36 i

201 1252 68 19 större
286 1251 53 20 eller
354 1251 82 20 mindre
453 1251 127 26 omfattning
595 1251 95 25 besörjas
706 1250 23 20 af
742 1256 107 21 personer,
860 1257 45 14 som
921 1252 37 19 äro

202 1284 97 22 anstälda
317 1285 7 20 i
344 1290 70 15 annan
435 1284 99 27 jernvägs
557 1286 72 26 tjenst,
645 1290 56 18 vare,
717 1284 68 21 ehvad
809 1283 77 23 driften
910 1284 49 21 sker

200 1318 49 22 med
273 1324 54 21 egna
349 1318 54 22 eller
425 1319 133 21 främmande
582 1318 83 28 fordon,
688 1318 149 23 förstnämnda
860 1318 99 28 jernvägs

202 1353 135 22 innehafvare
363 1353 82 28 skyldig
461 1356 32 19 att
508 1353 80 28 utgifva
604 1353 131 22 skadeständ
751 1354 67 26 enligt
833 1353 69 22 denna
917 1354 41 28 lag,

201 1388 70 22 säsom
297 1395 34 15 om
352 1388 79 22 driften
455 1388 91 27 besörjts
563 1388 48 22 med
626 1388 53 22 hans
695 1388 75 22 fordon
786 1389 39 21 och
841 1388 24 22 af
877 1395 82 15 samma

199 1424 100 29 jernvägs
315 1423 130 30 förvaltning
460 1424 53 22 eller
528 1424 116 28 betjening.
