1061 1709
226 105 13 21 2
528 103 39 22 N:o
585 104 31 21 17.

200 173 57 25 pund
274 172 60 26 malt,
349 178 44 15 som
410 172 34 21 vid
460 171 143 28 beredningen
611 172 23 20 af
643 172 118 27 maltdryck
772 172 111 26 användts,
893 172 57 20 samt

199 206 54 22 efter
268 206 102 21 metriska
389 207 113 25 systemets
525 206 109 21 införande
649 206 48 20 med
713 212 25 15 en
754 206 61 21 mark
830 206 32 21 för
878 206 71 26 hvarje

199 240 30 22 tio
245 240 105 27 kilogram
367 240 58 22 malt.
456 240 76 21 Denna
554 240 221 26 beskattningsmetod
790 240 38 21 har
843 240 107 21 öfverhuf-

198 275 102 27 vudtaget
316 274 108 22 befunnits
439 276 108 20 motsvara
563 275 129 21 ändamälet.
707 275 82 21 Endast
800 275 40 21 den
852 275 97 21 anmärk-

198 309 52 27 ning
272 309 40 21 har
334 308 104 28 försports
462 311 32 19 att
517 310 90 25 skatten,
628 309 66 21 ehuru
710 309 39 21 den
765 309 62 27 utgär
842 309 48 21 med
905 309 45 21 lika

198 344 78 27 belopp
292 343 55 22 efter
362 343 116 22 förbrukad
495 344 75 27 mängd
586 343 53 22 malt
655 344 32 20 vid
704 344 42 21 alla
762 344 130 27 bryggerier,
904 344 46 21 icke

199 378 76 21 träffar
290 378 42 21 alla
348 378 74 21 idkare
438 378 23 20 af
474 378 200 27 bryggerinäringen
690 378 50 21 lika.
766 378 31 21 De
808 380 70 20 större
888 378 62 27 bryg-

199 413 99 27 gerierna
312 412 55 22 hade
383 412 106 27 nämligen
497 413 78 21 lättare
585 415 33 19 att
628 412 52 22 bära
691 413 83 21 skatten
787 415 26 19 än
824 412 25 22 de
861 413 88 26 mindre,

200 448 89 20 emedan
305 447 25 21 de
345 447 58 21 förra
418 447 27 27 pä
461 448 67 25 grund
544 447 23 21 af
580 448 71 20 bättre
662 447 99 21 tekniska
772 448 127 26 hjelpmedel
911 448 40 20 och

200 482 40 20 den
264 481 152 27 insigtsfullare
439 481 100 21 tekniska
557 482 92 26 ledning,
666 481 111 21 hvaröfver
794 482 25 20 de
834 481 116 28 förfogade,

201 516 23 22 af
239 522 81 16 samma
342 516 106 27 gvantitet
470 516 52 21 malt
545 516 79 22 erhölle
648 518 31 19 ett
702 518 67 20 större
792 517 74 27 utbyte
882 519 26 19 än
925 517 26 21 de

201 551 80 22 mindre
297 551 157 28 bryggerierna.
485 551 238 22 Produktionsvilkoren
738 558 51 15 vore
804 552 88 21 sålunda
907 551 44 22 för-

200 586 116 27 mävnligare
339 586 32 21 för
391 586 25 21 de
432 586 127 27 bryggerier,
583 586 35 21 vid
633 586 72 22 hvilka
720 592 25 15 en
760 586 132 27 betydligare
907 586 43 21 till-

201 620 101 28 verkning
324 621 53 26 egde
400 627 54 19 rum,
478 622 26 20 än
526 621 33 21 för
575 621 24 21 de
616 620 87 27 mindre,
719 620 7 21 i
742 621 94 21 tekniskt
852 620 98 22 afseende

201 657 71 19 sämre
293 655 111 21 utrustade
426 656 157 26 bryggerierna.
613 656 79 21 Härtill
714 655 49 21 kom
788 657 33 20 att
843 656 25 21 de
883 658 69 19 större

201 690 150 27 bryggerierna
366 689 62 22 äfven
444 690 56 21 hvad
515 690 226 27 afsättningsvilkoren
757 690 118 21 beträffade
891 690 60 21 arbe-

201 724 49 21 tade
273 724 68 21 under
363 730 149 22 gynsammare
535 724 152 22 förhällanden.
717 724 32 22 De
765 724 82 22 mindre
862 724 90 28 brygge-

202 759 78 26 rierna,
296 758 23 21 af
332 758 72 22 hvilka
418 758 92 22 flertalet
522 761 35 19 äro
569 759 90 27 belägna
670 759 6 20 i
688 759 128 26 landsorten,
827 759 54 21 hade
892 761 59 19 näm-

200 793 56 27 ligen
272 798 76 22 genom
365 793 26 21 de
406 793 155 26 restriktioner,
577 799 44 16 som
637 794 33 20 för
685 793 153 27 försäljningen
854 793 23 21 af
891 794 61 21 malt-

202 827 90 27 drycker
314 826 28 28 pä
363 827 75 21 landet
456 827 70 22 blifvit
542 828 89 25 införda,
647 834 89 15 numera
751 828 48 21 vida
814 828 88 20 svärare
919 829 32 19 att

200 861 22 22 få
237 862 46 21 sina
306 861 161 28 tillverkningar
489 861 117 29 föryttrade
625 864 27 19 än
669 861 24 22 de
709 864 70 20 större
793 862 158 28 bryggerierna,

200 896 73 21 hvilka
296 898 38 19 äro
358 896 92 26 belägna
465 896 6 21 i
487 897 26 21 de
532 899 69 19 större
617 897 100 21 städerna
733 897 37 21 och
786 896 47 22 icke
848 896 103 22 träffades

202 930 22 21 af
238 930 93 27 antydda
347 931 153 21 restriktioner.
529 932 68 21 Dessa
617 931 182 27 omständigheter
813 931 63 22 hafva
892 933 59 25 synts

201 964 91 28 förtjena
308 964 127 22 beaktande.

269 1000 49 20 Med
341 999 99 22 afseende
456 1000 12 21 ä
484 1000 25 21 de
525 1002 67 20 större
615 1000 165 28 bryggeriernas
802 1000 96 28 förmäga
920 1002 33 20 att

201 1033 28 28 pä
244 1034 69 26 grund
328 1033 24 22 af
365 1034 62 21 ofvan
450 1034 93 26 antydda
560 1035 88 21 orsaker
663 1035 77 21 lättare
756 1035 54 21 bära
825 1035 84 21 skatten
925 1037 27 19 än

202 1068 26 21 de
243 1068 81 21 mindre
346 1068 39 21 har
408 1068 32 21 för
463 1068 194 28 ävägabringandet
676 1069 23 22 af
712 1076 26 14 en
754 1069 107 27 möjligast
876 1070 76 20 rättvis

202 1103 118 27 fördelning
336 1102 23 22 af
372 1103 162 28 ifrågavarande
550 1104 57 22 skatt
623 1110 26 15 en
665 1104 64 21 sådan
746 1104 169 26 differentiering
931 1104 23 21 af

202 1138 122 20 densamma
332 1138 59 26 synts
399 1138 167 27 ändamålsenlig
573 1140 32 19 att
614 1138 144 22 skattesatsen
766 1138 80 21 ökades
858 1138 34 21 vid
900 1144 52 21 upp-

201 1171 56 22 nådd
272 1171 140 28 förbrukning
426 1171 24 21 af
458 1172 44 21 viss
513 1173 104 26 qvantitet
627 1172 59 22 malt.
709 1172 32 22 En
753 1172 67 22 sådan
830 1172 122 28 progressiv

202 1206 112 21 maltskatt
329 1206 39 21 har
383 1206 65 21 redan
464 1206 67 22 under
547 1206 66 28 några
628 1208 24 20 år
663 1207 54 21 varit
728 1206 113 27 tillämpad
851 1206 7 22 i
868 1207 83 27 Bayern

202 1240 38 21 och
256 1240 37 21 der
308 1240 109 21 befunnits
433 1240 174 27 ändamålsenlig.
637 1240 45 21 Och
701 1241 27 20 då
744 1241 38 21 den
798 1241 6 20 i
819 1241 90 20 Finland
925 1248 27 14 nu

202 1273 123 27 tillämpade
336 1273 98 22 metoden
445 1273 33 21 för
488 1274 151 22 maltskattens
650 1274 118 26 utgörande
778 1274 7 20 i
800 1274 82 26 princip
893 1276 24 19 är
928 1280 25 15 en

202 1307 150 28 efterbildning
374 1307 23 22 af
411 1308 36 22 det
462 1308 90 28 tidigare
571 1309 7 21 i
593 1309 82 27 Bayern
691 1308 97 22 använda
804 1310 101 26 systemet
920 1308 33 22 för

202 1342 150 22 maltskattens
360 1343 144 26 upptagande,
513 1342 38 22 har
567 1344 39 20 den
622 1343 128 27 utveckling,
763 1344 103 27 systemet
882 1343 6 21 i
904 1344 49 20 dess

201 1377 99 22 hemland
315 1377 79 27 vunnit,
418 1379 59 26 synts
501 1378 70 22 kunna
595 1378 48 22 med
666 1378 23 22 af
709 1378 161 22 förhållandena
885 1378 67 22 betin-

202 1414 54 26 gade
272 1412 170 22 modifikationer
457 1413 62 21 vinna
534 1413 135 27 tillämpning
685 1413 62 22 äfven
762 1414 7 21 i
783 1413 99 22 Finland.
