1053 1706
210 118 13 21 2
438 116 25 23 U.
478 116 24 22 B.
518 128 28 4 —
561 116 65 28 Prop.
641 116 37 22 N:o
695 115 33 23 15.

562 186 12 20 3
590 185 20 25 8.

279 230 102 27 Borgare-
405 230 39 21 och
458 230 163 21 Bondeständen
638 229 63 21 hafva
716 236 24 14 ur
756 229 13 21 3
784 230 13 25 &
812 229 67 21 under
894 229 69 22 rubri-

209 266 42 20 ken
275 265 86 26 ,Bevis*
382 264 97 21 uteslutit
494 264 62 21 ordet
573 264 146 26 ,vadebevis*.
749 263 33 22 Då
797 264 119 21 emellertid
931 266 32 20 ut-

210 300 91 20 skottets
323 298 79 26 förslag
424 298 128 21 härutinnan
574 298 64 21 redan
662 297 110 22 omfattats
795 298 23 20 af
838 298 26 21 de
887 300 76 19 tvenne

211 332 68 28 öfriga
301 332 100 26 Ständen,
424 332 39 21 och
479 332 59 21 detta
553 332 85 26 förslag,
655 332 79 21 hvilket
749 332 88 21 innebär
851 332 112 21 vadebevi-

210 374 48 14 sens
273 367 119 25 fritagande
408 366 46 22 frän
470 366 143 27 beskattning,
629 365 103 27 derjemte
747 366 117 21 bibehäller
879 372 29 14 nu
919 366 43 25 gäl-

210 402 59 21 lande
285 400 132 26 bestämning
432 401 7 21 i
454 400 100 22 afseende
570 400 12 21 &
598 400 149 21 vadebevisens
758 400 114 27 kartering,
883 400 80 21 tilläter

210 435 32 26 sig
258 435 103 21 utskottet
375 435 108 20 vördsamt
498 433 87 22 föreslä:

415 498 31 20 att
467 496 106 29 Borgare-
596 496 35 22 och
653 496 171 22 Bondeständen
845 495 48 22 ville
913 496 49 29 god-

347 531 75 21 känna
442 531 110 22 utskottets
568 531 82 28 förslag
664 531 9 21 i
687 531 66 28 fråga
768 537 32 15 om
814 530 149 23 vadebdevisens

346 565 126 28 fritagande
486 566 55 27 från
556 565 117 28 kartering.

279 633 49 22 Med
351 633 99 22 afseende
468 633 12 22 &
499 633 150 28 stämpelafgift
664 633 32 22 för
712 633 171 28 lysningssedlar
899 633 63 22 hafva

209 670 32 19 tre
265 667 72 26 Ständ,
359 667 156 28 Ridderskapet
536 668 40 21 och
594 667 70 21 Adeln
684 669 56 20 samt
758 667 82 21 Preste-
857 667 39 21 och
911 667 52 21 Bor-

209 700 148 29 gareständen,
377 702 94 27 godkänt
485 702 115 21 utskottets
615 701 107 22 eventuelt
737 701 124 21 framstälda
875 701 86 26 förslag,

210 738 32 19 att
257 736 69 21 denna
341 735 60 27 afgift
416 735 65 22 mätte
497 736 102 26 upphöra,
610 736 76 21 medan
697 736 95 21 deremot
802 735 161 21 Bondeständet

209 770 89 21 beslutit
320 771 7 20 i
350 769 69 22 denna
434 770 33 21 del
483 771 78 26 antaga
577 770 40 21 den
633 770 77 26 nädiga
724 770 167 26 propositionen.
921 769 40 21 Vid

209 804 76 22 sädant
306 804 133 21 förhällande
457 804 39 21 och
512 804 26 21 dä
554 804 174 21 Statsutskottets
743 803 23 22 af
780 803 115 22 Ständerna
911 803 50 28 god-

209 837 70 22 kända
293 838 134 21 betänkande
442 837 41 22 N:o
500 838 26 21 15
542 838 108 27 angäende
665 838 99 26 samtliga
774 837 35 22 vid
820 837 142 22 innevarande

209 872 102 27 landtdag
327 871 78 22 äskade
420 873 73 26 anslag
508 874 56 20 samt
579 874 117 25 utvägarne
710 872 32 21 till
753 871 61 22 deras
825 872 137 21 bestridande

211 906 86 27 utvisar,
313 907 32 20 att
361 906 40 21 den
416 905 23 21 af
453 907 89 26 stämpel
558 906 13 21 &
585 906 165 26 lysningssedlar
765 906 124 21 emotsedda
903 906 60 21 skatt

209 940 46 21 icke
271 943 22 19 är
309 939 124 27 erforderlig
454 940 34 21 till
506 939 94 27 fyllande
616 939 22 22 af
653 940 138 21 statsverkets
807 940 70 26 behof,
893 940 69 21 finner

209 975 31 26 sig
255 975 106 21 utskottet
376 974 53 21 böra
443 974 107 21 vördsamt
565 974 88 21 föreslä:

414 1038 32 19 att
464 1035 163 23 Bondeständet
645 1035 8 21 i
673 1036 74 21 denna
766 1036 34 21 del
818 1035 47 22 ville
882 1035 79 27 förena

345 1070 32 28 sig
393 1077 31 15 om
435 1070 35 22 det
479 1070 73 26 beslut,
563 1070 63 22 hvari
637 1070 25 21 de
673 1070 73 22 andra
754 1069 98 23 Ständen
862 1072 98 20 stannat.

275 1140 43 20 Vid
335 1139 153 27 behandlingen
504 1140 22 21 af
540 1139 100 22 rubriken
655 1138 127 23 Resolution
797 1139 63 22 hafva
875 1139 86 22 Preste-

208 1175 39 21 och
269 1174 163 22 Bondeständen
447 1174 92 27 beslutit,
555 1176 32 19 att
601 1174 36 21 det
652 1175 23 21 af
689 1174 106 22 utskottet
809 1174 67 22 under
892 1174 68 21 denna

208 1209 74 21 rubrik
302 1208 76 27 gjorda
399 1208 96 27 tillägget
518 1214 60 20 ,men
601 1208 27 21 dä
650 1208 69 22 denna
741 1208 62 27 afgiit
825 1219 26 4 —
868 1219 26 3 —
912 1220 21 2 —
950 1209 11 21 i

208 1242 152 26 stämpelafgift
382 1243 40 20 100
444 1243 74 19 mark*
541 1242 54 20 skall
615 1242 50 25 utgä
683 1249 25 13 ur
723 1242 159 26 författningen,
899 1242 61 22 hvar-

208 1277 83 26 igenom
313 1276 170 26 cirkussällskap,
507 1281 45 16 som
574 1276 73 26 längre
670 1276 32 21 tid
718 1276 64 21 vistas
798 1276 6 20 i
819 1275 79 26 landet,
913 1276 47 21 icke

208 1310 83 21 komme
314 1311 33 20 att
371 1310 83 26 ätnjuta
476 1310 68 26 nägon
568 1310 97 26 lindring.
696 1310 77 21 Tillika
795 1309 63 22 hafva
879 1315 81 16 samma

207 1344 63 22 stånd
285 1344 48 22 med
347 1343 100 23 afseende
462 1344 12 22 &
490 1343 175 28 stämpelafgifter
680 1344 34 21 för
729 1344 146 26 resolutioner,
891 1344 69 26 utslag

207 1380 40 21 och
261 1378 196 28 protokollsutdrag
472 1378 87 22 beslutit
574 1378 103 22 särskilda
692 1378 151 28 förhöjningar,
860 1379 6 20 i
882 1378 35 22 det
927 1380 34 20 att

275 1424 165 23 Bevillningsutsk.
452 1424 182 22 sammanj.-förslag
647 1424 8 17 i
667 1424 38 18 anl.
718 1424 25 22 af
752 1424 95 18 utskottets
856 1424 33 18 bet.
898 1424 37 19 N:o
942 1424 18 18 2.
