1045 1709
109 434 22 20 36
143 433 15 22 8.

207 125 24 21 32
424 118 30 23 U.
469 119 27 21 B.
514 130 26 4 —
556 118 73 28 Prop.
645 117 42 23 N:o
703 117 38 23 22.

206 187 57 27 slags
274 192 27 16 20
311 187 18 27 $.
349 187 35 21 Då
394 187 142 21 nästnämnda
552 187 103 27 paragraf
667 186 118 21 emellertid
798 185 114 22 innehåller
922 185 37 20 be-

206 222 132 26 stämningar
350 220 80 27 jemväl
445 228 35 13 om
496 222 42 20 rätt
553 225 32 17 att
599 220 56 21 hålla
671 220 31 21 till
717 220 45 21 salu
778 220 50 20 eller
839 219 59 27 köpa
908 219 52 21 frid-

205 254 44 28 lyst
269 255 59 25 vildt,
351 261 49 15 men
414 255 150 27 stadgandena
578 256 30 20 uti
623 254 126 21 förberörda
766 260 26 20 34
807 254 14 27 &
839 254 66 27 enligt
920 253 40 22 Ut-

205 289 95 21 skottets
317 289 139 21 förmenande
472 289 47 21 icke
534 290 38 20 äro
587 296 44 19 nog
647 288 133 21 omfattande
795 288 33 21 för
843 291 32 18 att
889 287 71 22 kunna

206 323 107 27 tillämpas
335 323 63 21 äfven
414 325 12 19 ä
442 323 58 21 brott
515 327 58 18 emot
589 323 137 26 sistantydda
741 323 165 26 bestämningar,
923 322 37 21 har

206 357 121 26 Utskottet,
343 357 33 21 för
390 361 32 18 att
437 357 127 28 möjliggöra
580 357 59 27 dylik
653 357 140 27 tillämpning,
809 358 7 20 i
831 358 71 25 någon
912 357 49 20 män

208 392 159 20 omformulerat
382 392 140 21 förevarande
537 391 107 28 paragraf.

276 425 39 21 Uti
337 427 175 25 propositionens
537 425 25 27 36
578 427 10 23 8
612 425 39 20 har
666 425 126 21 Utskottets
808 424 68 22 flertal
891 427 71 18 ansett

208 460 82 27 nödigt,
312 460 32 20 till
365 459 176 22 förekommande
564 460 22 21 af
607 459 121 25 osäkerhet,
750 459 67 21 införa
836 458 125 28 uttryckligt

208 494 120 27 stadgande
344 494 80 25 derom,
441 497 32 18 att
489 501 79 21 egaren
583 495 32 20 till
630 495 88 26 intagen
733 494 58 21 hund
807 494 23 21 är
844 494 47 21 icke
906 493 56 22 blott

207 529 129 27 berättigad,
352 532 51 18 utan
418 529 64 21 äfven
497 529 87 27 skyldig
598 532 33 18 att
645 529 50 20 med
711 529 37 21 det
763 531 6 18 i
785 528 128 28 paragrafen
925 528 37 21 be-

207 563 85 21 stämda
312 563 80 28 belopp
414 563 69 22 utlösa
499 564 130 21 densamma.
660 563 48 21 Och
724 563 27 21 då
767 563 37 21 det
819 564 70 20 måste
903 566 59 17 anta-

207 604 39 20 gas
261 601 32 18 att
308 599 30 19 uti
353 597 104 22 särskilda
472 598 36 21 fall
524 605 79 20 egaren
617 597 32 22 till
664 598 59 26 dylik
736 597 57 21 hund
804 597 23 21 är
838 597 72 21 okänd
920 597 42 20 och

207 631 126 22 försummar
347 635 33 18 att
394 632 90 27 fullgöra
499 634 32 19 sin
546 632 149 27 nyssantydda
710 632 124 27 skyldighet
847 635 55 17 samt
913 631 49 25 den,

208 673 47 14 som
277 667 77 26 intagit
374 666 92 25 hunden,
488 667 90 24 således,
595 667 44 20 ifall
653 666 87 21 hunden
755 667 23 19 är
793 666 105 25 värdelös,
915 665 47 21 icke

208 700 124 21 bekommer
348 701 71 26 någon
434 701 119 27 ersättning
568 701 32 20 för
615 702 45 19 sina
675 701 32 20 för
723 700 68 27 djuret
806 702 6 19 i
827 700 60 27 fråga
897 700 65 21 hafda

209 734 159 26 omkostnader,
384 735 38 20 har
437 735 135 27 pluraliteten
587 736 57 19 inom
659 735 115 21 Utskottet
789 738 71 17 ansett
875 735 42 20 den
932 735 31 20 tid

209 769 22 21 af
251 771 73 19 trettio
348 769 72 27 dagar,
444 769 126 26 hvarunder,
593 769 81 27 jemlikt
690 771 171 26 propositionen,
877 769 86 21 hunden

208 803 39 21 bör
269 803 67 21 hållas
359 805 30 20 uti
410 803 70 21 förvar
495 804 33 21 för
543 811 90 20 egarens
649 803 95 28 räkning,
761 811 50 13 vara
827 803 70 21 alltför
912 803 50 27 lång

209 841 55 18 samt
279 838 58 26 förty
352 838 87 21 beslutit
455 839 77 20 föreslå
547 842 32 18 att
594 839 68 26 sagda
677 838 32 21 tid
724 838 67 21 måtte
807 838 107 21 förkortas
930 837 32 22 till

209 872 86 27 femton
305 873 73 26 dagar.

277 907 40 25 Då,
340 907 28 26 på
390 907 44 20 sätt
456 907 92 27 tidigare
569 909 7 19 i
598 907 60 21 detta
678 907 137 21 betänkande
831 907 131 25 framhållits,

209 941 88 25 hundar,
320 941 72 21 hvilka
412 941 78 21 tillåtas
514 941 44 22 fritt
580 941 144 27 kringströfva
747 943 6 19 i
768 941 57 28 skog
839 941 42 21 och
896 941 66 25 maik,

209 975 150 21 åstadkomma
374 975 47 21 icke
437 975 112 27 obetydlig
564 975 67 21 skada
646 977 13 19 å
674 976 37 20 det
726 977 129 26 matnyttiga
868 975 96 21 villebrå-

210 1009 43 25 det,
277 1009 41 20 och
340 1009 28 20 då
390 1009 38 21 det
443 1009 57 26 förty
522 1009 39 21 bör
584 1016 61 14 anses
668 1016 52 14 vara
742 1009 72 26 hvarje
829 1009 135 27 hundegares

210 1043 54 28 pligt
287 1047 31 17 att
340 1043 24 21 så
379 1043 67 21 vårda
461 1045 32 19 sin
507 1044 64 25 hund,
588 1047 31 18 att
635 1043 124 22 densamma
774 1043 47 21 icke
836 1045 74 19 vinner
925 1043 39 22 till-

211 1077 48 21 fälle
280 1077 31 21 till
326 1077 68 28 dylikt
409 1077 187 27 kringströfvande
611 1079 70 19 under.
693 1078 28 20 de
735 1079 63 24 tider,
815 1078 26 21 då
857 1079 6 20 i
879 1077 86 22 allmän-

211 1111 37 22 het
271 1111 58 21 hund
350 1111 48 22 icke
418 1112 32 21 får
472 1112 31 20 till
522 1111 46 28 jagt
590 1112 117 27 begagnas,
724 1112 38 21 har
777 1112 114 21 Utskottet
906 1112 59 21 hållit

211 1145 45 21 före
278 1149 32 17 att
332 1145 99 28 lämpligt
450 1152 77 15 ansvar
542 1146 68 21 borde
625 1147 89 26 stadgas
730 1146 32 21 för
777 1146 42 21 den
834 1147 130 26 hundegare,

211 1180 86 21 hvilken
311 1179 39 21 har
364 1179 32 21 för
411 1180 39 21 sed
466 1183 32 18 att
513 1180 42 21 låta
570 1181 33 20 sin
617 1180 59 21 hund
691 1180 136 27 kringstryka
845 1180 67 21 under
929 1181 37 20 be-

211 1214 63 22 rörda
297 1214 61 21 tider.
388 1214 34 21 Af
435 1215 67 20 sådan
517 1214 64 21 orsak
596 1215 38 20 har
649 1215 115 20 Utskottet
780 1216 29 19 uti
825 1215 140 20 förevarande

212 1251 100 23 paragrat
327 1248 63 20 infört
405 1248 160 27 bestämningar
580 1251 6 18 i
601 1249 77 24 antydt
693 1249 109 24 afseende,
818 1249 43 19 och
871 1249 38 19 har
920 1249 47 20 der-

212 1281 36 20 vid
263 1284 100 18 ansvaret
378 1284 83 17 ansetts
476 1281 59 24 böra,
552 1283 6 18 i
574 1281 94 26 enlighet
679 1282 50 19 med
739 1282 57 20 hvad
805 1281 162 27 jagtlagskomi-

212 1315 37 20 tén
271 1315 31 20 uti
324 1314 77 21 sådant
422 1314 124 21 hänseende
568 1314 102 26 förordat,
693 1315 116 21 fastställas
825 1315 31 21 till
871 1315 62 22 böter
948 1315 18 27 ej

213 1349 61 21 öfver
290 1353 26 23 50
330 1349 66 21 mark.

258 1404 3 1 .
281 1384 58 21 Enär
361 1383 124 22 vallhundar
508 1383 40 22 hos
571 1391 36 14 oss
628 1385 113 26 begagnas
763 1385 48 21 icke
830 1384 90 22 allenast
934 1385 33 22 för

214 1418 130 27 renhjordar,
367 1422 51 18 utan
431 1418 79 26 jemväl
525 1419 12 21 å
552 1418 105 22 särskilda
673 1423 57 17 orter
745 1421 6 19 i
766 1419 74 21 landet
854 1419 33 22 för
902 1420 66 21 andra

283 1465 43 21 Lag-
339 1465 27 16 och
378 1465 167 17 Ekonomiutskottets
557 1465 103 17 betänkande
671 1466 34 15 N:o
718 1470 16 16 4.
