<?xml version="1.0" encoding="UTF-8"?>
<alto xmlns="http://www.loc.gov/standards/alto/ns-v3#" xmlns:xlink="http://www.w3.org/1999/xlink" xmlns:xsi="http://www.w3.org/2001/XMLSchema-instance" xsi:schemaLocation="http://www.loc.gov/standards/alto/ns-v3# http://www.loc.gov/alto/v3/alto-3-0.xsd">
	<Description>
		<MeasurementUnit>pixel</MeasurementUnit>
		<sourceImageInformation>
			<fileName>/tmp/tess_vfvv0tcz_input.PNG</fileName>
		</sourceImageInformation>
		<OCRProcessing ID="OCR_0">
			<ocrProcessingStep>
				<processingSoftware>
					<softwareName>tesseract 5.3.4</softwareName>
				</processingSoftware>
			</ocrProcessingStep>
		</OCRProcessing>
	</Description>
	<Layout>
		<Page WIDTH="1056" HEIGHT="1711" PHYSICAL_IMG_NR="0" ID="page_0">
			<PrintSpace HPOS="0" VPOS="0" WIDTH="1056" HEIGHT="1711">
				<ComposedBlock ID="cblock_0" HPOS="331" VPOS="116" WIDTH="534" HEIGHT="28">
					<TextBlock ID="block_0" HPOS="331" VPOS="116" WIDTH="534" HEIGHT="28">
						<TextLine ID="line_0" HPOS="331" VPOS="116" WIDTH="534" HEIGHT="28">
							<String ID="string_0" HPOS="331" VPOS="116" WIDTH="30" HEIGHT="22" WC="0.89" CONTENT="U."/><SP WIDTH="15" VPOS="116" HPOS="361"/>
							<String ID="string_1" HPOS="376" VPOS="116" WIDTH="28" HEIGHT="22" WC="0.92" CONTENT="B."/><SP WIDTH="18" VPOS="116" HPOS="404"/>
							<String ID="string_2" HPOS="422" VPOS="128" WIDTH="27" HEIGHT="4" WC="0.91" CONTENT="—"/><SP WIDTH="15" VPOS="128" HPOS="449"/>
							<String ID="string_3" HPOS="464" VPOS="116" WIDTH="74" HEIGHT="28" WC="0.94" CONTENT="Prop."/><SP WIDTH="16" VPOS="116" HPOS="538"/>
							<String ID="string_4" HPOS="554" VPOS="116" WIDTH="43" HEIGHT="23" WC="0.93" CONTENT="N:o"/><SP WIDTH="16" VPOS="116" HPOS="597"/>
							<String ID="string_5" HPOS="613" VPOS="117" WIDTH="36" HEIGHT="23" WC="0.88" CONTENT="13."/><SP WIDTH="189" VPOS="117" HPOS="649"/>
							<String ID="string_6" HPOS="838" VPOS="118" WIDTH="27" HEIGHT="20" WC="0.95" CONTENT="29"/>
						</TextLine>
					</TextBlock>
				</ComposedBlock>
				<ComposedBlock ID="cblock_1" HPOS="110" VPOS="180" WIDTH="762" HEIGHT="1265">
					<TextBlock ID="block_1" HPOS="110" VPOS="180" WIDTH="757" HEIGHT="442">
						<TextLine ID="line_1" HPOS="110" VPOS="180" WIDTH="756" HEIGHT="31">
							<String ID="string_7" HPOS="110" VPOS="180" WIDTH="155" HEIGHT="22" WC="0.96" CONTENT="betraktelser"/><SP WIDTH="18" VPOS="180" HPOS="265"/>
							<String ID="string_8" HPOS="283" VPOS="180" WIDTH="121" HEIGHT="30" WC="0.96" CONTENT="angående"/><SP WIDTH="18" VPOS="180" HPOS="404"/>
							<String ID="string_9" HPOS="422" VPOS="181" WIDTH="28" HEIGHT="22" WC="0.97" CONTENT="de"/><SP WIDTH="19" VPOS="181" HPOS="450"/>
							<String ID="string_10" HPOS="469" VPOS="181" WIDTH="106" HEIGHT="29" WC="0.96" CONTENT="skadliga"/><SP WIDTH="16" VPOS="181" HPOS="575"/>
							<String ID="string_11" HPOS="591" VPOS="182" WIDTH="116" HEIGHT="29" WC="0.96" CONTENT="följderna"/><SP WIDTH="18" VPOS="182" HPOS="707"/>
							<String ID="string_12" HPOS="725" VPOS="182" WIDTH="24" HEIGHT="22" WC="0.96" CONTENT="af"/><SP WIDTH="13" VPOS="182" HPOS="749"/>
							<String ID="string_13" HPOS="762" VPOS="184" WIDTH="35" HEIGHT="20" WC="0.96" CONTENT="att"/><SP WIDTH="12" VPOS="184" HPOS="797"/>
							<String ID="string_14" HPOS="809" VPOS="184" WIDTH="57" HEIGHT="20" WC="0.96" CONTENT="utan"/>
						</TextLine>
						<TextLine ID="line_2" HPOS="111" VPOS="214" WIDTH="755" HEIGHT="31">
							<String ID="string_15" HPOS="111" VPOS="215" WIDTH="103" HEIGHT="29" WC="0.93" CONTENT="verkligt"/><SP WIDTH="25" VPOS="215" HPOS="214"/>
							<String ID="string_16" HPOS="239" VPOS="214" WIDTH="71" HEIGHT="23" WC="0.91" CONTENT="behof"/><SP WIDTH="27" VPOS="214" HPOS="310"/>
							<String ID="string_17" HPOS="337" VPOS="216" WIDTH="55" HEIGHT="21" WC="0.95" CONTENT="eller"/><SP WIDTH="22" VPOS="216" HPOS="392"/>
							<String ID="string_18" HPOS="414" VPOS="216" WIDTH="23" HEIGHT="21" WC="0.96" CONTENT="af"/><SP WIDTH="20" VPOS="216" HPOS="437"/>
							<String ID="string_19" HPOS="457" VPOS="219" WIDTH="53" HEIGHT="19" WC="0.91" CONTENT="rent"/><SP WIDTH="20" VPOS="219" HPOS="510"/>
							<String ID="string_20" HPOS="530" VPOS="216" WIDTH="112" HEIGHT="22" WC="0.91" CONTENT="lättsinne"/><SP WIDTH="20" VPOS="216" HPOS="642"/>
							<String ID="string_21" HPOS="662" VPOS="216" WIDTH="72" HEIGHT="22" WC="0.96" CONTENT="anlita"/><SP WIDTH="19" VPOS="216" HPOS="734"/>
							<String ID="string_22" HPOS="753" VPOS="224" WIDTH="29" HEIGHT="14" WC="0.93" CONTENT="en"/><SP WIDTH="17" VPOS="224" HPOS="782"/>
							<String ID="string_23" HPOS="799" VPOS="219" WIDTH="67" HEIGHT="26" WC="0.91" CONTENT="pant-"/>
						</TextLine>
						<TextLine ID="line_3" HPOS="110" VPOS="250" WIDTH="756" HEIGHT="28">
							<String ID="string_24" HPOS="110" VPOS="250" WIDTH="187" HEIGHT="28" WC="0.92" CONTENT="låneinrättning"/><SP WIDTH="25" VPOS="250" HPOS="297"/>
							<String ID="string_25" HPOS="322" VPOS="250" WIDTH="37" HEIGHT="21" WC="0.93" CONTENT="för"/><SP WIDTH="21" VPOS="250" HPOS="359"/>
							<String ID="string_26" HPOS="380" VPOS="250" WIDTH="153" HEIGHT="22" WC="0.91" CONTENT="anskaffande"/><SP WIDTH="18" VPOS="250" HPOS="533"/>
							<String ID="string_27" HPOS="551" VPOS="250" WIDTH="24" HEIGHT="22" WC="0.96" CONTENT="af"/><SP WIDTH="16" VPOS="250" HPOS="575"/>
							<String ID="string_28" HPOS="591" VPOS="251" WIDTH="76" HEIGHT="21" WC="0.96" CONTENT="medel"/><SP WIDTH="18" VPOS="251" HPOS="667"/>
							<String ID="string_29" HPOS="685" VPOS="251" WIDTH="37" HEIGHT="21" WC="0.96" CONTENT="till"/><SP WIDTH="18" VPOS="251" HPOS="722"/>
							<String ID="string_30" HPOS="740" VPOS="253" WIDTH="34" HEIGHT="19" WC="0.93" CONTENT="ett"/><SP WIDTH="18" VPOS="253" HPOS="774"/>
							<String ID="string_31" HPOS="792" VPOS="250" WIDTH="74" HEIGHT="22" WC="0.92" CONTENT="öfver-"/>
						</TextLine>
						<TextLine ID="line_4" HPOS="111" VPOS="284" WIDTH="755" HEIGHT="28">
							<String ID="string_32" HPOS="111" VPOS="284" WIDTH="83" HEIGHT="28" WC="0.92" CONTENT="dådigt"/><SP WIDTH="23" VPOS="284" HPOS="194"/>
							<String ID="string_33" HPOS="217" VPOS="284" WIDTH="56" HEIGHT="21" WC="0.93" CONTENT="eller"/><SP WIDTH="25" VPOS="284" HPOS="273"/>
							<String ID="string_34" HPOS="298" VPOS="284" WIDTH="99" HEIGHT="21" WC="0.92" CONTENT="lastbart"/><SP WIDTH="22" VPOS="284" HPOS="397"/>
							<String ID="string_35" HPOS="419" VPOS="284" WIDTH="109" HEIGHT="28" WC="0.92" CONTENT="lefverne,"/><SP WIDTH="22" VPOS="284" HPOS="528"/>
							<String ID="string_36" HPOS="550" VPOS="285" WIDTH="80" HEIGHT="27" WC="0.96" CONTENT="motiv,"/><SP WIDTH="20" VPOS="285" HPOS="630"/>
							<String ID="string_37" HPOS="650" VPOS="292" WIDTH="48" HEIGHT="14" WC="0.96" CONTENT="som"/><SP WIDTH="17" VPOS="292" HPOS="698"/>
							<String ID="string_38" HPOS="715" VPOS="285" WIDTH="9" HEIGHT="21" WC="0.96" CONTENT="i"/><SP WIDTH="17" VPOS="285" HPOS="724"/>
							<String ID="string_39" HPOS="741" VPOS="285" WIDTH="49" HEIGHT="21" WC="0.96" CONTENT="rikt"/><SP WIDTH="16" VPOS="285" HPOS="790"/>
							<String ID="string_40" HPOS="806" VPOS="286" WIDTH="60" HEIGHT="20" WC="0.96" CONTENT="mått"/>
						</TextLine>
						<TextLine ID="line_5" HPOS="111" VPOS="317" WIDTH="756" HEIGHT="30">
							<String ID="string_41" HPOS="111" VPOS="318" WIDTH="36" HEIGHT="21" WC="0.95" CONTENT="uti"/><SP WIDTH="26" VPOS="318" HPOS="147"/>
							<String ID="string_42" HPOS="173" VPOS="317" WIDTH="84" HEIGHT="22" WC="0.96" CONTENT="sådant"/><SP WIDTH="27" VPOS="317" HPOS="257"/>
							<String ID="string_43" HPOS="284" VPOS="318" WIDTH="60" HEIGHT="28" WC="0.96" CONTENT="syfte"/><SP WIDTH="27" VPOS="318" HPOS="344"/>
							<String ID="string_44" HPOS="371" VPOS="317" WIDTH="119" HEIGHT="23" WC="0.96" CONTENT="användas"/><SP WIDTH="24" VPOS="317" HPOS="490"/>
							<String ID="string_45" HPOS="514" VPOS="319" WIDTH="140" HEIGHT="28" WC="0.95" CONTENT="exempelvis"/><SP WIDTH="22" VPOS="319" HPOS="654"/>
							<String ID="string_46" HPOS="676" VPOS="319" WIDTH="36" HEIGHT="22" WC="0.96" CONTENT="uti"/><SP WIDTH="20" VPOS="319" HPOS="712"/>
							<String ID="string_47" HPOS="732" VPOS="319" WIDTH="47" HEIGHT="22" WC="0.96" CONTENT="den"/><SP WIDTH="18" VPOS="319" HPOS="779"/>
							<String ID="string_48" HPOS="797" VPOS="319" WIDTH="70" HEIGHT="21" WC="0.96" CONTENT="ofvan"/>
						</TextLine>
						<TextLine ID="line_6" HPOS="111" VPOS="351" WIDTH="755" HEIGHT="24">
							<String ID="string_49" HPOS="111" VPOS="351" WIDTH="102" HEIGHT="23" WC="0.96" CONTENT="nämnda"/><SP WIDTH="22" VPOS="351" HPOS="213"/>
							<String ID="string_50" HPOS="235" VPOS="352" WIDTH="174" HEIGHT="22" WC="0.93" CONTENT="reservationen"/><SP WIDTH="18" VPOS="352" HPOS="409"/>
							<String ID="string_51" HPOS="427" VPOS="352" WIDTH="37" HEIGHT="22" WC="0.93" CONTENT="till"/><SP WIDTH="17" VPOS="352" HPOS="464"/>
							<String ID="string_52" HPOS="481" VPOS="352" WIDTH="117" HEIGHT="23" WC="0.91" CONTENT="komiténs"/><SP WIDTH="18" VPOS="352" HPOS="598"/>
							<String ID="string_53" HPOS="616" VPOS="353" WIDTH="154" HEIGHT="22" WC="0.88" CONTENT="betänkande."/><SP WIDTH="30" VPOS="353" HPOS="770"/>
							<String ID="string_54" HPOS="800" VPOS="353" WIDTH="66" HEIGHT="21" WC="0.88" CONTENT="Miss-"/>
						</TextLine>
						<TextLine ID="line_7" HPOS="110" VPOS="386" WIDTH="757" HEIGHT="30">
							<String ID="string_55" HPOS="110" VPOS="386" WIDTH="87" HEIGHT="22" WC="0.96" CONTENT="brukas"/><SP WIDTH="28" VPOS="386" HPOS="197"/>
							<String ID="string_56" HPOS="225" VPOS="388" WIDTH="92" HEIGHT="28" WC="0.96" CONTENT="engång"/><SP WIDTH="26" VPOS="388" HPOS="317"/>
							<String ID="string_57" HPOS="343" VPOS="386" WIDTH="153" HEIGHT="30" WC="0.96" CONTENT="möjligheten"/><SP WIDTH="26" VPOS="386" HPOS="496"/>
							<String ID="string_58" HPOS="522" VPOS="388" WIDTH="23" HEIGHT="21" WC="0.96" CONTENT="af"/><SP WIDTH="27" VPOS="388" HPOS="545"/>
							<String ID="string_59" HPOS="572" VPOS="389" WIDTH="35" HEIGHT="20" WC="0.96" CONTENT="att"/><SP WIDTH="18" VPOS="389" HPOS="607"/>
							<String ID="string_60" HPOS="625" VPOS="389" WIDTH="61" HEIGHT="20" WC="0.96" CONTENT="emot"/><SP WIDTH="18" VPOS="389" HPOS="686"/>
							<String ID="string_61" HPOS="704" VPOS="390" WIDTH="58" HEIGHT="25" WC="0.95" CONTENT="pant"/><SP WIDTH="18" VPOS="390" HPOS="762"/>
							<String ID="string_62" HPOS="780" VPOS="387" WIDTH="87" HEIGHT="22" WC="0.95" CONTENT="erhålla"/>
						</TextLine>
						<TextLine ID="line_8" HPOS="111" VPOS="421" WIDTH="755" HEIGHT="30">
							<String ID="string_63" HPOS="111" VPOS="421" WIDTH="166" HEIGHT="29" WC="0.89" CONTENT="penningelån,"/><SP WIDTH="28" VPOS="421" HPOS="277"/>
							<String ID="string_64" HPOS="305" VPOS="425" WIDTH="24" HEIGHT="17" WC="0.96" CONTENT="är"/><SP WIDTH="23" VPOS="425" HPOS="329"/>
							<String ID="string_65" HPOS="352" VPOS="421" WIDTH="39" HEIGHT="21" WC="0.96" CONTENT="det"/><SP WIDTH="22" VPOS="421" HPOS="391"/>
							<String ID="string_66" HPOS="413" VPOS="421" WIDTH="39" HEIGHT="22" WC="0.96" CONTENT="väl"/><SP WIDTH="17" VPOS="421" HPOS="452"/>
							<String ID="string_67" HPOS="469" VPOS="421" WIDTH="115" HEIGHT="30" WC="0.96" CONTENT="likgiltigt"/><SP WIDTH="18" VPOS="421" HPOS="584"/>
							<String ID="string_68" HPOS="602" VPOS="429" WIDTH="38" HEIGHT="14" WC="0.96" CONTENT="om"/><SP WIDTH="17" VPOS="429" HPOS="640"/>
							<String ID="string_69" HPOS="657" VPOS="421" WIDTH="92" HEIGHT="22" WC="0.96" CONTENT="medlen"/><SP WIDTH="18" VPOS="421" HPOS="749"/>
							<String ID="string_70" HPOS="767" VPOS="421" WIDTH="99" HEIGHT="22" WC="0.96" CONTENT="erhållas"/>
						</TextLine>
						<TextLine ID="line_9" HPOS="111" VPOS="455" WIDTH="756" HEIGHT="30">
							<String ID="string_71" HPOS="111" VPOS="455" WIDTH="52" HEIGHT="22" WC="0.95" CONTENT="från"/><SP WIDTH="18" VPOS="455" HPOS="163"/>
							<String ID="string_72" HPOS="181" VPOS="462" WIDTH="30" HEIGHT="14" WC="0.96" CONTENT="en"/><SP WIDTH="18" VPOS="462" HPOS="211"/>
							<String ID="string_73" HPOS="229" VPOS="455" WIDTH="92" HEIGHT="22" WC="0.91" CONTENT="enskild"/><SP WIDTH="17" VPOS="455" HPOS="321"/>
							<String ID="string_74" HPOS="338" VPOS="455" WIDTH="137" HEIGHT="29" WC="0.91" CONTENT="pantlånare"/><SP WIDTH="19" VPOS="455" HPOS="475"/>
							<String ID="string_75" HPOS="494" VPOS="456" WIDTH="56" HEIGHT="21" WC="0.96" CONTENT="eller"/><SP WIDTH="17" VPOS="456" HPOS="550"/>
							<String ID="string_76" HPOS="567" VPOS="455" WIDTH="53" HEIGHT="22" WC="0.96" CONTENT="från"/><SP WIDTH="17" VPOS="455" HPOS="620"/>
							<String ID="string_77" HPOS="637" VPOS="463" WIDTH="29" HEIGHT="14" WC="0.96" CONTENT="en"/><SP WIDTH="18" VPOS="463" HPOS="666"/>
							<String ID="string_78" HPOS="684" VPOS="456" WIDTH="9" HEIGHT="21" WC="0.91" CONTENT="i"/><SP WIDTH="15" VPOS="456" HPOS="693"/>
							<String ID="string_79" HPOS="708" VPOS="455" WIDTH="159" HEIGHT="30" WC="0.89" CONTENT="filantropiskt"/>
						</TextLine>
						<TextLine ID="line_10" HPOS="112" VPOS="489" WIDTH="755" HEIGHT="30">
							<String ID="string_80" HPOS="112" VPOS="490" WIDTH="60" HEIGHT="28" WC="0.96" CONTENT="syfte"/><SP WIDTH="18" VPOS="490" HPOS="172"/>
							<String ID="string_81" HPOS="190" VPOS="489" WIDTH="105" HEIGHT="22" WC="0.93" CONTENT="inrättad"/><SP WIDTH="18" VPOS="489" HPOS="295"/>
							<String ID="string_82" HPOS="313" VPOS="489" WIDTH="206" HEIGHT="29" WC="0.90" CONTENT="pantlåneanstalt."/><SP WIDTH="30" VPOS="489" HPOS="519"/>
							<String ID="string_83" HPOS="549" VPOS="489" WIDTH="50" HEIGHT="23" WC="0.96" CONTENT="Och"/><SP WIDTH="13" VPOS="489" HPOS="599"/>
							<String ID="string_84" HPOS="612" VPOS="490" WIDTH="51" HEIGHT="28" WC="0.96" CONTENT="den,"/><SP WIDTH="13" VPOS="490" HPOS="663"/>
							<String ID="string_85" HPOS="676" VPOS="498" WIDTH="49" HEIGHT="14" WC="0.96" CONTENT="som"/><SP WIDTH="12" VPOS="498" HPOS="725"/>
							<String ID="string_86" HPOS="737" VPOS="491" WIDTH="31" HEIGHT="28" WC="0.96" CONTENT="på"/><SP WIDTH="12" VPOS="491" HPOS="768"/>
							<String ID="string_87" HPOS="780" VPOS="491" WIDTH="87" HEIGHT="21" WC="0.96" CONTENT="sådana"/>
						</TextLine>
						<TextLine ID="line_11" HPOS="111" VPOS="523" WIDTH="755" HEIGHT="31">
							<String ID="string_88" HPOS="111" VPOS="523" WIDTH="103" HEIGHT="30" WC="0.96" CONTENT="grunder"/><SP WIDTH="21" VPOS="523" HPOS="214"/>
							<String ID="string_89" HPOS="235" VPOS="525" WIDTH="43" HEIGHT="21" WC="0.96" CONTENT="vill"/><SP WIDTH="21" VPOS="525" HPOS="278"/>
							<String ID="string_90" HPOS="299" VPOS="524" WIDTH="131" HEIGHT="22" WC="0.93" CONTENT="motarbeta"/><SP WIDTH="16" VPOS="524" HPOS="430"/>
							<String ID="string_91" HPOS="446" VPOS="524" WIDTH="164" HEIGHT="23" WC="0.91" CONTENT="bedrifvandet"/><SP WIDTH="19" VPOS="524" HPOS="610"/>
							<String ID="string_92" HPOS="629" VPOS="525" WIDTH="23" HEIGHT="21" WC="0.93" CONTENT="af"/><SP WIDTH="17" VPOS="525" HPOS="652"/>
							<String ID="string_93" HPOS="669" VPOS="525" WIDTH="197" HEIGHT="29" WC="0.92" CONTENT="pantlånerörelse"/>
						</TextLine>
						<TextLine ID="line_12" HPOS="111" VPOS="559" WIDTH="755" HEIGHT="29">
							<String ID="string_94" HPOS="111" VPOS="559" WIDTH="9" HEIGHT="21" WC="0.96" CONTENT="i"/><SP WIDTH="26" VPOS="559" HPOS="120"/>
							<String ID="string_95" HPOS="146" VPOS="559" WIDTH="46" HEIGHT="21" WC="0.96" CONTENT="den"/><SP WIDTH="22" VPOS="559" HPOS="192"/>
							<String ID="string_96" HPOS="214" VPOS="559" WIDTH="62" HEIGHT="21" WC="0.96" CONTENT="förra"/><SP WIDTH="26" VPOS="559" HPOS="276"/>
							<String ID="string_97" HPOS="302" VPOS="559" WIDTH="95" HEIGHT="27" WC="0.96" CONTENT="formen,"/><SP WIDTH="22" VPOS="559" HPOS="397"/>
							<String ID="string_98" HPOS="419" VPOS="560" WIDTH="72" HEIGHT="20" WC="0.96" CONTENT="måste"/><SP WIDTH="24" VPOS="560" HPOS="491"/>
							<String ID="string_99" HPOS="515" VPOS="559" WIDTH="53" HEIGHT="22" WC="0.95" CONTENT="med"/><SP WIDTH="17" VPOS="559" HPOS="568"/>
							<String ID="string_100" HPOS="585" VPOS="559" WIDTH="49" HEIGHT="21" WC="0.93" CONTENT="lika"/><SP WIDTH="18" VPOS="559" HPOS="634"/>
							<String ID="string_101" HPOS="652" VPOS="559" WIDTH="79" HEIGHT="22" WC="0.91" CONTENT="oblida"/><SP WIDTH="18" VPOS="559" HPOS="731"/>
							<String ID="string_102" HPOS="749" VPOS="563" WIDTH="61" HEIGHT="25" WC="0.90" CONTENT="ögon"/><SP WIDTH="17" VPOS="563" HPOS="810"/>
							<String ID="string_103" HPOS="827" VPOS="559" WIDTH="39" HEIGHT="21" WC="0.90" CONTENT="be-"/>
						</TextLine>
						<TextLine ID="line_13" HPOS="112" VPOS="593" WIDTH="753" HEIGHT="29">
							<String ID="string_104" HPOS="112" VPOS="594" WIDTH="79" HEIGHT="21" WC="0.91" CONTENT="trakta"/><SP WIDTH="24" VPOS="594" HPOS="191"/>
							<String ID="string_105" HPOS="215" VPOS="593" WIDTH="156" HEIGHT="29" WC="0.96" CONTENT="uppkomsten"/><SP WIDTH="18" VPOS="593" HPOS="371"/>
							<String ID="string_106" HPOS="389" VPOS="593" WIDTH="24" HEIGHT="22" WC="0.96" CONTENT="af"/><SP WIDTH="17" VPOS="593" HPOS="413"/>
							<String ID="string_107" HPOS="430" VPOS="594" WIDTH="112" HEIGHT="21" WC="0.96" CONTENT="anstalter"/><SP WIDTH="17" VPOS="594" HPOS="542"/>
							<String ID="string_108" HPOS="559" VPOS="593" WIDTH="52" HEIGHT="22" WC="0.96" CONTENT="utaf"/><SP WIDTH="17" VPOS="593" HPOS="611"/>
							<String ID="string_109" HPOS="628" VPOS="593" WIDTH="40" HEIGHT="22" WC="0.96" CONTENT="det"/><SP WIDTH="17" VPOS="593" HPOS="668"/>
							<String ID="string_110" HPOS="685" VPOS="601" WIDTH="81" HEIGHT="15" WC="0.95" CONTENT="senare"/><SP WIDTH="19" VPOS="601" HPOS="766"/>
							<String ID="string_111" HPOS="785" VPOS="594" WIDTH="80" HEIGHT="28" WC="0.95" CONTENT="slaget."/>
						</TextLine>
					</TextBlock>
					<TextBlock ID="block_2" HPOS="112" VPOS="627" WIDTH="758" HEIGHT="442">
						<TextLine ID="line_14" HPOS="180" VPOS="627" WIDTH="686" HEIGHT="29">
							<String ID="string_112" HPOS="180" VPOS="628" WIDTH="48" HEIGHT="22" WC="0.96" CONTENT="För"/><SP WIDTH="17" VPOS="628" HPOS="228"/>
							<String ID="string_113" HPOS="245" VPOS="628" WIDTH="129" HEIGHT="27" WC="0.96" CONTENT="Utskottet,"/><SP WIDTH="18" VPOS="628" HPOS="374"/>
							<String ID="string_114" HPOS="392" VPOS="627" WIDTH="91" HEIGHT="23" WC="0.96" CONTENT="hvilket"/><SP WIDTH="18" VPOS="627" HPOS="483"/>
							<String ID="string_115" HPOS="501" VPOS="628" WIDTH="111" HEIGHT="22" WC="0.96" CONTENT="omfattar"/><SP WIDTH="17" VPOS="628" HPOS="612"/>
							<String ID="string_116" HPOS="629" VPOS="628" WIDTH="46" HEIGHT="22" WC="0.96" CONTENT="den"/><SP WIDTH="11" VPOS="628" HPOS="675"/>
							<String ID="string_117" HPOS="686" VPOS="628" WIDTH="86" HEIGHT="28" WC="0.93" CONTENT="nådiga"/><SP WIDTH="12" VPOS="628" HPOS="772"/>
							<String ID="string_118" HPOS="784" VPOS="635" WIDTH="82" HEIGHT="21" WC="0.91" CONTENT="propo-"/>
						</TextLine>
						<TextLine ID="line_15" HPOS="112" VPOS="662" WIDTH="756" HEIGHT="29">
							<String ID="string_119" HPOS="112" VPOS="662" WIDTH="114" HEIGHT="22" WC="0.90" CONTENT="sitionens"/><SP WIDTH="18" VPOS="662" HPOS="226"/>
							<String ID="string_120" HPOS="244" VPOS="663" WIDTH="71" HEIGHT="21" WC="0.96" CONTENT="tanke"/><SP WIDTH="19" VPOS="663" HPOS="315"/>
							<String ID="string_121" HPOS="334" VPOS="664" WIDTH="35" HEIGHT="20" WC="0.96" CONTENT="att"/><SP WIDTH="17" VPOS="664" HPOS="369"/>
							<String ID="string_122" HPOS="386" VPOS="663" WIDTH="40" HEIGHT="21" WC="0.96" CONTENT="väl"/><SP WIDTH="18" VPOS="663" HPOS="426"/>
							<String ID="string_123" HPOS="444" VPOS="662" WIDTH="163" HEIGHT="29" WC="0.96" CONTENT="organiserade"/><SP WIDTH="19" VPOS="662" HPOS="607"/>
							<String ID="string_124" HPOS="626" VPOS="662" WIDTH="43" HEIGHT="22" WC="0.96" CONTENT="och"/><SP WIDTH="15" VPOS="662" HPOS="669"/>
							<String ID="string_125" HPOS="684" VPOS="662" WIDTH="74" HEIGHT="22" WC="0.96" CONTENT="under"/><SP WIDTH="12" VPOS="662" HPOS="758"/>
							<String ID="string_126" HPOS="770" VPOS="662" WIDTH="98" HEIGHT="28" WC="0.96" CONTENT="behörig"/>
						</TextLine>
						<TextLine ID="line_16" HPOS="112" VPOS="693" WIDTH="756" HEIGHT="33">
							<String ID="string_127" HPOS="112" VPOS="696" WIDTH="105" HEIGHT="23" WC="0.96" CONTENT="kontroll"/><SP WIDTH="16" VPOS="696" HPOS="217"/>
							<String ID="string_128" HPOS="233" VPOS="696" WIDTH="131" HEIGHT="23" WC="0.93" CONTENT="förvaltade"/><SP WIDTH="18" VPOS="696" HPOS="364"/>
							<String ID="string_129" HPOS="382" VPOS="697" WIDTH="270" HEIGHT="29" WC="0.90" CONTENT="pantlåneinrättningar"/><SP WIDTH="11" VPOS="697" HPOS="652"/>
							<String ID="string_130" HPOS="663" VPOS="693" WIDTH="86" HEIGHT="26" WC="0.87" CONTENT="kunna"/><SP WIDTH="15" VPOS="693" HPOS="749"/>
							<String ID="string_131" HPOS="764" VPOS="696" WIDTH="104" HEIGHT="22" WC="0.95" CONTENT="medföra"/>
						</TextLine>
						<TextLine ID="line_17" HPOS="113" VPOS="731" WIDTH="754" HEIGHT="28">
							<String ID="string_132" HPOS="113" VPOS="732" WIDTH="51" HEIGHT="20" WC="0.96" CONTENT="icke"/><SP WIDTH="27" VPOS="732" HPOS="164"/>
							<String ID="string_133" HPOS="191" VPOS="732" WIDTH="68" HEIGHT="27" WC="0.96" CONTENT="ringa"/><SP WIDTH="26" VPOS="732" HPOS="259"/>
							<String ID="string_134" HPOS="285" VPOS="739" WIDTH="65" HEIGHT="20" WC="0.96" CONTENT="gagn"/><SP WIDTH="25" VPOS="739" HPOS="350"/>
							<String ID="string_135" HPOS="375" VPOS="731" WIDTH="37" HEIGHT="22" WC="0.96" CONTENT="för"/><SP WIDTH="26" VPOS="731" HPOS="412"/>
							<String ID="string_136" HPOS="438" VPOS="731" WIDTH="29" HEIGHT="21" WC="0.95" CONTENT="de"/><SP WIDTH="26" VPOS="731" HPOS="467"/>
							<String ID="string_137" HPOS="493" VPOS="731" WIDTH="110" HEIGHT="28" WC="0.92" CONTENT="fattigare"/><SP WIDTH="27" VPOS="731" HPOS="603"/>
							<String ID="string_138" HPOS="630" VPOS="731" WIDTH="237" HEIGHT="27" WC="0.92" CONTENT="samhällsklasserna,"/>
						</TextLine>
						<TextLine ID="line_18" HPOS="113" VPOS="764" WIDTH="754" HEIGHT="30">
							<String ID="string_139" HPOS="113" VPOS="765" WIDTH="71" HEIGHT="22" WC="0.96" CONTENT="hafva"/><SP WIDTH="27" VPOS="765" HPOS="184"/>
							<String ID="string_140" HPOS="211" VPOS="765" WIDTH="51" HEIGHT="22" WC="0.95" CONTENT="icke"/><SP WIDTH="26" VPOS="765" HPOS="262"/>
							<String ID="string_141" HPOS="288" VPOS="765" WIDTH="73" HEIGHT="22" WC="0.95" CONTENT="heller"/><SP WIDTH="26" VPOS="765" HPOS="361"/>
							<String ID="string_142" HPOS="387" VPOS="765" WIDTH="87" HEIGHT="22" WC="0.96" CONTENT="sådana"/><SP WIDTH="18" VPOS="765" HPOS="474"/>
							<String ID="string_143" HPOS="492" VPOS="765" WIDTH="146" HEIGHT="29" WC="0.96" CONTENT="synpunkter"/><SP WIDTH="17" VPOS="765" HPOS="638"/>
							<String ID="string_144" HPOS="655" VPOS="765" WIDTH="62" HEIGHT="22" WC="0.93" CONTENT="varit"/><SP WIDTH="18" VPOS="765" HPOS="717"/>
							<String ID="string_145" HPOS="735" VPOS="764" WIDTH="132" HEIGHT="30" WC="0.92" CONTENT="afgörande."/>
						</TextLine>
						<TextLine ID="line_19" HPOS="113" VPOS="799" WIDTH="755" HEIGHT="30">
							<String ID="string_146" HPOS="113" VPOS="800" WIDTH="55" HEIGHT="21" WC="0.95" CONTENT="Men"/><SP WIDTH="18" VPOS="800" HPOS="168"/>
							<String ID="string_147" HPOS="186" VPOS="800" WIDTH="122" HEIGHT="21" WC="0.96" CONTENT="Utskottet"/><SP WIDTH="17" VPOS="800" HPOS="308"/>
							<String ID="string_148" HPOS="325" VPOS="800" WIDTH="43" HEIGHT="22" WC="0.96" CONTENT="har"/><SP WIDTH="17" VPOS="800" HPOS="368"/>
							<String ID="string_149" HPOS="385" VPOS="799" WIDTH="80" HEIGHT="22" WC="0.96" CONTENT="funnit"/><SP WIDTH="12" VPOS="799" HPOS="465"/>
							<String ID="string_150" HPOS="477" VPOS="799" WIDTH="82" HEIGHT="22" WC="0.96" CONTENT="endast"/><SP WIDTH="12" VPOS="799" HPOS="559"/>
							<String ID="string_151" HPOS="571" VPOS="799" WIDTH="87" HEIGHT="23" WC="0.91" CONTENT="sådana"/><SP WIDTH="12" VPOS="799" HPOS="658"/>
							<String ID="string_152" HPOS="670" VPOS="799" WIDTH="198" HEIGHT="30" WC="0.91" CONTENT="pantlåneanstal-"/>
						</TextLine>
						<TextLine ID="line_20" HPOS="114" VPOS="834" WIDTH="754" HEIGHT="28">
							<String ID="string_153" HPOS="114" VPOS="837" WIDTH="41" HEIGHT="25" WC="0.96" CONTENT="ter,"/><SP WIDTH="19" VPOS="837" HPOS="155"/>
							<String ID="string_154" HPOS="174" VPOS="842" WIDTH="49" HEIGHT="14" WC="0.92" CONTENT="som"/><SP WIDTH="17" VPOS="842" HPOS="223"/>
							<String ID="string_155" HPOS="240" VPOS="834" WIDTH="118" HEIGHT="22" WC="0.91" CONTENT="bedrifvas"/><SP WIDTH="19" VPOS="834" HPOS="358"/>
							<String ID="string_156" HPOS="377" VPOS="834" WIDTH="23" HEIGHT="22" WC="0.96" CONTENT="af"/><SP WIDTH="17" VPOS="834" HPOS="400"/>
							<String ID="string_157" HPOS="417" VPOS="835" WIDTH="110" HEIGHT="21" WC="0.95" CONTENT="kommun"/><SP WIDTH="13" VPOS="835" HPOS="527"/>
							<String ID="string_158" HPOS="540" VPOS="835" WIDTH="57" HEIGHT="21" WC="0.95" CONTENT="eller"/><SP WIDTH="11" VPOS="835" HPOS="597"/>
							<String ID="string_159" HPOS="608" VPOS="835" WIDTH="71" HEIGHT="27" WC="0.96" CONTENT="bolag"/><SP WIDTH="11" VPOS="835" HPOS="679"/>
							<String ID="string_160" HPOS="690" VPOS="835" WIDTH="9" HEIGHT="20" WC="0.93" CONTENT="i"/><SP WIDTH="11" VPOS="835" HPOS="699"/>
							<String ID="string_161" HPOS="710" VPOS="834" WIDTH="158" HEIGHT="28" WC="0.91" CONTENT="filantropiskt"/>
						</TextLine>
						<TextLine ID="line_21" HPOS="114" VPOS="868" WIDTH="755" HEIGHT="30">
							<String ID="string_162" HPOS="114" VPOS="869" WIDTH="68" HEIGHT="28" WC="0.96" CONTENT="syfte,"/><SP WIDTH="24" VPOS="869" HPOS="182"/>
							<String ID="string_163" HPOS="206" VPOS="868" WIDTH="97" HEIGHT="30" WC="0.96" CONTENT="erbjuda"/><SP WIDTH="22" VPOS="868" HPOS="303"/>
							<String ID="string_164" HPOS="325" VPOS="868" WIDTH="72" HEIGHT="29" WC="0.96" CONTENT="nödig"/><SP WIDTH="27" VPOS="868" HPOS="397"/>
							<String ID="string_165" HPOS="424" VPOS="868" WIDTH="107" HEIGHT="22" WC="0.89" CONTENT="säkerhet"/><SP WIDTH="25" VPOS="868" HPOS="531"/>
							<String ID="string_166" HPOS="556" VPOS="871" WIDTH="50" HEIGHT="19" WC="0.96" CONTENT="mot"/><SP WIDTH="26" VPOS="871" HPOS="606"/>
							<String ID="string_167" HPOS="632" VPOS="868" WIDTH="28" HEIGHT="22" WC="0.96" CONTENT="de"/><SP WIDTH="18" VPOS="868" HPOS="660"/>
							<String ID="string_168" HPOS="678" VPOS="868" WIDTH="123" HEIGHT="27" WC="0.96" CONTENT="missbruk,"/><SP WIDTH="19" VPOS="868" HPOS="801"/>
							<String ID="string_169" HPOS="820" VPOS="875" WIDTH="49" HEIGHT="14" WC="0.96" CONTENT="som"/>
						</TextLine>
						<TextLine ID="line_22" HPOS="114" VPOS="902" WIDTH="754" HEIGHT="30">
							<String ID="string_170" HPOS="114" VPOS="903" WIDTH="81" HEIGHT="23" WC="0.96" CONTENT="kunna"/><SP WIDTH="18" VPOS="903" HPOS="195"/>
							<String ID="string_171" HPOS="213" VPOS="903" WIDTH="82" HEIGHT="29" WC="0.93" CONTENT="åtfölja"/><SP WIDTH="12" VPOS="903" HPOS="295"/>
							<String ID="string_172" HPOS="307" VPOS="903" WIDTH="163" HEIGHT="22" WC="0.91" CONTENT="bedrifvandet"/><SP WIDTH="13" VPOS="903" HPOS="470"/>
							<String ID="string_173" HPOS="483" VPOS="904" WIDTH="23" HEIGHT="21" WC="0.92" CONTENT="af"/><SP WIDTH="12" VPOS="904" HPOS="506"/>
							<String ID="string_174" HPOS="518" VPOS="903" WIDTH="204" HEIGHT="29" WC="0.91" CONTENT="pantlånerörelse,"/><SP WIDTH="13" VPOS="903" HPOS="722"/>
							<String ID="string_175" HPOS="735" VPOS="903" WIDTH="43" HEIGHT="21" WC="0.96" CONTENT="och"/><SP WIDTH="9" VPOS="903" HPOS="778"/>
							<String ID="string_176" HPOS="787" VPOS="902" WIDTH="81" HEIGHT="22" WC="0.96" CONTENT="hvilka"/>
						</TextLine>
						<TextLine ID="line_23" HPOS="114" VPOS="937" WIDTH="754" HEIGHT="29">
							<String ID="string_177" HPOS="114" VPOS="938" WIDTH="163" HEIGHT="28" WC="0.92" CONTENT="förnämligast"/><SP WIDTH="18" VPOS="938" HPOS="277"/>
							<String ID="string_178" HPOS="295" VPOS="940" WIDTH="88" HEIGHT="19" WC="0.96" CONTENT="ansetts"/><SP WIDTH="17" VPOS="940" HPOS="383"/>
							<String ID="string_179" HPOS="400" VPOS="938" WIDTH="66" HEIGHT="21" WC="0.93" CONTENT="bestå"/><SP WIDTH="18" VPOS="938" HPOS="466"/>
							<String ID="string_180" HPOS="484" VPOS="937" WIDTH="49" HEIGHT="22" WC="0.91" CONTENT="deri"/><SP WIDTH="18" VPOS="937" HPOS="533"/>
							<String ID="string_181" HPOS="551" VPOS="940" WIDTH="35" HEIGHT="19" WC="0.93" CONTENT="att"/><SP WIDTH="16" VPOS="940" HPOS="586"/>
							<String ID="string_182" HPOS="602" VPOS="937" WIDTH="212" HEIGHT="29" WC="0.91" CONTENT="pantlånerörelsen"/><SP WIDTH="12" VPOS="937" HPOS="814"/>
							<String ID="string_183" HPOS="826" VPOS="944" WIDTH="42" HEIGHT="14" WC="0.91" CONTENT="un-"/>
						</TextLine>
						<TextLine ID="line_24" HPOS="115" VPOS="966" WIDTH="754" HEIGHT="34">
							<String ID="string_184" HPOS="115" VPOS="972" WIDTH="113" HEIGHT="21" WC="0.90" CONTENT="derlättar"/><SP WIDTH="19" VPOS="972" HPOS="228"/>
							<String ID="string_185" HPOS="247" VPOS="966" WIDTH="160" HEIGHT="34" WC="0.92" CONTENT="afsättningen"/><SP WIDTH="18" VPOS="966" HPOS="407"/>
							<String ID="string_186" HPOS="425" VPOS="972" WIDTH="23" HEIGHT="21" WC="0.92" CONTENT="af"/><SP WIDTH="19" VPOS="972" HPOS="448"/>
							<String ID="string_187" HPOS="467" VPOS="972" WIDTH="142" HEIGHT="28" WC="0.92" CONTENT="orättfånget"/><SP WIDTH="17" VPOS="972" HPOS="609"/>
							<String ID="string_188" HPOS="626" VPOS="972" WIDTH="58" HEIGHT="28" WC="0.96" CONTENT="gods"/><SP WIDTH="19" VPOS="972" HPOS="684"/>
							<String ID="string_189" HPOS="703" VPOS="971" WIDTH="119" HEIGHT="22" WC="0.96" CONTENT="äfvensom"/><SP WIDTH="12" VPOS="971" HPOS="822"/>
							<String ID="string_190" HPOS="834" VPOS="972" WIDTH="35" HEIGHT="20" WC="0.96" CONTENT="att"/>
						</TextLine>
						<TextLine ID="line_25" HPOS="115" VPOS="1005" WIDTH="755" HEIGHT="30">
							<String ID="string_191" HPOS="115" VPOS="1006" WIDTH="155" HEIGHT="29" WC="0.92" CONTENT="pantlänaren"/><SP WIDTH="27" VPOS="1006" HPOS="270"/>
							<String ID="string_192" HPOS="297" VPOS="1006" WIDTH="24" HEIGHT="21" WC="0.93" CONTENT="af"/><SP WIDTH="24" VPOS="1006" HPOS="321"/>
							<String ID="string_193" HPOS="345" VPOS="1006" WIDTH="149" HEIGHT="28" WC="0.93" CONTENT="läntagarens"/><SP WIDTH="22" VPOS="1006" HPOS="494"/>
							<String ID="string_194" HPOS="516" VPOS="1005" WIDTH="124" HEIGHT="23" WC="0.91" CONTENT="nödstälda"/><SP WIDTH="23" VPOS="1005" HPOS="640"/>
							<String ID="string_195" HPOS="663" VPOS="1006" WIDTH="52" HEIGHT="28" WC="0.96" CONTENT="läge"/><SP WIDTH="17" VPOS="1006" HPOS="715"/>
							<String ID="string_196" HPOS="732" VPOS="1005" WIDTH="85" HEIGHT="22" WC="0.96" CONTENT="frestas"/><SP WIDTH="18" VPOS="1005" HPOS="817"/>
							<String ID="string_197" HPOS="835" VPOS="1006" WIDTH="35" HEIGHT="20" WC="0.96" CONTENT="att"/>
						</TextLine>
						<TextLine ID="line_26" HPOS="114" VPOS="1040" WIDTH="646" HEIGHT="29">
							<String ID="string_198" HPOS="114" VPOS="1041" WIDTH="37" HEIGHT="21" WC="0.95" CONTENT="för"/><SP WIDTH="18" VPOS="1041" HPOS="151"/>
							<String ID="string_199" HPOS="169" VPOS="1040" WIDTH="37" HEIGHT="21" WC="0.93" CONTENT="sin"/><SP WIDTH="18" VPOS="1040" HPOS="206"/>
							<String ID="string_200" HPOS="224" VPOS="1040" WIDTH="63" HEIGHT="29" WC="0.92" CONTENT="hjelp"/><SP WIDTH="18" VPOS="1040" HPOS="287"/>
							<String ID="string_201" HPOS="305" VPOS="1042" WIDTH="56" HEIGHT="26" WC="0.92" CONTENT="taga"/><SP WIDTH="18" VPOS="1042" HPOS="361"/>
							<String ID="string_202" HPOS="379" VPOS="1048" WIDTH="29" HEIGHT="14" WC="0.93" CONTENT="en"/><SP WIDTH="18" VPOS="1048" HPOS="408"/>
							<String ID="string_203" HPOS="426" VPOS="1040" WIDTH="103" HEIGHT="29" WC="0.92" CONTENT="oskäligt"/><SP WIDTH="17" VPOS="1040" HPOS="529"/>
							<String ID="string_204" HPOS="546" VPOS="1040" WIDTH="60" HEIGHT="28" WC="0.92" CONTENT="dryg"/><SP WIDTH="18" VPOS="1040" HPOS="606"/>
							<String ID="string_205" HPOS="624" VPOS="1040" WIDTH="136" HEIGHT="28" WC="0.96" CONTENT="ersättning."/>
						</TextLine>
					</TextBlock>
					<TextBlock ID="block_3" HPOS="116" VPOS="1073" WIDTH="756" HEIGHT="372">
						<TextLine ID="line_27" HPOS="184" VPOS="1073" WIDTH="686" HEIGHT="29">
							<String ID="string_206" HPOS="184" VPOS="1074" WIDTH="163" HEIGHT="28" WC="0.91" CONTENT="Nyssnämnda"/><SP WIDTH="26" VPOS="1074" HPOS="347"/>
							<String ID="string_207" HPOS="373" VPOS="1074" WIDTH="116" HEIGHT="22" WC="0.90" CONTENT="missbruk"/><SP WIDTH="26" VPOS="1074" HPOS="489"/>
							<String ID="string_208" HPOS="515" VPOS="1074" WIDTH="81" HEIGHT="22" WC="0.96" CONTENT="kunna"/><SP WIDTH="26" VPOS="1074" HPOS="596"/>
							<String ID="string_209" HPOS="622" VPOS="1074" WIDTH="53" HEIGHT="22" WC="0.96" CONTENT="med"/><SP WIDTH="27" VPOS="1074" HPOS="675"/>
							<String ID="string_210" HPOS="702" VPOS="1074" WIDTH="51" HEIGHT="21" WC="0.93" CONTENT="skäl"/><SP WIDTH="25" VPOS="1074" HPOS="753"/>
							<String ID="string_211" HPOS="778" VPOS="1073" WIDTH="92" HEIGHT="22" WC="0.90" CONTENT="befaras"/>
						</TextLine>
						<TextLine ID="line_28" HPOS="116" VPOS="1108" WIDTH="754" HEIGHT="29">
							<String ID="string_212" HPOS="116" VPOS="1108" WIDTH="40" HEIGHT="22" WC="0.93" CONTENT="der"/><SP WIDTH="18" VPOS="1108" HPOS="156"/>
							<String ID="string_213" HPOS="174" VPOS="1108" WIDTH="215" HEIGHT="29" WC="0.90" CONTENT="pantlänerörelsen"/><SP WIDTH="18" VPOS="1108" HPOS="389"/>
							<String ID="string_214" HPOS="407" VPOS="1108" WIDTH="86" HEIGHT="22" WC="0.92" CONTENT="drifves"/><SP WIDTH="17" VPOS="1108" HPOS="493"/>
							<String ID="string_215" HPOS="510" VPOS="1109" WIDTH="9" HEIGHT="21" WC="0.93" CONTENT="i"/><SP WIDTH="17" VPOS="1109" HPOS="519"/>
							<String ID="string_216" HPOS="536" VPOS="1108" WIDTH="134" HEIGHT="29" WC="0.96" CONTENT="hemlighet,"/><SP WIDTH="18" VPOS="1108" HPOS="670"/>
							<String ID="string_217" HPOS="688" VPOS="1110" WIDTH="58" HEIGHT="20" WC="0.96" CONTENT="utan"/><SP WIDTH="18" VPOS="1110" HPOS="746"/>
							<String ID="string_218" HPOS="764" VPOS="1108" WIDTH="32" HEIGHT="22" WC="0.93" CONTENT="all"/><SP WIDTH="17" VPOS="1108" HPOS="796"/>
							<String ID="string_219" HPOS="813" VPOS="1108" WIDTH="57" HEIGHT="21" WC="0.92" CONTENT="kon-"/>
						</TextLine>
						<TextLine ID="line_29" HPOS="116" VPOS="1138" WIDTH="754" HEIGHT="33">
							<String ID="string_220" HPOS="116" VPOS="1142" WIDTH="62" HEIGHT="28" WC="0.89" CONTENT="troll,"/><SP WIDTH="18" VPOS="1142" HPOS="178"/>
							<String ID="string_221" HPOS="196" VPOS="1150" WIDTH="53" HEIGHT="14" WC="0.93" CONTENT="men"/><SP WIDTH="18" VPOS="1150" HPOS="249"/>
							<String ID="string_222" HPOS="267" VPOS="1142" WIDTH="161" HEIGHT="22" WC="0.93" CONTENT="erfarenheten"/><SP WIDTH="12" VPOS="1142" HPOS="428"/>
							<String ID="string_223" HPOS="440" VPOS="1143" WIDTH="52" HEIGHT="21" WC="0.93" CONTENT="frän"/><SP WIDTH="12" VPOS="1143" HPOS="492"/>
							<String ID="string_224" HPOS="504" VPOS="1143" WIDTH="29" HEIGHT="21" WC="0.93" CONTENT="de"/><SP WIDTH="12" VPOS="1143" HPOS="533"/>
							<String ID="string_225" HPOS="545" VPOS="1142" WIDTH="85" HEIGHT="28" WC="0.92" CONTENT="städer,"/><SP WIDTH="12" VPOS="1142" HPOS="630"/>
							<String ID="string_226" HPOS="642" VPOS="1142" WIDTH="155" HEIGHT="29" WC="0.93" CONTENT="Helsingfors,"/><SP WIDTH="20" VPOS="1142" HPOS="797"/>
							<String ID="string_227" HPOS="817" VPOS="1138" WIDTH="53" HEIGHT="25" WC="0.91" CONTENT="Äbo"/>
						</TextLine>
						<TextLine ID="line_30" HPOS="117" VPOS="1176" WIDTH="753" HEIGHT="30">
							<String ID="string_228" HPOS="117" VPOS="1177" WIDTH="44" HEIGHT="22" WC="0.96" CONTENT="och"/><SP WIDTH="25" VPOS="1177" HPOS="161"/>
							<String ID="string_229" HPOS="186" VPOS="1177" WIDTH="96" HEIGHT="29" WC="0.96" CONTENT="Viborg,"/><SP WIDTH="25" VPOS="1177" HPOS="282"/>
							<String ID="string_230" HPOS="307" VPOS="1177" WIDTH="40" HEIGHT="21" WC="0.96" CONTENT="der"/><SP WIDTH="24" VPOS="1177" HPOS="347"/>
							<String ID="string_231" HPOS="371" VPOS="1176" WIDTH="122" HEIGHT="29" WC="0.93" CONTENT="offentliga"/><SP WIDTH="26" VPOS="1176" HPOS="493"/>
							<String ID="string_232" HPOS="519" VPOS="1177" WIDTH="270" HEIGHT="29" WC="0.92" CONTENT="pantläneinrättningar"/><SP WIDTH="22" VPOS="1177" HPOS="789"/>
							<String ID="string_233" HPOS="811" VPOS="1176" WIDTH="59" HEIGHT="21" WC="0.93" CONTENT="före-"/>
						</TextLine>
						<TextLine ID="line_31" HPOS="116" VPOS="1211" WIDTH="755" HEIGHT="30">
							<String ID="string_234" HPOS="116" VPOS="1211" WIDTH="82" HEIGHT="28" WC="0.90" CONTENT="finnas,"/><SP WIDTH="29" VPOS="1211" HPOS="198"/>
							<String ID="string_235" HPOS="227" VPOS="1211" WIDTH="156" HEIGHT="30" WC="0.92" CONTENT="ädagalägger"/><SP WIDTH="27" VPOS="1211" HPOS="383"/>
							<String ID="string_236" HPOS="410" VPOS="1214" WIDTH="35" HEIGHT="19" WC="0.92" CONTENT="att"/><SP WIDTH="18" VPOS="1214" HPOS="445"/>
							<String ID="string_237" HPOS="463" VPOS="1211" WIDTH="80" HEIGHT="29" WC="0.92" CONTENT="dylika"/><SP WIDTH="18" VPOS="1211" HPOS="543"/>
							<String ID="string_238" HPOS="561" VPOS="1211" WIDTH="159" HEIGHT="28" WC="0.92" CONTENT="inrättningar"/><SP WIDTH="16" VPOS="1211" HPOS="720"/>
							<String ID="string_239" HPOS="736" VPOS="1211" WIDTH="64" HEIGHT="21" WC="0.96" CONTENT="inom"/><SP WIDTH="17" VPOS="1211" HPOS="800"/>
							<String ID="string_240" HPOS="817" VPOS="1211" WIDTH="54" HEIGHT="21" WC="0.96" CONTENT="kort"/>
						</TextLine>
						<TextLine ID="line_32" HPOS="116" VPOS="1244" WIDTH="755" HEIGHT="31">
							<String ID="string_241" HPOS="116" VPOS="1246" WIDTH="89" HEIGHT="21" WC="0.91" CONTENT="förinta"/><SP WIDTH="17" VPOS="1246" HPOS="205"/>
							<String ID="string_242" HPOS="222" VPOS="1245" WIDTH="46" HEIGHT="22" WC="0.92" CONTENT="den"/><SP WIDTH="17" VPOS="1245" HPOS="268"/>
							<String ID="string_243" HPOS="285" VPOS="1246" WIDTH="101" HEIGHT="29" WC="0.92" CONTENT="hemliga"/><SP WIDTH="18" VPOS="1246" HPOS="386"/>
							<String ID="string_244" HPOS="404" VPOS="1245" WIDTH="220" HEIGHT="30" WC="0.92" CONTENT="pantlänerörelsen,"/><SP WIDTH="20" VPOS="1245" HPOS="624"/>
							<String ID="string_245" HPOS="644" VPOS="1245" WIDTH="44" HEIGHT="22" WC="0.96" CONTENT="och"/><SP WIDTH="17" VPOS="1245" HPOS="688"/>
							<String ID="string_246" HPOS="705" VPOS="1245" WIDTH="8" HEIGHT="22" WC="0.93" CONTENT="i"/><SP WIDTH="18" VPOS="1245" HPOS="713"/>
							<String ID="string_247" HPOS="731" VPOS="1244" WIDTH="107" HEIGHT="22" WC="0.92" CONTENT="afseende"/><SP WIDTH="20" VPOS="1244" HPOS="838"/>
							<String ID="string_248" HPOS="858" VPOS="1245" WIDTH="13" HEIGHT="21" WC="0.92" CONTENT="&amp;"/>
						</TextLine>
						<TextLine ID="line_33" HPOS="118" VPOS="1279" WIDTH="753" HEIGHT="30">
							<String ID="string_249" HPOS="118" VPOS="1280" WIDTH="66" HEIGHT="21" WC="0.95" CONTENT="dessa"/><SP WIDTH="23" VPOS="1280" HPOS="184"/>
							<String ID="string_250" HPOS="207" VPOS="1280" WIDTH="122" HEIGHT="29" WC="0.93" CONTENT="offentliga"/><SP WIDTH="21" VPOS="1280" HPOS="329"/>
							<String ID="string_251" HPOS="350" VPOS="1280" WIDTH="112" HEIGHT="22" WC="0.90" CONTENT="anstalter"/><SP WIDTH="18" VPOS="1280" HPOS="462"/>
							<String ID="string_252" HPOS="480" VPOS="1280" WIDTH="65" HEIGHT="21" WC="0.93" CONTENT="torde"/><SP WIDTH="18" VPOS="1280" HPOS="545"/>
							<String ID="string_253" HPOS="563" VPOS="1280" WIDTH="52" HEIGHT="21" WC="0.92" CONTENT="icke"/><SP WIDTH="18" VPOS="1280" HPOS="615"/>
							<String ID="string_254" HPOS="633" VPOS="1279" WIDTH="114" HEIGHT="29" WC="0.92" CONTENT="befogade"/><SP WIDTH="19" VPOS="1279" HPOS="747"/>
							<String ID="string_255" HPOS="766" VPOS="1279" WIDTH="105" HEIGHT="22" WC="0.91" CONTENT="anmärk-"/>
						</TextLine>
						<TextLine ID="line_34" HPOS="117" VPOS="1314" WIDTH="755" HEIGHT="29">
							<String ID="string_256" HPOS="117" VPOS="1314" WIDTH="86" HEIGHT="29" WC="0.92" CONTENT="ningar"/><SP WIDTH="26" VPOS="1314" HPOS="203"/>
							<String ID="string_257" HPOS="229" VPOS="1315" WIDTH="36" HEIGHT="21" WC="0.92" CONTENT="uti"/><SP WIDTH="22" VPOS="1315" HPOS="265"/>
							<String ID="string_258" HPOS="287" VPOS="1315" WIDTH="70" HEIGHT="22" WC="0.92" CONTENT="ofvan"/><SP WIDTH="23" VPOS="1315" HPOS="357"/>
							<String ID="string_259" HPOS="380" VPOS="1314" WIDTH="84" HEIGHT="29" WC="0.91" CONTENT="antydt"/><SP WIDTH="18" VPOS="1314" HPOS="464"/>
							<String ID="string_260" HPOS="482" VPOS="1314" WIDTH="61" HEIGHT="29" WC="0.96" CONTENT="syfte"/><SP WIDTH="17" VPOS="1314" HPOS="543"/>
							<String ID="string_261" HPOS="560" VPOS="1315" WIDTH="92" HEIGHT="21" WC="0.93" CONTENT="kunnat"/><SP WIDTH="17" VPOS="1315" HPOS="652"/>
							<String ID="string_262" HPOS="669" VPOS="1317" WIDTH="75" HEIGHT="26" WC="0.92" CONTENT="göras,"/><SP WIDTH="18" VPOS="1317" HPOS="744"/>
							<String ID="string_263" HPOS="762" VPOS="1321" WIDTH="55" HEIGHT="14" WC="0.93" CONTENT="vare"/><SP WIDTH="18" VPOS="1321" HPOS="817"/>
							<String ID="string_264" HPOS="835" VPOS="1314" WIDTH="37" HEIGHT="27" WC="0.96" CONTENT="sig"/>
						</TextLine>
						<TextLine ID="line_35" HPOS="118" VPOS="1343" WIDTH="752" HEIGHT="34">
							<String ID="string_265" HPOS="118" VPOS="1348" WIDTH="40" HEIGHT="21" WC="0.96" CONTENT="det"/><SP WIDTH="23" VPOS="1348" HPOS="158"/>
							<String ID="string_266" HPOS="181" VPOS="1348" WIDTH="71" HEIGHT="21" WC="0.96" CONTENT="sedan"/><SP WIDTH="27" VPOS="1348" HPOS="252"/>
							<String ID="string_267" HPOS="279" VPOS="1349" WIDTH="74" HEIGHT="28" WC="0.95" CONTENT="gäller"/><SP WIDTH="20" VPOS="1349" HPOS="353"/>
							<String ID="string_268" HPOS="373" VPOS="1348" WIDTH="29" HEIGHT="21" WC="0.96" CONTENT="de"/><SP WIDTH="17" VPOS="1348" HPOS="402"/>
							<String ID="string_269" HPOS="419" VPOS="1349" WIDTH="149" HEIGHT="20" WC="0.93" CONTENT="kommunala"/><SP WIDTH="18" VPOS="1349" HPOS="568"/>
							<String ID="string_270" HPOS="586" VPOS="1348" WIDTH="190" HEIGHT="27" WC="0.92" CONTENT="inrättningarna"/><SP WIDTH="16" VPOS="1348" HPOS="776"/>
							<String ID="string_271" HPOS="792" VPOS="1347" WIDTH="10" HEIGHT="20" WC="0.93" CONTENT="i"/><SP WIDTH="16" VPOS="1347" HPOS="802"/>
							<String ID="string_272" HPOS="818" VPOS="1343" WIDTH="52" HEIGHT="25" WC="0.91" CONTENT="Äbo"/>
						</TextLine>
						<TextLine ID="line_36" HPOS="118" VPOS="1381" WIDTH="753" HEIGHT="29">
							<String ID="string_273" HPOS="118" VPOS="1382" WIDTH="43" HEIGHT="21" WC="0.96" CONTENT="och"/><SP WIDTH="24" VPOS="1382" HPOS="161"/>
							<String ID="string_274" HPOS="185" VPOS="1381" WIDTH="90" HEIGHT="29" WC="0.96" CONTENT="Viborg"/><SP WIDTH="24" VPOS="1381" HPOS="275"/>
							<String ID="string_275" HPOS="299" VPOS="1383" WIDTH="56" HEIGHT="20" WC="0.96" CONTENT="eller"/><SP WIDTH="22" VPOS="1383" HPOS="355"/>
							<String ID="string_276" HPOS="377" VPOS="1381" WIDTH="45" HEIGHT="22" WC="0.96" CONTENT="den"/><SP WIDTH="23" VPOS="1381" HPOS="422"/>
							<String ID="string_277" HPOS="445" VPOS="1389" WIDTH="48" HEIGHT="14" WC="0.93" CONTENT="som"/><SP WIDTH="22" VPOS="1389" HPOS="493"/>
							<String ID="string_278" HPOS="515" VPOS="1381" WIDTH="92" HEIGHT="22" WC="0.92" CONTENT="enskild"/><SP WIDTH="23" VPOS="1381" HPOS="607"/>
							<String ID="string_279" HPOS="630" VPOS="1381" WIDTH="59" HEIGHT="21" WC="0.92" CONTENT="affär"/><SP WIDTH="17" VPOS="1381" HPOS="689"/>
							<String ID="string_280" HPOS="706" VPOS="1381" WIDTH="107" HEIGHT="21" WC="0.92" CONTENT="bedrifna"/><SP WIDTH="19" VPOS="1381" HPOS="813"/>
							<String ID="string_281" HPOS="832" VPOS="1388" WIDTH="39" HEIGHT="14" WC="0.92" CONTENT="an-"/>
						</TextLine>
						<TextLine ID="line_37" HPOS="118" VPOS="1415" WIDTH="283" HEIGHT="30">
							<String ID="string_282" HPOS="118" VPOS="1416" WIDTH="86" HEIGHT="21" WC="0.92" CONTENT="stalten"/><SP WIDTH="18" VPOS="1416" HPOS="204"/>
							<String ID="string_283" HPOS="222" VPOS="1416" WIDTH="9" HEIGHT="21" WC="0.96" CONTENT="i"/><SP WIDTH="16" VPOS="1416" HPOS="231"/>
							<String ID="string_284" HPOS="247" VPOS="1415" WIDTH="154" HEIGHT="30" WC="0.95" CONTENT="Helsingfors."/>
						</TextLine>
					</TextBlock>
				</ComposedBlock>
				<ComposedBlock ID="cblock_2" HPOS="187" VPOS="1459" WIDTH="489" HEIGHT="24">
					<TextBlock ID="block_4" HPOS="187" VPOS="1459" WIDTH="489" HEIGHT="24">
						<TextLine ID="line_38" HPOS="187" VPOS="1459" WIDTH="489" HEIGHT="24">
							<String ID="string_285" HPOS="187" VPOS="1459" WIDTH="48" HEIGHT="24" WC="0.88" CONTENT="Lag-"/><SP WIDTH="12" VPOS="1459" HPOS="235"/>
							<String ID="string_286" HPOS="247" VPOS="1459" WIDTH="32" HEIGHT="18" WC="0.93" CONTENT="och"/><SP WIDTH="12" VPOS="1459" HPOS="279"/>
							<String ID="string_287" HPOS="291" VPOS="1459" WIDTH="181" HEIGHT="18" WC="0.91" CONTENT="Ekonomiutskotteis"/><SP WIDTH="13" VPOS="1459" HPOS="472"/>
							<String ID="string_288" HPOS="485" VPOS="1459" WIDTH="111" HEIGHT="18" WC="0.92" CONTENT="betänkande"/><SP WIDTH="13" VPOS="1459" HPOS="596"/>
							<String ID="string_289" HPOS="609" VPOS="1461" WIDTH="37" HEIGHT="16" WC="0.96" CONTENT="N:o"/><SP WIDTH="12" VPOS="1461" HPOS="646"/>
							<String ID="string_290" HPOS="658" VPOS="1459" WIDTH="18" HEIGHT="17" WC="0.96" CONTENT="2."/>
						</TextLine>
					</TextBlock>
				</ComposedBlock>
			</PrintSpace>
		</Page>
	</Layout>
</alto>
