1045 1717
334 120 27 23 U.
377 121 27 22 B.
419 134 29 3 —
464 121 74 29 Prop.
553 120 45 24 N:o
613 121 21 22 1.

393 449 232 28 Lagutskottets
641 449 158 23 skrifvelse
814 449 41 23 till

323 485 112 28 samtliga
458 485 75 22 Ständ
554 485 151 22 beträffande
715 485 35 22 de
765 485 89 28 beslut,

323 521 71 22 hvari
414 521 105 22 Ständen
540 521 98 22 stannat
652 521 43 22 vid
709 520 145 23 behandlin-

323 562 46 22 gen
394 557 28 22 af
441 557 133 22 Utskottets
588 557 154 22 betänkande
756 556 46 23 N:o
816 557 14 22 1
845 557 9 21 i

322 593 137 28 anledning
473 593 28 22 af
513 593 66 22 Hans
589 593 137 28 Kejserliga
735 592 120 29 Majestäts

323 629 91 28 nådiga
428 629 154 28 proposition
597 626 126 31 angående
733 628 122 28 ansvarig-

323 665 42 22 het
382 665 42 22 för
438 665 74 22 skada
527 665 10 22 i
552 665 64 28 följd
631 665 28 22 af
668 660 187 33 jernvägsdrift.

181 732 32 21 Af
233 732 157 27 Lagutskottet
405 732 186 21 tillhandakomna
606 731 203 27 protokollsutdrag
824 731 31 22 öf-

110 773 40 16 ver
176 767 109 22 Ständens
310 767 73 22 beslut
406 767 38 22 vid
468 767 159 27 behandlingen
651 766 24 22 af
695 766 161 22 ofvannämnda

110 803 139 21 betänkande
265 803 41 21 har
320 803 116 22 Utskottet
451 803 107 21 inhemtat
573 804 33 19 att
621 802 149 21 betänkandet
780 801 76 23 blifvit

111 837 112 28 godkändt
246 837 25 22 af
291 837 163 28 Ridderskapet
476 838 39 21 och
535 837 72 22 Adeln
623 839 56 20 samt
693 837 107 28 Borgare-
816 838 40 21 och

110 873 165 22 Bondeständet
298 873 142 22 oförändradt
463 876 56 20 samt
541 873 66 22 äfven
627 872 26 22 af
665 873 190 22 Presteständet
840 868 17 38 i

111 908 74 29 öfrigt,
201 911 59 20 utom
275 911 33 20 att
323 909 24 22 ät
362 909 13 29 &
392 911 12 20 2
420 909 7 22 i
443 909 145 28 lagförslaget
602 908 25 22 af
640 909 136 22 sistnämnda
787 908 69 22 Stånd

111 944 77 29 gifvits
205 945 42 22 den
262 945 145 28 ordalydelse,
424 945 67 27 sagda
508 944 105 28 paragraf
626 945 56 21 hade
697 945 8 21 i
720 945 42 22 den
775 944 81 28 nädiga

111 981 169 27 propositionen.
310 981 46 22 För
378 981 38 22 det
431 981 7 21 i
453 981 149 22 betänkandet
617 981 109 26 ingäende
741 980 115 28 lagförsla-

112 1019 38 25 get
164 1017 71 21 finnes
250 1017 58 21 altsä
322 1017 98 27 lagenlig
436 1017 209 26 ständerpluralitet.

182 1053 98 22 Emedan
296 1053 116 22 Utskottet
427 1053 55 21 dock
497 1052 73 22 funnit
585 1052 42 22 den
643 1052 151 27 anmärkning,
810 1059 45 14 som

111 1089 8 21 i
141 1089 168 22 Presteständet
332 1088 69 27 gjorts
424 1091 45 19 mot
491 1089 42 21 den
556 1087 25 22 af
601 1088 116 21 Utskottet
739 1088 23 21 ät
780 1087 75 22 ofvan-

111 1124 94 22 nämnda
228 1124 106 28 paragraf
354 1124 62 26 gifna
430 1124 149 27 formulering,
596 1123 113 22 såtillvida
724 1123 131 28 berättigad,

112 1162 33 20 att
167 1160 38 22 det
226 1160 136 27 uttryckliga
384 1160 169 21 omnämnandet
570 1159 25 22 af
608 1159 65 27 lagen
688 1159 25 22 af
726 1159 42 22 den
784 1161 13 20 5
812 1159 43 22 De-

112 1197 87 21 cember
224 1197 55 20 1895
302 1195 80 28 kunde,
406 1195 8 22 i
437 1195 106 22 händelse
558 1195 64 27 lagen
637 1194 119 23 framdeles
771 1195 85 21 komme

112 1234 34 19 att
167 1233 96 21 ersättas
285 1237 78 22 genom
383 1237 44 22 nya
442 1231 136 28 stadganden
593 1231 8 21 i
616 1237 82 16 samma
713 1233 70 25 ämne,
799 1231 57 21 med-

112 1268 48 21 föra
182 1267 60 22 vissa
265 1267 150 29 olägenheter,
430 1267 40 22 har
486 1267 114 22 Utskottet
615 1267 60 21 velat
691 1266 115 22 hemställa
821 1266 35 22 till

113 1303 109 23 Ståndens
245 1302 125 29 afgörande,
387 1303 108 21 huruvida
510 1302 49 22 icke
574 1302 67 22 orden
659 1302 20 27 ,i
694 1302 65 28 lagen
774 1302 25 21 af
812 1302 42 22 den

113 1341 12 19 ö
149 1339 122 21 December
295 1339 69 21 18954
389 1339 73 20 kunde
484 1338 104 21 bortfalla
603 1340 57 18 samt
674 1338 7 20 i
697 1340 75 19 texten
789 1340 65 24 göras

113 1380 28 15 en
155 1374 29 26 på
199 1374 72 26 grund
286 1372 66 22 häraf
364 1373 68 27 nödig
446 1373 85 21 mindre
546 1372 94 26 ändring
655 1378 50 16 men
725 1372 131 27 paragrafen

113 1409 34 21 för
170 1408 68 28 öfrigt
255 1408 24 22 få
297 1408 111 23 bibehålla
423 1408 42 22 den
480 1408 8 22 i
503 1408 126 22 Utskottets
644 1407 140 22 betänkande
798 1406 58 23 före-

183 1456 137 24 Lagutskottets
332 1456 116 19 betänkande
461 1456 38 18 N:o
510 1456 15 18 1.
