1042 1709
221 111 12 19 2
524 109 42 21 N:o
583 112 32 18 22.

192 183 99 14 sammas
308 176 158 29 afhjelpande,
483 180 30 17 än
527 177 53 21 med
595 176 97 28 ledning
709 177 67 21 deraf
785 178 108 20 utarbeta
904 177 44 21 och

191 210 9 20 i
222 210 73 28 nädig
316 210 146 28 proposition
484 210 120 29 förelägga
626 210 92 22 landets
741 213 206 19 nästsammanträ-

192 244 77 22 dande
284 244 100 22 Ständer
399 244 89 29 förslag
503 244 37 22 till
554 252 32 22 ny
602 244 138 30 förordning
756 246 8 20 i
780 248 83 20 ämnet.

260 279 67 21 Hans
349 278 134 30 Kejserliga
504 279 110 28 Majestät
628 280 42 21 har
686 279 8 22 i
709 280 79 21 Näder
806 280 89 21 hifallit
910 280 37 21 till

192 313 149 22 förestående
364 313 180 28 framställning,
568 314 43 21 och
627 314 43 21 har
684 314 9 21 i
708 315 61 28 följd
784 315 69 21 deraf
866 323 29 13 en
910 315 37 20 för

193 348 132 22 ändamålet
347 347 93 22 nedsatt
462 348 87 21 komitö
572 349 124 22 verkställt
710 349 181 28 undersökning,
908 356 39 15 an-

191 382 91 30 gäende
297 382 126 21 orsakerna
437 382 38 21 till
490 382 45 21 den
551 382 27 21 af
589 382 131 22 Ständerna
730 383 120 28 päpekade
861 383 86 22 minsk-

191 417 90 29 ningen
296 417 27 20 af
337 416 39 21 det
390 416 143 29 matnyttiga
547 417 141 22 villebrädet
698 417 8 22 i
716 417 81 21 landet
808 419 59 20 samt
877 417 71 22 huru-

191 452 55 22 vida
262 451 29 22 de
303 451 38 20 för
352 450 51 21 dess
414 451 125 21 fortkomst
549 450 139 22 hämmande
698 451 160 28 inflytelserna
868 451 80 22 kunde

192 493 84 22 genom
293 485 44 21 den
352 485 165 28 ifrägakomna
530 485 133 21 revisionen
678 485 27 22 af
711 485 236 30 jagtlagstiftiningen

193 521 119 28 aflägsnas
336 519 56 21 eller
415 519 140 22 ätminstone
570 519 9 20 i
593 519 79 29 nägon
686 521 55 20 män
756 520 139 28 motverkas,
913 520 35 21 äf-

191 562 96 15 vensom
302 553 53 22 med
369 553 97 29 ledning
481 554 27 21 af
522 553 44 22 den
582 553 99 22 sälunda
695 561 81 14 vunna
790 554 157 29 utredningen

191 589 112 28 uppgjort
318 587 89 29 förslag
422 587 37 22 till
474 595 32 21 ny
519 587 143 29 författning
671 588 9 21 i
690 591 83 18 ämnet.
800 585 71 24 Öfver
882 588 65 22 detta

191 624 90 28 förslag
303 623 72 21 hafva
398 622 51 21 dei
464 622 80 21 landet
563 622 145 28 förefintliga
720 623 226 28 jagtvärdsförenin-

191 666 74 21 garna
279 658 100 21 lemnats
394 657 95 21 tillfälle
506 659 34 19 att
554 656 76 22 uttala
646 656 41 29 sig,
704 657 129 29 hvarjemte
843 657 102 22 utlätan-

191 693 46 21 den
259 692 125 21 affordrats
407 691 108 29 samtlige
533 691 153 28 Guvernörer,
702 691 185 29 Forststyrelsen
902 692 44 21 och

190 727 139 22 Professorn
351 726 8 21 i
381 725 92 29 zoologi
495 725 40 22 vid
557 726 29 21 K.
609 725 145 22 Alexanders
770 725 176 22 Universitetet.

191 762 109 21 Derefter
322 761 43 21 har
386 759 95 28 bilagda
505 760 87 27 förslag
615 759 37 21 till
675 760 139 29 förordning
836 767 37 14 om
893 760 53 29 jagt

191 796 82 22 blifvit
286 794 141 28 utarbetadt,
443 794 44 21 och
501 795 42 20 har
553 795 65 20 Hans
629 794 134 29 Kejserliga
774 794 109 29 Majestät
893 794 54 21 här-

191 831 53 21 med
259 830 62 22 velat
336 829 39 22 till
389 829 142 22 Ständernas
547 828 179 30 handläggning
742 829 143 21 öfverlemna
896 829 51 21 det-

190 873 93 14 samma.

258 899 43 22 Uti
316 899 65 21 detta
396 898 95 28 förslag,
507 898 69 21 hvars
591 897 33 22 tio
640 897 73 22 första
730 898 25 27 $$
772 897 113 22 afhandla
900 898 45 21 den

190 942 70 21 egare
283 934 56 21 eller
360 932 155 22 innehafvare
538 933 26 20 af
582 932 54 28 jord
654 931 177 22 tillkommande
844 933 102 28 jagträtt

191 969 60 27 derä,
268 968 28 21 de
311 967 9 21 i
333 966 152 29 jagtvärdens
501 967 97 20 intresse
612 965 124 29 päkallade
747 966 200 29 inskränkningar

189 1003 9 21 i
220 1002 142 27 utöfningen
384 1001 27 21 af
429 1001 76 20 denna
519 1002 48 19 rätt
582 1000 13 21 &
610 999 102 22 samfäld
726 1000 67 21 mark
808 1001 56 20 eller
879 1001 13 20 &
908 1001 38 20 för

187 1037 53 28 jagt
262 1035 53 22 med
338 1035 123 21 drifvande
483 1034 65 21 hund
570 1034 114 29 otjenliga
699 1034 89 21 mindre
805 1035 139 28 egoskiften,

189 1069 216 28 sammanslagning
428 1069 26 20 af
475 1068 76 21 skilda
570 1068 136 29 lägenheter
720 1068 38 21 till
773 1076 172 20 gemensamma

187 1103 164 30 jagtomräden
367 1103 121 21 äfvensom
501 1102 173 29 jagtarrenden,
688 1103 43 21 har
742 1103 146 21 beträffande
899 1103 45 22 den

189 1138 143 29 matnyttiga
353 1137 139 22 vildnadens
515 1136 116 29 fredning,
654 1137 98 21 hvilken
774 1137 38 21 för
834 1137 28 22 de
881 1137 63 22 olika

189 1175 92 19 arterna
297 1172 27 21 af
337 1171 134 28 andslägtet
486 1171 43 21 och
545 1171 93 20 dermed
653 1171 111 21 likstälda
780 1171 78 27 fäglar
871 1171 73 21 redan

188 1207 148 28 väsentligen
358 1205 116 28 förlängts
497 1212 83 22 genom
602 1205 94 28 Nädiga
714 1205 169 28 förordningen
899 1205 45 21 den

189 1243 26 18 29
238 1241 62 20 Mars
324 1241 60 25 1895,
399 1239 87 28 jemväl
502 1241 36 19 för
554 1239 28 20 de
598 1239 77 28 öfriga
690 1239 82 28 slagen
788 1239 26 20 af
826 1239 118 28 ifrägava-

187 1274 72 21 rande
281 1272 116 22 villebräd
419 1273 134 28 föreslagits
576 1272 124 28 förlängda
720 1272 223 28 fridlysningstider,

187 1308 124 21 hvarutom
335 1306 28 21 de
382 1306 119 21 säkallade
517 1305 162 29 smäfäglarna,
696 1306 52 21 med
764 1306 109 21 afseende
885 1306 59 29 jem-

187 1343 39 22 väl
241 1343 13 21 å
270 1342 46 21 den
330 1344 69 27 nyttä
415 1342 28 21 de
459 1345 56 26 göra
525 1342 8 21 i
543 1344 111 19 naturens
665 1341 157 30 hushållning,
834 1342 109 21 fullstän-

188 1378 51 29 digt
261 1377 114 29 fridlysts.
406 1377 111 21 Deremot
540 1376 44 22 och
606 1383 50 14 som
671 1377 153 29 elgstammen
839 1377 9 20 i
863 1376 81 22 landet

186 1413 38 21 till
247 1412 61 29 följd
331 1412 26 22 af
379 1411 75 22 denna
477 1411 101 29 djurarts
600 1411 74 22 totala
690 1411 144 30 fridlysning
849 1411 95 23 förökat
