<?xml version="1.0" encoding="UTF-8"?>
<alto xmlns="http://www.loc.gov/standards/alto/ns-v3#" xmlns:xlink="http://www.w3.org/1999/xlink" xmlns:xsi="http://www.w3.org/2001/XMLSchema-instance" xsi:schemaLocation="http://www.loc.gov/standards/alto/ns-v3# http://www.loc.gov/alto/v3/alto-3-0.xsd">
	<Description>
		<MeasurementUnit>pixel</MeasurementUnit>
		<sourceImageInformation>
			<fileName>/tmp/tess_j65spjip_input.PNG</fileName>
		</sourceImageInformation>
		<OCRProcessing ID="OCR_0">
			<ocrProcessingStep>
				<processingSoftware>
					<softwareName>tesseract 5.3.4</softwareName>
				</processingSoftware>
			</ocrProcessingStep>
		</OCRProcessing>
	</Description>
	<Layout>
		<Page WIDTH="1039" HEIGHT="1709" PHYSICAL_IMG_NR="0" ID="page_0">
			<PrintSpace HPOS="0" VPOS="0" WIDTH="1039" HEIGHT="1709">
				<GraphicalElement ID="cblock_0" HPOS="78" VPOS="189" WIDTH="7" HEIGHT="1249"></GraphicalElement >
				<ComposedBlock ID="cblock_1" HPOS="316" VPOS="84" WIDTH="290" HEIGHT="46">
					<TextBlock ID="block_0" HPOS="316" VPOS="84" WIDTH="290" HEIGHT="46">
						<TextLine ID="line_0" HPOS="316" VPOS="84" WIDTH="290" HEIGHT="46">
							<String ID="string_0" HPOS="316" VPOS="100" WIDTH="24" HEIGHT="22" WC="0.92" CONTENT="U."/><SP WIDTH="15" VPOS="100" HPOS="340"/>
							<String ID="string_1" HPOS="355" VPOS="84" WIDTH="25" HEIGHT="38" WC="0.91" CONTENT="B."/><SP WIDTH="17" VPOS="84" HPOS="380"/>
							<String ID="string_2" HPOS="397" VPOS="113" WIDTH="25" HEIGHT="3" WC="0.91" CONTENT="—"/><SP WIDTH="16" VPOS="113" HPOS="422"/>
							<String ID="string_3" HPOS="438" VPOS="101" WIDTH="65" HEIGHT="29" WC="0.96" CONTENT="Prop."/><SP WIDTH="15" VPOS="101" HPOS="503"/>
							<String ID="string_4" HPOS="518" VPOS="101" WIDTH="38" HEIGHT="23" WC="0.95" CONTENT="N:o"/><SP WIDTH="16" VPOS="101" HPOS="556"/>
							<String ID="string_5" HPOS="572" VPOS="100" WIDTH="34" HEIGHT="24" WC="0.95" CONTENT="15."/>
						</TextLine>
					</TextBlock>
				</ComposedBlock>
				<GraphicalElement ID="cblock_2" HPOS="81" VPOS="164" WIDTH="752" HEIGHT="10"></GraphicalElement >
				<GraphicalElement ID="cblock_3" HPOS="721" VPOS="242" WIDTH="102" HEIGHT="4"></GraphicalElement >
				<ComposedBlock ID="cblock_4" HPOS="90" VPOS="104" WIDTH="878" HEIGHT="540">
					<TextBlock ID="block_1" HPOS="90" VPOS="104" WIDTH="878" HEIGHT="540">
						<TextLine ID="line_1" HPOS="777" VPOS="104" WIDTH="26" HEIGHT="20">
							<String ID="string_6" HPOS="777" VPOS="104" WIDTH="26" HEIGHT="20" WC="0.96" CONTENT="41"/>
						</TextLine>
						<TextLine ID="line_2" HPOS="738" VPOS="197" WIDTH="79" HEIGHT="20">
							<String ID="string_7" HPOS="738" VPOS="197" WIDTH="34" HEIGHT="20" WC="0.56" CONTENT="e"/><SP WIDTH="13" VPOS="197" HPOS="772"/>
							<String ID="string_8" HPOS="785" VPOS="182" WIDTH="12" HEIGHT="44" WC="0.73" CONTENT="|"/><SP WIDTH="1" VPOS="182" HPOS="797"/>
							<String ID="string_9" HPOS="798" VPOS="200" WIDTH="19" HEIGHT="17" WC="0.64" CONTENT="1"/>
						</TextLine>
						<TextLine ID="line_3" HPOS="91" VPOS="278" WIDTH="854" HEIGHT="30">
							<String ID="string_10" HPOS="91" VPOS="278" WIDTH="184" HEIGHT="22" WC="0.76" CONTENT="Postremissvexel"/><SP WIDTH="15" VPOS="278" HPOS="275"/>
							<String ID="string_11" HPOS="290" VPOS="278" WIDTH="83" HEIGHT="29" WC="0.92" CONTENT="drager"/><SP WIDTH="14" VPOS="278" HPOS="373"/>
							<String ID="string_12" HPOS="387" VPOS="280" WIDTH="98" HEIGHT="28" WC="0.96" CONTENT="stämpel"/><SP WIDTH="16" VPOS="280" HPOS="485"/>
							<String ID="string_13" HPOS="501" VPOS="280" WIDTH="74" HEIGHT="20" WC="0.93" CONTENT="såsom"/><SP WIDTH="16" VPOS="280" HPOS="575"/>
							<String ID="string_14" HPOS="591" VPOS="279" WIDTH="116" HEIGHT="22" WC="0.92" CONTENT="Förskrif-"/><SP WIDTH="118" VPOS="279" HPOS="707"/>
							<String ID="string_15" HPOS="825" VPOS="278" WIDTH="1" HEIGHT="16" WC="0.68" CONTENT="|"/><SP WIDTH="31" VPOS="278" HPOS="826"/>
							<String ID="string_16" HPOS="857" VPOS="280" WIDTH="88" HEIGHT="22" WC="0.68" CONTENT="Stämpel-"/>
						</TextLine>
						<TextLine ID="line_4" HPOS="119" VPOS="302" WIDTH="849" HEIGHT="43">
							<String ID="string_17" HPOS="119" VPOS="302" WIDTH="65" HEIGHT="43" WC="0.94" CONTENT="ning."/><SP WIDTH="640" VPOS="302" HPOS="184"/>
							<String ID="string_18" HPOS="824" VPOS="306" WIDTH="1" HEIGHT="14" WC="0.91" CONTENT="|"/><SP WIDTH="9" VPOS="306" HPOS="825"/>
							<String ID="string_19" HPOS="834" VPOS="308" WIDTH="56" HEIGHT="22" WC="0.85" CONTENT="afgift"/><SP WIDTH="11" VPOS="308" HPOS="890"/>
							<String ID="string_20" HPOS="901" VPOS="308" WIDTH="28" HEIGHT="18" WC="0.93" CONTENT="för"/><SP WIDTH="12" VPOS="308" HPOS="929"/>
							<String ID="string_21" HPOS="941" VPOS="309" WIDTH="27" HEIGHT="17" WC="0.93" CONTENT="af-"/>
						</TextLine>
						<TextLine ID="line_5" HPOS="90" VPOS="337" WIDTH="871" HEIGHT="46">
							<String ID="string_22" HPOS="90" VPOS="347" WIDTH="88" HEIGHT="28" WC="0.83" CONTENT="Revers,"/><SP WIDTH="17" VPOS="347" HPOS="178"/>
							<String ID="string_23" HPOS="195" VPOS="354" WIDTH="24" HEIGHT="14" WC="0.93" CONTENT="se"/><SP WIDTH="15" VPOS="354" HPOS="219"/>
							<String ID="string_24" HPOS="234" VPOS="347" WIDTH="172" HEIGHT="29" WC="0.91" CONTENT="Förskrifning."/><SP WIDTH="439" VPOS="347" HPOS="406"/>
							<String ID="string_25" HPOS="845" VPOS="337" WIDTH="23" HEIGHT="46" WC="0.40" CONTENT="v"/><SP WIDTH="31" VPOS="337" HPOS="868"/>
							<String ID="string_26" HPOS="899" VPOS="337" WIDTH="62" HEIGHT="46" WC="0.38" CONTENT="my"/>
						</TextLine>
						<TextLine ID="line_6" HPOS="90" VPOS="382" WIDTH="844" HEIGHT="30">
							<String ID="string_27" HPOS="90" VPOS="382" WIDTH="98" HEIGHT="28" WC="0.95" CONTENT="Ritning"/><SP WIDTH="23" VPOS="382" HPOS="188"/>
							<String ID="string_28" HPOS="211" VPOS="382" WIDTH="37" HEIGHT="21" WC="0.93" CONTENT="till"/><SP WIDTH="22" VPOS="382" HPOS="248"/>
							<String ID="string_29" HPOS="270" VPOS="389" WIDTH="40" HEIGHT="21" WC="0.90" CONTENT="ny-"/><SP WIDTH="22" VPOS="389" HPOS="310"/>
							<String ID="string_30" HPOS="332" VPOS="382" WIDTH="56" HEIGHT="22" WC="0.93" CONTENT="eller"/><SP WIDTH="19" VPOS="382" HPOS="388"/>
							<String ID="string_31" HPOS="407" VPOS="382" WIDTH="141" HEIGHT="28" WC="0.96" CONTENT="tillbyggnad,"/><SP WIDTH="16" VPOS="382" HPOS="548"/>
							<String ID="string_32" HPOS="564" VPOS="389" WIDTH="49" HEIGHT="15" WC="0.96" CONTENT="som"/><SP WIDTH="16" VPOS="389" HPOS="613"/>
							<String ID="string_33" HPOS="629" VPOS="382" WIDTH="26" HEIGHT="22" WC="0.93" CONTENT="af"/><SP WIDTH="12" VPOS="382" HPOS="655"/>
							<String ID="string_34" HPOS="667" VPOS="390" WIDTH="38" HEIGHT="14" WC="0.93" CONTENT="en-"/><SP WIDTH="165" VPOS="390" HPOS="705"/>
							<String ID="string_35" HPOS="870" VPOS="394" WIDTH="64" HEIGHT="18" WC="0.90" CONTENT="skilda."/>
						</TextLine>
						<TextLine ID="line_7" HPOS="119" VPOS="416" WIDTH="586" HEIGHT="28">
							<String ID="string_36" HPOS="119" VPOS="416" WIDTH="69" HEIGHT="28" WC="0.91" CONTENT="skild,"/><SP WIDTH="16" VPOS="416" HPOS="188"/>
							<String ID="string_37" HPOS="204" VPOS="416" WIDTH="8" HEIGHT="21" WC="0.93" CONTENT="i"/><SP WIDTH="16" VPOS="416" HPOS="212"/>
							<String ID="string_38" HPOS="228" VPOS="416" WIDTH="108" HEIGHT="22" WC="0.92" CONTENT="afseende"/><SP WIDTH="10" VPOS="416" HPOS="336"/>
							<String ID="string_39" HPOS="346" VPOS="412" WIDTH="12" HEIGHT="36" WC="0.93" CONTENT="ä"/><SP WIDTH="21" VPOS="412" HPOS="358"/>
							<String ID="string_40" HPOS="379" VPOS="416" WIDTH="157" HEIGHT="28" WC="0.96" CONTENT="fastställelse,"/><SP WIDTH="12" VPOS="416" HPOS="536"/>
							<String ID="string_41" HPOS="548" VPOS="416" WIDTH="38" HEIGHT="22" WC="0.93" CONTENT="till"/><SP WIDTH="10" VPOS="416" HPOS="586"/>
							<String ID="string_42" HPOS="596" VPOS="416" WIDTH="109" HEIGHT="22" WC="0.91" CONTENT="vederbö-"/>
						</TextLine>
						<TextLine ID="line_8" HPOS="118" VPOS="450" WIDTH="351" HEIGHT="29">
							<String ID="string_43" HPOS="118" VPOS="450" WIDTH="71" HEIGHT="22" WC="0.92" CONTENT="rande"/><SP WIDTH="15" VPOS="450" HPOS="189"/>
							<String ID="string_44" HPOS="204" VPOS="450" WIDTH="138" HEIGHT="29" WC="0.90" CONTENT="myndighet"/><SP WIDTH="15" VPOS="450" HPOS="342"/>
							<String ID="string_45" HPOS="357" VPOS="450" WIDTH="112" HEIGHT="29" WC="0.91" CONTENT="ingifves:"/>
						</TextLine>
						<TextLine ID="line_9" HPOS="158" VPOS="485" WIDTH="547" HEIGHT="28">
							<String ID="string_46" HPOS="158" VPOS="485" WIDTH="38" HEIGHT="21" WC="0.93" CONTENT="till"/><SP WIDTH="16" VPOS="485" HPOS="196"/>
							<String ID="string_47" HPOS="212" VPOS="485" WIDTH="144" HEIGHT="28" WC="0.91" CONTENT="boningshus"/><SP WIDTH="21" VPOS="485" HPOS="356"/>
							<String ID="string_48" HPOS="377" VPOS="485" WIDTH="26" HEIGHT="22" WC="0.96" CONTENT="af"/><SP WIDTH="12" VPOS="485" HPOS="403"/>
							<String ID="string_49" HPOS="415" VPOS="488" WIDTH="51" HEIGHT="18" WC="0.96" CONTENT="sten"/><SP WIDTH="15" VPOS="488" HPOS="466"/>
							<String ID="string_50" HPOS="481" VPOS="485" WIDTH="9" HEIGHT="21" WC="0.93" CONTENT="i"/><SP WIDTH="15" VPOS="485" HPOS="490"/>
							<String ID="string_51" HPOS="505" VPOS="485" WIDTH="55" HEIGHT="22" WC="0.92" CONTENT="flere"/><SP WIDTH="15" VPOS="485" HPOS="560"/>
							<String ID="string_52" HPOS="575" VPOS="488" WIDTH="30" HEIGHT="18" WC="0.96" CONTENT="än"/><SP WIDTH="19" VPOS="488" HPOS="605"/>
							<String ID="string_53" HPOS="624" VPOS="492" WIDTH="29" HEIGHT="14" WC="0.93" CONTENT="en"/><SP WIDTH="14" VPOS="492" HPOS="653"/>
							<String ID="string_54" HPOS="667" VPOS="486" WIDTH="38" HEIGHT="21" WC="0.92" CONTENT="vä-"/>
						</TextLine>
						<TextLine ID="line_10" HPOS="192" VPOS="519" WIDTH="628" HEIGHT="29">
							<String ID="string_55" HPOS="192" VPOS="519" WIDTH="58" HEIGHT="29" WC="0.44" CONTENT="DING"/><SP WIDTH="23" VPOS="519" HPOS="250"/>
							<String ID="string_56" HPOS="273" VPOS="537" WIDTH="4" HEIGHT="5" WC="0.28" CONTENT="."/><SP WIDTH="34" VPOS="537" HPOS="277"/>
							<String ID="string_57" HPOS="311" VPOS="515" WIDTH="25" HEIGHT="38" WC="0.56" CONTENT="so"/><SP WIDTH="8" VPOS="515" HPOS="336"/>
							<String ID="string_58" HPOS="344" VPOS="521" WIDTH="476" HEIGHT="21" WC="0.0" CONTENT="KLT"/><SP WIDTH="-66" VPOS="521" HPOS="820"/>
							<String ID="string_59" HPOS="754" VPOS="515" WIDTH="17" HEIGHT="38" WC="0.55" CONTENT="2"/><SP WIDTH="12" VPOS="515" HPOS="771"/>
							<String ID="string_60" HPOS="783" VPOS="515" WIDTH="42" HEIGHT="38" WC="0.10" CONTENT="|]"/>
						</TextLine>
						<TextLine ID="line_11" HPOS="157" VPOS="553" WIDTH="548" HEIGHT="29">
							<String ID="string_61" HPOS="157" VPOS="554" WIDTH="39" HEIGHT="21" WC="0.96" CONTENT="till"/><SP WIDTH="22" VPOS="554" HPOS="196"/>
							<String ID="string_62" HPOS="218" VPOS="554" WIDTH="71" HEIGHT="21" WC="0.96" CONTENT="andra"/><SP WIDTH="16" VPOS="554" HPOS="289"/>
							<String ID="string_63" HPOS="305" VPOS="554" WIDTH="44" HEIGHT="22" WC="0.96" CONTENT="hus"/><SP WIDTH="19" VPOS="554" HPOS="349"/>
							<String ID="string_64" HPOS="368" VPOS="554" WIDTH="43" HEIGHT="22" WC="0.93" CONTENT="och"/><SP WIDTH="15" VPOS="554" HPOS="411"/>
							<String ID="string_65" HPOS="426" VPOS="554" WIDTH="143" HEIGHT="28" WC="0.92" CONTENT="byggnader,"/><SP WIDTH="16" VPOS="554" HPOS="569"/>
							<String ID="string_66" HPOS="585" VPOS="553" WIDTH="120" HEIGHT="23" WC="0.92" CONTENT="äfvensom"/>
						</TextLine>
						<TextLine ID="line_12" HPOS="192" VPOS="588" WIDTH="512" HEIGHT="29">
							<String ID="string_67" HPOS="192" VPOS="588" WIDTH="37" HEIGHT="22" WC="0.93" CONTENT="till"/><SP WIDTH="15" VPOS="588" HPOS="229"/>
							<String ID="string_68" HPOS="244" VPOS="588" WIDTH="137" HEIGHT="29" WC="0.91" CONTENT="förändring"/><SP WIDTH="14" VPOS="588" HPOS="381"/>
							<String ID="string_69" HPOS="395" VPOS="588" WIDTH="27" HEIGHT="22" WC="0.93" CONTENT="af"/><SP WIDTH="12" VPOS="588" HPOS="422"/>
							<String ID="string_70" HPOS="434" VPOS="588" WIDTH="155" HEIGHT="29" WC="0.92" CONTENT="inredningen"/><SP WIDTH="12" VPOS="588" HPOS="589"/>
							<String ID="string_71" HPOS="601" VPOS="588" WIDTH="55" HEIGHT="22" WC="0.93" CONTENT="eller"/><SP WIDTH="15" VPOS="588" HPOS="656"/>
							<String ID="string_72" HPOS="671" VPOS="588" WIDTH="33" HEIGHT="22" WC="0.93" CONTENT="fa-"/>
						</TextLine>
						<TextLine ID="line_13" HPOS="192" VPOS="622" WIDTH="627" HEIGHT="22">
							<String ID="string_73" HPOS="192" VPOS="622" WIDTH="71" HEIGHT="22" WC="0.92" CONTENT="saden"/><SP WIDTH="15" VPOS="622" HPOS="263"/>
							<String ID="string_74" HPOS="278" VPOS="623" WIDTH="8" HEIGHT="21" WC="0.93" CONTENT="i"/><SP WIDTH="16" VPOS="623" HPOS="286"/>
							<String ID="string_75" HPOS="302" VPOS="623" WIDTH="64" HEIGHT="21" WC="0.88" CONTENT="säväl"/><SP WIDTH="16" VPOS="623" HPOS="366"/>
							<String ID="string_76" HPOS="382" VPOS="625" WIDTH="60" HEIGHT="19" WC="0.92" CONTENT="sten-"/><SP WIDTH="17" VPOS="625" HPOS="442"/>
							<String ID="string_77" HPOS="459" VPOS="630" WIDTH="49" HEIGHT="14" WC="0.93" CONTENT="som"/><SP WIDTH="15" VPOS="630" HPOS="508"/>
							<String ID="string_78" HPOS="523" VPOS="622" WIDTH="81" HEIGHT="22" WC="0.92" CONTENT="trähus"/><SP WIDTH="23" VPOS="622" HPOS="604"/>
							<String ID="string_79" HPOS="627" VPOS="639" WIDTH="5" HEIGHT="5" WC="0.93" CONTENT="."/><SP WIDTH="125" VPOS="639" HPOS="632"/>
							<String ID="string_80" HPOS="757" VPOS="624" WIDTH="10" HEIGHT="20" WC="0.80" CONTENT="1"/><SP WIDTH="21" VPOS="624" HPOS="767"/>
							<String ID="string_81" HPOS="788" VPOS="627" WIDTH="31" HEIGHT="12" WC="0.75" CONTENT="—"/>
						</TextLine>
					</TextBlock>
				</ComposedBlock>
				<ComposedBlock ID="cblock_5" HPOS="88" VPOS="656" WIDTH="616" HEIGHT="784">
					<TextBlock ID="block_2" HPOS="88" VPOS="656" WIDTH="511" HEIGHT="30">
						<TextLine ID="line_14" HPOS="88" VPOS="656" WIDTH="511" HEIGHT="30">
							<String ID="string_82" HPOS="88" VPOS="656" WIDTH="108" HEIGHT="29" WC="0.63" CONTENT="Räkning"/><SP WIDTH="15" VPOS="656" HPOS="196"/>
							<String ID="string_83" HPOS="211" VPOS="657" WIDTH="110" HEIGHT="29" WC="0.96" CONTENT="stämplas"/><SP WIDTH="16" VPOS="657" HPOS="321"/>
							<String ID="string_84" HPOS="337" VPOS="658" WIDTH="75" HEIGHT="21" WC="0.93" CONTENT="såsom"/><SP WIDTH="14" VPOS="658" HPOS="412"/>
							<String ID="string_85" HPOS="426" VPOS="657" WIDTH="173" HEIGHT="29" WC="0.89" CONTENT="Förskrifning."/>
						</TextLine>
					</TextBlock>
					<TextBlock ID="block_3" HPOS="88" VPOS="691" WIDTH="288" HEIGHT="29">
						<TextLine ID="line_15" HPOS="88" VPOS="691" WIDTH="288" HEIGHT="29">
							<String ID="string_86" HPOS="88" VPOS="691" WIDTH="107" HEIGHT="28" WC="0.92" CONTENT="Salubref,"/><SP WIDTH="17" VPOS="691" HPOS="195"/>
							<String ID="string_87" HPOS="212" VPOS="698" WIDTH="24" HEIGHT="15" WC="0.93" CONTENT="se"/><SP WIDTH="14" VPOS="698" HPOS="236"/>
							<String ID="string_88" HPOS="250" VPOS="691" WIDTH="126" HEIGHT="29" WC="0.85" CONTENT="Köpebref."/>
						</TextLine>
					</TextBlock>
					<TextBlock ID="block_4" HPOS="88" VPOS="726" WIDTH="357" HEIGHT="29">
						<TextLine ID="line_16" HPOS="88" VPOS="726" WIDTH="357" HEIGHT="29">
							<String ID="string_89" HPOS="88" VPOS="726" WIDTH="130" HEIGHT="27" WC="0.91" CONTENT="Skuldsedel,"/><SP WIDTH="16" VPOS="726" HPOS="218"/>
							<String ID="string_90" HPOS="234" VPOS="734" WIDTH="24" HEIGHT="14" WC="0.93" CONTENT="se"/><SP WIDTH="16" VPOS="734" HPOS="258"/>
							<String ID="string_91" HPOS="274" VPOS="726" WIDTH="171" HEIGHT="29" WC="0.92" CONTENT="Förskrifning."/>
						</TextLine>
					</TextBlock>
					<TextBlock ID="block_5" HPOS="91" VPOS="760" WIDTH="613" HEIGHT="56">
						<TextLine ID="line_17" HPOS="91" VPOS="760" WIDTH="613" HEIGHT="29">
							<String ID="string_92" HPOS="91" VPOS="760" WIDTH="139" HEIGHT="27" WC="0.96" CONTENT="Testamente,"/><SP WIDTH="24" VPOS="760" HPOS="230"/>
							<String ID="string_93" HPOS="254" VPOS="768" WIDTH="49" HEIGHT="14" WC="0.96" CONTENT="som"/><SP WIDTH="21" VPOS="768" HPOS="303"/>
							<String ID="string_94" HPOS="324" VPOS="761" WIDTH="9" HEIGHT="21" WC="0.93" CONTENT="i"/><SP WIDTH="22" VPOS="761" HPOS="333"/>
							<String ID="string_95" HPOS="355" VPOS="760" WIDTH="108" HEIGHT="22" WC="0.91" CONTENT="afseende"/><SP WIDTH="24" VPOS="760" HPOS="463"/>
							<String ID="string_96" HPOS="487" VPOS="761" WIDTH="13" HEIGHT="21" WC="0.92" CONTENT="&amp;"/><SP WIDTH="22" VPOS="761" HPOS="500"/>
							<String ID="string_97" HPOS="522" VPOS="761" WIDTH="134" HEIGHT="28" WC="0.93" CONTENT="bevakning"/><SP WIDTH="15" VPOS="761" HPOS="656"/>
							<String ID="string_98" HPOS="671" VPOS="760" WIDTH="33" HEIGHT="22" WC="0.91" CONTENT="fö-"/>
						</TextLine>
						<TextLine ID="line_18" HPOS="116" VPOS="797" WIDTH="73" HEIGHT="19">
							<String ID="string_99" HPOS="116" VPOS="797" WIDTH="73" HEIGHT="19" WC="0.68" CONTENT="retes:"/>
						</TextLine>
					</TextBlock>
					<TextBlock ID="block_6" HPOS="117" VPOS="828" WIDTH="587" HEIGHT="270">
						<TextLine ID="line_19" HPOS="117" VPOS="828" WIDTH="587" HEIGHT="30">
							<String ID="string_100" HPOS="117" VPOS="830" WIDTH="23" HEIGHT="27" WC="0.91" CONTENT="a)"/><SP WIDTH="15" VPOS="830" HPOS="140"/>
							<String ID="string_101" HPOS="155" VPOS="829" WIDTH="13" HEIGHT="21" WC="0.91" CONTENT="&amp;"/><SP WIDTH="15" VPOS="829" HPOS="168"/>
							<String ID="string_102" HPOS="183" VPOS="828" WIDTH="113" HEIGHT="29" WC="0.96" CONTENT="egendom"/><SP WIDTH="22" VPOS="828" HPOS="296"/>
							<String ID="string_103" HPOS="318" VPOS="829" WIDTH="52" HEIGHT="21" WC="0.96" CONTENT="med"/><SP WIDTH="22" VPOS="829" HPOS="370"/>
							<String ID="string_104" HPOS="392" VPOS="829" WIDTH="45" HEIGHT="21" WC="0.93" CONTENT="full"/><SP WIDTH="22" VPOS="829" HPOS="437"/>
							<String ID="string_105" HPOS="459" VPOS="830" WIDTH="137" HEIGHT="28" WC="0.92" CONTENT="eganderätt"/><SP WIDTH="20" VPOS="830" HPOS="596"/>
							<String ID="string_106" HPOS="616" VPOS="830" WIDTH="43" HEIGHT="21" WC="0.96" CONTENT="och"/><SP WIDTH="16" VPOS="830" HPOS="659"/>
							<String ID="string_107" HPOS="675" VPOS="830" WIDTH="29" HEIGHT="21" WC="0.97" CONTENT="då"/>
						</TextLine>
						<TextLine ID="line_20" HPOS="156" VPOS="863" WIDTH="548" HEIGHT="30">
							<String ID="string_108" HPOS="156" VPOS="863" WIDTH="48" HEIGHT="22" WC="0.96" CONTENT="viss"/><SP WIDTH="16" VPOS="863" HPOS="204"/>
							<String ID="string_109" HPOS="220" VPOS="871" WIDTH="89" HEIGHT="14" WC="0.96" CONTENT="summa"/><SP WIDTH="15" VPOS="871" HPOS="309"/>
							<String ID="string_110" HPOS="324" VPOS="864" WIDTH="8" HEIGHT="20" WC="0.93" CONTENT="i"/><SP WIDTH="15" VPOS="864" HPOS="332"/>
							<String ID="string_111" HPOS="347" VPOS="864" WIDTH="130" HEIGHT="28" WC="0.92" CONTENT="penningar"/><SP WIDTH="15" VPOS="864" HPOS="477"/>
							<String ID="string_112" HPOS="492" VPOS="868" WIDTH="25" HEIGHT="18" WC="0.93" CONTENT="är"/><SP WIDTH="14" VPOS="868" HPOS="517"/>
							<String ID="string_113" HPOS="531" VPOS="866" WIDTH="80" HEIGHT="26" WC="0.92" CONTENT="utsatt,"/><SP WIDTH="11" VPOS="866" HPOS="611"/>
							<String ID="string_114" HPOS="622" VPOS="864" WIDTH="82" HEIGHT="29" WC="0.93" CONTENT="drager"/>
						</TextLine>
						<TextLine ID="line_21" HPOS="157" VPOS="898" WIDTH="546" HEIGHT="29">
							<String ID="string_115" HPOS="157" VPOS="898" WIDTH="98" HEIGHT="28" WC="0.92" CONTENT="stämpel"/><SP WIDTH="12" VPOS="898" HPOS="255"/>
							<String ID="string_116" HPOS="267" VPOS="899" WIDTH="10" HEIGHT="21" WC="0.96" CONTENT="1"/><SP WIDTH="17" VPOS="899" HPOS="277"/>
							<String ID="string_117" HPOS="294" VPOS="898" WIDTH="65" HEIGHT="22" WC="0.96" CONTENT="mark"/><SP WIDTH="15" VPOS="898" HPOS="359"/>
							<String ID="string_118" HPOS="374" VPOS="898" WIDTH="36" HEIGHT="22" WC="0.93" CONTENT="för"/><SP WIDTH="15" VPOS="898" HPOS="410"/>
							<String ID="string_119" HPOS="425" VPOS="898" WIDTH="79" HEIGHT="29" WC="0.93" CONTENT="hvarje"/><SP WIDTH="15" VPOS="898" HPOS="504"/>
							<String ID="string_120" HPOS="519" VPOS="898" WIDTH="60" HEIGHT="22" WC="0.92" CONTENT="fulla"/><SP WIDTH="8" VPOS="898" HPOS="579"/>
							<String ID="string_121" HPOS="587" VPOS="900" WIDTH="42" HEIGHT="21" WC="0.96" CONTENT="100"/><SP WIDTH="9" VPOS="900" HPOS="629"/>
							<String ID="string_122" HPOS="638" VPOS="899" WIDTH="65" HEIGHT="21" WC="0.96" CONTENT="mark"/>
						</TextLine>
						<TextLine ID="line_22" HPOS="156" VPOS="932" WIDTH="547" HEIGHT="29">
							<String ID="string_123" HPOS="156" VPOS="932" WIDTH="27" HEIGHT="21" WC="0.93" CONTENT="af"/><SP WIDTH="19" VPOS="932" HPOS="183"/>
							<String ID="string_124" HPOS="202" VPOS="932" WIDTH="155" HEIGHT="28" WC="0.92" CONTENT="egendomens"/><SP WIDTH="26" VPOS="932" HPOS="357"/>
							<String ID="string_125" HPOS="383" VPOS="932" WIDTH="79" HEIGHT="27" WC="0.96" CONTENT="värde;"/><SP WIDTH="26" VPOS="932" HPOS="462"/>
							<String ID="string_126" HPOS="488" VPOS="940" WIDTH="52" HEIGHT="14" WC="0.96" CONTENT="men"/><SP WIDTH="23" VPOS="940" HPOS="540"/>
							<String ID="string_127" HPOS="563" VPOS="936" WIDTH="25" HEIGHT="18" WC="0.93" CONTENT="är"/><SP WIDTH="23" VPOS="936" HPOS="588"/>
							<String ID="string_128" HPOS="611" VPOS="933" WIDTH="20" HEIGHT="28" WC="0.88" CONTENT="ej"/><SP WIDTH="24" VPOS="933" HPOS="631"/>
							<String ID="string_129" HPOS="655" VPOS="933" WIDTH="48" HEIGHT="21" WC="0.96" CONTENT="viss"/>
						</TextLine>
						<TextLine ID="line_23" HPOS="157" VPOS="966" WIDTH="546" HEIGHT="28">
							<String ID="string_130" HPOS="157" VPOS="973" WIDTH="88" HEIGHT="15" WC="0.96" CONTENT="summa"/><SP WIDTH="15" VPOS="973" HPOS="245"/>
							<String ID="string_131" HPOS="260" VPOS="966" WIDTH="56" HEIGHT="22" WC="0.96" CONTENT="eller"/><SP WIDTH="10" VPOS="966" HPOS="316"/>
							<String ID="string_132" HPOS="326" VPOS="966" WIDTH="59" HEIGHT="22" WC="0.95" CONTENT="visst"/><SP WIDTH="10" VPOS="966" HPOS="385"/>
							<String ID="string_133" HPOS="395" VPOS="966" WIDTH="70" HEIGHT="22" WC="0.93" CONTENT="värde"/><SP WIDTH="11" VPOS="966" HPOS="465"/>
							<String ID="string_134" HPOS="476" VPOS="969" WIDTH="80" HEIGHT="25" WC="0.91" CONTENT="utsatt,"/><SP WIDTH="9" VPOS="969" HPOS="556"/>
							<String ID="string_135" HPOS="565" VPOS="967" WIDTH="138" HEIGHT="22" WC="0.91" CONTENT="bestämmes"/>
						</TextLine>
						<TextLine ID="line_24" HPOS="157" VPOS="1000" WIDTH="545" HEIGHT="29">
							<String ID="string_136" HPOS="157" VPOS="1000" WIDTH="210" HEIGHT="29" WC="0.91" CONTENT="stämpelafgiftens"/><SP WIDTH="23" VPOS="1000" HPOS="367"/>
							<String ID="string_137" HPOS="390" VPOS="1000" WIDTH="84" HEIGHT="29" WC="0.91" CONTENT="belopp"/><SP WIDTH="23" VPOS="1000" HPOS="474"/>
							<String ID="string_138" HPOS="497" VPOS="1001" WIDTH="60" HEIGHT="21" WC="0.92" CONTENT="efter"/><SP WIDTH="23" VPOS="1001" HPOS="557"/>
							<String ID="string_139" HPOS="580" VPOS="1001" WIDTH="61" HEIGHT="22" WC="0.92" CONTENT="hvad"/><SP WIDTH="22" VPOS="1001" HPOS="641"/>
							<String ID="string_140" HPOS="663" VPOS="1001" WIDTH="39" HEIGHT="22" WC="0.93" CONTENT="do-"/>
						</TextLine>
						<TextLine ID="line_25" HPOS="156" VPOS="1034" WIDTH="547" HEIGHT="28">
							<String ID="string_141" HPOS="156" VPOS="1042" WIDTH="85" HEIGHT="20" WC="0.96" CONTENT="maren,"/><SP WIDTH="21" VPOS="1042" HPOS="241"/>
							<String ID="string_142" HPOS="262" VPOS="1034" WIDTH="52" HEIGHT="22" WC="0.92" CONTENT="med"/><SP WIDTH="22" VPOS="1034" HPOS="314"/>
							<String ID="string_143" HPOS="336" VPOS="1034" WIDTH="108" HEIGHT="22" WC="0.93" CONTENT="afseende"/><SP WIDTH="15" VPOS="1034" HPOS="444"/>
							<String ID="string_144" HPOS="459" VPOS="1036" WIDTH="13" HEIGHT="20" WC="0.92" CONTENT="å"/><SP WIDTH="16" VPOS="1036" HPOS="472"/>
							<String ID="string_145" HPOS="488" VPOS="1036" WIDTH="43" HEIGHT="20" WC="0.93" CONTENT="den"/><SP WIDTH="24" VPOS="1036" HPOS="531"/>
							<String ID="string_146" HPOS="555" VPOS="1037" WIDTH="148" HEIGHT="20" WC="0.92" CONTENT="testamente-"/>
						</TextLine>
						<TextLine ID="line_26" HPOS="155" VPOS="1068" WIDTH="547" HEIGHT="30">
							<String ID="string_147" HPOS="155" VPOS="1068" WIDTH="55" HEIGHT="22" WC="0.89" CONTENT="rade"/><SP WIDTH="18" VPOS="1068" HPOS="210"/>
							<String ID="string_148" HPOS="228" VPOS="1069" WIDTH="154" HEIGHT="28" WC="0.92" CONTENT="egendomens"/><SP WIDTH="19" VPOS="1069" HPOS="382"/>
							<String ID="string_149" HPOS="401" VPOS="1069" WIDTH="75" HEIGHT="26" WC="0.93" CONTENT="värde,"/><SP WIDTH="20" VPOS="1069" HPOS="476"/>
							<String ID="string_150" HPOS="496" VPOS="1069" WIDTH="95" HEIGHT="29" WC="0.90" CONTENT="pröfvar"/><SP WIDTH="15" VPOS="1069" HPOS="591"/>
							<String ID="string_151" HPOS="606" VPOS="1070" WIDTH="96" HEIGHT="28" WC="0.92" CONTENT="skäligt;"/>
						</TextLine>
					</TextBlock>
					<TextBlock ID="block_7" HPOS="116" VPOS="1103" WIDTH="587" HEIGHT="201">
						<TextLine ID="line_27" HPOS="116" VPOS="1103" WIDTH="585" HEIGHT="29">
							<String ID="string_152" HPOS="116" VPOS="1104" WIDTH="21" HEIGHT="27" WC="0.91" CONTENT="0)"/><SP WIDTH="18" VPOS="1104" HPOS="137"/>
							<String ID="string_153" HPOS="155" VPOS="1104" WIDTH="14" HEIGHT="21" WC="0.91" CONTENT="&amp;"/><SP WIDTH="15" VPOS="1104" HPOS="169"/>
							<String ID="string_154" HPOS="184" VPOS="1103" WIDTH="112" HEIGHT="29" WC="0.96" CONTENT="egendom"/><SP WIDTH="15" VPOS="1103" HPOS="296"/>
							<String ID="string_155" HPOS="311" VPOS="1103" WIDTH="73" HEIGHT="22" WC="0.96" CONTENT="under"/><SP WIDTH="15" VPOS="1103" HPOS="384"/>
							<String ID="string_156" HPOS="399" VPOS="1103" WIDTH="81" HEIGHT="22" WC="0.93" CONTENT="endast"/><SP WIDTH="9" VPOS="1103" HPOS="480"/>
							<String ID="string_157" HPOS="489" VPOS="1104" WIDTH="126" HEIGHT="28" WC="0.92" CONTENT="nyttjorätt"/><SP WIDTH="9" VPOS="1104" HPOS="615"/>
							<String ID="string_158" HPOS="624" VPOS="1104" WIDTH="77" HEIGHT="28" WC="0.91" CONTENT="beläg-"/>
						</TextLine>
						<TextLine ID="line_28" HPOS="156" VPOS="1137" WIDTH="547" HEIGHT="30">
							<String ID="string_159" HPOS="156" VPOS="1145" WIDTH="41" HEIGHT="21" WC="0.95" CONTENT="ges"/><SP WIDTH="16" VPOS="1145" HPOS="197"/>
							<String ID="string_160" HPOS="213" VPOS="1137" WIDTH="111" HEIGHT="22" WC="0.96" CONTENT="likaledes"/><SP WIDTH="11" VPOS="1137" HPOS="324"/>
							<String ID="string_161" HPOS="335" VPOS="1138" WIDTH="59" HEIGHT="21" WC="0.92" CONTENT="efter"/><SP WIDTH="8" VPOS="1138" HPOS="394"/>
							<String ID="string_162" HPOS="402" VPOS="1138" WIDTH="121" HEIGHT="22" WC="0.93" CONTENT="domarens"/><SP WIDTH="9" VPOS="1138" HPOS="523"/>
							<String ID="string_163" HPOS="532" VPOS="1138" WIDTH="112" HEIGHT="29" WC="0.91" CONTENT="pröfning"/><SP WIDTH="7" VPOS="1138" HPOS="644"/>
							<String ID="string_164" HPOS="651" VPOS="1139" WIDTH="52" HEIGHT="21" WC="0.96" CONTENT="med"/>
						</TextLine>
						<TextLine ID="line_29" HPOS="157" VPOS="1172" WIDTH="546" HEIGHT="28">
							<String ID="string_165" HPOS="157" VPOS="1172" WIDTH="97" HEIGHT="28" WC="0.91" CONTENT="stämpel"/><SP WIDTH="15" VPOS="1172" HPOS="254"/>
							<String ID="string_166" HPOS="269" VPOS="1172" WIDTH="52" HEIGHT="22" WC="0.92" CONTENT="frän"/><SP WIDTH="10" VPOS="1172" HPOS="321"/>
							<String ID="string_167" HPOS="331" VPOS="1173" WIDTH="13" HEIGHT="21" WC="0.96" CONTENT="2"/><SP WIDTH="11" VPOS="1173" HPOS="344"/>
							<String ID="string_168" HPOS="355" VPOS="1172" WIDTH="37" HEIGHT="22" WC="0.96" CONTENT="till"/><SP WIDTH="10" VPOS="1172" HPOS="392"/>
							<String ID="string_169" HPOS="402" VPOS="1173" WIDTH="42" HEIGHT="21" WC="0.96" CONTENT="200"/><SP WIDTH="10" VPOS="1173" HPOS="444"/>
							<String ID="string_170" HPOS="454" VPOS="1173" WIDTH="72" HEIGHT="27" WC="0.96" CONTENT="mark,"/><SP WIDTH="16" VPOS="1173" HPOS="526"/>
							<String ID="string_171" HPOS="542" VPOS="1174" WIDTH="57" HEIGHT="20" WC="0.93" CONTENT="utan"/><SP WIDTH="15" VPOS="1174" HPOS="599"/>
							<String ID="string_172" HPOS="614" VPOS="1172" WIDTH="89" HEIGHT="22" WC="0.92" CONTENT="afseen-"/>
						</TextLine>
						<TextLine ID="line_30" HPOS="156" VPOS="1206" WIDTH="547" HEIGHT="29">
							<String ID="string_173" HPOS="156" VPOS="1206" WIDTH="29" HEIGHT="22" WC="0.93" CONTENT="de"/><SP WIDTH="20" VPOS="1206" HPOS="185"/>
							<String ID="string_174" HPOS="205" VPOS="1206" WIDTH="60" HEIGHT="26" WC="0.87" CONTENT="derä,"/><SP WIDTH="23" VPOS="1206" HPOS="265"/>
							<String ID="string_175" HPOS="288" VPOS="1214" WIDTH="37" HEIGHT="14" WC="0.96" CONTENT="om"/><SP WIDTH="22" VPOS="1214" HPOS="325"/>
							<String ID="string_176" HPOS="347" VPOS="1206" WIDTH="60" HEIGHT="22" WC="0.96" CONTENT="visst"/><SP WIDTH="13" VPOS="1206" HPOS="407"/>
							<String ID="string_177" HPOS="420" VPOS="1206" WIDTH="71" HEIGHT="22" WC="0.94" CONTENT="värde"/><SP WIDTH="17" VPOS="1206" HPOS="491"/>
							<String ID="string_178" HPOS="508" VPOS="1207" WIDTH="9" HEIGHT="21" WC="0.93" CONTENT="i"/><SP WIDTH="16" VPOS="1207" HPOS="517"/>
							<String ID="string_179" HPOS="533" VPOS="1207" WIDTH="130" HEIGHT="28" WC="0.92" CONTENT="penningar"/><SP WIDTH="15" VPOS="1207" HPOS="663"/>
							<String ID="string_180" HPOS="678" VPOS="1210" WIDTH="25" HEIGHT="18" WC="0.96" CONTENT="är"/>
						</TextLine>
						<TextLine ID="line_31" HPOS="155" VPOS="1240" WIDTH="547" HEIGHT="29">
							<String ID="string_181" HPOS="155" VPOS="1242" WIDTH="75" HEIGHT="20" WC="0.93" CONTENT="utsatt"/><SP WIDTH="14" VPOS="1242" HPOS="230"/>
							<String ID="string_182" HPOS="244" VPOS="1240" WIDTH="57" HEIGHT="22" WC="0.92" CONTENT="eller"/><SP WIDTH="15" VPOS="1240" HPOS="301"/>
							<String ID="string_183" HPOS="316" VPOS="1240" WIDTH="61" HEIGHT="28" WC="0.91" CONTENT="icke;"/><SP WIDTH="15" VPOS="1240" HPOS="377"/>
							<String ID="string_184" HPOS="392" VPOS="1240" WIDTH="60" HEIGHT="23" WC="0.93" CONTENT="dock"/><SP WIDTH="11" VPOS="1240" HPOS="452"/>
							<String ID="string_185" HPOS="463" VPOS="1241" WIDTH="110" HEIGHT="28" WC="0.92" CONTENT="stämplas"/><SP WIDTH="10" VPOS="1241" HPOS="573"/>
							<String ID="string_186" HPOS="583" VPOS="1241" WIDTH="119" HEIGHT="21" WC="0.91" CONTENT="fideikom-"/>
						</TextLine>
						<TextLine ID="line_32" HPOS="156" VPOS="1274" WIDTH="545" HEIGHT="30">
							<String ID="string_187" HPOS="156" VPOS="1274" WIDTH="111" HEIGHT="22" WC="0.93" CONTENT="missbref"/><SP WIDTH="19" VPOS="1274" HPOS="267"/>
							<String ID="string_188" HPOS="286" VPOS="1275" WIDTH="75" HEIGHT="28" WC="0.93" CONTENT="enligt"/><SP WIDTH="21" VPOS="1275" HPOS="361"/>
							<String ID="string_189" HPOS="382" VPOS="1274" WIDTH="194" HEIGHT="30" WC="0.91" CONTENT="nästföregäende"/><SP WIDTH="15" VPOS="1274" HPOS="576"/>
							<String ID="string_190" HPOS="591" VPOS="1275" WIDTH="76" HEIGHT="29" WC="0.92" CONTENT="punkt"/><SP WIDTH="16" VPOS="1275" HPOS="667"/>
							<String ID="string_191" HPOS="683" VPOS="1282" WIDTH="18" HEIGHT="15" WC="0.96" CONTENT="a."/>
						</TextLine>
					</TextBlock>
					<TextBlock ID="block_8" HPOS="156" VPOS="1308" WIDTH="547" HEIGHT="132">
						<TextLine ID="line_33" HPOS="185" VPOS="1308" WIDTH="517" HEIGHT="30">
							<String ID="string_192" HPOS="185" VPOS="1308" WIDTH="147" HEIGHT="22" WC="0.91" CONTENT="Testamente"/><SP WIDTH="22" VPOS="1308" HPOS="332"/>
							<String ID="string_193" HPOS="354" VPOS="1309" WIDTH="37" HEIGHT="22" WC="0.93" CONTENT="till"/><SP WIDTH="22" VPOS="1309" HPOS="391"/>
							<String ID="string_194" HPOS="413" VPOS="1309" WIDTH="71" HEIGHT="29" WC="0.91" CONTENT="fader,"/><SP WIDTH="22" VPOS="1309" HPOS="484"/>
							<String ID="string_195" HPOS="506" VPOS="1309" WIDTH="87" HEIGHT="29" WC="0.92" CONTENT="moder,"/><SP WIDTH="20" VPOS="1309" HPOS="593"/>
							<String ID="string_196" HPOS="613" VPOS="1310" WIDTH="89" HEIGHT="28" WC="0.92" CONTENT="broder,"/>
						</TextLine>
						<TextLine ID="line_34" HPOS="156" VPOS="1342" WIDTH="546" HEIGHT="29">
							<String ID="string_197" HPOS="156" VPOS="1342" WIDTH="142" HEIGHT="27" WC="0.91" CONTENT="halfbroder,"/><SP WIDTH="23" VPOS="1342" HPOS="298"/>
							<String ID="string_198" HPOS="321" VPOS="1344" WIDTH="81" HEIGHT="26" WC="0.92" CONTENT="syster,"/><SP WIDTH="23" VPOS="1344" HPOS="402"/>
							<String ID="string_199" HPOS="425" VPOS="1343" WIDTH="133" HEIGHT="28" WC="0.91" CONTENT="halfsyster,"/><SP WIDTH="23" VPOS="1343" HPOS="558"/>
							<String ID="string_200" HPOS="581" VPOS="1344" WIDTH="56" HEIGHT="20" WC="0.93" CONTENT="eller"/><SP WIDTH="14" VPOS="1344" HPOS="637"/>
							<String ID="string_201" HPOS="651" VPOS="1344" WIDTH="51" HEIGHT="20" WC="0.93" CONTENT="bro-"/>
						</TextLine>
						<TextLine ID="line_35" HPOS="156" VPOS="1376" WIDTH="546" HEIGHT="29">
							<String ID="string_202" HPOS="156" VPOS="1376" WIDTH="59" HEIGHT="28" WC="0.92" CONTENT="ders,"/><SP WIDTH="16" VPOS="1376" HPOS="215"/>
							<String ID="string_203" HPOS="231" VPOS="1376" WIDTH="153" HEIGHT="27" WC="0.92" CONTENT="halfbroders,"/><SP WIDTH="11" VPOS="1376" HPOS="384"/>
							<String ID="string_204" HPOS="395" VPOS="1378" WIDTH="87" HEIGHT="27" WC="0.93" CONTENT="systers"/><SP WIDTH="16" VPOS="1378" HPOS="482"/>
							<String ID="string_205" HPOS="498" VPOS="1376" WIDTH="57" HEIGHT="22" WC="0.93" CONTENT="eller"/><SP WIDTH="10" VPOS="1376" HPOS="555"/>
							<String ID="string_206" HPOS="565" VPOS="1376" WIDTH="137" HEIGHT="29" WC="0.91" CONTENT="halfsysters"/>
						</TextLine>
						<TextLine ID="line_36" HPOS="157" VPOS="1410" WIDTH="546" HEIGHT="30">
							<String ID="string_207" HPOS="157" VPOS="1410" WIDTH="133" HEIGHT="30" WC="0.90" CONTENT="afkomling"/><SP WIDTH="22" VPOS="1410" HPOS="290"/>
							<String ID="string_208" HPOS="312" VPOS="1410" WIDTH="82" HEIGHT="29" WC="0.90" CONTENT="drager"/><SP WIDTH="22" VPOS="1410" HPOS="394"/>
							<String ID="string_209" HPOS="416" VPOS="1411" WIDTH="97" HEIGHT="29" WC="0.93" CONTENT="stämpel"/><SP WIDTH="22" VPOS="1411" HPOS="513"/>
							<String ID="string_210" HPOS="535" VPOS="1412" WIDTH="29" HEIGHT="21" WC="0.96" CONTENT="50"/><SP WIDTH="17" VPOS="1412" HPOS="564"/>
							<String ID="string_211" HPOS="581" VPOS="1411" WIDTH="70" HEIGHT="29" WC="0.96" CONTENT="penni"/><SP WIDTH="16" VPOS="1411" HPOS="651"/>
							<String ID="string_212" HPOS="667" VPOS="1410" WIDTH="36" HEIGHT="23" WC="0.96" CONTENT="för"/>
						</TextLine>
					</TextBlock>
				</ComposedBlock>
				<GraphicalElement ID="cblock_6" HPOS="712" VPOS="174" WIDTH="7" HEIGHT="1262"></GraphicalElement >
				<GraphicalElement ID="cblock_7" HPOS="785" VPOS="174" WIDTH="8" HEIGHT="1262"></GraphicalElement >
				<GraphicalElement ID="cblock_8" HPOS="820" VPOS="178" WIDTH="8" HEIGHT="1257"></GraphicalElement >
			</PrintSpace>
		</Page>
	</Layout>
</alto>
