1045 1709
233 132 25 14 10
431 125 29 23 U.
476 125 28 22 B.
520 138 28 2 —
562 125 74 28 Prop.
652 124 42 23 N:o
710 124 38 23 20.

200 188 150 28 hyresmedlen
373 188 96 21 anskaffa
488 189 33 25 sig
538 188 92 24 kvarter,
649 187 72 21 hvilka
735 189 7 19 i
757 188 78 26 många
850 187 36 21 fall
900 188 55 20 varit

200 222 92 26 aflägset
307 222 92 26 belägna
411 222 46 20 från
472 222 135 20 kasärnerna.

268 256 55 20 Näst
346 256 79 20 bristen
445 256 28 26 på
488 255 74 27 dylika
576 256 103 20 bostäder
694 255 56 21 hade
764 255 192 27 befälhafvaresty-

199 290 70 21 relsen
285 290 67 21 funnit
368 290 41 20 den
424 289 136 27 fullständiga
576 290 131 20 afsaknaden
722 290 25 20 af
758 290 104 21 särskilda
875 290 81 21 lokaler

200 324 33 20 för
247 324 172 26 undervisnings-
431 324 42 20 och
483 324 297 27 musikkommenderingarna
793 324 53 21 böra
856 324 50 20 med
918 324 38 21 det

199 358 68 21 första
282 358 111 26 afhjälpas.
416 358 70 20 Dessa
497 358 206 26 kommenderingar,
719 358 25 20 af
752 358 71 21 hvilka
839 359 42 20 den
893 358 63 21 först-

199 392 80 21 nämda
299 393 29 26 pä
350 392 68 26 grund
439 392 24 20 af
476 392 12 28 &
504 398 13 21 9
532 394 6 18 i
553 392 152 27 förordningen
720 399 48 21 ang.
784 392 172 28 undervisnings-

199 426 235 27 kommenderingarna,
443 426 100 21 anbefald
558 426 31 21 till
604 426 142 21 efterrättelse
761 434 80 20 genom
853 426 103 28 dagbefä-

199 460 31 21 let
250 460 25 21 af
292 461 42 20 den
351 466 26 20 14
392 460 52 21 febr.
462 462 60 25 1875,
538 460 54 21 skall
606 460 77 27 utgöra
699 464 31 18 ett
745 461 64 21 skildt
823 460 131 22 kommando

199 498 57 18 samt
271 502 51 13 vara
336 495 84 26 inrymd
435 496 6 20 i
456 494 90 21 särskild
561 494 63 25 lokal,
641 495 41 20 och
698 494 42 21 den
754 502 82 18 senare,
847 502 48 14 som
903 495 53 26 jäm-

199 528 39 21 likt
253 528 78 27 nädiga
346 528 143 27 kungörelsen
505 529 23 20 af
541 528 42 21 den
597 534 26 15 22
639 535 56 14 mars
713 529 50 20 1881
782 529 23 20 är
820 529 56 21 stäld
889 529 67 20 under

200 562 135 26 adjutantens
352 562 107 26 inseende,
476 563 41 20 och
533 562 83 21 säledes
632 562 63 21 äfven
705 563 69 21 mäste
785 562 111 22 betraktas
908 570 48 14 som

200 603 27 14 en
242 596 55 21 skild
312 596 183 27 kommendering,
511 596 57 21 hade
580 596 103 21 härintills
694 597 18 26 ej
723 597 95 27 förfogat
828 597 60 21 öfver
900 604 55 20 egna

199 630 34 22 för
247 630 51 22 dem
313 630 90 22 afsedda
418 630 87 26 lokaler,
521 634 51 18 utan
587 631 56 21 hade
657 633 55 19 varit
728 631 125 27 inlogerade
868 631 87 21 tillsam-

199 671 50 14 man
264 665 50 21 med
329 664 128 28 manskapet
472 666 36 20 vid
523 672 57 20 resp.
595 665 134 27 kompanier,
744 665 119 27 hvarjämte
875 665 81 21 lokaler

199 698 34 22 för
247 698 74 28 själfva
337 700 178 26 undervisningen
530 701 54 19 varit
599 700 27 20 än
641 699 38 21 här
694 700 27 20 än
734 700 38 20 där
782 701 58 19 inom
850 700 105 20 kasärnen

200 733 108 21 anvisade.
336 733 110 27 Själffallet
461 740 53 14 vore
529 737 32 18 att
576 734 66 20 under
657 734 72 26 dylika
740 734 146 21 förhällanden
898 736 57 24 isyn-

199 768 76 20 nerhet
296 767 178 27 undervisningen
497 768 27 20 af
535 768 27 20 de
578 768 107 20 blifvande
701 768 192 21 underofticerarne
908 768 47 21 lidit

201 802 125 26 betydande
346 802 96 24 afbräck,
459 802 91 20 likasom
566 802 41 20 ock
622 802 284 27 musikkommenderingens
922 802 32 22 öf-

201 837 76 25 ningar
302 835 46 21 dels
373 835 76 21 värkat
474 836 102 21 störande
600 837 29 26 pä
655 836 219 28 sysselsättningarna
900 839 58 19 inom

202 869 161 27 kompanierna,
380 869 45 21 dels
442 870 45 21 äter
500 870 47 21 icke
562 870 80 21 kunnat
657 870 50 21 med
723 870 108 22 önskvärd
846 871 112 27 framgäng

201 904 118 20 bedrifvas.

270 938 44 20 Vid
337 938 100 21 ärendets
455 938 131 28 behandling
600 940 7 19 i
622 938 94 22 Senaten
731 939 94 27 ansägos
841 940 117 20 emellertid

201 972 29 21 de
245 972 120 21 omordade
382 973 259 27 nybyggnadsförslagen,
657 974 6 20 i
679 973 108 21 anseende
801 973 32 21 till
847 974 28 20 de
890 974 70 28 dryga

201 1006 152 26 kostnaderna,
376 1007 47 21 icke
445 1007 69 21 kunna
536 1008 67 20 under
617 1014 82 14 samma
713 1007 145 28 finansperiod
873 1008 86 21 komma

202 1041 31 21 till
255 1041 119 21 utförande.
404 1041 104 27 Följande
531 1042 42 20 den
593 1044 6 19 i
614 1042 263 26 befälhafvarestyrelsens
900 1043 59 21 hem-

202 1076 78 20 ställan
295 1077 6 19 i
316 1076 103 20 afseende
434 1076 12 20 ä
462 1076 121 21 desammas
598 1076 162 27 nödvändighet
775 1077 87 26 angifna
875 1077 85 21 ordnin-

202 1116 43 20 gen
260 1110 70 20 beslöt
345 1110 95 21 Senaten
455 1113 32 18 att
502 1110 75 21 främst
592 1110 52 21 äska
659 1110 76 27 anslag
751 1110 33 21 för
798 1117 43 20 nya
856 1111 104 21 bostäder

202 1144 23 20 ät
240 1144 201 21 underofticerarne.
466 1144 34 21 De
515 1144 36 21 vid
566 1152 56 20 resp.
639 1144 123 27 bataljoner,
778 1144 39 22 där
832 1145 127 27 nybygena-

203 1178 39 20 der
263 1178 67 21 skulle
352 1178 160 28 ifrägakomma,
536 1179 123 27 uppgjorda
677 1179 214 27 kostnadsförslagen
906 1182 54 19 utvi-

202 1212 53 20 sade
278 1216 32 17 ett
331 1213 82 27 belopp
429 1213 25 21 af
465 1213 91 21 emellan
579 1217 76 22 50,500
677 1213 41 21 och
741 1213 90 26 182,600
846 1213 60 21 mark
920 1222 40 19 per

202 1246 101 26 bataljon,
326 1253 49 13 men
397 1247 56 20 hade
471 1247 94 21 Senaten
580 1247 67 20 funnit
662 1247 110 20 desamma
787 1248 62 20 hvart
864 1248 42 20 och
922 1251 37 22 ett,

197 1279 70 21 äfven
289 1286 35 14 om
346 1280 84 26 hänsyn
447 1284 63 22 tages
525 1280 31 21 till
571 1280 56 21 olika
643 1280 191 26 prisförhällanden
849 1282 29 26 pä
893 1283 67 25 garni-

202 1316 145 23 sonsorterna,
370 1313 126 28 ytterligare
518 1314 70 21 kunna
613 1314 108 27 betydligt
744 1314 136 28 nedbringas.
917 1314 43 22 Om

203 1348 123 21 nuvarande
344 1353 24 21 17
384 1347 85 22 kvarter
485 1348 33 21 för
532 1348 54 28 gifta
601 1348 185 27 underofticerare,
800 1356 79 20 genom
890 1352 32 18 att
934 1357 26 13 en

203 1382 36 21 del
253 1390 46 14 rum
314 1382 67 22 skulle
396 1383 71 21 ansläs
481 1383 32 21 till
528 1386 133 24 gemensamt
675 1383 44 21 kök
735 1383 32 21 för
785 1384 80 21 tvänne
887 1384 73 22 bostä-

203 1418 45 24 der,
264 1417 142 21 reducerades
422 1417 31 21 till
470 1422 32 20 12,
518 1418 42 20 och
574 1418 80 20 antalet
669 1418 80 21 sädana
758 1418 103 21 bostäder
869 1418 91 28 begrän-

273 1464 129 16 Statsutskottets
415 1463 103 17 betänkande
532 1465 34 15 N:o
578 1469 16 15 4.
