1039 1709
198 131 27 19 10
383 130 83 22 Stiind.
482 129 39 22 Sv.
537 142 27 3 —
579 129 74 28 Prop.
670 128 41 23 N:o
726 128 37 23 15.

197 197 35 20 mä
250 197 89 27 fordras,
354 197 64 21 hafva
432 197 117 21 Ständerna
564 197 111 21 äterinfört
689 196 60 22 ordet
766 196 138 21 »vadebevis»
921 195 28 28 pä

197 231 47 21 dess
259 231 90 28 tidigare
363 231 62 28 plats.

266 265 139 21 Beträffande
420 265 69 27 öfriga
504 265 147 27 förändringar
662 264 66 21 under
739 264 61 21 titeln
814 264 89 20 »Bevis»
917 270 32 14 re-

198 298 89 29 dogöres
302 298 66 22 under
382 298 143 22 hufvudordet
541 298 156 21 Resolution».

265 333 121 25 Fullmakt,
401 333 148 27 förordnande
565 340 28 13 m.
610 339 29 13 m.
656 332 14 20 å
686 332 81 27 verklig
782 332 71 26 tjenst.

265 366 35 22 Då
321 366 159 28 tillämpningen
501 366 23 21 af
541 366 38 21 här
593 365 102 29 ingående
711 365 133 21 föreskrifter
858 364 45 22 ledt
917 365 33 21 till

197 401 111 28 obillighet
324 401 8 20 i
347 400 99 22 afseende
468 401 12 21 å
502 400 186 29 stämpelafgifters
713 400 124 27 debitering,
852 400 7 20 i
874 402 24 26 ty
918 402 32 18 att

197 435 62 21 äfven
280 434 101 29 förnyadt
402 434 141 22 förordnande
562 434 32 22 till
615 435 70 27 tjenst,
703 434 85 22 hvilken
803 433 146 29 författnings-

197 470 65 27 enligt
278 469 93 21 besättes
389 469 35 21 för
440 470 56 20 vissa
512 469 23 21 år
549 470 8 20 i
572 468 80 27 sender,
666 468 73 22 ibland
754 468 69 28 dragit
837 468 90 28 stämpel
941 468 8 20 i

197 503 93 29 enlighet
312 503 49 21 med
382 503 162 21 föreskrifterna
565 502 66 22 under
653 503 135 27 afdelningen
809 502 27 26 A,
856 502 39 22 har
919 505 31 18 ett

196 537 156 29 förtydligande
375 541 35 25 egt
427 545 51 17 rum,
492 537 28 29 på
535 537 37 21 det
587 536 50 22 slikt
652 536 146 26 förordnande,
813 536 27 21 då
855 536 37 21 det
906 536 43 20 för-

196 574 33 18 sta
243 571 81 28 gången
338 571 101 27 utfärdas,
454 571 34 21 må
503 571 65 28 draga
583 571 88 28 stämpel
686 572 7 20 i
708 570 68 22 likhet
790 570 48 22 med
850 570 99 21 fullmak-

196 608 33 18 ter
243 605 13 21 å
270 606 64 27 tjenst
355 605 28 29 på
404 605 74 27 lifstid,
495 612 48 14 men
561 605 100 25 däremot,
675 605 28 21 då
717 605 38 21 det
769 604 91 29 förnyas,
876 604 74 21 endast

196 640 41 20 den
258 640 84 27 vanliga
356 640 34 20 för
405 640 103 28 utgående
524 639 144 29 expeditioner
682 639 96 28 gällande
795 638 154 29 stämpelafgif-

195 677 41 18 ten.
265 673 115 22 Dessutom
401 674 64 21 hafva
486 674 34 20 för
539 675 66 19 större
623 674 114 28 tydlighets
753 673 53 21 skull
822 673 65 21 orden
904 672 44 21 »så-

196 716 43 13 som
262 708 93 21 vikarie»
376 708 107 28 inskjutits
498 709 8 19 i
520 708 67 21 första
606 710 113 18 momentet
734 707 66 21 under
814 707 134 28 afdelningen

195 742 25 27 B,
241 745 54 18 samt
315 745 77 18 tvenne
411 745 98 23 moment,
528 742 73 22 hvilka
615 743 8 20 i
637 742 155 28 propositionen
813 742 49 28 ingå
882 741 67 21 under

195 776 26 26 B,
236 776 143 29 öfverflyttats
394 776 31 21 till
442 777 64 21 slutet
520 777 23 21 af
558 778 26 25 A,
599 776 90 22 hvarhos
705 776 97 29 slutligen
813 776 65 28 några
888 776 61 21 häraf

196 810 111 28 påkallade
322 810 152 21 redaktionella
488 810 112 29 ändringar
614 810 135 28 genomförts.

263 844 118 22 Ständerna
402 844 65 21 hafva
488 852 25 13 ur
532 845 67 21 första
611 848 114 17 momentet
739 845 23 21 af
772 845 133 27 afdelningen
922 844 25 21 B.

194 878 158 22 Förordnande
371 878 127 22 bortlemnat
512 879 151 27 hänvisningen
678 878 32 21 till
726 879 94 28 punkten
841 886 18 19 c,
874 878 28 28 på
912 878 36 21 det

194 915 32 18 att
247 912 141 22 förordnande
406 915 32 18 att
459 912 105 22 vikariera
581 920 44 14 som
647 912 159 22 folkskollärare
825 913 51 21 eller
894 912 54 21 lära-

195 948 59 20 rinna
277 947 34 21 må
337 954 50 13 vara
412 947 144 28 stämpelfritt,
582 946 91 22 särdeles
697 946 28 22 dä
743 946 205 22 folkskoledirektio-

195 988 69 19 nerna,
281 981 23 21 af
322 981 73 21 hvilka
410 980 52 21 slika
477 981 155 21 förordnanden
644 980 101 28 utfärdas,
754 981 47 21 icke
814 981 69 21 finnas
895 988 53 22 upp-

195 1018 63 26 tagna
284 1015 65 21 bland
375 1015 152 29 myndigheter,
549 1015 82 21 hvilkas
654 1016 145 28 expeditioner
826 1015 91 21 skrifvas
936 1016 12 20 å

196 1050 176 28 stämpelpapper.

263 1084 119 26 Fullmakt,
403 1084 198 27 protokollsutdrag
619 1091 30 13 m.
673 1092 28 13 m.
718 1084 14 21 &
748 1091 69 14 namn
833 1084 52 20 eller
899 1086 49 19 vär-

194 1118 74 26 dighet
282 1119 57 19 utan
350 1118 90 20 därmed
449 1118 93 27 förenad
553 1118 70 27 tjenst.
648 1117 43 21 För
705 1118 135 21 undvikande
853 1117 22 21 af
885 1118 62 21 bräk-

194 1151 30 21 tal
236 1151 38 21 vid
284 1150 143 28 beräkningen
438 1151 22 21 af
470 1151 73 28 fattig-
553 1151 39 21 och
602 1151 200 28 arbetshusafgiften
809 1155 34 21 (en
850 1152 97 28 sjettedel

194 1185 23 21 af
241 1184 189 29 stämpelafgiften)
447 1186 39 20 har
500 1185 181 28 stämpelafgiften
696 1186 33 20 för
743 1185 99 21 fullmakt
857 1186 12 20 &
884 1186 63 21 hono-

194 1221 43 19 rär-
258 1218 40 22 och
321 1219 222 28 fältprostevärdighet
565 1219 102 21 bestämts
689 1220 33 20 till
745 1220 41 20 180
804 1220 7 20 i
829 1220 71 21 stället
914 1220 34 20 för

195 1254 39 19 175
250 1252 66 20 mark.

263 1286 157 26 Förpassning.
458 1286 75 21 Under
557 1285 68 21 denna
645 1286 72 20 rubrik
738 1286 75 21 saknas
838 1286 110 21 föreskrift

194 1326 34 14 om
251 1319 91 28 stämpel
364 1319 35 21 för
419 1319 133 29 förpassning
570 1319 12 21 &
600 1320 65 22 andra
680 1327 61 14 varor
756 1322 25 18 än
797 1320 150 29 spritdrycker,

194 1354 39 21 och
251 1354 39 20 har
304 1353 72 22 därför
392 1353 114 29 stadgande
521 1354 86 28 tillagts,
619 1357 32 18 att
666 1354 65 22 sådan
746 1354 132 29 förpassning
893 1355 54 21 skall

194 1388 64 28 draga
273 1389 88 28 stämpel
376 1389 33 21 till
424 1388 77 29 belopp
516 1388 23 22 af
554 1390 26 20 50
595 1390 69 27 penni.
