1045 1709
185 105 13 20 4
404 106 28 22 U.
447 105 27 23 B.
492 118 25 3 —
532 106 73 28 Prop.
621 105 43 23 N:o
679 106 36 22 18.

638 174 46 28 18.

458 218 36 28 Ny
512 219 136 28 uppfinning,
663 225 45 15 som
723 218 43 22 kan
781 219 155 28 tillgodogöras

390 252 9 21 i
413 252 254 28 näringsverksamheten,
680 254 36 20 mä
724 253 42 28 för
775 254 43 20 viss
829 254 35 21 tid
872 253 64 29 skyd-

391 287 40 21 das
446 294 75 20 genom
537 290 82 26 patent,
634 287 79 22 hvilket
727 288 108 21 meddelas
851 288 85 28 uppfin-

390 328 68 14 naren
473 322 51 21 eller
538 322 56 22 hans
608 322 205 28 rättsinnehafvare.

458 356 118 28 Angående
595 356 96 22 vilkoren
709 357 37 21 och
762 357 121 28 ordningen
894 358 43 26 för

391 390 125 22 erhällande
536 392 31 27 af
580 393 77 25 patent
676 391 38 21 och
724 391 43 28 för
778 394 159 26 patenträttens

390 425 195 27 upprätthällande
608 428 56 19 samt
685 432 34 16 om
738 426 200 29 patentmyndighet

391 461 26 19 är
431 460 105 21 särskildt
550 460 109 28 stadgadi.

459 494 17 21 I
491 494 100 22 Finland
611 495 123 22 meddeladt
752 498 77 26 patent
850 496 88 27 medför

392 530 40 20 den
454 529 86 26 verkan,
558 532 38 24 att,
617 530 71 22 sävidt
703 531 21 27 ej
739 531 7 19 i
760 532 21 25 2,
797 532 14 19 3
826 530 38 21 och
879 532 14 19 4
907 530 31 28 $$

391 564 139 21 annorlunda
552 564 95 28 stadgas,
669 564 46 21 icke
733 565 71 27 nägon
822 572 47 20 eger
884 566 53 19 utan

389 598 193 28 patenthajvarens
603 598 37 27 10f
653 599 58 21 inom
727 599 72 21 landet
814 599 122 28 yrkesmäs-

391 634 43 27 sigt
448 634 100 20 tillverka
559 634 98 28 föremäl
669 634 51 20 eller
732 634 101 21 använda
843 634 95 21 tillverk-

391 668 115 27 ningssätt,
521 668 67 21 hvarä
600 670 77 25 patent
690 668 41 21 här
746 668 100 27 ätnjutes,
862 668 22 25 ej
895 668 43 21 hel-

392 703 31 20 ler
441 702 40 21 här
498 702 141 28 patenterade
653 702 52 21 eller
719 702 55 28 efter
788 703 41 21 här
841 705 97 25 patente-

392 737 51 21 radt
464 737 192 27 tillverkningssätt
679 737 142 21 ästadkomna
842 738 96 27 föremäl

393 772 35 20 till
442 772 48 20 salu
505 771 68 26 hålla,
588 772 8 19 i
610 771 37 21 sitt
662 771 50 28 yrke
725 772 101 20 använda
838 772 52 20 eller
896 771 42 29 för

389 806 140 27 försäljning
554 807 51 20 eller
627 808 68 19 annat
716 805 167 29 yrkesändamä!
905 807 34 21 till

393 840 73 21 landet
481 840 81 28 införa.

465 875 139 29 Uppfinning,
619 875 69 21 hvarä
700 878 76 26 patent
787 876 66 25 sökes,
866 876 74 27 ätnju-

395 914 32 18 ter
449 911 33 21 det
508 912 4 20 i
534 912 14 20 3
570 917 60 14 mom.
653 910 103 28 stadgade
778 910 69 28 skydd
858 911 82 27 jemväl

394 945 69 22 under
478 944 197 28 ansökningstiden.

257 1001 56 22 Med
333 1001 92 28 hänsyn
447 1000 37 22 till
506 1000 39 21 det
568 1000 23 21 af
607 999 122 22 Utskottet
745 1000 132 28 föreslagna
893 999 47 23 till-

190 1036 80 29 lägget
287 1036 37 21 till
341 1034 273 30 författningsförslagets
635 1035 11 20 1
667 1035 12 26 &
698 1033 43 23 och
753 1034 9 22 i
772 1034 104 29 enlighet
887 1034 53 22 med

190 1070 62 22 hvad
264 1070 10 21 i
286 1070 83 22 sädant
382 1069 106 23 afseende
500 1069 42 21 hos
554 1068 171 29 Ridderskapet
738 1068 43 22 och
793 1068 76 22 Adeln
882 1070 59 20 samt

190 1104 197 29 Borgareständet
416 1104 118 28 päyrkats,
560 1102 66 22 torde
652 1103 178 28 förordningens
860 1103 80 22 rubrik

191 1139 57 21 böra
266 1138 165 29 erforderligen
449 1138 160 29 omredigeras,
629 1137 44 22 och
689 1137 36 23 fär
742 1138 122 22 Utskottet
879 1138 63 29 förty

190 1173 132 23 hemställa:

464 1218 32 19 att
518 1215 69 28 sagda
609 1214 76 22 rubrik
705 1216 65 20 måtte
791 1215 83 21 erhålla
899 1215 42 25 föl-

391 1251 70 26 jande
476 1250 91 27 lydelse:

463 1283 140 27 Förordning
625 1283 112 27 angående
752 1285 120 25 patenträtt
887 1284 55 20 samt

396 1324 34 15 om
445 1318 112 27 rättegång
572 1318 9 20 i
595 1317 45 21 mål
654 1317 93 21 rörande
760 1319 82 26 patent.

260 1378 64 22 Enär
350 1378 39 22 det
415 1378 35 21 uti
472 1377 175 30 propositionen
665 1377 37 22 till
721 1376 130 23 Ständerna
869 1378 74 22 öfver-

191 1413 106 23 lemnade
314 1412 264 30 författningsförslaget
595 1412 99 23 sålunda
705 1412 126 30 undergått
843 1412 101 30 ändring

260 1451 49 23 Lag-
322 1450 33 18 och
367 1450 181 19 Ekonomiutskottets
560 1450 109 19 betänkande
680 1450 38 18 N:o
729 1450 19 18 3.
