1056 1706
341 110 29 23 U.
385 110 28 22 B.
428 123 28 3 —
471 111 72 29 Prop.
559 112 41 22 N:o
615 112 35 22 17.
827 113 25 20 1

170 178 244 28 Bevillningsutskottets
436 180 84 27 uppgift
541 181 23 20 är
584 180 46 21 icke
653 181 31 20 att
701 188 24 13 ur
743 188 70 14 annan
827 182 28 19 än

104 211 157 29 skattepolitisk
278 213 108 27 synpunkt
401 213 113 22 skärskåda
527 214 135 21 förevarande
676 214 66 28 fråga,
757 222 50 14 men
821 216 33 20 ut-

103 247 81 20 skottet
208 248 67 20 måste
298 254 46 14 som
366 247 32 21 sin
420 247 56 27 åsigt
497 248 72 27 uttala,
592 242 60 27 att
642 238 16 41 i
674 248 138 22 betraktande
834 248 22 21 af

102 280 227 22 skatteförhållandena
350 281 7 21 i
372 281 71 21 landet
458 282 40 21 och
513 282 63 21 ofvan
591 283 55 20 samt
660 282 88 28 tidigare
764 282 91 28 antydda

102 314 45 21 skäl
170 315 31 19 ett
216 315 105 21 eventuelt
335 315 135 21 finansbehof
483 316 69 21 kunde
568 316 119 27 lämpligast
701 316 61 28 fyllas
776 323 79 21 genom

104 348 107 21 anlitande
234 349 22 21 af
277 350 41 20 den
333 349 7 21 i
355 349 158 27 propositionen
534 350 119 27 föreslagna
673 351 111 20 maltskatt
807 350 48 21 med

102 382 42 21 den
166 382 81 28 ökning
264 383 41 21 den
327 383 129 27 progressiva
478 384 82 21 skalans
575 383 109 22 införande
699 384 89 21 medför.
806 383 49 22 :Så-

104 423 48 15 som
174 416 64 22 redan
260 417 7 21 i
288 417 160 27 propositionen
470 418 93 28 angifves
586 417 65 21 skulle
672 418 183 28 progressionen
843 412 16 39 i

102 451 58 21 skatt
174 451 63 21 verka
252 458 26 14 en
293 451 123 28 förhöjning
431 452 22 20 af
466 452 54 21 circa
535 454 77 25 55,000
627 452 60 21 mark
699 452 85 28 årligen,
795 452 60 21 hvar-

102 484 34 22 för
158 486 143 27 maltskatten,
324 486 26 20 då
370 488 90 25 625,000
476 486 70 21 marks
560 486 156 22 nettoinkomst
730 494 37 20 per
782 487 23 20 år
819 493 36 14 an-

103 519 65 28 tagits
184 527 46 14 som
248 520 156 28 grundsumma,
420 520 71 21 kunde
506 520 79 28 årligen
600 522 102 26 upptagas
717 521 32 21 till
764 522 91 25 680,000

103 554 67 21 mark.
192 554 35 21 Då
242 554 34 21 för
290 554 169 28 finansperioden
475 557 139 19 1898—1900
630 555 7 21 i
651 555 160 27 propositionen
820 562 35 14 n:o

103 592 27 18 31
154 589 70 21 äskats
244 589 22 21 af
279 588 141 29 bevillningen
434 589 34 21 för
482 589 99 27 spelkort,
598 589 203 27 stämpelbevillning
816 589 40 21 och

102 624 112 21 maltskatt
236 623 154 28 sammanlagdt
411 623 55 21 Fmk
484 625 118 25 6,435,000,
616 631 50 13 men
681 630 81 14 samma
776 623 80 21 skatter

102 658 67 27 enligt
190 658 116 20 utskottets
328 656 79 29 förslag
428 658 86 20 komme
537 658 31 20 att
590 657 97 28 inbringa
702 657 154 28 sammanlagdt

102 692 56 21 Fmk
181 693 119 25 6,411,000,
324 691 65 22 skulle
412 692 87 20 sålunda
521 699 26 13 en
571 692 52 20 brist
646 699 35 13 om
704 692 55 20 Fmk
779 692 76 26 24,000

103 727 79 21 återstå
204 726 32 20 att
256 726 58 27 fylla,
330 733 49 14 men
394 726 60 21 torde
470 726 41 20 den
526 725 84 28 slutliga
624 726 147 27 utjemningen
785 726 72 21 kunna

103 760 64 22 blifva
189 760 104 21 beroende
316 760 32 21 till
370 760 46 21 dess
438 760 136 21 statsverkets
596 760 92 28 verkliga
709 759 67 22 behof
788 760 69 21 blifvit

102 794 153 22 konstateradt.

173 829 49 21 Den
244 828 76 29 nådiga
341 829 160 27 propositionen
522 831 28 25 är,
573 828 94 22 frånsedt
686 829 31 21 ett
731 836 38 21 par
782 828 74 22 redak-

102 864 87 21 tionella
206 863 146 28 förändringar
365 863 7 21 i
387 863 13 29 &
416 866 25 18 12
453 863 41 21 och
505 866 32 25 13,
553 863 130 28 likalydande
698 864 50 20 med
762 863 94 28 gällande

102 898 131 27 förordning,
248 898 61 21 utom
325 899 32 20 att
372 905 72 14 senare
458 899 119 20 momentet
591 897 8 21 i
614 900 11 18 1
642 897 12 29 &
669 897 124 22 tillkommit
808 897 49 21 med

104 932 114 27 anledning
239 932 22 21 af
282 932 41 21 den
344 932 131 28 progressiva
496 933 95 20 skattens
608 932 119 27 föreslagna
740 932 116 21 införande.

105 966 113 22 Utskottet
240 966 38 21 har
295 966 71 21 härvid
381 966 74 21 endast
471 968 31 20 att
516 967 8 20 i
539 966 59 21 detta
612 968 97 19 moment
723 973 79 21 genom
816 965 41 21 till-

104 1000 103 28 läggande
223 1000 21 21 af
258 1001 60 20 ordet
334 1000 83 22 tuhatta
432 1001 55 21 rätta
502 1002 31 20 ett
548 1000 7 21 i
570 1000 41 21 den
620 1000 69 21 finska
698 999 159 29 propositionen

103 1034 175 22 förekommande
293 1036 80 19 svårare
388 1034 96 27 tryckfel.

172 1067 30 21 På
219 1069 68 26 grund
302 1068 23 21 af
338 1068 54 21 hvad
407 1068 63 22 ofvan
486 1069 79 21 anförts
580 1067 32 22 får
623 1067 235 28 Bevillningsutskottet

105 1102 106 21 vördsamt
225 1102 85 21 föreslå:

310 1167 33 20 att
364 1166 84 21 landets
471 1165 123 28 Höglofliga
616 1165 99 27 Ständer,
730 1164 71 22 under
814 1163 43 28 för-

241 1199 127 28 utsättning
383 1201 31 20 att
429 1199 170 28 ifrågavarande
614 1199 116 27 bevillning
742 1198 70 27 finnes
821 1199 38 20 nö-

243 1234 37 27 dig
302 1234 32 21 till
355 1233 97 28 fyllande
474 1234 27 27 af
519 1233 83 22 landets
618 1233 66 27 behof,
700 1233 63 21 mätte
778 1234 80 26 antaga

242 1275 27 14 en
284 1268 24 21 så
324 1267 92 28 lydande

175 1408 207 23 Bevillningsutskottets
394 1408 111 19 betänkande
516 1407 34 18 N:o
562 1408 17 17 3.
