1039 1709
302 102 75 24 Ständ.
393 104 35 22 Sv.
443 117 28 2 —
486 104 65 29 Prop.
565 104 38 22 N:o
620 103 33 24 19.
826 106 28 21 33

450 170 28 22 60
493 171 20 26 8.

168 220 98 22 Pröfvar
280 220 106 28 domstol,
402 220 42 22 hos
459 220 95 22 hvilken
572 220 191 29 förmynderskap
778 224 24 18 är
817 220 35 22 in-

100 254 105 26 skrifvet,
220 253 134 23 vårdnaden
369 254 107 22 däröfver
491 255 78 21 kunna
583 254 136 28 lämpligare
741 254 111 22 handhaf-

100 295 40 15 vas
155 288 27 22 af
193 295 77 15 annan
284 290 54 25 rätt,
353 288 63 28 förty
431 290 34 20 att
479 288 45 30 der.
539 288 125 28 omyndige
674 288 42 22 bor
726 288 63 22 inom
800 288 51 22 dess

101 322 116 22 domkrets
232 322 56 22 eller
303 322 40 22 där
357 322 97 22 innehar
468 322 113 28 fastighet
588 322 57 22 eller
652 322 93 22 utöfvar
760 322 91 28 rörelse,

99 356 27 22 af
144 356 97 22 hvilken
262 356 47 22 han
330 356 44 22 har
395 357 37 21 sin
453 356 215 29 hufvudsakligaste
683 357 109 27 inkomst,
809 364 43 22 ege

100 391 129 22 domstolen
243 391 97 28 besluta,
355 392 35 20 att
404 391 217 28 förmynderskapet
635 391 132 22 skall
701 387 13 37 å
727 391 40 22 den
782 392 71 21 andre

99 428 76 20 rätten
198 426 153 28 öfverflyttas,
374 425 43 22 och
438 424 178 30 tillkännagifve
632 425 39 22 det
685 425 167 29 ofördröjligen

100 460 74 22 denne
188 463 53 25 rätt,
258 467 48 15 som
321 460 43 22 bör
378 466 38 15 om
431 460 100 22 beslutet
537 459 137 23 underrätta
681 460 170 22 vederbörande

98 494 236 29 förmyndarenämnd
348 494 9 21 i
372 494 153 22 domkretsen.
540 494 68 22 Efter
617 494 120 22 enahanda
751 494 101 29 grunder

99 530 38 22 mä
151 529 82 29 tillsyn
248 529 65 22 öfver
330 528 193 29 förmynderskap
543 528 146 29 öfverflyttas
704 528 52 22 frän
771 536 29 14 en
814 529 39 21 till

99 572 76 14 annan
189 564 236 28 förmyndarenämnd
439 563 63 22 inom
517 570 86 15 samma
617 565 58 20 rätts
691 563 123 22 domkrets.

167 598 75 22 Innan
257 597 72 23 sådan
343 597 178 29 öfverflyttning
543 597 106 28 beslutes,
673 598 61 22 skall
748 598 104 28 förmyn-

99 633 76 27 daren,
198 633 25 21 sä
245 632 43 22 ock
309 632 241 28 förmyndarenämnd,
570 639 49 15 som
633 631 42 23 har
689 632 82 29 tillsyn
787 632 65 22 öfver

99 667 223 29 förmynderskapet,
338 666 9 22 i
361 666 71 22 saken
447 666 74 22 höras.

446 766 25 21 61
489 766 20 26 8.

167 816 12 21 I
194 816 84 21 ärende
293 816 97 21 rörande
404 816 104 22 vårdnad
517 816 66 21 öfver
593 815 193 29 förmynderskap
794 815 56 22 höre

99 850 264 29 förmyndarenämnden
378 850 58 22 eller
450 852 75 20 rätten
536 850 45 22 den
589 849 136 30 omyndiges
735 851 115 21 närmaste

98 886 98 26 fränder,
220 885 40 21 där
275 884 39 22 det
327 884 93 29 pröfvas
434 885 83 29 nödigt
531 884 43 22 och
589 884 47 22 kan
651 884 41 22 ske
706 886 57 20 utan
778 886 73 20 större

98 919 147 22 tidsutdräkt.
265 919 133 22 Fränderne
413 926 43 22 ege
470 920 43 20 ock
527 921 47 19 rätt
589 920 34 20 att
637 919 42 21 hos
693 918 157 29 förmyndare-

99 954 115 22 nämnden
228 956 55 26 taga
297 954 38 21 del
350 954 25 22 af
390 954 158 28 förmyndares
565 954 100 28 räkning
683 955 59 20 samt
759 955 35 20 att
808 953 42 22 hos

98 988 116 22 nämnden
236 988 56 22 eller
313 990 76 20 rätten
404 992 58 25 göra
475 988 71 22 sådan
561 988 178 28 framställning,
756 988 94 21 hvartill

98 1022 174 28 förvaltningen
294 1022 24 22 af
338 1022 213 29 förmynderskapet
573 1022 46 22 kan
637 1022 125 22 föranleda.
792 1022 58 21 Ena-

99 1057 75 21 handa
188 1058 47 20 rätt
250 1057 68 22 hafve
334 1057 44 21 den
394 1056 124 29 omyndige
535 1056 60 29 själf,
613 1056 41 22 där
667 1056 47 22 han
728 1056 72 28 nödig
814 1056 36 22 in-

99 1090 48 22 sikt
162 1098 60 21 eger.

430 1188 16 22 6
460 1188 64 30 kap.

258 1250 37 23 Om
311 1250 134 24 afträdande
460 1250 27 23 af
499 1249 192 29 förmynderskap.

447 1320 27 21 62
489 1320 20 26 8.

167 1369 96 29 Upphör
277 1369 190 29 förmynderskap
483 1370 63 28 förty
561 1371 34 19 att
605 1368 152 29 myndlingen
768 1368 82 22 varder

99 1402 97 31 myndig
210 1403 56 23 eller
280 1404 47 28 dör,
344 1403 55 23 eller
414 1402 107 30 öfvergär
539 1402 160 30 förmyndares
716 1402 133 29 befattning

771 1443 9 18 3
