1042 1706
197 119 28 21 34
397 118 75 22 Ständ.
489 118 34 22 Sv.
538 131 29 3 —
581 119 64 28 Prop.
661 118 37 23 N:o
715 118 34 23 19.

197 183 13 21 å
232 190 82 20 annan,
337 186 55 24 göre
414 182 163 29 förmyndaren
600 183 61 27 eller,
681 184 40 20 där
735 184 46 20 han
797 187 24 17 är
836 183 51 27 död,
903 183 47 21 del-

199 224 97 20 egarene
311 216 9 22 i
334 217 58 21 hans
407 216 29 22 bo
452 219 81 25 genast
547 217 55 21 redo
618 217 43 21 och
676 217 64 28 gifve
759 217 142 28 egendomen
915 219 34 19 ut.

198 250 65 22 Dock
278 250 83 29 åligge,
378 251 40 21 där
432 250 175 29 förmyndarens
622 251 29 21 bo
667 251 100 21 afträdes
777 251 38 21 till
827 251 57 21 hans
899 252 51 20 bor-

199 288 101 25 genärer,
316 285 327 29 redovisningsskyldigheten
659 285 50 28 den,
725 292 50 15 som
789 286 54 21 boet
856 285 94 22 omhän-

196 318 113 30 dertager.

265 353 43 21 Om
330 353 161 29 förmyndares
514 354 46 21 död
581 354 65 21 skola
668 354 135 28 delegarene
818 354 9 21 i
841 354 57 22 hans
920 354 29 22 bo

196 390 82 26 genast
300 388 134 21 underrätta
456 388 274 28 förmyndarenämnden;
754 388 70 22 vårde
847 388 43 22 ock
905 389 44 21 den

196 422 138 28 omyndiges
350 422 119 28 egendom,
485 423 25 20 så
524 422 69 29 länge
609 422 44 21 den
667 422 9 21 i
691 422 65 21 deras
771 422 64 29 värjo
851 426 30 18 är.

543 526 28 21 63
587 526 19 26 $.

263 581 48 22 Vill
326 581 20 29 ej
364 581 50 28 den,
431 589 48 14 som
494 582 47 28 bör,
558 582 88 29 afgifva
653 582 158 29 redovisning,
821 583 70 22 varde
899 583 50 22 där-

194 615 38 22 till
247 615 40 22 vid
301 616 48 21 vite
364 616 56 22 eller
436 624 75 14 annan
526 617 96 28 lämplig
637 617 89 28 påföljd
740 617 131 29 förpliktad.

543 722 27 20 64
585 722 19 25 $.

261 776 116 21 Klandras
394 776 20 29 ej
430 776 158 29 redovisning,
605 784 48 15 som
669 777 8 21 i
688 778 27 21 62
727 779 12 26 $
751 781 22 18 är
781 778 91 27 nämnd,
884 777 63 22 inom

193 811 51 20 natt
266 809 43 22 och
331 811 25 20 år
378 810 71 22 sedan
472 811 44 22 den
537 811 146 28 aflemnades,
706 819 54 14 vare
782 812 165 28 förmyndaren

194 844 56 21 eller
264 845 57 20 hans
337 845 210 22 rättsinnehafvare
562 846 52 21 från
629 846 78 21 vidare
722 853 83 14 ansvar
815 846 43 21 och
866 846 81 21 räken-

193 878 56 29 skap
264 879 38 21 fri.

523 983 15 22 7
554 982 63 28 kap.

401 1043 36 23 Om
454 1045 54 27 gode
524 1046 49 22 män
589 1045 5 22 i
610 1044 62 23 vissa
688 1044 47 23 fall.

539 1125 28 21 65
583 1125 19 26 S.

259 1180 164 22 Förekommer
438 1181 176 28 angelägenhet,
625 1180 7 22 i
639 1180 95 22 hvilken
749 1181 45 21 den
809 1182 136 28 omyndiges

190 1214 74 22 fördel
286 1218 25 18 är
333 1214 56 22 eller
409 1214 46 22 kan
477 1215 92 22 komma
584 1215 8 21 i
608 1215 58 22 strid
687 1215 53 22 med
761 1216 183 28 förmyndarens,

192 1248 56 21 eller
263 1252 25 17 är
302 1248 148 28 förmyndare
466 1250 25 20 af
504 1250 107 28 sjukdom
623 1250 56 20 eller
687 1257 76 14 annan
771 1250 68 21 orsak
847 1250 98 22 hindrad

191 1284 34 19 att
238 1282 116 22 företräda
369 1283 45 21 den
429 1283 132 28 omyndige,
578 1284 29 20 dä
621 1284 58 20 skall
694 1284 47 28 god
755 1291 54 14 man
824 1284 121 22 förordnas

191 1318 33 20 att
239 1316 8 22 i
262 1316 82 22 sädant
359 1316 46 22 mä]
420 1316 70 22 hafva
504 1317 58 22 värd
577 1324 38 15 om
630 1317 45 22 den
690 1318 136 29 omyndiges
841 1320 53 20 rätt.

258 1350 52 30 Lag
324 1358 87 15 samma
425 1359 60 21 vare,
502 1352 41 22 där
554 1352 113 29 egendom
675 1352 90 30 tillagts
773 1354 111 28 omyndig
891 1353 54 23 med

190 1385 120 23 föreskrift
324 1388 34 20 att
374 1386 44 22 den
434 1386 60 22 skall
509 1386 25 23 af
547 1394 76 15 annan
633 1390 30 19 än
670 1387 57 23 hans
742 1388 148 29 förmyndare
899 1389 45 22 för-

189 1420 79 22 valtas.
