1056 1709
209 117 26 21 12

422 115 29 23 U.
466 116 28 21 B.
510 128 27 2 —
551 114 73 28 Prop.
640 114 41 22 N:o
697 114 35 22 17.

481 205 152 26 Förordning
656 210 38 16 om
714 204 130 26 bevillning
859 203 40 23 för
913 202 50 22 till-

414 239 118 27 verkning
546 239 28 21 af
586 238 170 26 maltdrycker.

634 306 46 28 18.

415 351 123 21 Tillverkare
555 351 22 21 af
591 351 26 27 öl,
628 352 72 26 porter
708 350 49 21 eller
765 358 69 14 annan
842 350 118 28 maltdryck

345 386 52 21 skall
418 385 8 22 i
447 386 115 28 bevillning
582 386 82 27 erlägga
679 393 26 13 en
720 384 60 22 mark
794 384 34 22 för
842 384 71 28 hvarje
928 384 31 22 tio

345 420 103 28 kilogram
466 420 57 28 malt,
540 428 46 14 som
601 420 32 20 till
648 420 116 21 beredande
780 420 22 20 af
816 419 64 22 sådan
896 419 66 28 dryck

347 455 110 20 användes.

413 488 87 28 Uppgår
514 488 167 28 förbrukningen
692 488 23 21 af
721 488 52 20 malt
780 488 35 21 vid
823 489 31 20 ett
864 487 98 29 bryggeri

344 524 66 20 under
426 524 44 20 året
485 523 32 21 till
532 531 45 13 mer
592 524 27 19 än
633 522 138 22 femtiotusen
786 522 111 28 kilogram,
909 530 52 20 upp-

345 558 60 29 bäres
420 559 31 19 ett
466 557 91 21 tillskott
572 557 22 21 af
607 557 31 21 tio
654 557 63 27 penni
732 556 33 22 för
780 557 69 27 hvarje
864 556 31 22 tio
906 556 53 22 kilo-

345 599 60 20 gram
416 592 57 26 malt,
489 599 47 13 som
551 592 83 21 utöfver
648 592 64 27 sagda
726 591 77 27 belopp
819 592 41 20 och
874 591 33 24 till
922 591 41 21 och

345 626 49 21 med
416 626 252 21 etthundrafemtiotusen
689 626 103 27 kilogram
814 626 34 20 vid
863 625 98 27 bryggeri

346 660 104 22 användes
465 660 33 21 för
512 660 135 27 tillverkning
662 660 22 20 af
697 660 92 21 nämnda
799 660 93 27 drycker,
903 660 56 20 samt

345 694 105 28 tjugufem
465 690 63 36 penni
541 694 37 22 för
592 694 70 28 hvarje
677 694 31 21 tio
723 694 103 28 kilogram
841 695 59 26 malt,
916 701 47 14 som

345 729 66 21 under
429 730 45 20 året
487 728 111 22 förbrukas
613 728 83 22 utöfver
710 728 252 22 etthundrafemtiotusen

346 762 109 29 kilogram.

633 826 47 28 28.

414 872 44 20 Har
473 872 6 20 i
494 872 103 28 bryggeri,
614 872 36 21 der
664 872 118 28 maltdryck
797 872 111 28 tillverkas,
924 880 38 14 un-

347 906 36 21 der
405 907 30 19 ett
453 907 23 19 år
493 906 47 21 icke
554 906 121 21 förbrukats
690 908 22 19 så
727 908 45 20 stor
786 906 105 22 kvantitet
905 906 58 27 malt,

346 942 31 19 att
398 940 216 28 bevillningsafgiften
635 942 27 26 pä
684 941 67 27 grund
774 941 22 21 af
818 942 10 20 1
852 941 12 28 &
879 942 81 26 uppgår

345 974 33 21 till
399 974 126 22 ättahundra
540 975 65 27 mark,
622 975 51 21 skall
688 974 62 22 likväl
766 976 58 20 detta
838 975 77 28 belopp
932 982 30 14 er-

345 1009 78 27 läggas.
453 1009 102 28 Lindring
576 1009 7 21 i
605 1010 59 20 detta
678 1009 120 22 hänseende
813 1010 42 21 kan
870 1010 55 20 dock
940 1009 23 22 af

347 1044 153 21 vederbörande
527 1044 129 27 Expedition
678 1044 7 21 i
708 1044 102 22 Senatens
832 1044 129 22 Ekonomie-

345 1078 146 28 departement
513 1078 91 28 beviljas,
627 1078 7 21 i
649 1078 99 22 händelse
763 1078 117 22 tillverkare
895 1079 67 21 under

346 1114 45 19 äret
411 1112 92 28 upphört
525 1112 49 22 med
596 1113 32 20 sin
643 1113 76 21 rörelse
735 1113 49 20 eller
798 1112 98 28 bryggeri
912 1113 49 27 eljes

345 1146 33 20 till
402 1146 53 28 följd
477 1146 22 20 af
519 1146 73 22 vädeld
615 1146 49 22 eller
686 1154 70 14 annan
778 1146 179 28 olyckshändelse,

345 1180 71 28 längre
431 1180 32 21 tid
478 1180 22 21 af
513 1182 46 20 äret
573 1180 53 21 varit
641 1180 7 20 i
663 1180 153 21 overksamhet.

413 1304 99 28 Fritagen
526 1304 48 22 frän
588 1304 115 29 bevillning
713 1312 47 14 vare
770 1304 118 30 hembrygd
899 1304 61 22 malt-

345 1339 71 28 dryck,
440 1339 66 21 ehvad
528 1340 123 21 densamma
672 1340 23 20 är
716 1340 32 21 till
762 1339 126 29 försäljning
903 1340 58 21 med-

346 1373 70 28 gifven
432 1374 49 21 eller
495 1374 53 22 icke.

276 1414 206 23 Bevillningsutskottets
494 1414 111 19 betänkande
616 1414 34 20 N:o
664 1415 16 17 3.
