1042 1711
324 113 29 24 U.
369 114 26 23 B.
413 127 28 3 —
456 115 73 27 Prop.
545 113 45 24 N:o
606 114 40 23 20.
819 115 11 20 7

104 183 36 21 för
155 183 27 21 de
197 187 86 18 senaste
298 184 57 25 ären,
371 183 38 22 har
425 184 114 21 Utskottet
555 183 17 27 ej
589 187 71 18 ansett
675 185 33 26 sig
723 183 71 22 kunna
809 183 52 21 ned-

106 218 60 21 sätta
181 217 126 21 detsamma.

176 252 79 20 Posten
271 252 82 21 diverse
368 253 84 24 (extra)
469 253 79 26 anslag
559 252 37 20 har
610 253 56 20 visat
682 256 31 17 ett
728 252 82 27 stadigt
825 253 37 20 sti-

104 286 80 26 gande.
214 286 43 20 För
275 286 187 26 budgetperioden
483 287 109 25 1894—97
608 286 118 26 uppfördes
742 286 120 20 detsamma

106 322 34 18 att
155 319 51 26 utgä
221 319 50 20 med
285 325 78 20 44,400
378 320 60 20 mark
453 319 86 28 ärligen,
551 320 113 20 hvaremot
674 320 38 20 det
722 320 70 20 denna
805 320 57 26 gäng

106 353 83 21 äskade
205 354 140 27 ärsbeloppet
360 354 63 28 utgör
438 354 78 26 67,800
531 354 66 21 mark.
628 354 52 20 Som
695 354 65 20 orsak
774 354 31 22 till
820 354 42 20 för-

106 387 116 27 höjningen
237 388 84 20 anföres
337 388 66 21 under
417 395 60 13 mom
493 394 9 21 5
517 390 6 19 i
538 390 170 25 propositionen,
725 391 32 18 att
773 388 41 21 den
829 389 32 20 är-

106 421 44 27 liga
168 421 121 22 kostnaden
305 422 31 21 för
351 422 133 21 underhället
499 423 25 20 af
536 423 41 20 den
592 423 74 20 utmed
680 422 102 21 Finlands
798 422 64 21 södra

105 456 53 21 kust
177 456 33 21 för
232 456 91 21 militära
340 457 99 21 ändamäl
454 457 106 22 inrättade
575 457 195 27 telefonledningen
786 457 76 21 beräk-

106 494 50 17 nats
170 491 75 26 uppgä
259 491 32 20 till
306 491 37 20 det
358 498 45 20 nog
417 491 58 27 höga
490 492 106 27 beloppet
608 491 23 21 af
642 497 75 20 10,000
727 492 66 20 mark.
808 491 55 21 Där-

105 525 68 26 jämte
195 525 38 20 har
256 525 32 21 för
307 525 121 22 ofticerares
444 526 150 27 undervisning
609 527 7 19 i
630 525 125 28 gymnastik
770 526 36 21 vid
821 528 42 19 uni-

107 560 113 20 versitetet
242 559 98 27 beviljats
363 563 31 18 ett
415 560 80 27 anslag,
511 567 48 14 som
573 560 128 21 hvartannat
716 560 70 21 läseär
800 561 62 26 utgär

108 592 50 21 med
175 598 75 21 12,300
265 594 65 24 mark,
346 595 7 19 i
368 594 62 26 ärligt
444 594 102 20 medeltal
561 594 84 20 säledes
660 594 50 20 med
722 594 64 26 6,150
796 594 66 20 mark.

108 627 34 21 Dä
165 627 181 21 sistomförmälda
370 628 75 27 anslag
466 628 37 21 vid
525 630 175 26 propositionens
720 628 144 28 uppgörande

106 661 49 21 icke
171 662 136 21 observerats
323 663 72 21 såsom
411 663 76 21 endast
502 663 127 21 hvartannat
640 663 22 20 är
672 663 114 27 utgående,
799 662 64 21 finner

108 696 115 21 Utskottet
242 697 27 21 de
285 697 66 21 under
366 704 27 14 nu
409 696 162 28 ifrågavarande
586 697 72 21 rubrik
672 700 113 24 upptagna
800 697 64 27 utgif-

106 734 63 17 terna
188 730 71 21 kunna
281 731 114 21 reduceras
417 732 32 20 till
471 735 31 17 ett
522 732 63 26 årligt
600 731 82 27 belopp
698 731 25 20 af
734 733 6 19 i
755 731 64 21 rundt
834 731 30 21 tal

105 764 81 26 62,000
207 765 67 25 mark,
298 765 51 21 eller
369 765 90 25 186,000
474 766 60 20 mark
548 766 33 20 för
595 765 49 21 hela
659 766 106 26 perioden
782 766 81 25 1898—

112 804 60 20 1900,
195 799 86 21 hvilken
296 800 169 26 anslagssumma
481 800 114 21 Utskottet
610 800 84 20 således
710 800 31 20 får
756 799 31 21 till
802 798 62 22 Stän-

94 830 2 2 *
109 833 78 21 dernas
203 834 159 25 godkännande
377 834 92 20 förorda.

178 867 43 21 För
229 867 177 28 gratifikationer
414 868 32 21 för
459 867 109 28 oförvitlig
577 867 65 27 tjänst
651 871 55 18 samt
718 867 146 27 begrafnings-

108 901 64 28 hjälp
193 902 32 21 till
246 902 78 21 aflidne
342 902 139 27 tjänstemäns
504 902 99 21 sterbhus
626 901 63 21 äskas
708 905 32 18 ett
756 901 109 27 årsanslag

107 937 28 20 af
146 942 79 20 20,000
239 936 65 21 mark.
329 937 34 20 De
379 936 92 22 faktiska
486 937 114 26 utgifterna
616 936 33 21 för
664 936 122 21 ändamälet
801 935 65 21 hafva

110 971 80 27 utgjort
208 972 53 25 1894
273 977 77 20 13,000
361 971 66 25 mark,
440 971 51 26 1895
509 972 75 24 18,000
593 971 60 20 mark
666 971 41 20 och
721 970 54 27 1896
787 975 78 20 21,000

108 1005 69 21 mark.
207 1006 52 20 Men
280 1012 47 14 som
350 1013 26 13 en
399 1005 80 27 ökning
498 1007 30 20 uti
543 1005 28 21 de
583 1005 31 21 till
630 1005 64 20 dessa
709 1005 106 20 förmäner
830 1005 35 20 be-

107 1040 122 26 rättigades
252 1040 58 21 antal
333 1041 23 20 är
377 1039 32 22 för
431 1040 22 20 är
474 1040 62 20 torde
551 1046 51 14 vara
618 1042 32 18 att
665 1042 90 21 emotse,
772 1038 38 21 har
825 1039 41 20 Ut-

109 1074 84 21 skottet
208 1077 71 18 ansett
294 1075 33 26 sig
343 1074 52 21 böra
410 1074 49 27 höja
475 1075 69 20 denna
559 1077 52 24 post
625 1073 31 21 till
671 1078 78 22 25,000
763 1073 60 21 mark
833 1072 33 21 för

109 1109 25 20 år
164 1108 50 21 eller
238 1108 33 21 för
295 1108 172 27 finansperioden
495 1109 139 26 1898—1900
656 1108 31 21 till
709 1107 157 27 sammanlagdt

110 1147 71 23 75000
195 1142 68 21 mark.

181 1178 152 26 Ersättningen
349 1178 46 26 för
415 1176 200 28 vakansbesparing
627 1176 32 21 för
674 1176 72 27 lediga
761 1175 105 22 underbe-

109 1211 138 27 fälstjänster,
262 1211 86 21 hvilken
363 1212 62 27 utgår
439 1210 32 22 till
485 1211 67 21 finska
567 1210 115 22 militärens
698 1210 65 21 enke-
775 1210 42 20 och
828 1216 38 20 pu-

111 1245 108 28 pillkassa,
236 1249 109 24 upptages
361 1248 6 19 i
382 1247 164 26 propositionen
558 1245 50 21 med
620 1248 32 18 ett
663 1244 82 28 belopp
756 1244 23 21 af
789 1244 77 25 28,000

110 1280 62 21 mark
187 1280 32 21 för
234 1281 29 20 år.
293 1280 44 21 Det
352 1280 66 28 ärliga
433 1280 124 21 medeltalet
572 1280 38 20 har
626 1279 27 21 de
668 1282 86 18 senaste
769 1279 50 20 åren
834 1282 33 17 ut-

110 1314 60 28 gjort
187 1314 67 22 omkr.
270 1320 78 20 20,000
363 1314 65 25 mark,
444 1314 31 22 till
490 1314 81 22 hvilket
585 1314 82 28 belopp
683 1313 115 21 Utskottet
814 1312 52 22 säle-

111 1349 40 20 des
167 1348 88 21 föreslär
269 1352 33 17 att
318 1349 60 20 detta
393 1348 76 27 anslag
483 1350 67 19 mätte
565 1348 117 20 nedsättas.

181 1382 34 21 De
230 1383 67 20 under
316 1382 94 27 följande
425 1386 51 22 post
491 1382 49 20 med
555 1386 65 20 2,000
634 1380 61 22 mark
709 1384 113 24 upptagna
838 1386 29 14 7

110 1417 127 28 sättningar
243 1418 44 26 för
299 1416 65 28 högre
374 1417 114 26 pensioner
501 1416 74 27 uppgå
591 1415 32 21 för
638 1414 134 21 närvarande
788 1414 32 21 till
836 1417 31 18 ett

183 1458 130 16 Statsutskottets
325 1457 104 17 betänkande
441 1457 34 16 N:o
487 1461 16 16 4.
