1045 1709
295 110 29 24 U.
339 111 29 23 B.
383 124 29 3 —
426 111 75 30 Prop.
516 112 42 23 N:o
574 112 39 23 22.
811 119 23 21 31

152 180 58 21 Enär
228 180 38 22 det
283 182 7 20 i
304 182 176 26 propositionens
497 187 26 21 30
538 182 11 27 &
564 182 96 21 uttalade
675 182 100 21 förbudet
790 185 46 18 mot

85 218 32 18 att
139 215 68 21 drifva
227 215 51 21 eller
295 215 31 21 till
345 216 34 26 sig
394 216 62 20 locka
472 215 52 22 vildt
540 216 45 20 från
599 223 81 13 annans
695 216 61 21 mark
771 216 66 26 enligt

84 248 127 22 Utskottets
232 249 139 21 förmenande
394 249 56 21 afser
473 250 76 21 endast
567 251 85 25 nyttigt
662 250 111 25 villebråd,
788 256 50 14 men

85 284 60 20 detta
167 283 48 21 icke
237 284 124 26 otvetydigt
382 283 94 27 framgår
498 292 23 12 ur
543 284 92 20 berörda
650 284 107 27 paragraf,
773 284 64 20 hvars

85 317 90 27 ordalag
189 317 95 21 tvärtom
300 318 72 20 kunna
382 317 59 27 gifva
454 318 116 27 anledning
582 318 31 20 till
621 318 67 20 sådan
696 318 98 26 tolkning
806 320 33 18 att

83 352 101 21 förbudet
199 351 67 27 gäller
278 351 79 27 jemväl
372 351 111 22 drifvande
498 352 50 21 eller
564 352 105 20 lockande
683 352 24 21 af
716 351 121 27 skadedjur,

83 386 39 21 har
145 385 114 22 Utskottet
281 388 6 19 i
303 386 91 20 berörda
409 386 105 28 paragraf
525 386 65 21 infört
605 386 136 27 bestämning
756 386 81 24 derom,

84 424 32 18 att
131 420 38 21 det
184 421 3 19 i
200 420 125 21 densamma
336 420 118 21 omordade
464 420 57 22 vilda
534 420 53 21 skall
598 426 51 14 vara
661 422 82 25 nyttigt
755 420 83 20 sådant.

153 454 35 22 Då
210 455 44 25 det,
278 455 66 26 enligt
367 454 127 22 Utskottets
516 455 71 24 tanke,
607 454 47 21 icke
673 454 43 21 kan
731 454 107 20 förmenas

85 489 71 27 någon
171 492 32 18 att
218 489 58 20 döda
291 488 66 27 björn,
374 495 47 14 som
437 489 100 27 möjligen
552 488 69 21 blifvit
635 488 24 21 af
671 495 70 14 annan
755 488 82 26 ringad,

85 529 48 14 men
155 523 108 21 allaredan
283 523 48 26 gått
352 529 45 21 upp
420 530 24 13 ur
463 523 51 25 idet,
539 526 51 17 utan
612 522 101 21 dödande
734 522 21 20 af
770 521 69 27 dylikt

86 556 45 27 djur
149 557 100 25 tvärtom,
265 557 51 21 med
330 556 103 22 afseende
448 558 12 20 å
475 557 99 27 björnens
589 557 111 27 egenskap
716 556 24 21 af
752 556 85 26 rofdjur,

85 591 40 21 bör
139 598 63 14 anses
217 591 100 27 önskligt,
332 591 39 21 har
385 591 116 21 Utskottet
516 590 110 22 inskränkt
640 591 37 21 det
689 592 7 20 i
707 591 132 27 propositio-

85 632 52 14 nens
163 632 23 20 31
213 625 12 28 &
248 626 107 26 stadgade
376 626 78 20 förbud
470 629 31 18 att
516 626 58 20 döda
589 626 75 27 ringad
679 625 61 27 björn
754 624 31 22 till
800 624 39 22 dö-

86 660 70 21 dande
179 660 22 21 af
219 660 69 27 dylikt
303 660 46 26 djur
364 662 6 19 i
384 660 42 21 ide.
444 673 26 3 —
485 660 57 21 Enär
558 659 129 28 björnringar
702 660 88 26 betinga
805 661 34 25 sig

86 697 31 19 ett
138 696 45 26 pris
206 695 25 21 af
249 695 56 21 ända
327 694 32 22 till
373 700 44 16 200
431 695 61 21 mark
507 694 41 21 och
564 694 122 22 derutöfver
700 694 49 26 kan,
766 695 6 19 i
787 693 52 21 hän-

87 728 59 22 delse
167 729 37 21 det
221 730 31 20 uti
270 728 140 22 förevarande
426 729 105 28 paragraf
542 728 113 22 faststälda
669 728 170 27 bötesbeloppet

86 763 117 21 bibehålles
223 763 145 25 oförändradt,
385 764 48 24 den,
449 770 47 14 som
512 770 24 14 ur
550 764 35 20 ide
593 762 164 28 uppskrämmer
764 762 75 27 ringad

86 798 61 26 björn
168 800 56 18 samt
239 798 52 20 derå
305 798 57 26 ånyo
378 799 70 25 ringar
464 798 124 20 densamma
603 797 42 21 och
659 797 123 21 sedermera
797 796 42 21 för-

85 835 70 24 yttrar
169 833 80 26 ringen,
267 832 125 28 derigenom
406 832 102 21 förskaffa
523 834 33 26 sig
568 839 26 14 en
602 832 99 24 inkomst,
711 831 50 21 vida
769 830 70 21 öfver-

86 867 99 27 stigande
207 867 38 21 det
265 866 152 28 bötesbelopp,
436 866 85 22 hvartill
535 867 42 21 han
592 866 42 21 kan
648 866 33 20 för
696 865 143 27 förbrytelsen

85 901 68 21 fällas.
167 901 33 21 Af
213 901 67 21 sådan
295 901 65 21 orsak
374 904 57 18 samt
445 901 50 22 med
510 901 103 21 afseende
628 900 99 27 derå7att
738 899 101 21 dödande

86 936 25 20 af
121 935 62 27 björn
197 936 84 21 medför
296 943 26 14 en
337 936 47 21 icke
399 936 114 28 obetydlig
530 936 93 21 inkomst
640 941 80 21 genom
728 934 18 27 ej
757 934 82 21 mindre

86 970 182 22 utbekommande
290 970 24 21 af
333 972 87 26 premie,
445 970 27 22 än
494 971 38 21 det
553 970 67 21 värde
641 969 85 21 skinnet
744 969 24 21 af
779 968 61 26 björn

86 1008 165 24 representerar,
273 1005 37 21 har
331 1004 115 22 Utskottet
466 1008 71 18 ansett
558 1004 27 21 de
600 1006 7 19 i
621 1004 142 21 förevarande
777 1010 63 20 para-

86 1039 51 27 graf
155 1038 114 22 bestämda
291 1039 101 21 böternas
414 1039 171 27 maximibelopp
603 1038 32 21 för
650 1038 45 27 lågt
710 1041 56 18 samt
782 1037 58 26 förty

86 1073 88 22 beslutit
188 1072 79 22 föreslå
282 1074 50 20 dess
346 1072 93 27 höjande
454 1073 32 21 till
500 1078 42 16 200
556 1072 66 21 mark.

154 1106 126 22 Utskottets
302 1107 77 27 åtgärd
399 1110 33 18 att
453 1114 23 14 ur
494 1108 176 26 propositionens
691 1112 26 20 19
736 1106 12 27 8
769 1104 35 29 (18
819 1104 20 29 8)

86 1141 92 21 utesluta
201 1142 67 20 orden
291 1141 63 28 eller
377 1140 79 28 ungar”
473 1140 95 28 päkallar
584 1140 111 21 enahanda
710 1139 131 27 uteslutning

85 1175 79 27 jemväl
185 1183 24 13 ur
229 1176 175 27 propositionens
427 1181 25 21 33
468 1175 18 27 8
516 1175 43 20 För
581 1174 64 28 öfrigt
665 1174 38 21 har
718 1173 121 25 Utskottet,

87 1210 32 20 för
141 1210 193 21 ästadkommande
354 1209 25 21 af
390 1209 144 27 likformighet
548 1208 78 22 mellan
641 1208 149 27 stadgandena
805 1208 7 20 i
827 1212 12 16 2

87 1251 64 14 mom.
174 1244 25 21 af
217 1244 141 21 förevarande
378 1244 103 27 paragraf
497 1247 55 17 samt
568 1248 12 16 2
595 1250 65 14 mom.
677 1248 25 15 12
720 1244 10 24 $
748 1248 25 21 33
789 1241 51 27 kap.

87 1278 137 28 Strafilagea,
241 1280 30 20 uti
295 1284 3 15 2
314 1284 64 15 mom.
394 1278 26 21 af
431 1277 147 22 förstnämnda
593 1277 102 27 paragraf
709 1276 54 22 efter
778 1276 63 22 ordet

87 1312 150 26 »ätkommas*
252 1312 94 27 inskjutit
361 1312 69 21 orden
445 1312 66 25 ,,eller
526 1312 74 20 dessas
615 1311 88 21 värde".

155 1348 176 25 Propositionens
346 1352 28 20 34
388 1346 12 27 &
416 1346 88 26 stadgar
519 1352 76 13 ansvar
610 1345 33 20 för
653 1345 48 24 den,
712 1350 48 14 som
772 1343 69 21 öfver-

86 1381 73 20 träder
180 1379 159 21 föreskrifterna
361 1386 36 14 om
419 1379 89 26 forsling
530 1378 41 21 och
591 1378 115 26 föryttring
720 1377 24 21 af
756 1377 85 26 fridlyst

87 1414 60 26 vildt,
167 1413 71 22 hvilka
253 1413 130 22 föreskrifter
398 1413 50 27 ingä
463 1414 7 20 i
484 1412 162 21 nedanstäende
661 1411 180 28 författningsför-

156 1461 43 21 Lag-
211 1460 28 17 och
251 1460 166 16 Ekonomiuitskottets
429 1459 102 17 betänkande
542 1458 36 17 N:o
588 1463 17 15 4.

888 186 23 16 30
922 180 16 24 8.

889 461 20 16 31
923 456 15 22 8.

891 1109 21 16 33
926 1104 14 22 &

893 1352 22 17 34
927 1348 15 21 &
