1050 1711
188 129 14 19 4
382 126 84 24 Ständ.
482 127 39 23 Sv.
536 140 27 4 —
579 128 73 28 Prop.
670 128 45 22 N:o
727 128 37 22 18.

189 195 64 21 ehuru
268 196 48 20 icke
331 195 87 21 alldeles
434 196 124 21 obemedlad
572 203 76 21 person
663 196 23 21 af
695 196 97 28 motvilja
801 195 34 21 för
844 195 99 29 yppande

188 229 24 21 af
232 230 33 20 sin
285 229 238 29 penningeförlägenhet
546 230 46 21 ofta
612 237 41 21 nog
667 229 68 22 skulle
750 230 52 21 söka
816 229 86 22 bistånd
915 229 29 29 på

190 266 65 19 annat
276 263 43 21 håll
341 263 33 21 till
395 263 40 22 och
456 264 50 21 med
528 267 56 18 emot
605 264 88 21 hårdare
712 264 75 21 vilkor.
816 263 71 23 Jämte
907 264 37 21 det

188 297 151 22 meranämnda
361 298 116 27 stadgande
500 297 80 22 således
602 298 48 21 med
671 298 77 21 lätthet
769 297 70 22 kunde
861 298 23 21 af
902 297 42 22 den

189 331 78 29 oärlige
297 331 121 29 låntagaren
446 339 75 22 genom
547 333 90 28 svikliga
661 332 155 22 meddelanden
839 332 105 27 illuderas,

189 367 84 20 komme
295 366 118 22 detsamma
433 369 33 19 att
479 367 115 28 tillskynda
608 367 41 21 den
664 367 79 28 redlige
759 366 121 29 låntagaren
895 366 49 22 obe-

189 401 43 27 hag
253 400 40 21 och
312 399 91 30 förfång.
431 400 45 21 För
489 400 42 21 den
546 401 54 21 skull
614 401 41 21 och
669 400 29 22 då
711 401 161 28 ifrågavarande
888 400 57 22 stad-

188 434 69 28 gande
279 434 108 21 dessutom
409 435 83 20 komme
513 438 31 18 att
559 435 37 21 vid
610 435 27 21 de
651 435 207 28 pantlåneanstalter,
872 435 74 22 hvilka

190 468 71 21 drifva
276 469 32 20 sin
323 468 77 21 rörelse
415 470 7 19 i
438 471 66 19 större
519 469 151 28 utsträckning,
684 469 107 28 betydligt
805 469 86 28 fördyra
906 469 40 21 och

190 502 96 22 försvåra
301 502 128 27 densamma,
444 503 65 22 hafva
523 503 118 22 Ständerna
656 503 87 22 beslutit
757 511 25 14 ur
796 503 150 28 förordningen

190 537 92 21 utesluta
295 537 140 21 omförmälda
449 537 115 22 föreskrift.

258 571 58 21 Enär
332 571 39 21 vid
384 571 120 27 beviljande
520 571 22 21 af
555 571 35 21 lån
606 574 56 18 emot
676 574 52 26 pant
741 572 78 28 jämväl
834 572 66 21 andra
914 572 32 20 af-

190 605 65 28 gifter
279 607 27 19 än
329 607 61 19 ränta
413 605 157 28 ifrägakomma,
595 606 65 21 hafva
684 605 120 22 Ständerna
827 606 31 21 uti
878 606 70 21 denna

190 639 99 28 paragraf
310 639 67 21 infört
394 639 132 28 bestämning
540 640 78 26 därom,
634 642 32 18 att
680 640 63 22 äfven
758 640 62 21 dessa
835 640 65 21 andra
915 640 32 21 af-

191 673 65 28 gifter
271 673 52 22 böra
337 673 23 21 af
374 674 105 20 anstalten
493 673 105 22 bokföras.

259 706 13 22 I
289 708 158 28 propositionen
468 707 76 21 saknas
559 708 38 21 allt
612 707 116 28 stadgande
743 708 79 26 därom,
837 708 53 21 huru
904 708 44 21 för-

192 741 56 21 faras
263 741 54 21 skall
332 741 50 21 med
397 742 82 27 möjligt
489 742 119 21 öfverskott
615 742 23 20 af
645 742 169 27 köpeskillingen
822 742 34 20 för
862 742 86 26 försåld,

192 775 78 21 outlöst
290 777 58 26 pant,
370 774 40 22 och
432 775 62 28 följer
510 775 61 22 häraf
586 778 31 19 att
631 775 122 28 låntagaren
769 783 49 21 eger
832 775 117 22 framställa

192 808 91 29 anspråk
297 808 29 29 på
339 808 177 22 utbekommande
531 809 23 21 af
568 809 76 22 sådant
658 809 120 22 öfverskott
792 810 56 21 inom
862 809 43 22 den
914 810 35 21 för

192 843 198 28 fordringsanspråk
410 843 8 21 i
439 843 115 21 allmänhet
567 844 112 21 faststälda
693 843 191 29 preskriptionstid.
912 844 37 21 Då

193 880 31 18 ett
244 876 75 22 sådant
333 876 133 22 förhållande
481 877 117 22 emellertid
613 877 68 21 skulle
695 877 35 21 för
743 877 205 29 pantlåneanstalten

192 911 105 29 betydligt
319 911 96 21 försvåra
434 911 140 29 bokföringen
596 912 40 21 och
657 912 37 21 det
709 912 35 21 väl
759 912 67 21 måste
840 914 60 26 tagas
915 912 34 21 för

192 946 69 28 gifvet
275 948 32 19 att
322 945 122 29 låntagaren
458 946 48 21 icke
521 946 53 21 skall
589 946 116 21 försumma
720 949 32 19 att
767 946 23 21 så
804 946 44 21 fort
859 946 37 22 ske
907 946 42 22 kan

191 980 84 21 anmäla
297 980 32 28 sig
349 980 34 20 till
404 979 96 28 lyftande
520 980 23 21 af
565 980 160 28 ifrågavarande
748 980 124 27 öfverskott,
887 988 61 20 synes

192 1013 126 22 förberörda
339 1014 33 21 tid
394 1013 52 22 böra
465 1014 130 21 inskränkas.
623 1013 45 21 För
682 1014 76 21 sådant
773 1014 97 22 ändamål
884 1014 66 22 hafva

193 1048 120 22 Ständerna
334 1048 33 20 uti
388 1047 160 29 förordningens
570 1050 12 19 7
606 1049 12 27 $
641 1049 19 24 (6
684 1048 19 28 $)
726 1048 67 21 infört
817 1048 133 29 bestämning

193 1082 79 27 därom,
293 1084 33 19 att
347 1082 179 21 ofvanomordade
541 1082 119 22 öfverskott
678 1082 130 22 tillkommer
822 1082 128 29 låntagaren,

193 1124 35 14 om
244 1116 43 22 han
301 1116 34 21 till
349 1116 97 28 lyftande
460 1116 62 22 däraf
536 1117 92 21 anmäler
643 1117 32 28 sig
689 1117 57 21 inom
761 1120 32 18 ett
807 1116 23 22 år
844 1117 48 21 från
906 1117 44 21 för-

193 1149 175 30 säljningsdagen,
386 1157 47 14 men
448 1153 32 18 att
494 1150 117 22 detsamma
625 1150 8 21 i
648 1153 65 18 annat
726 1150 39 21 fall
779 1150 96 22 tillfaller
888 1153 62 26 pant-

194 1184 158 22 låneanstalten.

262 1219 59 21 Enär
341 1218 96 22 enskilda
458 1226 100 21 personer
579 1219 142 28 tilläfventyrs
742 1219 49 22 icke
813 1219 84 22 komme
919 1222 32 19 att

195 1254 58 20 finna
273 1253 50 20 med
345 1254 33 19 sin
399 1253 70 20 fördel
491 1253 99 28 förenligt
611 1256 33 17 att
661 1260 36 13 ens
704 1249 12 36 i
735 1253 145 28 filantropiskt
894 1253 56 28 syfte

193 1286 68 22 inlåta
283 1287 32 27 sig
338 1286 28 28 pä
388 1293 26 14 en
428 1286 177 28 pantlänerörelse
620 1286 74 21 såvida
709 1286 49 21 dem
773 1286 48 21 icke
836 1286 115 21 tillförsäk-

194 1321 62 22 rades
271 1321 67 27 utsigt
352 1322 38 25 att,
408 1320 4 21 i
426 1319 100 22 händelse
542 1320 55 21 ärets
611 1321 58 20 vinst
682 1320 48 21 icke
745 1319 87 30 medger
842 1320 110 29 utdelning

195 1356 24 21 af
240 1357 61 20 ränta
321 1355 33 21 till
377 1354 100 29 stadgadt
496 1354 84 30 belopp,
599 1355 79 22 bristen
693 1354 35 22 mä
742 1355 64 28 fyllas
821 1355 22 22 af
857 1355 94 29 följande

195 1390 61 21 årens
271 1390 63 26 vinst,
348 1388 66 22 hafva
428 1389 118 22 Ständerna
560 1390 8 21 i9
598 1390 12 27 $
618 1390 20 28 (8
647 1390 19 28 $)
674 1389 66 22 infört
747 1389 117 29 stadgande
872 1390 79 22 härom.
