1045 1709
198 132 12 16 2
418 126 29 23 U.
462 126 27 22 B.
506 139 27 3 —
549 126 73 29 Prop.
637 127 42 22 N:o
695 126 39 23 22.

197 189 42 20 rof-
255 189 42 20 och
311 189 66 20 andra
392 189 114 26 skadedjur
521 193 56 17 samt
592 192 31 18 att
635 189 89 21 sälunda
734 193 79 23 trygga
825 189 125 21 villebräds-

197 226 117 17 stammens
336 222 135 21 fortbeständ
493 224 7 19 i
522 223 78 25 landet,
622 223 107 21 uttalades
749 223 58 21 dock
822 223 54 21 efter
890 223 58 20 hand

197 257 72 20 säsom
285 264 26 13 en
326 256 78 21 allmän
419 256 127 26 erfarenhet,
562 260 37 18 att'
609 256 164 28 förordningens
789 257 161 27 bestämningar

197 291 47 21 icke
264 291 76 20 verkat
362 291 196 21 tillfredsställande
579 293 30 20 uti
631 291 96 27 antydda
743 291 122 21 afseenden.
895 291 54 21 Med

197 325 114 27 anledning
325 325 64 21 häraf
398 325 119 22 inlemnade
527 325 141 22 Direktionen
680 325 33 21 för
723 326 79 21 Finska
809 325 140 28 jagtförenin-

197 366 42 21 gen
259 360 24 20 är
299 360 50 20 1881
368 360 31 21 till
413 361 126 26 regeringen
555 367 26 14 en
595 360 153 27 framställning
764 368 36 13 om
814 361 135 27 nödvändig-

196 394 65 21 heten
276 394 25 21 af
312 395 57 20 vissa
384 394 114 27 ändringar
513 396 6 19 i
535 395 41 20 och
590 395 76 27 tillägg
677 394 32 21 till
718 395 177 27 nyssäberopade
905 395 44 21 för-

197 428 96 27 ordning.
323 428 39 21 Uti
387 429 70 20 denna
481 429 154 27 framställning
659 429 106 26 anfördes,
789 429 65 21 bland
876 433 72 22 annat,

195 463 102 20 hurusom
317 463 136 26 förföljandet
469 463 24 21 af
504 463 85 27 rofdjur,
605 463 81 22 hvilket
701 470 79 20 genom
795 463 152 28 förordningen

196 497 67 26 gjorts
278 497 32 21 till
324 505 27 12 en
366 504 88 20 omsorg
468 497 33 21 för
515 498 159 25 kommunerna,
687 498 48 21 icke
745 498 57 21 hade
814 498 93 21 medfört
919 499 30 20 de

195 531 96 25 resultat,
314 538 48 13 som
379 538 50 14 man
444 533 28 26 pä
488 533 42 20 den
545 532 88 21 sälunda
648 532 96 26 inslagna
758 532 72 26 vägen
844 535 55 18 trott
913 533 36 26 sig

195 565 70 21 kunna
288 565 102 27 päräkna.
424 566 10 20 I
456 566 61 21 detta
539 566 102 21 afseende
662 566 87 21 kräfdes
771 566 58 27 förty
851 567 96 20 ändrade

195 599 141 27 stadganden.
366 599 50 22 Icke
431 601 83 20 mindre
528 600 119 27 trängande
662 600 132 21 framträdde
808 601 104 21 behofvet
924 601 28 20 af

195 633 114 28 utvidgadt
324 633 72 28 skydd
411 634 33 21 för
458 635 85 21 landets
558 635 117 20 förnämsta
689 636 131 25 matnyttiga
834 635 113 26 villebräd,

195 668 139 27 skogsfägeln
355 669 42 20 och
419 669 72 21 haren.
523 669 42 21 Vid
580 669 59 21 tiden
653 669 33 21 för
701 669 163 28 förordningens
880 669 68 22 utfär-

195 703 71 20 dande
281 703 57 20 hade
352 703 36 20 väl
403 703 27 20 de
446 704 5 19 i
465 703 124 21 densamma
601 703 113 22 bestämda
725 704 224 27 fridlysningstiderna

195 738 54 19 varit
265 737 181 26 ändamälsenliga
462 737 41 21 och
518 737 132 28 tillräckliga,
667 738 91 21 emedan
773 738 129 27 efterfrägan
917 739 32 26 pä

194 770 54 21 vildt
263 777 37 14 var
316 771 114 27 obetydlig
445 771 41 20 och
499 771 75 28 jagten
589 771 72 21 derför
675 772 83 20 mindre
773 772 99 21 lönande.
895 773 52 20 Men

195 804 67 21 sedan
278 805 49 20 dess
342 805 57 20 hade
408 805 206 26 jagtförhällandena
623 805 115 28 undergätt
748 813 26 13 en
785 806 65 27 högst
860 806 88 21 väsent-

194 838 30 27 lig
246 838 130 28 förändring.
405 839 35 21 De
462 839 77 22 lättare
560 839 240 26 kommunikationerna,
822 840 124 27 isynnerhet

194 873 50 20 med
266 873 102 25 utlandet,
391 873 57 21 hade
470 873 108 28 betydligt
599 877 83 24 stegrat
703 874 130 27 efterfrägan
848 875 28 27 pä
892 878 54 18 mat-

194 908 81 26 nyttigt
295 907 103 21 villebräd
413 907 42 21 och
469 908 129 27 möjliggjort
613 911 46 18 stor
673 908 118 27 afsättning
806 909 64 20 deraf
881 909 63 21 äfven

194 941 67 21 under
282 943 83 19 vintern
380 941 42 21 och
438 943 71 20 vären.
539 942 78 27 Jägare
632 943 42 20 och
689 943 121 27 fängstmän
826 943 56 21 hade
897 943 50 21 der-

194 975 33 21 för
241 975 98 22 öfverallt
354 977 99 26 uppstätt
469 980 55 17 samt
539 977 152 27 begagnandet
706 977 23 20 af
742 977 62 21 fällor
819 977 42 21 och
871 985 74 13 snaror

194 1009 69 22 blifvit
285 1009 87 28 mycket
387 1010 94 21 allmänt.
511 1011 67 21 Detta
593 1012 6 19 i
615 1011 96 27 förening
726 1012 50 21 med
791 1011 155 28 skjutvapnens

194 1044 71 27 billiga
280 1045 44 26 pris
340 1044 56 21 hade
411 1045 93 21 medfört
519 1053 26 13 en
561 1046 23 20 sä
599 1045 59 21 stark
672 1046 121 27 minskning
808 1046 25 21 af
844 1047 38 20 det
896 1049 49 24 nyt-

193 1079 45 26 tiga
253 1078 126 21 villebrädet
393 1080 7 19 i
412 1079 78 25 landet,
507 1083 32 18 att
553 1083 116 18 stammens
680 1080 91 21 beständ
784 1081 162 26 äfventyrades,

194 1112 72 21 derest
280 1112 48 21 icke
344 1113 181 27 ändamälsenliga
539 1113 100 27 ätgärder
654 1115 7 19 i
675 1114 32 21 tid
722 1115 107 26 vidtoges.

261 1146 53 21 Med
335 1146 114 27 anledning
469 1147 24 20 af
506 1147 69 20 denna
590 1147 155 28 framställning
759 1148 107 21 förelades
881 1148 63 21 Stän-

194 1180 65 21 derna
278 1180 36 21 vid
332 1181 52 20 1882
400 1181 34 20 ärs
449 1180 105 28 landtdag
567 1181 65 27 nädig
647 1183 137 26 proposition
798 1182 50 21 med
863 1182 81 27 förslag

192 1213 32 22 till
238 1221 29 20 ny
283 1214 124 27 förordning
419 1215 7 20 i
441 1215 78 25 ämnet,
535 1215 84 21 hvilken
634 1215 36 21 väl
684 1217 7 20 i
705 1216 121 21 hufvudsak
840 1223 38 14 var
888 1223 58 21 upp-

193 1248 62 27 gjord
278 1249 7 19 i
306 1248 225 21 öfverensstämmelse
552 1249 50 21 med
627 1249 52 20 1868
699 1251 34 19 års
748 1251 130 26 förordning,
894 1257 51 14 men

193 1281 57 21 dock
271 1281 94 21 innehöll
386 1281 106 27 ätskilliga
514 1284 82 25 vigtiga
611 1283 152 27 förändringar,
779 1284 103 20 afseende
897 1284 46 21 dels

193 1315 141 28 upptagande
349 1315 67 21 under
430 1315 151 28 kategorierna
596 1318 80 27 nyttigt
691 1317 103 22 villebräd
810 1318 41 21 och
866 1318 79 21 skade-

193 1350 45 27 djur
260 1350 25 21 af
302 1351 58 20 vissa
380 1350 32 21 till
434 1350 50 21 dem
496 1351 57 21 förut
567 1351 47 21 icke
629 1352 105 21 hänförda
749 1353 55 26 djur-
819 1353 42 20 och
876 1353 66 28 fägel-

192 1389 62 22 arter,
279 1385 45 21 dels
346 1385 111 21 införande
479 1385 25 21 af
523 1387 57 20 vissa
600 1386 176 29 inskränkningar
791 1389 6 19 i
812 1388 102 21 afseende
929 1389 13 20 ä

192 1419 164 29 fängstmedlen,
380 1420 46 20 dels
448 1420 99 28 slutligen
563 1421 66 21 sättet
644 1421 33 21 för
691 1423 157 27 premieringen
864 1423 22 21 af
899 1423 43 21 rof-

259 1466 45 21 Lag-
317 1466 27 16 och
357 1466 166 16 Ekonomiutskottets
536 1468 102 16 betänkande
649 1468 35 16 N:o
695 1474 16 14 4.
