1050 1714
427 96 39 22 N:o
483 97 33 21 18.
794 98 26 21 15

441 166 28 21 25
485 165 18 28 8.

166 198 82 22 Varder
271 200 74 26 patent
369 200 22 20 af
409 200 91 21 domstol
519 200 120 21 förklaradt
654 200 67 27 ogildt
736 200 52 22 eller
803 200 43 22 för-

94 232 90 22 verkadt
202 232 52 22 eller
269 239 70 15 annan
354 240 77 20 person
446 234 28 26 på
488 234 69 26 grund
574 234 24 21 af
611 234 70 21 bättre
696 236 45 20 rätt
756 236 27 20 än
798 234 48 27 den,

95 272 45 15 som
162 267 76 21 vunnit
261 269 80 25 patent,
361 268 83 26 inrymd
460 268 7 20 i
482 270 152 24 patenträtten,
650 268 54 21 skall
720 268 76 22 domen
811 274 35 21 ge-

94 306 48 15 nom
156 300 91 22 Rättens
262 301 83 27 försorg
360 301 99 21 insändas
474 302 33 20 till
522 302 208 26 Industristyrelsen.

425 382 12 20 5
453 382 67 21 KAP.

341 433 105 21 Särskilda
461 434 137 27 stadganden.

417 498 5 4 -
441 486 27 20 26
483 486 11 27 G

161 518 38 22 Uti
218 519 84 26 ärende,
322 526 45 14 som
386 520 67 26 enligt
468 520 70 21 denna
553 520 125 26 förordning
693 520 124 22 ankommer
834 520 12 22 å

93 553 208 27 Industristyrelsens
323 554 166 27 handläggning,
509 554 62 21 hafve
587 554 104 26 sakegare
707 556 44 20 rätt
766 557 32 19 att
814 555 32 21 sin

93 588 73 26 inlaga
181 588 47 21 med
244 588 71 21 dertill
330 588 96 22 hörande
442 588 128 27 handlingar
585 589 6 21 i
609 589 84 21 betaldt
709 589 49 21 bref
767 589 33 22 till
810 590 36 21 In-

93 622 174 27 dustristyrelsen
288 622 99 27 insända,
407 623 37 21 der
459 623 42 21 han
517 624 18 26 ej
551 623 37 21 vill
603 623 112 22 desamma
730 624 50 27 sjelf
794 624 53 21 eller

94 663 75 20 genom
192 656 186 29 befullmäktigadt
401 658 78 21 ombud
498 658 98 22 inlemna.
625 658 114 22 Likaledes
756 658 42 22 kan
816 658 31 22 af-

93 690 45 28 gift,
162 698 44 14 som
228 692 6 21 i
260 693 25 20 16
308 692 11 27 &
338 692 141 27 omförmäles,
499 693 7 21 i
525 692 83 22 betaldt
623 692 49 22 bref
686 692 52 22 eller
753 693 93 21 medelst

93 726 163 28 postanvisning
271 726 33 22 till
319 726 199 28 Industristyrelsen
534 727 137 27 öfverstyras.

439 791 26 20 27
481 790 18 28 8.

161 829 210 27 Industristyrelsens
399 830 70 22 beslut
496 831 7 20 i
527 831 155 27 patentärende
712 830 62 28 skall,
799 830 47 21 ifall

94 864 90 27 ändring
202 865 7 20 i
228 864 93 22 beslutet
339 864 34 22 fär
386 865 64 21 sökas
466 866 51 20 eller
533 865 45 21 deri
593 865 119 21 meddelats
728 865 117 26 föreskrift,

93 905 45 15 som
160 899 57 21 inom
239 899 42 21 viss
303 899 31 21 tid
354 899 39 21 bör
411 900 109 26 fullgöras,
536 899 93 27 utgifvas
645 899 54 21 efter
715 900 75 26 anslag
805 899 40 21 och

93 933 155 21 underrättelse
269 934 73 20 derom
361 935 75 25 genast
451 934 6 20 i
473 933 48 21 bref
535 933 110 21 tillsändas
661 933 109 21 sökanden
786 934 59 25 eller,

94 974 33 15 om
146 968 42 20 han
204 970 24 18 är
243 970 59 19 utom
317 968 74 21 landet
405 968 87 26 boende,
508 968 54 21 hans
577 968 84 26 ombud,
678 968 90 22 säframt
784 968 62 21 deras

93 1002 123 27 postadress
231 1002 70 22 blifvit
316 1002 119 28 uppgifven.
461 1003 72 21 Annat
548 1003 77 26 beslut,
641 1002 76 21 hvaraf
726 1002 120 22 sökandens

93 1038 45 20 rätt
152 1036 41 22 kan
208 1037 58 27 bero,
283 1037 55 21 skall
354 1037 101 21 likaledes
470 1038 6 20 i
492 1037 48 21 bref
554 1037 102 27 delgifvas
671 1037 111 21 sökanden
794 1037 52 21 eller

93 1071 54 21 hans
164 1071 83 21 ombud.

440 1100 27 21 28
482 1100 18 27 $.

161 1141 43 21 För
218 1140 159 28 handläggning
392 1140 24 21 af
429 1140 155 27 patentärende
600 1140 30 20 uti
646 1139 199 28 Industristyrelsen

94 1175 34 21 mä
150 1176 104 26 sakegare
276 1175 19 27 ej
314 1175 104 26 betungas
433 1175 48 21 med
497 1174 66 22 andra
578 1174 116 21 kostnader
710 1176 26 19 än
752 1174 8 21 i
776 1175 70 21 denna

94 1210 125 27 förordning
241 1209 104 28 stadgade
367 1209 86 26 afgifter
475 1209 108 21 äfvensom
598 1209 192 26 expeditionslösen
806 1208 40 21 och

94 1244 210 27 stämpelbevillning,
320 1243 87 21 hvarom
423 1243 101 21 särskildt
539 1243 126 21 förordnadt
681 1245 31 18 är.

440 1301 27 21 29
481 1301 19 27 8.

162 1342 104 20 Närmare
281 1341 138 25 föreskrifter,
435 1347 46 14 som
495 1341 68 20 finnas
578 1340 139 25 erforderliga
733 1340 111 26 angäende

94 1375 173 21 beskaffenheten
284 1374 24 21 af
322 1374 25 21 de
361 1373 136 27 handlingar,
512 1373 73 21 hvilka
599 1373 35 20 vid
649 1373 94 20 ansökan
760 1379 34 15 om
809 1379 37 21 pa-

94 1411 46 20 tent
154 1409 62 21 skola
231 1409 110 27 inlemnas,
357 1411 57 18 samt
425 1408 109 27 angäende
545 1407 188 27 verkställigheten
744 1407 24 22 af
776 1407 70 22 denna

94 1445 124 26 förordning
233 1444 5 21 i
256 1443 70 28 öfrigt,
342 1443 109 22 meddelas
466 1443 23 22 af
503 1443 99 22 Senaten.
