1061 1706
321 118 28 23 U.
364 118 29 22 B.
410 130 25 4 —
451 118 73 28 Prop.
539 119 43 23 N:o
597 118 35 23 12.
838 121 13 19 5

238 183 118 28 utskylder,
375 184 49 22 icke
442 185 24 21 är
484 190 82 16 annans
585 183 116 29 lagstadda
714 184 137 28 tjenstehjon,

239 217 49 22 icke
303 220 26 19 är
341 218 32 27 på
386 218 74 28 grund
474 218 28 28 af
513 218 50 28 laga
577 218 48 22 dom
634 218 168 28 medborgerligt
811 218 41 22 för-

237 252 91 21 troende
343 252 100 28 förlustig
457 252 39 22 och
511 252 19 28 ej
545 252 73 28 heller,
634 252 70 28 enligt
713 252 139 22 härförinnan

239 286 102 26 gällande
359 286 42 28 lag,
420 286 47 28 fäld
481 286 35 28 för
528 286 162 28 vanfräjdande
704 286 59 28 brott,
779 289 25 19 är
817 287 36 21 be-

239 320 98 27 rättigad
358 322 40 26 att,
420 320 8 22 i
450 320 96 28 enlighet
567 321 49 21 med
638 320 163 23 föreskrifterna
821 321 33 22 uti

239 354 70 22 denna
331 354 132 28 förordning,
486 355 37 22 vid
546 354 172 23 rådhusstämma
740 355 87 29 deltaga
845 356 8 21 i

239 387 191 29 öfverläggningar
445 389 39 21 och
498 388 77 23 beslut.

307 422 122 23 Enahanda
451 424 106 27 rättighet
578 424 128 23 tillkommer
723 424 40 22 ock
781 424 70 28 bolag,

237 457 66 23 hvars
317 457 91 28 styrelse
422 457 68 23 finnes
504 457 57 22 inom
575 458 134 22 kommunen.

512 520 12 29 $
540 521 35 21 28.

307 565 42 22 Till
366 566 184 28 stadsfullmäktig
567 567 35 21 må
620 567 20 27 ej
658 567 70 27 väljas
746 567 48 26 den,
809 572 45 16 som

237 600 48 22 icke
299 601 93 27 uppnått
407 601 104 27 tjugufem
526 602 37 21 års
578 601 69 26 ålder;
663 601 19 27 ej
699 600 46 28 den,
761 606 45 17 som
820 600 34 22 sin

239 635 105 26 egendom
366 634 33 21 till
421 635 132 27 borgenärer
571 634 83 22 afträdt
672 635 39 21 och
725 635 48 21 icke
787 634 67 27 gitter

238 669 48 21 visa
301 671 34 19 att
349 669 43 20 han
407 668 50 22 från
473 669 62 22 deras
549 669 53 22 kraf
614 671 24 19 är
652 669 38 27 fri;
705 669 19 27 ej
741 669 47 26 den,
802 668 53 22 hvil-

239 703 43 21 ken
302 703 47 22 står
366 703 68 22 under
448 703 66 22 tilltal
528 703 34 22 för
577 703 65 27 brott,
656 703 69 22 hvarå
739 703 78 22 förlust
831 702 26 21 af

239 737 167 28 medborgerligt
424 737 124 23 förtroende
562 738 44 21 kan
620 737 63 28 följa;
699 737 39 22 och
752 737 19 28 ej
787 737 68 22 heller

240 771 48 27 den,
307 777 44 16 som
365 771 32 28 på
414 772 73 27 grund
504 773 27 26 af
547 772 49 28 laga
614 771 48 22 dom
676 773 26 20 är
716 771 91 28 ovärdig
821 773 34 20 att

240 805 83 28 nyttjas
338 805 9 22 i
361 805 85 22 landets
462 806 68 27 tjenst
539 806 53 22 eller
601 808 35 20 att
644 805 49 22 föra
702 812 83 15 annans
794 806 60 21 talan

240 839 38 22 hos
293 839 90 23 domstol
398 840 52 21 eller
464 847 72 15 annan
551 840 81 23 allmän
647 840 131 28 myndighet.

173 977 38 22 Uti
227 976 143 23 förevarande
384 977 91 22 ärendes
489 977 131 28 behandling
629 978 65 22 hafva
704 977 93 28 deltagit
807 977 47 22 ord-

105 1011 104 22 föranden
225 1011 25 22 T.
265 1011 21 22 J.
301 1011 99 28 Aminoff,
415 1012 145 22 ledamöterne
574 1012 92 22 friherre
679 1018 43 16 von
731 1012 64 27 Born,
803 1011 52 22 Nor-

107 1045 117 28 denskiöld,
245 1045 125 22 Alexander
387 1045 99 28 Aminoff,
504 1047 21 21 J.
543 1047 27 21 R.
589 1047 122 26 Danielson,
729 1046 125 27 Karlsberg,

105 1079 102 28 Ilmanen,
220 1079 141 28 Hermanson,
371 1079 111 28 Eriksson,
487 1080 55 21 Axel
551 1080 123 28 Holmberg,
683 1079 64 23 Ferd.
755 1079 99 26 Juselius,

105 1113 126 29 Stenström,
246 1114 115 27 Pitkänen,
370 1115 87 27 Torppa
467 1115 39 22 och
516 1115 97 22 Brander
623 1115 110 22 äfvensom
742 1115 113 27 supplean-

105 1150 62 20 terne
181 1148 54 22 Axel
250 1148 156 28 Wasastjerna,
421 1149 72 22 Lindh
508 1149 38 22 och
561 1149 88 22 Suokas.

172 1194 141 27 Helsingfors,
329 1194 41 22 den
385 1196 28 20 24
427 1195 61 27 April
504 1196 60 21 1897.

174 1419 205 18 Kommunalutskottets
390 1418 111 18 betänkande
512 1419 34 18 N:o
558 1420 18 16 2.
