1039 1711
196 120 26 21 16
394 119 76 22 Ständ.
486 118 34 22 Sv.
539 132 23 3 —
578 119 66 28 Prop.
658 118 38 22 N:o
714 118 32 22 19.

548 201 47 26 58.

264 251 85 22 Valbar
371 252 37 21 till
430 251 137 22 ordförande
585 251 56 21 eller
654 251 102 22 ledamot
770 251 9 21 i
794 250 156 30 förmyndare-

195 286 88 21 nämnd
297 289 24 18 är
337 286 88 21 enhvar
439 286 63 21 inom
517 286 141 21 kommunen
674 286 76 21 bosatt
760 293 60 18 man,
828 291 49 16 som
893 292 56 21 upp-

195 321 52 20 nått
261 319 116 30 tjugufem
392 320 35 21 års
443 319 63 22 ålder
521 319 42 22 och
579 327 54 21 eger
648 319 55 22 råda
723 319 65 22 öfver
803 320 37 29 sig
855 319 43 22 och
914 319 36 22 sin

196 354 123 29 egendom;
336 354 58 22 dock
409 354 19 29 ej
445 354 99 22 medlem
559 354 6 21 i
578 356 77 20 ortens
665 354 130 27 underrätt;
809 354 20 29 ej
840 353 52 28 den,
901 361 49 14 som

197 389 86 22 afträdt
298 389 36 21 sin
350 389 112 28 egendom
476 388 38 22 till
528 389 50 21 sina
601 389 138 28 borgenärer
754 388 44 22 och
812 389 52 21 icke
880 388 70 29 gitter

196 423 50 22 visa
261 423 36 29 sig
312 431 55 14 vara
381 423 53 22 från
449 423 65 22 deras
529 423 53 22 kraf
595 423 98 27 befriad;
709 424 21 28 ej
742 423 50 28 den,
808 431 50 14 som
869 427 25 18 är
905 423 46 22 för-

196 458 73 29 lustig
284 458 180 29 medborgerligt
486 457 142 28 förtroende;
651 458 44 22 och
710 458 20 29 ej
748 458 71 22 heller
834 458 52 27 den,
902 465 48 14 som

196 493 31 28 på
247 493 77 28 grund
339 493 26 21 af
376 493 52 28 laga
450 493 52 21 dom
526 496 24 18 är
572 492 95 29 ovärdig
686 495 34 20 att
734 493 88 29 nyttjas
838 493 8 21 i
860 492 91 22 landets

197 527 72 28 tjenst
284 527 56 21 eller
355 528 33 20 att
403 526 51 22 föra
468 534 88 15 annans
571 527 70 22 talan.

551 643 11 21 6
579 643 19 26 8.

266 693 112 29 Uppdrag
392 695 34 20 att
441 700 55 15 vara
511 694 136 21 ordförande
658 693 56 22 eller
725 692 227 30 ledamot
829 688 13 38 i
854 692 98 30 förmyn-

198 727 143 22 darenämnd
356 728 36 20 må
408 727 20 29 ej
445 734 77 15 annan
536 728 80 28 afsäga
630 728 37 28 sig
682 731 30 18 än
727 727 50 28 den,
789 734 49 15 som
853 728 99 28 uppnått

199 761 74 22 sextio
289 762 36 21 års
341 761 69 29 ålder,
426 762 52 28 den,
493 769 49 15 som
557 765 25 18 är
596 762 9 21 i
619 764 39 19 tur
672 764 35 19 att
722 762 52 21 från
790 761 116 23 nämnden
922 762 30 22 af-

200 796 36 29 gå,
253 797 24 20 så
291 796 71 21 framt
377 795 46 22 han
438 796 41 22 där
493 796 135 29 tjenstgjort
643 797 72 21 minst
730 797 40 21 två
785 797 31 28 år,
832 799 60 19 samt
900 796 51 28 den,

200 837 49 15 som
264 829 27 22 af
303 831 88 21 embete
414 831 56 21 eller
491 831 78 29 tjenst,
592 831 56 22 eller
662 831 26 22 af
700 833 71 20 annat
793 831 55 27 skäl,
865 838 49 15 som
930 831 26 21 af

199 864 204 28 valmyndigheten
418 864 140 29 godkännes,
574 868 26 19 är
614 864 98 23 hindrad
731 867 35 20 att
780 865 101 29 fullgöra
895 872 58 22 upp-

198 898 87 29 draget.

552 963 48 27 78.

268 1008 71 27 Öfver
360 1013 37 21 val
419 1012 26 22 af
464 1013 100 23 ledamot
579 1013 9 22 i
603 1013 240 29 förmyndarenämnd,
867 1014 25 21 sä
910 1014 43 21 ock

200 1048 67 21 öfver
281 1048 82 27 beslut,
383 1047 149 29 hvarigenom
554 1048 114 28 afsägelse
684 1048 26 22 af
722 1048 158 29 ledamotskap
896 1048 58 28 ogil-

199 1082 51 26 lats,
265 1082 38 22 mä
318 1082 82 22 besvär
415 1082 134 29 skriftligen
571 1083 91 21 anföras
676 1083 42 21 hos
734 1085 77 19 ortens
833 1083 121 21 underrätt

199 1116 64 22 inom
277 1116 41 27 tid,
334 1124 49 14 som
397 1116 37 22 för
449 1116 101 22 sökande
565 1117 26 21 af
603 1116 100 29 ändring
717 1116 9 22 i
736 1116 217 29 valmyndighetens

200 1150 75 22 beslut
290 1154 25 18 är
330 1150 165 26 föreskrifven;
518 1151 43 22 och
580 1151 66 22 skola
659 1150 112 23 besvären
786 1158 55 15 vara
856 1151 98 28 ätföljda

201 1185 26 21 af
241 1184 38 22 det
294 1185 9 21 i
318 1185 95 21 ärendet
428 1185 67 22 förda
509 1185 122 29 protokoll.
651 1177 23 29 Ä
687 1185 80 22 landet
782 1186 37 21 mä
834 1185 118 28 besvären,

200 1219 29 21 dä
244 1219 20 29 ej
280 1219 182 29 rättegängsdag
476 1223 31 24 är,
522 1219 102 29 ingifvas
640 1219 37 22 till
692 1219 192 22 domhafvanden.

268 1253 133 28 Upphäfves
416 1254 63 20 valet
494 1254 43 20 och
554 1254 84 20 hinner
653 1253 20 28 ej
691 1253 111 28 åtgärden
817 1253 71 22 vinna
902 1253 52 28 laga

200 1286 62 21 kraft
284 1289 59 19 samt
365 1289 53 26 nytt
440 1286 39 22 val
501 1287 109 22 anställas
629 1287 72 21 innan
718 1287 162 28 befattningen
895 1287 59 22 skall

199 1319 120 30 tillträdas,
335 1327 54 15 vare
403 1320 39 30 lag
458 1328 49 15 som
522 1321 9 22 i
545 1323 14 21 4
574 1323 13 26 $
603 1321 56 22 sista
674 1328 68 15 mom.
758 1325 58 26 sägs.
