1045 1709
215 132 13 19 4
411 128 29 22 U.
455 128 28 22 B.
502 141 26 3 —
543 128 74 28 Prop.
633 127 44 23 N:o
693 127 40 23 20.

187 200 27 14 en
229 192 58 22 ökad
302 192 128 21 årskostnad
445 191 32 21 för
492 190 223 28 skjutförnödenheter
731 191 24 20 af
767 190 98 28 omkring
879 197 62 20 3,000

188 227 66 21 mark.
285 227 28 20 På
328 226 68 28 grund
411 225 66 25 häraf,
494 225 42 21 och
552 225 27 20 då
595 225 37 21 det
647 225 24 20 är
685 228 32 17 att
732 224 81 21 förutse
829 228 32 18 att
876 225 64 27 utgif-

188 265 60 17 terna
264 260 63 21 äfven
342 267 76 14 annars
433 260 87 20 komma
535 262 31 18 att
579 259 94 27 undergå
684 266 27 13 en
721 259 82 21 mindre
813 258 127 28 förhöjning,

189 295 38 21 har
242 294 115 22 Utskottet
372 297 71 18 ansett
457 296 33 25 sig
506 294 52 21 böra
573 293 32 21 för
620 296 134 24 regementet
769 293 78 21 föreslå
859 300 27 14 en
898 294 44 20 års-

189 330 82 26 budget
286 328 22 21 af
322 330 92 25 845,000
428 328 66 20 mark.

257 363 80 21 Finska
352 363 118 20 militärens
486 369 72 14 reserv
572 362 105 20 beräknas
692 363 7 19 i
714 362 42 20 den
771 362 78 27 nådiga
860 369 82 20 propo-

189 399 92 19 sitionen
298 397 87 21 komma
401 400 32 18 att
446 397 32 20 för
494 397 41 20 den
551 395 113 22 infallande
679 396 173 26 finansperioden
867 396 75 21 kräfva

190 434 31 18 ett
237 431 108 27 årsanslag
353 432 25 20 af
384 432 111 24 1,084,200
507 430 59 22 mark
575 430 65 20 under
648 430 45 21 året
704 430 52 26 1898
765 433 56 17 samt
832 435 111 21 1,000,900

188 466 61 20 mark
263 465 67 21 under
345 466 114 20 hvartdera
474 465 22 20 af
507 466 50 20 åren
570 464 53 26 1899
631 464 43 20 och
684 469 60 21 1900,
753 464 188 22 sammanräknadt

191 500 113 26 3,086,000
325 500 65 20 mark.
421 499 52 21 Som
489 499 114 21 Utskottet
619 498 117 22 emellertid
751 502 72 18 ansett
839 498 37 21 det
891 506 50 13 vara

189 534 26 20 af
232 534 51 25 vikt,
305 537 33 17 att
358 534 60 26 skilja
440 533 77 21 mellan
540 534 28 20 de
588 533 94 27 löpande
706 533 99 21 ordinare
827 533 116 27 utgifterna

190 572 56 17 samt
268 569 80 20 sådana
367 568 123 24 kostnader,
512 574 48 14 som
580 568 36 20 äro
638 567 25 21 af
679 567 91 27 tillfällig
790 571 33 17 art
838 568 43 20 och
896 568 47 20 icke

190 602 133 22 återkomma
338 602 86 28 årligen,
433 603 38 20 har
486 602 115 21 Utskottet
616 602 38 20 här
669 602 53 20 ifrån
737 602 146 27 beräkningen
898 606 46 17 ute-

189 636 58 22 slutit
270 638 41 20 den
334 644 82 13 summa
436 637 24 20 af
472 637 78 25 83,300
564 636 66 24 mark,
646 636 85 21 hvilken
747 636 66 27 enligt
828 643 65 14 mom.
909 642 12 15 2
937 638 7 19 i

189 672 43 20 den
246 672 80 26 nådiga
340 672 165 26 propositionen
517 671 115 27 uppgifves
645 671 72 19 såsom
729 670 66 21 under
806 670 138 28 finansperio-

190 706 43 20 den
253 706 94 26 behöflig
369 706 6 19 i
394 705 114 27 anledning
530 706 25 19 af
574 705 63 21 dessa
659 708 101 24 truppers
783 705 161 27 ombeväpning

190 740 50 20 med
255 740 38 20 det
307 746 43 20 nya
367 739 91 27 3-liniers
476 740 89 26 geväret
576 739 41 21 och
630 739 83 27 påförts
728 740 52 26 1898
794 740 33 20 års
838 740 106 20 ordinarie

192 774 128 27 utgiftsstat;
344 774 78 20 nämda
445 777 51 23 post
518 774 39 20 har
579 774 22 20 af
621 773 114 21 Utskottet
750 773 69 21 blifvit
834 774 109 20 öfverförd

190 809 31 20 till
237 812 76 24 ,extra
328 807 109 28 utgifter”.
466 808 10 20 I
488 808 101 21 medeltal
604 807 64 21 hafva
683 808 116 27 utgifterna
813 808 33 20 för
861 815 83 14 reserv-

189 843 155 27 kompanierna
366 842 67 21 under
455 844 50 20 åren
530 842 110 27 1894—96
662 842 80 27 utgjort
764 843 93 26 852,000
877 842 66 26 mark,

190 879 31 19 uti
242 877 85 21 hvilken
350 877 158 27 utgiftssumma
530 877 47 21 icke
596 878 49 26 ingå
660 878 67 26 några
743 881 62 17 extra
819 877 124 22 kostnader.

191 912 75 21 Under
280 912 142 21 instundande
437 912 145 28 finansperiod
597 912 23 20 är
635 912 98 21 däremot
748 919 27 13 en
787 914 96 26 stegring
895 914 7 19 i
912 916 32 18 ut-

190 947 92 27 gifterna
302 950 33 17 att
350 949 84 18 emotse
449 948 6 19 i
470 946 52 27 följd
537 946 23 21 af
573 945 66 21 också
653 946 36 21 vid
705 947 63 20 dessa
784 950 90 23 trupper
889 947 55 21 före-

191 981 90 21 stående
303 981 165 27 ombeväpning,
490 981 84 21 hvilken
590 981 97 21 kommer
702 985 32 17 att
748 981 98 21 medföra
862 989 26 13 en
903 982 42 20 för-

191 1016 87 26 höjning
293 1016 5 20 i
314 1015 178 21 årskostnaderna
508 1016 32 20 för
554 1014 222 28 skjutförnödenheter
789 1016 46 20 från
847 1016 111 27 omkring
951 1010 10 37 .

191 1050 78 25 60,000
291 1049 31 21 till
344 1049 98 27 omkring
459 1054 91 22 175,000
564 1049 65 25 mark,
646 1049 51 21 eller
713 1050 49 20 med
779 1054 90 22 115,000
885 1050 60 21 mark

191 1084 87 28 årligen.
308 1084 100 21 Orsaken
423 1084 30 20 till
469 1084 69 21 denna
553 1084 72 21 starka
641 1084 79 27 ökning
735 1085 25 20 af
770 1085 122 21 kostnaden
907 1086 37 20 be-

191 1126 35 14 ror
241 1119 74 27 därpå,
332 1122 32 17 att
379 1119 36 20 vid
430 1119 37 20 det
482 1126 42 20 nya
540 1119 100 27 gevärets
655 1120 111 20 införande
778 1120 82 20 antalet
872 1123 74 24 patro-

191 1161 37 13 ner
250 1161 40 20 per
304 1160 48 14 man
374 1153 97 21 kommer
493 1157 32 18 att
540 1160 44 14 mer
599 1154 27 20 än
641 1154 130 25 fördubblas,
788 1155 50 21 eller
853 1158 32 18 att
899 1154 46 22 från

192 1193 27 21 70
241 1188 59 26 höjas
323 1188 31 20 till
378 1193 45 21 170.
453 1188 60 21 Utan
531 1192 31 17 att
577 1188 70 20 kunna
662 1189 77 26 pröfva
753 1189 191 27 nödvändigheten

192 1222 42 20 och
255 1222 154 27 lämpligheten
431 1222 24 20 af
474 1230 26 12 en
522 1224 24 19 så
568 1222 59 22 stark
641 1222 121 28 förhöjning
776 1224 25 20 af
812 1224 132 26 patrontalet

191 1256 36 20 vid
249 1262 106 18 reserven,
377 1256 38 19 där
436 1256 128 26 manskapet
585 1256 23 20 är
623 1256 124 21 församladt
762 1258 78 20 endast
855 1264 27 14 en
896 1258 49 20 kort

191 1289 38 24 tid,
252 1289 39 20 har
311 1289 121 25 Utskottet,
455 1290 67 20 under
543 1290 152 27 förutsättning
717 1294 31 18 att
769 1293 127 25 regeringen
916 1292 28 26 på

191 1324 69 26 grund
280 1323 24 21 af
316 1330 84 14 vunnen
416 1323 120 21 erfarenhet
551 1323 53 21 skall
619 1330 55 20 egna
690 1324 70 21 denna
775 1324 60 28 fråga
850 1324 34 22 sin
899 1332 45 14 om-

191 1357 107 28 pröfning,
319 1357 77 21 endast
416 1360 53 18 trott
490 1359 33 25 sig
538 1357 52 22 böra
605 1358 79 22 beakta
700 1359 124 21 densamma
839 1359 38 22 vid
892 1359 52 21 bud-

191 1395 76 24 getens
278 1392 148 28 uppgörande.
455 1392 35 20 Då
506 1392 36 21 det
558 1393 117 21 emellertid
690 1394 47 20 icke
752 1394 24 20 är
791 1394 113 26 sannolikt,
913 1398 32 18 att

192 1428 27 20 de
240 1434 43 20 nya
304 1426 94 28 gevären
420 1426 32 21 för
473 1427 228 28 reservkompanierna
716 1428 61 22 skola
793 1429 90 21 erhållas
898 1428 46 22 före

261 1474 129 15 Statsutskottets
403 1473 103 17 betänkande
517 1474 35 16 N:o
563 1478 17 16 4.
