1067 1709
198 100 14 20 2
436 100 20 22 U.
472 100 20 22 B.
509 113 26 2 —
552 100 56 27 Prop.
625 99 34 23 N:o
676 99 33 22 16.

199 162 71 22 större
285 162 134 28 omfattning
434 162 94 29 bidraga
542 162 33 22 till
590 168 82 16 varans
690 162 148 21 konsumtion.
871 162 10 21 I
895 161 53 22 kon-

198 202 95 22 seqvens
309 196 51 22 med
376 196 61 22 detta
452 196 206 28 uppfattningssätt,
673 196 41 21 har
729 196 38 22 det
781 196 60 22 inom
853 196 96 22 berörda

198 230 64 22 stånd
279 230 84 28 yrkats,
384 232 32 20 att
431 231 96 21 nämnda
541 230 93 29 höjning
649 230 69 22 borde
733 230 71 22 blifva
813 230 135 28 betydande,

197 265 95 22 hvarvid
314 266 129 21 densamma
465 266 85 22 ansetts
572 266 75 21 kunna
664 265 72 28 uppgå
752 265 58 21 ända
824 265 33 21 till
872 264 76 22 trettio

196 300 67 28 penni
286 300 35 22 för
343 300 77 28 hvarje
443 300 51 21 liter
513 299 119 23 tillverkad
647 306 61 20 vara,
723 299 29 28 på
766 300 38 21 det
819 300 33 21 att
866 305 82 23 genom

197 334 44 22 den
263 334 101 29 stegring
378 334 7 22 i
401 334 220 28 försäljningspriset,
644 340 47 16 som
710 334 109 28 åtgärden
834 334 114 28 själffallet

196 368 70 22 måste
283 368 124 27 framkalla,
423 369 28 21 de
466 368 176 29 alkoholhaltiga
657 369 125 27 dryckerna
797 368 68 22 måtte
877 368 71 22 blifva

198 402 89 22 svårare
302 402 128 29 åtkomliga.

264 437 62 22 Inom
341 437 109 22 utskottet
465 438 41 21 har
520 437 150 28 nyssberörda
685 437 86 29 förslag
786 437 68 22 äfven
868 437 80 22 vunnit

196 473 73 21 varmt
290 472 129 22 understöd.
450 472 126 22 Utskottets
593 472 73 22 flertal
680 472 42 22 har
736 472 58 22 dock
809 472 49 22 dels
874 472 73 28 dragit

194 506 7 22 i
217 506 141 22 betänkande
381 508 33 20 att
437 507 121 22 medverka
580 507 34 21 till
636 508 33 20 ett
688 506 74 23 beslut
776 513 35 15 om
828 514 27 14 en
870 506 77 22 alltför

195 541 127 28 betydande
338 542 101 28 stegring
454 542 26 21 af
492 541 96 27 skatten,
603 542 48 21 dels
667 541 98 22 förhållit
779 542 35 28 sig
824 541 122 29 afböjande

194 577 116 27 gentemot
324 576 77 28 hvarje
417 576 207 28 skatteförhöjning.
648 576 80 22 Medan
743 576 59 22 inom
813 576 57 22 båda
880 576 66 22 dessa

195 610 201 28 meningsgrupper
411 610 92 22 uttalats
519 610 115 28 farhågan,
649 612 33 20 att
697 617 28 15 en
740 610 84 30 hastigt
838 611 108 28 vidtagen

194 645 92 28 höjning
300 645 26 21 af
340 645 89 22 skatten
444 645 41 22 och
501 645 66 22 deraf
580 645 131 22 framkallad
727 646 104 22 konstlad
844 646 102 28 stegring

193 680 8 20 i
215 679 177 28 bränvinspriset
406 680 88 21 komme
510 681 32 20 att
558 680 123 21 frammana
696 681 32 20 ett
743 680 71 22 större
828 680 60 22 antal
898 680 48 28 lag-

194 713 179 27 öfverträdelser,
389 714 77 21 hvilka
480 714 72 22 under
567 714 85 22 formen
668 714 25 22 af
703 714 169 28 lönnbränning,
884 714 61 22 lönn-

193 748 90 28 krögeri
308 748 42 22 och
372 748 144 28 lurendrejeri
538 748 50 22 icke
604 748 72 22 skulle
692 748 62 28 dröja
769 750 33 20 att
816 749 70 21 sänka
901 749 44 21 den

194 782 86 29 sedliga
295 782 67 22 nivån
376 782 41 22 hos
432 782 160 29 befolkningen
608 782 12 22 å
635 783 27 21 de
678 784 66 26 orter,
760 784 40 21 der
813 783 98 29 lagbrott
922 783 26 22 af

192 817 97 22 nämnda
311 818 35 21 art
367 823 75 16 vunne
463 817 81 28 insteg,
566 816 69 23 hafva
657 817 65 22 dessa
741 824 99 22 grupper
854 818 7 21 i
876 818 69 28 öfrigt

194 851 103 23 omfattat
312 851 59 22 olika
389 851 144 29 synpunkter.

259 886 194 28 Förespråkarene
476 886 36 22 för
534 886 43 22 den
594 886 96 29 lindriga
705 886 237 30 skatteförhöjningen,

192 920 77 22 hvilka
291 921 85 27 utgjort
397 920 121 22 utskottets
536 921 79 26 flertal,
630 921 69 22 hafva
713 922 32 21 uti
761 922 183 28 lagstiftningens

191 954 61 29 gång
273 955 29 27 på
323 954 100 22 området
441 955 35 21 för
490 955 207 22 bränvinsskattens
713 956 154 22 fastställande
882 956 62 22 velat

193 996 24 15 se
232 995 28 16 en
275 989 111 27 tradition,
400 989 104 27 syftande
514 989 22 22 åt
547 989 91 29 gradvis
648 990 102 28 stegring
760 990 26 22 af
793 990 73 22 denna
876 987 66 30 skatt,

194 1030 28 15 en
244 1023 112 27 tradition,
378 1023 92 22 hvilken
491 1024 49 22 icke
562 1024 69 22 borde
646 1024 146 28 öfvergifvas,
807 1025 59 21 helst
881 1024 62 22 såväl

196 1058 52 22 data
266 1057 48 22 från
329 1058 69 21 andra
413 1058 89 22 länders
517 1058 142 28 lagstiftning
674 1058 77 22 visade
766 1060 33 20 att
814 1065 51 16 man
880 1059 64 28 lugnt

197 1092 75 22 kunde
295 1092 74 28 fortgå
390 1092 7 22 i
416 1092 73 22 denna
510 1093 105 27 riktning,
638 1099 48 15 som
708 1100 34 20 en,
765 1100 36 15 om
823 1094 42 22 ock
880 1094 64 28 ringa

194 1126 202 28 skatteförhöjning
418 1126 70 23 måste
510 1127 93 29 bidraga
624 1129 34 20 att
672 1128 87 22 minska
773 1128 171 22 konsumtionen

195 1161 42 21 och
252 1160 93 23 sålunda
360 1161 77 22 närma
452 1162 38 21 det
504 1161 50 27 mål,
570 1168 51 16 man
636 1162 59 22 inom
710 1162 82 22 folkets
802 1162 70 22 breda
881 1163 63 28 lager

193 1194 97 23 åtrådde.

259 1229 107 22 Häremot
388 1230 40 21 har
450 1230 92 27 anförts,
564 1231 107 21 hurusom
686 1237 52 16 man
752 1231 52 22 med
818 1232 126 22 kännedom

196 1268 36 16 om
248 1262 130 22 drinkarens
392 1262 150 29 viljesvaghet
558 1264 40 21 och
614 1264 92 28 styrkan
721 1264 25 22 af
758 1265 56 21 hans
826 1266 118 27 begärelse

195 1296 49 22 icke
266 1296 76 22 kunde
360 1296 90 22 komma
466 1297 34 21 till
516 1298 43 21 den
573 1298 150 28 uppfattning,
738 1300 33 20 att
786 1305 28 15 en
829 1299 116 29 obetydlig

196 1330 129 30 förhöjning
346 1330 26 22 af
391 1331 195 23 bränvinsskatten
608 1332 88 23 besutte
711 1332 117 30 förmågan
842 1335 33 21 att
889 1334 56 28 göra

198 1366 28 22 de
248 1366 176 28 alkoholhaltiga
446 1366 125 28 dryckerna
592 1366 90 23 svårare
704 1367 121 31 åtkomliga
842 1369 56 22 eller
912 1370 33 21 att

256 1437 68 21 Ekono
331 1437 124 21 miutskottets
470 1438 114 20 betänkande
599 1438 37 20 N:o
651 1440 20 19 2.
