1048 1709
310 88 29 22 U.
354 88 27 22 B.
400 102 26 2 —
443 88 73 28 Prop.
532 89 46 23 N:o
593 89 37 22 14.
830 90 24 20 11

104 160 70 27 bevis,
199 160 69 21 ehuru
294 159 136 22 förfarandet
453 160 8 20 i
483 160 62 22 detta
571 160 104 22 afseende
700 160 106 27 gestaltat
822 160 34 26 sig

103 196 62 22 olika
181 196 37 21 vid
236 196 60 21 olika
319 195 126 22 domstolar.
475 196 41 20 Att
535 196 129 27 härigenom
680 202 26 15 en
723 196 111 27 ojemnhet
848 196 8 21 i

104 231 172 27 lagskipningen
300 231 60 27 gjort
383 231 34 27 sig
438 231 102 26 gällande
561 231 35 21 till
617 237 49 15 men
687 230 35 22 för
742 231 43 21 den
800 233 55 19 rätt-

104 267 100 21 sökande
212 266 155 28 allmänheten,
376 267 63 21 torde
448 267 49 21 icke
505 267 75 21 kunna
588 266 110 22 förnekas.
714 267 12 21 I
734 268 123 26 synnerhet

105 302 67 22 hafva
196 303 27 21 de
246 302 128 27 härigenom
399 302 126 26 uppkomna
550 302 173 27 olägenheterna
741 302 60 22 visat
822 302 35 27 sig

105 338 101 22 känbara
216 338 38 22 vid
269 338 163 27 behandlingen
448 338 25 21 af
486 338 215 27 ersättningsfrägor
711 338 8 21 i
730 338 125 28 allmänhet,

105 374 41 20 och
162 374 65 21 dessa
242 374 144 26 olägenheter
401 374 76 22 blefve
493 374 87 22 säledes
595 374 128 27 pätagligen
739 374 66 22 äfven
819 375 36 21 be-

105 409 97 27 tydande
218 410 6 20 i
241 409 44 22 mål
300 410 95 21 rörande
411 410 135 22 skadestånd
562 410 6 20 i
580 409 56 27 följd
651 409 25 22 af
686 410 169 27 jernvägsdrift,

105 444 33 22 uti
154 445 77 21 hvilka
247 445 178 21 framställandet
441 445 25 21 af
475 452 26 15 en
518 445 90 22 formelt
618 446 110 22 bindande
739 446 117 27 bevisning

105 480 105 28 vanligen
226 483 70 19 stöter
313 481 28 26 på
357 483 60 19 stora
433 481 145 27 svårigheter.
610 481 116 22 Utskottet
742 487 66 15 anser
818 481 38 22 det

105 515 76 23 derför
198 522 51 16 vara
265 516 120 28 gagneligt,
403 518 33 20 att
451 516 29 22 fri
496 516 168 28 bevispröfning
679 517 68 21 redan
758 523 30 15 nu
798 516 58 22 före-

106 552 98 22 skrifves
214 552 8 21 i
234 552 49 28 mål,
300 558 46 16 som
363 552 88 27 afgöras
468 554 27 25 på
511 552 71 28 grund
599 552 25 21 af
638 552 71 22 denna
725 553 43 27 lag.
792 553 12 21 I
814 553 42 21 den

105 587 36 22 till
158 588 124 22 Ständerna
297 588 38 22 vid
351 588 149 22 innevarande
516 588 106 27 landtdag
638 588 164 22 öfverlemnade
818 589 38 21 nå-

106 624 51 27 diga
173 625 164 26 propositionen
353 624 113 27 angående
483 631 30 20 ny
528 626 37 26 lag
581 630 33 16 om
631 624 183 28 förmynderskap
831 627 25 19 är

105 658 67 23 äfven
193 660 30 21 fri
246 659 169 28 bevispröfning
435 659 126 29 föreslagen
578 660 7 21 i
601 660 43 21 mål
665 667 34 15 om
720 661 93 21 klander
834 660 24 22 af

105 696 154 26 förmyndares
282 696 149 27 redovisning.
455 696 40 21 Att
517 696 148 28 grundsatsen
689 703 32 15 om
747 697 42 21 den
813 696 43 22 fria

104 732 199 27 bevispröfningen
329 732 92 21 sålunda
447 732 135 28 småningom
608 732 83 22 införes
715 733 6 21 i
745 734 41 20 vär
810 733 46 27 lag-

106 768 110 26 stiftning,
248 768 209 21 öfverensstämmer
483 768 69 27 enligt
574 768 127 22 Utskottets
728 768 58 27 äsigt
808 768 48 22 med

106 803 56 22 sund
178 803 239 27 lagstiftningspolitik.
449 804 67 21 Detta
532 804 179 27 tillvägagående
726 804 41 21 har
783 804 72 27 äfven,

106 839 34 22 för
156 841 33 20 att
211 841 78 20 nämna
310 842 33 19 ett
364 840 99 26 exempel
479 838 51 23 från
552 840 68 21 andra
636 840 84 28 länder,
740 840 116 28 iakttagits

105 876 8 21 i
137 876 121 27 Tyskland,
283 876 40 22 der
345 876 7 21 i
376 876 66 27 lagen
464 882 31 15 om
518 876 42 22 den
579 876 101 22 litterära
697 876 159 27 eganderätten

106 911 24 22 af
145 912 41 22 den
209 914 24 19 11
251 912 49 27 juni
321 914 62 25 1870,
401 912 7 21 i
424 912 65 26 lagen
505 919 33 14 om
560 912 146 22 varumärken
726 912 25 21 af
764 912 42 22 den
829 914 27 20 30

106 948 120 22 november
250 949 55 20 1874
327 948 40 21 och
387 948 7 21 i
415 948 142 26 patentlagen
580 947 26 22 af
626 948 42 21 den
692 949 27 20 25
741 948 41 27 maj
802 950 54 20 1877

106 984 71 26 sagda
198 984 120 27 grundsats
336 983 105 27 infördes,
459 984 69 20 ehuru
544 983 42 22 den
603 983 57 22 först
675 990 78 20 genom
769 984 28 21 de
816 990 43 20 nya

104 1019 186 27 justitielagarne,
311 1019 76 22 hvilka
406 1018 78 22 trädde
500 1019 7 21 i
524 1018 60 22 kraft
600 1019 42 21 den
661 1022 10 18 1
689 1019 93 21 oktober
795 1021 62 21 1879,

106 1055 49 21 blef
170 1056 92 20 allmänt
277 1056 108 26 gällande.

180 1090 49 22 Som
246 1090 37 22 det
298 1091 41 20 hör
355 1091 34 21 till
406 1090 43 22 den
463 1090 45 22 fria
523 1090 203 27 bevispröfningen,
738 1092 34 19 att
787 1090 71 21 doma-

106 1132 40 15 ren
167 1126 57 21 skall
242 1126 50 22 icke
314 1126 95 21 allenast
436 1125 49 22 fritt
501 1126 79 26 pröfva
596 1125 194 27 bevismaterialet,
807 1128 52 19 utan

106 1162 67 21 äfven
190 1162 70 28 enligt
279 1162 34 22 sin
333 1162 151 27 öfvertygelse
506 1162 112 21 fastställa
636 1161 58 22 hvad
710 1162 8 20 i
734 1161 69 21 saken
818 1162 40 20 bör

106 1204 66 15 anses
196 1198 71 22 såsom
291 1199 56 26 sant,
372 1198 39 20 har
435 1197 117 23 Utskottet
572 1196 130 28 förtydligat
725 1196 133 28 paragrafen

108 1233 83 22 derhän
215 1236 33 19 att
271 1234 58 22 efter
352 1233 67 21 orden
445 1234 53 25 ,allt
521 1232 58 22 hvad
594 1232 7 21 i
618 1233 67 21 målet
703 1232 152 22 förekommit"

107 1269 86 27 tillagts
210 1270 67 21 orden
296 1287 9 10 ,
309 1270 70 26 enligt
395 1269 33 21 sin
445 1268 172 28 öfvertygelse*.

179 1305 31 21 På
226 1312 82 14 samma
323 1305 50 22 skäl
389 1311 45 15 som
449 1305 6 20 i
467 1304 12 28 &
498 1306 25 19 11
540 1305 40 20 har
591 1304 116 21 Utskottet
717 1304 7 20 i
736 1303 76 22 stället
824 1303 35 21 för

108 1341 63 21 ordet
196 1340 275 28 ,jernvägsinnehafvare*
492 1341 7 19 i
515 1338 145 28 paragrafens
683 1339 57 21 båda
763 1341 96 19 moment

107 1374 69 23 infört
194 1376 118 27 ,jernvägs
329 1381 66 21 egare
412 1375 55 21 eller
483 1374 164 22 innehafvare*.

180 1418 137 22 Lagutskottets
330 1417 116 19 betänkande
459 1417 38 18 N:o
510 1417 16 17 1.
