1053 1709
318 118 29 22 U.
362 118 27 22 B.
405 131 29 3 —
448 118 74 28 Prop.
538 118 45 23 N:o
598 119 38 22 22.
831 125 23 22 35

310 189 57 25 taget
381 187 48 21 med
442 187 108 21 särskilda
565 187 128 28 ändringar,
707 188 10 20 i
728 187 56 28 följd
793 188 63 21 hvar-

310 221 27 27 af
352 222 67 26 sagda
434 221 83 28 förslag
532 222 83 20 komme
630 223 33 19 att
677 221 84 21 erhålla
776 222 80 27 följan-

309 255 25 21 de
349 254 91 28 lydelse:

443 391 155 28 Förordning
613 397 39 17 om
664 392 61 28 jagt.

560 494 46 27 ig

367 556 98 28 Jagträtt
474 557 14 21 å
490 557 163 28 jordlägenhets
661 564 50 21 egor
719 558 138 26 tillkommer,

311 591 49 21 med
375 592 24 20 de
413 591 114 28 undantag
538 592 38 21 och
586 592 189 27 inskränkningar
785 592 71 21 nedan

311 628 70 25 sägas,
401 626 136 27 lägenhetens
558 632 73 22 egare;
650 626 37 21 och
706 633 65 14 anses
784 626 73 21 såsom

310 660 47 27 jagt
371 660 65 27 äfven
452 660 74 27 hvarje
540 660 112 28 fångande
667 660 28 28 af
706 660 61 22 vildt.
790 660 67 21 Lika-

312 694 55 21 ledes
388 701 35 21 ege
446 695 85 21 allmän
554 694 126 28 inrättning
698 695 123 27 jagträtten
842 695 14 21 å

312 729 68 27 mark,
399 736 47 14 som
469 730 70 20 under
560 729 154 27 inrättningen
734 729 66 27 lyder,
819 729 38 21 och

311 762 49 22 stad
375 763 13 20 å
403 763 39 21 sitt
456 762 90 28 afhysta
561 763 94 21 område.

375 797 72 21 Under
455 798 54 27 jord
524 797 38 21 och
574 797 62 21 mark
645 797 123 28 inbegripes
778 798 80 21 sådant

312 832 202 27 vattenområde,
529 838 47 14 som
591 831 39 21 hör
645 832 35 20 till
692 832 85 28 jorden.

561 918 50 27 28.

369 974 52 28 Åbo
442 980 14 21 &
476 980 200 22 kronohemman
696 980 45 21 och
759 987 100 21 annan,

311 1022 47 14 som
375 1014 96 22 innehar
482 1014 54 28 jord
552 1014 50 21 med
615 1014 89 28 ständig
720 1014 139 28 besittnings-

311 1051 50 25 rätt,
383 1049 61 27 njute
458 1049 122 27 jagträtten
600 1048 51 21 derä
673 1048 94 28 tillgodo,
786 1048 72 22 såsom

312 1090 35 14 om
365 1090 61 20 egare
444 1083 9 20 i
468 1082 72 22 denna
554 1082 131 28 förordning
700 1084 56 26 sägs.
787 1082 69 21 Ena-

312 1117 85 22 handa
415 1118 55 20 rätt
485 1117 141 21 tillkomme
640 1116 176 28 innehafvare
831 1116 32 28 af

312 1151 156 28 kungsgärd,
492 1151 108 21 boställe
625 1151 44 21 och
691 1157 90 14 annan
803 1150 54 22 der-

312 1186 55 20 med
381 1185 108 21 likstäld
505 1185 127 27 lägenhet,
645 1184 42 27 för
699 1184 88 21 hvilka
799 1184 61 21 dock

312 1219 218 28 0fverenskommelse,
546 1225 47 14 som
612 1218 9 20 i
643 1219 14 20 8
675 1218 38 21 och
731 1219 14 19 9
759 1218 30 28 $$
803 1220 55 25 sägs,

312 1254 19 27 ej
351 1254 42 20 mä
413 1253 65 27 ingås
497 1255 56 19 utan
572 1252 109 28 samtycke
697 1252 28 27 af
736 1252 41 20 den
791 1259 67 20 myn-

312 1288 78 27 dighet,
406 1287 87 21 hvilken
511 1286 60 28 öfver
587 1286 82 21 sädan
686 1286 119 28 lägenhet
819 1286 41 20 har

312 1322 96 27 uppsigt.

374 1354 42 21 Vid
434 1354 46 27 lega
498 1354 25 27 af
532 1354 54 27 jord
599 1353 10 20 i
624 1354 83 20 annat
721 1353 52 27 fall
787 1353 72 27 öfver-

310 1388 41 30 går
377 1388 123 28 jagträtten
528 1387 46 21 icke
603 1387 14 21 ä&
644 1387 141 28 legotagaren,
812 1387 50 21 med

177 1472 43 21 Lag-
233 1472 27 16 och
272 1470 166 18 Ekonomiutskottets
451 1468 102 18 betänkande
566 1468 33 16 N:o
610 1473 17 15 4.
