1048 1709
303 114 29 23 U.
347 114 64 22 B.—
426 114 74 29 Prop.
516 114 45 22 N:o
576 113 39 23 22.
822 118 27 22 57

382 456 185 29 Reservationer.

462 525 16 21 I.

605 565 176 28 (Öfversättning).

167 628 63 21 Enär
245 628 125 21 Utskottets
384 628 84 26 förslag
483 628 7 21 i
506 629 13 20 8
535 628 43 21 och
589 629 13 20 9
612 629 27 26 8$
649 627 78 22 kunde
739 628 51 21 leda
802 628 49 20 der-

97 663 55 25 hän,
173 664 32 19 att
226 662 164 21 innehafvaren
409 662 25 21 af
447 662 68 27 något
530 662 96 21 boställe
641 668 82 21 genom
739 661 112 28 ingående

98 697 26 20 af
143 697 7 20 i
173 696 66 21 dessa
260 697 28 26 $$
310 696 137 21 omnämndt
469 697 54 20 aftal
543 697 74 20 skulle
633 697 88 20 kränka
737 697 35 20 sin
788 697 64 20 efter-

98 730 102 21 trädares
215 730 7 21 i
237 731 37 26 lag
290 730 117 27 skyddade
422 731 50 26 rätt,
488 731 23 20 få
526 731 22 20 vi
563 730 119 21 vördsamt
697 730 92 21 föreslå:

373 829 32 19 att
418 827 15 20 8
447 827 63 21 och
500 822 13 37 9
521 826 32 28 $$
565 828 66 19 måtte
641 827 32 20 till
685 827 101 20 Utskottet
797 827 56 20 åter-

305 862 118 21 remitteras
444 862 36 27 för
500 864 32 19 att
553 862 168 27 omformuleras
745 861 8 21 i
773 861 83 21 sådant

305 897 60 28 syfte,
388 898 31 19 att
440 897 34 20 det
496 896 7 21 i
517 897 60 20 dessa
590 895 131 29 paragrafer
737 895 118 22 omordade

306 931 60 28 aftal,
381 931 36 27 för
432 930 71 21 såvidt
516 931 35 20 det
564 931 72 26 angår
652 930 92 24 boställe,
760 936 46 14 som
820 931 33 19 ut-

304 967 40 26 gör
367 965 130 27 lönetillägg,
520 965 66 20 måtte
605 965 59 26 gälla
687 964 76 21 endast
785 963 70 21 under

306 999 52 21 dens
374 999 161 27 besittningstid,
547 1005 46 15 som
610 998 71 27 ingått
695 999 80 27 aftalet.

169 1091 141 28 Helsingfors
325 1091 45 21 den
385 1091 28 21 26
428 1091 63 27 April
508 1091 60 21 1897.

170 1189 22 22 K.
208 1189 24 22 A.
248 1189 138 23 Schroderus.
606 1187 61 22 Juuso
684 1186 101 27 Hedberg.

171 1464 45 22 Lag-
228 1464 27 16 och
267 1462 167 17 Ekonomiutskottets
446 1461 103 17 betänkande
560 1459 35 18 N:o
607 1466 17 15 4.
