1039 1709
285 76 76 24 Ständ.
377 78 33 22 Sv.
426 91 28 2 —
468 78 66 29 Prop.
549 77 40 23 N:o
606 77 32 23 19.
824 78 12 21 7

84 142 75 30 enligt
182 144 27 21 38
231 142 52 29 kap.
299 144 13 21 2
335 145 12 25 8
370 143 143 29 Strafflagen
534 143 47 22 kan
603 143 93 21 ädömas
712 143 124 27 sakförare,

84 177 52 21 icke
158 176 75 23 heller
255 177 45 21 alla
315 180 39 18 äro
370 178 26 21 af
407 178 45 22 den
474 178 168 25 beskaffenhet,
664 180 34 19 att
713 177 28 22 de
756 177 82 29 gjorde

85 212 50 27 den,
152 218 51 15 som
217 211 82 29 begått
313 211 93 28 brottet,
422 212 111 28 olämplig
544 214 34 19 att
588 212 133 21 handhafva
735 212 103 28 förmyn-

85 246 105 29 derskap,
213 246 70 21 hafva
305 245 129 22 Ständerna
458 248 77 20 ansett
557 246 69 21 äfven
646 246 155 22 bedömandet
816 245 25 22 af

85 279 85 22 sådana
192 287 121 21 personers
335 280 138 29 lämplighet
488 282 35 20 att
537 287 55 15 vara
613 280 148 29 förmyndare
783 280 57 21 böra

85 314 155 23 öfverlemnas
256 314 24 21 åt
294 316 89 20 rättens
398 315 118 28 pröfning.

153 350 27 21 37
196 351 19 26 &.
245 349 13 22 I
272 349 75 22 denna
369 349 109 29 paragraf
499 349 92 28 stadgas
614 351 41 26 att,
677 349 52 22 ifall
744 351 34 20 ett
793 349 46 22 för-

84 383 157 29 mynderskap
256 383 137 22 anförtrotts
409 384 23 21 åt
446 384 56 21 flere
517 383 156 29 förmyndare,
698 383 96 29 delning
816 383 26 21 af

84 417 218 29 förmynderskapet
317 418 46 22 kan
378 425 42 22 ega
434 425 58 21 rum,
509 425 36 14 om
560 420 78 19 rätten
654 425 67 14 anser
730 418 52 21 skäl
790 417 49 22 där-

83 453 39 21 till
136 452 133 22 förefinnas.
284 453 188 28 Förmyndarene
487 453 80 22 kunna
582 453 70 21 alltså
666 453 21 28 ej
703 452 25 22 få
744 452 96 28 delning

84 487 38 22 till
137 487 74 27 stånd,
228 487 40 21 där
283 487 52 21 icke
349 489 77 20 rätten
432 487 76 21 finner
516 495 29 13 en
552 487 72 21 sådan
633 487 109 28 behöflig.
757 487 83 21 Denna

85 521 124 28 grundsats
233 521 205 21 öfverenstämmer
452 521 38 21 väl
504 521 53 21 med
581 520 107 29 gällande
707 522 56 25 rätt;
787 528 53 14 men

85 555 82 22 härvid
183 558 25 18 är
223 557 34 19 att
272 555 81 21 märka
368 557 34 19 att
416 555 148 29 förmyndare
580 555 53 22 med
648 555 82 22 odelad
744 555 96 21 förvalt-

85 589 58 29 ning
166 589 75 28 enligt
263 589 44 22 den
329 589 134 22 nuvarande
486 589 182 29 lagstiftningen
692 596 97 15 ansvara
804 589 36 21 för

85 624 132 21 densamma
241 623 59 22 efter
322 623 155 28 hufvudtalet,
500 623 84 22 medan
599 623 45 22 den
658 623 85 29 nådiga
757 630 83 22 propo-

85 659 101 21 sitionen
206 658 103 22 däremot
331 658 93 29 ålägger
446 658 84 21 sådana
552 658 149 28 förmyndare
717 657 123 23 solidarisk

86 693 150 29 ansvarighet
243 693 37 22 för
289 693 77 28 skada,
375 700 49 15 som
432 700 84 21 genom
527 693 67 21 deras
610 692 106 22 vållande
731 693 110 28 tillskyn-

85 727 51 22 dats
151 727 161 29 myndlingen,
328 727 95 22 såframt
437 727 52 21 icke
504 727 45 22 den
562 734 54 15 enes
625 727 145 22 vårdslöshet
785 727 56 22 eller

84 761 111 23 förseelse
210 761 60 22 varit
285 761 26 22 af
319 761 45 22 den
372 761 164 28 beskaffenhet,
547 763 35 20 att
590 761 45 22 den
643 761 70 22 andre
722 761 20 29 ej
751 761 90 22 kunnat

85 797 44 22 och
151 796 53 22 bort
223 796 144 22 förekomma
382 796 139 22 densamma.
550 796 84 21 Denna
648 795 139 22 förändrade
802 803 39 14 an-

85 830 224 30 svarighetsprincip
324 838 56 14 anse
394 830 122 22 Ständerna
525 830 85 29 jämväl
626 830 56 22 böra
696 830 144 29 godkännas,

85 866 96 22 emedan
189 865 45 22 den
243 867 103 20 närmast
353 866 217 21 öfverensstämmer
576 865 52 22 med
634 865 82 28 lagens
724 865 118 22 allmänna

85 900 152 30 grundsatser
252 900 119 29 angående
388 899 146 28 skadestånd,
557 907 54 14 men
626 899 104 22 däremot
745 899 42 22 har
802 899 40 22 det

85 938 67 26 synts
169 935 108 28 oskäligt,
293 936 35 20 att
342 935 41 22 vid
397 934 83 22 sådant
495 934 147 22 förhållande
653 934 83 29 tvinga
751 941 29 14 en
795 933 45 22 för-

85 969 118 30 myndare,
227 977 49 14 som
298 969 53 22 icke
369 977 55 21 eger
438 971 48 20 rätt
500 971 34 20 att
550 969 82 29 afsäga
646 969 38 28 sig
698 968 144 29 förmynder-

86 1005 89 28 skapet,
199 1006 34 19 att
255 1003 133 23 handhafva
410 1004 64 21 detta
496 1003 95 22 odeladt
613 1003 154 22 tillsammans
789 1003 54 21 med

86 1047 29 14 en
131 1046 83 20 annan,
229 1039 37 21 för
282 1039 96 21 hvilken
392 1038 47 22 han
454 1039 114 28 möjligen
582 1038 52 21 icke
649 1038 42 21 har
706 1037 135 22 förtroende

86 1073 43 22 och
151 1074 38 21 för
211 1073 69 22 hvars
303 1073 107 28 åtgärder
431 1072 47 22 han
501 1072 97 22 sålunda
621 1072 59 22 dock
698 1072 93 22 komme
807 1073 35 20 att

85 1115 56 15 vara
161 1107 170 29 medansvarig.
366 1107 44 22 Att
435 1107 45 21 den
506 1114 43 14 ene
574 1106 166 29 förmyndaren
766 1106 76 21 såsom

86 1144 93 19 nämnts
195 1141 90 29 undgår
301 1141 149 28 ansvarighet
464 1141 38 22 för
516 1140 73 23 sådan
604 1141 44 21 den
664 1141 83 21 andres
762 1140 80 21 vårds-

85 1177 78 21 löshet
178 1176 55 21 eller
251 1175 117 28 förseelse,
387 1183 49 14 som
451 1175 47 22 han
512 1175 21 28 ej
549 1175 62 21 varit
626 1175 88 28 pliktig
728 1174 115 22 förekom-

85 1218 44 20 ma,
152 1210 107 29 erbjuder
281 1209 52 22 icke
355 1210 45 21 den
421 1209 63 22 förre
505 1208 128 29 tillräcklig
652 1209 119 28 trygghet,
788 1211 55 18 enär

86 1244 87 23 vidden
188 1244 25 22 af
225 1244 40 21 det
280 1244 155 29 aktgifvande,
452 1251 48 14 som
517 1243 201 28 sålunda
618 1238 10 39 i
640 1243 76 28 hvarje
728 1242 43 22 fall
786 1242 57 28 älig-

87 1287 41 21 ger
142 1279 45 22 den
203 1286 42 14 ene
259 1279 165 28 förmyndaren
446 1279 120 27 gentemot
581 1277 45 22 den
642 1277 77 28 andre,
734 1277 70 21 beror
820 1276 26 22 af

87 1314 45 21 den
154 1321 91 14 senares
268 1314 134 27 personliga
428 1312 149 29 egenskaper,
601 1312 81 22 hvilka
704 1312 64 28 förty
789 1310 53 22 icke

88 1348 79 20 kunna
183 1354 54 14 vara
252 1346 218 28 medförmyndaren
490 1346 126 28 likgiltiga.
645 1346 142 27 Paragrafen
802 1345 42 20 har

87 1380 79 22 därför
191 1380 92 22 ändrats
306 1380 96 22 sålunda
424 1381 39 27 att,
488 1380 39 21 där
548 1379 55 21 flere
625 1378 149 29 förmyndare
797 1382 45 23 äro,
