1042 1714
334 98 24 22 U.
375 98 23 22 B.
415 111 27 2 —
456 99 64 29 Prop.
536 99 37 25 N:o
590 99 33 22 15.
840 103 11 18 7

98 163 99 29 köpebref
218 165 13 20 &
250 163 120 29 fastighet.
401 164 52 22 Den
472 172 80 14 senare
572 168 25 19 är
611 165 54 22 vida
680 165 122 29 vigtigare,
818 166 34 21 in-

98 198 129 29 bringande
243 198 90 28 ärligen
348 199 55 22 6—7
419 199 88 28 gänger
521 206 63 15 mera
600 203 29 18 än
640 199 93 22 skatten
743 201 31 27 pä
784 199 68 22 faste-

97 232 58 21 bref.
186 233 162 20 Tillsammans
370 232 70 21 hafva
461 233 65 21 dessa
548 233 60 22 båda
628 233 87 22 former
733 234 25 21 af
770 234 82 28 fastig-

98 266 118 21 hetsskatt
230 265 75 22 under
319 267 29 20 de
363 267 101 21 nämnda
479 268 54 20 ären
548 267 94 28 inbragt
656 268 71 27 nägot
742 267 66 22 öfver
822 275 29 14 en

97 300 108 22 femtedel
223 300 26 21 af
262 301 203 28 stämpelskattens
481 301 51 22 hela
547 301 164 29 bruttobelopp
728 303 124 26 (noggran-

97 341 55 15 nare
174 334 117 22 bestämdt
313 336 44 27 23,9
381 335 42 22 och
447 337 44 26 22,5
502 336 43 27 9/,),
562 335 56 22 eller
633 335 60 22 Fmk
710 337 97 26 181,176:
823 337 28 21 92

96 369 44 22 och
155 370 99 27 361,561:
271 371 34 20 40.
331 369 84 22 Derest
430 377 53 14 man
497 370 40 21 vid
552 378 29 13 en
596 370 108 21 inbördes
718 370 132 29 jemförelse

96 403 26 22 af
142 403 175 30 totalbeloppen
339 404 88 21 lemnar
450 404 45 21 den
515 404 59 22 först
596 404 52 21 frän
672 405 56 22 1895
744 404 106 29 gällande

97 438 161 22 vexelskatten
273 445 28 14 ur
317 438 66 28 sigte,
399 438 42 22 har
456 439 88 21 säledes
560 439 114 28 stämpeln
678 434 14 37 &
687 439 163 28 fastigheter,

96 472 98 23 hvilken
217 472 66 22 ökats
304 472 52 21 med
370 473 8 20 i
393 472 109 22 medeltal
517 474 12 21 8
538 474 27 27 9/,
580 473 36 21 för
631 473 31 28 är,
678 473 106 22 tillvuxit
798 473 9 22 i
822 481 28 13 en

95 507 156 28 progression,
275 507 112 22 snabbare
410 511 30 18 än
462 507 92 22 skatten
568 508 9 21 i
592 508 52 21 dess
666 508 79 21 helhet
760 507 41 22 har
816 510 34 19 att

95 542 106 28 uppvisa.
233 541 90 30 Sjelfva
345 541 155 22 skattesatsen
515 543 41 21 har
570 542 52 21 icke
637 543 73 20 under
725 542 76 21 denna
815 541 35 22 tid

95 576 126 28 undergätt
235 575 129 22 nämnvärd
378 575 142 30 förändring,
537 583 37 15 om
590 576 44 21 ock
648 576 148 22 föreskrifter
806 576 44 29 gif-

96 611 47 22 vits
158 610 37 22 för
211 613 34 20 att
259 614 58 25 göra
330 610 181 29 förordningens
526 610 140 23 efterlefnad
681 618 168 21 noggrannare,

95 645 95 23 hvarför
205 645 139 29 framsteget
359 646 52 21 icke
427 647 141 28 oväsentligt
582 646 74 21 måste
666 646 123 22 betecknas
800 653 48 14 som

96 681 117 22 beroende
234 681 30 29 på
287 681 112 22 konstant
420 681 115 22 verkande
551 681 109 22 faktorer.
688 681 12 22 I
716 681 76 22 denna
813 681 37 21 del

95 716 74 21 måste
185 716 88 22 således
289 723 29 14 en
335 718 73 19 större
424 716 94 22 tillväxt
535 716 37 22 för
587 716 24 21 år
626 720 30 17 än
671 716 49 28 29/,
735 716 113 21 erkännas

95 751 37 21 stå
147 751 56 28 höjd
219 751 64 22 öfver
299 750 42 22 allt
355 750 91 22 tvifvel.

164 785 152 23 Arfsskatten.
326 785 69 28 utgår
410 785 132 22 äfvenledes
551 785 8 22 i
567 787 86 20 tvenne
665 785 182 26 hufvudformer,

93 820 91 27 stämpel
199 821 34 27 för
248 819 312 28 bouppteckningsinstrument
577 820 43 21 och
634 819 89 28 stämpel
738 820 34 27 för
788 821 61 20 testa-

94 856 76 25 mente,
192 854 45 21 den
259 861 80 14 senare
361 854 154 29 inbringande
534 854 98 29 ungefär
655 862 29 13 en
699 854 150 28 tjugondedel

96 889 26 22 af
134 889 45 21 den
194 889 67 21 förra.
285 888 161 22 Tillsammans
461 892 116 18 motsvara
592 889 66 21 dessa
672 888 96 29 pålagor
779 888 70 22 andra

95 923 92 22 länders
210 923 118 28 arfsskatt,
352 930 28 14 en
404 922 170 29 inkomstkälla,
598 930 48 14 som
662 924 76 21 staten
753 923 42 21 hos
810 929 38 15 oss

94 958 62 21 blott
170 960 7 19 i
193 958 67 28 ringa
275 957 56 30 grad
345 957 165 29 tillgodogjort
524 957 42 29 sig.
588 957 67 22 Dock
665 957 41 22 har
717 965 29 14 en
754 957 95 22 utveck-

94 992 52 29 ling
168 992 8 21 i
199 992 63 21 detta
281 991 62 30 syfte
358 993 40 27 egt
412 999 52 14 rum
478 992 74 21 under
566 992 40 21 det
620 994 92 19 senaste
727 991 121 29 årtiondet,

95 1029 27 26 ty
144 1027 74 22 under
240 1026 71 29 sagda
329 1027 25 20 år
373 1026 42 22 har
431 1027 91 21 skatten
537 1027 9 21 i
560 1027 66 28 fråga
640 1027 90 28 utgjort
744 1033 60 21 resp.
819 1027 31 27 8,4

94 1061 44 22 och
162 1062 43 27 15,3
217 1061 28 27 9/,
265 1061 26 21 af
304 1060 203 29 stämpelskattens
522 1061 52 22 hela
588 1060 163 22 bruttointrad.
778 1055 70 27 Ännu

94 1095 117 29 tydligare
226 1095 108 22 framstår
349 1095 131 28 tillväxten,
497 1095 28 22 dä
540 1103 53 14 man
608 1095 82 28 tageri
700 1095 148 22 betraktande

94 1130 120 22 siffrornas
231 1129 90 22 direkta
335 1129 155 22 vittnesbörd:
506 1130 24 21 är
542 1130 113 22 1883—84
666 1129 106 28 inbragte
780 1131 69 20 stäm-

94 1165 55 28 peln
164 1165 29 27 pä
207 1164 346 29 bouppteckningsinstrument
570 1164 42 21 och
623 1166 155 19 testamenten
788 1163 61 22 Fmk

94 1199 84 27 64,317:
195 1199 33 26 29,
244 1205 54 14 men
313 1199 25 20 är
354 1198 111 22 1895—96
480 1198 60 22 Fmk
552 1199 142 27 246,436:
663 1194 39 36 50.
717 1198 131 21 Tillväxten

94 1233 68 22 beror
176 1234 57 20 utan
248 1232 84 22 tvifvel
347 1232 164 29 väsendtligen
526 1233 29 28 pä
566 1232 28 22 de
607 1233 125 28 ändringar
744 1233 55 22 1894
812 1233 36 21 ärs

93 1267 112 28 landtdag
220 1267 9 22 i
247 1267 76 22 denna
345 1267 38 22 del
397 1266 133 29 genomfört
548 1267 9 22 i
572 1267 44 22 och
638 1274 83 21 genom
744 1267 104 21 skattens

94 1309 163 22 noggrannare
276 1301 125 29 gradering
417 1301 59 22 efter
491 1301 111 22 arffallets
618 1301 88 22 storlek
721 1301 43 22 och
780 1301 69 22 arfta-

94 1343 83 20 garens
193 1336 204 27 skyldskapsgrad,
414 1336 94 21 hvarför
519 1336 247 27 medeltalsprocenten
777 1336 37 20 för
823 1337 25 19 är

163 1409 206 24 Bevillningsutskottets
381 1409 112 19 betänkande
504 1409 33 19 N:o
549 1409 18 18 2.
