1042 1706
288 107 75 23 Ständ.
379 108 35 22 Sv.
429 121 28 3 —
472 109 64 29 Prop.
552 109 39 23 N:o
607 108 34 24 19.
813 111 28 21 25

155 167 47 27 Äro
225 173 93 22 barnets
340 173 112 23 föräldrar
474 174 52 22 icke
549 175 179 28 sammanvigda,
752 175 29 21 då
799 182 42 21 ege

86 206 81 23 moder
188 207 122 29 uppfostra
331 208 87 27 barnet,
434 209 25 21 så
473 208 70 22 framt
559 209 19 29 ej
595 209 142 21 föräldrarne
759 216 82 15 annor-

86 241 71 22 lunda
180 242 96 28 åsämjas
292 242 55 21 eller
362 242 65 22 fader
442 246 25 18 är
485 243 77 21 därtill
585 243 68 28 villig
668 244 43 21 och
726 243 27 21 af
765 245 76 20 rätten

86 275 93 29 pröfvas
195 283 55 14 vara
264 276 135 28 lämpligare
414 280 29 18 än
458 277 84 21 moder.

154 310 12 21 I
181 310 80 21 hvilka
274 310 43 22 fall
331 310 142 22 föräldrarne
496 311 56 28 eljes
570 312 38 20 må
623 311 79 28 skiljas
717 311 52 21 från
784 318 57 22 upp-

85 344 190 28 fostringsrätten
290 344 92 29 stadgas
398 344 8 22 i
421 345 27 22 57
464 346 13 26 $
492 346 13 21 3
520 352 68 14 mom.

436 443 28 21 35
479 444 19 25 8.

153 488 34 27 Är
202 494 51 27 den,
269 501 50 15 som
334 495 99 28 uppnått
448 495 235 28 myndighetsåldern,
697 494 61 23 stäld
767 495 74 21 under

85 527 153 30 förmyndare,
254 528 69 22 hafve
338 528 165 29 förmyndaren
518 529 71 21 sådan
603 529 58 22 vård
676 536 37 14 om
723 529 117 28 myndlin-

85 570 51 21 gen,
152 570 50 14 som
217 563 26 21 af
248 563 227 28 omständigheterna
483 563 43 22 och
534 563 227 29 förmynderskapets
769 563 71 28 syfte-

85 597 47 22 mål
146 597 108 28 påkallas.

436 667 27 21 36
478 668 20 25 $.

153 717 159 28 Förmyndare
327 717 69 22 vårde
408 717 164 29 myndlingens
583 717 161 28 förmögenhet
751 717 30 27 så,
791 724 49 15 som

86 758 28 14 en
130 751 144 22 omtänksam
289 759 54 14 man
357 751 85 22 vårdar
456 752 41 21 sitt
512 752 37 26 bo,
563 751 56 22 eller
634 751 69 29 gälde
717 751 94 22 skadan.

435 851 27 20 37
479 850 19 26 8.

152 895 48 26 Äro
215 900 56 22 flere
286 900 153 29 förmyndare,
455 900 42 22 bör
512 902 81 26 rätten,
610 899 41 22 där
664 901 78 28 någon
757 900 24 21 af
789 900 51 22 dem

86 935 39 20 det
139 935 76 28 yrkar,
239 934 51 22 dela
312 934 217 29 förmynderskapet
552 935 51 21 dem
619 934 104 22 emellan.
753 934 87 22 Finnes

85 969 56 28 eljes
156 969 51 21 skäl
221 969 37 21 till
273 969 72 22 sådan
360 969 101 28 delning,
478 969 108 22 förordne
601 971 76 19 rätten
689 969 78 21 därom
782 968 59 22 efter

86 1003 234 29 omständigheterna.

152 1032 34 27 Är
207 1037 217 30 förmynderskapet
446 1037 97 28 odeladt,
566 1037 65 22 skola
661 1037 178 29 förmyndarene

84 1071 134 23 handhafva
231 1071 174 30 förvaltningen
420 1074 153 27 gemensamt;
593 1072 60 22 dock
668 1073 37 20 må
720 1071 120 30 betalning

84 1107 54 22 med
152 1107 53 28 laga
220 1107 87 22 verkan
322 1107 43 21 ske
379 1107 38 22 till
431 1107 134 29 någondera
578 1107 171 28 förmyndaren.

154 1142 88 21 Stanna
256 1142 178 28 förmyndarene
449 1142 9 21 i
472 1142 63 22 olika
549 1142 128 28 meningar,
701 1141 80 28 afgöre
795 1141 45 22 för-

84 1176 228 28 myndarenämnden
327 1176 52 22 dem
394 1176 104 22 emellan.

153 1211 165 28 Förmyndare,
341 1217 49 15 som
412 1211 70 21 hafva
503 1210 174 28 förvaltningen
697 1209 87 25 odelad,
801 1217 38 14 an-

85 1251 65 16 svare
164 1244 37 23 för
216 1245 132 21 densamma
362 1245 37 21 till
414 1245 155 28 myndlingen
582 1251 29 15 en
626 1244 37 21 för
677 1244 46 21 alla
738 1243 43 22 och
794 1244 45 21 alla

85 1279 36 22 för
136 1286 38 19 en;
190 1279 59 21 dock
264 1286 53 15 vare
332 1279 20 28 ej
370 1279 44 22 den
430 1286 42 14 ene
487 1279 94 28 skyldig
595 1281 35 19 att
645 1278 102 28 umgälla
770 1278 71 21 sådan

86 1313 44 22 den
145 1313 81 22 andres
241 1313 145 22 vårdslöshet
402 1313 56 22 eller
472 1313 114 27 förseelse,
603 1320 49 14 som
663 1313 46 21 han
720 1312 21 29 ej
750 1313 90 20 kunnat

86 1347 43 22 och
144 1347 52 21 bort
211 1347 149 21 förekomma.
