1039 1709
315 108 28 22 U.
358 108 28 22 B.
401 121 27 5 —
446 108 74 28 Prop.
536 107 45 23 N:o
596 108 37 22 19.
822 110 27 19 39

445 180 12 29 s
474 182 34 20 28.

171 233 28 28 Ej
216 234 35 21 må
267 233 42 21 den
324 239 55 16 vara
394 232 147 28 förmyndare,
554 239 45 16 som
611 233 53 28 sjelf
673 234 70 21 under
752 232 97 29 förmyn-

98 269 54 22 dare
173 269 57 27 står;
252 270 20 27 ej
284 270 43 27 gift
342 270 82 26 gvinna
438 270 10 21 i
462 270 75 21 andra
550 270 43 27 fall
611 271 28 20 än
653 271 9 20 i
677 270 31 21 23
722 271 15 24 $
751 270 16 21 2
782 270 38 21 och
835 270 16 21 3

98 311 67 16 mom.
190 307 59 20 samt
271 305 29 22 25
323 307 14 24 $
360 305 102 26 stadgas;
478 305 39 21 och
533 305 19 27 ej
569 305 72 22 heller
656 305 49 27 den,
722 311 45 16 som
783 307 26 19 är
824 305 25 21 sä

100 341 94 27 gammal
211 340 55 22 eller
281 339 85 28 vanför,
377 339 73 29 fattig,
462 340 147 28 gäläbunden,
621 341 50 21 litet
681 340 101 27 vetande,
794 340 55 23 eller

99 376 6 21 i
122 376 76 21 lefnad
216 376 55 21 eller
286 375 143 28 hushällning
444 376 151 27 obetänksam,
607 379 33 18 att
651 376 164 27 förvaltningen
826 375 26 22 af

99 411 210 28 förmynderskapet
324 411 137 28 äfventyras.

171 447 201 28 Förmynderskap,
390 454 45 15 som
451 447 25 22 af
484 447 148 23 förordnande
643 449 70 25 beror,
725 448 35 21 mä
771 448 19 27 ej
802 448 45 22 hel-

98 483 35 22 ler
155 482 131 23 innehafvas
310 483 24 21 af
355 483 49 28 den,
418 489 46 16 som
480 484 19 27 ej
516 486 26 19 är
557 483 58 22 finsk
631 483 150 28 medborgare,
797 484 52 22 eller

99 526 47 16 som
165 520 45 22 icke
223 520 51 27 fyllt
290 520 104 27 tjugufem
409 519 35 28 är,
460 521 51 21 eller
527 526 46 16 som
590 521 27 20 är
631 521 105 26 förlustig
751 520 98 21 meddor-

97 557 80 26 gerligt
189 557 133 26 förtroende.
356 557 40 21 Till
416 557 148 26 förmyndare
588 556 38 27 för
646 555 140 28 minderärig
801 557 46 25 bör,

101 593 40 21 der
164 593 35 21 det
222 593 59 26 eljest
303 593 118 26 lämpligen
437 593 36 21 ske
488 593 51 26 kan,
554 593 158 26 företrädesvis
727 594 60 20 utses
798 598 50 21 per-

98 634 41 15 son
154 629 29 26 af
194 628 155 27 myndlingens
364 628 179 22 trosbekännelse.

170 663 48 21 Har
233 663 138 27 lagbestämd
386 663 141 27 förmyndare
543 669 78 21 genom
635 663 80 27 utslag,
733 669 45 16 som
794 669 53 15 vun-

99 699 33 22 nit
155 699 51 27 laga
228 698 68 28 kraft,
320 699 70 21 dömts
406 698 104 29 förlustig
526 699 173 27 medborgerligt
714 699 133 26 förtroende,

99 735 35 21 må
157 734 41 22 ock
220 734 36 22 det
278 733 57 23 efter
350 736 86 20 rättens
452 735 104 26 pröfning
571 736 79 26 utgöra
666 734 79 22 hinder
760 733 35 22 för
810 735 37 20 ho-

101 776 49 16 nom
166 772 34 20 att
214 769 119 23 innehafva
348 769 213 29 förmynderskapet.

443 842 13 29 g
472 844 34 20 29.

170 890 60 28 Skäl,
252 890 76 22 hvilka
347 890 111 28 berättiga
473 891 35 21 till
524 890 105 23 bofrielse
645 890 50 22 frän
711 890 136 27 förmynder-

99 926 62 28 skap,
187 932 44 15 som
253 926 25 21 af
292 926 146 21 förordnande
454 927 72 27 beror,
543 929 46 19 äro:
606 933 34 15 om
656 933 49 15 man
721 928 25 20 är
762 927 85 21 utrikes

101 962 71 27 stadd,
197 962 56 22 eller
276 963 24 21 sä
324 961 92 28 aflägset
431 962 84 22 boende
531 962 56 22 eller
603 963 25 21 sä
643 962 90 28 sjuklig,
750 963 33 20 att
798 968 54 15 man

98 998 21 27 ej
143 998 44 21 kan
204 997 142 28 myndlingen
362 997 56 22 eller
433 997 54 22 hans
504 997 187 28 angelägenheter
706 999 46 20 rätt
767 997 80 27 värda;

97 1040 35 15 om
155 1040 50 15 man
228 1035 26 20 är
278 1033 71 22 sextio
371 1033 27 22 är
412 1034 102 27 gammal;
531 1039 34 16 om
581 1040 49 15 man
647 1033 53 28 sjelf
713 1033 41 22 har
769 1034 79 27 mänga

98 1069 57 22 barn
177 1069 55 22 eller
248 1069 68 22 redan
332 1069 93 22 innehar
440 1070 38 21 tvä
494 1069 184 28 förmynderskap
695 1069 54 22 eller
766 1071 32 20 ett
813 1070 34 21 sä-

99 1105 60 28 dant,
176 1111 45 16 som
238 1105 19 27 ej
274 1105 44 21 kan
333 1107 67 19 annat
416 1105 55 26 täla;
487 1105 55 22 eller
558 1111 34 16 om
603 1111 49 16 man
663 1105 24 21 af
696 1106 85 21 embete
792 1105 56 22 eller

98 1141 70 28 tjenst
191 1141 56 22 eller
270 1140 26 22 af
315 1147 72 15 annan
412 1141 66 28 giltig
496 1141 67 22 orsak
579 1141 90 22 hindras
685 1143 34 19 att
734 1147 54 16 vara
803 1140 44 22 för-

99 1177 111 26 myndare.

171 1212 87 27 Gvinna
274 1212 34 21 mä
324 1211 19 28 ej
361 1215 44 18 mot
420 1213 34 20 sin
465 1213 54 27 vilja
529 1212 36 21 till
576 1211 140 28 förmyndare
727 1211 120 22 förordnas.

444 1283 12 29 5
474 1285 33 20 30.

171 1325 120 21 Erfordras
314 1324 141 27 förmyndare
479 1324 34 22 för
537 1325 104 27 omyndig
662 1325 13 21 ä
690 1325 76 21 landet
782 1326 66 20 innan

99 1360 175 26 rättegängsdag
289 1360 95 27 infaller,
402 1359 103 22 förordne
522 1359 174 22 domhafvanden
711 1360 8 21 i
735 1362 68 25 orten,
821 1360 28 26 pä

97 1394 263 28 förmyndarenämndens
377 1394 170 29 framställning,
564 1394 73 28 nägon
652 1396 33 20 att
703 1394 86 23 förestä
805 1395 44 21 för-

170 1442 138 24 Lagutskottets
321 1443 117 19 betänkande
450 1443 37 19 N:o
499 1443 17 18 4.
