1061 1703
324 124 29 22 U.
369 124 26 23 B.
414 137 27 3 —
456 124 74 29 Prop.
546 126 42 22 N:o
603 125 36 23 13.
845 128 13 19 3

106 195 150 23 ekonomiska
282 196 123 22 resultatet
423 197 23 22 af
461 198 110 22 särskilät
591 197 184 23 hufvudstadens
796 200 63 19 stora

105 230 255 29 pantläneinrättnings
386 231 147 23 verksamhet
555 233 63 21 varit
641 232 89 29 ganska
751 234 109 26 gynsamt

106 264 44 22 och
175 264 64 29 förty
264 267 59 19 utan
349 265 83 22 tvifvel
454 266 97 22 innebär
569 274 29 14 en
616 266 100 22 lockelse
734 266 39 22 till
789 273 71 21 grun-

106 298 75 22 dande
200 299 24 21 af
240 306 47 21 nya
306 300 160 28 affärsföretag
484 300 8 21 i
510 300 121 22 enahanda
650 300 65 28 syfte.

174 332 12 21 I
204 332 154 23 betraktande
380 334 24 21 af
424 334 211 22 ofvanframhällna
651 335 1 2 '
662 334 198 28 omständigheter

105 365 44 23 har
166 367 122 22 Utskottet
305 367 58 22 känt
381 368 36 28 sig
435 368 149 29 öfvertygadt
602 376 37 14 om
653 367 207 30 nödvändigheten

106 401 24 21 af
148 403 35 20 att
201 401 46 22 den
272 401 170 29 yrkesmässiga
462 403 214 27 pantlänerörelsen
693 402 167 28 erforderligen

106 435 188 28 reglementeras;
322 435 43 22 och
382 436 43 21 har
442 436 123 21 Utskottet
583 436 81 22 dervid
682 436 61 29 tagit
760 436 9 21 i
786 436 74 21 öfver-

106 469 107 30 vägande
232 469 27 22 de
278 470 40 21 tvä
335 470 147 29 väsentligen
501 471 62 21 olika
580 471 140 28 riktningar,
738 477 50 15 som
805 471 8 20 i
831 469 29 22 de

107 504 136 29 europeiska
260 503 124 22 ländernas
402 504 151 30 lagstiftning
570 506 30 28 pä
617 505 178 28 ifrägavarande
814 511 46 14 om-

106 539 55 21 räde
179 538 79 22 blifvit
275 538 114 29 inslagna.
422 539 42 22 Uti
482 546 30 14 en
529 539 38 21 del
583 539 83 22 länder
682 539 43 21 har
742 538 118 29 nämligen

107 572 214 30 pantlänerörelsen
338 573 9 21 i
364 573 127 22 allmänhet
518 573 198 29 omhändertagits
743 573 23 22 af
784 574 77 20 staten

107 607 44 22 och
177 607 173 28 kommunerna,
367 608 26 21 sä
420 610 35 19 att
473 608 51 21 dess
542 608 152 22 bedrifvande
713 607 23 22 af
754 607 108 21 enskilda

107 641 93 22 tillätits
227 641 83 22 endast
330 641 31 22 dä
382 644 35 19 ett
434 642 157 29 filantropiskt
609 642 60 28 syfte
687 642 62 22 varit
767 640 93 22 dermed

107 676 108 21 förenadt
233 676 43 21 och
294 676 101 21 rörelsen
413 676 52 21 icke
482 676 51 22 haft
551 684 59 20 egen
627 677 99 27 vinning
741 676 37 21 till
791 675 70 22 ända-

107 710 53 21 mål.
189 710 12 21 I
220 710 72 21 andra
309 710 81 21 länder
408 709 103 22 deremot
522 710 41 22 har
578 711 161 28 lagstiftarens
752 709 109 22 omtanke

107 745 83 21 främst
215 745 63 21 varit
296 744 78 21 riktad
392 745 30 28 pä
440 745 225 28 reglementerandet
682 745 23 21 af
723 743 45 22 den
786 745 76 20 säsom

107 779 85 28 näring
217 778 111 23 utöfvade
354 779 220 28 pantlänerörelsen.
609 779 82 29 Bägge
715 778 66 22 dessa
799 778 63 22 olika

109 813 133 29 riktningar
259 813 71 22 hafva
342 813 37 22 till
391 813 51 23 sina
455 814 165 29 väsentligaste
633 813 64 22 delar
708 813 47 22 fått
766 813 96 28 uttryck

109 848 10 21 i
135 847 161 30 föreliggande
322 848 87 29 nådiga
436 848 145 29 proposition
605 848 43 22 och
675 847 39 22 det
741 847 23 22 af
782 847 80 22 ofvan-

111 882 123 23 omordade
251 882 88 22 komité
350 883 137 22 utarbetade
503 883 94 28 förslag,
609 886 27 25 ty
647 882 83 22 medan
743 882 45 21 den
800 882 62 21 förra

111 917 60 22 afser
198 919 35 20 att
258 917 78 22 tillåta
361 917 197 29 pantlånerörelse
579 917 83 21 endast
679 917 8 21 i
705 915 158 30 filantropiskt

111 951 67 29 syfte,
196 951 42 22 har
255 951 106 22 komitén
377 951 64 22 velat
458 951 117 30 medgifva
593 951 66 29 dylik
677 951 85 22 rörelse
778 950 85 29 jemväl

111 987 74 20 såsom
202 986 159 28 näringsfång.
393 985 49 22 Och
458 985 113 22 hvardera
590 986 23 21 af
631 985 65 21 dessa
717 985 63 22 olika
800 984 62 28 prin-

111 1020 64 29 ciper
186 1020 43 21 har
246 1020 69 21 äfven
327 1020 63 21 inom
406 1020 122 21 Utskottet
541 1020 80 21 funnit
631 1020 50 21 sina
696 1019 166 28 förespråkare.

180 1053 46 22 Till
251 1053 90 22 förmån
368 1054 36 21 för
430 1054 115 21 komiténs
571 1054 88 27 förslag
676 1053 35 22 uti
728 1060 33 14 nu
778 1052 85 28 ifråga-

111 1087 102 22 varande
230 1087 39 22 del
285 1087 44 22 har
346 1087 9 22 i
372 1087 132 22 hufvudsak
521 1088 147 21 framhällits:
696 1089 35 20 att
744 1087 44 21 den
801 1088 63 20 stora

110 1122 170 28 utsträckning,
299 1122 8 21 i
325 1122 97 22 hvilken
448 1121 29 22 de
503 1122 42 22 hos
573 1129 35 15 oss
633 1121 145 22 existerande
797 1122 67 27 pant-

111 1156 244 29 läneinrättningarna
384 1156 80 22 blifvit
490 1156 101 23 anlitade
621 1169 27 2 —
677 1155 41 22 vid
744 1155 120 29 pantläne-

111 1191 162 28 inrättningen
290 1191 9 20 i
316 1191 147 28 Helsingfors
490 1191 102 28 uppgick
608 1191 82 20 länens
708 1189 65 22 antal
791 1189 73 21 under

113 1225 100 22 sistlidet
239 1225 25 21 år
287 1225 38 21 till
345 1225 104 27 185,777
472 1237 27 3 —
521 1224 132 29 otvetydigt
670 1224 90 21 utvisar
778 1225 35 20 att
831 1224 33 20 ät-

112 1259 115 22 minstone
246 1259 8 21 i
271 1258 91 22 landets
389 1262 73 18 större
481 1259 78 21 städer
577 1260 34 19 ett
631 1258 103 28 verkligt
753 1257 71 21 behof
842 1256 23 22 af

113 1293 81 28 dylika
211 1293 158 28 inrättningar
389 1293 124 22 förefinnes
531 1295 59 19 samt
608 1295 35 18 att
661 1292 64 21 detta
743 1291 70 22 behof
830 1291 36 21 sä-

113 1327 63 22 ledes
202 1327 43 22 bör
271 1327 190 27 tillfredsställas;
489 1329 35 20 att
543 1326 135 28 filantropin
699 1325 139 28 exempelvis
856 1325 9 20 i

113 1360 147 28 Helsingfors
287 1364 63 17 ännu
375 1360 52 21 icke
445 1360 96 22 förmätt
557 1360 65 28 gifva
639 1359 89 29 upphof
746 1360 24 20 ät
787 1359 79 27 nägon

114 1394 199 30 pantläneanstalt
336 1396 59 19 samt
418 1396 36 19 att
471 1402 53 14 man
541 1394 70 27 förty,
629 1400 84 21 genom
731 1394 35 20 att
783 1392 83 21 under-

114 1429 84 28 trycka
215 1428 41 21 det
272 1428 110 28 initiativ,
402 1435 48 15 som
467 1428 75 28 ligger
553 1428 9 21 i
575 1427 39 21 det
632 1426 106 22 enskilda
750 1427 116 25 intresset,

184 1472 48 21 Lag-
244 1471 33 16 och
288 1469 185 18 Ekonomiutskotteis
485 1461 109 26 betänkande
606 1469 38 17 N:o
659 1469 15 16 2.
