1050 1711
324 91 27 22 U.
367 91 27 22 B.
412 105 26 3 —
455 92 74 28 Prop.
544 91 46 24 N:o
605 93 35 21 14.
854 94 11 18 7

118 163 38 21 vid
178 165 25 19 är
224 163 56 22 dock
299 165 32 20 att
351 164 83 26 märka,
452 166 32 19 att
500 163 38 22 det
554 164 68 26 sagda
637 164 49 21 icke
702 170 53 20 eger
771 163 95 26 tillämp-

116 197 62 29 ning,
199 199 8 20 i
228 198 40 22 fall
289 199 127 27 göromälen
437 199 25 21 af
476 205 25 16 en
519 199 55 22 eller
590 205 71 15 annan
677 199 120 26 anledning
812 199 54 21 lika-

119 240 45 15 som
186 234 111 27 förflyttas
313 233 58 22 inom
387 235 98 20 omrädet
501 234 35 21 för
551 234 69 21 faran.
651 235 107 20 Utkastas
775 234 92 21 sälunda

117 269 135 26 exempelvis
277 269 54 27 gods
354 269 50 21 från
425 269 172 27 jernvägsvagn,
622 276 43 14 som
690 269 99 21 befinner
810 269 34 26 sig
859 269 7 20 i

117 304 91 27 rörelse,
226 304 55 21 eller
298 304 134 22 verkställes
443 304 215 26 reparationsarbete
668 304 14 21 &
692 304 57 21 bana
760 304 54 21 eller
826 304 40 20 ock

117 339 32 21 in-
166 340 40 20 och
222 339 123 27 utlastning
362 338 24 22 af
399 339 54 27 gods
469 346 26 14 ur
506 340 152 21 stillastäende
669 346 58 20 vagn
739 339 70 21 under
820 341 45 19 sär-

118 375 59 22 skild
194 376 166 26 skyndsamhet.
377 375 90 22 emedan
483 379 14 18 t.
515 382 32 15 ex.
564 378 32 18 ett
612 376 139 20 annalkande
765 376 39 26 täg
813 375 53 21 nöd-

117 411 123 27 vändiggör
264 411 197 28 jernvägsspärets
483 412 153 26 klargörande,
662 418 66 20 synes
749 411 117 27 jernvägs-

117 446 160 22 innehafvaren
293 448 52 20 böra
362 447 34 21 stä
413 447 7 20 i
437 453 80 15 ansvar
530 446 35 22 för
576 447 124 27 derigenom
713 446 66 22 timad
792 446 73 22 skada.

188 483 41 21 Att
248 483 256 26 transportmaterielens
525 482 107 22 skötande
655 483 39 21 och
710 482 112 21 värdande
838 483 28 25 pä

115 518 136 27 jernvägens
273 519 52 26 spär
346 519 8 20 i
376 519 119 21 allmänhet
515 519 40 21 hör
571 518 35 21 till
622 518 42 21 den
681 518 112 27 egentliga
806 518 59 27 jern-

118 554 146 27 vägsdriften,
290 554 62 21 torde
376 554 49 21 icke
449 554 61 27 gifva
534 554 119 27 anledning
672 554 36 21 till
724 554 141 21 tvifvelsmäl.

119 590 77 27 Nägon
210 591 143 21 tveksamhet
369 595 66 22 synes
452 590 106 21 mähända
570 590 73 21 kunna
654 592 54 25 göra
719 590 34 27 sig
764 589 102 28 gällande

117 626 81 27 derom,
218 626 109 22 huruvida
347 625 144 23 innehafvare
512 626 24 21 af
546 626 96 27 jernväg
658 626 69 27 enligt
743 626 62 21 detta
821 626 45 26 lag-

117 661 84 28 förslag
217 661 67 23 äfven
300 664 25 19 är
341 662 105 27 ansvarig
466 661 34 22 för
517 662 75 27 skada,
609 668 44 15 som
671 662 64 21 timar
751 662 6 20 i
774 661 54 28 följd
845 661 24 21 af

117 697 90 22 fordons
223 697 141 28 förflyttning
378 698 14 21 ä
406 698 95 27 jernväg
516 697 82 22 medels
610 704 71 15 annan
692 697 62 22 kraft
764 699 28 20 än
804 698 62 26 ånga.

118 733 86 22 Härvid
220 734 39 21 bör
275 733 157 28 ihägkommas,
450 735 32 20 att
498 734 42 21 den
555 733 35 22 för
598 733 191 27 jernvägsdriften
800 739 65 21 egen-

116 769 96 27 domliga
228 769 48 21 fara
291 769 7 21 i
314 769 112 26 väsentlig
442 769 48 21 män
507 769 64 22 beror
587 769 19 26 ej
623 769 56 20 blott
690 769 68 26 derpä
769 771 33 18 att
812 769 52 26 äng-

117 805 61 21 kraft
194 805 113 21 användes
323 804 35 22 för
372 805 157 27 befordringen
545 807 52 19 utan
614 805 40 20 ock
670 804 65 21 deraf
744 806 33 19 att
787 803 78 23 fordon

117 840 25 21 af
162 841 125 26 betydande
312 840 69 27 tyngd
405 842 38 19 äro
464 840 7 21 i
487 841 83 21 rörelse
587 841 13 19 ä
616 840 86 21 skenor.
734 839 40 21 Om
790 840 76 20 derför

118 876 69 22 skada
208 876 82 22 vällats
306 879 14 19 t.
337 882 33 16 ex.
387 876 126 27 derigenom
529 878 33 19 att
578 882 27 15 en
621 876 163 26 jernvägsvagn
800 876 13 20 ä
829 876 36 20 ba-

118 919 42 15 nan
176 912 74 22 blifvit
267 914 44 19 satt
327 912 7 21 i
350 912 84 21 rörelse
451 912 93 21 medelst
559 911 119 22 handkraft
694 912 56 21 eller
765 911 36 21 till
811 910 55 28 följd

117 948 26 21 af
156 948 92 22 vindens
264 948 109 22 inverkan
390 948 54 21 eller
460 947 24 21 af
498 954 71 14 annan
585 948 71 26 orsak,
674 954 67 20 synes
749 947 116 27 jernvägs-

118 983 172 22 innehafvarens
315 984 265 26 ersättningsskyldighet
603 982 60 28 förty
687 983 53 21 böra
763 982 102 22 bedömas

117 1019 72 27 enligt
210 1019 61 21 detta
291 1018 126 28 lagförslag.
448 1019 53 21 Icke
520 1019 70 21 heller
610 1019 44 20 kan
675 1018 38 22 det
734 1018 35 21 för
784 1018 81 27 lagför-

118 1055 84 26 slagets
224 1054 157 27 tillämplighet
397 1060 53 15 vara
466 1061 26 14 en
509 1054 125 27 nödvändig
651 1053 166 28 förutsättning,
834 1055 32 19 att

119 1091 83 22 skadan
217 1091 61 22 skett
289 1091 6 21 i
306 1091 54 26 följd
372 1091 24 20 af
402 1091 196 26 jernvägsfordons
610 1091 90 26 rörelse,
712 1090 56 21 blott
779 1090 86 21 kausal-

119 1127 156 26 sammanhang
291 1127 49 20 med
354 1126 155 27 jernvägsfara
525 1126 64 27 eljest
605 1126 126 26 föreligger.
760 1125 46 25 Om,
822 1131 44 14 me-

119 1162 43 20 dan
178 1164 32 19 ett
225 1162 83 26 bantäg
323 1162 99 21 befinner
438 1162 34 26 sig
488 1161 152 22 stillastående
656 1161 12 21 å
682 1160 103 28 jernväg,
802 1163 14 18 t.
834 1166 32 15 ex.

120 1197 114 27 explosion
256 1196 101 22 inträffar
372 1197 8 21 i
396 1197 153 21 lokomotivets
565 1197 116 26 ängpanna
697 1196 55 21 eller
767 1196 7 20 i
792 1202 26 15 en
834 1196 32 20 uti

119 1233 106 27 hantäget
246 1234 94 26 anbragt
356 1232 136 28 gasledning,
510 1233 24 21 sä
550 1233 40 21 bör
605 1232 42 21 den
664 1232 75 27 skada,
756 1238 46 15 som
818 1231 48 21 der-

119 1269 86 27 igenom
226 1269 59 27 sker,
308 1268 66 22 äfven
395 1268 53 21 höra
469 1268 69 22 under
558 1267 156 27 lagförslagets
733 1267 132 21 bestämnin-

122 1305 56 26 gar."

191 1340 65 20 Emot
281 1340 62 20 ordet
364 1340 189 25 ,kroppsskada*,
576 1345 46 14 som
637 1338 146 21 förekommer
799 1338 8 20 i
822 1337 44 21 för-

120 1377 35 19 sta
178 1377 117 18 momentet
316 1374 25 21 af
358 1374 13 28 $
394 1376 10 19 1
422 1376 56 19 samt
494 1374 6 20 i
517 1374 26 28 $$
560 1376 12 18 3
589 1374 39 20 och
647 1375 32 25 10,
696 1373 41 21 har
753 1373 58 20 inom
827 1373 39 21 Ut-

191 1416 137 23 Lagutskottets
341 1416 116 17 betänkande
469 1416 37 17 N:o
518 1416 15 17 1.
