1064 1711
189 143 26 19 22
373 140 83 23 Ständ.
473 140 37 23 Sv.
530 153 23 2 —
569 141 74 28 Prop.
659 139 44 24 N:o
719 140 38 22 22.

189 209 82 26 brädet,
292 211 55 19 samt
363 211 32 18 att
413 208 47 21 frän
482 208 39 21 och
543 208 49 21 med
614 207 41 22 den
678 208 27 21 10
723 207 97 22 Oktober
834 207 32 21 till
877 207 59 22 den
923 203 15 36 1

189 242 121 22 December
331 242 96 22 använda
448 249 62 14 snara
531 241 34 22 för
587 242 70 28 fängst
671 241 23 21 af
709 242 28 21 all
752 242 55 28 slags
822 241 119 29 skogsfägel

189 277 39 21 och
243 276 64 22 äfven
321 277 93 20 därefter
424 277 55 20 intill
489 276 204 28 fridlysningstidens
703 276 77 28 ingång
790 277 34 20 för
833 276 110 28 ripfängst.

257 310 167 23 Vederbörande
443 310 122 21 kommuner
583 318 38 20 ege
641 310 54 21 dock
713 312 43 19 rätt
776 313 33 18 att
830 310 55 21 inom
906 311 38 20 sitt

189 345 84 21 omräde
296 344 97 29 förbjuda
409 345 136 21 användande
561 345 22 21 af
598 352 28 13 nu
641 344 65 28 sagda
720 344 66 28 giller.

257 379 70 21 Katsa
348 379 54 21 skall
421 386 52 14 vara
493 379 23 21 sä
535 378 97 27 inrättad,
650 382 32 17 att
703 378 47 21 dess
765 378 100 28 mynning
880 378 63 22 äfven

188 413 37 21 vid
247 413 68 29 lägsta
334 412 135 22 vattenstånd
486 415 23 19 är
528 412 101 22 tillsluten
651 412 63 22 ofvan
731 415 82 19 vattnet
835 412 54 21 ända
911 412 32 21 till

190 450 128 26 vattenytan.

537 511 26 20 24
579 510 19 27 8.

259 550 65 28 Grop,
339 557 44 19 sax,
397 550 62 28 stång
473 549 51 21 eller
538 557 68 14 annan
621 549 33 21 för
669 550 120 21 människor
799 550 50 21 eller
859 550 86 27 husdjur

190 583 63 29 farlig
275 583 77 22 anstalt
374 583 33 21 för
427 583 106 28 fångande
555 584 22 21 af
598 583 119 28 skadedjur,
736 583 23 22 så
777 584 41 21 ock
832 583 113 29 förgiftadt

191 618 96 21 lockbete
302 617 35 22 må
351 619 18 27 ej
385 619 88 20 inrättas
488 618 51 21 eller
549 620 89 19 utsättas
649 620 94 19 närmare
754 620 26 19 än
789 618 29 29 på
827 618 118 22 tvåhundra

190 655 77 18 meters
287 652 84 22 afstånd
392 652 47 21 från
455 652 77 21 allmän
549 655 42 26 väg
605 652 51 21 eller
670 660 78 13 annans
763 652 146 27 bostadstomt,
925 653 18 28 ej

190 687 66 21 heller
276 687 70 28 dylikt
365 686 98 21 lockbete
481 686 66 21 hållas
563 689 65 19 utsatt
642 686 66 21 under
722 686 59 22 tiden
798 687 47 21 från
861 687 41 21 den
918 687 25 20 15

191 721 60 29 April
267 721 31 21 till
315 721 41 21 den
372 722 25 19 15
413 721 126 22 November.

259 755 46 22 Vill
324 755 69 29 någon
415 755 96 22 använda
526 755 75 22 sådant
615 755 120 28 fångstsätt,
749 763 50 14 vare
815 755 84 29 skyldig
913 758 32 19 att

190 790 162 29 tillkännagifva
373 790 72 21 därom
466 791 40 21 och
528 798 34 13 om
581 791 75 26 stället,
674 790 85 22 hvarest
774 790 105 21 anstalten
895 790 50 21 eller

190 824 108 23 lockbetet
320 827 35 19 äro
376 824 89 22 afsedda
479 827 32 19 att
525 825 73 27 hållas,
612 832 75 21 genom
702 824 124 29 kungörelse
841 825 103 21 nästföre-

191 859 80 29 gående
297 859 80 29 söndag
399 860 7 20 i
428 859 160 28 församlingens
610 858 67 30 kyrka
695 858 110 22 äfvensom
819 860 8 20 i
841 859 81 29 kyrkan
937 860 8 20 i

192 902 67 13 annan
274 893 129 29 församling,
420 893 62 22 hvars
497 895 62 27 gräns
573 894 68 28 ligger
655 894 56 20 inom
725 894 30 21 tio
771 894 110 20 kilometer
897 894 47 21 från

191 928 65 28 sagda
271 928 66 26 ställe,
353 930 54 19 samt
422 928 13 20 å
448 928 73 21 landet
535 928 106 21 dessutom
656 935 74 21 genom
746 928 73 28 anslag
829 928 8 20 i
849 928 95 21 kommu-

191 963 149 21 nalstämmans
363 962 153 28 samlingsrum;
542 964 50 26 göre
617 962 46 26 ock,
687 962 38 21 der
749 962 150 28 fängstmedlet
921 964 23 19 är

191 996 112 28 förgiftadt
324 996 103 26 lockbete,
448 997 96 20 anmälan
558 996 38 21 hos
611 996 157 21 vederbörande
783 996 161 21 kronolänsman

191 1031 52 21 eller
261 1030 178 29 polismyndighet
459 1030 40 21 och
514 1032 44 20 vise
573 1030 70 21 tillika
657 1031 32 20 sin
705 1032 42 19 rätt
761 1033 32 18 att
807 1030 13 21 ä
835 1030 39 21 den
891 1038 52 21 upp-

190 1065 59 28 gifna
268 1064 86 22 marken
375 1065 52 21 idka
447 1064 58 29 dylik
521 1065 75 28 fångst.
626 1064 85 29 Nyttjas
727 1064 150 29 fängstmedlet
891 1064 52 22 fort-

191 1099 88 22 farande
305 1099 71 28 längre
401 1099 38 26 tid,
461 1099 53 22 skall
539 1099 144 28 kungörandet
705 1099 85 28 förnyas
815 1107 25 13 en
861 1099 56 28 gäng
935 1100 8 20 i

191 1133 72 29 hvarje
278 1133 82 21 mänad.

260 1167 62 29 Spjut
337 1168 39 20 och
391 1168 120 28 skjutgevär
526 1168 34 20 mä
574 1167 48 21 icke
637 1167 87 28 gillrade
739 1167 112 21 användas.

539 1231 26 20 25
581 1230 16 28 &.

260 1268 43 21 För
321 1268 56 21 inom
395 1268 72 21 landet
484 1268 44 21 fäld
543 1268 66 28 björn,
624 1276 57 20 varg,
695 1269 20 20 lo
731 1268 39 21 och
785 1269 41 27 järf
841 1272 54 18 samt
909 1269 34 20 för

192 1302 38 26 räf,
245 1301 71 21 dödad
330 1301 66 21 under
410 1302 59 20 tiden
484 1302 46 20 frän
545 1302 39 20 och
600 1302 49 20 med
666 1302 40 20 den
722 1304 11 19 1
750 1302 62 28 April
826 1303 33 20 till
874 1302 40 21 den
930 1304 11 19 1

191 1336 102 27 Oktober,
316 1343 48 22 eger
385 1336 47 26 den,
453 1344 45 13 som
520 1336 68 28 djuret
610 1336 71 27 dödat,
703 1344 25 13 ur
750 1336 104 22 allmänna
874 1336 69 22 medel

191 1371 66 21 undfä
271 1371 98 28 belöning
384 1371 49 21 med
448 1370 91 29 följande
554 1370 84 30 belopp,
652 1371 113 27 nämligen:

259 1406 34 21 för
308 1406 60 28 björn
383 1405 39 22 och
437 1405 114 28 björnunge
565 1405 103 29 tjugufem
682 1406 70 26 mark;

260 1440 34 22 för
308 1448 52 23 varg
375 1440 111 21 etthundra
501 1440 59 22 mark
572 1440 40 22 och
624 1439 34 22 för
671 1447 104 23 vargunge
787 1440 74 22 femtio
873 1441 69 27 mark;
