1048 1709
296 124 83 23 Ständ.
396 124 40 24 Sv.
451 138 28 2 —
494 125 73 28 Prop.
584 125 42 23 N:o
641 124 36 23 15.
698 116 4 2 |
835 126 27 20 59

458 194 27 20 20
501 194 18 27 8.

179 249 144 29 Stämplarnas
346 250 100 21 utseende
468 250 40 21 och
526 250 54 21 form
595 250 115 21 fastställes
725 250 22 21 af
762 250 102 21 Senatens

110 283 269 29 Ekonomiedepartement,
401 292 45 13 som
467 284 77 28 jämväl
565 284 109 21 meddelar
695 286 94 19 närmare
809 284 54 21 före-

110 317 87 22 skrifter
211 318 88 21 rörande
315 320 64 19 sättet
394 318 33 21 för
439 319 138 28 stämplarnas
592 319 135 28 makulering.

458 399 26 19 21
502 399 17 26 8.

179 453 43 21 För
243 457 32 18 att
296 453 160 22 tillhandahålla
476 454 141 21 allmänheten
639 455 171 28 stämpelpapper
824 455 40 20 och

110 488 177 28 stämpelmärken
309 488 54 21 skall
387 489 8 20 i
416 488 72 28 hvarje
510 489 47 21 stad
578 492 54 18 samt
653 489 9 20 i
683 489 72 28 hvarje
774 489 91 28 tingslag

110 525 87 24 antagas
219 522 54 21 efter
294 522 65 21 behof
380 530 26 14 en
428 523 51 20 eller
501 523 52 21 flere
569 523 114 28 försäljare,
697 523 38 20 hos
750 523 73 21 hvilka
838 523 26 21 de

110 559 55 18 mest
184 556 108 28 behöfliga
312 557 79 20 värden
411 557 52 21 böra
484 557 69 21 finnas
576 560 31 18 att
629 557 65 28 tillgå.
725 557 45 21 Vid
784 557 80 20 Finska

110 590 202 29 Passexpeditionen
332 591 8 20 i
355 591 30 20 St.
400 591 127 28 Petersburg
542 591 39 21 bör
595 591 78 28 jämväl
688 591 87 28 lämplig
790 591 74 20 försäl-

110 625 44 27 jare
177 625 104 26 anställas,
303 625 34 21 för
356 629 32 18 att
408 625 161 22 tillhandahålla
584 625 139 21 allmänheten
739 625 27 21 de
781 625 83 21 valörer

110 658 23 20 af
155 659 171 28 stämpelpapper
341 659 39 21 och
396 659 182 28 stämpelmärken,
593 667 44 13 som
652 659 34 21 för
701 658 101 22 behofvet
816 659 48 21 där-

110 692 71 22 städes
197 692 69 21 kunna
281 693 110 22 erfordras.
420 693 70 22 Dessa
504 693 109 28 försäljare
628 701 38 20 ega
681 693 34 21 för
729 693 75 27 medel,
819 701 44 13 som

110 734 76 21 genom
208 727 148 28 försäljningen
377 727 82 29 inflyta,
481 729 7 20 i
510 727 240 29 försäljningsprovision
771 727 93 22 beräkna

110 762 32 27 sig
163 761 34 21 till
217 761 60 28 godo,
297 762 9 20 i
327 761 135 29 Helsingfors
477 765 38 23 tre,
533 763 4 20 i
553 761 30 22 St.
598 762 128 27 Petersburg
740 761 40 22 och
795 761 69 29 öfriga

110 795 71 22 städer
195 795 47 28 fyra
256 799 94 25 procent,
365 796 39 21 och
419 796 29 29 på
462 796 71 21 landet
548 796 34 21 för
593 795 85 22 influtet
689 796 77 28 belopp
777 796 22 21 af
809 796 54 21 ända

108 829 33 22 till
164 833 81 18 ettusen
267 830 60 21 mark
349 831 44 21 åtta
414 833 93 26 procent,
524 833 56 18 samt
595 830 46 29 fyra
655 833 89 26 procent
758 830 34 21 för
806 830 57 21 hvad

108 872 96 13 summan
224 865 34 20 för
279 865 46 21 året
345 865 42 21 kan
408 867 74 26 utgöra
504 865 128 27 därutöfver,
653 865 87 21 hvilken
757 865 105 28 provision

108 899 109 28 försäljare
232 907 49 20 eger
295 900 8 20 i
318 899 123 28 afgifvande
456 899 133 28 redovisning
604 899 34 21 för
645 899 27 21 de
682 899 90 21 influtna
779 899 82 21 medlen

108 932 66 21 räkna
189 933 32 28 sig
235 933 34 21 till
283 933 54 28 godo
353 933 40 22 och
407 933 106 22 innehålla
528 933 37 22 vid
579 933 94 22 medlens
688 933 121 28 leverering.

456 1019 27 21 22
500 1020 18 27 &.

177 1080 204 29 Försäljningsställe
404 1081 54 22 skall
480 1081 67 22 hållas
561 1081 35 22 för
609 1081 141 22 allmänheten
764 1081 98 28 tillgäng-

108 1115 40 28 ligt
167 1115 73 28 hvarje
255 1115 117 28 söknedag:
388 1116 8 20 i
413 1115 48 21 stad
475 1115 47 22 från
537 1115 90 22 klockan
642 1117 34 20 nio
689 1115 46 21 före
750 1115 112 28 middagen

108 1149 33 20 till
163 1148 37 22 två
222 1149 167 28 eftermiddagen
412 1149 40 22 och
473 1150 28 28 på
521 1149 145 29 landsbygden
681 1149 13 21 å
708 1149 38 26 tid,
760 1157 45 13 som
820 1149 42 20 för-

108 1183 75 28 säljare
198 1191 74 20 genom
288 1183 72 28 anslag
374 1185 7 19 i
397 1183 181 29 kommunalstuga
593 1184 39 21 och
647 1183 93 29 tingstad
755 1183 39 22 bör
804 1183 59 28 gifva

108 1217 140 21 allmänheten
270 1218 111 26 tillkänna;
404 1218 100 21 skolande
527 1221 31 18 ett
578 1218 107 28 exemplar
700 1217 22 22 af
737 1217 69 22 denna
820 1217 42 21 för-

108 1251 89 29 ordning
212 1251 60 22 alltid
287 1252 68 21 finnas
371 1252 12 21 å
398 1252 72 28 hvarje
485 1252 194 28 försäljningsställe
694 1252 33 21 till
742 1251 72 22 hands.

453 1333 27 18 23
497 1333 18 25 S.

177 1386 117 28 Försäljare
309 1387 68 28 mä.ej
393 1387 23 21 af
430 1387 79 28 köpare
525 1387 72 21 fordra
611 1395 57 13 mera
683 1389 27 19 än
725 1387 41 21 den
777 1394 85 19 summa,

108 1420 66 22 hvarä
189 1421 103 29 stämpeln
307 1421 64 29 lyder.
