1039 1706
296 108 24 22 U.
337 109 23 21 B.
377 122 25 3 —
419 110 64 28 Prop.
498 109 37 23 N:o
553 109 32 23 15.
759 111 27 22 49

63 172 85 28 förräd,
164 173 45 22 han
225 174 128 28 emottagit,
369 176 61 20 samt
444 174 121 30 betalning
579 175 77 22 derför
671 175 42 22 hos
729 175 85 22 honom

62 206 102 22 utsökas.

366 272 28 21 25
408 273 14 25 $
437 273 35 25 (26
488 273 29 26 8).

130 321 12 21 I
164 321 110 22 händelse
299 322 26 21 af
348 322 79 21 balans
450 323 56 21 eller
529 323 118 21 bristande
669 323 145 29 redogörelse

63 363 54 21 eger
132 356 89 22 kronan
236 356 43 22 hos
294 356 29 22 de
338 359 101 27 antagna
449 357 150 29 försäljarene
609 365 86 15 samma
705 358 110 22 förmåns-

62 392 46 19 rätt
123 390 36 22 för
174 390 94 22 värdet
283 391 29 21 af
325 391 178 22 oredovisadt
519 392 181 28 stämpelförråd,
711 400 48 14 som
773 393 41 22 hos

64 425 102 22 kronans
181 426 172 29 uppbördsmän
368 426 8 21 i
392 426 131 23 allmänhet,

366 509 27 20 26
409 509 13 25 8
438 508 35 28 (27
489 509 30 26 8).

131 559 36 21 Då
186 559 192 29 stämpelpapper,
394 560 93 21 ämnadt
505 560 37 21 till
557 560 140 29 expedition,
713 560 41 21 hos
771 567 44 14 em-

62 593 108 22 betsverk
195 593 56 22 eller
271 594 139 28 tjensteman
430 601 82 21 genom
528 594 163 29 misskrifning
705 595 56 21 eller
777 601 38 14 an-

63 627 105 22 norledes
192 627 146 29 förderfvats,
362 628 56 21 eller
440 628 29 21 då
490 628 70 22 redan
579 628 178 22 underskrifven
773 629 42 21 och

64 662 114 29 stämplad
194 663 133 28 expedition
343 663 26 21 af
382 671 76 14 annan
474 664 67 21 orsak
552 663 51 22 icke
613 663 80 22 blifvit
700 663 115 28 utgifven,

64 697 37 21 må
124 697 82 22 sådant
226 697 186 29 stämpelpapper
427 697 56 22 eller
499 698 69 22 sådan
584 697 133 29 expedition
733 697 26 22 af
771 697 44 22 den

63 731 76 22 derför
162 732 120 29 ansvarige
305 731 185 30 tjenstemannen
513 732 116 27 insändas,
647 732 72 29 jemte
741 739 74 14 rever-

65 766 40 27 sal,
121 766 147 29 upptagande
292 767 87 20 antalet
394 767 110 28 stämplar
522 767 26 21 af
560 766 79 29 hvarje
655 767 50 28 slag
720 767 43 20 och
778 773 37 14 va-

61 800 41 28 lör,
132 800 37 22 till
199 801 167 28 länestyrelsen
392 801 37 21 för
452 803 34 20 att
509 801 40 22 der
571 801 94 28 utbytas
688 802 61 20 emot
771 808 45 21 nya

61 835 110 28 stämplar
187 835 26 22 af
226 835 164 22 motsvarande
404 835 75 22 värde.
502 828 21 29 Å
538 835 167 28 länestyrelsen
721 835 94 22 ankom-

61 876 48 14 mer
123 869 110 28 derjemte
250 871 36 20 att
301 869 119 28 medgifva
434 869 81 29 utbyte
527 870 26 21 af
562 869 109 28 stämplar
682 870 37 21 till
731 869 84 22 sådana

61 904 167 28 expeditioner,
252 904 36 21 för
311 904 81 21 hvilka
414 903 131 28 afgifterna,
561 904 9 21 i
585 903 115 22 anseende
721 903 38 22 till
774 903 43 22 fat-

61 937 89 29 tigdom
166 937 57 22 eller
241 945 75 14 annan
334 937 52 29 laga
401 938 74 27 orsak,
491 938 20 29 ej
528 938 89 21 kunnat
633 938 41 21 hos
690 938 125 28 sakegaren

62 972 67 21 utfäs,

362 1037 26 21 27
405 1037 13 25 8
434 1036 37 27 (28
486 1036 29 28 8).

132 1081 126 22 Förefaller
277 1081 164 28 misskrifning
456 1081 39 22 vid
518 1081 195 29 stämpelpappers
732 1084 84 19 använ-

64 1116 75 22 dande
162 1115 26 22 af
208 1115 92 22 enskild
322 1123 90 21 person,
436 1116 55 21 eller
514 1116 41 21 har
577 1115 45 22 han
645 1115 25 22 af
687 1115 130 29 uppenbart

63 1151 97 28 misstag
180 1150 116 29 begagnat
316 1150 186 29 stämpelpapper
517 1150 56 21 eller
588 1150 183 28 stämpelmärke,
787 1149 29 22 dä

67 1185 82 21 sädant
171 1185 51 21 icke
242 1185 132 24 erfordrats,
390 1185 56 21 eller
465 1184 102 22 användt
582 1184 72 28 högre
669 1184 104 28 stämpel,
788 1187 29 18 än

67 1219 152 21 föreskrifvet
240 1223 31 23 är,
294 1219 38 22 mä
354 1219 107 21 tillständ
482 1219 37 21 till
539 1218 52 22 dess
606 1217 128 29 utbytande
749 1217 69 22 sökas

67 1253 41 22 hos
125 1253 150 22 Guvernören
291 1254 8 21 i
315 1253 69 27 länet,
400 1253 96 21 hvilken
512 1260 54 21 eger
580 1252 83 29 pröfva
677 1252 43 22 och
731 1251 85 29 afgöra,

67 1295 37 14 om
126 1287 94 29 utbytet
242 1287 46 22 kan
311 1287 103 28 beviljas.
445 1287 46 22 För
507 1287 103 28 stämpel,
626 1293 49 15 som
689 1286 129 28 begagnats

64 1321 37 22 till
124 1321 253 28 rättegängsfullmakt,
400 1321 85 28 inlaga,
501 1321 65 22 bevis
587 1321 56 21 eller
657 1328 76 13 annan
749 1320 70 21 skrift

67 1355 26 22 af
110 1355 119 22 enahanda
248 1355 167 27 beskaffenhet,
431 1355 36 20 mä
485 1354 82 29 utbyte
583 1354 59 21 dock
657 1354 52 21 icke
724 1354 94 21 tillåtas.

132 1390 54 21 Den
209 1388 143 23 lånsökande
367 1389 8 22 i
393 1388 112 22 Finlands
527 1388 234 29 Hypoteksförening
782 1395 37 21 ge-

67 1432 53 15 nom
137 1424 191 23 cirkulärbrefvet
344 1424 25 21 af
382 1423 43 22 den
443 1425 24 20 19
483 1423 56 22 Juni
552 1424 55 22 1860
620 1423 95 28 tillagda
730 1423 88 22 förmån

763 1468 12 17 4
