1045 1714
305 115 30 24 U.
351 116 28 23 B.
400 128 16 4 —
431 116 80 30 Prop.
527 117 45 23 N:o
587 118 39 22 22.
834 125 13 21 7

94 179 45 28 liga
160 179 52 22 eller
234 179 51 28 eljes
300 180 117 28 olämpliga
432 180 228 28 fridlysningstiderna,
676 182 30 21 uti
721 182 82 22 hvilket
817 182 31 21 af-

93 214 83 22 seende
191 214 95 22 komitén
301 215 125 25 framhåller,
443 216 64 20 bland
521 219 71 23 annat,
602 216 102 21 hurusom
714 217 67 21 under
791 218 57 20 vissa

93 249 25 20 år
133 249 74 27 skytte
222 250 12 20 ä
248 249 127 28 skogsfägel
389 250 42 20 kan
446 250 61 21 idkas
518 250 66 21 under
594 250 113 28 pågående
717 251 48 27 spel
775 251 73 21 äfven-

94 289 50 14 som
163 283 47 27 jagt
232 284 12 20 ä
265 283 52 21 hare
338 284 109 20 bedrifvas
470 284 67 20 under
559 284 37 25 tid,
620 285 28 20 dä
670 284 134 28 harungarna
826 285 23 21 af

93 318 166 20 sommarkullen
275 318 36 21 äro
327 317 143 22 outvecklade
485 322 56 17 samt
556 319 101 27 drägtiga
666 318 108 22 harhonor
789 319 56 21 ännu

94 352 112 27 päträffas.

163 387 44 21 För
228 386 137 29 afhjelpande
387 388 21 20 af
423 387 167 27 ofvanantydda,
606 388 29 26 pä
648 387 138 28 jagtvärdens
803 394 44 15 om-

94 421 53 22 råde
168 422 40 20 hos
229 429 36 14 oss
283 430 28 13 nu
325 422 96 21 rådande
436 422 198 21 missförhållanden
650 422 87 22 föreslår
751 422 97 22 komiten

95 456 133 28 vidtagande
250 457 24 21 af
289 456 104 22 särskilda
408 457 107 27 åtgärder.
544 457 71 27 Jemte
631 456 37 22 det
682 457 96 21 komiten
793 458 7 20 i
815 458 33 20 sä-

94 491 55 22 dant
173 491 103 22 afseende
297 491 94 28 päyrkar
413 492 18 27 ej
454 492 81 21 mindre
557 491 148 22 fastställande
727 492 26 21 af
774 492 74 28 längre

95 525 202 28 fridlysningstider,
320 527 84 26 egnade
426 530 33 18 att
480 527 80 21 bereda
583 527 37 20 det
642 528 130 26 matnyttiga
789 527 59 21 ville-

95 561 78 21 brädet
188 561 71 26 skydd
274 561 69 21 under
358 561 227 28 fortplantningstiden
600 565 56 17 samt
670 565 32 17 att
717 561 79 22 bevara
811 569 37 14 un-

95 602 67 21 garna
184 595 23 21 af
220 595 69 28 dylikt
303 595 110 26 villebräd,
429 596 42 21 tills
486 596 110 21 desamma
611 594 69 23 blifvit
696 595 152 28 erforderligen

95 630 136 26 utvecklade,
255 631 26 20 än
303 630 101 27 ätgärder
427 634 45 17 mot
494 630 93 21 hundars
610 630 42 21 och
672 629 83 22 kattors
778 631 71 26 kring-

95 664 127 21 ströfvande
242 666 6 19 i
263 665 54 27 skog
342 665 41 21 och
404 665 65 24 mark,
492 664 120 22 framhåller
633 665 96 20 komit&n
747 664 101 21 hurusom

95 699 139 27 svärigheten
256 703 32 18 att
310 699 150 22 ästadkomma
483 699 125 27 erforderlig
623 699 73 26 tillsyn
711 699 59 21 öfver
785 699 64 21 efter-

96 733 101 21 lefnaden
219 734 25 21 af
263 734 159 21 föreskrifterna
444 734 112 27 angående
571 733 127 27 fridlysning
712 734 7 20 i
734 733 115 22 allmänhet

96 767 78 22 verkar
196 769 86 25 derhän,
303 772 32 18 att
350 769 70 21 denna
436 769 47 21 icke
497 769 40 21 blir
551 769 24 20 sä
590 768 87 21 effektiv
692 775 48 14 som
755 768 94 27 önskligt

96 810 59 13 vore.
186 803 42 21 För
250 807 33 17 att
305 803 57 22 dock
384 804 130 21 ätminstone
536 805 7 19 i
565 803 71 28 nägon
658 803 48 21 män
728 803 121 21 underlätta

95 837 123 22 kontrollen
240 838 126 21 härutinnan
389 838 42 21 och
453 839 28 26 pä
505 844 80 15 samma
608 838 57 27 gång
688 837 95 28 aflägsna
807 838 42 21 den

96 871 96 22 lockelse
212 873 32 20 till
264 872 46 27 jagt
332 873 67 20 under
420 872 111 27 förbjuden
546 872 38 26 tid,
600 879 48 14 som
663 871 140 28 möjligheten
817 875 32 18 att

95 906 81 22 afsätta
192 907 37 20 det
244 907 57 21 vilda
315 907 94 27 innebär,
424 907 68 20 borde
507 907 42 20 den
563 908 7 20 i
585 906 99 28 gällande
696 906 85 28 jagtlag
790 907 60 20 med-

95 941 60 27 gifna
177 942 128 27 respittiden
326 942 33 21 för
380 941 189 28 tillgodogörande
591 941 23 21 af
626 941 60 25 vildt,
703 948 47 14 som
765 940 84 28 fångats

96 976 67 21 under
185 976 103 27 lofgifven
308 977 39 25 tid,
370 977 130 21 utmönstras
523 980 56 18 samt
600 976 77 21 förbud
691 976 112 20 meddelas
818 979 32 18 att

97 1010 68 22 under
187 1011 170 27 fridlysningstid
377 1010 72 28 forsla,
465 1011 58 27 sälja,
538 1010 59 28 köpa
613 1010 51 21 eller
679 1013 47 18 mot
740 1010 110 28 betalning

96 1052 88 14 servera
199 1046 85 26 fridlyst
298 1046 59 21 vildt.

167 1080 29 21 På
212 1080 44 21 sätt
271 1081 65 21 ofvan
351 1080 124 21 framhållits
491 1087 62 14 anser
567 1080 96 20 komit&n
678 1079 43 21 den
735 1078 41 22 hos
791 1086 36 14 oss
843 1080 7 20 i

96 1114 121 22 vidsträckt
232 1116 48 20 män
295 1114 96 22 bedrifna
407 1114 160 28 gillerfängsten
582 1113 76 27 utgöra
674 1120 26 14 en
715 1113 23 21 af
751 1114 28 20 de
789 1114 62 21 verk-

97 1152 118 18 sammaste
237 1150 115 20 orsakerna
372 1149 32 21 till
423 1149 231 21 villebrädsstammens
670 1148 123 26 aftagande,
809 1148 42 21 och

97 1182 68 21 håller
186 1182 96 23 komitön
304 1183 58 27 förty
383 1184 53 22 före,
452 1186 32 18 att
506 1183 72 21 hvilka
600 1182 102 26 åtgärder
720 1182 32 20 för
764 1182 87 27 jagtens

97 1216 93 27 höjande
206 1217 26 20 än
247 1218 35 20 mä
297 1217 106 27 vidtagas,
420 1217 109 21 desamma
544 1216 57 21 dock
616 1216 47 21 icke
678 1216 61 20 skola
753 1216 98 21 medföra

98 1251 131 22 nämnvärda
244 1252 97 25 resultat,
357 1252 75 20 sävida
446 1251 49 21 icke
509 1250 160 28 gillerfängsten
679 1250 109 27 förbjudes
799 1250 51 21 eller

97 1286 133 21 ätminstone
250 1288 6 20 i
271 1286 44 28 hög
330 1286 54 27 grad
400 1286 131 21 inskränkes.
560 1285 66 21 Emot
641 1288 32 18 ett
689 1284 69 28 dylikt
773 1284 78 22 förbud

97 1320 40 20 har
158 1321 126 27 visserligen
305 1320 82 22 anförts
410 1323 32 18 att
464 1320 120 21 detsamma
604 1318 88 22 komme
714 1322 32 18 att
761 1318 90 22 beröfva

98 1353 109 27 allmogen
234 1354 82 21 tillfälle
343 1354 32 21 till
404 1360 26 14 en
456 1353 47 21 icke
529 1353 121 26 oväsentlig
675 1352 104 26 förtjenst.
817 1352 35 21 Då

98 1387 120 21 emellertid
233 1389 7 20 i
255 1388 28 21 de
297 1387 60 22 delar
371 1387 25 21 af
408 1387 79 26 landet,
503 1387 38 20 der
551 1386 71 27 fångst
633 1386 50 21 med
692 1385 61 28 giller
765 1385 87 22 allmänt

99 1424 40 25 egt
159 1428 53 19 rum,
230 1421 221 22 villebrådsstammen
465 1422 129 21 decimerats
608 1422 7 20 i
631 1419 152 22 oroväckande
798 1420 55 28 grad

168 1468 46 22 Lag-
226 1469 27 16 och
265 1468 169 17 Ekonomiutskottets
446 1467 103 17 betänkande
561 1467 34 16 N:o
606 1472 16 15 4.
