1048 1720
309 94 26 23 U.
352 95 71 27 Bf
403 79 13 49 —
439 94 74 29 Prop.
529 95 45 23 N:o
589 95 35 22 14.
824 97 25 20 13

103 171 73 16 annan
199 165 112 28 händelse,
331 173 46 15 som
397 166 19 27 ej
436 167 48 21 stär
498 167 8 21 i
522 167 106 22 samband
648 167 49 22 med
715 167 136 27 jernvägens

103 201 60 22 drift.

175 238 11 21 I
202 237 105 22 afseende
331 239 13 20 ä
365 238 141 27 skadeständ,
532 245 45 15 som
600 239 251 27 jernvägsinnehafvare

103 273 70 27 enligt
192 273 71 21 denna
278 273 37 27 lag
331 276 25 19 är
372 274 80 27 pligtig
467 275 33 20 att
515 275 97 26 erlägga,
628 274 63 21 skola
706 274 27 21 de
749 274 7 21 i
773 276 12 19 9
802 275 49 26 kap.

104 311 21 25 2,
142 311 13 18 3
171 309 41 21 och
227 310 13 19 8
257 308 26 29 $$
300 309 135 27 strafflagen
451 309 106 27 stadgade
573 310 97 26 grunder
685 309 120 27 tillämpas.

455 381 13 28 8
485 383 18 19 2.

175 429 86 21 Varder
277 435 78 21 genom
369 429 163 27 jernvägsdrift
547 429 79 27 någon,
644 436 45 14 som
705 431 25 20 är
746 429 105 22 anstäld
840 425 15 36 i

100 464 136 28 jernvägens
259 464 70 28 tjenst
353 465 55 21 eller
431 465 82 27 arbete,
534 465 71 21 under
626 465 148 22 förrätiandet
790 464 65 23 deraf

102 500 72 22 dödad
190 500 55 22 eller
261 501 91 27 skadad,
369 501 59 27 gälle
444 501 114 27 angående
573 501 136 27 rättigheten
725 501 35 22 till
773 501 78 22 skade-

104 537 65 21 stånd
185 537 58 21 hvad
258 537 9 21 i
284 536 63 28 lagen
363 537 27 27 af
402 537 42 21 den
460 538 15 20 5
489 537 105 22 december
613 537 63 27 1895,
692 537 113 29 angående
817 544 33 15 ar-

102 572 141 28 BVetsgifvares
259 573 140 28 ansvarighet
415 573 35 27 för
466 573 154 28 kroppsskada,
635 581 44 14 som
689 574 94 22 drabbar
794 573 58 22 arbe-

102 610 54 25 tare,
172 611 27 20 är
212 610 106 27 stadgadt.

457 670 12 28 8
486 673 19 18 3.

175 717 101 22 Drabbas
292 718 8 21 i
316 717 54 28 följd
393 717 25 22 af
437 717 163 28 jernvägsdrift
623 724 71 15 annan
713 720 28 19 än
759 717 93 22 resande

102 753 58 22 eller
175 753 6 20 i
196 753 134 28 jernvägens
349 753 69 28 tjenst
433 754 56 21 eller
505 755 76 20 arbete
597 753 64 22 stadd
677 760 79 20 person
773 753 24 22 af
810 753 43 22 död

103 789 57 22 eller
178 789 160 28 kroppsskada,
357 789 40 22 och
421 791 91 20 stannar
536 790 65 21 skuld
626 789 74 22 dertill
719 789 134 28 jernvägens

103 824 137 28 förvaltning
256 825 55 22 eller
327 825 114 28 betjening
456 826 35 21 till
506 826 50 27 last,
574 825 59 22 skall
646 825 135 28 jernvägens
791 825 62 22 inne-

104 860 94 22 hafvare
208 860 65 27 gälda
287 861 142 27 skadestånd,
440 861 71 21 såsom
523 868 34 14 om
568 862 43 20 han
623 860 52 27 sjelf
683 861 70 21 vållat
763 861 90 21 skadan.

455 938 12 28 $
483 940 20 19 4.

176 986 103 21 Kommer
295 986 35 21 eld
345 986 34 22 lös
395 987 6 21 i
418 986 53 27 följd
488 986 24 21 af
518 985 162 29 jernvägsdrift
690 986 40 21 och
741 986 52 21 sker
805 985 48 21 der-

104 1021 86 27 igenom
212 1021 68 22 skada
297 1022 13 21 å
326 1022 44 22 fast
386 1022 104 27 egendom
507 1022 56 21 eller
578 1022 14 21 å
607 1021 147 28 lösegendom,
772 1028 44 14 som
833 1021 19 27 ej

105 1056 115 28 medföljer
240 1058 13 20 å
272 1057 129 28 jernvägen,
425 1058 56 22 eller
501 1058 41 20 har
557 1058 61 27 gods,
636 1064 44 15 som
696 1057 93 22 resande
805 1057 50 21 med

105 1093 51 27 laga
176 1095 46 20 rätt
241 1094 95 21 medfört
355 1094 69 22 under
440 1100 56 22 egen
512 1094 62 27 vård,
591 1094 90 21 skadats
697 1094 71 21 såsom
785 1099 28 15 nu
829 1095 25 19 är

106 1129 65 27 sagdt
192 1130 55 21 eller
262 1130 8 21 i
285 1129 54 28 följd
356 1130 24 21 af
394 1130 139 27 urspårning,
548 1129 236 27 tågsammanstötning
799 1129 56 21 eller

106 1168 67 19 annat
189 1166 72 27 dylikt
277 1166 53 21 ofall
345 1166 37 22 vid
398 1166 89 28 driften,
507 1166 58 22 skall
580 1166 8 21 i
604 1166 103 22 afseende
718 1166 13 21 å
739 1165 115 27 jernvägs-

106 1201 171 22 innehafvarens
299 1202 266 27 ersättningsskyldighet
586 1202 109 26 tillämpas
714 1201 58 22 hvad
787 1201 8 21 i
813 1203 11 18 1
842 1200 12 28 8

108 1242 32 15 om
157 1236 39 22 der
212 1238 80 21 nämnd
309 1238 68 20 skada
393 1240 24 19 är
433 1238 110 27 stadgadt.

178 1268 33 26 Är
227 1274 75 21 eldens
318 1274 107 21 löskomst
441 1280 27 15 en
483 1273 55 28 följd
554 1273 24 21 af
591 1274 83 26 någons
690 1272 166 22 uraktlåtenhet

108 1311 32 19 att
156 1309 95 28 fullgöra
266 1310 77 21 honom
358 1309 88 27 jemlikt
461 1309 111 28 åtagande
588 1309 55 21 eller
658 1309 28 26 på
702 1314 71 15 annan
784 1307 70 27 grund

106 1345 118 27 åliggande
245 1345 128 27 skyldighet
389 1347 33 18 att
437 1345 14 20 å
467 1345 39 20 sitt
519 1344 140 27 jordområde
674 1344 35 20 till
726 1343 129 21 minskande

107 1380 25 22 af
146 1380 83 22 eldfara
246 1380 50 21 från
309 1380 95 27 jernväg
419 1380 90 26 vidtaga
520 1380 56 21 eller
586 1379 115 21 underlåta
712 1379 46 21 viss
769 1378 86 27 åtgärd,

179 1422 136 23 Lagutskottets
329 1422 116 18 betänkande
457 1421 38 18 N:o
508 1421 14 18 1.
