<?xml version="1.0" encoding="UTF-8"?>
<alto xmlns="http://www.loc.gov/standards/alto/ns-v3#" xmlns:xlink="http://www.w3.org/1999/xlink" xmlns:xsi="http://www.w3.org/2001/XMLSchema-instance" xsi:schemaLocation="http://www.loc.gov/standards/alto/ns-v3# http://www.loc.gov/alto/v3/alto-3-0.xsd">
	<Description>
		<MeasurementUnit>pixel</MeasurementUnit>
		<sourceImageInformation>
			<fileName>/tmp/tess_ozoapfut_input.PNG</fileName>
		</sourceImageInformation>
		<OCRProcessing ID="OCR_0">
			<ocrProcessingStep>
				<processingSoftware>
					<softwareName>tesseract 5.3.4</softwareName>
				</processingSoftware>
			</ocrProcessingStep>
		</OCRProcessing>
	</Description>
	<Layout>
		<Page WIDTH="1039" HEIGHT="1709" PHYSICAL_IMG_NR="0" ID="page_0">
			<PrintSpace HPOS="0" VPOS="0" WIDTH="1039" HEIGHT="1709">
				<ComposedBlock ID="cblock_0" HPOS="318" VPOS="91" WIDTH="533" HEIGHT="30">
					<TextBlock ID="block_0" HPOS="318" VPOS="91" WIDTH="533" HEIGHT="30">
						<TextLine ID="line_0" HPOS="318" VPOS="91" WIDTH="533" HEIGHT="30">
							<String ID="string_0" HPOS="318" VPOS="91" WIDTH="29" HEIGHT="23" WC="0.92" CONTENT="U."/><SP WIDTH="15" VPOS="91" HPOS="347"/>
							<String ID="string_1" HPOS="362" VPOS="92" WIDTH="28" HEIGHT="22" WC="0.89" CONTENT="B."/><SP WIDTH="17" VPOS="92" HPOS="390"/>
							<String ID="string_2" HPOS="407" VPOS="106" WIDTH="26" HEIGHT="2" WC="0.92" CONTENT="—"/><SP WIDTH="17" VPOS="106" HPOS="433"/>
							<String ID="string_3" HPOS="450" VPOS="92" WIDTH="75" HEIGHT="29" WC="0.96" CONTENT="Prop."/><SP WIDTH="15" VPOS="92" HPOS="525"/>
							<String ID="string_4" HPOS="540" VPOS="93" WIDTH="44" HEIGHT="23" WC="0.95" CONTENT="N:o"/><SP WIDTH="16" VPOS="93" HPOS="584"/>
							<String ID="string_5" HPOS="600" VPOS="93" WIDTH="37" HEIGHT="23" WC="0.95" CONTENT="19."/><SP WIDTH="187" VPOS="93" HPOS="637"/>
							<String ID="string_6" HPOS="824" VPOS="96" WIDTH="27" HEIGHT="20" WC="0.96" CONTENT="31"/>
						</TextLine>
					</TextBlock>
				</ComposedBlock>
				<ComposedBlock ID="cblock_1" HPOS="167" VPOS="271" WIDTH="636" HEIGHT="47">
					<TextBlock ID="block_1" HPOS="167" VPOS="271" WIDTH="636" HEIGHT="47">
						<TextLine ID="line_1" HPOS="167" VPOS="271" WIDTH="636" HEIGHT="47">
							<String ID="string_7" HPOS="167" VPOS="271" WIDTH="73" HEIGHT="46" WC="0.93" CONTENT="Lag"/><SP WIDTH="28" VPOS="271" HPOS="240"/>
							<String ID="string_8" HPOS="268" VPOS="272" WIDTH="190" HEIGHT="46" WC="0.91" CONTENT="angäende"/><SP WIDTH="28" VPOS="272" HPOS="458"/>
							<String ID="string_9" HPOS="486" VPOS="272" WIDTH="317" HEIGHT="46" WC="0.90" CONTENT="förmynderskap."/>
						</TextLine>
					</TextBlock>
				</ComposedBlock>
				<ComposedBlock ID="cblock_2" HPOS="411" VPOS="397" WIDTH="138" HEIGHT="19">
					<TextBlock ID="block_2" HPOS="411" VPOS="397" WIDTH="138" HEIGHT="19">
						<TextLine ID="line_2" HPOS="411" VPOS="397" WIDTH="138" HEIGHT="19">
							<String ID="string_10" HPOS="411" VPOS="397" WIDTH="18" HEIGHT="15" WC="0.94" CONTENT="1"/><SP WIDTH="19" VPOS="397" HPOS="429"/>
							<String ID="string_11" HPOS="448" VPOS="398" WIDTH="101" HEIGHT="18" WC="0.92" CONTENT="kap."/>
						</TextLine>
					</TextBlock>
				</ComposedBlock>
				<ComposedBlock ID="cblock_3" HPOS="221" VPOS="455" WIDTH="517" HEIGHT="29">
					<TextBlock ID="block_3" HPOS="221" VPOS="455" WIDTH="517" HEIGHT="29">
						<TextLine ID="line_3" HPOS="221" VPOS="455" WIDTH="517" HEIGHT="29">
							<String ID="string_12" HPOS="221" VPOS="455" WIDTH="34" HEIGHT="22" WC="0.96" CONTENT="Om"/><SP WIDTH="17" VPOS="455" HPOS="255"/>
							<String ID="string_13" HPOS="272" VPOS="456" WIDTH="134" HEIGHT="27" WC="0.96" CONTENT="myndigheter"/><SP WIDTH="15" VPOS="456" HPOS="406"/>
							<String ID="string_14" HPOS="421" VPOS="456" WIDTH="31" HEIGHT="22" WC="0.93" CONTENT="för"/><SP WIDTH="15" VPOS="456" HPOS="452"/>
							<String ID="string_15" HPOS="467" VPOS="456" WIDTH="271" HEIGHT="28" WC="0.91" CONTENT="förmynderskapsärenden."/>
						</TextLine>
					</TextBlock>
				</ComposedBlock>
				<ComposedBlock ID="cblock_4" HPOS="102" VPOS="533" WIDTH="752" HEIGHT="147">
					<TextBlock ID="block_4" HPOS="102" VPOS="533" WIDTH="752" HEIGHT="147">
						<TextLine ID="line_4" HPOS="456" VPOS="533" WIDTH="48" HEIGHT="29">
							<String ID="string_16" HPOS="456" VPOS="533" WIDTH="12" HEIGHT="29" WC="0.93" CONTENT="8"/><SP WIDTH="19" VPOS="533" HPOS="468"/>
							<String ID="string_17" HPOS="487" VPOS="536" WIDTH="17" HEIGHT="18" WC="0.93" CONTENT="1."/>
						</TextLine>
						<TextLine ID="line_5" HPOS="176" VPOS="580" WIDTH="678" HEIGHT="28">
							<String ID="string_18" HPOS="176" VPOS="580" WIDTH="134" HEIGHT="23" WC="0.92" CONTENT="Häradsrätt"/><SP WIDTH="15" VPOS="580" HPOS="310"/>
							<String ID="string_19" HPOS="325" VPOS="582" WIDTH="28" HEIGHT="25" WC="0.96" CONTENT="pä"/><SP WIDTH="16" VPOS="582" HPOS="353"/>
							<String ID="string_20" HPOS="369" VPOS="581" WIDTH="75" HEIGHT="22" WC="0.96" CONTENT="landet"/><SP WIDTH="15" VPOS="581" HPOS="444"/>
							<String ID="string_21" HPOS="459" VPOS="582" WIDTH="40" HEIGHT="21" WC="0.93" CONTENT="och"/><SP WIDTH="15" VPOS="582" HPOS="499"/>
							<String ID="string_22" HPOS="514" VPOS="580" WIDTH="165" HEIGHT="23" WC="0.92" CONTENT="rädstufvurätt"/><SP WIDTH="10" VPOS="580" HPOS="679"/>
							<String ID="string_23" HPOS="689" VPOS="582" WIDTH="7" HEIGHT="20" WC="0.96" CONTENT="i"/><SP WIDTH="11" VPOS="582" HPOS="696"/>
							<String ID="string_24" HPOS="707" VPOS="582" WIDTH="50" HEIGHT="21" WC="0.93" CONTENT="stad"/><SP WIDTH="10" VPOS="582" HPOS="757"/>
							<String ID="string_25" HPOS="767" VPOS="581" WIDTH="87" HEIGHT="27" WC="0.93" CONTENT="äligger"/>
						</TextLine>
						<TextLine ID="line_6" HPOS="102" VPOS="616" WIDTH="751" HEIGHT="28">
							<String ID="string_26" HPOS="102" VPOS="616" WIDTH="67" HEIGHT="28" WC="0.92" CONTENT="tillse,"/><SP WIDTH="18" VPOS="616" HPOS="169"/>
							<String ID="string_27" HPOS="187" VPOS="619" WIDTH="33" HEIGHT="19" WC="0.93" CONTENT="att"/><SP WIDTH="10" VPOS="619" HPOS="220"/>
							<String ID="string_28" HPOS="230" VPOS="617" WIDTH="104" HEIGHT="27" WC="0.91" CONTENT="omyndig"/><SP WIDTH="10" VPOS="617" HPOS="334"/>
							<String ID="string_29" HPOS="344" VPOS="617" WIDTH="19" HEIGHT="27" WC="0.89" CONTENT="ej"/><SP WIDTH="13" VPOS="617" HPOS="363"/>
							<String ID="string_30" HPOS="376" VPOS="617" WIDTH="81" HEIGHT="21" WC="0.93" CONTENT="saknar"/><SP WIDTH="11" VPOS="617" HPOS="457"/>
							<String ID="string_31" HPOS="468" VPOS="616" WIDTH="147" HEIGHT="28" WC="0.93" CONTENT="förmyndare,"/><SP WIDTH="12" VPOS="616" HPOS="615"/>
							<String ID="string_32" HPOS="627" VPOS="618" WIDTH="56" HEIGHT="20" WC="0.96" CONTENT="samt"/><SP WIDTH="10" VPOS="618" HPOS="683"/>
							<String ID="string_33" HPOS="693" VPOS="617" WIDTH="6" HEIGHT="21" WC="0.93" CONTENT="i"/><SP WIDTH="12" VPOS="617" HPOS="699"/>
							<String ID="string_34" HPOS="711" VPOS="617" WIDTH="68" HEIGHT="27" WC="0.93" CONTENT="öfrigt"/><SP WIDTH="8" VPOS="617" HPOS="779"/>
							<String ID="string_35" HPOS="787" VPOS="616" WIDTH="66" HEIGHT="22" WC="0.93" CONTENT="hafva"/>
						</TextLine>
						<TextLine ID="line_7" HPOS="103" VPOS="652" WIDTH="749" HEIGHT="28">
							<String ID="string_36" HPOS="103" VPOS="652" WIDTH="99" HEIGHT="22" WC="0.91" CONTENT="värdnad"/><SP WIDTH="17" VPOS="652" HPOS="202"/>
							<String ID="string_37" HPOS="219" VPOS="652" WIDTH="62" HEIGHT="22" WC="0.93" CONTENT="öfver"/><SP WIDTH="16" VPOS="652" HPOS="281"/>
							<String ID="string_38" HPOS="297" VPOS="652" WIDTH="191" HEIGHT="28" WC="0.92" CONTENT="förmynderskap,"/><SP WIDTH="17" VPOS="652" HPOS="488"/>
							<String ID="string_39" HPOS="505" VPOS="653" WIDTH="58" HEIGHT="21" WC="0.93" CONTENT="efter"/><SP WIDTH="15" VPOS="653" HPOS="563"/>
							<String ID="string_40" HPOS="578" VPOS="652" WIDTH="58" HEIGHT="22" WC="0.92" CONTENT="hvad"/><SP WIDTH="11" VPOS="652" HPOS="636"/>
							<String ID="string_41" HPOS="647" VPOS="652" WIDTH="8" HEIGHT="21" WC="0.96" CONTENT="i"/><SP WIDTH="11" VPOS="652" HPOS="655"/>
							<String ID="string_42" HPOS="666" VPOS="652" WIDTH="71" HEIGHT="22" WC="0.96" CONTENT="denna"/><SP WIDTH="10" VPOS="652" HPOS="737"/>
							<String ID="string_43" HPOS="747" VPOS="653" WIDTH="38" HEIGHT="27" WC="0.93" CONTENT="lag"/><SP WIDTH="10" VPOS="653" HPOS="785"/>
							<String ID="string_44" HPOS="795" VPOS="654" WIDTH="57" HEIGHT="25" WC="0.92" CONTENT="sägs."/>
						</TextLine>
					</TextBlock>
				</ComposedBlock>
				<ComposedBlock ID="cblock_5" HPOS="102" VPOS="718" WIDTH="751" HEIGHT="504">
					<TextBlock ID="block_5" HPOS="454" VPOS="718" WIDTH="50" HEIGHT="28">
						<TextLine ID="line_8" HPOS="454" VPOS="718" WIDTH="50" HEIGHT="28">
							<String ID="string_45" HPOS="454" VPOS="718" WIDTH="13" HEIGHT="28" WC="0.78" CONTENT="$"/><SP WIDTH="17" VPOS="718" HPOS="467"/>
							<String ID="string_46" HPOS="484" VPOS="720" WIDTH="20" HEIGHT="20" WC="0.96" CONTENT="2."/>
						</TextLine>
					</TextBlock>
					<TextBlock ID="block_6" HPOS="102" VPOS="764" WIDTH="750" HEIGHT="64">
						<TextLine ID="line_9" HPOS="175" VPOS="764" WIDTH="677" HEIGHT="29">
							<String ID="string_47" HPOS="175" VPOS="765" WIDTH="44" HEIGHT="21" WC="0.93" CONTENT="Vid"/><SP WIDTH="16" VPOS="765" HPOS="219"/>
							<String ID="string_48" HPOS="235" VPOS="765" WIDTH="127" HEIGHT="23" WC="0.91" CONTENT="värdnaden"/><SP WIDTH="16" VPOS="765" HPOS="362"/>
							<String ID="string_49" HPOS="378" VPOS="764" WIDTH="62" HEIGHT="24" WC="0.93" CONTENT="öfver"/><SP WIDTH="16" VPOS="764" HPOS="440"/>
							<String ID="string_50" HPOS="456" VPOS="765" WIDTH="184" HEIGHT="28" WC="0.92" CONTENT="förmynderskap"/><SP WIDTH="17" VPOS="765" HPOS="640"/>
							<String ID="string_51" HPOS="657" VPOS="766" WIDTH="57" HEIGHT="22" WC="0.93" CONTENT="skall"/><SP WIDTH="16" VPOS="766" HPOS="714"/>
							<String ID="string_52" HPOS="730" VPOS="768" WIDTH="74" HEIGHT="20" WC="0.92" CONTENT="rätten"/><SP WIDTH="16" VPOS="768" HPOS="804"/>
							<String ID="string_53" HPOS="820" VPOS="766" WIDTH="32" HEIGHT="21" WC="0.91" CONTENT="bi-"/>
						</TextLine>
						<TextLine ID="line_10" HPOS="102" VPOS="800" WIDTH="358" HEIGHT="28">
							<String ID="string_54" HPOS="102" VPOS="802" WIDTH="76" HEIGHT="21" WC="0.92" CONTENT="trädas"/><SP WIDTH="18" VPOS="802" HPOS="178"/>
							<String ID="string_55" HPOS="196" VPOS="800" WIDTH="24" HEIGHT="22" WC="0.93" CONTENT="af"/><SP WIDTH="13" VPOS="800" HPOS="220"/>
							<String ID="string_56" HPOS="233" VPOS="800" WIDTH="227" HEIGHT="28" WC="0.91" CONTENT="förmyndarenämnd."/>
						</TextLine>
					</TextBlock>
					<TextBlock ID="block_7" HPOS="103" VPOS="836" WIDTH="750" HEIGHT="59">
						<TextLine ID="line_11" HPOS="174" VPOS="836" WIDTH="679" HEIGHT="28">
							<String ID="string_57" HPOS="174" VPOS="836" WIDTH="234" HEIGHT="28" WC="0.91" CONTENT="Förmyndarenämnd"/><SP WIDTH="16" VPOS="836" HPOS="408"/>
							<String ID="string_58" HPOS="424" VPOS="837" WIDTH="59" HEIGHT="21" WC="0.93" CONTENT="skall"/><SP WIDTH="16" VPOS="837" HPOS="483"/>
							<String ID="string_59" HPOS="499" VPOS="838" WIDTH="122" HEIGHT="21" WC="0.91" CONTENT="tillsättas"/><SP WIDTH="-7" VPOS="838" HPOS="621"/>
							<String ID="string_60" HPOS="614" VPOS="832" WIDTH="10" HEIGHT="37" WC="0.91" CONTENT="i"/><SP WIDTH="8" VPOS="832" HPOS="624"/>
							<String ID="string_61" HPOS="632" VPOS="837" WIDTH="76" HEIGHT="27" WC="0.96" CONTENT="hvarje"/><SP WIDTH="11" VPOS="837" HPOS="708"/>
							<String ID="string_62" HPOS="719" VPOS="838" WIDTH="36" HEIGHT="20" WC="0.92" CONTENT="till"/><SP WIDTH="10" VPOS="838" HPOS="755"/>
							<String ID="string_63" HPOS="765" VPOS="839" WIDTH="88" HEIGHT="20" WC="0.96" CONTENT="rättens"/>
						</TextLine>
						<TextLine ID="line_12" HPOS="103" VPOS="872" WIDTH="351" HEIGHT="23">
							<String ID="string_64" HPOS="103" VPOS="872" WIDTH="113" HEIGHT="22" WC="0.96" CONTENT="domkrets"/><SP WIDTH="16" VPOS="872" HPOS="216"/>
							<String ID="string_65" HPOS="232" VPOS="872" WIDTH="98" HEIGHT="22" WC="0.96" CONTENT="hörande"/><SP WIDTH="15" VPOS="872" HPOS="330"/>
							<String ID="string_66" HPOS="345" VPOS="873" WIDTH="109" HEIGHT="22" WC="0.96" CONTENT="kommun."/>
						</TextLine>
					</TextBlock>
					<TextBlock ID="block_8" HPOS="102" VPOS="908" WIDTH="751" HEIGHT="237">
						<TextLine ID="line_13" HPOS="174" VPOS="908" WIDTH="679" HEIGHT="23">
							<String ID="string_67" HPOS="174" VPOS="908" WIDTH="108" HEIGHT="22" WC="0.96" CONTENT="Kommun"/><SP WIDTH="21" VPOS="908" HPOS="282"/>
							<String ID="string_68" HPOS="303" VPOS="909" WIDTH="35" HEIGHT="21" WC="0.96" CONTENT="må"/><SP WIDTH="20" VPOS="909" HPOS="338"/>
							<String ID="string_69" HPOS="358" VPOS="908" WIDTH="70" HEIGHT="23" WC="0.96" CONTENT="likväl"/><SP WIDTH="16" VPOS="908" HPOS="428"/>
							<String ID="string_70" HPOS="444" VPOS="908" WIDTH="49" HEIGHT="22" WC="0.96" CONTENT="med"/><SP WIDTH="16" VPOS="908" HPOS="493"/>
							<String ID="string_71" HPOS="509" VPOS="915" WIDTH="71" HEIGHT="15" WC="0.95" CONTENT="annan"/><SP WIDTH="16" VPOS="915" HPOS="580"/>
							<String ID="string_72" HPOS="596" VPOS="909" WIDTH="102" HEIGHT="21" WC="0.96" CONTENT="kommun"/><SP WIDTH="16" VPOS="909" HPOS="698"/>
							<String ID="string_73" HPOS="714" VPOS="908" WIDTH="88" HEIGHT="22" WC="0.95" CONTENT="förenas"/><SP WIDTH="15" VPOS="908" HPOS="802"/>
							<String ID="string_74" HPOS="817" VPOS="909" WIDTH="36" HEIGHT="21" WC="0.95" CONTENT="till"/>
						</TextLine>
						<TextLine ID="line_14" HPOS="103" VPOS="944" WIDTH="750" HEIGHT="28">
							<String ID="string_75" HPOS="103" VPOS="946" WIDTH="32" HEIGHT="20" WC="0.93" CONTENT="ett"/><SP WIDTH="16" VPOS="946" HPOS="135"/>
							<String ID="string_76" HPOS="151" VPOS="944" WIDTH="329" HEIGHT="28" WC="0.90" CONTENT="förmyndarenämndsområde,"/><SP WIDTH="17" VPOS="944" HPOS="480"/>
							<String ID="string_77" HPOS="497" VPOS="951" WIDTH="33" HEIGHT="15" WC="0.97" CONTENT="om"/><SP WIDTH="12" VPOS="951" HPOS="530"/>
							<String ID="string_78" HPOS="542" VPOS="945" WIDTH="27" HEIGHT="21" WC="0.96" CONTENT="de"/><SP WIDTH="11" VPOS="945" HPOS="569"/>
							<String ID="string_79" HPOS="580" VPOS="945" WIDTH="71" HEIGHT="27" WC="0.96" CONTENT="bägge"/><SP WIDTH="10" VPOS="945" HPOS="651"/>
							<String ID="string_80" HPOS="661" VPOS="944" WIDTH="54" HEIGHT="22" WC="0.96" CONTENT="höra"/><SP WIDTH="10" VPOS="944" HPOS="715"/>
							<String ID="string_81" HPOS="725" VPOS="944" WIDTH="36" HEIGHT="22" WC="0.95" CONTENT="till"/><SP WIDTH="10" VPOS="944" HPOS="761"/>
							<String ID="string_82" HPOS="771" VPOS="950" WIDTH="82" HEIGHT="16" WC="0.96" CONTENT="samma"/>
						</TextLine>
						<TextLine ID="line_15" HPOS="102" VPOS="980" WIDTH="751" HEIGHT="28">
							<String ID="string_83" HPOS="102" VPOS="980" WIDTH="99" HEIGHT="28" WC="0.96" CONTENT="tingslag"/><SP WIDTH="15" VPOS="980" HPOS="201"/>
							<String ID="string_84" HPOS="216" VPOS="980" WIDTH="40" HEIGHT="21" WC="0.96" CONTENT="och"/><SP WIDTH="15" VPOS="980" HPOS="256"/>
							<String ID="string_85" HPOS="271" VPOS="982" WIDTH="75" HEIGHT="20" WC="0.93" CONTENT="rätten"/><SP WIDTH="15" VPOS="982" HPOS="346"/>
							<String ID="string_86" HPOS="361" VPOS="980" WIDTH="73" HEIGHT="28" WC="0.91" CONTENT="gifver"/><SP WIDTH="16" VPOS="980" HPOS="434"/>
							<String ID="string_87" HPOS="450" VPOS="980" WIDTH="76" HEIGHT="22" WC="0.92" CONTENT="dertill"/><SP WIDTH="15" VPOS="980" HPOS="526"/>
							<String ID="string_88" HPOS="541" VPOS="980" WIDTH="36" HEIGHT="22" WC="0.95" CONTENT="lof."/><SP WIDTH="27" VPOS="980" HPOS="577"/>
							<String ID="string_89" HPOS="604" VPOS="980" WIDTH="81" HEIGHT="22" WC="0.93" CONTENT="Rätten"/><SP WIDTH="17" VPOS="980" HPOS="685"/>
							<String ID="string_90" HPOS="702" VPOS="986" WIDTH="40" HEIGHT="21" WC="0.90" CONTENT="ege"/><SP WIDTH="11" VPOS="986" HPOS="742"/>
							<String ID="string_91" HPOS="753" VPOS="980" WIDTH="48" HEIGHT="28" WC="0.96" CONTENT="ock,"/><SP WIDTH="12" VPOS="980" HPOS="801"/>
							<String ID="string_92" HPOS="813" VPOS="980" WIDTH="40" HEIGHT="22" WC="0.96" CONTENT="der"/>
						</TextLine>
						<TextLine ID="line_16" HPOS="103" VPOS="1016" WIDTH="750" HEIGHT="27">
							<String ID="string_93" HPOS="103" VPOS="1016" WIDTH="34" HEIGHT="21" WC="0.92" CONTENT="till"/><SP WIDTH="16" VPOS="1016" HPOS="137"/>
							<String ID="string_94" HPOS="153" VPOS="1016" WIDTH="122" HEIGHT="27" WC="0.90" CONTENT="tingslaget"/><SP WIDTH="15" VPOS="1016" HPOS="275"/>
							<String ID="string_95" HPOS="290" VPOS="1016" WIDTH="41" HEIGHT="21" WC="0.96" CONTENT="hör"/><SP WIDTH="15" VPOS="1016" HPOS="331"/>
							<String ID="string_96" HPOS="346" VPOS="1016" WIDTH="84" HEIGHT="22" WC="0.96" CONTENT="mindre"/><SP WIDTH="17" VPOS="1016" HPOS="430"/>
							<String ID="string_97" HPOS="447" VPOS="1016" WIDTH="36" HEIGHT="22" WC="0.96" CONTENT="del"/><SP WIDTH="11" VPOS="1016" HPOS="483"/>
							<String ID="string_98" HPOS="494" VPOS="1016" WIDTH="24" HEIGHT="21" WC="0.96" CONTENT="af"/><SP WIDTH="9" VPOS="1016" HPOS="518"/>
							<String ID="string_99" HPOS="527" VPOS="1016" WIDTH="102" HEIGHT="22" WC="0.96" CONTENT="kommun"/><SP WIDTH="11" VPOS="1016" HPOS="629"/>
							<String ID="string_100" HPOS="640" VPOS="1016" WIDTH="40" HEIGHT="22" WC="0.96" CONTENT="och"/><SP WIDTH="11" VPOS="1016" HPOS="680"/>
							<String ID="string_101" HPOS="691" VPOS="1016" WIDTH="44" HEIGHT="22" WC="0.96" CONTENT="den"/><SP WIDTH="11" VPOS="1016" HPOS="735"/>
							<String ID="string_102" HPOS="746" VPOS="1016" WIDTH="19" HEIGHT="27" WC="0.93" CONTENT="ej"/><SP WIDTH="11" VPOS="1016" HPOS="765"/>
							<String ID="string_103" HPOS="776" VPOS="1016" WIDTH="77" HEIGHT="22" WC="0.91" CONTENT="åstun-"/>
						</TextLine>
						<TextLine ID="line_17" HPOS="103" VPOS="1051" WIDTH="749" HEIGHT="28">
							<String ID="string_104" HPOS="103" VPOS="1051" WIDTH="39" HEIGHT="21" WC="0.96" CONTENT="dar"/><SP WIDTH="21" VPOS="1051" HPOS="142"/>
							<String ID="string_105" HPOS="163" VPOS="1058" WIDTH="56" HEIGHT="20" WC="0.93" CONTENT="egen"/><SP WIDTH="21" VPOS="1058" HPOS="219"/>
							<String ID="string_106" HPOS="240" VPOS="1051" WIDTH="229" HEIGHT="28" WC="0.91" CONTENT="förmyndarenämnd,"/><SP WIDTH="23" VPOS="1051" HPOS="469"/>
							<String ID="string_107" HPOS="492" VPOS="1051" WIDTH="135" HEIGHT="22" WC="0.91" CONTENT="föreskrifva"/><SP WIDTH="16" VPOS="1051" HPOS="627"/>
							<String ID="string_108" HPOS="643" VPOS="1052" WIDTH="136" HEIGHT="22" WC="0.91" CONTENT="densammas"/><SP WIDTH="16" VPOS="1052" HPOS="779"/>
							<String ID="string_109" HPOS="795" VPOS="1051" WIDTH="57" HEIGHT="22" WC="0.93" CONTENT="före-"/>
						</TextLine>
						<TextLine ID="line_18" HPOS="102" VPOS="1086" WIDTH="750" HEIGHT="29">
							<String ID="string_110" HPOS="102" VPOS="1087" WIDTH="72" HEIGHT="22" WC="0.96" CONTENT="nande"/><SP WIDTH="16" VPOS="1087" HPOS="174"/>
							<String ID="string_111" HPOS="190" VPOS="1088" WIDTH="49" HEIGHT="21" WC="0.96" CONTENT="med"/><SP WIDTH="16" VPOS="1088" HPOS="239"/>
							<String ID="string_112" HPOS="255" VPOS="1093" WIDTH="71" HEIGHT="15" WC="0.96" CONTENT="annan"/><SP WIDTH="16" VPOS="1093" HPOS="326"/>
							<String ID="string_113" HPOS="342" VPOS="1088" WIDTH="103" HEIGHT="21" WC="0.95" CONTENT="kommun"/><SP WIDTH="15" VPOS="1088" HPOS="445"/>
							<String ID="string_114" HPOS="460" VPOS="1088" WIDTH="8" HEIGHT="20" WC="0.93" CONTENT="i"/><SP WIDTH="14" VPOS="1088" HPOS="468"/>
							<String ID="string_115" HPOS="482" VPOS="1087" WIDTH="121" HEIGHT="28" WC="0.92" CONTENT="tingslaget"/><SP WIDTH="10" VPOS="1087" HPOS="603"/>
							<String ID="string_116" HPOS="613" VPOS="1088" WIDTH="36" HEIGHT="20" WC="0.96" CONTENT="till"/><SP WIDTH="10" VPOS="1088" HPOS="649"/>
							<String ID="string_117" HPOS="659" VPOS="1090" WIDTH="33" HEIGHT="19" WC="0.93" CONTENT="ett"/><SP WIDTH="10" VPOS="1090" HPOS="692"/>
							<String ID="string_118" HPOS="702" VPOS="1086" WIDTH="150" HEIGHT="28" WC="0.90" CONTENT="förmyndare-"/>
						</TextLine>
						<TextLine ID="line_19" HPOS="104" VPOS="1123" WIDTH="189" HEIGHT="22">
							<String ID="string_119" HPOS="104" VPOS="1123" WIDTH="189" HEIGHT="22" WC="0.89" CONTENT="nämndsområde."/>
						</TextLine>
					</TextBlock>
					<TextBlock ID="block_9" HPOS="103" VPOS="1158" WIDTH="748" HEIGHT="64">
						<TextLine ID="line_20" HPOS="173" VPOS="1158" WIDTH="678" HEIGHT="28">
							<String ID="string_120" HPOS="173" VPOS="1159" WIDTH="263" HEIGHT="27" WC="0.91" CONTENT="Förmyndarenämnden"/><SP WIDTH="25" VPOS="1159" HPOS="436"/>
							<String ID="string_121" HPOS="461" VPOS="1159" WIDTH="75" HEIGHT="22" WC="0.94" CONTENT="består"/><SP WIDTH="23" VPOS="1159" HPOS="536"/>
							<String ID="string_122" HPOS="559" VPOS="1158" WIDTH="25" HEIGHT="22" WC="0.96" CONTENT="af"/><SP WIDTH="19" VPOS="1158" HPOS="584"/>
							<String ID="string_123" HPOS="603" VPOS="1158" WIDTH="131" HEIGHT="22" WC="0.96" CONTENT="ordförande"/><SP WIDTH="21" VPOS="1158" HPOS="734"/>
							<String ID="string_124" HPOS="755" VPOS="1159" WIDTH="40" HEIGHT="21" WC="0.96" CONTENT="och"/><SP WIDTH="21" VPOS="1159" HPOS="795"/>
							<String ID="string_125" HPOS="816" VPOS="1161" WIDTH="35" HEIGHT="19" WC="0.95" CONTENT="tre"/>
						</TextLine>
						<TextLine ID="line_21" HPOS="103" VPOS="1194" WIDTH="678" HEIGHT="28">
							<String ID="string_126" HPOS="103" VPOS="1194" WIDTH="62" HEIGHT="28" WC="0.96" CONTENT="eller,"/><SP WIDTH="18" VPOS="1194" HPOS="165"/>
							<String ID="string_127" HPOS="183" VPOS="1195" WIDTH="39" HEIGHT="21" WC="0.96" CONTENT="der"/><SP WIDTH="16" VPOS="1195" HPOS="222"/>
							<String ID="string_128" HPOS="238" VPOS="1197" WIDTH="73" HEIGHT="19" WC="0.93" CONTENT="rätten"/><SP WIDTH="16" VPOS="1197" HPOS="311"/>
							<String ID="string_129" HPOS="327" VPOS="1194" WIDTH="91" HEIGHT="27" WC="0.91" CONTENT="pröfvar"/><SP WIDTH="16" VPOS="1194" HPOS="418"/>
							<String ID="string_130" HPOS="434" VPOS="1195" WIDTH="38" HEIGHT="21" WC="0.93" CONTENT="det"/><SP WIDTH="15" VPOS="1195" HPOS="472"/>
							<String ID="string_131" HPOS="487" VPOS="1195" WIDTH="83" HEIGHT="27" WC="0.91" CONTENT="nödigt,"/><SP WIDTH="16" VPOS="1195" HPOS="570"/>
							<String ID="string_132" HPOS="586" VPOS="1194" WIDTH="54" HEIGHT="22" WC="0.96" CONTENT="flere"/><SP WIDTH="16" VPOS="1194" HPOS="640"/>
							<String ID="string_133" HPOS="656" VPOS="1195" WIDTH="125" HEIGHT="21" WC="0.85" CONTENT="ledamöter."/>
						</TextLine>
					</TextBlock>
				</ComposedBlock>
				<ComposedBlock ID="cblock_6" HPOS="102" VPOS="1260" WIDTH="749" HEIGHT="145">
					<TextBlock ID="block_10" HPOS="102" VPOS="1260" WIDTH="749" HEIGHT="145">
						<TextLine ID="line_22" HPOS="451" VPOS="1260" WIDTH="48" HEIGHT="28">
							<String ID="string_134" HPOS="451" VPOS="1260" WIDTH="12" HEIGHT="28" WC="0.77" CONTENT="8"/><SP WIDTH="18" VPOS="1260" HPOS="463"/>
							<String ID="string_135" HPOS="481" VPOS="1262" WIDTH="18" HEIGHT="20" WC="0.89" CONTENT="3."/>
						</TextLine>
						<TextLine ID="line_23" HPOS="175" VPOS="1307" WIDTH="676" HEIGHT="28">
							<String ID="string_136" HPOS="175" VPOS="1307" WIDTH="137" HEIGHT="23" WC="0.96" CONTENT="Ordförande"/><SP WIDTH="16" VPOS="1307" HPOS="312"/>
							<String ID="string_137" HPOS="328" VPOS="1308" WIDTH="7" HEIGHT="21" WC="0.93" CONTENT="i"/><SP WIDTH="16" VPOS="1308" HPOS="335"/>
							<String ID="string_138" HPOS="351" VPOS="1307" WIDTH="222" HEIGHT="28" WC="0.91" CONTENT="förmyndarenämnd"/><SP WIDTH="10" VPOS="1307" HPOS="573"/>
							<String ID="string_139" HPOS="583" VPOS="1309" WIDTH="61" HEIGHT="20" WC="0.96" CONTENT="utses"/><SP WIDTH="11" VPOS="1309" HPOS="644"/>
							<String ID="string_140" HPOS="655" VPOS="1307" WIDTH="25" HEIGHT="21" WC="0.96" CONTENT="af"/><SP WIDTH="7" VPOS="1307" HPOS="680"/>
							<String ID="string_141" HPOS="687" VPOS="1309" WIDTH="75" HEIGHT="20" WC="0.93" CONTENT="ortens"/><SP WIDTH="11" VPOS="1309" HPOS="762"/>
							<String ID="string_142" HPOS="773" VPOS="1307" WIDTH="78" HEIGHT="22" WC="0.92" CONTENT="under-"/>
						</TextLine>
						<TextLine ID="line_24" HPOS="102" VPOS="1342" WIDTH="749" HEIGHT="28">
							<String ID="string_143" HPOS="102" VPOS="1344" WIDTH="46" HEIGHT="20" WC="0.96" CONTENT="rätt"/><SP WIDTH="20" VPOS="1344" HPOS="148"/>
							<String ID="string_144" HPOS="168" VPOS="1342" WIDTH="35" HEIGHT="22" WC="0.96" CONTENT="för"/><SP WIDTH="22" VPOS="1342" HPOS="203"/>
							<String ID="string_145" HPOS="225" VPOS="1348" WIDTH="26" HEIGHT="16" WC="0.96" CONTENT="en"/><SP WIDTH="21" VPOS="1348" HPOS="251"/>
							<String ID="string_146" HPOS="272" VPOS="1343" WIDTH="33" HEIGHT="21" WC="0.96" CONTENT="tid"/><SP WIDTH="20" VPOS="1343" HPOS="305"/>
							<String ID="string_147" HPOS="325" VPOS="1342" WIDTH="25" HEIGHT="22" WC="0.96" CONTENT="af"/><SP WIDTH="16" VPOS="1342" HPOS="350"/>
							<String ID="string_148" HPOS="366" VPOS="1343" WIDTH="51" HEIGHT="27" WC="0.96" CONTENT="fyra"/><SP WIDTH="16" VPOS="1343" HPOS="417"/>
							<String ID="string_149" HPOS="433" VPOS="1343" WIDTH="139" HEIGHT="21" WC="0.92" CONTENT="kalenderår."/><SP WIDTH="31" VPOS="1343" HPOS="572"/>
							<String ID="string_150" HPOS="603" VPOS="1343" WIDTH="33" HEIGHT="21" WC="0.88" CONTENT="På"/><SP WIDTH="15" VPOS="1343" HPOS="636"/>
							<String ID="string_151" HPOS="651" VPOS="1344" WIDTH="74" HEIGHT="20" WC="0.96" CONTENT="landet"/><SP WIDTH="15" VPOS="1344" HPOS="725"/>
							<String ID="string_152" HPOS="740" VPOS="1344" WIDTH="39" HEIGHT="20" WC="0.93" CONTENT="bör"/><SP WIDTH="14" VPOS="1344" HPOS="779"/>
							<String ID="string_153" HPOS="793" VPOS="1343" WIDTH="58" HEIGHT="21" WC="0.91" CONTENT="kom-"/>
						</TextLine>
						<TextLine ID="line_25" HPOS="102" VPOS="1379" WIDTH="748" HEIGHT="26">
							<String ID="string_154" HPOS="102" VPOS="1379" WIDTH="192" HEIGHT="21" WC="0.91" CONTENT="munalnämnden"/><SP WIDTH="23" VPOS="1379" HPOS="294"/>
							<String ID="string_155" HPOS="317" VPOS="1379" WIDTH="37" HEIGHT="21" WC="0.96" CONTENT="och"/><SP WIDTH="22" VPOS="1379" HPOS="354"/>
							<String ID="string_156" HPOS="376" VPOS="1380" WIDTH="9" HEIGHT="20" WC="0.95" CONTENT="i"/><SP WIDTH="22" VPOS="1380" HPOS="385"/>
							<String ID="string_157" HPOS="407" VPOS="1380" WIDTH="57" HEIGHT="25" WC="0.95" CONTENT="stad,"/><SP WIDTH="25" VPOS="1380" HPOS="464"/>
							<String ID="string_158" HPOS="489" VPOS="1380" WIDTH="40" HEIGHT="20" WC="0.96" CONTENT="der"/><SP WIDTH="23" VPOS="1380" HPOS="529"/>
							<String ID="string_159" HPOS="552" VPOS="1379" WIDTH="199" HEIGHT="26" WC="0.95" CONTENT="stadsfullmäktige"/><SP WIDTH="18" VPOS="1379" HPOS="751"/>
							<String ID="string_160" HPOS="769" VPOS="1379" WIDTH="81" HEIGHT="25" WC="0.96" CONTENT="finnas,"/>
						</TextLine>
					</TextBlock>
				</ComposedBlock>
				<ComposedBlock ID="cblock_7" HPOS="175" VPOS="1426" WIDTH="346" HEIGHT="22">
					<TextBlock ID="block_11" HPOS="175" VPOS="1426" WIDTH="346" HEIGHT="22">
						<TextLine ID="line_26" HPOS="175" VPOS="1426" WIDTH="346" HEIGHT="22">
							<String ID="string_161" HPOS="175" VPOS="1426" WIDTH="137" HEIGHT="22" WC="0.90" CONTENT="Lagutskottets"/><SP WIDTH="12" VPOS="1426" HPOS="312"/>
							<String ID="string_162" HPOS="324" VPOS="1426" WIDTH="116" HEIGHT="18" WC="0.96" CONTENT="betänkande"/><SP WIDTH="15" VPOS="1426" HPOS="440"/>
							<String ID="string_163" HPOS="455" VPOS="1426" WIDTH="37" HEIGHT="18" WC="0.89" CONTENT="N:o"/><SP WIDTH="12" VPOS="1426" HPOS="492"/>
							<String ID="string_164" HPOS="504" VPOS="1426" WIDTH="17" HEIGHT="18" WC="0.96" CONTENT="4."/>
						</TextLine>
					</TextBlock>
				</ComposedBlock>
			</PrintSpace>
		</Page>
	</Layout>
</alto>
