1045 1714
324 114 29 24 U.
368 114 28 24 B.
414 127 23 4 —
453 116 74 28 Prop.
543 116 45 23 N:o
604 116 39 24 22.
837 124 25 21 33

106 182 191 28 boskapshjordar,
322 184 39 21 har
389 184 113 23 Utskottet
527 187 31 20 uti
586 186 65 22 slutet
677 186 23 22 af
722 186 140 22 förevarande

107 217 112 27 paragrafs
234 219 53 20 sista
302 222 95 18 moment
412 220 70 27 tillagt
497 220 66 21 orden
579 221 66 25 ,,eller
665 228 70 14 annan
757 221 105 27 boskaps-

105 250 85 28 hjord".

174 285 61 21 Inom
250 286 116 22 Utskottet
386 286 40 22 har
440 287 35 21 väl
489 288 97 27 yrkande
601 288 116 22 tramstälts
733 289 80 25 derom,
829 292 33 18 att

105 320 177 27 propositionens
304 325 26 23 37
346 323 11 23 $
377 320 69 22 borde
467 328 23 14 ur
512 322 153 27 förordningen
685 322 109 26 uteslutas,
811 323 51 21 enär

103 354 41 21 det
158 355 6 19 i
180 354 68 28 sagda
260 356 101 26 paragrat
375 356 110 27 medgifna
500 356 117 22 tillståndet
629 359 33 18 att
671 357 68 21 under
748 358 57 20 vissa
816 364 45 14 om-

103 388 150 28 ständigheter
275 389 82 22 saklöst
378 390 59 21 döda
459 390 48 22 katt
527 398 52 13 vore
601 390 131 28 opåkalladt.
762 391 51 21 Men
833 392 28 20 då

105 422 125 23 Utskottets
245 424 69 22 flertal
329 428 71 18 ansett
416 425 37 21 det
468 424 58 28 ligga
541 428 60 18 utom
616 424 38 22 allt
668 425 75 22 tvifvel
757 429 33 18 att
806 426 54 25 katt,

102 464 49 14 som
170 458 102 21 anträffas
288 460 12 20 å
316 459 27 21 de
358 461 30 19 uti
403 459 143 21 nästnämnda
561 459 103 29 paragraf
676 460 118 21 omordade
808 460 52 21 stäl-

104 492 41 25 len,
166 492 23 21 är
209 492 64 22 stadd
289 494 29 26 på
331 493 46 27 jagt
393 493 55 21 efter
463 494 60 26 vildt,
540 494 42 21 och
597 494 27 21 då
640 494 116 26 dessutom,
773 496 29 26 på
816 495 44 21 sätt

102 526 79 27 jemväl
200 527 191 28 jagtlagskomitén
408 529 30 20 uti
453 530 38 20 sitt
506 529 125 21 förberörda
646 528 136 22 betänkande
797 529 63 21 fram-

102 561 67 26 hållit,
192 562 42 21 den
255 563 69 20 skada
346 562 76 23 katten
443 564 12 21 å
477 565 46 20 sina
546 563 91 28 ströftåg
655 565 6 20 i
676 563 56 28 skog
746 563 42 21 och
802 563 57 27 hage

101 596 162 21 åstadkommer
277 598 13 20 å
305 597 37 21 det
357 599 132 26 matnyttiga
504 597 126 22 villebrådet
644 598 69 21 måste
733 604 63 15 anses
807 605 51 14 vara

104 631 103 28 betydlig,
223 631 38 22 har
277 632 136 27 pluraliteten
428 633 60 20 inom
503 633 114 21 Utskottet
632 632 47 22 icke
694 632 81 22 kunnat
784 632 74 22 förena

101 666 36 25 sig
152 672 36 14 om
202 666 127 22 förberörda
344 667 104 27 yrkande.

171 701 176 26 Propositionens
371 707 27 21 39
414 703 10 24 $
444 702 33 27 (38
494 704 20 25 $)
537 705 120 18 motsvarar
674 702 25 20 18
715 701 12 28 $
743 703 4 19 i
758 701 100 28 gällande

99 734 90 28 jagtlag,
211 735 45 22 frän
277 735 86 22 hvilken
378 737 127 20 densamma
521 736 57 21 dock
592 735 70 28 skiljer
677 737 33 26 sig
725 736 132 26 derutinnan,

99 771 35 19 att
148 770 7 20 i
170 771 165 26 propositionen
349 771 48 21 icke
412 772 61 27 ingår
489 771 162 27 bestämningen
666 771 81 26 derom,
764 774 32 18 att
805 771 53 21 barn

101 803 40 22 bör
156 804 33 21 för
203 805 109 28 begånget
322 805 86 28 okynne
419 812 78 15 varnas
508 806 42 21 och
560 806 28 27 pä
598 805 100 28 lämpligt
708 806 43 21 sätt
760 805 98 22 tillrätta-

101 839 57 20 visas
181 839 21 20 af
225 839 108 27 föräldrar,
354 840 105 21 mälsman
480 840 51 21 eller
545 839 118 22 husbonde.
693 840 35 21 Dä
745 840 113 22 Utskottet

99 873 120 22 emellertid
241 875 33 20 för
296 876 32 20 sin
343 875 38 20 del
396 875 71 21 funnit
481 875 47 20 skäl
542 874 47 22 icke
603 874 134 21 förekomma
752 874 32 21 till
798 874 60 28 dylik

101 907 130 29 förändring,
253 909 39 20 har
313 909 116 22 Utskottet
455 909 110 28 föreslagit
584 913 32 18 att
635 909 171 27 nyssomordade
821 909 37 21 be-

100 943 109 27 stämning
234 944 67 21 mätte
323 945 31 20 uti
375 943 142 22 förevarande
538 943 101 28 paragraf
658 947 116 24 upptagas.
803 943 55 22 Der-

100 981 60 17 emot
175 977 38 22 har
229 978 120 26 Utskottet,
365 985 49 14 som
430 982 71 18 ansett
517 978 139 28 paragrafens
671 978 122 28 stadgande
810 978 47 21 der-

100 1019 45 18 om,
167 1015 32 19 att
221 1013 103 21 mälsman
347 1013 51 21 eller
421 1013 114 21 husbonde
556 1014 7 20 i
583 1014 58 20 vissa
659 1012 38 22 fall
710 1013 43 21 kan
768 1013 89 27 äläggas

98 1047 51 26 sjelf
168 1054 63 14 svara
254 1047 33 21 för
309 1048 38 21 det
368 1048 26 20 af
406 1048 75 21 barnet
498 1048 112 27 begångna
625 1047 88 26 brottet,
729 1048 67 20 strida
810 1050 47 18 mot

98 1081 44 21 den
164 1081 40 21 hos
227 1089 36 13 oss
285 1082 100 26 gällande
408 1082 169 27 rättsgrundsats
603 1085 32 18 att
656 1082 79 21 enhvar
755 1081 41 22 bör
810 1081 50 27 sjelf

100 1115 86 21 straffas
211 1116 32 21 för
267 1116 24 21 af
314 1116 81 21 honom
418 1116 114 28 begångna
556 1116 119 25 förseelser,
698 1116 61 21 aktat
780 1116 77 27 nödigt

99 1150 115 22 inskränka
234 1150 158 22 ofvanberörda
416 1151 137 27 ansvarighet
574 1150 31 22 till
620 1150 107 28 gäldande
742 1150 24 21 af
778 1150 78 21 skade-

97 1184 96 22 ståndet.

168 1219 10 20 I
199 1221 165 25 propositionen
384 1219 79 21 saknas
479 1219 36 21 allt
529 1218 122 28 stadgande
666 1218 80 25 derom,
763 1220 7 19 i
784 1218 72 21 hvilka

100 1253 36 21 fall
149 1253 60 21 brott
225 1257 59 18 emot
297 1253 166 28 ifrågavarande
478 1253 133 27 förordnings
627 1252 132 21 föreskritter
774 1252 21 21 få
805 1252 50 21 alle-

96 1290 52 18 nast
163 1288 23 21 af
198 1288 138 28 målsegande
351 1288 86 24 beifras,
454 1291 57 18 samt
523 1287 39 21 när
577 1286 69 28 dylikt
661 1289 58 19 brott
734 1286 39 22 hör
788 1287 67 21 under

99 1321 89 22 allmänt
202 1322 49 21 åtal.
281 1321 164 27 Bestämningar
460 1324 6 18 i
481 1328 51 20 nyss
543 1321 76 27 antydt
629 1320 102 22 afseende
741 1321 113 21 återfinnas

97 1354 38 20 väl
156 1356 7 19 i
181 1355 24 20 16
221 1356 12 25 $
251 1360 24 21 33
291 1355 50 27 kap.
364 1354 141 27 Strafflagen;
527 1361 50 14 men
597 1354 28 20 då
646 1354 140 20 förevarande
812 1354 42 20 för-

96 1388 95 27 ordning
210 1389 88 27 stadgar
318 1389 65 21 straff
399 1388 63 21 äfven
477 1388 33 21 för
525 1388 66 21 andra
605 1388 60 20 brott
679 1388 28 20 än
721 1388 28 20 de
764 1388 7 20 i
786 1388 68 26 sagda

97 1422 85 28 kapitel
197 1422 24 22 af
233 1422 131 28 Strafflagen
376 1422 134 28 omnämnda,
520 1422 38 22 har
568 1421 115 22 Utskottet
695 1425 71 18 ansett
778 1421 76 27 nödigt

168 1470 46 22 Lag-
227 1470 26 17 och
266 1470 168 17 Ekonomiutskottets
446 1469 103 16 betänkande
561 1468 34 17 N:o
606 1473 17 16 4.
775 1467 11 18 3

913 294 21 17 37
947 291 15 20 $-

870 710 22 21 38
907 711 10 20 $
930 711 29 22 (39
971 711 23 22 $).

907 1232 23 17 39
942 1230 15 20 $-
