1059 1714
202 127 26 20 10
421 125 28 23 U.
466 126 28 21 B.
510 138 27 3 —
553 125 73 28 Prop.
643 125 43 22 N:o
700 125 37 22 13.

200 197 78 20 ansett
296 195 51 22 skäl
364 195 51 22 icke
432 196 142 21 förekomma
587 197 34 20 att
633 195 36 22 uti
678 195 155 29 ofvanantydt
845 195 107 22 afseende

199 230 129 21 inskränka
346 230 185 29 propositionens
549 230 179 28 bestämningar,
741 229 61 22 helst
820 230 45 21 den
880 230 9 21 i
900 225 52 26 Åbo

199 265 25 21 af
242 265 140 21 kommunen
400 264 132 22 anordnade
546 264 271 29 pantlåneinrättningen
828 265 52 21 icke
892 265 62 21 visat

199 299 37 28 sig
245 299 103 22 medföra
358 299 78 28 någon
445 307 49 13 som
505 298 61 22 helst
578 298 123 29 olägenhet
710 299 36 21 för
756 299 72 28 sagda
836 299 116 21 kommun.

268 333 99 22 Jemlikt
388 333 187 29 propositionens
594 333 14 21 2
628 334 12 25 $
659 333 133 22 ankommer
810 333 39 22 det
867 334 13 20 å
898 333 56 29 Kej-

199 367 87 29 serliga
308 367 100 22 Senaten
427 370 35 19 att
480 367 111 29 slutligen
608 367 82 29 pröfva
708 367 67 29 gjord
794 368 104 21 ansökan
917 375 37 14 om

199 401 108 22 tillstånd
332 401 37 22 till
392 401 133 22 inrättande
550 402 23 21 af
590 402 205 28 pantlåneanstalt.
832 402 122 21 Utskottet

199 436 43 22 har
260 435 128 22 emellertid
406 437 36 20 för
460 436 36 21 sin
514 436 38 22 del
570 438 77 20 ansett
659 436 83 29 frågan
754 444 37 14 om
804 436 149 29 anordnande

199 471 25 21 af
242 471 66 28 dylik
325 471 132 28 inrättning
474 471 51 21 icke
543 479 56 14 vara
618 471 22 21 af
658 470 46 22 den
721 471 91 28 vigtiga
824 471 130 22 beskaffen-

198 505 48 28 het,
268 507 35 20 att
325 505 102 22 Senaten
448 505 71 22 borde
542 505 110 22 besväras
672 505 53 22 med
746 505 208 30 handläggningen

200 540 24 22 af
242 540 138 28 densamma,
396 542 58 19 utan
471 540 73 29 torde,
556 540 53 22 med
628 540 106 22 afseende
752 541 86 28 jemväl
850 541 13 21 å
874 544 80 25 mäng-

198 575 48 21 den
266 575 23 21 af
310 575 29 21 de
362 575 30 28 på
418 575 113 22 Senatens
555 575 84 28 åtgärd
662 575 168 22 ankommande
852 575 102 22 ärenden

199 609 24 21 af
240 609 67 28 långt
324 616 49 14 mer
390 609 206 29 maktpåliggande
609 609 161 22 beskaffenhet
782 613 31 18 än
824 617 33 14 nu
869 610 85 28 ifråga-

198 643 110 28 varande,
321 643 141 29 pröfningen
481 644 23 21 af
522 643 65 29 dylik
605 643 103 22 ansökan
727 643 43 22 och
782 644 172 22 fastställandet

199 678 25 22 af
244 677 40 22 det
305 678 37 21 för
360 678 116 21 anstalten
499 678 132 29 uppgjorda
655 678 141 28 reglemente
820 678 134 29 lämpligast

198 712 82 22 kunna
298 712 154 22 öfverlemnas
470 713 24 20 åt
512 712 173 22 vederbörande
704 716 121 24 guvernör,
842 726 28 2 —
888 712 65 22 detta

198 747 27 21 så
242 746 94 29 mycket
353 746 71 22 hellre
443 754 48 14 som
510 746 46 28 det,
568 746 92 30 jemlikt
672 746 45 22 den
728 747 36 21 för
782 750 171 26 guvernörerne

198 781 110 29 gällande
328 781 144 22 instruktion
493 781 23 22 af
537 781 46 22 den
605 782 30 20 29
659 781 127 22 December
806 782 71 27 1894,
896 782 57 28 ålig-

197 823 42 21 ger
264 816 151 28 länestyrelse
440 816 71 21 bland
536 818 71 20 annat
632 818 35 20 att
688 817 21 28 ej
733 816 89 22 mindre
846 816 106 22 meddela

197 850 109 22 tillstånd
331 850 38 21 till
392 850 110 22 bildande
525 850 23 22 af
569 850 117 28 stiftelser,
704 850 102 30 sällskap
829 850 43 22 och
893 850 59 22 före-

196 884 86 29 ningar
299 884 37 22 för
354 885 149 21 ekonomiska
522 884 43 22 och
582 884 142 29 välgörande
743 885 113 28 ändamål,
876 885 76 22 sävidt

197 918 30 22 de
250 922 38 18 äro
313 918 95 22 afsedda
433 921 35 19 att
488 919 71 22 verka
584 919 82 22 endast
689 919 64 22 inom
774 920 70 27 länet,
866 924 30 17 än
918 922 34 19 att

196 953 116 21 fastställa
338 953 96 29 stadgar
459 954 37 21 för
514 953 114 22 desamma
647 954 43 21 och
706 953 82 22 bifalla
800 954 37 21 till
852 954 100 28 ändring

198 987 24 22 af
239 986 73 22 redan
330 987 142 22 stadfästade
490 987 81 29 dylika
589 988 99 28 stadgar.

268 1021 105 22 Emedan
399 1022 83 28 frågan
506 1030 37 14 om
570 1022 86 28 stället,
688 1022 41 21 der
754 1022 198 29 pantlånerörelse

191 1059 33 18 -är
242 1055 80 22 afsedd
341 1058 35 20 att
394 1056 124 28 bedrifvas,
530 1056 52 22 icke
600 1055 66 23 torde
684 1056 70 22 hafva
772 1057 73 28 något
860 1059 92 19 väsent-

196 1090 46 28 ligt
259 1090 131 28 inflytande
408 1092 31 28 på
456 1091 144 29 beviljandet
618 1091 24 21 af
659 1090 107 22 tillstånd
776 1091 37 21 till
824 1090 128 22 utöfvande

196 1124 26 22 af
257 1124 66 29 dylik
357 1126 85 21 rörelse
479 1128 59 19 samt
566 1125 39 22 det
631 1126 9 21 i
665 1125 153 22 förevarande
844 1126 109 28 paragraf

196 1159 116 29 ingående
349 1160 140 28 stadgandet
522 1160 84 28 derom,
634 1162 35 19 att
705 1160 105 22 ansökan
840 1168 36 14 om
905 1160 47 21 till

196 1193 71 22 stånd
298 1193 38 22 till
368 1194 134 22 inrättande
536 1194 24 22 af
594 1194 200 29 pantläneanstalt
828 1194 60 22 skall
918 1196 34 20 åt-

196 1228 70 28 följas
293 1228 24 21 af
342 1228 95 29 uppgift
457 1229 8 21 i
487 1228 141 29 nyssantydt
656 1228 114 28 afseende,
797 1224 63 38 förty
878 1231 73 27 synts

197 1262 123 20 Utskottet
336 1262 52 21 icke
406 1270 56 14 vara
480 1263 24 20 af
522 1262 110 22 behofvet
649 1262 127 28 påkalladt,
795 1263 43 21 har
854 1263 98 21 Utskot-

197 1296 35 20 tet
250 1297 77 19 ansett
345 1295 72 29 sagda
433 1296 129 28 stadgande
574 1296 80 22 kunna
666 1303 28 14 ur
705 1296 167 28 förordningen
884 1297 66 28 utgå;

196 1328 45 22 och
267 1329 57 22 böra
349 1330 41 21 vid
410 1330 84 21 sådant
511 1330 145 22 förhållande
673 1330 85 29 jemväl
776 1330 174 23 föreskrifterna

195 1364 11 21 i
223 1364 187 29 propositionens
430 1365 13 21 3
464 1366 12 25 $
495 1365 120 29 angående
633 1365 153 29 iakttagelser
802 1365 41 23 vid
858 1365 92 29 ombyte

196 1399 25 21 af
247 1399 79 22 stället
352 1399 36 22 för
405 1399 225 30 pantlånerörelsens
648 1399 152 23 bedrifvande
817 1408 28 15 ur
862 1401 89 22 förord-

196 1433 89 30 ningen
312 1435 118 22 uteslutas.
456 1447 27 3 —
508 1435 64 22 Enär
597 1435 36 22 uti
658 1435 41 22 två
723 1435 23 22 af
763 1435 91 22 landets
872 1436 79 22 städer

267 1480 49 21 Zag-
329 1478 33 18 och
375 1478 188 18 Ekonomiutskottets
576 1478 115 18 betänkande
705 1480 37 16 N:o
754 1480 18 16 2.
