1042 1714
336 113 24 23 U.
377 114 19 22 B.
412 127 29 4 —
457 115 59 29 Prop.
533 115 36 23 N:o
587 115 33 23 19.
824 118 28 21 49

106 188 48 21 sten
178 187 116 22 meddelas.
325 187 202 29 Förmynderskap,
551 195 45 15 som
620 189 20 27 ej
663 189 97 27 grundar
783 189 34 28 sig
840 189 13 22 &

105 222 153 27 förordnande,
282 223 35 21 mä
333 223 55 21 dock
404 223 7 22 i
427 224 71 21 boken
514 225 109 26 upptagas
639 224 78 23 endast
733 225 6 21 i
756 225 39 21 fall
812 225 41 22 den

105 258 117 27 omyndige
238 259 40 21 har
294 259 111 27 egendom.

176 294 32 21 Af
232 294 269 27 förmynderskapsboken
526 295 58 22 skall
607 295 80 28 utdrag
703 296 149 27 förmyndare-

105 331 108 20 nämnden
237 330 120 27 tillställas,
383 330 57 22 efter
464 331 57 21 hvad
543 331 74 22 derom
633 331 108 22 särskildt
757 331 96 28 stadgas.

450 432 12 29 8
480 435 33 20 60.

176 497 93 22 Pröfvar
295 498 98 28 domstol,
418 499 38 21 hos
473 499 91 22 hvilken
580 498 184 28 förmynderskap
780 501 25 19 är
820 499 32 21 in-

106 533 101 28 skrifvet,
224 534 126 22 värdnaden
367 534 103 23 deröfver
486 535 74 21 kunna
576 535 130 27 lämpligare
717 534 136 23 handhafvas

105 569 25 22 af
143 576 72 15 annan
230 571 52 26 rätt,
298 569 61 28 förty
375 573 33 19 att
424 570 42 22 den
482 571 116 27 omyndige
614 571 39 21 bor
664 571 57 21 inom
732 570 51 23 dess
795 571 57 21 dom-

105 606 62 21 krets
191 606 55 21 eller
264 606 40 22 der
319 606 92 22 innehar
426 606 107 28 fastighet
549 607 56 21 eller
621 606 87 22 utöfvar
723 607 92 26 rörelse,
832 606 25 22 af

105 641 91 23 hvilken
216 642 44 21 han
281 642 40 22 har
340 643 34 21 sin
392 642 208 28 hufvudsakligaste
619 642 102 28 inkomst,
738 649 41 21 ege
795 644 59 21 dom-

104 678 68 22 stolen
187 678 92 28 besluta,
296 681 33 18 att
344 678 209 27 förmynderskapet
569 678 57 22 skall
642 679 13 21 ä
671 678 42 22 den
729 678 68 22 andre
808 680 44 20 rät-

106 715 37 20 ten
159 713 144 29 öfverflyttas,
320 714 40 22 och
375 714 171 28 tillkännagifve
562 714 37 22 det
613 714 158 28 ofördröjligen
783 714 70 22 denne

105 752 52 25 rätt,
181 756 46 15 som
250 750 40 22 bör
313 756 33 16 om
369 750 97 22 beslutet
482 751 129 22 underrätta
627 750 166 23 vederbörande
809 750 42 22 för-

106 786 186 27 myndarenämnä
307 786 6 21 i
330 786 148 22 domkretsen.
501 786 65 22 Efter
582 786 113 22 enahanda
711 786 96 28 grunder
819 787 34 21 mä

106 822 77 27 tillsyn
199 821 62 23 öfver
277 821 183 29 förmynderskap
477 822 138 28 öfverflyttas
631 822 49 22 frän
697 828 27 16 en
735 822 36 22 till
782 828 72 16 annan

105 856 223 29 förmyndarenämnd
343 858 57 22 inom
417 865 80 15 samma
512 861 58 19 rätts
586 858 117 22 domkrets.

177 894 70 21 Innan
263 894 68 22 sådan
347 894 167 28 öfverflyttning
529 894 104 27 beslutes,
654 894 57 22 skall
729 894 124 27 förmynda-

105 936 47 22 ren,
177 930 24 22 sä
220 930 41 22 ock
276 930 228 29 förmyndarenämnd,
522 937 45 15 som
583 930 40 22 har
639 930 77 27 tillsyn
732 930 63 22 öfver
811 930 42 22 för-

105 966 179 28 mynderskapet,
301 967 7 21 i
325 967 69 21 saken
411 967 70 21 höras.

446 1062 12 30 8
476 1064 33 22 61.

178 1123 11 21 I
205 1123 81 22 ärende
302 1123 94 22 rörande
411 1123 99 21 värdnad
527 1122 62 22 öfver
605 1122 184 28 förmynderskap
800 1123 55 21 höre

106 1158 251 27 förmyndarenämnden
378 1159 56 21 eller
449 1160 74 20 rätten
540 1158 42 22 den
597 1158 128 27 omyndiges
741 1160 114 20 närmaste

106 1193 98 28 fränder,
228 1194 39 22 der
291 1194 37 22 det
345 1194 89 26 pröfvas
451 1194 76 27 nödigt
543 1194 39 21 och
599 1194 44 21 kan
659 1194 40 22 ske
715 1196 52 19 utan
783 1196 72 19 större

107 1230 141 26 tidsutdrägt.
280 1230 129 21 Fränderne
430 1236 40 20 ege
489 1230 40 21 ock
545 1232 46 19 rätt
605 1231 32 19 att
650 1229 39 22 hos
706 1228 149 28 förmyndare-

107 1266 108 21 nämnden
240 1269 50 24 taga
314 1266 36 21 del
374 1265 25 21 af
416 1265 152 28 förmyndares
584 1265 96 27 räkning
696 1267 57 19 samt
768 1266 33 20 att
815 1265 40 21 hos

107 1302 109 21 nämnden
239 1302 55 21 eller
317 1303 74 20 rätten
414 1303 54 25 göra
489 1302 68 21 sädan
573 1301 170 27 framställning,
765 1301 92 21 hvartill

106 1336 166 27 förvaltningen
301 1337 24 20 af
348 1337 209 26 förmynderskapet
580 1337 44 20 kan
648 1336 118 21 föranleda.
798 1336 56 21 Ena-

107 1371 72 21 handa
201 1373 46 20 rätt
271 1371 66 22 hafve
361 1371 42 22 den
419 1372 117 27 omyndige
553 1371 56 27 sjelf,
627 1371 40 22 der
682 1372 44 20 han
742 1371 67 26 nödig
825 1371 31 21 in-

109 1407 45 28 sigt
170 1413 57 22 eger.

179 1455 127 23 Lagutskottets
318 1455 108 18 betänkande
439 1455 35 18 N:o
486 1456 18 17 4.
774 1455 12 17 4
