1059 1714
205 129 26 20 12
432 128 29 22 U.
477 128 26 21 B.
520 141 27 3 —
563 128 74 29 Prop.
652 127 43 23 N:o
710 128 37 22 13.

203 193 9 21 i
231 193 128 21 anstaltens
377 193 93 27 böcker,
489 193 49 22 ofta
554 201 48 20 nog
619 193 72 21 hellre
707 193 75 21 skulle
795 193 56 22 söka
863 193 95 22 bistånd

203 228 30 27 på
260 229 73 19 annat
358 227 49 21 håll
428 227 37 20 till
484 227 43 21 och
543 227 54 22 med
615 228 62 20 emot
693 226 99 22 hårdare
809 228 83 27 vilkor,
910 228 48 21 må-

203 261 78 22 hända
308 261 69 22 äfven
403 261 77 22 lemna
506 261 36 28 sig
562 261 9 22 i
588 261 120 22 händerna
726 262 30 28 på
774 261 101 22 ockrare.
910 262 49 21 För

204 296 25 21 så
246 295 51 22 vidt
315 296 9 21 i
342 295 71 29 öfrigt
431 295 133 22 ändamålet
581 295 53 22 med
651 295 179 28 ifrågavarande
838 296 120 21 föreskrift

204 334 25 17 är
248 332 35 19 att
301 329 130 30 förebygga
448 330 164 29 pantsättning
629 330 24 21 af
665 330 148 28 orättmätigt
827 331 131 21 åtkommen

204 364 120 29 egendom,
348 365 103 21 kommer
475 364 64 21 detta
558 365 108 21 ändamål
683 364 136 29 påtagligen
837 367 36 19 att
890 365 68 22 förfe-

203 399 42 28 las,
270 401 27 26 ty
314 399 40 21 vid
372 399 81 29 hvarje
472 399 199 29 pantlåneanstalt
689 399 23 22 af
729 400 75 27 något
821 402 72 19 större
912 407 46 14 om-

203 434 57 28 fång
286 437 26 18 är
335 433 41 22 det
402 433 118 29 sjelffallet
538 433 107 29 omöjligt
663 436 34 19 att
715 433 143 22 kontrollera
875 434 83 29 riktig-

203 468 71 22 heten
301 467 23 22 af
350 468 132 29 respektive
508 468 132 28 låntagares
663 467 124 30 uppgifter.
823 469 77 21 Jemte
918 468 40 22 det

203 502 165 22 meranämnda
392 502 128 29 stadgande
541 502 88 21 således
651 502 52 21 med
726 502 87 22 lätthet
836 503 78 21 kunde
936 503 24 22 af

204 536 46 21 den
277 536 88 28 oärlige
391 537 139 28 låntagaren
555 544 84 21 genom
667 537 101 28 svikliga
789 537 169 22 meddelanden

203 570 117 28 illuderas,
345 571 90 21 komme
463 571 126 21 detsamma
607 573 35 19 att
659 571 130 28 tillskynda
807 571 46 21 den
871 571 87 28 redlige

203 605 138 28 låntagaren
369 605 90 28 obehag
480 605 43 21 och
544 605 99 28 förfäng.
679 605 34 21 På
732 606 70 21 ofvan
819 605 140 22 framhällna

205 639 102 29 grunder
325 639 44 22 och
387 639 30 21 då
435 639 177 29 ifrågavarande
625 639 128 29 stadgande
766 640 117 21 dessutom
894 640 64 21 kom-

203 681 44 22 me,
265 676 36 19 att
321 674 41 22 vid
380 673 28 21 de
427 674 230 28 pantlåneanstalter,
675 674 82 22 hvilka
775 674 76 22 drifva
869 674 36 21 sin
922 678 36 18 rö-

203 708 59 22 relse
289 708 9 22 i
325 711 73 19 större
416 709 169 28 utsträckning,
604 708 117 29 betydligt
740 709 95 29 fördyra
853 708 43 22 och
913 709 45 21 för-

205 743 67 21 svåra
304 742 139 28 densamma,
475 743 43 21 har
546 743 133 22 Utskottets
711 744 77 21 fertal
817 743 97 22 beslutit
931 751 28 13 ur

205 777 168 29 förordningen
390 778 102 21 utesluta
511 777 149 23 omförmälda
678 778 125 22 föreskrift.

273 812 64 21 Enär
354 812 41 22 vid
412 812 133 28 beviljande
564 812 23 22 af
599 812 40 22 lån
651 814 61 20 emot
723 815 58 26 pant
793 813 85 29 jemväl
887 813 74 22 andra

205 845 94 29 afgifter
321 850 30 18 än
372 848 68 20 ränta
463 846 174 29 ifrågakomma,
656 846 42 22 har
716 847 122 22 Utskottet
855 848 36 20 uti
908 855 52 21 pro-

205 880 144 28 positionens
373 882 16 20 4
411 882 13 25 &
446 882 23 26 (3
491 882 13 26 $
526 882 74 28 enligt
623 881 134 22 Utskottets
775 882 94 28 förslag)
888 882 73 22 infört

205 915 148 29 bestämning
371 916 84 27 derom,
476 918 35 19 att
529 916 69 22 äfven
616 916 66 21 dessa
701 916 72 22 andra
791 916 95 29 afgifter
902 916 58 22 böra

206 950 23 21 af
247 950 117 22 anstalten
383 950 114 22 bokföras.

275 984 35 22 De
329 985 74 29 öfriga
421 984 134 30 ändringar,
573 985 81 22 hvilka
665 985 124 22 Utskottet
797 986 102 28 vidtagit
907 985 53 21 med

205 1019 96 29 hänsigt
318 1019 37 21 till
373 1019 157 29 stiliseringen
543 1020 23 21 af
577 1020 178 28 ifrågavarande
768 1020 115 29 paragraf,
894 1020 66 22 torde

205 1054 52 22 icke
275 1054 94 29 päkalla
388 1054 98 22 särskild
505 1054 146 29 motivering.

274 1088 185 22 Vidkommande
489 1088 176 23 föreskrifterna
681 1089 9 21 i
707 1087 195 31 propositionens
913 1090 14 20 6
947 1090 13 25 $

205 1124 24 26 (5
241 1124 21 26 8)
275 1122 121 29 angående
405 1122 159 23 förfallotiden
576 1124 36 20 för
623 1124 40 20 län
675 1125 62 20 emot
743 1126 64 26 pant,
817 1123 70 22 hafva
896 1124 64 21 inom

205 1157 123 22 Utskottet
355 1157 63 21 olika
444 1157 122 29 meningar
592 1158 104 21 uttalats.
731 1153 22 26 Ä
772 1166 43 13 ena
833 1158 67 22 sidan
916 1158 44 22 har

206 1191 139 22 framhällits
363 1191 110 22 hurusom
490 1192 40 22 län
548 1192 23 22 af
588 1199 33 14 nu
632 1192 178 29 ifrägavarande
823 1192 51 28 slag
886 1192 74 29 enligt

206 1226 37 22 sin
268 1228 71 20 natur
365 1226 89 28 egnade
481 1226 37 29 sig
543 1228 86 20 nästan
651 1226 150 22 uteslutande
821 1226 37 22 för
880 1226 80 29 afhjel-

206 1260 76 28 pande
310 1260 23 20 af
359 1260 121 28 tillfälliga
506 1260 70 21 behof
598 1260 44 21 och
662 1261 63 27 förty
742 1260 71 22 borde
831 1260 81 21 ställas
928 1262 31 26 pä

206 1293 166 29 jemförelsevis
393 1293 54 21 kort
470 1294 177 28 betalningstid,
669 1296 60 19 samt
750 1296 36 20 att
807 1294 39 20 det
867 1294 40 21 vid
925 1294 35 21 sä-

206 1327 57 22 dant
289 1327 146 22 förhällande
462 1330 78 25 syntes
559 1328 134 28 opäkalladt
711 1330 35 19 att
764 1329 8 21 i
789 1330 97 19 motsatt
902 1328 58 21 rikt-

205 1362 58 29 ning
275 1362 128 21 inskränka
417 1362 178 28 aftalsfriheten,
605 1362 61 21 helst
675 1371 30 13 en
714 1363 66 28 dylik
789 1363 171 28 inskränkning

205 1396 52 22 icke
265 1404 71 21 gerna
342 1396 79 22 kunde
426 1397 78 28 undgå
509 1399 35 20 att
549 1397 72 22 verka
627 1397 81 22 derhän
724 1395 38 30 att
767 1397 86 30 jemväl
860 1397 46 22 den
911 1397 49 22 län-

207 1436 86 24 tagare,
313 1439 48 15 som
379 1439 54 14 vore
451 1431 9 22 i
473 1431 68 22 stånd
553 1434 35 20 att
600 1431 99 30 tidigare
712 1432 115 29 ligvidera
839 1432 37 22 sin
885 1432 75 28 skuld,

275 1477 50 20 Lag-
337 1475 33 17 och
383 1475 186 18 Ekonomiutskottets
582 1475 116 17 betänkande
711 1475 35 18 N:o
759 1476 17 16 2.
