1056 1720
198 131 26 20 18

417 127 30 23 U.
462 127 28 22 B.
503 140 27 3 —
545 127 74 28 Prop.
636 126 43 23 N:o
694 125 36 23 13.

472 192 31 18 att
520 190 122 20 Ständerna
654 188 49 21 ville
714 188 8 19 i
732 188 138 28 underdånig
882 194 71 14 svars-

404 224 113 25 skrifvelse
533 224 34 20 till
579 222 63 22 Hans
660 222 124 28 Kejserliga
799 222 104 27 Majestät
914 228 39 14 an-

404 258 65 25 mäla,
482 260 31 18 att
523 258 34 20 det
567 258 34 20 uti
612 256 150 28 förevarande
777 256 82 28 nådiga
871 262 79 21 propo-

403 293 66 21 sition
491 292 35 21 till
549 291 123 21 Ständerna
687 291 160 27 öfverlemnade
858 290 96 28 författ-

404 327 170 27 ningsförslaget
592 326 74 27 blifvit
681 326 30 27 af
724 325 123 21 Ständerna
866 327 87 27 antaget

403 361 48 21 med
475 361 111 21 särskilda
608 360 130 28 ändringar,
762 360 8 20 i
781 360 64 28 följd
871 360 86 28 hvaraf

404 396 69 28 sagda
482 396 89 28 förslag
581 396 81 20 komme
670 398 32 18 att
709 395 84 21 erhålla
804 395 107 28 följande
922 396 32 27 ly-

405 431 66 21 delse:

418 499 157 28 Förordning
596 499 125 28 angående
736 500 52 22 rätt
803 500 36 22 att
853 499 86 33 utöfva

482 540 211 28 pantlånerörelse
708 539 79 23 såsom
803 539 67 28 yrke.

433 597 51 22 Med
498 598 102 27 afvikelse
615 598 54 27 från
688 597 46 22 dei
742 597 211 29 förordningen

405 633 50 20 den
480 633 31 21 31
540 639 73 14 mars
644 633 77 20 1879
748 632 138 28 ingående
911 633 42 20 be-

404 667 218 28 stämningarna
638 673 39 15 om
702 667 126 22 vilkoren
849 667 45 28 för
915 667 38 21 id-

404 701 86 22 kande
514 701 34 28 af
569 701 190 28 näringsyrke
788 704 73 20 samt
885 701 68 29 frän

404 736 58 21 hvad
482 736 11 21 i
514 737 28 20 10
564 737 48 27 kap.
639 736 27 21 H.
692 736 26 21 B.
735 733 88 32 stadgas
846 743 35 15 om
894 738 59 26 pant

404 771 76 21 varder
494 771 134 28 förordnadt
641 777 48 15 som
703 770 68 29 följer
778 779 7 13 :

656 830 9 19 1
679 829 21 27 8.

435 881 187 22 Pantlänerörelse
643 881 72 21 säsom
737 882 51 28 yrke
809 881 42 21 mä
871 881 83 21 idkas

406 916 99 21 endast
522 916 10 20 i
547 916 174 28 välgörande
736 916 74 28 syfte
825 916 48 21 och
887 915 25 28 ej
923 916 34 28 af

405 957 95 14 annan
515 952 35 19 än
564 950 129 21 kommun
709 950 69 22 eller
791 950 46 28 för
851 950 104 21 sädant

405 985 133 21 ändamäl
553 984 112 22 bildadt
679 985 170 27 aktiebolag.

436 1019 52 22 För
499 1019 254 29 pantläneanstalt
770 1018 68 22 skall
851 1018 103 22 ställas

405 1054 200 28 föreständare,
620 1060 57 15 som
695 1056 31 19 är
740 1054 76 27 finsk
833 1053 119 22 medbor-

405 1095 68 21 gare.

437 1123 63 21 Hvad
514 1123 10 21 i
538 1124 72 20 denna
630 1122 131 28 förordning
776 1122 94 28 stadgas,
883 1123 70 27 gäller

405 1158 21 27 e&
454 1157 133 25 länerörelse,
613 1156 37 22 der
679 1156 72 22 såsom
783 1156 98 22 säkerhet
908 1157 46 21 icke

403 1193 106 25 mottages
524 1197 79 14 annan
619 1191 128 27 lösörepant,
757 1192 30 19 än
798 1191 155 28 värdepapper,

404 1226 20 27 ej
438 1225 66 21 heller
524 1225 142 26 bankrörelse,
680 1232 47 14 som
750 1225 109 27 bedrifves
874 1225 29 26 af
914 1232 40 14 an-

404 1260 81 25 stalter,
508 1259 74 20 hvilka
596 1259 10 19 i
620 1259 103 20 särskildt
745 1259 92 26 stadgad
858 1259 96 27 ordning

404 1292 73 20 dertill
491 1292 89 20 erhållit
594 1292 142 27 vederbörligt
751 1292 108 21 tillstånd.

654 1350 50 28 2$.

440 1402 53 21 Vill
508 1402 124 21 kommun
646 1402 112 21 inrätta
770 1402 183 27 pantlånean-

405 1437 201 25 stalt,inlemne
616 1436 125 22 ansökan
750 1437 93 27 derom,
854 1436 101 28 åtföljd

269 1480 48 23 Lag-
329 1480 33 17 och
373 1477 182 19 Ekonomiutskottets
568 1476 110 18 betänkande
690 1476 38 18 N:o
740 1477 18 17 2.
