1048 1709
98 643 27 23 (13
139 643 23 22 $)-

70 1293 20 12 12
102 1289 10 20 $
126 1288 28 23 (13
167 1289 32 16 och

98 1321 20 17 14
130 1317 34 22 88).

204 130 26 20 14
424 122 28 23 U.
470 123 28 22 B.
514 136 27 2 —
557 122 74 29 Prop.
647 122 43 23 N:o
705 121 39 23 22.

202 192 125 22 fördelande
350 192 24 20 af
390 192 64 20 dessa
469 195 57 17 arter
540 192 77 20 mellan
633 191 114 27 skadedjur
762 190 42 21 och
819 190 48 21 icke
881 189 77 22 skade-

202 227 46 26 djur
269 226 72 20 kunde
363 226 48 20 leda
432 226 88 25 derhän,
536 228 32 18 att
583 225 84 21 fruktan
682 225 33 20 för
731 228 32 17 att
778 224 58 21 döda
851 231 28 13 en
893 223 64 28 fågel,

202 267 48 14 som
264 260 24 20 af
301 260 64 26 lagen
380 262 82 18 ansetts
478 260 47 20 icke
539 266 52 14 vara
606 258 121 27 skadedjur,
740 258 71 22 kunde
821 258 81 21 afhålla
912 258 46 20 från

203 297 32 18 att
250 293 58 22 döda
323 301 27 13 en
364 293 32 21 till
410 293 74 26 dylika
499 293 46 26 djur
560 293 91 20 hänförd
666 292 63 27 fågel.

270 327 58 21 Enär
343 327 28 21 de
385 327 92 21 latinska
492 327 181 26 benämningarna
689 327 12 20 å
716 326 125 27 respektive
856 325 103 27 djurarter

202 362 96 27 undergå
319 361 148 26 förändringar
490 361 43 20 och
547 361 48 21 icke
610 368 37 13 ens
663 361 38 20 äro
717 360 42 21 lika
774 361 41 20 hos
830 359 41 21 alla
886 359 73 21 zoolo-

202 396 62 27 giska
284 395 102 22 auktorer
406 399 56 17 samt
483 396 27 20 de
531 397 31 20 uti
577 395 163 27 ifrågavarande
755 394 106 28 paragraf
871 395 30 26 på
915 394 44 21 lan-

204 430 48 21 dets
273 429 65 28 språk
358 433 112 24 upptagna
491 437 64 14 namn
573 430 13 20 å
602 429 27 21 de
644 431 7 19 i
666 429 68 28 sagda
749 428 103 28 paragraf
865 428 94 27 uppräk-

203 465 56 20 nade
280 464 103 27 djurarter
402 463 63 22 torde
485 463 54 21 böra
559 471 63 13 anses
642 465 24 20 så
686 463 114 22 bestämda
815 463 42 21 och
872 463 87 20 allmänt

203 498 77 25 kända,
296 501 33 18 att
344 499 72 25 någon
430 497 139 22 tveksamhet
584 498 81 25 derom,
681 497 72 22 hvilka
769 497 46 26 djur
830 497 50 20 med
895 497 64 20 dessa

202 539 64 14 namn
276 532 64 25 afses,
352 531 48 21 icke
410 531 64 22 torde
483 531 88 21 komma
581 535 32 17 att
623 533 86 26 uppstå,
721 531 38 21 har
772 531 125 21 Utskottets
913 531 46 20 fler-

203 566 31 21 tal
256 566 87 21 beslutit
366 573 23 13 ur
410 566 129 27 paragrafen
561 565 92 22 utesluta
669 567 27 20 de
721 565 91 22 latinska
836 565 124 21 benämnin-

203 607 73 20 garna.

272 633 136 28 Stadgandet
431 635 30 20 uti
484 633 57 21 förra
563 634 63 21 delen
649 634 24 21 af
684 635 177 26 propositionens
878 639 24 20 13
918 633 13 26 $
949 639 8 14 1

203 675 65 14 mom.
289 668 56 21 afser
366 671 32 18 att
417 667 102 22 befordra
539 668 124 21 utrotandet
678 669 25 20 af
714 669 81 24 räfven,
811 675 47 13 som
871 667 22 28 ju
909 667 51 21 obe-

204 703 110 26 stridligen
330 703 23 20 är
368 709 27 13 en
410 702 23 21 af
446 702 37 21 det
498 704 131 25 matnyttiga
639 702 137 22 villebrädets
789 703 73 20 värsta
872 701 87 22 fiender.

205 737 43 22 Om
270 736 118 21 emellertid
404 737 36 20 det
456 737 5 20 i
476 737 69 26 sagda
559 740 97 17 moment
671 737 120 21 omordade
807 736 153 28 uppsökandet

204 771 25 21 af
245 771 79 26 räflyor
346 770 71 21 blefve
439 771 80 20 enhvar
541 771 125 27 medgifvet,
689 771 39 20 har
747 771 114 21 Utskottet
876 771 84 20 befarat

204 809 32 18 att
250 805 114 21 allehanda
379 805 53 26 ofog
446 805 71 21 kunde
532 805 87 21 komma
634 809 39 21 att,
689 806 67 20 under
771 805 157 27 förevändning
939 805 24 20 af

204 839 69 28 dylikt
295 839 149 28 uppsökande,
468 839 107 21 bedrifvas
597 840 12 20 å
629 840 132 21 främmande
777 846 60 20 egor.
867 839 50 21 Och
932 839 28 21 dä

204 875 85 20 räfvens
307 873 136 22 utdrifvande
459 874 50 21 eller
525 874 142 27 utgräfvande
682 881 23 14 ur
721 874 50 27 lyan
787 874 112 21 dessutom
915 873 45 22 ofta

204 916 44 20 nog
267 909 23 20 är
305 907 99 22 förenadt
419 908 50 21 med
484 908 115 27 vidlyftiga
613 908 206 27 gräfningsarbeten,
835 908 38 21 vid
887 907 72 22 hvilka

204 943 68 20 skada
294 943 24 20 af
337 943 57 20 olika
417 942 47 27 slag
485 943 43 20 kan
542 943 128 26 tillskyndas
682 943 137 27 jordegaren,
835 949 50 14 men
901 943 37 21 det
953 943 6 20 i

204 978 78 26 många
304 977 36 20 fall
360 978 69 20 måste
450 980 91 24 antagas
561 977 65 20 blifva
647 977 33 21 för
695 977 42 21 den
752 977 134 22 sistnämnde
901 978 58 20 svårt

204 1015 32 18 att
256 1011 33 22 för
304 1011 182 21 utbekommande
501 1011 24 21 af
537 1011 120 28 ersättning
672 1011 75 27 styrka
761 1012 25 21 af
797 1012 65 21 hvem
876 1011 84 21 skadan

204 1046 110 25 föröfvats,
335 1045 38 21 har
394 1045 121 26 Utskottet,
531 1053 48 14 som
593 1046 37 21 vid
645 1046 78 27 antydt
738 1046 133 21 förhållande
886 1049 72 18 ansett

204 1080 162 27 ifrågavarande
381 1083 95 18 moment
491 1087 52 14 vara
558 1080 80 26 egnadt
653 1084 32 17 att
701 1080 96 21 medföra
812 1087 45 14 mer
872 1080 88 27 olägen-

204 1115 38 20 het
257 1115 27 20 än
298 1121 64 20 gagn,
379 1114 59 21 hållit
453 1114 46 20 före
514 1117 33 18 att
557 1114 68 26 sagda
635 1117 96 18 moment
742 1114 69 21 borde
822 1121 24 14 ur
856 1114 104 27 förslaget

204 1149 110 20 uteslutas.
330 1148 45 20 —I
390 1148 52 27 följd
457 1148 25 20 af
493 1148 126 21 Utskottets
634 1149 147 26 nästantydda
791 1149 70 20 beslut
871 1149 38 20 har
919 1149 41 20 Ut-

204 1182 83 21 skottet
302 1185 72 18 ansett
389 1183 178 26 propositionens
584 1187 24 21 13
631 1181 6 29 &
659 1188 5 15 2
677 1189 64 14 mom.
757 1183 118 26 lämpligen
889 1182 71 21 kunna

205 1217 72 20 såsom
298 1219 32 18 ett
350 1216 102 21 särskildt
472 1220 97 17 moment
590 1216 118 21 öfverföras
730 1216 31 21 till
783 1217 176 26 propositionens

207 1256 27 19 14
248 1250 13 26 8
277 1251 33 25 (12
326 1249 27 28 9).

274 1283 175 20 Vidkommande
472 1289 25 19 14
512 1283 11 27 $
541 1289 7 14 1
567 1289 63 14 mom.
653 1283 36 26 (12
705 1284 13 25 $
734 1288 11 15 2
761 1282 74 28 mom.)
850 1283 38 20 har
903 1284 58 19 inom

207 1317 114 21 Utskottet
336 1317 88 21 uttalats
440 1317 41 21 den
496 1318 87 27 mening
598 1319 32 19 att
645 1316 160 22 föreskrifterna
820 1318 6 19 i
842 1317 61 21 detta
915 1324 46 14 mo-

205 1355 59 18 ment
284 1359 55 14 voro
360 1352 85 27 egnade
460 1355 32 18 att
506 1353 6 19 i
528 1352 106 26 väsentlig
649 1352 48 21 män
712 1352 101 21 befordra
828 1352 73 27 oloflig
914 1351 47 28 jagt

206 1387 12 20 å
233 1386 133 21 främmande
380 1386 69 25 mark;
466 1386 42 21 och
523 1386 38 21 har
575 1386 59 27 förty
649 1389 130 18 momentets
791 1386 137 21 uteslutande
938 1394 23 13 ur

205 1421 153 27 förordningen
373 1420 110 27 päyrkats.
513 1420 127 21 Utskottets
655 1420 70 21 flertal
736 1421 38 21 har
785 1421 118 21 emellertid
913 1421 48 21 icke

273 1467 46 20 Lag-
332 1467 27 15 och
371 1466 168 16 Ekonomiutskottets
552 1467 103 15 betänkande
667 1467 34 15 N:o
713 1472 16 14 4.
