1045 1711
197 122 13 19 6
407 119 29 22 U.
451 119 27 22 B.
495 132 26 3 —
538 119 75 28 Prop.
628 119 45 22 N:o
689 119 37 22 19.

192 191 154 27 mynderskap,
363 189 113 23 hvarefter
491 191 7 21 i
515 190 37 22 det
568 190 77 27 sjunde
656 189 94 27 kapitlet
760 189 111 22 meddelas
883 189 57 22 före-

192 226 93 22 skrifter
308 232 33 15 om
366 226 54 27 gode
436 228 50 19 män
508 227 6 20 i
538 226 60 22 vissa
620 226 39 21 fall
679 225 64 22 och
733 221 13 37 i
762 225 37 22 det
815 225 54 22 sista
885 225 55 22 eller

191 262 90 22 ättonde
309 261 95 27 kapitlet
424 264 107 25 upptagas
556 261 109 22 särskilda
689 261 35 22 till
748 263 73 20 ämnet
842 261 98 22 hörande

192 298 136 27 stadganden
344 296 24 22 af
381 297 120 22 olikartadt
516 297 104 22 innehäll.

260 333 64 23 Hvad
348 332 56 22 först
428 333 105 21 beträffar
556 332 183 28 myndigheterna
753 332 36 22 för
803 332 137 28 förmynder-

192 369 172 27 skapsärenden,
381 369 25 21 sä
421 369 40 21 har
478 369 41 21 den
528 369 127 22 nuvarande
668 368 181 28 lagstiftningens
859 368 81 28 grund-

193 407 45 20 sats
262 407 33 20 att
318 406 78 26 högsta
419 406 119 26 uppsigten
562 405 62 22 öfver
647 404 212 28 förmynderskapen
883 405 57 21 skall

192 440 88 23 utöfvas
296 440 24 22 af
334 440 26 22 de
376 441 111 21 allmänna
503 441 170 22 underrätterna
688 441 6 21 i
713 440 48 22 stad
777 440 39 22 och
827 440 28 27 pä
866 440 75 22 landet

192 477 8 21 i
216 476 145 28 lagförslaget
376 476 134 23 bibehällits.
536 477 51 22 Men
598 477 166 22 vidkommande
776 477 42 21 den
829 479 112 19 närmaste

193 513 106 27 tillsynen
316 512 62 22 öfver
394 512 306 28 förmyndareförvaltningen
711 513 59 21 inför
780 512 109 28 förslaget
898 513 43 21 den

193 549 100 27 ändring,
310 550 32 20 att
365 548 107 27 tillsynen
495 549 84 21 komme
603 551 32 19 att
658 548 87 22 utöfvas
769 548 25 22 af
808 548 132 22 särskilda
927 544 15 36 i

193 584 155 22 kommunerna
370 583 34 23 för
420 584 124 22 ändamälet
560 584 110 22 inrättade
686 584 253 28 förmyndarenämnder.

193 620 60 22 Enär
277 620 65 22 dessa
364 620 106 22 nämnder
494 621 69 22 likväl
587 627 51 15 vore
662 622 32 20 att
715 627 63 16 anses
795 621 71 22 säsom
883 622 57 20 satta

193 657 147 22 domstolarne
360 657 35 21 till
418 657 87 22 biträde
528 657 33 22 uti
582 657 127 22 vårdnaden
725 657 63 22 öfver
803 656 136 28 förmynder-

193 693 90 26 skapen,
300 693 90 27 stadgar
403 692 151 29 lagförslaget,
566 695 32 19 att
609 693 120 22 nämndens
740 692 131 23 ordförande
883 693 57 21 skall

193 730 60 20 utses
270 728 25 21 af
308 731 74 19 ortens
394 728 122 27 underrätt,
528 729 113 21 hvaremot
652 729 149 21 ledamöterna
811 729 85 21 komme
908 730 33 20 att

193 764 70 27 väljas
279 764 25 21 af
323 764 135 21 kommunen.
490 765 117 21 Dessutom
630 765 120 21 tillkomme
766 764 38 22 det
819 764 120 22 domstolen

193 801 33 20 att
241 800 57 21 vaka
314 799 63 22 öfver
392 801 34 20 att
440 801 36 20 val
492 800 25 21 af
530 800 120 22 ledamöter
665 801 36 20 till
717 800 108 22 nämnden
837 800 19 27 ej
868 800 70 22 äsido-

193 837 69 20 sättes
283 836 55 21 eller
354 837 33 20 att
403 835 75 22 dertill
495 836 19 27 ej
531 840 61 18 utses
606 836 51 21 icke
672 837 90 21 valbara
778 842 112 22 personer,
907 837 33 20 att

193 871 78 27 pröfva
295 872 80 21 besvär
391 871 62 22 öfver
469 872 106 22 ledamots
591 872 37 22 val
643 871 113 22 äfvensom
772 873 33 20 att
821 872 57 21 inom
893 872 47 22 viss

193 906 25 22 af
231 908 65 26 lagen
312 907 104 27 angifven
432 908 80 26 högsta
526 910 68 25 gräns
610 907 111 21 fastställa
738 908 37 21 det
791 908 87 27 arvode,
895 914 45 15 som

192 943 133 22 tillkommer
341 942 250 28 förmyndarenämnden
601 943 26 21 af
635 943 26 21 de
673 943 128 27 omyndigas
812 944 127 21 inkomster.

260 978 74 22 Säsom
343 979 67 21 redan
419 979 105 21 nämndes
532 986 41 15 var
581 978 55 28 ogift
647 979 80 26 gvinna
736 979 69 21 under
813 979 62 21 äldre
883 979 58 21 tider

193 1014 109 28 omyndig.
331 1014 67 22 Först
412 1021 77 20 genom
508 1015 157 26 förordningen
679 1015 42 21 den
737 1016 27 20 31
780 1015 92 21 oktober
885 1016 56 20 1864

193 1050 131 27 bestämdes,
342 1052 32 19 att
389 1050 56 27 ogift
461 1050 81 26 gvinna
558 1056 52 16 vore
626 1050 90 27 myndig
731 1050 37 22 vid
785 1052 26 20 25
823 1050 38 22 ärs
872 1050 69 27 älder,

194 1087 56 20 samt
265 1088 33 19 att
312 1086 83 21 hennes
407 1086 128 27 myndighet
545 1086 102 21 inträdde
657 1086 69 21 redan
737 1086 37 22 vid
786 1088 26 19 21
825 1087 36 20 ärs
872 1086 69 27 älder,

193 1121 7 20 i
217 1121 40 21 fall
273 1121 43 21 hon
332 1121 38 21 hos
386 1123 74 19 rätten
477 1121 99 21 anmälde
588 1121 33 21 sin
633 1121 108 21 ästundan
752 1123 33 19 att
797 1121 53 27 sjelf
858 1121 83 21 förestä

193 1156 40 21 sitt
248 1156 63 27 gods;
327 1162 50 15 men
392 1156 54 21 ville
462 1156 81 26 gvinna
559 1155 57 23 efter
631 1156 38 21 det
687 1156 42 22 hon
748 1156 93 27 uppnätt
852 1156 90 28 myndig

194 1192 63 21 älder
272 1192 71 21 hellre
359 1191 61 27 njuta
436 1191 203 27 förmyndarevärd,
651 1192 73 21 skulle
734 1194 73 19 rätten
820 1192 27 26 pä
858 1192 84 22 hennes

194 1227 97 27 begäran
307 1227 74 21 derom
397 1226 109 23 förordna.
532 1227 63 21 Hvad
611 1227 48 21 äter
675 1226 105 22 beträffar
796 1227 42 27 gift
854 1228 87 27 gvinna,

194 1268 53 20 eger
270 1262 42 21 hon
336 1262 70 26 enligt
430 1268 28 14 nu
482 1262 103 26 gällande
608 1262 140 27 lagstiftning
771 1264 46 20 rätt
840 1265 33 19 att
889 1263 53 21 räda

194 1296 63 23 öfver
280 1297 38 21 det
340 1297 43 21 hon
408 1303 77 21 genom
510 1299 50 25 eget
576 1298 75 20 arbete
667 1298 43 20 kan
727 1298 114 22 förvärfva
857 1300 61 25 samt,
935 1298 8 20 i

195 1332 40 22 fall
253 1332 110 23 förbehäll
380 1332 73 23 derom
469 1333 70 27 gjorts
555 1333 7 21 i
578 1333 129 27 upprättadt
723 1333 219 27 äktenskapsförord,

191 1369 84 29 jemväl
291 1368 63 23 öfver
370 1369 39 22 sitt
426 1369 101 21 enskilda
542 1368 58 23 fasta
616 1370 40 20 och
671 1370 48 21 lösa
734 1369 54 28 gods
801 1369 69 28 jemte
881 1370 65 22 deraf

194 1406 96 21 fallande
310 1406 104 27 afkomst,
426 1406 115 21 hvarutom
553 1406 41 21 hon
607 1412 76 21 genom
694 1406 117 21 boskilnad
822 1406 45 21 kan
877 1406 66 22 vinna

266 1454 137 23 Lagutskottets
416 1453 116 19 betänkande
546 1453 36 19 N:o
595 1454 16 17 4.
