1048 1711
320 118 29 24 U.
364 119 29 22 B.
408 132 28 4 —
451 121 73 28 Prop.
542 121 46 22 N:o
604 120 38 24 22.
832 128 28 21 79

553 191 29 20 27
596 191 21 27 $.

375 235 111 28 Jagtskatt
502 237 95 26 erlägges
614 237 37 27 för
664 237 131 21 kalenderär
811 238 50 20 med

309 271 30 18 tre
361 270 64 20 mark
448 270 31 20 till
501 269 75 28 hvarje
598 271 114 25 kommun,
731 271 41 21 där
782 272 76 26 jagten

307 303 58 25 skett,
388 310 50 14 men
459 304 47 25 den,
526 311 46 13 som
589 306 69 19 ärnar
673 304 51 21 idka
735 305 51 27 jagt
801 305 7 20 i
823 306 35 19 tvä

307 337 50 21 eller
376 337 51 27 flere
446 338 136 25 kommuner,
599 339 38 20 mä
652 345 63 15 anses
729 339 36 27 för
784 340 74 26 yrkes-

302 371 80 27 jägare
403 372 41 20 och
466 373 26 20 är
509 372 77 28 pligtig
604 374 31 20 att
649 373 94 27 erlägga,
758 373 98 27 förutom

307 406 84 21 nämda
412 407 14 20 3
447 408 66 20 mark
534 407 32 21 till
587 407 75 27 hvarje
684 408 113 25 kommun,
818 408 41 20 där

302 440 76 27 jagten
400 441 54 25 sker,
471 442 64 27 äfven
554 441 28 21 tio
598 442 64 20 mark
677 442 33 20 till
723 442 88 21 kronan
823 442 36 27 för

306 474 77 28 hvarje
399 475 136 21 kalenderär.

377 510 59 20 Från
457 511 132 27 erläggande
610 510 27 28 af
650 511 107 27 jagtskait
771 512 40 19 äro
827 511 32 20 be-

305 543 71 27 friade
397 544 143 28 jordegarene
568 545 40 21 och
641 545 216 27 lägenhetsinnehaf-

307 584 78 14 varene
407 579 14 20 å
436 578 49 21 sina
500 585 56 21 egna
572 578 127 28 lägenheter,
710 579 71 27 jämte
796 579 62 20 deras

305 611 100 28 familjer.
435 613 113 21 Likaledes
570 613 65 28 äfven
659 613 134 21 landbönder
816 613 40 20 och

306 648 90 25 torpare,
427 653 35 15 om
493 647 36 21 vid
557 647 180 28 arrrendeaftalet
765 648 95 27 jagträit

306 681 71 27 blifvit
397 682 24 19 ät
435 682 47 20 dem
499 682 99 27 utlofvad
612 682 40 20 och
662 682 142 27 jagtmarken
821 682 35 21 be-

305 715 72 27 finner
391 715 33 28 sig
440 716 7 21 i
461 716 111 27 gifvarens
588 717 60 20 vård.

378 751 14 19 4
407 751 41 20 och
470 751 6 20 5
492 757 89 14 momm.
605 751 67 27 enligt
694 751 111 20 Utskottets
823 751 34 20 be-

308 785 117 20 tänkande.

171 853 117 27 Härjämte
303 853 122 21 framhälla
441 853 23 20 vi
479 856 32 18 att
526 855 12 19 9
560 855 6 25 $
586 855 4 19 2
601 860 70 14 mom.
682 853 8 21 i
700 853 157 21 betänkandet

101 888 64 20 torde
187 888 56 20 böra
265 887 8 21 i
288 887 99 27 enlighet
402 888 53 20 med
470 888 43 20 här
528 888 128 26 föreslagna
672 888 123 26 ändringar
811 894 47 14 om-

102 915 141 38 formuleras.
364 919 5 5 N

170 957 43 26 7:0)
235 956 61 20 Ifrån
318 956 27 20 28
360 956 13 26 $
388 955 7 21 i
411 956 124 21 Utskottets
551 956 144 21 betänkande
710 956 57 20 böra
784 956 9 20 1
811 956 44 20 och

102 996 12 20 2
130 1002 94 14 momm.
240 996 77 20 säsom
333 995 98 27 onödiga
446 997 116 20 uteslutas.

170 1030 44 27 8:0)
229 1030 43 20 Till
289 1031 26 20 35
331 1031 12 25 &
359 1030 7 20 i
382 1030 124 22 Utskottets
525 1030 146 21 betänkande
693 1030 70 21 borde
787 1030 71 26 tilläg-

101 1070 40 21 gas
164 1066 30 20 ett
217 1066 108 25 moment,
349 1064 42 21 där
409 1064 64 21 böter
488 1064 91 27 stadgas
594 1065 35 20 för
644 1064 43 21 den
703 1071 57 20 som,
776 1064 35 21 för
826 1066 32 19 att

101 1098 78 27 undgå
199 1099 195 26 skattebetalning,
414 1099 74 20 inlätit
509 1099 34 26 sig
562 1099 7 20 i
590 1099 71 26 några
677 1099 59 26 slags
752 1099 105 26 spekula-

100 1132 75 21 tioner
197 1133 35 20 för
246 1135 32 18 att
292 1133 23 20 få
327 1133 54 27 jaga
395 1135 56 18 utan
467 1135 32 18 att
514 1133 77 20 betala
606 1133 66 26 skatt,
689 1133 43 20 och
748 1132 35 21 för
795 1131 63 28 jord-

101 1172 71 21 egare,
194 1173 51 15 som
265 1167 60 21 varit
345 1166 8 21 i
374 1166 201 28 spekulationerna
597 1166 104 26 delaktig.
733 1166 125 21 Momentet

101 1200 78 22 kunde
194 1200 23 21 fä
232 1201 94 27 ungefär
341 1200 99 28 följande
456 1200 98 28 lydelse
544 1196 13 37 :

552 1276 28 20 35
596 1274 20 28 $.

375 1315 40 22 Om
439 1316 81 27 nägon,
546 1322 46 14 som
618 1314 66 28 enligt
697 1315 29 20 27
741 1314 15 28 $
772 1314 45 21 icke
833 1316 26 20 är

304 1350 53 26 från
372 1350 58 20 skatt
444 1349 89 27 befriad,
548 1349 98 27 försöker
656 1348 49 20 med
716 1349 74 26 någon
804 1348 53 26 från

305 1384 58 20 skatt
371 1383 92 27 fritagen
474 1389 91 21 persons
576 1382 89 27 tillhjelp
674 1382 97 21 undvika
779 1382 78 20 skatte-

308 1417 115 27 betalning,
445 1418 37 19 må
505 1417 107 20 hvardera
628 1416 87 27 straffas
731 1417 74 20 säsom
822 1416 37 27 för

170 1465 44 21 Lag-
226 1465 27 16 och
264 1464 170 16 Ekonomiutskottets
447 1463 103 16 betänkande
563 1461 35 18 N:o
609 1467 17 16 4.
