1045 1706
427 86 40 21 N:o
484 86 32 21 19.
805 88 13 20 9

162 147 46 27 Äro
222 152 87 22 barnets
324 152 107 22 föräldrar
446 153 18 27 ej
480 154 163 26 sammanvigda,
654 160 50 15 vare
715 154 48 22 dess
773 154 74 22 moder

94 186 133 27 lagbestämd
246 186 141 28 förmyndare,
409 187 37 21 der
461 187 19 27 ej
497 189 70 20 rätten
583 187 85 27 pröfvar
682 188 68 22 henne
766 188 80 26 olämp-

93 220 38 27 lig.
161 220 69 22 Gifter
253 220 41 22 hon
314 221 33 27 sig
365 221 49 21 med
433 228 70 15 annan
519 224 28 18 än
562 222 86 21 barnets
664 222 66 26 fader,
745 228 52 15 vare
811 222 36 26 lag

94 260 45 16 som
155 254 6 21 i
177 256 13 20 2
206 260 64 16 mom.
286 256 57 26 sägs.

162 288 74 22 Moder
259 296 39 20 ege
319 291 44 19 rätt
386 291 34 19 att
442 289 74 27 afsäga
533 290 32 26 sig
584 289 204 27 förmynderskapet,
811 295 35 15 om

93 322 86 22 barnets
194 323 181 27 angelägenheter
391 324 38 20 äro
444 323 118 27 vidlyftiga.

440 392 11 27 8
467 393 34 20 24.

162 437 84 22 Saknar
260 438 130 26 minderårig
401 437 134 27 lagbestämd
546 437 142 27 förmyndare,
700 437 27 22 då
737 438 55 21 skall
802 439 44 20 rät-

93 473 36 19 ten
151 471 137 28 förmyndare
309 472 109 21 förordna.
449 472 114 22 Erfordras
581 472 66 21 sådan
666 472 7 21 i
692 472 113 27 anledning
824 472 25 21 af

93 506 146 27 lagbestämde
254 506 161 28 förmyndarens
432 507 41 21 död
489 507 38 21 och
539 507 39 21 har
588 506 68 22 denne
667 506 34 22 tiil
711 506 134 27 förmyndare

93 542 75 20 nämnt
185 542 75 26 någon,
280 546 45 16 som
344 540 73 22 dertill
437 543 24 19 är
476 540 71 29 fallen,
563 540 64 22 varde
642 541 41 21 den
699 541 89 21 nämnde
803 540 43 22 för-

94 574 88 22 ordnad.
212 575 11 21 I
240 575 69 27 öfriga
326 574 38 22 fall
383 581 38 21 ege
440 577 70 19 rätten
525 577 48 19 utse
588 574 88 28 lämplig
691 581 84 21 person,
791 574 56 22 helst

93 610 70 27 någon
178 610 24 21 af
216 610 40 21 den
273 610 123 27 omyndiges
412 610 131 27 skyldemän.

162 644 50 22 Står
234 643 62 22 fader
317 644 52 22 eller
391 644 74 22 moder
484 644 50 27 sjelf
552 644 66 22 under
638 644 141 27 förmyndare,
796 650 49 16 vare

94 678 69 22 denne
182 678 40 22 ock
237 678 136 27 förmyndare
391 678 33 22 för
440 678 83 27 barnet,
538 678 24 21 så
577 678 65 22 framt
656 678 19 26 ej
691 680 70 20 rätten
777 684 69 16 annan

94 713 71 22 dertill
181 712 118 22 förordnar.

440 748 11 26 8
466 748 35 21 25.

162 793 88 21 Tarfvas
265 792 135 28 förmyndare
416 792 34 22 för
465 794 76 26 någon,
557 794 66 20 sedan
632 793 42 21 han
684 792 93 28 uppnått
787 798 59 22 myn-

94 827 166 27 dighetsåldern,
280 828 65 20 varde
365 826 68 22 sådan
451 826 23 22 af
487 828 70 20 rätten
573 827 125 25 förordnad;
714 826 37 22 och
767 827 56 21 skall
838 827 8 21 i

94 861 62 27 fråga
173 868 35 14 om
226 862 122 26 grunderna
363 861 34 21 för
412 861 162 27 förmyndarens
589 861 133 21 tillsättande
736 862 116 26 tillämpas:

93 896 57 21 hvad
165 896 7 20 i
187 896 28 20 23
234 896 39 21 och
288 897 27 20 24
330 896 25 28 $$
371 898 24 19 är
412 895 107 27 stadgadt.
549 896 60 21 Dock
625 895 35 21 må
674 895 89 21 framför
779 895 66 21 andra

94 930 40 22 den
150 930 124 27 omyndiges
289 931 76 21 hustru
379 930 120 26 förordnas,
515 936 34 15 om
565 930 36 21 det
615 929 67 21 finnes
697 930 104 26 lämpligt.

441 998 11 27 $
467 1000 35 20 26.

162 1038 78 22 Rätten
263 1045 44 20 ege,
331 1039 37 21 der
391 1038 36 21 det
446 1038 66 22 finnes
531 1038 80 26 nödigt,
630 1037 102 22 förordna
749 1037 51 21 flere
815 1039 32 19 att

93 1075 132 24 gemensamt
246 1072 81 22 förestä
345 1072 188 27 förmynderskap;
553 1071 54 22 dock
626 1071 35 21 mä
679 1071 22 22 åt
719 1071 66 27 fader,
801 1077 45 15 som

94 1107 28 26 pä
136 1107 69 26 grund
221 1107 23 21 af
257 1107 28 21 23
301 1107 12 27 &
329 1106 91 21 innehar
435 1106 181 27 förmynderskap,
631 1105 184 28 medförmyndare
827 1105 18 27 ej

95 1143 44 20 mot
153 1141 53 21 hans
222 1141 49 27 vilja
288 1141 118 21 förordnas.

163 1169 29 28 Åt
207 1175 80 26 moder,
297 1181 45 15 som
353 1175 90 21 innehar
453 1175 69 27 dylikt
531 1175 182 26 förmynderskap,
724 1174 54 21 skall
789 1173 57 21 med-

94 1210 136 27 förmyndare
248 1209 111 22 förordnas
375 1209 80 27 jemväl
474 1209 28 22 då
517 1209 87 22 barnets
620 1209 60 22 fader
695 1209 36 21 det
745 1209 100 20 bestämt.

442 1278 11 27 $
468 1279 34 20 27.

163 1318 47 21 Kan
227 1317 47 26 den,
291 1323 44 15 som
352 1317 39 22 bör
407 1323 52 15 vara
474 1317 140 26 förmyndare,
630 1317 19 27 ej
665 1319 75 24 genast
749 1316 97 22 tillträda

95 1351 204 27 förmynderskapet,
315 1350 101 22 förordne
432 1353 69 19 rätten
518 1357 70 15 annan
604 1353 32 19 att
652 1351 118 20 detsamma
779 1350 67 21 under

95 1385 57 22 tiden
167 1385 87 22 förestå.
