1059 1714
184 127 14 20 6
371 125 84 24 Ständ.
472 126 37 22 Sv.
526 139 28 2 —
568 125 74 29 Prop.
658 125 43 23 N:o
716 126 34 23 16.

185 196 97 24 hvartill
327 197 103 22 kommer
450 192 13 38 —
473 196 236 29 utskänkningsskatt

256 231 90 28 30,000
375 230 66 23 mark
468 230 43 23 och
537 230 172 30 kontrollafgift

256 266 90 28 75,000
364 265 66 23 mark
448 265 97 30 årligen,
558 265 56 23 eller
624 265 37 22 för
673 267 35 20 tre

254 300 25 21 år
298 300 169 29 sammanlagdt
501 317 4 5 .
542 317 4 4 .
582 317 4 5 .
623 317 4 4 .
705 317 4 4 E
769 300 114 28 315,000:
907 313 27 3 —

541 346 94 23 Summa
652 346 60 22 Fmk
732 347 154 28 12,315,000:
908 359 27 3 —

184 380 76 23 skulle
292 380 59 22 efter
380 379 83 30 afdrag
491 381 24 21 af
544 380 165 23 ofvanstäende

255 414 91 30 belopp,
367 415 129 27 1,950,000
515 414 43 23 och
572 415 138 28 1,980,000,

256 449 56 22 eller
329 427 152 55 tillsammans
500 466 4 5 sv
542 466 3 5 de
705 466 4 4 .
747 449 139 29 3,930,000:
909 461 27 4 —

186 495 87 22 återstå
300 497 34 20 ett
355 495 85 30 belopp
459 495 23 22 af
529 513 4 4 .
570 513 4 4 .
611 513 4 4 .
651 495 60 23 Fmk
746 496 193 28 8,385,000:—,

185 529 58 23 eller
269 529 89 23 säledes
386 530 132 28 2,795,000
538 531 66 22 mark
622 530 90 29 ärligen
729 530 93 23 komma
840 532 35 21 att
892 530 47 22 till-

185 564 58 22 falla
268 564 307 23 kommunikationsfonden.
610 565 88 22 Härtill
719 565 103 22 kommer
840 564 100 23 andelen

186 599 9 22 i
221 599 182 29 utskänknings-
422 599 43 22 och
482 599 294 30 utminuteringsbolagens
793 599 145 28 vinstmedel,

186 633 122 23 beräknad
332 633 39 22 till
398 633 107 29 600,000
532 634 66 23 mark
616 634 96 29 årligen,
730 634 93 23 hvadan
840 633 98 24 fondens

187 667 53 22 hela
258 668 102 22 inkomst
377 667 53 23 från
447 668 282 23 bränvinsskattemedlen
740 669 49 22 kan
800 669 139 28 uppskattas

186 701 38 22 till
251 702 131 29 3,395,000
408 703 68 22 mark
493 703 90 29 årligen
600 702 74 23 under
690 705 68 20 nästa
776 702 163 31 finansperiod,

186 735 90 24 säledes
294 737 37 22 för
348 739 35 19 tre
402 737 25 22 är
444 737 38 22 till
501 737 147 28 10,185,000
666 737 72 22 mark.

256 805 114 22 Finlands
389 805 101 23 Ständer
506 805 132 24 framhärda
656 807 42 21 etc.

254 874 154 30 Helsingfors,
427 875 46 23 den
491 875 15 22 8
524 875 47 30 Maj
594 875 70 22 1897.

248 1445 108 22 Helsingfors
369 1444 49 19 1897.
443 1444 109 23 Helsingfors
565 1443 150 25 Centraltrycketi,
726 1443 22 18 V.
761 1443 93 24 Henriksg.
868 1443 16 18 4.
