1067 1709
188 132 26 20 28
376 130 84 22 Ständ.
476 129 38 25 Sv,
532 143 24 3 —
573 130 73 28 Prop.
662 129 42 23 N:o
720 129 38 22 22.

186 198 114 28 lämpligen
320 198 70 20 kunna
412 198 88 20 affattas
521 198 93 26 sälunda,
631 200 32 18 att
677 197 102 27 förening,
791 204 44 13 som
849 197 91 27 lagligen

186 231 78 21 bildats
285 231 49 21 med
356 232 85 28 uppgift
464 234 31 18 att
516 233 55 19 inom
591 232 53 20 visst
659 231 33 20 län
708 230 50 21 eller
772 231 43 20 viss
830 230 35 21 del
880 230 61 21 däraf

186 272 75 21 genom
285 265 136 20 utbetalande
444 265 22 21 af
486 265 123 28 belöningar
630 264 40 21 och
693 264 123 21 annorledes
838 264 103 27 befrämja

187 298 122 29 skadedjurs
324 298 104 27 dödande,
443 299 37 20 det
494 299 82 28 nyttiga
585 298 135 22 villebrädets
730 298 91 26 tillväxt,
830 297 110 22 beifrande

186 332 23 21 af
223 333 45 28 jagt
282 332 13 21 &
308 332 87 28 fridlyst
409 333 55 21 vildt
478 333 40 20 och
533 332 99 21 liknande
647 332 138 28 förbrytelser
794 335 55 18 samt
858 333 8 19 i
876 331 65 28 öfrigt

186 366 121 21 införandet
328 366 23 21 af
372 367 42 27 god
432 366 103 28 jagtvärd,
557 367 53 21 skall
631 367 58 26 njuta
704 366 108 21 verksamt
826 365 115 22 understöd

186 407 74 21 genom
276 400 75 28 bidrag
365 408 25 13 ur
404 401 104 21 allmänna
522 401 76 26 medel,
614 400 24 21 sä
648 400 61 28 länge
726 399 122 29 föreningen
857 399 83 22 behöri-

186 442 41 21 gen
241 435 101 27 fullföljer
357 435 32 20 sin
401 435 85 28 uppgift
500 435 40 21 och
554 436 8 20 i
576 435 66 28 öfrigt
651 434 105 29 iakttager
765 434 27 21 de
802 434 139 24 föreskrifter,

187 476 45 13 som
253 469 37 21 vid
310 469 108 28 bidragets
439 469 119 28 beviljande
579 469 143 28 tilläfventyrs
737 468 73 22 blifvit
824 468 116 21 bestämda.

256 502 129 21 Ständernas
400 503 70 21 beslut
484 503 71 21 därom
574 505 32 18 att
620 503 100 27 belöning
729 502 34 21 för
773 502 97 21 dödande
881 502 23 21 af
914 503 26 20 de

186 537 8 20 i
208 536 151 22 ofvanstäende
372 536 133 29 förordnings
516 538 26 19 25
554 538 12 26 8
577 536 91 21 nämnda
678 536 113 28 skadedjur
800 537 40 20 bör
846 537 94 27 utgifvas

186 570 46 21 dels
251 578 25 13 ur
296 571 104 20 allmänna
415 571 75 26 medel,
504 571 46 21 dels
565 571 23 21 af
602 571 105 26 kommun,
722 571 60 20 torde
796 570 86 29 påkalla
896 578 44 14 om-

186 604 119 29 redigering
320 604 22 21 af
357 605 13 20 8
386 605 10 27 $
411 605 31 20 uti
457 613 27 12 nu
498 605 160 28 ifrågavarande
674 605 78 28 förslag
762 605 33 20 till
810 605 130 28 kungörelse,

186 639 70 21 såvidt
271 639 65 28 angår
350 639 132 28 bestämning
502 647 34 13 om
550 639 42 22 den
606 639 129 28 myndighet,
750 639 37 21 hos
802 639 86 21 hvilken
903 633 49 27 an-

186 673 64 28 språk
271 673 29 28 på
319 673 175 21 utbekommande
514 673 23 21 af
552 673 58 29 dylik
625 673 99 28 belöning
738 673 54 21 skall
806 673 133 21 framställas.

186 707 32 21 Af
232 715 80 13 samma
326 707 112 28 anledning
453 715 61 20 synes
529 707 158 28 bestämningen
701 708 8 21 i
724 707 111 29 förslagets
851 709 11 20 9
879 708 11 28 $
905 715 35 14 om

185 741 92 22 tvefaldt
292 742 67 28 qvitto
374 742 48 21 icke
436 742 73 21 vidare
525 749 51 14 vara
590 741 124 29 erforderlig
730 745 55 18 samt
802 743 26 20 10
841 742 11 28 8
861 742 78 28 jämväl

186 775 52 22 böra
251 775 94 28 undergå
360 776 93 28 ändring.

252 809 58 22 Enär
330 810 60 28 elgen
410 810 120 21 förorsakar
551 810 66 21 skada
638 810 47 21 icke
706 810 89 21 allenast
815 811 13 20 å
842 811 96 21 växande

184 843 66 28 gröda
266 843 50 21 eller
331 844 89 21 stackad
435 844 38 21 säd
488 844 50 21 eller
552 844 67 26 foder,
629 847 49 18 utan
688 845 78 27 jämväl
778 844 13 21 å
801 845 52 28 skog
862 852 76 21 genom

185 881 32 17 att
235 877 73 22 afbeta
325 878 27 21 de
366 886 56 20 unga
436 878 83 21 skotten
534 878 28 28 på
576 879 57 20 vissa
646 878 99 29 trädslag,
760 882 55 17 samt
830 879 45 21 skäl
890 879 48 21 icke

184 911 60 22 torde
258 911 132 22 förekomma
404 915 32 18 att
451 914 64 26 vägra
530 913 115 27 ersättning
659 912 34 21 för
708 913 58 28 dylik
782 913 22 20 af
820 913 33 28 elg
867 913 71 21 åstad-

185 945 97 22 kommen
290 946 72 27 skada,
369 946 65 21 hafva
444 946 164 27 Presteståndet,
617 946 177 28 Borgareståndet
804 947 40 21 och
854 947 84 22 Bonde-

184 979 84 22 ståndet
290 983 69 18 ansett
385 982 5 19 1
414 988 61 13 mom.
499 981 53 28 11
541 975 12 38 8
574 981 51 21 böra
646 981 8 20 i
674 988 28 13 nu
721 981 75 28 antydt
817 981 55 28 syfte
894 989 43 14 om-

184 1013 128 22 formuleras.

251 1047 104 29 Slutligen
375 1048 65 22 hafva
459 1049 123 26 Ständerna,
600 1048 50 21 med
668 1049 100 21 afseende
784 1049 51 21 därå
849 1052 32 19 att
896 1050 41 21 den

183 1083 8 19 i
206 1081 76 29 nådiga
299 1083 157 28 propositionen
473 1083 119 28 föreslagna
606 1083 129 28 jagtskatten
750 1083 72 22 blifvit
837 1083 23 22 af
874 1083 63 22 Stän-

184 1116 64 21 derna
270 1116 79 28 afböjd,
369 1119 70 18 ansett
459 1117 32 27 sig
505 1117 52 21 böra
571 1116 117 27 framhålla,
704 1120 32 18 att
750 1117 42 21 alla
806 1117 131 28 stadganden

184 1157 44 14 som
242 1149 76 22 beröra
332 1150 65 28 sagda
412 1150 63 27 skatt,
489 1150 52 21 böra
555 1158 25 13 ur
594 1150 138 28 kungörelsen
747 1151 55 28 utgå.

252 1212 102 21 Finlands
369 1212 91 22 Ständer
474 1213 121 21 framhärda
610 1216 39 18 etc.

251 1273 140 28 Helsingfors,
406 1274 41 21 den
463 1275 27 20 25
505 1274 45 28 Maj
567 1275 61 20 1897.

324 1426 110 23 Helsingfors
447 1427 50 18 1897.
521 1427 109 23 Helsingfors
644 1428 150 24 Centraltryckeri.
