1067 1709
298 124 84 24 Ständ.
399 125 37 23 Sv.
454 138 27 3 —
497 126 73 28 Prop.
583 126 45 22 N:o
645 126 39 22 22.
840 128 26 20 27

182 192 54 21 Med
257 192 100 22 afseende
378 193 12 21 å
409 193 41 21 den
472 194 79 28 lydelse
574 194 118 22 Ständerna
710 194 64 28 gifvit
791 196 27 20 24
834 195 10 28 $
860 195 8 20 i

114 226 151 22 ofvanstäende
287 227 123 28 förordning
431 228 60 21 torde
514 229 12 20 5
549 230 12 25 $
585 229 10 20 1
615 235 61 14 mom.
694 229 31 20 uti
742 236 28 13 nu
789 228 78 28 ifräga-

114 260 92 22 varande
221 260 79 28 förslag
313 261 33 20 till
361 261 124 28 kungörelse
500 262 52 20 böra
567 262 106 20 uteslutas.

183 294 40 21 Uti
237 294 111 28 förslagets
370 295 6 20 6
393 295 11 27 $
420 295 13 20 2
449 302 61 14 mom.
520 295 136 21 tillerkännes
670 295 91 21 medlem
773 295 23 21 af
807 295 60 21 kom-

114 328 148 21 munalnämnd
277 328 109 21 enahanda
400 328 127 28 befogenhet
542 331 32 19 att
585 328 117 22 öfvervaka
714 328 154 22 efterlefnaden

114 362 23 21 af
151 362 159 21 föreskrifterna
325 363 7 20 i
346 362 148 28 förordningen
507 370 33 14 om
550 364 50 26 jagt,
610 370 45 13 som
665 363 8 20 i
682 363 76 28 antydt
767 362 100 22 afseende

113 396 129 21 tillkommer
261 396 183 28 polismyndighet.
473 396 35 22 Dä
529 396 117 22 emellertid
666 397 26 21 de
708 397 12 21 ä
734 397 60 28 dylik
808 404 60 21 myn-

114 430 73 28 dighet
207 430 153 21 ankommande
382 430 93 28 göromål
496 432 8 19 i
526 430 114 22 allmänhet
654 430 66 22 måste
736 438 60 14 anses
811 431 57 28 ligga

113 467 57 18 utom
193 464 95 21 området
309 464 33 21 för
362 464 236 22 kommunalnämndens
613 464 134 22 verksamhet
761 468 55 18 samt
831 465 38 21 det

103 498 47 21 "vid
165 498 51 21 slikt
230 498 130 21 förhållande
380 497 48 22 icke
442 498 60 21 torde
518 506 50 14 vara
583 498 96 29 lämpligt
694 502 32 18 att
740 498 22 22 åt
776 498 92 22 medlem

113 533 8 20 i
138 532 66 21 sådan
225 532 78 21 nämnd
324 532 126 22 tillerkänna
470 532 158 29 ofvanantydda
648 532 134 29 befogenhet,
803 532 66 23 hafva

114 566 118 23 Ständerna
242 567 60 21 hållit
314 567 45 21 före
367 570 31 18 att
408 567 138 21 omförmälda
557 567 116 28 stadgande
684 567 64 21 borde
760 567 108 21 uteslutas.

181 601 12 21 I
213 601 53 28 följd
282 600 22 22 af
319 600 127 22 Ständernas
462 601 69 21 beslut
545 600 108 29 angående
668 600 138 29 obligatorisk
820 609 49 21 pre-

113 636 89 27 miering
223 635 33 21 för
278 635 18 27 ej
312 635 80 21 mindre
408 635 38 26 räf,
462 635 70 21 dödad
547 634 67 22 under
628 635 58 21 tiden
702 635 47 21 från
764 635 39 21 och
819 635 48 21 med

114 669 41 21 den
170 671 11 19 1
197 669 63 28 April
275 669 33 21 till
323 669 42 21 den
381 671 11 19 1
409 669 103 27 Oktober,
527 672 55 18 samt
596 670 34 20 för
644 670 28 20 de
683 670 7 20 i
700 670 168 28 propositionens

114 704 26 21 26
164 704 12 27 S
196 704 33 27 (25
252 704 20 27 $)
291 703 137 29 uppräknade
442 703 75 29 fåglar,
532 706 26 19 än
573 704 34 21 för
621 711 66 21 ungar
702 703 22 21 af
739 703 61 22 dessa
815 704 53 28 djur,

112 738 61 22 torde
189 738 37 21 det
240 738 7 21 i
262 737 112 29 förslagets
389 739 11 20 7
418 738 12 27 &
445 738 103 28 ingående
563 738 127 28 stadgandet
702 745 34 14 om
750 738 118 28 jagtvärds-

113 772 97 28 förening
225 772 159 21 tillkommande
403 772 133 28 godtgörelse
551 772 34 21 för
599 772 82 21 hälften
696 772 22 21 af
732 772 38 22 det
784 772 84 28 belopp,

114 814 44 14 som
182 806 22 21 af
226 806 58 28 dylik
306 806 97 28 förening
418 806 103 21 användts
535 807 34 21 till
583 806 123 28 belöningar
721 806 35 22 för
770 806 98 22 dödande

114 840 22 22 af
151 841 47 28 djur
212 840 46 22 utaf
273 840 93 29 antydda
381 840 50 28 slag,
446 840 52 22 böra
511 841 55 28 utgå.
595 840 44 22 För
654 840 64 29 öfrigt
731 840 65 22 hafva
806 840 63 22 Stän-

114 876 65 22 derna
199 878 69 18 ansett
286 876 71 28 frågor
371 883 33 13 om
420 874 138 22 meddelande
573 875 23 21 af
610 874 96 22 tillstånd
720 875 33 21 till
767 874 100 22 bildande

114 910 22 21 af
150 909 204 29 jagtvårdsförening
369 909 47 21 icke
431 916 51 14 vara
496 910 22 21 af
528 910 42 20 den
581 909 82 28 viktiga
672 908 154 28 beskaffenhet,
836 912 34 18 att

114 944 92 21 Senaten
225 943 65 22 borde
308 944 99 20 besväras
422 942 49 22 med
486 944 60 20 deras
561 943 162 28 handläggning,
737 946 50 18 utan
802 942 67 26 torde,

114 978 50 21 med
185 978 99 21 afseende
306 978 77 28 jämväl
405 977 13 21 å
436 977 104 29 mängden
554 977 24 21 af
592 977 27 21 de
634 977 28 28 på
676 976 103 22 Senatens
794 976 75 29 åtgärd

114 1012 153 21 ankommande
290 1012 90 21 ärenden
402 1011 22 21 af
446 1011 58 29 långt
525 1020 45 13 mer
590 1011 186 29 maktpåliggande
795 1014 33 18 art
842 1013 27 19 än

113 1054 29 14 nu
158 1046 168 28 ifrågavarande,
346 1046 68 28 dylikt
432 1046 95 21 tillstånd
541 1046 121 28 lämpligast
676 1045 70 22 kunna
760 1045 109 21 meddelas

113 1082 8 20 i
143 1081 110 21 enahanda
274 1080 93 28 ordning,
382 1087 45 13 som
441 1081 8 19 i
464 1080 114 21 allmänhet
592 1082 23 18 är
630 1080 89 28 stadgad
733 1079 135 22 beträffande

114 1115 120 29 föreningar
254 1115 34 21 för
310 1114 136 22 ekonomiska
465 1114 40 21 och
520 1114 127 28 välgörande
663 1114 102 26 ändamål,
780 1113 89 21 afsedda

114 1152 32 19 att
165 1150 66 21 verka
253 1149 75 21 endast
348 1149 57 20 inom
427 1149 53 21 visst
502 1149 40 26 län,
562 1148 39 22 och
623 1148 32 21 till
671 1148 83 21 hvilkas
769 1147 99 22 bildande

112 1184 102 26 tillstånd,
235 1183 83 28 jämlikt
340 1182 41 22 den
402 1183 34 21 för
457 1184 153 26 guvernörerne
632 1182 96 28 gällande
743 1182 126 20 instruktion

114 1217 23 21 af
146 1218 41 21 den
196 1218 27 20 29
234 1217 120 21 December
365 1217 61 25 1894,
435 1216 108 21 meddelas
556 1216 24 21 af
588 1216 160 21 vederbörande
760 1217 109 26 guvernör.

182 1251 54 21 Med
258 1250 99 22 afseende
378 1250 12 21 å
410 1250 58 22 hvad
490 1250 64 21 ofvan
576 1250 126 21 framhållits
726 1250 39 21 och
788 1249 28 21 då
832 1250 38 20 det

113 1285 119 29 inflytande
253 1284 129 22 välordnade
405 1284 165 28 jagtföreningar
597 1284 71 21 kunna
687 1284 75 21 utöfva
781 1283 13 21 å
814 1283 55 29 jagt-

114 1320 90 20 vårdens
216 1320 8 20 i
236 1319 72 21 landet
322 1318 97 28 höjande,
433 1318 60 21 torde
508 1318 52 21 böra
575 1318 81 21 skattas
668 1317 132 28 synnerligen
811 1316 58 29 högt,

114 1360 48 14 men
177 1352 37 21 det
228 1352 12 20 å
255 1352 65 20 andra
334 1352 61 20 sidan
410 1352 67 27 ligger
490 1352 9 19 i
514 1352 69 27 öppen
598 1350 42 28 dag
654 1353 32 18 att
700 1350 62 21 dessa
776 1350 92 21 förenin-

114 1394 43 21 gar,
169 1386 34 21 för
217 1388 32 18 att
260 1386 71 20 kunna
345 1385 65 22 verka
424 1386 8 20 i
443 1384 75 29 antydt
528 1384 56 28 syfte
593 1384 53 21 böra
656 1384 80 28 åtnjuta
745 1384 125 28 tillräckligt

114 1420 226 30 penningeunderstöd,
354 1420 66 21 hafva
434 1419 120 21 Ständerna
568 1422 70 18 ansett
651 1418 161 29 ifrågavarande
828 1420 11 20 7
856 1418 13 28 $
