1045 1711
282 124 84 24 Ständ:
384 125 39 23 Sv.
437 138 26 4 —
478 127 73 26 Prop.
566 126 50 22 Nio:
625 125 38 22 14.
835 126 12 20 3

167 196 37 22 På
224 197 83 28 grund
327 197 26 22 af
370 196 42 23 det
431 197 105 22 anförda
555 197 25 22 få
600 196 143 23 Ständerna
762 196 89 23 under-

98 230 101 29 dånigst
219 231 106 26 anmäla,

371 297 32 20 att
420 296 35 21 det
468 297 36 20 uti
517 296 143 28 förevarande
675 296 82 27 nådiga
769 302 80 22 propo-

301 330 70 21 sition
392 330 35 21 till
449 330 123 21 Ständerna
588 330 160 28 öfverlemnade
764 330 83 27 lagför-

301 364 69 28 slaget
394 364 74 28 blifvit
492 365 28 27 af
543 364 124 22 Ständerna
689 366 88 26 antaget
800 364 49 21 med

301 398 72 28 några
394 398 86 22 mindre
501 398 128 28 ändringar;
641 399 10 20 i
664 398 57 28 följd
735 400 25 26 af
775 398 74 21 hvilka

301 433 68 27 sagda
385 433 34 27 lag
427 433 83 21 komme
520 435 32 19 att
562 432 83 22 erhålla
652 433 97 27 följande
758 433 77 27 lydelse
842 440 7 13 :

303 500 41 27 Lag
365 498 107 30 angäende
493 500 135 27 ansvarighet
645 500 34 22 för
694 500 68 22 skada
777 500 5 22 i
798 500 50 28 följd

479 534 25 22 af
515 534 157 28 järnvägsdrift.

552 598 46 27 18.
760 604 4 7 '

371 643 49 21 Har
434 643 9 20 i
457 643 56 28 följd
527 643 29 27 af
562 643 170 28 järnvägsdrift,
748 650 47 14 som
809 645 37 20 ut-

302 677 63 28 öfvas
389 677 49 21 med
458 677 145 21 användande
625 677 29 27 af
672 677 104 27 ängkrajft
797 678 52 20 eller

303 718 78 15 annan
395 711 113 22 mekanisk
524 707 110 36 drifkraft,
649 712 91 20 resande
754 711 14 21 &
777 711 70 28 järn-

302 746 69 27 vägen
393 745 61 28 ljutit
474 745 68 22 döden
557 746 52 21 eller
629 745 50 20 lidit
694 745 153 28 kroppsskada,

302 787 51 14 vare
376 779 137 28 järnvägens
537 779 146 28 innehafvare
707 779 84 28 skyldig
816 782 33 19 att

301 814 89 27 utgifva
413 814 135 25 skadestånd,
576 814 95 27 såframt
695 814 84 21 skadan
803 814 45 21 icke

303 848 134 28 förorsakats
460 848 140 28 uppsåtligen
625 848 51 20 eller
698 855 77 20 genom
798 848 48 21 väl-

303 882 64 22 lande
391 882 25 27 af
437 883 42 20 den
500 882 81 22 dödade
603 882 51 21 eller
675 882 93 21 skadade
782 882 65 28 själf;

302 917 52 21 eller
373 918 95 20 stannar
482 923 80 15 annan
575 916 11 21 i
594 916 137 28 järnvägens
746 917 69 27 tjänst
829 917 20 27 ej

301 952 90 20 anstäld:
410 957 80 22 person
512 951 36 21 till
570 951 47 27 last,
641 952 54 20 utan
711 952 33 20 att
753 951 95 28 järnvä-

301 992 53 20 gens
375 985 138 28 förvaltning
528 985 51 21 eller
594 984 111 28 betjäning
721 985 72 21 tillika
809 985 40 21 bär

301 1020 65 20 skuld
382 1020 37 27 för
433 1020 95 25 skadan;
542 1019 51 21 eller
607 1018 100 28 uppstätt
719 1026 78 20 genom
812 1020 34 26 öf-

301 1054 120 28 vermäktig
437 1054 131 27 tilldragelse
582 1053 52 21 eller
649 1060 78 14 annan
739 1054 107 27 händelse,

301 1095 48 14 som
373 1089 20 26 e
417 1088 47 21 står
484 1088 11 21 i
514 1087 110 22 samband
647 1087 49 22 med
711 1087 137 28 järnvägens

302 1122 62 28 drift.

371 1156 15 21 I
404 1156 100 28 afseende
525 1156 14 21 å
559 1156 137 27 skadestånd,
719 1162 47 15 som
778 1157 68 27 järn-

302 1190 198 28 vägsinnehafvare
514 1190 70 28 enligt
597 1190 72 21 denna
685 1190 34 28 lag
734 1192 26 18 är
767 1191 81 27 pligtig

302 1226 32 20 att
349 1225 93 27 erlägga,
457 1225 60 20 skola
532 1225 24 20 de
570 1225 11 20 i
597 1225 14 19 9
625 1224 48 27 kap.
689 1225 21 27 2,
724 1225 15 19 3
748 1225 38 20 och
796 1226 14 20 8
817 1226 31 26 $$

304 1258 135 28 Strafflagen
452 1259 102 27 stadgade
567 1258 97 28 grunder
679 1258 118 28 tillämpas.

552 1322 49 24 2.8.

377 1361 81 25 Varder
482 1372 78 20 genom
579 1364 165 28 järnvägsdrift
768 1364 79 28 någon,

303 1406 46 14 som
371 1400 26 19 är
418 1398 88 22 anstäld
526 1398 10 21 i
550 1398 137 28 järnvägens
708 1398 67 28 tjänst
797 1399 52 21 eller

303 1433 76 27 arbete,
395 1433 70 21 under
479 1432 146 29 förrättandet
639 1432 70 28 däraf
717 1433 70 21 dödad
797 1433 52 21 eller
