1039 1714
320 117 24 23 U.
360 117 24 22 B.
401 131 24 3 —
442 119 64 28 Prop.
522 118 38 23 N:o
577 118 33 23 15.
779 120 30 23 33

154 182 53 22 från
229 183 45 21 alla
296 182 96 29 publika
414 184 44 22 och
480 184 106 22 enskilda
609 184 68 22 enke-
695 184 43 22 och
753 184 84 29 pupill-

155 217 81 21 kassor
251 218 8 20 i
274 217 85 22 landet.

438 276 14 20 6
467 276 19 26 8.

153 313 149 29 Afhandling
324 314 96 21 emellan
444 315 97 21 enskilda
563 316 60 20 samt
637 314 142 22 förbindelse
794 314 43 22 och

85 354 77 16 annan
185 348 75 26 skrift,
283 355 49 15 som
354 348 26 22 af
400 348 84 22 sådana
506 348 111 28 utfärdas,
640 349 37 21 må
698 348 92 22 affattas
808 349 31 29 på

86 382 141 29 ostämpladt
241 390 93 22 papper,
350 390 52 14 men
418 383 47 28 bör,
482 383 28 22 då
525 383 45 22 den
585 382 85 22 företes
683 383 40 22 vid
738 382 101 23 domstol

85 416 57 22 eller
164 416 232 30 embetsmyndighet,
415 417 74 22 förses
512 417 52 22 med
582 417 71 22 sådan
669 417 104 29 stämpel,
789 424 49 15 som

85 451 42 22 här
149 451 75 22 nedan
250 451 37 22 för
308 452 80 28 hvarje
410 451 42 22 fall
474 452 75 22 finnes
571 454 80 25 utsatt,
675 451 95 22 såframt
792 452 46 22 slik

85 485 115 29 handling
222 485 51 22 icke
295 485 37 22 för
353 486 60 21 visst
433 486 106 28 angifvet
559 486 106 22 ändamål
680 489 25 18 är
719 488 119 26 upptagen

86 520 75 22 såsom
180 520 135 28 stämpelfri.
346 520 80 26 fUtel.]
455 520 213 29 Stämpelbeloppet
683 523 25 18 är
723 520 115 22 bestämdt

85 554 37 22 för
136 554 53 22 hela
204 554 168 29 afhandlingen
388 554 56 22 eller
459 554 106 28 skriften,
576 556 55 21 utan
643 553 108 23 afseende
762 554 13 22 å
785 554 52 22 dess

85 588 63 28 vidd,
165 588 76 22 derest
256 589 8 21 i
278 588 93 22 tariffen
390 588 51 22 icke
456 588 159 30 uttryckligen
631 592 73 24 säges,
719 590 34 20 att
769 590 69 20 stäm-

85 623 38 28 pel
139 623 113 21 beräknas
267 622 37 22 för
318 622 80 29 hvarje
413 623 48 28 ark,
477 622 84 23 hvaraf
575 622 99 22 skriften
687 622 84 26 består,
781 623 57 21 eller

87 656 59 22 efter
161 664 76 15 annan
252 656 83 30 grund.

741 754 34 21 Fe
790 738 13 46 |
803 757 20 18 m

98 839 114 29 Aktiebref
227 839 4 22 i
248 839 91 27 handel,
353 839 86 29 fartyg,
454 839 62 22 bank
531 839 44 22 och
589 838 124 22 industriel
864 840 91 23 Stämpel-

249 874 131 28 inrättning
395 874 56 21 eller
466 876 71 19 annat
550 873 98 29 företag,
663 880 50 14 som
839 869 59 23 afgift
911 869 29 32 för
948 869 28 17 af-

250 911 25 18 är
290 907 116 29 grundadt
421 908 30 28 pä
465 908 81 27 aktier,
557 907 116 29 stämplas,
684 906 29 22 dä
847 898 121 47 Ta

250 942 52 22 hela
324 942 104 22 insatsen
450 942 36 22 för
508 942 79 28 hvarje
610 942 63 21 aktie
688 944 25 18 är
876 955 65 18 skilda.

248 976 106 22 bestämd
370 976 38 22 till
425 978 41 21 100
480 976 65 22 mark
560 976 57 22 eller
631 976 82 22 derun-

250 1011 47 28 der,
312 1011 52 21 med
389 1028 5 4 .
426 1029 4 4 .
749 1022 28 4 —
800 1011 28 22 110]

216 1045 140 28 derutöfver,
370 1045 38 22 för
422 1028 79 73 hvarjo
516 1026 59 40 fulla
587 1026 40 41 100
637 1022 75 56 mark,

250 1079 72 22 med.
353 1096 4 4 .
388 1096 4 4 .
707 1091 15 15 +
751 1090 24 4 —
802 1078 26 22 [10

99 1114 126 28 Anvisning
240 1114 110 28 stämplas
365 1114 76 21 säsom
456 1095 221 46 Förskrifning..

100 1149 254 28 Arfskiftesinstrument,
362 1148 30 21 dä
401 1146 126 24 detsamma
537 1149 130 27 upprättats
679 1147 34 21 sä-

128 1190 50 14 som
200 1190 29 14 en
247 1182 61 22 ifrän
323 1182 344 29 bouppteckningsinstrument
682 1181 31 22 af-

128 1217 62 21 skild
206 1217 118 28 handling,
337 1217 109 28 stämplas
458 1217 74 21 säsom
542 1223 77 15 annan
629 1215 83 29 bilaga.

129 1251 30 22 Se
173 1253 15 20 4
203 1253 19 25 8.

99 1285 205 27 Arrendekontrakt,
320 1292 25 14 se
359 1285 125 22 Kontrakt.
831 1283 2 13 |

100 1319 160 28 Assuransbref
278 1319 44 22 och
344 1319 213 28 assuransförnyelse,
573 1325 25 14 se
615 1317 99 22 Försäk-

128 1352 123 28 ringsbref.

100 1385 154 28 Bodmeribref
260 1385 82 29 drager
352 1385 98 28 stämpel
458 1385 76 21 såsom
542 1384 171 28 Förskrifning.
722 1400 1 16 |

101 1420 217 28 Borgesförbindelse,
334 1427 24 14 se
372 1419 229 22 Löftesförbindelse.
722 1432 2 11 |
