1042 1706
303 109 25 23 U.
344 110 24 22 B.
384 123 28 3 —
427 110 65 29 Prop.
506 109 37 23 N:o
561 109 33 23 15.
802 112 26 19 13

75 174 103 22 utfärdas
201 175 56 21 eller
279 174 38 22 till
332 174 50 22 dem
402 174 160 29 öfverlemnas,
577 174 127 30 behörigen
720 174 109 29 beläggas

75 209 53 21 med
150 208 104 29 stämpel.
284 208 113 28 Omöjligt
415 212 25 18 är
458 208 102 22 deremot
578 211 35 19 att
631 209 148 27 kontrollera,
796 211 34 19 att

76 243 73 27 vexel,
173 242 30 22 dä
225 242 44 22 den
292 243 27 21 af
336 242 92 22 enskild
444 242 109 27 utfärdas,
569 243 76 21 förses
662 243 53 21 med
733 243 98 28 stämpel

75 277 30 29 pä
121 278 47 20 sätt
182 276 170 28 författningen
367 276 158 22 föreskrifver.
541 276 84 28 Enligt
639 276 61 22 hvad
715 277 116 21 utskottet

76 310 122 27 inhemtat,
221 310 66 22 torde
310 310 70 21 äfven
403 310 64 22 detta
489 310 166 28 lagstadgande
677 310 70 22 hafva
765 310 66 28 följts

78 344 60 21 blott
159 344 9 21 i
190 343 180 29 undantagsfall,
389 344 29 21 dä
436 344 81 28 regeln
534 344 103 22 deremot
655 348 30 24 är,
709 346 34 20 att
765 344 67 21 vexel

78 378 110 28 stämplas
206 378 82 22 endast
306 378 29 21 dä
353 377 45 22 den
416 378 8 21 i
440 378 43 22 och
498 378 36 22 för
549 378 163 28 diskontering
727 378 56 22 eller
797 378 35 21 in-

78 412 122 28 kassering
214 412 38 22 till
268 412 194 28 bankinrättning
478 412 119 22 inlemnas.

146 446 69 22 Hvad
238 446 70 22 sedan
332 447 109 21 beträffar
463 446 44 22 den
530 446 71 22 andra
623 447 26 21 af
661 447 172 22 ofvannämnda

78 480 205 29 omständigheter,
302 481 42 21 har
362 481 116 21 utskottet
496 480 85 29 erfarit,
600 481 110 22 hurusom
725 481 109 29 stadgan-

80 515 39 22 det
141 522 37 14 om
201 515 79 22 vexels
303 515 145 28 beläggande
470 515 52 21 med
541 515 104 28 stämpel,
663 515 74 22 under
751 515 40 22 det
805 523 29 14 en

79 549 85 28 mängd
188 549 71 22 andra
282 549 26 22 af
327 549 242 22 affärstransaktioner
591 549 186 29 uppkommande
797 557 36 14 ur-

79 583 91 22 kunder
194 587 37 18 äro
250 583 46 22 fria
313 583 52 22 från
386 583 75 22 denna
476 584 69 27 skatt,
561 583 166 22 åstadkommit
742 591 28 14 en
787 585 48 20 stor

79 617 147 28 benägenhet
248 620 34 19 att
304 617 132 29 öfvergifva
455 618 162 29 vexelformen,
637 617 41 22 der
696 618 63 22 detta
774 619 61 21 blott

80 651 61 22 varit
158 652 99 28 möjligt,
278 654 60 19 samt
353 654 35 19 att
402 652 7 21 i
426 651 51 22 dess
494 653 66 20 ställe
575 652 73 22 anlita
663 653 71 21 andra
749 652 86 22 former

82 686 74 22 såsom
182 686 112 28 fakturor,
317 685 133 29 räkningar,
474 686 99 28 kvitton,
595 685 136 23 fullmakter
753 694 29 14 m.
805 693 28 15 m.

80 720 44 21 Att
143 727 29 14 en
190 720 67 29 dylik
271 720 99 22 tendens
386 720 20 29 ej
422 723 26 18 är
462 721 37 21 för
514 720 166 29 utvecklingen
695 721 26 22 af
734 721 55 22 våra
804 720 31 23 af-

81 754 211 23 färsförhållanden
311 755 85 28 nyttig,
416 755 66 22 torde
500 755 25 22 af
540 755 87 22 enhvar
645 756 69 26 inses,
731 756 62 21 helst
807 755 30 22 då

82 789 8 22 i
105 789 152 22 betraktande
276 791 72 27 tages,
364 792 35 19 att
414 790 95 21 vexelns
525 789 151 23 användande
691 790 40 21 vid
746 789 90 29 försälj-

82 824 84 28 ningar
176 824 30 28 på
214 823 78 22 kredit
301 823 170 29 ingalundahos
482 831 37 14 oss
530 828 62 17 ännu
603 828 25 17 är
639 825 24 21 så
673 824 103 27 allmänt,
787 831 50 15 som

83 857 105 29 önskligt
210 865 54 14 vore
286 859 30 28 på
338 858 76 28 grund
432 858 27 21 af
474 859 95 21 vexelns
585 858 98 22 erkändt
697 858 140 29 förträffliga

83 891 143 29 egenskaper
242 892 75 21 såsom
333 892 158 22 kreditmedel.
516 893 168 22 Erfarenheten
699 892 52 23 från
767 893 70 21 andra

83 926 81 21 länder
179 933 68 21 synes
264 925 69 22 äfven
348 926 66 28 gifva
429 926 39 21 vid
478 927 97 27 handen,
587 929 35 19 att
632 927 132 21 vexelskatt
775 927 62 21 inom

84 960 54 21 kort
156 960 199 29 nödvändiggjort
372 960 163 22 beskattandet
550 961 26 21 af
588 960 80 29 hvarje
684 961 105 28 skriftlig
803 968 36 14 ur-

84 994 72 26 kund,
175 994 157 29 uppkommen
348 1001 84 21 genom
448 1001 28 15 en
492 995 220 21 affärstransaktion.
742 995 97 22 Utskot-

85 1030 35 19 tet
142 1035 68 14 anser
232 1028 69 22 äfven
320 1028 89 29 ganska
427 1029 120 22 sannolikt
561 1031 40 26 att,
618 1029 77 22 derest
709 1029 131 22 vexelskatt

86 1063 42 22 hos
148 1069 37 15 oss
204 1070 29 14 en
252 1063 80 28 längre
350 1062 35 22 tid
402 1062 121 29 uppbäres,
538 1063 148 28 lagstiftaren
701 1063 26 22 af
740 1066 99 19 omstän-

86 1097 137 28 digheterna
238 1096 78 22 blefve
331 1099 105 26 tvungen
450 1099 34 19 att
494 1097 153 28 komplettera
657 1097 76 22 denna
743 1097 98 23 medelst

87 1131 63 22 skatt
165 1131 13 21 å
194 1131 99 24 kvitton,
309 1131 133 28 räkningar,
460 1131 122 22 slutsedlar
597 1139 29 14 m.
637 1139 28 14 m.
677 1131 56 22 eller
744 1132 97 22 sålunda

86 1165 108 22 beskatta
216 1165 45 21 alla
279 1165 241 22 affärstransaktioner
539 1165 27 22 af
581 1165 62 22 hvad
658 1173 69 14 namn
742 1166 29 21 de
786 1173 55 14 vara

87 1199 43 26 må,
153 1206 29 14 en
204 1198 88 29 åtgärd,
311 1205 49 15 som
378 1199 75 28 enligt
470 1199 127 22 utskottets
616 1200 71 21 tanke
702 1199 76 28 borde,
795 1203 46 18 sär-

88 1232 72 22 skildt
182 1233 8 20 i
213 1232 153 22 betraktande
388 1232 26 21 af
433 1233 55 21 våra
507 1232 169 29 jemförelsevis
699 1233 89 22 mindre
805 1236 36 19 ut-

88 1266 111 22 vecklade
222 1267 152 21 ekonomiska
395 1266 167 28 förhållanden,
585 1267 9 21 i
617 1267 39 21 det
676 1267 91 28 längsta
786 1267 57 22 und-

88 1301 74 21 vikas.

158 1335 44 21 Att
213 1335 27 20 de
251 1335 178 28 invändningar,
441 1343 49 14 som
501 1336 96 21 sålunda
607 1336 74 28 gjorts
689 1337 62 20 emot
758 1336 85 27 ifråga-

90 1368 101 23 varande
205 1369 143 27 skatteform,
365 1373 39 18 äro
420 1369 149 28 berättigade,
586 1369 65 21 torde
667 1369 20 28 ej
703 1369 80 22 kunna
798 1369 45 22 för-

158 1408 208 24 Bevillningsutskottets
378 1409 110 18 betänkande
500 1409 33 18 N:o
545 1410 18 17 2.
