1045 1709
259 115 83 23 Ständ.
358 115 38 23 Sv.
414 128 25 2 —
455 115 73 28 Prop.
545 115 42 23 N:o
601 114 36 22 15.

159 312 55 19 ännu
228 311 71 27 gäller,
314 310 54 22 dock
381 312 8 20 i
404 311 61 28 ingen
481 311 98 22 händelse
590 312 34 20 för
634 311 81 21 mindre

159 346 26 19 än
200 351 26 14 en
240 344 135 29 tjugondedel
390 345 23 21 af
426 346 92 21 nämnda
532 346 147 28 köpeskilling.

130 379 33 20 2:0
175 378 108 28 angående
304 379 43 28 köp
362 380 39 20 och
417 379 49 29 byte
482 380 23 20 af
518 380 52 28 jord,
585 380 38 21 hus
638 388 27 13 m.
680 388 33 19 m,

159 412 27 21 dä
207 412 91 22 förutom
320 413 109 29 köpebref,
455 414 100 22 kontrakt
576 414 72 22 därom
663 422 53 21 upp-

158 449 71 24 rättas,
244 447 34 21 för
292 447 72 39 hvarje
380 448 57 21 ark.
466 466 4 4 .

131 482 32 20 3:0
179 488 33 14 om
227 481 82 29 bolag
297 477 14 38 i
325 482 83 27 handel,
420 465 85 47 farlygg;
507 461 139 55 isnufaktur;
656 461 60 56 bruk,

158 515 71 21 fabrik
252 516 50 21 eller
324 524 66 13 annan
414 516 64 22 sådan
493 517 83 26 rörelse,
591 517 125 28 handtering

159 550 51 20 eller
224 551 73 27 näring
312 550 34 21 för
360 550 73 28 hvarje
448 551 38 20 ark
508 567 3 5 .
542 568 3 4 .

129 585 34 20 4:0
181 584 42 21 alla
245 584 69 28 öfriga
328 584 89 21 emellan
432 585 95 21 enskilda
541 567 126 46 upprättade
678 567 38 39 ör

158 618 201 22 verenskommelser
366 618 39 21 och
413 618 140 22 förbindelser
563 618 22 22 af
596 618 120 22 kontrakts-

158 655 67 23 natur,
239 652 73 21 hvilka
327 652 47 21 icke
388 652 71 22 kunna
471 653 65 21 under
546 653 171 29 ofvanupptagna

159 686 96 22 rubriker
269 686 105 27 hänföras,
388 686 73 29 hvarje
478 688 37 20 ark
541 704 4 4 .

101 720 70 28 Köpe-
187 720 51 21 eller
252 722 61 20 salu-
330 723 55 19 samt
398 721 78 27 gåfvo-
492 721 39 21 och
548 704 106 45 bytesbref
666 704 51 38 eller

130 762 68 14 annan
211 750 7 38 =
227 754 235 30 öfverlätelsehandling
487 755 13 21 &
525 755 43 21 fast
589 755 102 28 egendom
709 756 9 20 i

129 790 49 20 stad
208 789 50 21 eller
282 789 28 29 pä
332 789 77 26 landet,
431 789 59 27 bruk,
518 789 140 27 manufaktur,
685 789 32 22 fa-

129 823 48 22 brik
198 824 49 20 med
261 823 52 21 flere
326 823 52 22 verk
391 823 41 21 och
440 824 143 27 inrättningar,
591 831 44 13 som
643 824 75 27 fastig-

129 858 64 22 heten
215 858 74 28 ätfölja
316 861 55 18 samt
385 858 67 20 under
472 858 123 28 eganderätt
609 857 108 29 föryttras,

130 892 65 28 skola,
216 892 28 22 dä
265 892 28 21 de
307 892 34 21 för
355 892 106 22 vinnande
477 892 22 22 af
513 892 78 28 lagfart
605 892 37 22 vid
657 892 59 21 dom-

129 928 41 20 stol
192 927 84 26 företes,
296 926 65 28 draga
386 926 89 29 stämpel
498 927 8 20 i
528 926 130 22 förhållande
683 926 33 21 till

130 962 139 28 egendomens
284 961 64 21 värde
364 960 99 22 sålunda:

157 996 32 21 till
206 996 38 21 och
260 996 49 21 med
325 996 41 21 100
381 995 71 22 mark.

159 1033 54 19 samt
235 1030 122 22 därutöfver
378 1030 34 21 för
433 1030 73 28 hvarje
524 1008 56 52 fulla
601 1012 47 39 100
657 1012 56 39 mark
719 1012 8 55 |

187 1065 86 21 Samma
283 1064 154 29 stämpelafgift
447 1064 65 29 gäller
522 1064 34 21 för
566 1064 73 28 dylika
650 1057 77 28 hand-
721 1053 9 43 |

158 1100 67 28 lingar
247 1098 107 30 angående
376 1099 76 28 fartyg,
474 1098 28 22 då
522 1099 37 21 det
573 1098 32 22 till
620 1099 98 27 registre-

157 1135 47 27 ring
225 1134 99 25 anmäles,
348 1136 55 18 samt
418 1133 70 21 fabrik
504 1133 40 21 och
559 1140 67 14 annan
642 1131 85 23 inrätt-
720 1127 11 39 |

158 1169 57 27 ning,
237 1176 43 13 som
297 1168 17 28 ej
330 1168 23 21 af
373 1168 103 27 fastighet
490 1167 89 28 åtföljes,
594 1166 27 22 då
635 1167 83 21 inteck-

157 1203 52 27 ning
223 1202 46 22 däri
284 1202 67 22 sökes,

187 1236 47 22 Har
256 1236 108 28 fastighet,
381 1237 64 20 innan
459 1236 88 28 uppbud
562 1236 90 26 vunnits,
667 1236 51 20 eller

159 1270 76 29 fartyg,
263 1278 45 14 som
330 1270 92 22 anmäles
444 1270 31 21 till
499 1270 140 28 registrering,
662 1270 56 20 varit

159 1304 88 22 föremål
269 1305 34 21 för
326 1305 53 21 flere
401 1304 151 28 öfverlåtelser,
574 1304 54 21 skall
645 1303 73 28 hvarje

160 1339 241 27 öfverlåtelsehandling,
419 1339 28 21 då
461 1339 78 27 lagfart
554 1339 50 19 eller
619 1338 98 27 registre-

159 1373 47 27 ring
225 1372 68 27 sökes,
307 1372 65 28 draga
388 1372 90 21 särskild
493 1372 89 28 stämpel
597 1370 68 22 såsom
680 1370 38 21 här

160 1409 23 19 är
205 1406 66 29 sagdt.
300 1406 63 22 Dock
382 1406 34 21 må
431 1404 240 28 öfverlåtelsehandling,
685 1407 33 19 ut-

759 548 26 21 10

804 995 27 20 50!

871 310 87 22 Stämpel-

847 338 52 23 afgift
910 338 28 18 för
949 338 27 18 af-

859 366 103 23 handlingar

851 395 75 19 emellan
938 400 31 13 en-

881 424 60 18 skilda,
