<?xml version="1.0" encoding="UTF-8"?>
<alto xmlns="http://www.loc.gov/standards/alto/ns-v3#" xmlns:xlink="http://www.w3.org/1999/xlink" xmlns:xsi="http://www.w3.org/2001/XMLSchema-instance" xsi:schemaLocation="http://www.loc.gov/standards/alto/ns-v3# http://www.loc.gov/alto/v3/alto-3-0.xsd">
	<Description>
		<MeasurementUnit>pixel</MeasurementUnit>
		<sourceImageInformation>
			<fileName>/tmp/tess_xkwpjyg1_input.PNG</fileName>
		</sourceImageInformation>
		<OCRProcessing ID="OCR_0">
			<ocrProcessingStep>
				<processingSoftware>
					<softwareName>tesseract 5.3.4</softwareName>
				</processingSoftware>
			</ocrProcessingStep>
		</OCRProcessing>
	</Description>
	<Layout>
		<Page WIDTH="1045" HEIGHT="1714" PHYSICAL_IMG_NR="0" ID="page_0">
			<PrintSpace HPOS="0" VPOS="0" WIDTH="1045" HEIGHT="1714">
				<ComposedBlock ID="cblock_0" HPOS="417" VPOS="96" WIDTH="392" HEIGHT="22">
					<TextBlock ID="block_0" HPOS="417" VPOS="96" WIDTH="392" HEIGHT="22">
						<TextLine ID="line_0" HPOS="417" VPOS="96" WIDTH="392" HEIGHT="22">
							<String ID="string_0" HPOS="417" VPOS="96" WIDTH="40" HEIGHT="22" WC="0.96" CONTENT="N:o"/><SP WIDTH="18" VPOS="96" HPOS="457"/>
							<String ID="string_1" HPOS="475" VPOS="97" WIDTH="31" HEIGHT="21" WC="0.96" CONTENT="15."/><SP WIDTH="275" VPOS="97" HPOS="506"/>
							<String ID="string_2" HPOS="781" VPOS="98" WIDTH="28" HEIGHT="20" WC="0.95" CONTENT="45"/>
						</TextLine>
					</TextBlock>
				</ComposedBlock>
				<ComposedBlock ID="cblock_1" HPOS="85" VPOS="166" WIDTH="754" HEIGHT="343">
					<TextBlock ID="block_1" HPOS="433" VPOS="166" WIDTH="60" HEIGHT="27">
						<TextLine ID="line_1" HPOS="433" VPOS="166" WIDTH="60" HEIGHT="27">
							<String ID="string_3" HPOS="433" VPOS="168" WIDTH="21" HEIGHT="19" WC="0.89" CONTENT="11"/><SP WIDTH="20" VPOS="168" HPOS="454"/>
							<String ID="string_4" HPOS="474" VPOS="166" WIDTH="19" HEIGHT="27" WC="0.85" CONTENT="8."/>
						</TextLine>
					</TextBlock>
					<TextBlock ID="block_2" HPOS="85" VPOS="205" WIDTH="754" HEIGHT="304">
						<TextLine ID="line_2" HPOS="154" VPOS="205" WIDTH="683" HEIGHT="28">
							<String ID="string_5" HPOS="154" VPOS="206" WIDTH="39" HEIGHT="21" WC="0.95" CONTENT="Om"/><SP WIDTH="23" VPOS="206" HPOS="193"/>
							<String ID="string_6" HPOS="216" VPOS="205" WIDTH="97" HEIGHT="22" WC="0.93" CONTENT="enskilda"/><SP WIDTH="22" VPOS="205" HPOS="313"/>
							<String ID="string_7" HPOS="335" VPOS="212" WIDTH="110" HEIGHT="21" WC="0.96" CONTENT="personer,"/><SP WIDTH="23" VPOS="212" HPOS="445"/>
							<String ID="string_8" HPOS="468" VPOS="212" WIDTH="46" HEIGHT="15" WC="0.96" CONTENT="som"/><SP WIDTH="20" VPOS="212" HPOS="514"/>
							<String ID="string_9" HPOS="534" VPOS="206" WIDTH="32" HEIGHT="27" WC="0.96" CONTENT="sig"/><SP WIDTH="19" VPOS="206" HPOS="566"/>
							<String ID="string_10" HPOS="585" VPOS="206" WIDTH="88" HEIGHT="21" WC="0.96" CONTENT="emellan"/><SP WIDTH="16" VPOS="206" HPOS="673"/>
							<String ID="string_11" HPOS="689" VPOS="206" WIDTH="62" HEIGHT="21" WC="0.96" CONTENT="slutit"/><SP WIDTH="16" VPOS="206" HPOS="751"/>
							<String ID="string_12" HPOS="767" VPOS="206" WIDTH="70" HEIGHT="26" WC="0.96" CONTENT="någon"/>
						</TextLine>
						<TextLine ID="line_3" HPOS="85" VPOS="239" WIDTH="754" HEIGHT="27">
							<String ID="string_13" HPOS="85" VPOS="240" WIDTH="220" HEIGHT="26" WC="0.91" CONTENT="öfverenskommelse,"/><SP WIDTH="19" VPOS="240" HPOS="305"/>
							<String ID="string_14" HPOS="324" VPOS="240" WIDTH="7" HEIGHT="20" WC="0.96" CONTENT="i"/><SP WIDTH="20" VPOS="240" HPOS="331"/>
							<String ID="string_15" HPOS="351" VPOS="239" WIDTH="71" HEIGHT="22" WC="0.96" CONTENT="stället"/><SP WIDTH="19" VPOS="239" HPOS="422"/>
							<String ID="string_16" HPOS="441" VPOS="240" WIDTH="33" HEIGHT="20" WC="0.96" CONTENT="för"/><SP WIDTH="16" VPOS="240" HPOS="474"/>
							<String ID="string_17" HPOS="490" VPOS="241" WIDTH="32" HEIGHT="19" WC="0.96" CONTENT="att"/><SP WIDTH="16" VPOS="241" HPOS="522"/>
							<String ID="string_18" HPOS="538" VPOS="240" WIDTH="72" HEIGHT="21" WC="0.96" CONTENT="derom"/><SP WIDTH="17" VPOS="240" HPOS="610"/>
							<String ID="string_19" HPOS="627" VPOS="241" WIDTH="105" HEIGHT="25" WC="0.96" CONTENT="upprätta"/><SP WIDTH="15" VPOS="241" HPOS="732"/>
							<String ID="string_20" HPOS="747" VPOS="239" WIDTH="92" HEIGHT="27" WC="0.96" CONTENT="skriftlig"/>
						</TextLine>
						<TextLine ID="line_4" HPOS="85" VPOS="273" WIDTH="753" HEIGHT="28">
							<String ID="string_21" HPOS="85" VPOS="273" WIDTH="131" HEIGHT="27" WC="0.91" CONTENT="afhandling,"/><SP WIDTH="23" VPOS="273" HPOS="216"/>
							<String ID="string_22" HPOS="239" VPOS="274" WIDTH="50" HEIGHT="26" WC="0.96" CONTENT="vilja"/><SP WIDTH="22" VPOS="274" HPOS="289"/>
							<String ID="string_23" HPOS="311" VPOS="273" WIDTH="45" HEIGHT="21" WC="0.96" CONTENT="låta"/><SP WIDTH="20" VPOS="273" HPOS="356"/>
							<String ID="string_24" HPOS="376" VPOS="274" WIDTH="106" HEIGHT="20" WC="0.96" CONTENT="anteckna"/><SP WIDTH="20" VPOS="274" HPOS="482"/>
							<String ID="string_25" HPOS="502" VPOS="274" WIDTH="38" HEIGHT="21" WC="0.93" CONTENT="sitt"/><SP WIDTH="15" VPOS="274" HPOS="540"/>
							<String ID="string_26" HPOS="555" VPOS="273" WIDTH="53" HEIGHT="22" WC="0.92" CONTENT="aftal"/><SP WIDTH="19" VPOS="273" HPOS="608"/>
							<String ID="string_27" HPOS="627" VPOS="274" WIDTH="3" HEIGHT="20" WC="0.96" CONTENT="i"/><SP WIDTH="17" VPOS="274" HPOS="630"/>
							<String ID="string_28" HPOS="647" VPOS="274" WIDTH="102" HEIGHT="21" WC="0.93" CONTENT="domstols"/><SP WIDTH="15" VPOS="274" HPOS="749"/>
							<String ID="string_29" HPOS="764" VPOS="275" WIDTH="74" HEIGHT="26" WC="0.91" CONTENT="proto-"/>
						</TextLine>
						<TextLine ID="line_5" HPOS="85" VPOS="307" WIDTH="753" HEIGHT="27">
							<String ID="string_30" HPOS="85" VPOS="307" WIDTH="49" HEIGHT="26" WC="0.96" CONTENT="koll,"/><SP WIDTH="17" VPOS="307" HPOS="134"/>
							<String ID="string_31" HPOS="151" VPOS="313" WIDTH="51" HEIGHT="15" WC="0.96" CONTENT="vare"/><SP WIDTH="14" VPOS="313" HPOS="202"/>
							<String ID="string_32" HPOS="216" VPOS="308" WIDTH="79" HEIGHT="20" WC="0.96" CONTENT="sådant"/><SP WIDTH="16" VPOS="308" HPOS="295"/>
							<String ID="string_33" HPOS="311" VPOS="307" WIDTH="46" HEIGHT="21" WC="0.96" CONTENT="dem"/><SP WIDTH="16" VPOS="307" HPOS="357"/>
							<String ID="string_34" HPOS="373" VPOS="307" WIDTH="46" HEIGHT="21" WC="0.93" CONTENT="icke"/><SP WIDTH="15" VPOS="307" HPOS="419"/>
							<String ID="string_35" HPOS="434" VPOS="307" WIDTH="126" HEIGHT="27" WC="0.91" CONTENT="förmenadt,"/><SP WIDTH="17" VPOS="307" HPOS="560"/>
							<String ID="string_36" HPOS="577" VPOS="307" WIDTH="38" HEIGHT="21" WC="0.96" CONTENT="der"/><SP WIDTH="16" VPOS="307" HPOS="615"/>
							<String ID="string_37" HPOS="631" VPOS="308" WIDTH="35" HEIGHT="20" WC="0.93" CONTENT="det"/><SP WIDTH="15" VPOS="308" HPOS="666"/>
							<String ID="string_38" HPOS="681" VPOS="307" WIDTH="50" HEIGHT="27" WC="0.91" CONTENT="eljes"/><SP WIDTH="15" VPOS="307" HPOS="731"/>
							<String ID="string_39" HPOS="746" VPOS="307" WIDTH="92" HEIGHT="27" WC="0.96" CONTENT="lagligen"/>
						</TextLine>
						<TextLine ID="line_6" HPOS="85" VPOS="341" WIDTH="754" HEIGHT="28">
							<String ID="string_40" HPOS="85" VPOS="342" WIDTH="38" HEIGHT="22" WC="0.96" CONTENT="ske"/><SP WIDTH="19" VPOS="342" HPOS="123"/>
							<String ID="string_41" HPOS="142" VPOS="342" WIDTH="50" HEIGHT="22" WC="0.86" CONTENT="kan."/><SP WIDTH="30" VPOS="342" HPOS="192"/>
							<String ID="string_42" HPOS="222" VPOS="341" WIDTH="11" HEIGHT="21" WC="0.94" CONTENT="I"/><SP WIDTH="15" VPOS="341" HPOS="233"/>
							<String ID="string_43" HPOS="248" VPOS="342" WIDTH="60" HEIGHT="22" WC="0.96" CONTENT="detta"/><SP WIDTH="14" VPOS="342" HPOS="308"/>
							<String ID="string_44" HPOS="322" VPOS="341" WIDTH="37" HEIGHT="22" WC="0.95" CONTENT="fall"/><SP WIDTH="15" VPOS="341" HPOS="359"/>
							<String ID="string_45" HPOS="374" VPOS="341" WIDTH="98" HEIGHT="22" WC="0.96" CONTENT="utfärdas"/><SP WIDTH="16" VPOS="341" HPOS="472"/>
							<String ID="string_46" HPOS="488" VPOS="342" WIDTH="148" HEIGHT="27" WC="0.93" CONTENT="expeditionen"/><SP WIDTH="17" VPOS="342" HPOS="636"/>
							<String ID="string_47" HPOS="653" VPOS="342" WIDTH="12" HEIGHT="21" WC="0.91" CONTENT="å"/><SP WIDTH="16" VPOS="342" HPOS="665"/>
							<String ID="string_48" HPOS="681" VPOS="341" WIDTH="77" HEIGHT="22" WC="0.92" CONTENT="sådant"/><SP WIDTH="15" VPOS="341" HPOS="758"/>
							<String ID="string_49" HPOS="773" VPOS="343" WIDTH="66" HEIGHT="21" WC="0.92" CONTENT="stäm-"/>
						</TextLine>
						<TextLine ID="line_7" HPOS="85" VPOS="376" WIDTH="754" HEIGHT="28">
							<String ID="string_50" HPOS="85" VPOS="376" WIDTH="126" HEIGHT="28" WC="0.90" CONTENT="pelpapper,"/><SP WIDTH="24" VPOS="376" HPOS="211"/>
							<String ID="string_51" HPOS="235" VPOS="383" WIDTH="45" HEIGHT="15" WC="0.96" CONTENT="som"/><SP WIDTH="22" VPOS="383" HPOS="280"/>
							<String ID="string_52" HPOS="302" VPOS="376" WIDTH="34" HEIGHT="22" WC="0.96" CONTENT="för"/><SP WIDTH="21" VPOS="376" HPOS="336"/>
							<String ID="string_53" HPOS="357" VPOS="376" WIDTH="80" HEIGHT="28" WC="0.96" CONTENT="utdrag"/><SP WIDTH="19" VPOS="376" HPOS="437"/>
							<String ID="string_54" HPOS="456" VPOS="384" WIDTH="26" HEIGHT="14" WC="0.96" CONTENT="ur"/><SP WIDTH="20" VPOS="384" HPOS="482"/>
							<String ID="string_55" HPOS="502" VPOS="376" WIDTH="130" HEIGHT="22" WC="0.95" CONTENT="domstolens"/><SP WIDTH="15" VPOS="376" HPOS="632"/>
							<String ID="string_56" HPOS="647" VPOS="376" WIDTH="108" HEIGHT="28" WC="0.96" CONTENT="protokoll"/><SP WIDTH="16" VPOS="376" HPOS="755"/>
							<String ID="string_57" HPOS="771" VPOS="376" WIDTH="68" HEIGHT="22" WC="0.96" CONTENT="finnes"/>
						</TextLine>
						<TextLine ID="line_8" HPOS="85" VPOS="411" WIDTH="754" HEIGHT="27">
							<String ID="string_58" HPOS="85" VPOS="412" WIDTH="119" HEIGHT="26" WC="0.96" CONTENT="bestämdt;"/><SP WIDTH="16" VPOS="412" HPOS="204"/>
							<String ID="string_59" HPOS="220" VPOS="418" WIDTH="47" HEIGHT="15" WC="0.96" CONTENT="men"/><SP WIDTH="17" VPOS="418" HPOS="267"/>
							<String ID="string_60" HPOS="284" VPOS="418" WIDTH="33" HEIGHT="15" WC="0.95" CONTENT="om"/><SP WIDTH="17" VPOS="418" HPOS="317"/>
							<String ID="string_61" HPOS="334" VPOS="412" WIDTH="31" HEIGHT="20" WC="0.96" CONTENT="ett"/><SP WIDTH="15" VPOS="412" HPOS="365"/>
							<String ID="string_62" HPOS="380" VPOS="411" WIDTH="77" HEIGHT="22" WC="0.96" CONTENT="sådant"/><SP WIDTH="16" VPOS="411" HPOS="457"/>
							<String ID="string_63" HPOS="473" VPOS="411" WIDTH="107" HEIGHT="27" WC="0.95" CONTENT="protokoll"/><SP WIDTH="11" VPOS="411" HPOS="580"/>
							<String ID="string_64" HPOS="591" VPOS="411" WIDTH="138" HEIGHT="22" WC="0.96" CONTENT="sedermera"/><SP WIDTH="-9" VPOS="411" HPOS="729"/>
							<String ID="string_65" HPOS="720" VPOS="407" WIDTH="12" HEIGHT="36" WC="0.97" CONTENT="i"/><SP WIDTH="8" VPOS="407" HPOS="732"/>
							<String ID="string_66" HPOS="740" VPOS="411" WIDTH="99" HEIGHT="22" WC="0.94" CONTENT="afseende"/>
						</TextLine>
						<TextLine ID="line_9" HPOS="87" VPOS="445" WIDTH="752" HEIGHT="28">
							<String ID="string_67" HPOS="87" VPOS="447" WIDTH="12" HEIGHT="21" WC="0.92" CONTENT="å"/><SP WIDTH="20" VPOS="447" HPOS="99"/>
							<String ID="string_68" HPOS="119" VPOS="446" WIDTH="118" HEIGHT="27" WC="0.91" CONTENT="utsökning"/><SP WIDTH="15" VPOS="446" HPOS="237"/>
							<String ID="string_69" HPOS="252" VPOS="446" WIDTH="50" HEIGHT="21" WC="0.96" CONTENT="eller"/><SP WIDTH="16" VPOS="446" HPOS="302"/>
							<String ID="string_70" HPOS="318" VPOS="446" WIDTH="6" HEIGHT="21" WC="0.96" CONTENT="i"/><SP WIDTH="16" VPOS="446" HPOS="324"/>
							<String ID="string_71" HPOS="340" VPOS="448" WIDTH="67" HEIGHT="19" WC="0.96" CONTENT="annat"/><SP WIDTH="16" VPOS="448" HPOS="407"/>
							<String ID="string_72" HPOS="423" VPOS="446" WIDTH="55" HEIGHT="26" WC="0.93" CONTENT="syfte"/><SP WIDTH="15" VPOS="446" HPOS="478"/>
							<String ID="string_73" HPOS="493" VPOS="448" WIDTH="78" HEIGHT="25" WC="0.91" CONTENT="upptes"/><SP WIDTH="15" VPOS="448" HPOS="571"/>
							<String ID="string_74" HPOS="586" VPOS="445" WIDTH="57" HEIGHT="22" WC="0.96" CONTENT="inför"/><SP WIDTH="15" VPOS="445" HPOS="643"/>
							<String ID="string_75" HPOS="658" VPOS="446" WIDTH="70" HEIGHT="27" WC="0.93" CONTENT="någon"/><SP WIDTH="16" VPOS="446" HPOS="728"/>
							<String ID="string_76" HPOS="744" VPOS="446" WIDTH="95" HEIGHT="27" WC="0.91" CONTENT="myndig-"/>
						</TextLine>
						<TextLine ID="line_10" HPOS="86" VPOS="480" WIDTH="573" HEIGHT="29">
							<String ID="string_77" HPOS="86" VPOS="481" WIDTH="42" HEIGHT="27" WC="0.96" CONTENT="het,"/><SP WIDTH="17" VPOS="481" HPOS="128"/>
							<String ID="string_78" HPOS="145" VPOS="480" WIDTH="103" HEIGHT="29" WC="0.96" CONTENT="stämplas"/><SP WIDTH="17" VPOS="480" HPOS="248"/>
							<String ID="string_79" HPOS="265" VPOS="481" WIDTH="119" HEIGHT="21" WC="0.96" CONTENT="detsamma"/><SP WIDTH="16" VPOS="481" HPOS="384"/>
							<String ID="string_80" HPOS="400" VPOS="481" WIDTH="70" HEIGHT="21" WC="0.96" CONTENT="såsom"/><SP WIDTH="16" VPOS="481" HPOS="470"/>
							<String ID="string_81" HPOS="486" VPOS="481" WIDTH="7" HEIGHT="21" WC="0.96" CONTENT="i"/><SP WIDTH="16" VPOS="481" HPOS="493"/>
							<String ID="string_82" HPOS="509" VPOS="482" WIDTH="11" HEIGHT="20" WC="0.92" CONTENT="6"/><SP WIDTH="17" VPOS="482" HPOS="520"/>
							<String ID="string_83" HPOS="537" VPOS="481" WIDTH="11" HEIGHT="28" WC="0.90" CONTENT="$"/><SP WIDTH="16" VPOS="481" HPOS="548"/>
							<String ID="string_84" HPOS="564" VPOS="480" WIDTH="95" HEIGHT="28" WC="0.96" CONTENT="stadgas."/>
						</TextLine>
					</TextBlock>
				</ComposedBlock>
				<ComposedBlock ID="cblock_2" HPOS="86" VPOS="545" WIDTH="757" HEIGHT="690">
					<TextBlock ID="block_3" HPOS="434" VPOS="545" WIDTH="380" HEIGHT="27">
						<TextLine ID="line_11" HPOS="434" VPOS="545" WIDTH="380" HEIGHT="27">
							<String ID="string_85" HPOS="434" VPOS="545" WIDTH="25" HEIGHT="20" WC="0.95" CONTENT="12"/><SP WIDTH="17" VPOS="545" HPOS="459"/>
							<String ID="string_86" HPOS="476" VPOS="545" WIDTH="18" HEIGHT="27" WC="0.80" CONTENT="8."/><SP WIDTH="317" VPOS="545" HPOS="494"/>
							<String ID="string_87" HPOS="811" VPOS="569" WIDTH="3" HEIGHT="2" WC="0.38" CONTENT="."/>
						</TextLine>
					</TextBlock>
					<TextBlock ID="block_4" HPOS="86" VPOS="584" WIDTH="755" HEIGHT="306">
						<TextLine ID="line_12" HPOS="154" VPOS="584" WIDTH="686" HEIGHT="27">
							<String ID="string_88" HPOS="154" VPOS="585" WIDTH="34" HEIGHT="21" WC="0.96" CONTENT="Då"/><SP WIDTH="23" VPOS="585" HPOS="188"/>
							<String ID="string_89" HPOS="211" VPOS="585" WIDTH="82" HEIGHT="21" WC="0.93" CONTENT="enskild"/><SP WIDTH="23" VPOS="585" HPOS="293"/>
							<String ID="string_90" HPOS="316" VPOS="584" WIDTH="131" HEIGHT="27" WC="0.92" CONTENT="afhandling,"/><SP WIDTH="24" VPOS="584" HPOS="447"/>
							<String ID="string_91" HPOS="471" VPOS="585" WIDTH="128" HEIGHT="22" WC="0.96" CONTENT="förbindelse"/><SP WIDTH="19" VPOS="585" HPOS="599"/>
							<String ID="string_92" HPOS="618" VPOS="585" WIDTH="51" HEIGHT="21" WC="0.96" CONTENT="eller"/><SP WIDTH="20" VPOS="585" HPOS="669"/>
							<String ID="string_93" HPOS="689" VPOS="591" WIDTH="71" HEIGHT="16" WC="0.93" CONTENT="annan"/><SP WIDTH="16" VPOS="591" HPOS="760"/>
							<String ID="string_94" HPOS="776" VPOS="585" WIDTH="64" HEIGHT="22" WC="0.96" CONTENT="skrift"/>
						</TextLine>
						<TextLine ID="line_13" HPOS="86" VPOS="619" WIDTH="754" HEIGHT="28">
							<String ID="string_95" HPOS="86" VPOS="619" WIDTH="39" HEIGHT="22" WC="0.96" CONTENT="hos"/><SP WIDTH="16" VPOS="619" HPOS="125"/>
							<String ID="string_96" HPOS="141" VPOS="619" WIDTH="98" HEIGHT="27" WC="0.93" CONTENT="domstol,"/><SP WIDTH="17" VPOS="619" HPOS="239"/>
							<String ID="string_97" HPOS="256" VPOS="619" WIDTH="103" HEIGHT="22" WC="0.92" CONTENT="exekutor"/><SP WIDTH="16" VPOS="619" HPOS="359"/>
							<String ID="string_98" HPOS="375" VPOS="619" WIDTH="51" HEIGHT="21" WC="0.96" CONTENT="eller"/><SP WIDTH="16" VPOS="619" HPOS="426"/>
							<String ID="string_99" HPOS="442" VPOS="625" WIDTH="71" HEIGHT="16" WC="0.96" CONTENT="annan"/><SP WIDTH="15" VPOS="625" HPOS="513"/>
							<String ID="string_100" HPOS="528" VPOS="619" WIDTH="124" HEIGHT="28" WC="0.93" CONTENT="myndighet"/><SP WIDTH="14" VPOS="619" HPOS="652"/>
							<String ID="string_101" HPOS="666" VPOS="619" WIDTH="80" HEIGHT="22" WC="0.92" CONTENT="företes"/><SP WIDTH="12" VPOS="619" HPOS="746"/>
							<String ID="string_102" HPOS="758" VPOS="619" WIDTH="39" HEIGHT="22" WC="0.96" CONTENT="och"/><SP WIDTH="11" VPOS="619" HPOS="797"/>
							<String ID="string_103" HPOS="808" VPOS="619" WIDTH="32" HEIGHT="22" WC="0.96" CONTENT="för"/>
						</TextLine>
						<TextLine ID="line_14" HPOS="87" VPOS="653" WIDTH="753" HEIGHT="28">
							<String ID="string_104" HPOS="87" VPOS="653" WIDTH="192" HEIGHT="28" WC="0.91" CONTENT="stämpelafgiftens"/><SP WIDTH="16" VPOS="653" HPOS="279"/>
							<String ID="string_105" HPOS="295" VPOS="654" WIDTH="120" HEIGHT="27" WC="0.93" CONTENT="utgörande"/><SP WIDTH="13" VPOS="654" HPOS="415"/>
							<String ID="string_106" HPOS="428" VPOS="654" WIDTH="107" HEIGHT="27" WC="0.92" CONTENT="begagnas"/><SP WIDTH="11" VPOS="654" HPOS="535"/>
							<String ID="string_107" HPOS="546" VPOS="653" WIDTH="173" HEIGHT="28" WC="0.90" CONTENT="stämpelmärke,"/><SP WIDTH="11" VPOS="653" HPOS="719"/>
							<String ID="string_108" HPOS="730" VPOS="654" WIDTH="39" HEIGHT="22" WC="0.96" CONTENT="bör"/><SP WIDTH="11" VPOS="654" HPOS="769"/>
							<String ID="string_109" HPOS="780" VPOS="654" WIDTH="60" HEIGHT="22" WC="0.96" CONTENT="detta"/>
						</TextLine>
						<TextLine ID="line_15" HPOS="86" VPOS="688" WIDTH="754" HEIGHT="27">
							<String ID="string_110" HPOS="86" VPOS="688" WIDTH="69" HEIGHT="23" WC="0.93" CONTENT="finnas"/><SP WIDTH="22" VPOS="688" HPOS="155"/>
							<String ID="string_111" HPOS="177" VPOS="688" WIDTH="86" HEIGHT="22" WC="0.92" CONTENT="häftadt"/><SP WIDTH="24" VPOS="688" HPOS="263"/>
							<String ID="string_112" HPOS="287" VPOS="689" WIDTH="12" HEIGHT="20" WC="0.88" CONTENT="å"/><SP WIDTH="22" VPOS="689" HPOS="299"/>
							<String ID="string_113" HPOS="321" VPOS="688" WIDTH="101" HEIGHT="22" WC="0.88" CONTENT="skriftens"/><SP WIDTH="18" VPOS="688" HPOS="422"/>
							<String ID="string_114" HPOS="440" VPOS="688" WIDTH="69" HEIGHT="22" WC="0.96" CONTENT="första"/><SP WIDTH="19" VPOS="688" HPOS="509"/>
							<String ID="string_115" HPOS="528" VPOS="688" WIDTH="46" HEIGHT="23" WC="0.96" CONTENT="sida"/><SP WIDTH="19" VPOS="688" HPOS="574"/>
							<String ID="string_116" HPOS="593" VPOS="689" WIDTH="44" HEIGHT="26" WC="0.96" CONTENT="och,"/><SP WIDTH="18" VPOS="689" HPOS="637"/>
							<String ID="string_117" HPOS="655" VPOS="695" WIDTH="34" HEIGHT="15" WC="0.97" CONTENT="om"/><SP WIDTH="14" VPOS="695" HPOS="689"/>
							<String ID="string_118" HPOS="703" VPOS="689" WIDTH="53" HEIGHT="22" WC="0.96" CONTENT="flera"/><SP WIDTH="15" VPOS="689" HPOS="756"/>
							<String ID="string_119" HPOS="771" VPOS="689" WIDTH="69" HEIGHT="22" WC="0.96" CONTENT="skilda"/>
						</TextLine>
						<TextLine ID="line_16" HPOS="87" VPOS="717" WIDTH="753" HEIGHT="34">
							<String ID="string_120" HPOS="87" VPOS="723" WIDTH="105" HEIGHT="28" WC="0.96" CONTENT="stämplar"/><SP WIDTH="20" VPOS="723" HPOS="192"/>
							<String ID="string_121" HPOS="212" VPOS="723" WIDTH="116" HEIGHT="25" WC="0.96" CONTENT="användas,"/><SP WIDTH="19" VPOS="723" HPOS="328"/>
							<String ID="string_122" HPOS="347" VPOS="722" WIDTH="63" HEIGHT="22" WC="0.96" CONTENT="dessa"/><SP WIDTH="14" VPOS="722" HPOS="410"/>
							<String ID="string_123" HPOS="424" VPOS="723" WIDTH="68" HEIGHT="22" WC="0.96" CONTENT="fästas"/><SP WIDTH="16" VPOS="723" HPOS="492"/>
							<String ID="string_124" HPOS="508" VPOS="723" WIDTH="73" HEIGHT="22" WC="0.96" CONTENT="utmed"/><SP WIDTH="15" VPOS="723" HPOS="581"/>
							<String ID="string_125" HPOS="596" VPOS="723" WIDTH="94" HEIGHT="22" WC="0.96" CONTENT="bredden"/><SP WIDTH="17" VPOS="723" HPOS="690"/>
							<String ID="string_126" HPOS="707" VPOS="723" WIDTH="23" HEIGHT="22" WC="0.96" CONTENT="af"/><SP WIDTH="13" VPOS="723" HPOS="730"/>
							<String ID="string_127" HPOS="743" VPOS="717" WIDTH="97" HEIGHT="28" WC="0.96" CONTENT="skriften."/>
						</TextLine>
						<TextLine ID="line_17" HPOS="90" VPOS="758" WIDTH="750" HEIGHT="28">
							<String ID="string_128" HPOS="90" VPOS="758" WIDTH="83" HEIGHT="22" WC="0.96" CONTENT="Saknas"/><SP WIDTH="16" VPOS="758" HPOS="173"/>
							<String ID="string_129" HPOS="189" VPOS="760" WIDTH="105" HEIGHT="25" WC="0.92" CONTENT="utrymme"/><SP WIDTH="16" VPOS="760" HPOS="294"/>
							<String ID="string_130" HPOS="310" VPOS="759" WIDTH="12" HEIGHT="20" WC="0.92" CONTENT="å"/><SP WIDTH="15" VPOS="759" HPOS="322"/>
							<String ID="string_131" HPOS="337" VPOS="758" WIDTH="68" HEIGHT="21" WC="0.96" CONTENT="första"/><SP WIDTH="15" VPOS="758" HPOS="405"/>
							<String ID="string_132" HPOS="420" VPOS="758" WIDTH="69" HEIGHT="27" WC="0.96" CONTENT="sidan,"/><SP WIDTH="16" VPOS="758" HPOS="489"/>
							<String ID="string_133" HPOS="505" VPOS="759" WIDTH="34" HEIGHT="21" WC="0.96" CONTENT="må"/><SP WIDTH="15" VPOS="759" HPOS="539"/>
							<String ID="string_134" HPOS="554" VPOS="759" WIDTH="90" HEIGHT="26" WC="0.96" CONTENT="stämpel"/><SP WIDTH="16" VPOS="759" HPOS="644"/>
							<String ID="string_135" HPOS="660" VPOS="759" WIDTH="114" HEIGHT="27" WC="0.93" CONTENT="anbringas"/><SP WIDTH="13" VPOS="759" HPOS="774"/>
							<String ID="string_136" HPOS="787" VPOS="759" WIDTH="53" HEIGHT="27" WC="0.91" CONTENT="jem-"/>
						</TextLine>
						<TextLine ID="line_18" HPOS="87" VPOS="793" WIDTH="754" HEIGHT="28">
							<String ID="string_137" HPOS="87" VPOS="793" WIDTH="33" HEIGHT="22" WC="0.93" CONTENT="väl"/><SP WIDTH="21" VPOS="793" HPOS="120"/>
							<String ID="string_138" HPOS="141" VPOS="794" WIDTH="13" HEIGHT="21" WC="0.91" CONTENT="å"/><SP WIDTH="18" VPOS="794" HPOS="154"/>
							<String ID="string_139" HPOS="172" VPOS="793" WIDTH="117" HEIGHT="22" WC="0.96" CONTENT="frånsidan."/><SP WIDTH="30" VPOS="793" HPOS="289"/>
							<String ID="string_140" HPOS="319" VPOS="793" WIDTH="60" HEIGHT="22" WC="0.94" CONTENT="Hvar"/><SP WIDTH="16" VPOS="793" HPOS="379"/>
							<String ID="string_141" HPOS="395" VPOS="793" WIDTH="39" HEIGHT="21" WC="0.96" CONTENT="och"/><SP WIDTH="15" VPOS="793" HPOS="434"/>
							<String ID="string_142" HPOS="449" VPOS="799" WIDTH="26" HEIGHT="16" WC="0.96" CONTENT="en"/><SP WIDTH="16" VPOS="799" HPOS="475"/>
							<String ID="string_143" HPOS="491" VPOS="793" WIDTH="23" HEIGHT="21" WC="0.96" CONTENT="af"/><SP WIDTH="14" VPOS="793" HPOS="514"/>
							<String ID="string_144" HPOS="528" VPOS="793" WIDTH="25" HEIGHT="22" WC="0.96" CONTENT="de"/><SP WIDTH="15" VPOS="793" HPOS="553"/>
							<String ID="string_145" HPOS="568" VPOS="793" WIDTH="125" HEIGHT="28" WC="0.96" CONTENT="begagnade"/><SP WIDTH="14" VPOS="793" HPOS="693"/>
							<String ID="string_146" HPOS="707" VPOS="793" WIDTH="134" HEIGHT="28" WC="0.96" CONTENT="stämplarna"/>
						</TextLine>
						<TextLine ID="line_19" HPOS="88" VPOS="827" WIDTH="753" HEIGHT="28">
							<String ID="string_147" HPOS="88" VPOS="828" WIDTH="54" HEIGHT="22" WC="0.96" CONTENT="skall"/><SP WIDTH="16" VPOS="828" HPOS="142"/>
							<String ID="string_148" HPOS="158" VPOS="827" WIDTH="22" HEIGHT="22" WC="0.96" CONTENT="af"/><SP WIDTH="14" VPOS="827" HPOS="180"/>
							<String ID="string_149" HPOS="194" VPOS="828" WIDTH="40" HEIGHT="21" WC="0.91" CONTENT="den"/><SP WIDTH="12" VPOS="828" HPOS="234"/>
							<String ID="string_150" HPOS="246" VPOS="828" WIDTH="135" HEIGHT="27" WC="0.91" CONTENT="tjensteman,"/><SP WIDTH="12" VPOS="828" HPOS="381"/>
							<String ID="string_151" HPOS="393" VPOS="833" WIDTH="46" HEIGHT="16" WC="0.96" CONTENT="som"/><SP WIDTH="10" VPOS="833" HPOS="439"/>
							<String ID="string_152" HPOS="449" VPOS="827" WIDTH="90" HEIGHT="22" WC="0.93" CONTENT="skriften"/><SP WIDTH="11" VPOS="827" HPOS="539"/>
							<String ID="string_153" HPOS="550" VPOS="829" WIDTH="127" HEIGHT="26" WC="0.91" CONTENT="emottager,"/><SP WIDTH="11" VPOS="829" HPOS="677"/>
							<String ID="string_154" HPOS="688" VPOS="830" WIDTH="64" HEIGHT="25" WC="0.93" CONTENT="göras"/><SP WIDTH="10" VPOS="830" HPOS="752"/>
							<String ID="string_155" HPOS="762" VPOS="827" WIDTH="79" HEIGHT="22" WC="0.92" CONTENT="obruk-"/>
						</TextLine>
						<TextLine ID="line_20" HPOS="88" VPOS="862" WIDTH="595" HEIGHT="28">
							<String ID="string_156" HPOS="88" VPOS="863" WIDTH="39" HEIGHT="21" WC="0.96" CONTENT="bar"/><SP WIDTH="15" VPOS="863" HPOS="127"/>
							<String ID="string_157" HPOS="142" VPOS="863" WIDTH="29" HEIGHT="27" WC="0.97" CONTENT="på"/><SP WIDTH="15" VPOS="863" HPOS="171"/>
							<String ID="string_158" HPOS="186" VPOS="864" WIDTH="44" HEIGHT="19" WC="0.96" CONTENT="sätt"/><SP WIDTH="16" VPOS="864" HPOS="230"/>
							<String ID="string_159" HPOS="246" VPOS="863" WIDTH="72" HEIGHT="21" WC="0.96" CONTENT="derom"/><SP WIDTH="16" VPOS="863" HPOS="318"/>
							<String ID="string_160" HPOS="334" VPOS="862" WIDTH="103" HEIGHT="21" WC="0.93" CONTENT="särskildt"/><SP WIDTH="14" VPOS="862" HPOS="437"/>
							<String ID="string_161" HPOS="451" VPOS="863" WIDTH="78" HEIGHT="21" WC="0.92" CONTENT="varder"/><SP WIDTH="15" VPOS="863" HPOS="529"/>
							<String ID="string_162" HPOS="544" VPOS="862" WIDTH="139" HEIGHT="22" WC="0.91" CONTENT="föreskrifvet."/>
						</TextLine>
					</TextBlock>
					<TextBlock ID="block_5" HPOS="86" VPOS="897" WIDTH="755" HEIGHT="131">
						<TextLine ID="line_21" HPOS="157" VPOS="897" WIDTH="684" HEIGHT="27">
							<String ID="string_163" HPOS="157" VPOS="897" WIDTH="171" HEIGHT="27" WC="0.91" CONTENT="Stämpelmärke"/><SP WIDTH="20" VPOS="897" HPOS="328"/>
							<String ID="string_164" HPOS="348" VPOS="897" WIDTH="12" HEIGHT="21" WC="0.92" CONTENT="å"/><SP WIDTH="20" VPOS="897" HPOS="360"/>
							<String ID="string_165" HPOS="380" VPOS="897" WIDTH="118" HEIGHT="27" WC="0.95" CONTENT="anvisning,"/><SP WIDTH="16" VPOS="897" HPOS="498"/>
							<String ID="string_166" HPOS="514" VPOS="897" WIDTH="64" HEIGHT="22" WC="0.96" CONTENT="check"/><SP WIDTH="16" VPOS="897" HPOS="578"/>
							<String ID="string_167" HPOS="594" VPOS="897" WIDTH="38" HEIGHT="21" WC="0.93" CONTENT="och"/><SP WIDTH="15" VPOS="897" HPOS="632"/>
							<String ID="string_168" HPOS="647" VPOS="897" WIDTH="58" HEIGHT="21" WC="0.91" CONTENT="vexel"/><SP WIDTH="16" VPOS="897" HPOS="705"/>
							<String ID="string_169" HPOS="721" VPOS="897" WIDTH="120" HEIGHT="22" WC="0.91" CONTENT="makuleras"/>
						</TextLine>
						<TextLine ID="line_22" HPOS="89" VPOS="931" WIDTH="752" HEIGHT="29">
							<String ID="string_170" HPOS="89" VPOS="931" WIDTH="22" HEIGHT="22" WC="0.94" CONTENT="af"/><SP WIDTH="22" VPOS="931" HPOS="111"/>
							<String ID="string_171" HPOS="133" VPOS="932" WIDTH="46" HEIGHT="26" WC="0.96" CONTENT="den,"/><SP WIDTH="20" VPOS="932" HPOS="179"/>
							<String ID="string_172" HPOS="199" VPOS="938" WIDTH="46" HEIGHT="15" WC="0.96" CONTENT="som"/><SP WIDTH="19" VPOS="938" HPOS="245"/>
							<String ID="string_173" HPOS="264" VPOS="931" WIDTH="140" HEIGHT="28" WC="0.95" CONTENT="handlingens"/><SP WIDTH="20" VPOS="931" HPOS="404"/>
							<String ID="string_174" HPOS="424" VPOS="932" WIDTH="116" HEIGHT="28" WC="0.96" CONTENT="stämpling"/><SP WIDTH="20" VPOS="932" HPOS="540"/>
							<String ID="string_175" HPOS="560" VPOS="932" WIDTH="86" HEIGHT="28" WC="0.96" CONTENT="åligger,"/><SP WIDTH="16" VPOS="932" HPOS="646"/>
							<String ID="string_176" HPOS="662" VPOS="938" WIDTH="77" HEIGHT="22" WC="0.93" CONTENT="genom"/><SP WIDTH="15" VPOS="938" HPOS="739"/>
							<String ID="string_177" HPOS="754" VPOS="933" WIDTH="87" HEIGHT="21" WC="0.93" CONTENT="anteck-"/>
						</TextLine>
						<TextLine ID="line_23" HPOS="89" VPOS="966" WIDTH="751" HEIGHT="28">
							<String ID="string_178" HPOS="89" VPOS="966" WIDTH="51" HEIGHT="28" WC="0.95" CONTENT="ning"/><SP WIDTH="19" VPOS="966" HPOS="140"/>
							<String ID="string_179" HPOS="159" VPOS="966" WIDTH="89" HEIGHT="22" WC="0.96" CONTENT="medelst"/><SP WIDTH="15" VPOS="966" HPOS="248"/>
							<String ID="string_180" HPOS="263" VPOS="966" WIDTH="63" HEIGHT="22" WC="0.96" CONTENT="skrift"/><SP WIDTH="16" VPOS="966" HPOS="326"/>
							<String ID="string_181" HPOS="342" VPOS="966" WIDTH="50" HEIGHT="22" WC="0.93" CONTENT="eller"/><SP WIDTH="15" VPOS="966" HPOS="392"/>
							<String ID="string_182" HPOS="407" VPOS="967" WIDTH="143" HEIGHT="27" WC="0.91" CONTENT="påtryckning"/><SP WIDTH="16" VPOS="967" HPOS="550"/>
							<String ID="string_183" HPOS="566" VPOS="966" WIDTH="22" HEIGHT="22" WC="0.96" CONTENT="af"/><SP WIDTH="13" VPOS="966" HPOS="588"/>
							<String ID="string_184" HPOS="601" VPOS="967" WIDTH="62" HEIGHT="21" WC="0.93" CONTENT="ordet"/><SP WIDTH="16" VPOS="967" HPOS="663"/>
							<String ID="string_185" HPOS="679" VPOS="966" WIDTH="161" HEIGHT="26" WC="0.90" CONTENT=",makuleradt*"/>
						</TextLine>
						<TextLine ID="line_24" HPOS="86" VPOS="1001" WIDTH="381" HEIGHT="27">
							<String ID="string_186" HPOS="86" VPOS="1002" WIDTH="66" HEIGHT="26" WC="0.96" CONTENT="jemte"/><SP WIDTH="17" VPOS="1002" HPOS="152"/>
							<String ID="string_187" HPOS="169" VPOS="1002" WIDTH="67" HEIGHT="26" WC="0.96" CONTENT="dagen"/><SP WIDTH="16" VPOS="1002" HPOS="236"/>
							<String ID="string_188" HPOS="252" VPOS="1001" WIDTH="33" HEIGHT="21" WC="0.93" CONTENT="för"/><SP WIDTH="15" VPOS="1001" HPOS="285"/>
							<String ID="string_189" HPOS="300" VPOS="1001" WIDTH="167" HEIGHT="27" WC="0.92" CONTENT="makuleringen."/>
						</TextLine>
					</TextBlock>
					<TextBlock ID="block_6" HPOS="89" VPOS="1036" WIDTH="754" HEIGHT="62">
						<TextLine ID="line_25" HPOS="157" VPOS="1036" WIDTH="686" HEIGHT="28">
							<String ID="string_190" HPOS="157" VPOS="1036" WIDTH="42" HEIGHT="22" WC="0.93" CONTENT="För"/><SP WIDTH="16" VPOS="1036" HPOS="199"/>
							<String ID="string_191" HPOS="215" VPOS="1036" WIDTH="133" HEIGHT="28" WC="0.91" CONTENT="makulering"/><SP WIDTH="15" VPOS="1036" HPOS="348"/>
							<String ID="string_192" HPOS="363" VPOS="1037" WIDTH="23" HEIGHT="21" WC="0.93" CONTENT="af"/><SP WIDTH="13" VPOS="1037" HPOS="386"/>
							<String ID="string_193" HPOS="399" VPOS="1037" WIDTH="166" HEIGHT="27" WC="0.91" CONTENT="stämpelmärke"/><SP WIDTH="13" VPOS="1037" HPOS="565"/>
							<String ID="string_194" HPOS="578" VPOS="1037" WIDTH="34" HEIGHT="21" WC="0.96" CONTENT="må"/><SP WIDTH="11" VPOS="1037" HPOS="612"/>
							<String ID="string_195" HPOS="623" VPOS="1036" WIDTH="91" HEIGHT="22" WC="0.93" CONTENT="särskild"/><SP WIDTH="12" VPOS="1036" HPOS="714"/>
							<String ID="string_196" HPOS="726" VPOS="1036" WIDTH="59" HEIGHT="28" WC="0.92" CONTENT="afgift"/><SP WIDTH="10" VPOS="1036" HPOS="785"/>
							<String ID="string_197" HPOS="795" VPOS="1036" WIDTH="48" HEIGHT="22" WC="0.96" CONTENT="icke"/>
						</TextLine>
						<TextLine ID="line_26" HPOS="89" VPOS="1077" WIDTH="108" HEIGHT="21">
							<String ID="string_198" HPOS="89" VPOS="1077" WIDTH="40" HEIGHT="21" WC="0.91" CONTENT="ega"/><SP WIDTH="15" VPOS="1077" HPOS="129"/>
							<String ID="string_199" HPOS="144" VPOS="1077" WIDTH="53" HEIGHT="15" WC="0.95" CONTENT="rum."/>
						</TextLine>
					</TextBlock>
					<TextBlock ID="block_7" HPOS="438" VPOS="1100" WIDTH="58" HEIGHT="27">
						<TextLine ID="line_27" HPOS="438" VPOS="1100" WIDTH="58" HEIGHT="27">
							<String ID="string_200" HPOS="438" VPOS="1101" WIDTH="24" HEIGHT="20" WC="0.95" CONTENT="13"/><SP WIDTH="16" VPOS="1101" HPOS="462"/>
							<String ID="string_201" HPOS="478" VPOS="1100" WIDTH="18" HEIGHT="27" WC="0.80" CONTENT="8."/>
						</TextLine>
					</TextBlock>
					<TextBlock ID="block_8" HPOS="90" VPOS="1139" WIDTH="753" HEIGHT="96">
						<TextLine ID="line_28" HPOS="159" VPOS="1139" WIDTH="684" HEIGHT="28">
							<String ID="string_202" HPOS="159" VPOS="1140" WIDTH="32" HEIGHT="21" WC="0.96" CONTENT="Då"/><SP WIDTH="24" VPOS="1140" HPOS="191"/>
							<String ID="string_203" HPOS="215" VPOS="1140" WIDTH="107" HEIGHT="27" WC="0.96" CONTENT="utgående"/><SP WIDTH="20" VPOS="1140" HPOS="322"/>
							<String ID="string_204" HPOS="342" VPOS="1140" WIDTH="121" HEIGHT="26" WC="0.96" CONTENT="expedition"/><SP WIDTH="20" VPOS="1140" HPOS="463"/>
							<String ID="string_205" HPOS="483" VPOS="1140" WIDTH="54" HEIGHT="21" WC="0.95" CONTENT="skall"/><SP WIDTH="19" VPOS="1140" HPOS="537"/>
							<String ID="string_206" HPOS="556" VPOS="1140" WIDTH="48" HEIGHT="21" WC="0.93" CONTENT="med"/><SP WIDTH="15" VPOS="1140" HPOS="604"/>
							<String ID="string_207" HPOS="619" VPOS="1139" WIDTH="166" HEIGHT="27" WC="0.92" CONTENT="stämpelmärke"/><SP WIDTH="15" VPOS="1139" HPOS="785"/>
							<String ID="string_208" HPOS="800" VPOS="1139" WIDTH="43" HEIGHT="21" WC="0.92" CONTENT="för-"/>
						</TextLine>
						<TextLine ID="line_29" HPOS="90" VPOS="1174" WIDTH="753" HEIGHT="27">
							<String ID="string_209" HPOS="90" VPOS="1180" WIDTH="40" HEIGHT="20" WC="0.93" CONTENT="ses,"/><SP WIDTH="23" VPOS="1180" HPOS="130"/>
							<String ID="string_210" HPOS="153" VPOS="1174" WIDTH="109" HEIGHT="27" WC="0.91" CONTENT="iakttages"/><SP WIDTH="22" VPOS="1174" HPOS="262"/>
							<String ID="string_211" HPOS="284" VPOS="1174" WIDTH="35" HEIGHT="22" WC="0.93" CONTENT="vid"/><SP WIDTH="23" VPOS="1174" HPOS="319"/>
							<String ID="string_212" HPOS="342" VPOS="1174" WIDTH="117" HEIGHT="27" WC="0.91" CONTENT="stämpelns"/><SP WIDTH="24" VPOS="1174" HPOS="459"/>
							<String ID="string_213" HPOS="483" VPOS="1174" WIDTH="146" HEIGHT="27" WC="0.92" CONTENT="anbringande"/><SP WIDTH="23" VPOS="1174" HPOS="629"/>
							<String ID="string_214" HPOS="652" VPOS="1174" WIDTH="39" HEIGHT="21" WC="0.93" CONTENT="och"/><SP WIDTH="18" VPOS="1174" HPOS="691"/>
							<String ID="string_215" HPOS="709" VPOS="1174" WIDTH="134" HEIGHT="26" WC="0.91" CONTENT="makulering"/>
						</TextLine>
						<TextLine ID="line_30" HPOS="91" VPOS="1208" WIDTH="520" HEIGHT="27">
							<String ID="string_216" HPOS="91" VPOS="1208" WIDTH="113" HEIGHT="21" WC="0.96" CONTENT="enahanda"/><SP WIDTH="15" VPOS="1208" HPOS="204"/>
							<String ID="string_217" HPOS="219" VPOS="1208" WIDTH="129" HEIGHT="26" WC="0.96" CONTENT="förfarande,"/><SP WIDTH="16" VPOS="1208" HPOS="348"/>
							<String ID="string_218" HPOS="364" VPOS="1214" WIDTH="45" HEIGHT="15" WC="0.96" CONTENT="som"/><SP WIDTH="15" VPOS="1214" HPOS="409"/>
							<String ID="string_219" HPOS="424" VPOS="1208" WIDTH="7" HEIGHT="21" WC="0.96" CONTENT="i"/><SP WIDTH="18" VPOS="1208" HPOS="431"/>
							<String ID="string_220" HPOS="449" VPOS="1210" WIDTH="25" HEIGHT="19" WC="0.96" CONTENT="12"/><SP WIDTH="16" VPOS="1210" HPOS="474"/>
							<String ID="string_221" HPOS="490" VPOS="1208" WIDTH="11" HEIGHT="26" WC="0.88" CONTENT="&amp;"/><SP WIDTH="17" VPOS="1208" HPOS="501"/>
							<String ID="string_222" HPOS="518" VPOS="1208" WIDTH="93" HEIGHT="27" WC="0.96" CONTENT="stadgas."/>
						</TextLine>
					</TextBlock>
				</ComposedBlock>
				<ComposedBlock ID="cblock_3" HPOS="92" VPOS="1272" WIDTH="752" HEIGHT="171">
					<TextBlock ID="block_9" HPOS="439" VPOS="1272" WIDTH="58" HEIGHT="27">
						<TextLine ID="line_31" HPOS="439" VPOS="1272" WIDTH="58" HEIGHT="27">
							<String ID="string_223" HPOS="439" VPOS="1273" WIDTH="24" HEIGHT="19" WC="0.92" CONTENT="14"/><SP WIDTH="17" VPOS="1273" HPOS="463"/>
							<String ID="string_224" HPOS="480" VPOS="1272" WIDTH="17" HEIGHT="27" WC="0.38" CONTENT="8."/>
						</TextLine>
					</TextBlock>
					<TextBlock ID="block_10" HPOS="92" VPOS="1310" WIDTH="752" HEIGHT="133">
						<TextLine ID="line_32" HPOS="160" VPOS="1310" WIDTH="684" HEIGHT="28">
							<String ID="string_225" HPOS="160" VPOS="1311" WIDTH="137" HEIGHT="27" WC="0.91" CONTENT="Afhandling,"/><SP WIDTH="23" VPOS="1311" HPOS="297"/>
							<String ID="string_226" HPOS="320" VPOS="1311" WIDTH="128" HEIGHT="22" WC="0.96" CONTENT="förbindelse"/><SP WIDTH="20" VPOS="1311" HPOS="448"/>
							<String ID="string_227" HPOS="468" VPOS="1311" WIDTH="50" HEIGHT="21" WC="0.96" CONTENT="eller"/><SP WIDTH="19" VPOS="1311" HPOS="518"/>
							<String ID="string_228" HPOS="537" VPOS="1318" WIDTH="71" HEIGHT="14" WC="0.95" CONTENT="annan"/><SP WIDTH="20" VPOS="1318" HPOS="608"/>
							<String ID="string_229" HPOS="628" VPOS="1311" WIDTH="69" HEIGHT="27" WC="0.96" CONTENT="skrift,"/><SP WIDTH="16" VPOS="1311" HPOS="697"/>
							<String ID="string_230" HPOS="713" VPOS="1317" WIDTH="45" HEIGHT="15" WC="0.95" CONTENT="som"/><SP WIDTH="16" VPOS="1317" HPOS="758"/>
							<String ID="string_231" HPOS="774" VPOS="1310" WIDTH="70" HEIGHT="22" WC="0.96" CONTENT="blifvit"/>
						</TextLine>
						<TextLine ID="line_33" HPOS="92" VPOS="1344" WIDTH="752" HEIGHT="28">
							<String ID="string_232" HPOS="92" VPOS="1346" WIDTH="118" HEIGHT="26" WC="0.96" CONTENT="upprättad"/><SP WIDTH="15" VPOS="1346" HPOS="210"/>
							<String ID="string_233" HPOS="225" VPOS="1346" WIDTH="66" HEIGHT="19" WC="0.96" CONTENT="innan"/><SP WIDTH="11" VPOS="1346" HPOS="291"/>
							<String ID="string_234" HPOS="302" VPOS="1346" WIDTH="76" HEIGHT="21" WC="0.92" CONTENT="denna"/><SP WIDTH="14" VPOS="1346" HPOS="378"/>
							<String ID="string_235" HPOS="392" VPOS="1345" WIDTH="137" HEIGHT="26" WC="0.92" CONTENT="förordnings"/><SP WIDTH="16" VPOS="1345" HPOS="529"/>
							<String ID="string_236" HPOS="545" VPOS="1345" WIDTH="134" HEIGHT="26" WC="0.93" CONTENT="tillämpning"/><SP WIDTH="16" VPOS="1345" HPOS="679"/>
							<String ID="string_237" HPOS="695" VPOS="1345" WIDTH="97" HEIGHT="26" WC="0.91" CONTENT="vidtager"/><SP WIDTH="13" VPOS="1345" HPOS="792"/>
							<String ID="string_238" HPOS="805" VPOS="1344" WIDTH="39" HEIGHT="22" WC="0.96" CONTENT="och"/>
						</TextLine>
						<TextLine ID="line_34" HPOS="92" VPOS="1379" WIDTH="752" HEIGHT="27">
							<String ID="string_239" HPOS="92" VPOS="1379" WIDTH="66" HEIGHT="27" WC="0.96" CONTENT="enligt"/><SP WIDTH="23" VPOS="1379" HPOS="158"/>
							<String ID="string_240" HPOS="181" VPOS="1379" WIDTH="28" HEIGHT="21" WC="0.96" CONTENT="då"/><SP WIDTH="22" VPOS="1379" HPOS="209"/>
							<String ID="string_241" HPOS="231" VPOS="1379" WIDTH="99" HEIGHT="27" WC="0.90" CONTENT="gällande"/><SP WIDTH="21" VPOS="1379" HPOS="330"/>
							<String ID="string_242" HPOS="351" VPOS="1379" WIDTH="159" HEIGHT="27" WC="0.96" CONTENT="bestämningar"/><SP WIDTH="20" VPOS="1379" HPOS="510"/>
							<String ID="string_243" HPOS="530" VPOS="1379" WIDTH="100" HEIGHT="26" WC="0.96" CONTENT="antingen"/><SP WIDTH="20" VPOS="1379" HPOS="630"/>
							<String ID="string_244" HPOS="650" VPOS="1379" WIDTH="57" HEIGHT="20" WC="0.93" CONTENT="varit"/><SP WIDTH="18" VPOS="1379" HPOS="707"/>
							<String ID="string_245" HPOS="725" VPOS="1379" WIDTH="119" HEIGHT="26" WC="0.92" CONTENT="stämpelfri"/>
						</TextLine>
						<TextLine ID="line_35" HPOS="92" VPOS="1412" WIDTH="752" HEIGHT="31">
							<String ID="string_246" HPOS="92" VPOS="1413" WIDTH="51" HEIGHT="22" WC="0.96" CONTENT="eller"/><SP WIDTH="18" VPOS="1413" HPOS="143"/>
							<String ID="string_247" HPOS="161" VPOS="1413" WIDTH="107" HEIGHT="27" WC="0.96" CONTENT="stämplad"/><SP WIDTH="19" VPOS="1413" HPOS="268"/>
							<String ID="string_248" HPOS="287" VPOS="1413" WIDTH="48" HEIGHT="22" WC="0.96" CONTENT="med"/><SP WIDTH="18" VPOS="1413" HPOS="335"/>
							<String ID="string_249" HPOS="353" VPOS="1412" WIDTH="58" HEIGHT="31" WC="0.96" CONTENT="lägre"/><SP WIDTH="15" VPOS="1412" HPOS="411"/>
							<String ID="string_250" HPOS="426" VPOS="1413" WIDTH="60" HEIGHT="21" WC="0.96" CONTENT="valör"/><SP WIDTH="16" VPOS="1413" HPOS="486"/>
							<String ID="string_251" HPOS="502" VPOS="1415" WIDTH="26" HEIGHT="20" WC="0.96" CONTENT="än"/><SP WIDTH="16" VPOS="1415" HPOS="528"/>
							<String ID="string_252" HPOS="544" VPOS="1413" WIDTH="65" HEIGHT="27" WC="0.96" CONTENT="enligt"/><SP WIDTH="16" VPOS="1413" HPOS="609"/>
							<String ID="string_253" HPOS="625" VPOS="1413" WIDTH="72" HEIGHT="21" WC="0.96" CONTENT="denna"/><SP WIDTH="14" VPOS="1413" HPOS="697"/>
							<String ID="string_254" HPOS="711" VPOS="1413" WIDTH="133" HEIGHT="28" WC="0.96" CONTENT="förordning,"/>
						</TextLine>
					</TextBlock>
				</ComposedBlock>
			</PrintSpace>
		</Page>
	</Layout>
</alto>
