1053 1720
196 139 28 20 40
413 139 29 22 U.
457 139 28 24 B.
501 151 26 4 —
543 139 73 28 Prop.
631 139 46 22 N:o
692 139 36 22 13.

549 481 42 23 IV.

265 556 75 28 Enligt
354 555 183 29 bestämningarna
550 556 7 21 i
573 557 13 20 8
602 557 11 26 $
625 555 21 21 af
658 549 122 28 Utskottets
790 555 80 29 förslag
880 556 67 21 skulle

195 591 22 20 af
240 590 42 22 den
303 591 63 26 vinst,
387 597 44 14 som
453 590 13 21 ä
479 589 151 29 yrkesmässigt
643 589 112 22 bedrifven
769 589 178 29 pantlänerörelse

194 624 94 29 uppstär,
302 624 62 28 högst
379 631 37 14 sex
430 627 87 25 procent
532 623 12 21 ä
558 624 37 21 det
609 625 8 19 i
630 624 94 21 rörelsen
738 624 78 22 insatta
830 623 81 30 kapital
925 624 21 21 fä

195 659 67 21 säsom
284 660 60 19 ränta
367 658 51 21 eller
435 658 101 22 dividend
550 658 88 27 utdelas,
652 658 56 21 dock
722 658 88 21 sälunda
824 662 37 23 att,
876 658 70 22 derest

194 693 55 22 årets
269 694 58 21 vinst
346 693 48 21 icke
416 693 67 21 skulle
505 693 108 29 medgifva
634 694 30 20 en'
678 693 109 28 utdelning
801 693 33 21 till
849 693 96 28 stadgadr

194 729 84 28 belopp,
299 728 81 21 bristen
400 727 59 29 finge
480 727 63 29 fyllas
565 728 24 22 af
604 727 93 29 följande
712 727 60 22 årens
787 729 62 21 vinst.
877 728 68 22 Dessa

194 763 156 28 bestämningar
364 762 45 21 afse
424 762 13 21 å
452 769 39 15 ena
505 763 61 21 sidan
580 765 31 18 att
625 769 75 22 genom
710 762 140 29 begränsning
860 763 23 20 af
892 763 53 21 div:-

194 797 192 28 dendutdelningen
410 796 83 29 skydda
514 796 143 29 låntagarenes
679 797 88 21 intresse
790 797 39 20 och
850 797 13 20 å
881 797 64 21 andra

194 831 60 22 sidan
273 834 32 19 att
324 831 52 21 söka
392 831 104 28 befrämja
513 831 139 28 uppkomsten
667 831 23 20 af
703 831 242 29 pantlåneinrättningar.

193 865 127 22 Emellertid
334 867 23 19 är
372 865 36 21 det
422 868 33 18 att
469 863 115 29 förutsätta!
594 868 37 24 att,
649 866 1 20 i
662 864 99 22 händelse
771 865 123 30 Utskottets
904 866 41 20 för-

194 900 44 29 slag
258 900 127 29 godkännes,
396 900 65 28 några
475 908 42 20 nya
530 899 206 29 pantläneanstalter,
750 900 107 28 grundade
873 900 22 21 af
910 900 34 21 zk-

193 935 98 28 tiebolag,
305 934 47 22 icke
367 934 73 21 vidare
455 934 84 21 komma
554 937 33 19 att
597 934 83 29 uppstå,
692 936 50 20 enär
752 934 72 28 dylika
835 935 109 21 inrättnin-

192 977 38 20 gar
251 968 96 22 erfordra
364 971 31 18 ett
409 968 152 29 jemförelsevis
576 972 53 18 stort
643 968 146 29 anläggnings-
804 969 39 21 och
859 969 84 21 rörelse-

192 1003 81 29 kapital
288 1003 40 22 och
342 1004 66 28 utsigt
421 1003 48 21 icke
483 1003 61 21 torde
559 1003 115 21 förefinnas
690 1006 32 19 att
736 1003 60 22 detta
810 1003 80 29 kapital
901 1003 42 21 kan

193 1038 133 29 hopbringas,
340 1041 51 18 utan
406 1041 31 18 att
451 1037 145 22 aktionärerne
611 1037 65 22 hafva
690 1041 32 18 att
733 1037 95 29 påräkna
838 1038 64 28 skälig
911 1037 32 22 af-

192 1073 106 27 färsvinst,
320 1072 57 22 helst
393 1072 105 28 företaget
519 1074 24 19 är
562 1072 98 22 förenadt
678 1072 50 22 med
745 1072 80 29 ganska
840 1075 43 19 stor
893 1072 50 22 risk.

192 1107 53 21 Med
260 1106 99 22 afseende
374 1106 51 21 härå
439 1106 40 21 och
494 1106 28 21 då
535 1106 125 22 förberörda
674 1107 23 21 af
710 1106 114 22 Utskottet
837 1108 7 19 i
859 1108 83 20 insätta-

193 1148 59 14 renes
272 1141 89 21 intresse
376 1140 119 28 föreslagna
509 1140 116 29 stadgande
640 1144 32 18 att
685 1140 170 29 uppkommande
870 1141 50 21 brist
934 1142 9 19 i

193 1175 41 21 den
255 1174 112 22 faststälda
388 1174 128 22 dividenden
534 1174 57 29 finge
605 1174 193 28 tillgodoberäknas
812 1174 28 29 på
851 1175 90 28 föjande

193 1208 59 21 årens
267 1209 57 21 vinst
337 1208 48 21 icke
400 1215 61 22 synes
475 1208 35 22 väl
525 1207 128 22 sammanstä
667 1209 49 20 med
730 1209 85 28 vanliga
829 1209 64 28 reglr
908 1208 35 21 för

192 1243 166 27 vinstutdelning
372 1243 40 20 och
427 1250 26 13 en
467 1243 35 21 väl
517 1243 80 21 ordnad
611 1242 118 28 bokföring,
744 1250 49 14 anse
808 1243 22 21 vi
840 1247 32 21 att
883 1243 59 21 hvad

191 1275 104 21 beträffar
312 1275 127 27 aktiebolag,
453 1276 37 20 det
504 1276 76 27 högsta
593 1276 84 28 belopp,
692 1283 45 13 som
748 1277 59 26 finge
821 1277 9 19 i
843 1276 98 21 dividend

191 1308 88 28 utdelas,
293 1308 40 22 bör
347 1308 114 22 fastställas
475 1309 33 20 till
524 1308 45 22 åtta
582 1312 89 25 procent
685 1309 13 21 å
715 1309 162 28 aktiekapitalet,
886 1312 55 18 mot-

191 1343 102 22 svarande
313 1342 42 22 den
368 1342 115 29 utdelning,
497 1350 45 14 som
557 1343 48 21 från
618 1342 135 29 Helsingfors
767 1343 175 29 pantläneanstalt

190 1377 66 22 under
276 1384 73 14 senare
364 1377 50 21 åren
428 1380 37 26 egt
478 1385 52 19 rum,
544 1385 49 14 men
607 1380 32 19 att
654 1378 94 22 deremot
762 1378 179 29 bestämningarna

191 1420 34 14 om
234 1412 91 22 bristens
339 1412 94 29 fyllande
448 1420 25 13 ur
487 1411 93 29 följande
595 1412 60 22 årens
670 1413 58 21 vinst
741 1412 66 22 borde
816 1407 25 38 ur
854 1412 87 22 författ-

189 1446 163 30 ningsförslaget
367 1446 107 22 uteslutas.

258 1488 48 22 Lag-
319 1486 33 18 och
364 1486 187 18 Ekonomiutskottets
564 1486 115 18 betänkande
691 1486 37 19 N:o
742 1488 15 16 2.
