1039 1706
275 102 75 22 Ständ.
366 102 35 22 Sv.
417 116 27 2 —
459 103 64 28 Prop.
538 103 39 22 N:o
594 102 33 23 19.
814 104 13 21 9

74 174 55 14 vara
144 167 25 21 af
182 167 51 21 vikt
249 169 34 19 att
297 168 116 28 tydligare
431 168 95 28 angifva
541 170 34 20 att
591 168 115 22 desamma
721 168 52 22 icke
788 172 39 18 äro

75 202 33 19 att
123 208 67 14 anses
206 202 81 20 endast
309 202 75 21 såsom
404 202 301 22 instruktionsföreskrifter
720 204 57 20 utan
792 205 35 19 ut-

75 234 53 21 öfva
143 234 113 22 inverkan
270 236 30 27 på
315 236 147 27 åtgärdernas
485 236 75 28 legala
581 236 105 27 bestånd,
709 236 41 22 har
769 236 60 21 efter

73 270 29 20 40
117 270 13 26 8
145 269 90 27 tillagts
251 276 28 14 en
295 276 32 22 ny
341 270 109 28 paragraf
463 270 25 20 af
501 270 109 28 innehäll,
627 272 34 19 att
676 270 86 28 åtgärd,
778 277 50 14 som

74 302 8 20 i
97 303 28 21 39
141 302 56 22 eller
211 304 28 20 40
254 304 13 26 &
283 306 25 18 är
322 303 93 27 nämnd,
438 304 66 27 skall,
527 304 41 21 där
591 304 44 21 den
650 304 106 28 vidtages
771 306 57 19 utan

74 336 151 22 föreskrifvet
239 337 107 21 tillstånd
361 337 25 21 af
398 339 77 19 rätten
490 338 56 21 eller
555 338 273 28 förmyndarenämnden,

73 378 55 14 vara
143 371 90 29 ogiltig,
256 373 57 19 utan
328 372 25 20 så
369 375 24 18 är
409 374 34 19 att
457 372 179 29 myndighetens
659 372 170 29 godkännande

75 405 84 22 efteråt
173 406 118 21 utverkas.

143 441 27 21 42
186 441 46 26 (43)
248 442 20 26 8.
298 440 62 22 Enär
374 440 125 22 utländska
521 441 156 28 värdepapper
700 441 71 21 redan
786 440 43 22 hos

74 481 37 14 oss
127 474 96 21 allmänt
237 474 86 22 brukas
339 475 8 21 i
362 474 103 22 rörelsen
487 475 43 21 och
553 475 38 21 det
607 475 48 21 ofta
670 478 25 18 är
711 475 55 21 fullt
781 475 48 22 lika

73 508 137 29 förmånligt
232 511 34 19 att
287 509 90 28 placera
392 509 88 29 kapital
495 510 9 20 i
519 509 84 22 sådana
619 517 49 14 som
683 510 9 21 i
707 510 122 22 inhemska

73 542 162 30 värdepapper,
251 543 71 22 hafva
336 543 130 22 Ständerna
480 544 108 22 uteslutit
603 544 65 21 ordet
681 544 145 25 ,inhemska*

73 577 52 22 från
140 577 163 29 lagförslagets
318 579 29 21 42
362 579 19 27 8,
398 578 43 21 och
457 578 63 22 detta
543 578 64 22 desto
627 578 80 28 hellre,
723 578 29 22 då
767 579 8 21 i
790 586 39 22 pa-

74 612 107 28 ragrafen
196 612 81 22 endast
292 616 25 18 är
332 612 68 29 fråga
415 620 38 14 om
469 613 94 26 ,säkra”
579 613 164 29 värdepapper.

141 646 42 22 Uti
198 648 28 20 43
242 647 42 21 och
299 648 28 21 44
343 648 27 26 $$
385 647 27 21 af
420 646 85 30 nådiga
513 648 174 28 propositionen
694 648 71 21 hafva
772 654 57 22 upp-

72 681 73 28 tagits
167 681 144 29 stadganden
333 681 48 21 dels
404 681 79 22 därom
506 684 33 19 att
562 682 147 28 förmyndare
729 682 19 28 ej
765 682 63 28 finge

73 718 57 19 utan
145 715 276 29 förmyndarenämndens
436 716 106 22 tillstånd
557 716 113 22 öfverlåta
685 716 85 22 sådana
781 717 47 21 for-

74 750 146 28 dringsbevis
236 750 43 22 och
294 750 163 28 värdepapper,
469 750 8 21 i
487 750 80 22 hvilka
581 750 166 29 myndlingens
762 751 66 29 kapi-

73 784 34 22 tal
121 788 26 18 är
161 784 122 29 placeradt,
300 784 49 22 dels
371 786 34 20 att
427 784 266 29 förmyndarenämnden
709 785 63 29 egde,
789 786 40 21 där

74 818 39 22 det
127 818 122 29 pröfvades
264 819 89 28 nödigt,
369 818 140 22 föreskrifva
520 821 34 19 att
566 819 122 28 omyndigs
703 820 125 28 värdepap-

73 860 46 22 per,
143 860 50 14 som
215 853 72 28 gäller
303 853 8 21 i
326 852 179 23 innehafvarens
527 853 68 27 hand,
619 853 71 22 borde
712 854 9 21 i
743 854 86 21 allmän

73 887 249 29 penningeinrättning
336 887 119 22 nedsättas
470 888 53 21 med
533 887 116 22 förbehåll
657 890 34 19 att
699 888 27 22 de
735 888 20 29 ej
766 888 63 28 finge

73 924 58 19 utan
152 922 128 21 nämndens
302 922 107 21 tillstånd
430 924 99 27 uttagas.
558 922 82 22 Ehuru
662 922 130 22 Ständerna
807 923 20 28 ej

73 956 110 22 förbisett
198 958 34 19 att
247 956 66 22 dessa
327 956 144 29 stadganden
483 957 95 28 bidroge
592 957 38 21 till
645 958 34 20 att
694 957 136 21 säkerställa

74 990 164 29 myndlingens
254 990 113 29 egendom
382 994 49 18 mot
445 990 168 30 förskingring,
622 991 70 21 hafva
700 991 129 21 Ständerna

75 1024 59 22 dock
149 1025 62 21 varit
225 1024 24 22 af
263 1024 46 22 den
324 1024 68 27 åsikt,
415 1026 34 20 att
469 1026 116 20 desamma
599 1025 116 21 innefatta
729 1028 34 18 ett
778 1025 52 21 allt-

74 1059 37 21 för
127 1058 136 28 detaljeradt
278 1059 219 28 reglementerande,
508 1059 86 28 egnadt
603 1061 34 19 att
645 1059 104 21 försvåra
757 1059 73 21 hand-

74 1093 127 21 hafvandet
216 1092 25 22 af
253 1092 225 29 förmynderskapet.
508 1093 124 21 Dessutom
648 1093 78 21 kunde
741 1092 40 22 det
796 1093 34 21 äf-

74 1135 45 13 ven
135 1127 71 22 skada
221 1127 164 28 myndlingens
401 1127 122 28 intressen,
545 1134 36 15 om
596 1126 165 29 förmyndaren
776 1127 52 21 icke

75 1163 63 20 strax
157 1161 63 28 finge
243 1161 86 28 afyttra
350 1161 164 29 värdepapper,
529 1161 93 22 hvilkas
637 1161 70 21 värde
723 1161 108 28 plötsligt

74 1196 89 28 begynt
177 1195 62 28 falla,
255 1198 58 19 utan
327 1202 55 15 vore
392 1195 118 22 nödsakad
522 1197 34 20 att
564 1195 79 22 därtill
652 1195 59 22 först
726 1195 104 22 inhemta

75 1229 278 29 förmyndarenämndens
368 1229 107 22 tillstånd
490 1230 43 21 och
549 1229 96 22 sålunda
655 1229 112 28 möjligen
782 1229 48 22 låta

76 1265 44 20 den
135 1266 189 27 gynnsammaste
339 1264 141 29 tidpunkten
495 1265 30 28 gå
535 1264 36 28 sig
582 1271 27 14 ur
617 1263 124 22 händerna.
763 1264 67 21 Stän-

75 1299 70 20 derna
160 1298 70 21 hafva
245 1298 78 21 därför
336 1298 108 21 uteslutit
460 1298 74 28 bägge
550 1298 66 21 dessa
631 1297 140 28 paragrafer.

143 1333 28 20 47
187 1333 46 26 (46)
249 1333 20 25 &.
299 1332 144 27 Stadgandet
457 1333 8 19 i
487 1335 5 18 1
509 1339 67 14 mom.
591 1332 26 20 af
631 1332 76 20 denna
721 1331 111 28 paragraf

75 1366 8 21 i
98 1365 85 28 nädiga
205 1366 174 27 propositionen
401 1365 88 21 lemnar
511 1365 154 28 förmyndare,
689 1365 96 21 hvilken
808 1365 20 28 ej

75 1400 65 29 nöjes
156 1401 24 20 ät
195 1399 246 30 förmyndarenämnds
456 1399 76 22 beslut
546 1399 9 22 i
571 1399 90 27 ärende,
685 1406 50 14 som
757 1399 74 28 enligt
