1048 1714
193 108 14 19 4
403 105 27 22 U.
446 105 27 22 B.
490 118 27 3 —
536 105 72 28 Prop.
625 105 46 23 N:o
685 105 37 22 14.

191 177 111 27 följderna
322 176 25 21 af
366 175 83 22 driften
464 189 30 3 —
510 177 71 26 gäller
602 177 111 26 nämligen
728 176 8 21 i
752 176 64 27 fråga
836 182 33 15 om
882 176 62 27 jern-

192 212 127 27 vägsskada
334 212 70 21 under
420 211 66 22 ofvan
502 211 144 27 uppräknade
662 211 194 27 omständigheter,
873 213 33 19 att
917 211 30 22 lif

191 248 41 21 och
248 247 105 28 egendom
369 247 8 21 i
393 247 65 22 dessa
474 247 40 21 fall
530 249 37 19 äro
583 247 114 26 varaktigt
712 249 57 19 samt
784 247 7 21 i
802 247 77 28 regeln
890 249 53 19 utan

191 283 90 22 tillfälle
305 285 33 19 att
361 283 73 27 undgå
456 282 63 22 faran
539 285 84 20 utsatta
645 282 35 22 för
700 283 42 21 den
763 282 49 22 från
826 283 117 27 jernvägs-

191 319 84 22 driften
295 318 95 22 hotande
412 319 74 21 skada.
520 318 84 21 Härtill
624 318 98 22 kommer
746 321 33 19 att
802 318 141 22 rättsförhål-

191 355 76 21 landet
287 355 92 21 emellan
399 355 136 26 jernvägens
555 354 103 27 personal
674 355 39 20 och
730 354 50 22 dess
796 354 146 22 innehafvare

191 391 71 21 såsom
291 390 163 28 arbetsgifvare
483 389 114 23 äfvensom
620 389 141 22 fraktaftalet
784 390 94 22 emellan
899 390 42 22 den

191 426 94 22 resande
306 426 40 21 och
364 425 124 28 jernvägen
504 426 84 27 jemväl
604 427 37 20 äro
657 425 85 28 egnade
758 427 34 20 att
806 425 87 22 förläna
908 433 35 16 er-

191 461 218 28 sättningsanspråk,
430 468 45 15 som
490 462 83 21 väckas
590 461 24 21 af
625 461 211 28 jernvägspersonal
852 462 40 21 och
907 468 36 16 re-

191 498 68 21 sande
275 498 35 21 för
326 497 69 22 skada
410 498 14 21 å
440 498 64 21 deras
520 503 106 21 personer
642 497 56 22 eller
708 497 14 21 å
732 498 83 27 bantåg
826 498 117 21 medhafda

191 534 61 27 gods,
269 536 33 19 ett
318 533 68 22 ökadt
401 533 160 28 berättigande.

264 569 105 22 Deremot
378 569 70 22 finner
457 569 121 28 Utskottet,
589 569 8 21 i
605 569 73 21 likhet
686 569 49 21 med
744 569 57 22 hvad
810 569 43 22 den
861 570 84 27 nådiga

190 605 164 27 propositionen
369 605 131 27 innehåller,
512 611 27 15 en
551 605 62 27 dylik
625 607 117 25 strängare
754 606 142 26 ansvarighet
907 605 35 22 för

188 640 252 28 jernvägsinnehafvare
457 641 48 21 icke
521 647 54 15 vara
591 640 24 22 af
628 640 81 22 sakens
726 642 65 20 natur
802 641 55 22 eller
868 641 74 28 billig-

191 676 78 22 hetens
285 676 54 22 kraf
352 676 7 22 i
376 677 68 27 högre
460 677 55 27 grad
531 676 103 27 påkallad
649 676 36 22 för
701 676 27 22 de
744 676 40 22 fall
795 676 25 22 af
826 678 116 27 jernvägs-

190 713 76 27 skada,
283 712 28 22 då
327 712 42 22 den
385 712 159 22 skadelidande
559 712 50 22 icke
625 712 48 22 haft
684 713 136 27 anställning
835 713 38 22 vid
881 714 60 26 jern-

189 751 72 25 vägen
278 748 55 22 eller
347 748 99 28 betjenat
460 748 34 28 sig
508 748 24 21 af
543 749 126 21 densamma
680 749 71 21 såsom
762 748 179 28 fortskaffnings-

190 784 77 27 medel,
283 786 51 19 utan
346 784 42 22 den
400 784 95 22 skadade
507 784 56 22 eller
574 784 54 21 hans
640 784 54 27 gods
706 784 78 22 endast
794 784 147 28 tillfälligtvis

189 820 91 21 kommit
296 820 7 21 i
320 820 104 27 beröring
443 820 48 21 med
506 820 134 27 jernvägens
657 820 55 21 drift
728 820 39 22 och
783 820 43 22 den
842 820 98 22 derifrån

190 856 95 21 hotande
297 855 54 22 fara.
367 856 11 20 I
390 856 65 21 dessa
466 855 118 22 händelser
595 862 67 20 synas
677 856 7 20 i
696 856 120 21 allmänhet
827 856 41 22 ock
879 856 61 27 långt

189 892 54 20 flere
263 891 185 27 förutsättningar
468 894 27 18 än
517 891 31 21 uti
570 890 26 22 de
612 891 7 21 i
635 891 37 21 det
693 891 133 27 föregående
847 891 94 22 nämnda

189 928 70 20 finnas
276 927 35 21 för
325 927 141 27 antagandet,
478 929 32 19 att
521 927 42 21 den
575 927 157 21 skadelidande
743 933 76 21 genom
831 927 109 27 brytande

190 966 57 18 emot
263 963 79 21 förbud
358 965 33 19 att
407 963 91 21 beträda
512 962 135 27 jernvägens
664 962 89 22 område
769 963 55 21 eller
834 963 29 26 på
874 966 66 18 annat

190 1000 45 20 sätt
251 998 54 27 sjelf
318 999 7 20 i
341 998 112 26 väsentlig
468 998 50 21 mån
536 999 57 20 varit
604 998 103 22 vållande
718 998 35 22 till
764 998 90 21 skadan.
877 998 63 22 Prin-

189 1035 64 25 cipen
283 1037 32 19 att
341 1034 266 27 jernvägsinnehafvaren
631 1034 19 26 ej
675 1033 98 23 ähvälfts
796 1034 144 27 ansvarighet

189 1070 36 21 för
241 1070 62 26 dylik
319 1070 69 21 skada
404 1070 8 20 i
428 1073 68 17 annat
512 1070 46 26 fall,
575 1072 28 18 än
619 1070 28 20 dä
664 1069 65 21 skuld
739 1070 35 21 till
787 1070 83 20 skadan
881 1070 60 21 visas

190 1108 79 19 stanna
295 1106 136 26 jernvägens
458 1105 137 26 förvaltning
622 1105 56 21 eller
700 1105 114 27 betjening
834 1105 36 21 till
890 1105 49 27 last,

190 1148 67 20 synes
273 1141 115 21 Utskottet
405 1141 74 21 derför
495 1147 54 15 vara
564 1141 28 26 pä
608 1140 56 27 goda
680 1140 50 21 skäl
746 1140 78 22 införd.

263 1177 33 21 Dä
313 1176 26 22 de
355 1176 151 27 grundsatser,
524 1182 45 16 som
586 1176 42 21 den
640 1176 80 27 nädiga
731 1176 163 27 propositionen
906 1176 33 21 sä-

189 1213 67 21 lunda
271 1212 124 22 innehäller
411 1212 7 21 i
434 1212 104 22 afseende
554 1212 13 21 ä
583 1212 27 21 de
625 1212 59 21 olika
700 1212 77 27 slagen
793 1212 24 21 af
824 1212 117 27 jernvägs-

190 1248 87 27 skador,
299 1254 66 20 synas
387 1248 84 26 egnade
486 1250 34 18 att
535 1248 50 20 leda
599 1248 36 20 till
652 1248 38 20 det
705 1248 49 20 med
770 1248 170 26 lagstiftningen

189 1284 28 25 pä
241 1282 169 28 ifrägavarande
431 1282 89 22 omräde
542 1282 91 22 afsedda
653 1283 110 21 allmänna
784 1282 103 27 syftemäl
908 1284 33 20 att

189 1318 82 22 bereda
293 1318 42 22 den
355 1318 101 22 enskilde
473 1318 68 27 utsigt
557 1320 33 19 att
605 1318 8 21 i
628 1318 157 27 verkligheten
802 1318 138 21 utbekomma

189 1354 126 27 ersättning
334 1353 34 22 för
385 1353 75 27 skada,
477 1360 45 15 som
538 1353 8 22 i
562 1353 55 27 följd
633 1352 24 22 af
668 1353 164 28 jernvägsdrift
847 1353 93 21 drabbat

187 1391 81 21 honom
288 1393 51 18 utan
361 1391 51 26 eget
432 1389 146 27 förvällande,
595 1389 40 21 har
651 1389 116 22 Utskottet
782 1392 74 19 ansett
872 1389 68 27 sagda

261 1431 137 24 Lagutskottets
412 1431 115 18 betänkande
541 1431 36 18 N:o
591 1431 15 18 1.
