1045 1709
220 112 25 20 14
520 110 40 22 N:o
576 112 33 20 22.

259 178 111 28 Belöning,
387 184 45 16 som
455 178 63 22 ofvan
540 180 55 25 sägs,
611 178 91 26 utgifves
721 178 24 20 af
761 178 108 26 kommun,
885 178 58 21 inom

189 212 64 22 hvars
269 213 87 21 område
371 212 104 28 rofdjuret
487 208 65 37 fälts,
563 212 64 21 likväl
643 212 47 21 med
701 213 45 20 rätt
756 212 34 21 att
801 218 26 15 ur
835 212 109 21 allmänna

190 246 68 22 medel
273 247 116 27 godtgöras
405 246 33 22 för
453 246 81 22 hälften
550 246 22 22 af
586 246 67 22 sädan
668 246 143 26 utbetalning.

257 280 32 21 En
312 281 53 21 hvar
387 281 102 20 kommun
511 280 44 21 läte
578 281 32 26 sig
628 280 62 21 äfven
715 280 113 27 angeläget
843 285 53 16 vara
911 280 33 21 att

189 314 77 28 främja
287 315 67 27 öfriga
370 315 126 27 skadedjurs
512 315 121 21 utrotande.
663 314 47 21 Har
725 315 102 20 kommun
842 314 8 21 i
865 314 79 21 sädant

189 349 55 27 syfte
262 349 68 22 utfäst
349 349 125 27 belöningar
492 348 34 22 för
541 349 39 27 räf,
596 349 71 22 dödad
682 349 68 21 under
766 349 59 21 tiden
840 348 48 22 frän
904 349 41 21 den

191 385 10 20 1
218 383 61 28 April
294 383 32 22 till
342 383 40 22 den
400 385 8 19 1
428 383 101 27 Oktober,
545 384 56 21 samt
616 383 33 22 för
666 383 71 21 dödad
747 384 46 25 örn,
803 382 84 28 berguf,
898 381 47 23 duf-

189 418 49 27 hök,
254 418 101 26 hafstrut,
371 418 54 27 korp
442 418 39 21 och
499 418 74 26 kräka,
590 417 107 22 äfvensom
713 417 33 22 för
761 424 70 20 ungar
847 417 22 22 af
883 417 63 22 dessa

190 452 142 27 skadefoglar,
350 458 52 15 vare
422 452 79 27 jemväl
523 451 122 28 berättigad
665 453 32 20 att
717 452 24 21 af
753 452 109 21 allmänna
876 451 69 22 medel

191 486 81 22 erhälla
287 486 135 27 godtgörelse
437 486 33 21 för
485 486 81 21 hälften
583 485 22 22 af
619 486 36 21 det
668 485 86 28 belopp,
770 492 47 15 som
828 486 33 21 för
872 486 73 27 hvarje

191 521 25 21 är
231 520 32 22 till
279 520 71 27 dylika
365 520 136 27 belöningars
516 520 125 28 utgifvande
656 520 115 27 bevisligen
788 520 113 21 användts.

537 596 26 20 27
580 595 18 26 8.

258 628 19 27 Ä
295 635 73 27 hvarje
389 635 113 22 kommuns
524 635 72 22 beslut
619 636 117 25 ankomme,
756 635 107 22 huruvida
881 635 65 22 skall-

191 670 56 27 gång
262 669 55 22 skall
332 669 117 22 bibehållas
464 670 7 21 i
483 670 131 26 densamma;
631 669 39 22 och
680 676 38 21 ege
728 670 137 26 kommunen,
875 669 8 22 i
893 670 53 21 hän-

191 703 58 22 delse
264 704 25 22 sä
303 704 56 26 sker,
372 704 78 27 jemväl
465 705 125 26 bestämma,
606 705 56 21 hvad
677 705 7 20 i
699 704 100 22 afseende
811 705 13 20 ä
835 704 110 27 skallgång

191 738 54 21 skall
267 738 110 27 iakttagas
395 738 40 22 och
453 738 23 21 af
489 739 61 21 hvem
564 739 88 21 kallelse
668 739 71 21 dertill
753 745 77 21 genom
846 737 100 23 budkafle

191 773 35 21 mä
241 773 103 21 utfärdas.
375 773 99 22 Beslutet
494 773 54 22 skall
567 773 144 22 underställas
728 773 151 22 Guvernörens
894 773 52 28 god-

191 807 120 21 kännande.

537 860 26 20 28
580 859 18 27 8.

260 898 24 28 Ej
304 899 36 20 mä
359 899 70 26 nägon
446 900 60 20 utom
522 905 51 20 egen
589 898 116 27 gärdsplan
721 899 39 21 och
775 898 106 27 trädgärd
894 898 52 22 idka

188 933 49 27 jagt
259 935 53 19 utan
332 934 33 19 att
384 933 138 22 derförinnan
542 933 63 21 hafva
619 933 84 27 utgjort
715 933 108 28 jagtskatt
838 933 33 21 till
886 933 60 22 kom-

191 973 86 20 munen,
298 967 37 21 der
355 967 74 27 jagten
453 968 55 21 sker.
540 967 54 26 Den,
613 973 45 16 som
681 967 68 27 erlagt
764 968 110 27 jagtskatt
893 967 7 21 i
919 973 26 15 en

191 1001 109 26 kommun,
316 1007 50 16 vare
385 1001 54 22 dock
453 1001 8 21 i
476 1008 71 15 annan
566 1002 107 26 kommun,
689 1002 61 21 hvari
768 1002 43 21 han
826 1002 47 21 icke
887 1001 60 22 inne-

191 1036 40 21 har
244 1036 116 27 jagtmark,
375 1035 28 22 fri
417 1036 48 21 från
482 1037 57 26 dylik
554 1037 66 25 skatt,
637 1036 89 21 såframt
738 1037 75 26 jagten
819 1031 13 37 i
829 1035 61 27 fall,
901 1042 46 15 som

191 1071 8 20 i
216 1071 25 20 13
257 1071 39 20 och
313 1071 25 20 14
354 1071 25 26 $$
396 1072 55 25 sägs,
470 1072 48 26 gått
540 1070 58 22 öfver
620 1071 29 27 pä
673 1071 40 20 den
731 1071 113 21 kommuns
861 1070 87 22 område

193 1105 50 21 eller
263 1111 49 20 eger
330 1111 48 14 rum
393 1105 35 20 vid
443 1105 72 26 besök,
532 1105 17 27 ej
566 1105 58 21 öfver
639 1105 34 27 sju
688 1105 67 27 dagar
771 1105 39 21 och
826 1105 17 27 ej
859 1111 46 15 mer
920 1107 27 19 än

193 1145 26 15 en
242 1139 55 26 gång
320 1145 34 14 om
378 1139 53 26 året,
452 1135 51 25 eller
526 1139 38 21 ock
586 1139 139 21 uteslutande
742 1139 56 22 afser
813 1140 70 20 större
898 1139 50 21 ska-

193 1173 82 27 dedjur.

261 1207 112 27 Jagtskatt
389 1207 95 27 erlägges
500 1207 33 21 för
548 1207 128 22 kalenderår
694 1207 39 22 och
743 1209 66 25 utgör
818 1207 47 27 fyra
875 1207 71 26 mark;

193 1241 55 21 dock
263 1247 37 20 ege
315 1241 102 20 kommun
436 1241 33 20 för
488 1242 38 20 sitt
542 1241 86 21 område
644 1241 102 21 nedsätta
760 1242 88 20 skatten
863 1241 33 20 till
911 1242 38 20 två

193 1274 61 21 mark
269 1273 33 22 för
318 1274 47 26 den,
381 1279 46 16 som
443 1273 63 22 idkar
518 1275 48 26 jagt
580 1274 139 21 uteslutande
734 1275 48 20 med
797 1274 66 27 giller.

261 1307 10 22 I
289 1308 163 27 Lappmarkens
474 1307 69 22 härad
562 1308 39 21 och
616 1308 125 28 Kuolajärvi
756 1309 79 21 socken
851 1308 23 22 af
886 1308 62 22 Kemi

192 1343 69 21 härad
277 1343 112 21 ankomme
405 1343 13 21 å
432 1343 112 22 kommuns
559 1343 77 28 beslut,
652 1343 106 22 huruvida
770 1344 109 27 jagtskatt
893 1343 55 22 skall

193 1377 112 22 derstädes
320 1379 90 26 utgöras
428 1377 51 22 eller
494 1378 52 21 icke.
