1039 1706
201 121 12 19 6
396 120 83 22 Ständ.
496 120 39 22 Sv.
552 132 24 3 —
593 120 72 27 Prop.
683 118 42 23 N:o
741 118 36 22 15.

268 187 139 21 Beträffande
425 188 145 21 förstnämnda
584 187 105 29 synpunkt
704 187 39 21 bör
757 186 108 25 erkännas,
880 188 32 18 att
926 192 25 13 en

202 221 111 29 obillighet
333 221 67 29 ligger
414 222 7 20 i
436 221 106 22 enskildes
557 221 194 29 skyldigkännande
767 223 32 18 att
813 223 50 18 utan
878 221 75 19 ersätt-

202 256 49 28 ning
274 255 88 28 fungera
384 263 44 13 som
451 256 158 28 uppbördsmän
629 256 40 20 och
692 254 208 22 skattekontrollörer
919 252 34 21 för

202 289 138 21 statsverkets
359 289 93 29 räkning.
482 290 48 20 Och
545 290 54 21 dock
614 292 23 18 är
651 290 42 21 den
708 288 95 25 kontroll,
818 296 44 13 som
878 286 76 22 härvid

202 323 41 21 kan
265 323 161 27 åstadkommas,
443 327 77 25 ytterst
534 324 118 27 bristfällig.
681 323 104 28 Omöjligt
800 324 23 19 är
837 325 32 18 att
884 321 69 21 öfver-

202 357 60 23 vaka,
271 360 32 18 att
317 358 67 26 vexel,
399 357 27 21 då
441 358 41 21 den
498 358 22 21 af
535 357 82 22 enskild
631 357 101 26 utfärdas,
747 357 66 21 förses
828 356 50 20 med
890 357 63 19 stäm-

202 391 35 28 pel
256 391 28 28 på
302 393 42 19 sätt
359 391 151 29 författningen
525 391 142 21 föreskrifver.
697 391 105 28 Vanligen
817 390 60 21 torde
892 389 62 21 vexel

202 425 100 28 stämplas
326 425 74 22 endast
418 425 28 21 då
466 426 39 21 den
520 426 7 21 i
543 426 39 21 och
601 425 34 21 för
655 425 144 28 diskontering
819 424 52 21 eller
884 422 70 22 inkas-

202 460 69 27 sering
284 459 34 21 till
332 459 172 29 bankinrättning
520 460 106 21 inlemnas.

271 493 66 21 Hvad
362 493 64 22 sedan
448 493 103 22 beträffar
569 494 40 21 den
624 493 65 21 andra
703 493 22 22 af
740 492 156 22 ofvannämnda
911 499 43 14 om-

203 527 148 28 ständigheter,
366 527 38 21 har
418 527 125 29 stadgandet
558 535 34 14 om
604 527 72 22 vexels
687 527 130 28 beläggande
829 526 49 21 med
891 528 63 19 stäm-

202 561 40 28 pel,
265 561 67 21 under
354 561 36 21 det
412 569 26 14 en
456 562 77 29 mängd
551 562 65 21 andra
631 562 22 21 af
667 561 220 22 affärstransaktioner
901 567 53 21 upp-

203 595 125 21 kommande
348 595 106 22 urkunder
474 598 35 19 äro
528 596 40 21 fria
583 596 46 21 frän
644 596 68 21 denna
727 595 63 26 skatt,
805 595 150 21 ästadkommit

203 629 131 28 benägenhet
354 633 31 18 att
403 630 118 28 öfvergifva
536 630 143 21 vexelformen
694 633 55 18 samt
763 633 32 17 att
809 630 7 20 i
831 629 48 20 dess
894 628 60 21 ställe

203 663 66 21 anlita
291 664 66 20 andra
378 663 78 22 former
473 664 68 21 säsom
557 664 100 23 fakturor,
671 664 117 27 räkningar,
803 663 88 26 kvitton,
906 662 48 21 full-

203 697 83 21 makter
300 705 26 13 m.
342 705 26 13 m.
391 698 33 21 En
439 698 58 28 dylik
512 699 88 20 tendens
615 700 24 19 är
654 699 17 27 ej
684 699 69 27 nyttig
763 697 34 21 för
807 697 147 28 utvecklingen

204 731 22 21 af
240 731 51 22 våra
306 732 217 22 affärsförhållanden.

271 765 153 22 Vexelskatten
448 767 38 20 har
507 767 66 21 under
595 769 31 18 ett
647 766 28 26 år,
695 766 47 21 från
757 766 40 21 den
813 767 11 20 1
840 765 44 22 Juli
900 766 53 21 1895

203 800 55 21 intill
281 807 79 14 samma
382 801 42 28 dag
445 801 23 21 är
489 802 61 25 1896,
565 801 83 28 inbragt
665 801 7 20 i
687 801 54 21 rund
762 808 81 13 summa
866 800 88 25 197,000

205 834 65 21 mark,
301 834 75 22 Under
390 835 147 22 kalenderåret
552 836 54 21 1896
622 843 61 20 synes
698 835 51 27 åter,
764 835 65 28 enligt
843 834 46 21 från
905 834 51 21 ban-

204 868 66 22 kerna
285 868 153 22 införskaffade
453 870 114 28 uppgifter,
575 871 7 19 i
590 869 147 29 stämpelskatt
750 869 34 21 för
796 869 73 21 vexlar
876 868 80 21 influtit

205 903 62 28 något
280 903 60 21 öfver
354 904 90 25 200,000
458 904 66 21 mark.
553 905 44 20 Det
611 906 24 19 är
649 904 83 21 alltså
716 899 3 37 '
723 899 15 37 i
747 903 63 22 rundt
824 903 30 21 tal
867 903 88 25 600,000

205 938 65 26 mark,
290 945 45 13 som
352 937 66 22 under
433 939 166 27 treårsperioden
616 939 139 20 1898—1900
770 945 49 14 vore
835 941 32 18 att
880 937 76 28 påräk-

205 979 37 14 nas
264 972 68 21 såsom
354 973 91 20 inkomst
462 972 22 21 af
499 973 155 20 ofvannämnda
668 972 63 21 skatt.
760 972 35 21 Då
809 971 61 21 häraf
882 971 74 21 endast

208 1013 25 13 en
255 1005 82 21 mindre
360 1005 33 22 del
414 1008 24 18 är
456 1006 64 29 nödig
537 1007 34 20 för
589 1006 93 28 fyllande
697 1006 22 21 af
735 1005 137 22 statsverkets
887 1005 70 25 behof,

204 1039 65 22 hafva
289 1039 118 22 Ständerna
427 1044 69 17 ansett
516 1048 26 13 en
557 1040 90 21 särskild
661 1041 58 20 skatt
733 1040 28 29 på
775 1040 72 22 vexlar
862 1039 34 22 för
911 1041 46 19 när-

207 1074 92 21 varande
321 1074 71 21 kunna
412 1075 103 20 undvaras
537 1075 39 21 och
594 1075 57 28 förty
671 1075 86 21 beslutit
772 1074 91 21 likställa
880 1074 78 26 vexlar,

205 1109 133 27 anvisningar
353 1108 39 21 och
408 1108 90 22 checker
512 1109 7 20 i
534 1109 99 21 afseende
649 1109 12 20 å
674 1109 108 28 kartering
796 1109 49 20 med
860 1107 97 22 förskrif-

204 1143 78 27 ningar.

273 1177 43 20 För
334 1177 207 28 sammanbringande
560 1177 22 21 af
597 1177 36 21 det
648 1177 83 21 felande
746 1177 100 29 beloppet
861 1177 97 28 erbjuder

206 1211 32 27 sig
258 1211 66 28 enligt
345 1211 128 22 Ständernas
494 1211 63 22 tanke
579 1219 26 14 en
620 1211 87 29 lämplig
721 1213 64 26 utväg
799 1213 8 19 i
821 1211 100 28 höjandet
936 1211 22 21 af

205 1245 40 20 den
263 1245 34 20 för
311 1245 130 20 närvarande
456 1246 34 19 för
504 1246 33 20 arf
552 1246 103 27 utgående
670 1246 62 20 skatt.

278 1278 180 28 Stämpelskatten
474 1279 33 20 för
523 1279 325 27 bouppteckningsinstrument,
865 1279 93 25 hvilken,

204 1311 70 21 tillika
294 1311 49 22 med
364 1312 173 28 stämpelskatten
555 1312 33 21 för
602 1315 146 23 testamenten,
763 1315 117 18 motsvarar
894 1312 64 21 andra

204 1345 83 22 länders
303 1345 107 28 arfsskatt,
420 1346 71 21 ställer
501 1347 32 28 sig
545 1347 7 20 i
562 1346 91 22 Finland
662 1347 93 28 ovanligt
765 1347 40 28 låg.
817 1346 80 22 Medan
905 1346 53 22 arfs-

206 1380 83 22 skatten
306 1381 8 20 i
333 1380 103 29 England,
455 1381 123 26 Frankrike,
600 1381 87 28 Belgien
712 1381 39 22 och
773 1381 94 22 Holland
880 1381 77 28 årligen

206 1415 106 28 inbringar
328 1417 54 19 4—5
396 1416 60 21 mark
468 1419 54 18 samt
533 1417 9 20 i
556 1415 109 22 Danmark
675 1415 86 30 belöper
771 1417 31 27 sig
812 1415 33 22 till
856 1417 18 20 1:
887 1417 27 20 25
925 1416 33 21 för
