1064 1709
310 132 84 24 Ständ.
410 132 39 24 Sv.
466 146 23 2 —
506 133 73 29 Prop.
595 134 42 22 N:o
653 133 38 22 22.
849 134 26 20 23

194 200 34 22 för
245 201 20 21 lo
280 202 40 21 och
335 202 74 28 lounge
424 202 102 28 tjugufem
536 202 69 26 mark;

195 235 34 20 för
247 236 42 27 järf
303 236 74 20 femtio
392 236 60 20 mark
467 236 40 21 och
521 236 34 20 för
569 244 54 20 unge
633 236 100 27 tjugufem
745 235 66 27 mark,
822 238 55 18 samt

194 268 34 21 för
243 270 33 19 räf
291 269 43 20 fem
349 270 59 19 mark
424 269 39 21 och
478 270 34 21 för
527 270 86 27 räfunge
623 269 38 21 tvä
674 270 65 20 mark.

193 302 109 22 Kommun
316 310 50 14 vare
381 303 85 28 skyldig
481 306 31 18 att
526 303 34 20 för
574 303 73 28 hvarje
662 303 56 21 inom
733 303 48 20 dess
791 302 85 21 omräde

125 336 72 21 dödad
219 338 44 25 örn,
281 336 82 29 berguf,
377 336 87 27 dufhök,
478 337 97 26 hafstrut,
590 337 53 28 korp
658 336 39 22 och
713 337 67 20 kräka
795 336 82 29 utgifva

125 370 100 29 belöning
239 371 33 21 till
287 371 93 28 följande
395 371 83 29 belopp,
493 372 115 27 nämligen:

193 405 36 21 för
250 407 38 19 örn
307 405 39 21 och
361 405 76 28 berguf
451 405 43 22 fem
509 405 59 22 mark
583 405 40 21 och
637 405 34 21 för
686 413 53 20 unge
754 405 37 21 tvä
805 404 70 27 mark;

193 439 34 21 för
241 439 82 21 dufhök
337 442 33 18 tre
385 439 60 21 mark
460 440 39 21 och
514 439 33 21 för
561 446 54 21 unge
631 446 25 14 en
671 439 69 26 mark;

193 473 34 21 för
241 473 92 21 hafstrut
350 473 37 21 tvä
404 473 60 22 mark
479 473 40 22 och
534 473 33 21 för
582 480 53 21 unge
650 473 73 21 femtio
738 473 69 28 penni,
822 476 55 17 samt

194 507 33 21 för
242 507 52 29 korp
307 507 39 21 och
358 506 67 23 kräka
436 507 79 22 femton
528 508 64 28 penni
603 507 40 22 och
655 507 34 20 för
700 514 54 21 unge
765 507 30 21 tio
807 508 69 27 penni.

470 565 26 21 26
513 565 16 27 8.

192 597 21 28 Ä
228 604 72 28 hvarje
315 604 99 21 kommun
429 604 109 21 ankomme
553 607 32 18 att
599 604 88 27 besluta,
698 603 103 22 huruvida
813 604 63 21 skall-

124 639 55 28 gäng
200 640 8 19 i
229 639 122 20 densamma
369 638 38 22 bör
422 639 113 26 anordnas;
550 638 39 21 och
605 646 37 21 ege
653 638 136 31 kommunen,
803 639 8 20 i
825 639 51 20 hän-

124 673 58 21 delse
197 673 24 20 sä
235 673 54 26 sker,
303 673 80 28 jämväl
397 673 122 26 bestämma,
531 673 59 22 hvad
605 674 5 19 i
627 672 99 22 afseende
741 672 12 21 ä
768 672 109 29 skallgäng

124 707 52 22 skall
199 707 105 28 iakttagas
325 707 40 21 och
385 707 22 21 af
421 707 64 22 hvem
500 707 85 22 kallelse
600 707 71 22 därtill
685 714 76 21 genom
775 706 101 23 budkafle

124 741 35 21 mä
180 741 101 21 utfärdas.
309 741 97 22 Beslutet
428 741 53 21 skall
501 741 139 22 underställas
663 742 140 27 guvernörens
825 741 51 28 god-

125 775 116 22 kännande.

468 805 25 20 27
511 804 16 27 &.

193 844 43 21 Om
251 844 64 21 straff
329 844 34 21 för
377 844 47 26 den,
439 851 43 14 som
497 844 99 29 olofligen
611 845 58 27 jagar
683 843 13 22 &
708 844 65 26 mark,
785 844 38 21 där
835 844 41 21 han

126 878 18 28 ej
160 878 38 21 har
212 878 93 27 jagträtt,
322 878 84 28 stadgas
422 878 7 21 i
445 877 134 30 Strafflagen.

471 936 26 21 28
513 936 17 27 8.

193 975 88 21 Drifver
302 975 67 28 nägon
391 975 51 21 eller
461 976 32 21 till
516 976 32 28 sig
570 975 71 22 lockar
662 976 79 27 nyttigt
761 975 54 22 vildt
829 975 47 21 frän

124 1017 78 14 annans
225 1010 65 25 mark,
313 1009 50 21 eller
386 1011 109 26 uppsätter
515 1010 77 21 bulvan
613 1011 96 20 närmare
730 1011 26 19 än
774 1009 29 28 pä
821 1009 54 21 före-

125 1043 89 22 skrifvet
235 1044 85 21 afständ
341 1043 47 21 frän
409 1051 78 14 annans
501 1044 29 27 rä,
545 1044 50 21 eller
610 1043 142 22 öfverskrider
767 1043 40 21 den
822 1044 53 27 jagt-

123 1080 49 24 rätt,
194 1077 76 22 honom
293 1078 66 28 enligt
379 1077 34 28 lag
435 1078 50 21 eller
507 1078 100 21 särskildt
628 1078 38 21 här
687 1078 63 21 ofvan
769 1077 107 22 omnämdt

124 1112 70 21 beslut
209 1112 50 21 eller
274 1112 53 21 aftal
342 1111 127 22 tillkommer
484 1113 12 20 &
511 1112 90 21 samfäld
616 1112 51 21 eller
681 1119 51 21 egen
748 1112 66 25 mark,
825 1119 50 14 vare

124 1147 35 27 lag
174 1154 44 13 som
233 1155 34 12 om
282 1146 73 28 oloflig
369 1146 45 28 jagt
429 1147 7 20 i
451 1146 130 29 Strafflagen
596 1149 23 18 är
634 1146 104 28 stadgadt.

471 1204 26 20 29
514 1203 17 28 8.

192 1243 55 26 Den,
267 1250 44 13 som
329 1245 50 18 utan
399 1242 31 21 lof
450 1243 7 20 i
471 1243 35 20 ide
521 1243 66 20 dödar
602 1243 50 21 eller
666 1251 25 12 ur
705 1243 34 20 ide
755 1242 120 29 afsiktligen

125 1277 159 28 uppskrämmer
302 1277 66 27 björn,
383 1285 44 13 som
442 1277 40 20 han
499 1280 35 18 vet
548 1277 65 21 hafva
627 1277 72 21 blifvit
714 1277 22 20 af
751 1284 68 13 annan
835 1277 40 20 rin-

123 1311 48 28 gad,
186 1311 50 21 böte
251 1311 62 27 högst
327 1310 118 22 tvähundra
458 1311 64 21 mark.

469 1356 27 20 30
512 1355 17 28 &.

192 1394 115 22 Användes
323 1394 36 22 vid
373 1394 98 28 djurfäng
485 1394 107 28 förbjudet
606 1395 61 27 giller
685 1395 50 20 eller
749 1394 66 22 hålles
830 1395 44 28 lag-

124 1430 39 28 ligt
177 1429 61 29 giller
252 1428 85 29 gillradt
353 1428 50 22 eller
417 1428 112 29 förgiftadt
543 1428 98 22 lockbete
656 1431 67 19 utsatt
737 1428 12 22 ä
764 1437 67 14 annan
849 1431 26 19 än
