1061 1709
432 110 40 22 N:o
489 110 32 22 17.
812 110 12 21 3

172 179 122 21 Införandet
315 179 24 21 af
355 179 121 27 progressiv
499 179 112 21 maltskatt
626 179 125 21 förutsätter
765 179 89 27 brygge-

104 214 81 20 riernas
208 213 154 27 klassificering
385 213 54 21 efter
461 214 100 26 beloppet
584 212 22 22 af
628 213 226 26 maltförbrukningen.

103 247 82 21 Härvid
207 248 40 20 har
270 249 46 19 med
339 247 101 21 afseende
455 247 12 21 å
482 247 162 27 bryggeriernas
661 248 5 20 i
682 247 73 21 landet
770 247 84 21 beskaf-

104 281 72 22 fenhet
191 282 39 21 och
246 281 160 22 förhållandena
421 282 6 20 i
444 281 63 26 öfrigt
519 281 94 27 följande
624 281 108 26 indelning
743 281 40 21 och
793 280 61 22 skala

104 315 33 22 för
152 316 149 21 maltskattens
317 316 128 26 erläggande
460 317 59 25 synts
534 315 96 27 lämplig:

173 350 10 21 I
205 350 122 27 bryggerier
349 350 47 21 med
420 349 53 28 årlig
496 349 192 28 maltförbrukning
704 349 32 22 till
752 350 38 21 och
806 350 48 21 med

104 385 78 25 50,000
197 384 111 27 kilogram.

173 419 22 20 II
217 419 122 26 bryggerier
362 418 47 21 med
432 418 54 27 årlig
509 418 191 27 maltförbrukning
722 418 23 21 af
766 425 44 14 mer
828 420 26 19 än

105 454 77 27 50,000
198 453 39 21 och
253 453 32 21 till
301 453 39 21 och
356 453 47 21 med
420 453 89 26 150,000
525 453 111 27 kilogram.

173 488 33 21 III
221 488 123 27 bryggerier
359 487 47 21 med
422 487 54 27 årlig
491 487 193 27 maltförbrukning
695 487 58 21 öfver
765 488 90 27 150,000

105 522 113 27 kilogram.

174 557 10 20 I
199 557 52 21 I:sta
267 557 111 26 kategorin
388 556 85 22 komme
485 557 84 21 skatten
580 559 32 19 att
623 556 51 27 utgå
684 556 33 21 till
728 562 81 15 samma
819 556 37 22 be-

106 592 56 27 lopp,
181 597 44 15 som
237 591 66 27 enligt
318 597 28 15 nu
354 591 100 27 gällande
467 591 164 27 bestämningar,
645 591 51 21 eller
704 591 47 21 med
760 597 25 15 en
795 591 61 21 mark

106 626 33 21 för
154 626 73 27 hvarje
240 627 29 20 tio
278 626 103 27 kilogram
391 626 58 26 malt,
466 626 6 20 i
488 626 67 21 II:dra
570 626 110 26 kategorin
697 625 117 22 tillkomme
830 631 26 16 en

106 659 167 28 tillskottsafgift
288 659 23 22 af
324 660 30 21 tio
370 660 63 27 penni
449 659 33 22 för
497 660 72 27 hvarje
585 660 30 21 tio
626 660 105 26 kilogram
742 660 58 26 malt,
811 666 45 15 som

106 695 85 21 utöfver
206 695 77 26 50,000
299 695 38 20 och
352 695 33 21 till
401 694 39 21 och
456 695 48 20 med
529 695 89 25 150,000
640 694 104 27 kilogram
760 700 33 15 om
810 693 47 22 året

107 729 35 21 vid
157 729 163 27 tillverkningen
336 729 106 20 användes
458 731 56 19 samt
529 729 6 20 i
551 728 75 27 III:dje
636 728 117 27 kategorin,
764 728 92 21 förutom

107 769 82 16 samma
204 763 93 21 tillskott
312 769 45 15 som
373 763 6 20 i
394 763 69 21 II:dra
485 763 111 26 kategorin
620 762 33 21 för
668 762 188 21 maltförbruknin-

107 805 40 20 gen
164 798 89 21 emellan
269 798 198 27 50,000—150,000
487 797 111 27 kilogram,
614 803 26 14 en
655 796 165 27 tillskottsafgift
836 797 23 20 af

107 832 103 28 tjugufem
226 832 63 27 penni
304 831 33 22 för
352 832 74 27 hvarje
440 831 31 21 tio
487 831 104 28 kilogram
607 831 59 27 malt,
678 837 44 15 som
734 831 66 21 under
811 831 46 21 äret

107 867 114 22 förbrukas
237 867 84 21 utöfver
339 867 89 26 150,000
442 867 110 26 kilogram.

176 902 60 21 Huru
251 901 180 22 klassifikationen
451 901 23 21 af
488 901 172 27 ölbryggerierna
676 900 53 22 efter
745 900 61 21 ofvan
821 907 37 14 an-

108 937 58 26 gifna
181 936 68 27 grund
264 935 120 28 gestaltade
407 936 38 26 sig,
462 935 41 22 och
518 935 80 22 hvilket
614 935 115 26 inflytande
745 935 41 20 den
802 934 56 21 före-

108 971 74 26 slagna
204 970 133 27 progressiva
360 970 75 21 skalan
456 970 33 21 för
504 969 196 27 maltbevillningen
715 969 100 21 utöfvade
831 969 27 26 pä

108 1005 97 21 skattens
221 1004 139 27 totalbelopp,
376 1003 93 28 framgär
485 1004 22 21 af
515 1003 157 22 nedanstäende
683 1003 48 22 med
739 1003 86 26 ledning
836 1002 24 21 af

108 1039 172 27 räkenskaperna
303 1039 59 21 öfver
387 1038 165 27 ifrågavarande
577 1037 117 27 bevillning
715 1037 69 21 under
807 1038 50 20 åren

110 1074 60 24 1893,
188 1074 53 21 1894
257 1073 39 22 och
313 1074 53 21 1895
382 1073 117 27 uppgjorda
514 1073 76 21 tabell:
