1056 1717
322 112 29 24 U.
366 113 28 23 B.
410 126 27 3 —
452 114 73 29 Prop.
541 115 42 23 N:o
598 116 37 22 13.

368 419 225 28 Reservationer.

472 497 17 22 1.

172 559 123 28 Utgäende
316 559 53 22 frän
390 560 46 21 den
453 560 154 29 uppfattning
625 562 36 20 att
677 559 181 28 lagstiftningen

104 592 82 23 endast
203 593 9 22 i
230 593 39 22 det
286 594 42 21 fall
346 594 42 22 bör
404 595 93 29 ingripa
512 595 139 22 hämmande
666 594 5 21 i
687 593 46 22 den
745 593 112 29 enskilde,

103 627 75 30 enligt
195 628 41 29 lag
253 628 101 29 tidigare
372 629 175 22 tillkommande
565 631 48 20 rätt
630 629 38 22 till
685 628 127 22 utöfvande
835 629 24 21 af

102 663 90 28 näring,
221 665 35 20 att
285 663 113 22 särskilda
424 664 128 29 tvingande
579 663 197 28 omständigheter
799 667 56 25 göra

103 697 72 22 sädan
192 697 172 30 inskränkning
382 698 191 29 oundgängligen
590 698 79 29 nödig,
688 697 42 22 har
747 698 40 29 jag
803 698 51 21 icke

102 732 92 21 kunnat
211 732 81 22 förena
313 733 49 28 mig
380 741 36 14 om
434 733 133 22 Utskottets
586 732 155 23 betänkande.
776 732 79 29 Nägot

103 766 102 29 verkligt
231 766 70 23 behof
322 767 24 22 af
364 775 28 14 en
410 767 246 30 lagstiftningsätgärd
673 768 8 21 i
700 766 39 22 det
756 767 36 22 uti
810 767 46 22 den

102 801 88 29 nädiga
207 802 175 29 propositionen
399 803 96 22 afsedda
512 803 71 29 syftet
600 802 125 23 förefinnes
737 802 118 29 nämligen

102 836 75 29 enligt
194 836 48 21 min
260 837 71 22 tanke
348 837 58 22 icke.
442 837 42 22 Om
501 837 86 30 klagan
605 839 78 27 nägon
695 837 62 28 gäng
769 837 9 21 i
790 836 66 22 tiden

102 871 53 22 frän
177 871 57 22 vära
260 873 73 20 större
357 871 78 22 städer
456 872 112 29 försports
589 872 112 27 deröfver,
723 873 36 20 att
776 871 79 28 yrkes-

102 905 100 29 mässiga
224 907 138 27 pantlänare
380 907 119 28 begagnat
517 907 36 29 sig
571 907 23 22 af
611 907 51 21 sina
679 905 102 23 kunders
798 905 57 22 nöd-

102 940 76 22 stälda
195 940 140 29 belägenhet
352 941 36 22 för
405 943 36 20 att
459 941 102 30 afpressa
579 941 52 22 dem
649 949 28 14 en
696 940 101 29 oskäligt
809 940 47 29 hög

102 975 222 28 räntegodtgörelse,
343 976 25 21 sä
385 975 42 22 har
446 975 76 22 denna
540 976 87 29 klagan
639 983 95 14 numera
746 975 109 28 upphört,

103 1009 71 22 sedan
184 1009 8 21 i
204 1009 152 29 Helsingfors,
366 1005 52 26 Äbo
429 1009 44 22 och
485 1011 89 28 Viborg
585 1010 271 29 pantläneinrättningar

102 1044 113 28 uppstätt,
241 1044 81 22 hvilka
347 1052 84 20 genom
453 1045 89 22 ordnad
559 1044 148 23 verksamhet
725 1044 43 22 och
787 1044 69 21 facila

101 1077 132 23 länevilkor
258 1079 64 28 gjort
345 1078 39 22 det
408 1079 107 29 omöjligt
535 1079 36 22 för
592 1079 106 22 enskilda
719 1078 137 29 pantlänare

102 1115 36 19 att
164 1113 144 22 konkurrera
327 1113 56 21 eller
400 1115 35 20 att
453 1113 76 22 drifva
547 1113 102 22 rörelsen
667 1113 8 22 i
693 1115 72 20 större
784 1113 71 21 skala.

102 1147 81 22 Under
206 1147 112 22 bildande
345 1151 26 18 är
396 1148 69 22 äfven
494 1156 28 14 en
549 1148 86 22 allmän
662 1147 194 30 pantläneinrätt-

102 1182 58 27 ning
178 1182 8 21 i
204 1181 158 22 Tammerfors.
396 1181 11 22 I
425 1182 92 22 landets
535 1183 74 28 öfriga
627 1182 78 22 städer
723 1183 49 21 åter
790 1181 65 22 torde

102 1216 111 22 behofvet
237 1216 23 22 af
282 1216 225 29 pantlåneanstalter
529 1217 52 22 icke
608 1216 70 23 hafva
705 1217 63 28 gjort
791 1216 36 28 sig
847 1216 9 21 i

104 1252 72 20 större
205 1251 54 21 mån
286 1250 124 28 kännbart,
436 1259 53 14 men
511 1255 25 18 är
553 1252 40 28 jag
606 1250 139 29 öfvertygad
770 1250 85 27 derom,

102 1286 36 20 att
165 1284 40 22 det
232 1284 106 22 enskilda
355 1284 129 22 initiativet
503 1285 9 21 i
535 1285 67 21 dessa
619 1285 78 21 städer
722 1292 47 20 nog
795 1284 61 22 skall

102 1319 61 21 vaka
195 1318 111 28 deröfver,
330 1320 35 20 att
396 1318 81 30 dylika
507 1319 157 29 inrättningar
694 1319 92 21 komma
818 1318 38 22 till

103 1352 75 27 stånd,
200 1360 38 14 om
263 1352 88 22 sådana
378 1353 23 21 af
426 1352 177 22 förhällandena
629 1352 112 28 påkallas.
772 1364 26 2 —
821 1352 34 20 På

102 1386 162 28 landsbygden
297 1386 49 21 åter
377 1386 66 22 torde
474 1386 197 28 pantlånerörelse
697 1386 75 21 såsom
797 1386 58 28 yrke

103 1420 83 22 endast
215 1420 167 30 undantagsvis
409 1420 124 22 bedrifvas.
576 1420 46 22 Väl
647 1420 42 22 har
714 1420 41 29 jag
781 1421 74 21 såsom

175 1466 46 20 Lag-
234 1464 30 17 och
277 1464 182 18 Ekonomiutskottets
471 1464 110 18 betänkande
593 1465 36 16 N:o
641 1464 19 17 2.
