1700 1875
441 564 14 26 8
472 564 32 21 17.

524 205 24 20 16
737 204 28 22 U.
781 205 27 22 B.
824 218 26 3 —
868 205 73 29 Prop.
957 205 45 23 N:o
1017 206 36 22 19.

520 276 51 21 vida
591 276 40 21 och
656 276 35 22 till
716 276 86 22 hvilket
825 278 78 26 belopp
927 277 78 22 sädant
1021 278 97 22 tillskott
1133 279 40 21 bör
1188 278 80 29 gifvas,

521 311 40 21 har
577 311 116 22 Utskottet
709 313 73 20 ansett
798 313 53 20 böra
866 313 122 21 tillkomma
1003 313 138 28 kommunen,
1157 320 49 15 men
1220 314 48 22 ifall

520 347 71 27 någon
615 347 24 21 af
663 347 261 27 förmyndarenämndens
952 349 140 22 medlemmar
1119 350 55 21 eller
1197 356 71 15 annan

520 383 108 27 sakegare
643 383 50 22 icke
709 383 100 28 ätnöjdes
825 384 49 21 med
890 384 141 22 kommunens
1047 385 80 28 beslut,
1143 386 69 21 borde
1226 387 43 20 han

519 418 23 22 fä
563 419 52 21 söka
637 419 95 27 ändring
753 419 45 22 deri
815 420 39 21 hos
877 419 318 28 förmynderskapsdomstolen
1211 422 57 21 inom

520 455 42 21 den
581 455 38 27 tid,
642 461 45 16 som
703 455 35 22 för
754 455 97 22 sökande
874 455 25 22 af
920 456 94 28 ändring
1036 457 6 21 i
1066 457 76 27 dylika
1165 457 73 22 beslut
1260 458 8 21 i

520 491 119 22 allmänhet
655 493 25 20 är
695 491 156 23 föreskrifven.
882 492 124 28 Stadgandc
1017 493 76 22 härom
1104 493 40 22 har
1154 493 115 23 Utskottet

519 527 69 22 infört
604 534 45 15 som
665 530 33 19 ett
713 527 70 22 skildt
798 530 95 20 moment
908 529 7 21 i
934 530 26 20 14
976 528 19 29 $.

593 564 120 27 Angående
732 566 25 19 17
775 564 11 29 $
802 565 41 21 har
858 565 57 21 inom
931 565 116 22 Utskottet
1063 566 113 21 anmärkts
1188 569 32 19 att
1231 567 37 22 det

521 600 46 21 deri
589 599 109 28 ingäende
714 600 133 27 stadgandet
861 601 50 21 icke
927 601 94 22 allenast
1037 608 52 15 vore
1105 604 52 19 utan
1174 604 93 21 motsva-

519 636 74 27 righet
608 636 7 20 i
631 635 44 21 alla
691 635 102 22 moderna
809 636 166 28 lagstiftningar
992 640 52 18 utan
1058 638 65 22 äfven
1133 637 135 29 fullkomligt

520 671 127 28 obehöfligt,
665 672 39 21 och
720 678 45 15 som
782 672 61 22 detta
859 672 120 27 stadgande
995 673 110 21 dessutom
1121 673 74 22 kunde
1206 674 61 22 miss-

520 708 81 21 brukas
625 707 25 22 af
672 714 111 22 personer,
808 708 76 23 hvilka
907 708 56 22 hade
986 709 96 22 intresse
1098 709 65 22 deraf
1176 712 33 19 att
1225 710 42 22 den

520 744 115 28 omyndige
657 744 24 22 sä
702 746 49 20 sent
773 750 46 16 som
834 745 85 27 möjligt
935 744 114 23 tillträdde
1065 745 164 27 förvaltningen
1246 746 24 22 af

520 781 34 21 sin
578 781 111 27 egendom,
713 781 40 21 har
777 781 57 21 inom
857 781 112 22 Utskottet
985 782 85 27 yrkats,
1087 784 32 19 att
1136 782 132 28 paragrafen

519 817 68 22 borde
610 817 53 27 utgä
686 817 54 21 eller
764 817 132 22 ätminstone
919 818 135 26 rättigheten
1078 820 33 19 att
1129 818 89 22 anhälla
1234 825 34 15 om

520 854 141 27 förlängning
684 852 25 22 af
729 854 278 27 omyndighetstillständet
1022 854 134 22 inskränkas
1174 854 35 22 till
1225 855 41 22 den

520 890 127 27 omyndiges
671 889 114 22 föräldrar.
817 890 115 22 Utskottet
953 890 39 21 har
1008 890 55 22 dock
1079 890 49 22 icke
1144 891 60 21 velat
1220 893 46 19 ute-

520 926 58 21 sluta
601 925 137 28 paragrafen,
762 926 67 21 hvars
851 926 97 21 innehäll
969 926 83 27 jemväl
1071 926 196 22 öfverenstämmer

520 961 49 22 med
586 961 59 22 hvad
662 961 7 21 i
685 961 41 21 den
743 961 71 22 finska
830 963 74 20 rätten
915 961 65 27 länge
991 961 58 22 varit
1059 962 108 27 gällande.
1193 961 76 22 Redan

520 997 262 28 förmyndareordningen
805 997 25 22 af
853 999 62 24 1669,
939 997 91 22 hvilken
1047 998 72 21 säsom
1134 998 8 21 i
1158 998 37 21 det
1210 997 57 22 före-

520 1033 84 28 gäende
628 1033 84 22 anförts
733 1035 58 20 ännu
812 1033 96 22 bibehöll
929 1035 26 19 15
976 1033 37 22 ärs
1034 1033 63 22 älder
1113 1034 71 21 säsom
1200 1036 67 25 gräns

520 1070 34 21 för
578 1069 284 28 omyndighetstillständet,
887 1069 105 28 stadgade
1015 1071 33 20 att
1074 1070 42 21 den
1140 1070 127 27 omyndiges

519 1106 111 22 föräldrar
646 1106 56 21 hade
717 1107 47 20 rätt
780 1108 33 19 att
829 1106 114 27 gvarhälla
959 1105 42 22 den
1017 1106 116 27 omyndige
1143 1106 69 22 under
1223 1105 44 23 för-

519 1143 148 27 mynderskap
692 1142 66 22 äfven
782 1142 57 21 efter
860 1142 116 27 uppnädda
999 1144 24 19 15
1045 1143 32 27 är,
1094 1149 34 15 om
1144 1142 27 22 de
1186 1143 82 27 ansägo

520 1179 37 21 det
581 1178 24 21 af
625 1178 104 21 behofvet
753 1179 119 26 päkalladt.
903 1177 65 22 Efter
991 1178 37 21 det
1049 1179 219 26 myndighetsäldern

520 1214 125 22 sedermera
667 1213 74 22 blifvit
764 1213 103 22 faststäld
891 1214 35 21 till
950 1215 27 20 21
997 1214 31 27 är,
1045 1214 99 27 medgafs
1160 1214 7 21 i
1184 1213 83 22 förord-

520 1250 80 27 ningen
628 1250 42 22 den
694 1251 13 20 7
725 1250 48 27 juni
800 1252 54 20 1749
879 1252 33 19 att
935 1250 170 27 omyndigheten
1127 1250 74 22 kunde
1224 1249 44 23 för-

519 1287 78 26 längas
621 1285 87 23 utöfver
729 1286 42 21 den
793 1286 8 21 i
825 1286 65 27 lagen
913 1286 8 20 i
944 1286 119 21 allmänhet
1088 1288 83 19 utsatta
1186 1286 32 21 tid
1234 1286 35 21 för

520 1321 229 27 myndighetsälderns
779 1322 94 26 inträde,
898 1321 92 21 såframt
1013 1320 116 28 föräldrar,
1157 1323 111 20 närmaste

520 1356 105 26 anhörige
642 1356 55 21 eller
713 1356 140 26 förmyndare
871 1356 56 21 eller
942 1356 96 21 kronans
1055 1356 142 21 ombudsmän
1213 1357 56 21 eller

519 1392 91 21 fiskaler
626 1392 78 21 sådant
719 1392 85 26 yrkade
821 1392 38 21 och
877 1409 4 10 ,
883 1392 69 27 desto
968 1392 110 27 vigtigare
1095 1392 49 21 skäl
1160 1392 48 22 icke
1220 1392 48 22 der-

518 1430 59 20 emot
593 1428 58 22 äro".
669 1428 78 22 Denna
761 1428 130 28 förordning
907 1430 24 20 är
948 1430 57 20 ännu
1021 1428 110 28 gällande,
1148 1429 39 21 och
1200 1429 69 21 ehuru

519 1464 162 23 ofvannämnda
704 1464 121 28 stadgande
853 1465 71 21 sällan
947 1464 91 22 kommit
1061 1465 35 21 till
1120 1465 147 28 användning,

520 1501 40 21 har
585 1501 38 21 det
645 1500 123 28 veterligen
789 1501 49 21 icke
853 1501 72 21 heller
941 1501 46 21 ledt
1003 1501 34 21 till
1053 1502 117 22 missbruk.
1202 1502 44 22 Det
1261 1502 8 21 i

591 1549 135 23 Lagutskottets
740 1549 115 18 betänkande
868 1550 37 17 N:o
917 1550 16 17 4.
