1042 1709
421 104 44 21 N:o
481 106 33 19 22.
804 107 12 19 3

88 170 37 29 sig
140 170 9 21 i
164 170 158 22 öfvermåttan
345 171 46 29 hög
413 172 65 28 grad,
501 172 42 21 har
565 172 36 22 uti
618 172 113 29 förslaget
746 172 99 28 intagits

89 204 162 22 bestämmelse
274 205 85 28 derom,
384 207 35 20 att
438 206 54 28 jagt
506 206 13 21 å
535 206 87 28 elgtjur
640 206 54 28 kan,
709 206 9 22 i
733 206 112 22 händelse

88 238 79 28 Nådig
182 239 140 27 förordning
337 240 79 20 derom
430 240 84 21 varder
528 240 8 21 i
552 240 173 22 administrativ
741 241 104 27 lagstift-

88 272 118 29 ningsväg
220 273 118 28 utfärdad,
356 273 87 22 tillåtas
459 274 73 21 under
547 274 29 21 de
591 274 50 21 åtta
656 275 75 20 första
742 274 103 28 dagarne

90 306 26 22 af
138 306 136 28 September
296 308 109 20 månad
392 302 15 38 i
427 308 94 27 trakter,
545 308 40 21 der
601 308 38 28 elg
653 308 112 21 talrikare
784 309 61 20 före-

88 340 110 22 kommer.
223 341 90 21 Genom
327 341 93 29 Nådiga
436 342 169 29 förordningar,
616 342 125 21 utfärdade
754 342 9 21 i
773 342 72 29 sagda

89 374 107 29 ordning,
220 375 66 21 skola
308 375 246 29 fridlysningstiderna
569 376 38 21 för
625 376 114 22 särskilda
755 376 50 29 slag
821 376 27 22 af

88 409 116 22 villebråd
226 410 131 28 framdeles,
380 410 30 28 på
433 412 47 20 sätt
499 410 87 28 jemväl
600 410 9 22 i
624 418 32 14 nu
678 410 109 29 gällande
805 410 40 28 lag

89 444 101 28 stadgas,
220 444 131 21 utsträckas
380 444 56 22 eller
465 444 117 22 förkortas
615 445 59 21 efter
703 444 142 30 omständig-

88 478 104 21 heterna.

158 513 37 21 Då
218 515 34 19 ett
274 513 152 28 fullständigt
448 514 85 21 förbud
555 516 50 20 mot
624 513 99 29 forsling
740 514 44 21 och
798 514 47 21 för-

90 546 103 30 säljning
216 547 27 21 af
263 547 97 29 fridlyst
382 547 60 22 vildt
465 548 60 21 efter
547 548 45 21 den
607 548 94 21 tillåtna
714 548 131 28 jagttidens

89 582 92 28 utgång
204 582 75 20 skulle
302 581 87 29 sakligt
404 582 112 22 innebära
531 590 29 13 en
575 582 152 29 förlängning
743 582 27 21 af
783 582 61 21 fred-

89 616 95 28 ningen,
207 616 97 22 hvilken
326 616 84 22 utfölle
429 617 63 21 olika
507 617 42 21 allt
564 617 61 21 efter
640 617 45 21 den
701 619 73 19 större
789 617 56 21 eller

90 650 90 21 mindre
198 650 138 29 utveckling
350 650 258 22 kommunikationerna
625 652 53 20 nått
695 651 9 21 i
721 651 29 21 de
768 650 77 22 skilda

90 684 97 21 delarna
202 684 27 22 af
241 684 87 28 landet,
344 684 42 22 har
402 685 39 21 det
456 685 121 22 befunnits
592 685 122 29 påkalladt
730 685 53 21 att
773 680 13 39 i
796 685 50 29 lag-

91 718 142 30 stiftningen
249 719 118 22 bibehålla
382 720 61 21 efter
458 720 184 29 fridlysningens
657 720 90 29 ingång
758 728 29 13 en
797 720 48 22 viss

90 753 115 29 respittid,
228 754 123 21 hvarinom
374 754 104 29 lagligen
500 754 61 22 fäldt
582 754 61 22 vildt
665 754 38 22 fär
724 754 120 29 föryttras.

90 788 67 20 Dock
168 795 68 21 synes
248 788 44 21 den
302 788 9 21 i
322 788 83 22 sädant
416 789 109 21 afseende
535 789 38 21 för
582 789 146 21 närvarande
736 788 109 29 gällande

90 821 228 30 tidsbestämningen
341 823 27 21 af
388 823 89 29 fjorton
500 824 77 28 dagar,
593 823 54 21 med
663 823 109 21 afseende
788 823 13 21 &
816 822 29 22 de

90 864 98 14 numera
209 857 9 21 i
241 857 127 22 allmänhet
383 857 145 23 förbättrade
543 857 303 23 kommunikationsförhäl-

91 891 101 21 landena
206 892 8 20 i
229 892 87 28 landet,
332 894 58 19 utan
405 892 124 28 olägenhet
544 892 79 22 kunna
633 892 53 21 med
697 892 92 21 hälften
799 892 47 21 för-

91 926 85 20 kortas.

160 960 78 21 Bland
259 960 94 22 tillätna
374 960 129 30 jagtmedel
524 961 72 21 hafva
618 961 160 29 fängstsätten
793 960 53 21 med

92 1000 81 14 snaror
195 994 44 21 och
262 994 73 22 andra
353 995 69 29 giller
437 998 87 18 ansetts
540 995 57 21 böra
612 995 96 21 alldeles
723 994 123 29 förbjudas

91 1028 8 20 i
122 1028 77 28 öfriga
222 1028 64 22 delar
310 1029 26 21 af
356 1029 86 27 landet,
465 1030 102 21 förutom
585 1028 131 29 Uleäborgs
731 1029 41 21 län
786 1031 61 19 samt

92 1062 62 22 vissa
176 1062 98 29 angifna
297 1063 64 21 delar
384 1063 26 21 af
428 1064 92 28 Kuopio
544 1063 43 21 och
609 1063 111 27 Wiborgs
743 1063 46 27 län,
806 1062 41 22 der

91 1095 181 29 ifrägavarande
295 1097 81 28 fängst
394 1097 118 22 bedrifves
527 1098 76 21 säsom
617 1097 85 28 näring
717 1099 61 19 samt
793 1096 53 22 med

92 1130 92 28 hänsyn
207 1131 78 21 dertill
307 1131 121 22 befunnits
450 1131 58 22 böra
529 1131 74 22 under
624 1132 63 21 vissa
702 1130 145 29 begränsade

92 1166 61 21 tider
168 1166 95 28 tillätas,
280 1166 60 21 dock
355 1166 53 21 med
423 1166 173 22 vederbörande
606 1166 137 21 kommuner
753 1165 93 21 lemnad

92 1201 48 19 rätt
163 1202 35 18 att
220 1199 63 21 inom
303 1200 41 21 sitt
363 1200 93 21 område
471 1200 49 21 helt
535 1200 43 21 och
593 1200 73 21 hållet
681 1199 110 29 förbjuda
807 1206 39 14 an-

92 1233 152 28 vändnirgen
260 1234 26 21 af
298 1234 74 28 giller.

162 1268 12 21 I
197 1268 62 28 syfte
274 1270 36 19 att
324 1268 110 22 befordra
448 1268 133 29 rofdjurens
596 1268 131 28 utrotande,
743 1268 44 20 har
802 1267 45 21 den

92 1302 9 21 i
116 1302 110 28 gällande
238 1302 94 29 jagtlag
348 1303 24 21 ät
382 1303 167 21 kommunerna
558 1302 107 28 inrymda
676 1302 171 28 bestämnings-

93 1339 48 18 rätt
162 1337 9 19 i
193 1337 69 27 fräga
284 1344 38 12 om
336 1337 275 27 rofdjurspremieringen
626 1337 118 26 frängätts
759 1336 88 20 beträf-

94 1370 71 21 fande
180 1370 74 29 björn,
270 1378 64 20 varg,
351 1371 23 21 lo
390 1370 44 22 och
447 1370 54 28 järf,
517 1370 92 22 hvilkas
623 1370 142 28 premiering
780 1372 67 25 synts

94 1405 56 22 böra
165 1408 68 25 göras
249 1405 37 22 för
301 1405 168 22 kommunerna
484 1404 154 30 obligatorisk
648 1404 52 22 med
710 1404 136 28 likformiga
