1042 1711
423 102 39 22 N:o
478 103 33 20 22.
788 103 24 20 17

439 171 26 21 37
483 171 18 25 8.

160 210 60 27 Katt,
237 216 45 15 som
297 209 104 23 anträffas
415 211 8 20 i
437 211 54 27 hage
502 211 50 21 eller
562 211 59 27 skog,
633 212 35 21 må
675 211 83 22 saklöst
769 211 73 22 dödas.

160 245 118 26 Jordegare
293 245 39 20 och
344 245 242 27 jagträttsinnehafvare
601 252 39 20 ege
650 245 61 22 äfven
722 246 56 21 döda
788 245 54 26 katt,

91 285 46 15 som
153 278 102 22 anträffas
270 279 7 20 i
292 279 53 21 hans
361 279 55 27 park
432 279 50 21 eller
497 279 102 27 trädgård
615 279 51 21 eller
680 280 39 20 ock
733 281 37 19 ute
782 279 12 20 å
804 279 40 21 fält

91 313 29 27 på
135 312 54 22 hans
205 318 50 21 egor
271 312 51 22 eller
334 312 110 28 jagtmark
459 314 28 26 på
502 314 64 20 minst
582 313 122 21 tvåhundra
719 315 79 19 meters
814 312 30 22 af-

92 347 65 21 stånd
171 346 47 22 från
233 347 151 22 bostadstomt.

441 400 27 19 38
483 399 18 27 g.

160 437 29 22 Af
205 437 47 28 den,
271 444 45 16 som
333 439 12 20 å
360 439 39 21 bar
418 440 89 27 gerning
521 439 101 22 beträdes
636 439 48 22 med
700 439 78 28 olaglig
790 439 53 28 jagt,

92 473 34 21 må
142 473 70 21 såsom
231 473 120 22 vedermäle
369 475 62 26 tagas
450 474 70 27 bössa,
534 475 84 27 jagttyg
634 474 39 21 och
688 474 94 26 hundar;
806 474 38 21 och

91 507 23 22 få
128 507 63 22 dessa
205 507 96 22 behållas
319 507 55 22 intill
390 509 48 21 dess
453 509 100 22 säkerhet
568 509 32 21 för
615 508 117 27 gäldandet
747 508 23 21 af
782 509 63 21 böter

93 542 38 21 och
147 542 131 21 skadestånd
293 541 68 23 blifvit
377 543 62 21 stäld.

439 606 26 21 39
481 606 18 27 8.

160 646 117 27 Förbryter
292 646 32 28 sig
338 646 54 22 barn
408 646 69 22 under
491 646 81 22 femton
588 648 24 20 år
627 648 45 20 mot
687 647 55 21 hvad
757 647 6 20 i
775 647 71 21 denna

92 680 126 27 förordning
233 680 88 28 stadgas
337 680 39 22 och
390 680 41 22 har
446 681 102 21 målsman
565 681 51 21 eller
631 680 111 22 husbonde
758 680 86 27 afvetat,

92 721 49 15 men
156 714 46 22 icke
221 714 123 28 allvarligen
363 715 48 21 sökt
430 714 71 28 afböja
519 715 78 22 sådant
616 716 90 26 okynne,
722 721 62 15 svare
800 715 48 27 sjelf

92 748 34 23 för
140 749 83 22 brottet
238 749 39 22 och
291 749 116 27 gäldandet
423 750 22 21 af
459 750 160 22 skadeståndet:

438 814 27 21 40
481 814 19 26 8,

161 853 42 21 För
226 854 73 26 skogs-
320 853 51 22 eller
391 854 129 26 jagtvården
536 855 12 20 å
562 854 95 21 kronans
680 854 61 21 mark
760 854 86 21 anstäld

93 888 136 27 tjensteman,
244 887 84 28 betjent
347 887 38 22 och
404 888 105 21 edsvuren
528 889 122 27 skogsvakt,
666 889 25 20 så
709 889 39 21 ock
763 888 83 22 enskild

90 922 145 28 jagtvårdare,
255 929 45 15 som
323 922 65 28 aflagt
411 923 31 26 ed,
459 929 37 21 ege
511 923 6 21 i
532 923 48 26 mål,
597 929 45 15 som
661 923 56 26 angå
734 923 112 27 förbrytel-

93 963 35 15 ser
143 959 44 19 mot
203 957 70 21 denna
287 956 126 27 förordning
429 957 38 21 och
483 957 23 21 af
518 957 78 22 honom
607 957 101 27 angifves,
720 957 48 27 sjelf
776 957 70 22 vittna

93 992 29 27 på
137 993 45 19 sätt
197 991 78 22 sådant
291 997 76 21 genom
385 992 22 20 11
426 991 11 27 $
456 993 24 20 17
496 991 48 27 kap.
561 991 23 22 R.
601 991 24 21 B.
643 993 24 19 är
682 991 164 28 kronobetjente

93 1026 86 22 tillåtet.

440 1055 25 21 41
483 1056 18 27 8.

162 1095 90 27 Ordnad
272 1095 100 28 jagtvård
395 1095 34 22 må
447 1096 18 27 ej
482 1101 61 16 anses
566 1094 77 28 införd,
660 1095 38 22 der
712 1095 46 22 icke
771 1096 75 27 jagten

94 1131 25 21 så
140 1129 131 22 handhafves
294 1131 56 20 samt
373 1129 40 21 den
436 1130 83 27 nyttiga
541 1129 115 22 vildnaden
676 1130 24 21 så
718 1129 71 22 fredas
808 1130 39 20 och

94 1164 100 27 skyddas,
213 1165 33 20 att
268 1163 231 23 villebrådsstammens
522 1163 135 23 fortbestånd
676 1164 12 21 å
700 1163 146 28 jagtområdet

94 1198 145 22 säkerställes.
269 1194 30 26 Är
318 1198 137 28 jagtmarken
474 1204 59 16 mera
551 1198 128 28 betydande,
695 1198 55 22 skall
764 1198 34 21 för
813 1198 34 21 så-

96 1233 53 21 dant
164 1232 99 22 ändamål
278 1238 52 16 vara
345 1232 86 22 anstäld
447 1232 105 22 edsvuren
564 1232 145 28 jagtvårdare.

441 1284 27 21 42
484 1284 19 28 8.

164 1325 76 21 Denna
255 1324 125 26 förordning
395 1324 75 21 länder
485 1324 32 22 till
532 1324 144 21 efterrättelse
691 1324 48 22 från
750 1324 40 21 och
800 1324 48 21 med

96 1359 41 21 den
400 1375 5 9 ,
422 1358 27 21 då
464 1358 39 21 allt
517 1358 56 21 hvad
588 1358 59 21 förut
661 1357 69 23 finnes
746 1358 102 26 stadgadt

95 1393 94 22 rörande
203 1393 164 29 ifrågavarande
382 1394 76 20 ämnen
474 1392 85 28 upphör
574 1394 33 20 att
622 1392 62 28 gälla.

779 1434 11 15 2
