1061 1703
333 119 29 22 U.
378 119 26 22 B.
421 131 29 4 —
464 119 73 29 Prop.
553 119 43 23 N:o
611 119 38 23 16.
860 125 9 21 5

119 181 142 22 betraktande
283 185 63 25 tages
368 185 32 18 att
422 182 28 21 de
472 182 130 27 belöningar,
625 189 47 14 som
696 182 31 21 för
743 183 70 20 visadt
828 182 44 21 sär-

121 215 64 21 skildt
207 218 31 18 nit
259 216 136 21 tillerkännas
418 216 100 27 åklagare
538 218 7 19 i
571 216 146 25 bränvinsmäl,
739 216 86 21 komma
841 219 32 18 att

121 250 66 26 något
207 251 22 19 är
247 254 51 22 taga
313 252 7 19 i
335 250 93 27 anspråk
442 250 68 27 högre
525 250 80 27 belopp
621 250 27 20 än
663 250 65 20 under
744 250 27 20 de
786 253 86 17 senaste

121 284 56 23 åren,
197 290 61 14 anser
281 285 33 25 sig
337 284 114 20 Utskottet
470 284 69 20 kunna
555 284 86 20 förorda
657 290 26 14 en
698 284 138 26 nedsättning
851 284 25 20 af

121 317 38 20 det
180 324 27 14 nu
229 317 161 26 ifrågavarande
413 318 97 25 anslaget
530 318 31 20 till
583 322 92 21 250,000
694 317 59 21 mark
769 324 35 14 om
819 318 52 24 året,

121 350 51 20 eller
188 350 85 21 säledes
288 351 31 21 till
334 355 91 22 750,000
440 351 60 20 mark
514 351 32 20 för
561 351 47 20 hela
624 351 176 26 finansperioden.

190 384 137 21 Oförändrad
347 385 62 20 torde
431 385 98 21 däremot
549 385 126 26 godkännas
695 385 42 20 den
752 386 6 19 i
773 386 100 26 proposi-

121 420 73 19 tionen
219 422 111 24 upptagna
351 419 165 27 anslagsposten
537 420 12 19 ä
566 425 93 20 400,000
676 419 60 20 mark
751 419 30 21 till
796 419 78 21 fördel-

121 454 51 25 ning
186 453 76 20 mellan
278 453 69 21 stads-
362 453 41 21 och
418 453 220 25 landskommunerna,
654 453 87 21 hvilken
753 453 120 28 fördelning

123 487 52 27 äger
192 494 45 14 rum
252 487 66 28 enligt
333 487 27 21 de
376 488 98 27 grunder,
490 494 47 15 som
552 488 66 21 redan
632 488 36 21 vid
686 487 139 27 1863—1864
839 488 34 21 ärs

123 521 103 28 landtdag
246 522 115 26 godkänts,
378 522 41 20 och
434 522 121 21 sedermera
570 522 66 21 finnas
652 522 107 27 stadgade
774 523 6 20 i
795 522 78 27 nådiga

121 556 143 27 kungörelsen
283 557 25 20 af
320 556 41 21 den
376 562 23 15 21
417 556 36 27 juli
470 557 59 26 1873,
546 556 111 27 angäende
672 557 41 20 den
729 557 24 20 af
764 556 109 21 bränvins-

123 590 161 27 tillverkningen
299 592 6 19 i
321 591 89 20 Finland
431 591 116 26 inflytande
563 590 97 21 skattens
674 590 141 21 användande
831 591 41 20 och

124 625 124 26 fördelning,
265 625 106 26 nämligen
386 628 31 17 att
432 625 213 20 landskommunerna
660 625 33 20 för
705 625 72 26 hvarje
787 625 86 24 mantal,

123 662 56 17 samt
201 659 100 21 städerna
323 659 32 20 för
378 658 72 26 hvarje
472 659 45 20 fullt
538 659 112 20 hundratal
672 659 24 20 af
715 659 42 20 den
772 659 101 21 mantals-

124 692 77 22 skrifna
217 693 157 27 befolkningen,
390 693 79 21 erhälla
484 700 26 14 en
526 692 41 22 lika
583 692 68 22 andel.

193 727 114 22 Utskottet
332 728 31 20 fär
386 727 54 21 altsä
461 728 110 20 vördsamt
593 727 83 25 föreslä,
700 730 31 18 att
753 727 120 21 Ständerna

124 762 49 20 ville
195 761 32 21 för
255 768 6 14 2
283 762 12 26 8
317 763 6 19 i
345 761 140 21 omförmälda
503 761 124 28 förordning
642 765 78 23 antaga
735 761 92 27 följande
842 761 31 27 ly-

125 796 69 21 delse:

401 864 34 21 Ur
452 864 184 22 bränvinsskatten
655 864 60 21 skola
735 864 69 20 under
816 865 59 27 förc-

330 898 81 21 nämda
426 898 33 21 tid
472 899 63 26 utgå:

330 968 90 20 Främst
441 968 35 20 till
494 967 116 21 kontrollen
626 968 63 26 öfver

359 1001 265 27 bränvinstillverkningen
632 1004 58 17 samt

360 1035 35 21 till
404 1035 115 27 åklagares
528 1035 113 21 belönande
647 1035 43 26 för

358 1069 105 21 särskildt
477 1070 31 20 nit
520 1069 38 21 vid
572 1069 119 28 beifrandet

359 1105 29 26 af
405 1104 168 27 öfverträdelser
585 1104 32 27 af
629 1103 62 21 brän-

360 1138 235 27 vinsförfattningarna
640 1139 50 25 för-

360 1172 93 26 slagsvis
472 1179 94 19 250,000
582 1172 63 20 mark
658 1179 33 13 om

361 1206 48 21 året
422 1206 52 20 eller
481 1207 44 25 för
537 1209 32 17 tre
584 1206 28 20 år
646 1221 4 3 .
681 1221 3 4 .
733 1210 102 21 750,000:
849 1218 28 2 —

332 1240 101 21 Därnäst
447 1240 35 20 till
480 1240 125 27 fördelning
623 1240 59 20 emel-

362 1275 36 20 lan
430 1274 101 26 samtliga
560 1274 124 20 kommuner

362 1308 14 20 å
384 1308 78 25 landet,
479 1308 55 26 efter
547 1308 63 20 deras
625 1314 59 14 man-

363 1342 34 20 tal
404 1341 38 20 och
452 1340 108 25 städerna,
572 1341 32 20 uti
611 1340 74 21 hvilka

362 1375 78 27 hvarje
448 1375 60 26 fullt
527 1374 121 21 hundratal
660 1375 30 26 af

364 1409 38 21 den
429 1409 167 25 mantalskrifna
609 1409 75 24 befolk-

188 1457 141 18 Statsutskoltets
342 1455 110 19 betänkande
464 1455 36 17 N:o
514 1455 17 18 8.
