1048 1706
417 92 40 21 N:o
475 92 32 21 19.
782 92 27 20 23

85 160 118 22 allmänhet
217 160 95 27 stadgar.
341 160 12 22 I
366 160 123 22 underrätts
503 160 71 27 utslag
589 160 7 22 i
611 159 67 28 öfriga
693 159 99 28 ärenden,
804 165 34 15 om

84 194 73 22 hvilka
173 194 69 22 denna
256 194 36 28 lag
307 194 96 26 handlar,
420 194 63 22 sökes
499 194 92 27 ändring
606 200 77 20 genom
698 194 83 22 besvär.

154 229 24 27 Ej
196 228 34 21 mä
244 228 91 27 ändring
350 228 63 21 sökas
429 228 7 21 i
451 228 91 21 hofrätts
558 228 70 26 utslag
638 228 8 21 i
656 228 83 26 ärende,
751 228 87 22 hvarom

86 262 88 27 stadgas
194 262 7 21 i
218 263 18 25 1,
252 264 13 19 4
281 262 39 21 och
336 263 13 19 5
364 262 97 27 kapitlet,
478 262 48 21 med
541 262 109 26 undantag
665 262 22 21 af
701 263 25 20 57
744 262 12 27 $
771 263 13 20 2
800 262 39 21 och

86 297 13 21 3
115 302 63 16 mom.

433 326 11 26 8
461 326 32 20 75.

154 365 83 27 Utslag,
259 365 136 27 hvarigenom
419 365 70 27 nägon
509 364 115 22 förklarats
642 365 106 27 omyndig,
771 365 68 26 lände,

86 400 57 22 ändä
160 402 32 20 att
212 400 36 21 det
263 400 140 27 öfverklagas,
419 400 32 21 till
468 400 144 22 efterrättelse
626 400 34 21 till
675 400 49 22 dess
739 400 100 27 ätgärden

86 435 102 27 upphäfts
203 437 56 19 samt
274 435 95 21 beslutet
384 435 73 21 derom
473 435 73 21 vunnit
561 435 48 27 laga
624 435 64 21 kraft.

154 464 88 34 Åtgärd,
262 470 136 27 hvarigenom
418 469 136 29 förmyndare
573 470 69 21 blifvit
657 469 118 23 förordnad
790 470 51 21 eller

86 504 47 22 från
150 504 32 22 sin
198 504 120 27 befattning
333 504 56 22 skild
405 504 52 22 eller
472 505 107 21 föräldrar
594 505 62 21 skilts
669 504 48 22 från
728 506 71 20 rätten
809 506 32 20 att

87 538 111 28 uppfostra
213 539 37 21 sitt
265 540 60 26 barn,
341 539 66 27 gånge
423 539 40 22 ock
479 541 75 25 genast
569 540 8 20 i
592 539 168 26 verkställighet.
783 539 58 27 Upp-

86 572 74 22 häfves
176 574 66 21 sådan
258 573 77 28 åtgärd
351 573 23 22 af
386 574 88 26 hofrätt,
491 574 100 22 förordne
606 573 108 22 hofrätten
729 574 54 22 efter
797 580 44 15 om-

87 608 181 27 ständigheterna,
284 608 105 22 huruvida
404 608 49 22 dess
469 608 71 28 utslag
555 608 55 22 skall
621 609 59 26 tjena
690 608 32 22 till
734 608 108 28 efterföljd

87 644 76 25 genast
179 642 52 22 eller
246 642 65 22 sedan
329 642 35 22 det
379 642 75 22 vunnit
469 643 49 27 laga
534 642 58 22 kraft
607 643 53 21 eller
670 649 69 15 annan
750 642 91 28 förmyn-

88 677 51 21 dare
154 676 70 22 blifvit
239 676 122 22 förordnad.

434 706 11 28 8
463 707 33 20 76.

155 746 74 22 Beslut
245 752 34 15 om
294 746 62 21 böter
371 746 52 22 eller
438 746 49 28 vite,
503 752 46 16 som
564 747 28 26 på
608 746 68 26 grund
692 746 23 22 af
728 747 69 21 denna
807 747 35 27 lag

88 780 92 28 ådömes,
196 780 68 28 gänge
280 780 6 22 i
303 781 168 27 verkställighet,
487 782 28 26 pä
530 783 43 20 sätt
588 781 7 22 i
611 782 13 20 3
639 781 48 27 kap.
706 782 24 21 18
742 782 11 27 &
764 782 78 22 Utsök-

88 816 124 27 ningslagen
228 816 87 26 stadgas
332 822 34 15 om
381 816 43 21 vite
440 816 7 21 i
463 816 175 27 utsökningsmäl.

435 878 12 28 8
463 879 33 21 77.

157 918 34 22 Dä
206 918 86 26 ärende,
307 918 89 22 hvarom
411 919 20 27 2,
447 920 20 26 3,
483 920 19 24 4,
519 920 12 20 5
547 918 53 22 eller
616 919 11 20 7
643 918 91 28 kapitlet
744 918 98 28 handlar,

90 954 34 21 vid
140 953 90 22 domstol
245 953 148 27 förekommer,
409 954 39 20 bör
463 953 36 22 det
514 955 106 26 upptagas
635 954 6 20 i
658 955 82 20 rättens
750 953 93 28 förmyn-

89 988 219 27 derskapsprotokoll.

158 1022 38 22 Täl
219 1022 84 27 ärende,
327 1028 46 16 som
396 1022 136 22 omförmäles
549 1022 7 20 i
576 1023 14 20 4
609 1022 53 21 eller
680 1022 13 22 5
711 1022 97 28 kapitlet,
824 1022 18 26 ej

89 1058 100 27 uppskof,
212 1058 55 20 skall
284 1057 35 21 det
339 1057 107 27 företagas
466 1059 51 19 utan
533 1056 93 22 särskild
641 1057 92 21 kostnad
748 1057 33 21 för
796 1058 46 20 sak-

90 1097 78 22 egaren
184 1091 12 22 å
212 1091 78 22 urtima
305 1091 53 27 ting,
375 1097 44 16 som
435 1090 24 22 af
472 1096 70 16 annan
558 1091 65 21 orsak
638 1090 74 22 hålles.

437 1154 12 27 8
465 1155 34 20 78.

158 1194 12 21 I
185 1194 41 22 mål
238 1200 34 15 om
282 1193 91 22 klander
383 1193 24 22 af
416 1193 147 28 förmyndares
573 1193 134 28 redovisning
717 1200 39 21 ege
767 1195 77 25 rätten,

91 1229 54 22 efter
167 1228 27 22 fri
213 1227 99 28 pröfning
332 1228 23 21 af
373 1228 42 21 alla
433 1227 127 23 förekomna
575 1228 187 27 omständigheter,
778 1228 67 28 enligt

90 1264 33 21 sin
138 1263 143 28 öfvertygelse
296 1262 109 23 fastställa
419 1263 56 22 hvad
490 1263 7 21 i
508 1263 66 22 saken
584 1263 40 21 bör
633 1269 61 15 anses
705 1262 71 23 säsom
787 1265 57 24 sant;

92 1299 37 22 och
146 1297 41 28 mä,
203 1299 38 21 der
256 1298 125 27 tillförlitlig
396 1297 128 28 upplysning
540 1297 61 28 eljest
616 1297 19 27 ej
651 1297 41 22 kan
707 1297 80 28 vinnas,
803 1297 41 23 för-

92 1334 116 26 myndaren
222 1333 120 26 föreläggas
358 1335 31 18 att
404 1333 48 20 med
468 1333 32 20 sin
516 1333 26 20 ed
553 1333 89 20 förneka
653 1335 131 24 motpartens
794 1333 51 21 eller

92 1367 98 22 bekräfta
210 1373 51 20 egen
280 1366 91 27 uppgift,
391 1366 54 21 dock
461 1366 76 21 endast
553 1371 34 16 om
603 1365 81 25 sädant,
699 1366 88 21 hvarom
802 1365 42 22 han

91 1401 24 22 af
129 1407 53 22 egen
196 1401 128 27 iakttagelse
339 1400 40 22 har
393 1399 105 28 kunskap.
