1039 1709
219 120 29 20 26
462 118 25 22 U.
503 118 24 22 B.
543 131 28 3 —
585 118 64 28 Prop.
665 117 38 23 N:o
720 116 33 24 15.

219 183 46 21 den
283 182 87 29 ,enligt
386 183 25 21 af
424 183 173 22 vederbörande
612 182 142 29 domkapitel
769 182 68 28 gjord
851 182 122 28 uppskatt-

219 218 79 27 ning".

290 270 10 8 »
307 251 41 22 Vid
364 251 114 29 befordran
494 251 33 22 till
543 258 78 16 annan
637 251 70 29 tjenst,
723 253 110 26 transport
847 258 17 15 o.
880 258 17 15 s.
912 253 31 19 v.*

290 285 235 30 Jernvägsstyrelsen
547 285 42 22 har
609 287 77 20 ansett
707 285 108 28 gällande
832 285 142 28 författning

219 320 85 22 härvid
327 327 55 15 vara
404 320 98 29 otydlig,
525 324 56 19 enär
598 319 40 23 det
652 319 107 23 förefölle
774 319 80 28 ovisst,
870 327 37 14 om
922 319 52 22 med

220 354 136 28 wenahanda
378 354 70 29 afgift
466 354 37 23 för
522 356 91 21 senaste
631 354 84 29 tjenst*
733 354 90 29 afsäges
837 353 44 23 den
896 353 77 29 afgift,

220 395 48 15 som
284 388 38 22 för
336 389 45 21 den
399 389 99 28 tidigare
517 389 140 22 fullmakten
672 389 122 28 verkligen
809 389 93 28 erlagts,
918 388 56 22 eller

218 423 46 22 den
287 423 78 28 afgift,
382 430 48 15 som
446 424 74 28 enligt
536 424 45 22 den
595 423 133 22 nuvarande
744 422 230 30 stämpelförordnin-

218 465 46 20 gen
280 457 76 22 skulle
367 459 85 28 utgått.
467 458 54 22 Med
530 457 127 29 anledning
667 457 68 22 häraf
742 458 41 22 har
791 457 9 22 i
809 457 165 29 författnings-

218 491 117 30 förslaget
356 493 122 28 inskjutits
500 493 73 22 orden
597 492 125 28 ,hvardera
743 491 100 30 afgiften
858 491 115 23 uträknad

219 526 61 23 efter
295 527 204 28 bestämningarna
513 527 9 22 i
537 527 76 22 denna
627 527 156 29 förordning".

290 561 27 22 B.
348 561 163 24 Förordnande.
542 561 163 30 Stadgandena
727 561 74 23 under
823 562 77 22 denna
921 561 52 22 titel

218 595 79 29 hafva,
313 596 8 22 i
336 595 146 24 förhällande
496 597 39 22 till
551 597 66 22 deras
632 597 89 28 lydelse
735 597 9 22 i
759 597 107 28 gällande
881 595 93 23 författ-

219 631 65 28 ning,
306 630 80 23 blifvit
400 631 9 22 i
424 631 177 30 propositionen
614 632 30 29 pä
659 631 114 22 särskilda
787 632 85 21 ställen
885 631 89 29 förtyd-

217 665 85 29 ligade.
325 665 118 30 Derjemte
459 670 25 18 är
499 668 128 21 momentet
641 666 180 27 ,,Förordnande
835 668 35 20 att
884 666 30 29 pä
922 665 51 23 kor-

217 702 49 20 tare
282 699 35 22 tid
332 703 30 18 än
377 708 29 14 en
420 701 74 22 vecka
510 715 23 3 —
547 714 28 4 —
589 702 38 15 —''
643 700 50 23 helt
707 701 44 22 och
765 700 73 23 hållet
852 702 61 27 nytt,
930 700 43 23 och

218 734 42 22 har
275 734 46 28 det,
337 735 76 22 såsom
428 743 76 21 synes,
520 735 93 26 införts,
628 736 30 28 pä
673 735 40 22 det
723 737 34 20 att
768 735 40 22 vid
817 735 156 23 förordnande

216 775 38 16 om
277 769 108 28 vikariat,
408 769 91 23 hvilket
522 770 49 22 ofta
592 770 90 22 medför
701 778 29 14 en
747 770 68 29 ringa
830 771 56 22 eller
901 771 71 28 ingen

217 803 139 22 ekonomisk
366 804 82 27 fördel,
463 805 45 22 den
524 805 140 22 förordnade
679 805 21 28 ej
715 805 38 22 mä
768 805 156 29 ovilkorligen
934 805 38 22 be-

216 840 86 27 tungas
326 839 53 22 med
394 839 177 30 stämpelafgift,
585 842 57 19 utan
660 839 80 22 kunna
755 839 60 22 efter
828 839 144 30 föregängen

216 873 113 29 pröfning
344 873 52 22 frän
411 873 133 23 densamma
558 875 104 28 fritagas.

288 908 162 23 Förenämnda
470 909 127 30 ändringar
618 909 70 22 hafva
709 911 67 27 synts
798 911 117 22 utskottet
930 918 42 22 ega

215 941 43 29 fog
272 941 37 23 för
324 942 42 29 sig.

286 977 47 22 Det
348 978 42 22 har
405 978 41 22 vid
460 978 193 23 remissdebatten
669 979 35 22 uti
720 981 35 20 ett
769 980 68 22 stånd
852 981 119 29 påpekats,

217 1011 109 22 hurusom
350 1012 172 23 förordnanden
542 1016 35 19 att
599 1014 75 21 säsom
690 1013 89 23 vikarie
794 1014 103 23 bestrida
911 1015 61 22 folk-

217 1045 135 23 skollärare-
367 1047 44 22 och
426 1047 195 30 lärarinnetjenst,
637 1049 8 21 i
660 1048 52 22 stöd
727 1048 26 23 af
766 1049 45 22 den
821 1050 149 29 hänvisning,

217 1087 49 14 som
282 1081 8 21 i
306 1081 108 28 gällande
439 1082 240 29 stämpelförfattning
701 1082 43 23 och
760 1083 45 22 den
820 1085 86 29 nädiga
920 1092 51 22 pro-

215 1115 133 28 positionen
364 1116 34 21 uti
413 1116 74 23 första
502 1119 127 20 momentet
642 1117 74 22 under
731 1117 150 31 afdelningen
895 1120 21 21 B
932 1123 40 25 gö-

216 1156 36 14 res
275 1149 37 22 till
336 1153 102 19 moment
456 1158 11 14 c
482 1151 75 22 under
571 1152 28 27 A,
614 1151 153 23 underkastas
795 1154 175 29 stämpelafgift,

217 1190 53 15 men
285 1186 35 19 att
335 1184 160 29 stadgandena
510 1185 8 22 i
534 1185 171 23 ofvannämnda
720 1187 101 28 punkter
836 1188 21 29 ej
873 1189 98 28 rimligt-

215 1217 35 22 vis
266 1218 79 22 kunde
360 1219 116 29 tillämpas
492 1219 27 22 af
531 1220 76 28 orsak,
623 1223 34 19 att
671 1220 299 31 folkskoledirektionerna,

215 1251 28 21 af
254 1252 82 21 hvilka
352 1253 62 21 slika
429 1253 172 23 förordnanden
611 1255 111 27 utfärdas,
733 1256 21 28 ej
765 1256 74 21 finnas
849 1259 121 26 upptagna

214 1284 72 23 bland
308 1285 28 22 de
359 1287 170 28 myndigheter,
554 1287 92 23 hvilkas
665 1289 160 28 expeditioner
841 1290 101 23 skrifvas
957 1291 13 22 &

214 1319 126 30 stämpladt
354 1327 95 23 papper.
478 1321 167 30 Ifrägakomna
661 1322 144 31 stadganden
819 1324 72 23 borde
901 1325 68 22 alltsä

213 1354 9 21 i
230 1355 156 29 ofvanantydt
394 1355 109 24 afseende
512 1359 79 26 rättas,
600 1365 37 14 om
647 1358 28 29 ej,
688 1359 75 22 säsom
773 1359 135 30 lämpligast
918 1367 51 22 syn-

213 1391 42 28 tes,
270 1389 173 24 förordnanden
449 1385 11 43 8
454 1391 198 30 ifrågavarande
667 1393 101 23 vikariat
782 1394 78 23 kunde
871 1395 97 29 fritagas

281 1424 207 25 Bevillningsutskottets
500 1427 112 19 betänkande
623 1427 34 19 N:o
669 1429 18 17 2.
