1048 1709
318 97 30 23 U.
363 97 29 23 B.
406 110 28 4 —
448 98 76 28 Prop.
539 98 45 22 N:o
600 98 38 22 22.
831 104 23 21 51

308 166 548 27 föräldrar,
486 162 124 36 målsman
621 162 79 36 eller
715 166 141 27 husbonde.

308 192 193 36 Ådagalägga
534 201 82 21 desse
642 200 216 28 efterlåtenhet

309 234 106 26 deri,så
431 236 41 19 att
482 234 376 28 okynnetupprepas,
782 230 79 36 eller

309 267 175 28 öfvertygas
505 268 30 21 de
560 270 41 19 att
621 268 93 27 hafva
728 268 129 27 afvetat,

308 307 64 15 men
393 301 61 21 icke
477 303 65 20 sökt
563 301 178 28 allvarligen
758 301 99 28 afböja

308 335 174 28 detsamma,
506 342 81 15 svare
609 335 108 28 sjelfve
738 335 49 28 för
799 335 58 28 gäl-

308 369 110 22 dandet
435 369 31 28 af
476 369 215 28 skadeståndet.

504 450 29 21 39
548 449 21 27 $.
604 449 56 28 (ny).

377 495 39 26 Är
450 507 102 21 genom
581 501 88 26 brott,
699 501 118 20 hvarom
847 501 12 20 i

308 533 96 22 denna
426 533 181 28 förordning
628 535 131 27 stadgas,
782 535 73 20 alle-

308 569 69 20 nast
397 569 114 20 enskild
532 570 62 20 rätt
610 569 187 28 förnärmad,
812 569 44 20 mä

309 601 111 22 brottet
441 603 25 27 ej
486 603 102 20 ätalas
605 603 35 27 af
651 603 110 21 allmän
775 602 80 21 äkla-

306 643 78 21 gare,
407 637 49 21 der
478 637 24 28 ej
516 637 209 28 mälseganden
739 637 118 20 anmält

308 671 47 21 det
370 671 54 21 till
438 671 71 22 åtal.

482 747 30 20 40
527 746 21 27 8.
583 746 41 27 (38
638 745 31 28 $)

376 797 33 28 Af
426 798 48 24 den,
496 805 48 14 som
566 797 15 21 ä
599 797 39 21 bar
651 797 92 28 gerning
759 797 98 22 beträdes

307 832 49 21 med
370 832 80 28 olaglig
463 832 54 28 jagt,
533 831 43 22 må
591 831 212 28 målseganden
818 832 37 21 el-

307 867 43 20 ler
371 867 63 26 den,
456 866 30 21 åt
507 867 122 21 hvilken
651 867 57 20 han
729 866 48 21 sin
798 868 58 19 rätt

306 900 174 29 uppdragit,
498 901 72 21 såsom
588 900 119 21 vedermäle
722 902 51 25 taga
789 900 67 27 bössa,

302 935 88 28 jagttyg
411 935 39 21 och
470 935 102 25 hundar;
589 935 38 20 och
641 935 26 27 få
681 935 62 21 dessa
758 934 98 21 behållas

306 969 64 21 intill
390 969 48 22 dess
459 969 96 21 säkerhet
575 969 37 27 för
624 968 118 28 gäldandet
756 968 29 28 af
796 968 59 21 böter

307 1003 38 21 och
360 1003 130 22 skadestånd
505 1002 75 28 blifvit
593 1003 64 21 stäld.

370 1042 60 22 Hör
444 1042 90 22 målet
547 1042 93 21 under
656 1042 122 21 allmänt
789 1038 67 35 åtal,

307 1083 46 20 ege
368 1077 113 21 allmän
498 1076 142 28 åklagare
655 1077 75 20 samt
744 1076 112 27 krono-,

306 1111 90 21 stads-
412 1111 50 21 och
473 1110 214 29 polisbetjente
701 1110 154 21 enahanda

306 1146 67 19 rätt.

492 1213 26 20 41
532 1212 21 27 $.
585 1212 38 25 (40
636 1211 31 28 8)

376 1263 45 22 För
434 1264 74 27 skogs-
524 1263 51 22 eller
584 1263 133 28 jagtvården
731 1263 14 20 å
757 1263 98 21 kronans

306 1298 64 21 mark
391 1297 89 22 anstäld
502 1298 136 28 tjensteman,
659 1297 80 28 betjent
763 1297 39 21 och
822 1297 35 21 ed-

306 1338 80 14 svuren
408 1332 119 27 skogsvakt,
550 1332 25 20 så
597 1332 37 20 ock
655 1331 85 20 enskild
750 1330 104 28 jagtvår-

306 1365 58 26 dare,
387 1371 48 15 som
454 1365 69 28 aflagt
537 1365 31 27 ed,
583 1371 35 22 ege
637 1365 5 20 i
656 1364 52 26 mål,
723 1371 47 14 som
784 1365 73 26 angår

306 1399 128 29 förbrytelse
456 1401 46 20 mot
522 1399 74 21 denna
616 1398 132 28 förordning
771 1398 39 21 och
831 1398 30 28 af

171 1446 43 22 Lag-
226 1446 28 17 och
266 1446 170 17 Ekonomiutskottets
449 1447 103 17 betänkande
564 1446 34 16 N:o
612 1450 16 16 4.
