1039 1709
212 112 14 21 8
441 113 24 21 U.
481 112 24 22 B.
521 125 29 3 —
565 113 64 29 Prop.
645 112 37 22 N:o
699 112 33 22 15.

211 180 249 28 Bevillningsutskottets
474 181 143 26 beräkningar
633 181 7 21 i
657 180 67 28 öfriga
740 181 59 21 delar
814 182 86 20 erkänts
916 187 51 15 vara

212 215 133 27 synnerligen
361 221 124 20 varsamma,
502 215 91 21 hvarhos
609 215 18 27 ej
644 215 82 21 mindre
741 215 26 21 de
782 215 117 27 höjningar,
922 222 45 15 som

212 250 7 21 i
234 249 56 22 vissa
306 249 58 22 delar
379 249 103 25 beslutits,
507 251 26 19 än
549 249 39 22 ock
609 248 94 23 halfåret
719 250 10 21 1
746 249 44 22 Juli
807 249 95 22 1896—1
919 250 48 21 Jan.

213 283 54 22 1897
289 284 47 21 med
353 283 65 28 afsigt
432 284 35 21 vid
481 283 146 22 beräknandet
642 283 23 22 af
678 284 95 21 skattens
788 284 113 27 tillökning
915 283 52 22 lem-

213 319 47 20 nats
275 324 26 15 ur
316 318 61 27 sigte,
393 318 39 21 har
447 319 111 26 utskottet,
574 318 55 22 efter
644 318 89 27 förnyad
748 319 98 26 pröfning
860 318 23 21 af
891 318 77 22 beräk-

212 352 102 27 ningarna
329 353 7 20 i
352 352 65 28 fråga,
433 352 89 22 kommit
537 353 31 20 till
585 353 36 21 det
635 353 96 26 resultat,
754 354 32 20 att
802 353 40 21 den
858 359 46 15 som
920 359 48 15 san-

212 387 60 21 nolik
286 387 133 21 betecknade
435 387 38 21 och
490 393 87 15 numera
593 387 61 21 äfven
669 386 158 27 nödigbefunna
837 387 98 21 intraden
946 386 23 22 af

212 421 14 21 3
241 423 22 22 X
280 421 114 26 1,442,000
416 421 60 22 mark
491 421 33 21 för
540 421 50 22 åren
608 421 142 22 1898—1900
765 421 64 27 enligt
844 421 29 21 all
892 427 76 15 sanno-

211 455 69 21 likhet
294 455 97 21 kommer
412 457 31 19 att
465 456 88 26 uppnås,
577 455 39 22 och
636 456 60 21 torde
712 455 34 21 vid
761 456 116 21 utskottets
895 455 73 26 kalkyl

211 490 56 26 förty
281 489 23 22 få
319 489 58 22 bero.

280 523 140 27 Helsingfors,
437 523 40 22 den
493 523 26 22 28
536 523 43 28 Maj
597 523 61 22 1897.

280 696 11 21 I
307 696 155 27 behandlingen
483 696 24 21 af
520 697 60 21 detta
596 696 292 28 sammanjemkningsförslag
903 696 63 21 hafva

213 731 90 26 deltagit
331 731 141 21 ordföranden
500 731 97 22 Friherre
627 731 92 26 Palmén,
750 731 144 22 ledamöterne
918 731 48 22 Uno

210 764 155 28 Wasastjerna,
380 765 38 21 Th.
434 766 125 26 Tigerstedt,
575 765 112 27 Snellman,
699 765 165 29 Wennerström,
875 766 91 27 Fontell,

211 800 84 27 Hjorth,
319 800 96 27 Berneri,
439 800 138 28 Aejmelaeus,
601 800 103 22 Forsman
723 801 40 21 och
777 801 119 22 Kokkonen
912 804 54 20 samt

211 834 141 28 suppleanten
367 835 96 27 Flygare.

277 1422 129 24 Helsingfors,
419 1422 71 19 Finska
503 1423 239 24 Litteratur-Sällskapets
754 1424 92 24 tryckeri,
862 1426 48 18 1897.
