1056 1717
205 127 27 20 26
422 125 30 22 U.
468 125 27 22 B.
512 138 26 2 —
553 124 74 28 Prop.
643 124 42 22 N:o
700 123 37 23 13.

203 191 52 21 skäl
280 190 37 22 för
340 190 206 29 nödvändigheten
567 192 35 20 att
628 190 119 21 utsträcka
773 188 109 22 förbudet
908 190 49 20 mot

204 224 92 22 enskild
328 224 196 30 pantlånerörelse
555 224 68 22 äfven
654 224 38 20 till
717 222 163 29 landsbygden
903 223 54 21 hört

202 259 133 29 uppgifvas,
354 261 34 20 att
406 260 73 27 några
496 258 178 22 landthandlare
692 258 9 22 i
718 266 30 14 en
766 258 38 21 del
817 257 23 22 af
855 256 102 23 Finland

203 294 75 21 skulle
297 296 71 26 egnat
386 293 35 28 sig
439 294 25 20 åt
482 293 71 27 detta,
571 293 9 21 i
598 292 127 22 allmänhet
739 292 52 22 med
805 292 77 21 oblida
895 295 61 25 ögon

203 328 138 22 betraktade
364 327 158 29 näringsfäng.
557 327 48 28 Jag
628 326 49 22 kan
694 328 20 28 ej
733 328 124 27 garantera
874 326 83 28 riktig-

202 362 71 22 heten
297 362 23 22 af
344 362 76 21 denna
446 361 100 29 uppgift,
570 361 97 22 hvilken
684 361 118 21 förefaller
818 361 49 28 mig
883 361 74 28 något

202 397 130 27 osannolik,
360 396 29 21 då
415 396 196 29 pantlånerörelse
633 395 55 29 föga
713 395 170 22 sammanfaller
903 394 52 22 med

203 433 66 20 arten
288 431 22 22 af
331 430 207 22 landthandlarens
556 429 147 23 verksamhet
721 430 8 21 i
748 429 80 29 öfrigt;
846 437 54 14 men
919 437 36 14 om

202 465 45 22 ock
268 465 197 30 pantlånerörelse
489 465 9 20 i
518 465 89 21 mindre
631 464 65 22 skala
715 465 23 20 af
757 472 28 13 en
803 464 57 21 eller
877 471 78 14 annan

201 499 180 22 landthandlare
410 499 73 22 skulle
513 499 74 28 idkas,
620 499 108 22 betviflar
757 499 41 28 jag
822 498 132 29 högeligen,

200 534 116 23 huruvida
344 533 39 22 det
408 541 55 15 vore
490 533 67 22 klokt
578 535 35 20 att
630 533 108 30 förbjuda
756 533 53 22 dem
825 533 130 22 försträcka

201 569 51 21 sina
278 568 91 22 kunder
395 573 84 17 smärre
502 568 40 22 lån
563 570 61 19 emot
645 570 63 27 pant.
745 567 72 23 Göres
839 567 71 28 detta,
929 568 26 21 så

201 604 93 28 tvingas
317 603 162 22 handlandene
501 603 9 22 i
531 603 51 21 dess
606 603 67 21 ställe
695 603 102 29 kringgå
813 603 78 28 lagen;
911 602 44 22 och

200 638 102 28 kunden,
322 645 49 14 som
388 641 25 18 är
431 638 8 21 i
457 645 29 14 en
499 637 104 29 tillfällig
614 637 271 29 penningeförlägenhet,
897 637 58 22 nöd-

200 680 42 22 gas
260 672 30 22 då
308 672 37 22 till
362 672 149 22 handlanden
529 672 36 22 för
581 672 123 29 underpris
721 671 96 30 försälja
833 679 73 14 varan
917 672 37 21 för

200 709 36 20 att
262 707 116 22 måhända
400 707 54 22 kort
476 707 35 22 tid
535 707 99 22 derefter
651 707 36 22 för
704 707 94 28 mycket
815 706 72 29 högre
905 707 48 28 pris

200 743 50 21 åter
267 741 124 22 tillhandla
409 742 36 28 sig
463 749 84 15 samma
564 749 62 14 vara.
662 741 103 22 Kunden
782 741 43 22 har
843 741 30 22 då
890 742 63 28 gjort

200 785 30 13 en
246 777 94 28 mycket
358 781 72 17 sämre
449 777 63 27 affär,
531 780 30 17 än
579 783 37 15 om
634 776 47 22 han
698 777 61 21 varit
777 777 8 20 i
802 776 93 21 tillfälle
918 778 35 20 att

198 811 24 22 få
245 813 49 20 mot
316 811 37 22 sin
379 819 55 14 vara
458 813 104 27 upptaga
585 813 34 20 ett
640 811 89 22 mindre
747 811 46 28 lån,
813 811 86 28 egnadt
917 813 35 19 att

199 846 69 21 täcka
286 845 58 22 hans
362 845 70 22 behof
450 846 23 21 af
491 845 131 29 penningar
639 845 36 22 för
693 845 109 22 tillfället.

266 880 12 21 I
296 880 133 22 Utskottets
455 880 148 22 betänkande
626 887 115 21 upprepas
764 881 40 21 två
822 880 8 21 i
848 880 45 21 den
911 881 40 20 nå-

199 914 55 29 diga
277 914 176 29 propositionen
471 914 85 29 jemväl
574 914 97 22 anförda
688 914 142 22 hufvudskäl
847 915 37 21 för
901 914 50 22 vid-

197 948 102 29 tagande
318 949 24 21 af
359 949 150 28 lagstiftning
526 949 9 21 i
547 949 125 28 föreslaget
683 949 70 28 syfte:
769 949 182 28 olämpligheten

198 983 24 22 af
244 983 159 29 stadgandena
425 983 8 22 i
453 984 30 21 10
502 983 52 28 kap.
573 984 29 21 H.
621 983 26 21 B.
667 983 119 29 angående
805 986 69 25 pants
892 990 58 21 upp-

198 1017 118 29 bjudande
334 1017 44 22 och
394 1017 125 29 värdering
531 1020 59 19 samt
601 1017 128 28 frestelsen,
742 1018 35 21 för
789 1017 96 23 hvilken
897 1017 52 28 den,

198 1059 50 14 som
264 1052 118 22 bedrifver
398 1052 196 29 pantlånerörelse
612 1052 9 21 i
638 1052 177 29 förvärfsafsigt,
826 1057 26 17 är
869 1054 80 25 utsatt,

196 1088 35 20 att
256 1087 120 28 nämligen
400 1087 36 21 för
457 1094 59 21 egen
539 1087 99 28 vinning
665 1087 155 28 tillgodogöra
847 1087 36 28 sig
899 1086 50 22 lån-

196 1123 108 26 tagarens
322 1121 124 22 nödstälda
464 1121 59 28 läge.
553 1121 43 22 Om
614 1121 44 21 ock
675 1121 40 22 det
732 1122 73 21 måste
820 1121 130 28 medgifvas

197 1157 35 20 att
250 1155 124 22 omordade
392 1155 145 28 stadganden
556 1156 9 21 i
581 1155 30 21 H.
630 1155 27 21 B.
676 1159 41 18 äro
730 1155 146 29 otidsenliga,
890 1155 60 22 dock

195 1189 163 28 förnämligast
376 1189 144 22 beträffande
538 1189 154 28 långifvaren,
711 1193 56 18 enär
785 1190 165 21 realisationen

196 1223 24 22 af
246 1231 30 14 en
302 1223 52 22 icke
376 1223 71 22 inlöst
465 1226 58 27 pant
541 1223 134 29 derigenom
692 1223 118 30 betydligt
826 1224 123 27 försvåras,

195 1258 25 19 så
239 1261 39 17 äro
297 1258 66 19 dessa
386 1257 146 27 stadganden
554 1259 13 19 å
589 1257 73 21 andra
680 1258 67 20 sidan
765 1259 24 20 af
806 1259 55 26 föga
881 1259 68 26 prak-

196 1290 47 21 tisk
269 1290 127 28 betydelse,
423 1290 30 21 då
477 1290 115 22 desamma
610 1298 84 20 genom
713 1291 134 28 ömsesidigt
866 1291 57 21 aftal
941 1291 9 21 i

195 1324 104 29 enlighet
325 1324 53 22 med
403 1324 140 29 rättsregeln
571 1324 92 29 ,förord
683 1324 80 29 bryter
789 1324 52 30 lag*
868 1325 81 22 kunna

194 1358 88 23 häfvas.
318 1359 185 22 Vidkommande
527 1360 50 21 åter
601 1358 39 23 det
661 1359 72 23 andra
751 1360 24 22 af
791 1360 158 28 nyssnämnda

194 1394 80 28 motiv,
293 1396 37 19 tar
347 1395 39 29 jag
403 1394 49 29 mig
470 1394 102 22 friheten
590 1395 82 27 erinra,
691 1394 40 22 det
749 1395 8 21 i
777 1396 30 20 10
823 1396 13 26 $
851 1395 30 21 38
894 1396 53 28 kap.

196 1429 142 29 Strafflagen
355 1429 74 21 finnes
447 1431 74 20 utsatt
538 1429 89 29 ganska
641 1429 118 30 betydligt
771 1430 66 22 straff
848 1429 37 23 för
897 1430 51 28 den,

262 1472 49 22 Lag-
323 1472 33 18 och
368 1472 180 18 Ekonomiutskottets
563 1472 110 18 betänkande
685 1472 37 18 N:o
735 1474 18 17 2.
