1059 1714
307 113 29 24 U.
351 114 28 23 B.
395 126 27 4 —
437 115 74 28 Prop.
526 115 43 23 N:o
584 116 36 22 13.
828 117 26 20 13

102 186 23 21 af
151 185 45 22 den
222 186 70 28 långa
318 185 161 22 förfallotiden
499 186 75 22 blefve
596 186 90 22 förledd
708 187 37 21 till
762 194 30 14 en
809 187 45 21 för-

101 219 131 29 sumlighet,
250 220 96 21 hvilken
358 219 60 22 hade
430 220 120 21 undvikits
566 227 37 14 om
615 221 92 21 kortare
720 221 36 21 tid
767 221 37 21 för
816 221 38 21 be-

100 254 124 29 talningen
249 254 62 21 varit
337 256 80 20 utsatt.
454 253 48 22 Och
522 254 43 21 har
583 254 63 28 förty
664 255 104 28 yrkande
786 255 68 21 fram-

101 288 67 21 stälts
192 288 79 22 derom
289 290 36 19 att
341 289 79 28 nägon
438 289 46 21 viss
502 288 130 22 förfallotid
650 288 42 22 alls
710 289 52 21 icke
780 289 74 21 borde

100 322 10 21 i
126 322 168 29 förordningen
311 322 134 28 fastställas,
464 331 52 14 men
534 325 41 26 att,
594 323 8 21 i
620 323 110 22 händelse
743 324 25 21 sä
781 323 74 22 likväl

101 358 98 29 ansäges
225 357 89 29 nödigt,
342 357 132 22 densamma
501 357 62 28 finge
584 359 99 20 utsättas
704 359 36 20 att
760 358 94 21 inträffa

100 391 73 22 redan
184 395 35 18 tre
231 391 111 23 månader
354 392 58 21 efter
421 391 75 22 lånets
506 391 144 29 utgifvande.
673 387 23 26 Å
705 392 73 22 andra
787 392 67 22 sidan

101 427 50 21 åter
168 427 43 21 har
229 427 95 27 anförts,
342 426 110 22 hurusom
470 427 39 21 det
525 427 52 20 icke
595 433 56 14 vore
668 427 139 21 välbetänkt
820 429 34 20 att

100 461 76 22 lemna
197 461 154 29 pantlånaren
374 461 44 22 full
435 461 71 21 frihet
523 460 41 23 vid
581 461 174 22 bestämmande
774 462 23 21 af
809 461 45 22 för-

100 495 124 22 fallotiden
249 495 36 22 för
303 495 93 29 utgifna
412 495 47 28 lån,
473 499 55 18 enär
546 495 136 28 betydelsen
697 495 23 22 af
732 495 46 22 den
790 495 63 30 hjelp

100 530 122 29 pantlånet
239 529 97 22 bereder
353 529 46 22 den
415 529 84 29 fattige
517 530 8 21 i
542 530 118 29 väsentlig
676 531 55 21 mån
749 538 55 14 vore
816 530 39 22 be-

100 564 86 23 roende
213 565 69 27 deraf,
310 566 36 20 att
368 564 76 22 denne
470 565 52 21 icke
539 564 136 22 beröfvades
698 564 104 29 utsigten
820 567 34 19 att

100 599 172 21 återbekomma
290 600 94 28 panten,
402 603 43 17 när
460 599 58 21 hans
531 599 150 21 ekonomiska
692 598 163 23 förhållanden

100 633 144 28 förbättrats,
263 634 119 22 äfvensom
400 636 41 25 att,
455 634 26 28 ju
492 634 94 22 kortare
598 633 120 23 lånetiden
730 641 61 21 vore,
803 634 51 22 dess

100 671 73 20 större
191 669 51 22 fara
259 668 102 30 förelåge
380 670 35 20 att
433 671 87 27 panten
538 668 51 22 icke
608 670 13 20 å
639 670 74 20 utsatt
730 668 35 22 tid
777 668 77 22 blefve

99 704 73 22 inlöst
189 706 64 26 utan,
271 704 37 21 till
326 711 54 14 men
396 703 36 22 för
450 702 45 22 den
512 702 148 30 låntagande,
674 704 13 20 å
700 703 97 22 auktion
809 704 45 22 för-

100 738 56 22 såld.
193 738 49 22 Och
262 738 42 22 har
321 738 133 22 Utskottets
472 738 83 27 flertal,
573 738 53 21 med
644 737 108 22 afseende
770 738 85 28 jemväl

100 772 55 22 derå
182 774 34 20 att
243 772 74 29 enligt
337 772 207 28 bestämningarna
564 772 36 21 uti
617 772 178 28 ifrågavarande
814 780 40 21 pa-

100 806 78 30 ragraf
199 807 138 29 låntagaren
360 814 54 21 eger
434 808 48 20 rätt
500 808 34 20 att
552 806 70 22 äfven
639 806 73 22 innan
725 806 132 23 lånetidens

100 842 90 28 utgång
217 842 77 22 utlösa
320 843 94 27 panten,
442 841 97 21 beslutit
564 841 36 21 för
621 841 37 21 sin
676 840 37 22 del
731 841 125 29 godkänna

102 876 72 29 sagda
191 876 110 29 paragraf
320 876 146 22 oförändrad.

169 910 42 23 Uti
222 910 176 30 propositionen
412 910 84 22 saknas
510 910 42 22 allt
564 909 129 30 stadgande
709 910 79 22 derom
796 910 61 21 huru

100 945 99 22 förfaras
220 946 61 21 skall
298 944 53 22 med
368 944 93 30 möjligt
480 944 130 23 öfverskott
628 945 23 21 af
668 944 188 30 köpeskillingen

100 979 36 22 för
158 980 94 28 försåld,
279 980 87 22 outlöst
383 982 65 26 pant,
468 979 43 22 och
528 980 68 29 följer
614 979 68 22 häraf
699 982 35 19 att
751 980 106 28 låntaga-

101 1022 41 14 ren
165 1022 55 21 eger
244 1014 129 22 framställa
396 1014 102 29 anspråk
520 1015 30 27 på
567 1014 195 22 utbekommande
782 1014 23 21 af
823 1015 35 21 så-

100 1048 58 22 dant
186 1049 129 22 öfverskott
336 1048 63 22 inom
422 1048 46 22 den
490 1048 36 22 för
548 1048 219 29 fordringsanspräk
790 1048 9 21 i
817 1048 41 22 all-

100 1083 96 21 mänhet
216 1083 125 22 faststälda
358 1083 210 28 preskriptionstid.
604 1082 37 22 Då
659 1085 34 19 ett
711 1082 83 22 sådant
811 1082 46 22 för-

100 1117 112 21 hällande
234 1117 129 21 emellertid
384 1117 74 21 skulle
475 1118 37 21 för
529 1116 229 29 pantläneanstalten
776 1116 82 28 betyd-

100 1152 46 27 ligt
166 1152 104 21 försvära
291 1151 156 29 bokföringen
472 1151 43 22 och
533 1151 39 21 det
589 1151 40 23 väl
646 1152 73 21 mäste
737 1153 67 27 tagas
822 1150 36 22 för

100 1186 76 28 gifvet
200 1188 35 19 att
254 1186 146 28 läntagaren,
425 1193 49 14 som
496 1186 25 28 ju
539 1186 9 20 i
565 1186 29 20 de
612 1185 59 21 allra
688 1186 67 20 flesta
772 1185 42 21 fall
833 1188 25 18 är

101 1220 79 21 bosatt
197 1221 14 20 &
226 1220 46 22 den
289 1223 37 19 ort
340 1220 41 21 der
392 1220 216 28 pantlänerörelsen
618 1219 102 26 utöfvas,
733 1219 52 21 icke
798 1218 61 22 skall

101 1254 125 22 försumma
248 1256 35 20 att
301 1256 26 20 sä
344 1254 48 22 fort
409 1254 41 22 ske
467 1254 49 22 kan
534 1254 91 22 anmäla
644 1254 35 28 sig
697 1253 37 22 till
751 1252 107 30 lyftande

101 1288 24 21 af
147 1288 179 28 ifrägavarande
352 1288 137 26 öfverskott,
509 1288 42 22 har
568 1288 123 22 Utskottet
714 1290 77 19 ansett
812 1287 46 21 för-

101 1322 99 22 berörda
218 1322 35 22 tid
270 1323 58 21 böra
346 1322 166 28 erforderligen
528 1322 147 22 inskränkas.
713 1321 47 22 För
775 1321 84 22 sådant

102 1355 108 22 ändamål
235 1357 43 20 har
301 1356 131 26 Utskottet,
460 1363 49 14 som
530 1355 79 22 funnit
626 1355 46 21 den
689 1355 36 21 uti
742 1355 116 28 ifrägava-

101 1389 72 22 rande
191 1390 107 22 afseende
316 1391 36 21 för
369 1390 147 28 Helsingfors
539 1389 198 29 Pantaktiebolag
749 1387 109 30 gällande

101 1423 36 22 tid
163 1424 24 21 af
212 1427 36 19 tre
269 1424 112 23 månader
398 1424 80 22 alltför
495 1425 91 28 knappt
603 1425 93 25 utmätt,
716 1424 9 21 i
743 1423 116 22 öfverehs-

170 1469 50 22 Lag-
232 1467 34 20 och
278 1468 188 19 Ekonomiutskoitets
478 1468 116 18 betänkande
606 1468 36 17 N:o
655 1467 18 18 2.
