1067 1706
302 276 218 26 Reservation.
545 278 55 24 N:o
615 279 28 23 4.

165 339 129 29 Principielt
310 340 37 22 äro
364 341 22 21 vi
401 347 53 16 ense
471 342 49 21 med
535 342 39 21 hrr
588 342 118 28 Wegelius
721 342 41 22 och
776 342 72 22 Haan-

96 374 44 28 pää
154 374 83 28 derom,
254 377 32 20 att
301 376 247 28 tillverkningsskatten
560 376 12 22 å
582 376 93 22 bränvin
690 382 31 16 nu
732 376 69 22 redan
812 376 37 22 väl

96 409 75 22 kunde
186 409 63 28 höjas
264 410 58 22 ända
337 410 34 22 till
386 416 28 16 en
429 411 63 21 mark
508 410 35 22 för
557 411 78 27 hvarje
650 411 57 26 liter,
722 417 51 15 men
789 410 27 22 dä
826 410 23 22 vi

97 444 19 27 ej
141 443 57 29 väga
221 444 91 28 hoppas,
335 446 33 20 att
388 450 27 16 en
431 444 68 22 sädan
516 444 126 29 förhöjning
657 446 59 20 ännu
731 445 60 28 finge
806 445 43 21 till-

97 478 96 28 räekligt
208 478 96 22 medhäll
319 478 7 22 i
342 478 105 27 Ständen,
463 479 67 22 hafva
545 479 23 21 vi
583 480 20 26 ej
619 479 85 22 kunnat
713 479 89 21 ansluta
812 485 36 15 oss

97 512 33 21 till
154 512 65 22 deras
241 513 144 22 reservation.
416 513 49 22 Den
489 514 25 21 af
534 514 109 21 utskottet
661 514 129 27 föreslagna
805 513 43 22 för-

97 546 120 28 höjningen
232 546 26 22 af
271 547 44 22 fem
330 548 66 27 penni
411 547 29 28 pä
455 548 65 22 litern
530 548 25 21 är
563 548 71 28 enligt
644 548 40 21 vär
694 548 154 27 öfvertygelse

97 580 47 22 äter
159 580 77 22 alltför
250 581 123 29 obetydlig,
389 582 27 21 dä
432 582 42 22 den
490 583 20 27 ej
526 582 27 28 pä
569 583 32 21 ett
616 582 52 22 fullt
679 582 114 22 verksamt
804 582 44 21 sätt

97 615 35 22 för
151 616 34 21 till
205 616 37 21 det
257 616 50 26 mål,
324 616 31 21 dit
370 616 170 28 lagstiftningen
556 616 40 22 bör
611 616 91 22 sträfva.
732 616 116 22 Ekonomi-

96 649 110 22 utskottet
220 650 38 21 vid
275 652 53 20 1894
344 650 36 22 ärs
391 650 108 28 landtdag
508 650 89 28 yttrade
607 650 122 28 nämligen:
751 650 96 26 ,utskot-

96 685 33 20 tet
151 684 41 21 har
207 684 19 27 ej
242 685 74 20 ansett
332 684 34 28 sig
381 684 75 21 kunna
472 684 73 22 lemna
560 684 127 27 obeaktadt,
703 686 33 20 att
751 684 96 28 lagstift-

96 718 84 28 ningen
195 718 57 21 varit
267 718 73 22 riktad
355 718 28 28 pä
397 720 33 19 att
445 724 80 22 genom
536 718 114 22 successiv
660 718 84 28 ökning
754 718 26 22 af
788 718 59 22 skat-

97 753 37 21 ten
157 754 76 26 stegra
255 752 69 28 priset
338 752 28 28 pä
381 752 94 22 bränvin
490 753 41 21 och
547 752 128 28 derigenom
691 752 87 22 minska
793 752 53 22 kon-

97 787 125 21 sumtionen
238 788 56 20 samt
310 786 92 22 sälunda
416 787 7 21 i
439 787 33 21 sin
488 793 51 16 mon
555 787 107 28 befrämja
676 787 170 28 nykterheten*.

164 821 32 22 Pä
218 828 30 15 nu
270 820 94 23 anförda
381 821 99 28 grunder
494 822 41 21 och
551 821 51 22 med
616 822 87 27 hänsyn
719 821 80 27 dertill,
815 822 33 21 att

96 856 118 22 bränvinet
229 856 71 22 såsom
316 862 28 15 en
359 855 176 22 öfverflödsvara
550 855 41 22 och
607 857 32 20 ett
654 856 126 28 förderfligt
790 856 57 28 njut-

96 890 140 29 ningsmedel
251 891 25 21 är
291 891 32 21 ett
338 890 26 22 af
375 890 27 21 de
413 890 141 28 lämpligaste
565 890 149 28 skatteobjekt
725 891 57 21 samt
792 890 54 22 slut-

96 926 61 28 ligen
176 925 50 21 med
242 924 106 22 afseende
363 924 12 22 å
390 924 28 22 de
433 924 174 28 önskningsmäl,
622 930 48 16 som
685 925 6 21 i
707 924 139 22 Bondestän-

97 960 37 22 det
156 960 111 21 uttalades
290 959 37 21 vid
349 959 43 21 den
414 958 82 28 nädiga
518 959 176 27 propositionens
717 959 79 21 remiss
812 959 34 21 till

96 994 116 26 utskottet,
227 994 70 21 tilläta
312 994 23 21 vi
350 999 37 16 oss
402 993 114 22 vördsamt
531 993 83 22 föreslä

369 1064 31 19 att
415 1061 232 28 tillverkningsskatten
658 1062 14 20 ä
682 1062 90 21 bränvin
783 1062 64 20 mätte

300 1097 62 27 höjas
378 1096 33 21 till
426 1097 28 20 80
469 1096 67 27 penni
546 1097 42 27 för
603 1095 73 28 hvarje
692 1096 54 21 liter.

163 1165 147 29 Helsingfors,
326 1165 44 21 den
386 1167 25 19 16
427 1163 107 23 Februari
551 1166 61 20 1897.

164 1234 12 21 I.
193 1234 24 21 M.
232 1234 98 27 Tallgren.
583 1232 61 21 Josua
658 1231 118 22 Johansson.

164 1268 40 21 Uno
219 1268 87 21 Bremer.
584 1266 20 21 K.
619 1265 27 22 W.
663 1265 95 22 Hollm&n.

164 1302 18 21 F.
198 1302 27 21 W.
243 1301 125 28 Lagerstedt.

163 1415 190 19 Ekonomiutskottets
368 1413 114 20 betänkande
497 1412 37 20 N:o
548 1413 22 19 2.
