1048 1714
275 111 84 24 Ständ.
376 112 38 23 Sv.
432 125 24 3 —
473 113 72 28 Prop.
563 113 43 23 N:o
616 112 36 23 15.
826 113 26 20 55

453 200 12 21 8
481 201 18 26 &.

165 256 47 21 Där
225 256 54 21 flere
293 256 87 21 skrifter
395 256 51 21 eller
461 256 146 28 afhandlingar
622 256 22 21 af
654 255 64 22 sådan
730 255 122 22 beskaffen-

98 289 42 26 het,
163 293 31 18 att
218 289 25 21 de
264 289 53 22 hvar
331 290 34 20 för
379 291 32 26 sig
426 292 36 19 äro
477 290 65 27 enligt
557 290 69 21 denna
640 289 123 28 förordning
777 289 76 22 under-

98 323 88 22 kastade
202 323 153 28 stämpelskatt,
369 324 114 27 inrymmas
499 323 12 21 å
526 331 79 14 samma
620 323 44 26 ark,
678 323 53 22 böra
745 323 27 21 de
785 323 68 22 förses

98 357 50 22 med
170 357 95 28 stämpel,
286 357 67 22 såsom
375 365 35 14 om
433 365 25 14 en
481 357 53 22 hvar
546 357 22 22 af
582 357 49 22 dem
646 356 71 23 blifvit
733 357 93 22 affattad
842 357 13 21 å

98 391 100 21 särskildt
214 391 42 21 ark.
272 391 97 22 Skrifvas
384 391 54 22 flera
448 391 81 28 bilagor
534 391 29 29 pä
575 394 31 19 ett
620 391 44 27 ark,
674 391 103 22 beräknas
789 393 64 20 stäm-

96 426 36 28 pel
147 425 34 22 för
195 425 72 28 hvarje
281 426 76 28 bilaga.

455 490 12 21 9
483 490 18 27 8.

165 546 34 21 De
215 546 92 27 skrifter,
321 546 35 21 för
369 547 74 21 hvilka
458 547 154 29 stämpelafgift
626 547 7 20 i
648 547 68 21 denna
731 546 122 29 förordning

96 580 109 29 påbjudes,
220 580 70 22 kunna
304 581 8 20 i
327 580 114 22 allmänhet
455 581 99 28 antingen
570 581 87 21 affattas
672 581 13 21 å
698 584 31 18 ett
739 581 50 21 eller
799 581 53 21 flera

97 615 39 21 ark
158 615 175 28 stämpelpapper,
355 615 50 21 eller
426 614 40 22 ock
485 614 99 30 beläggas
604 615 49 21 med
667 614 96 29 stämpel,
778 615 74 21 endast

97 649 139 28 stämplarnas
258 648 157 29 sammanlagda
436 649 65 21 värde
515 652 117 19 motsvarar
647 649 36 21 det
698 648 101 29 stadgade
814 648 37 22 be-

97 684 79 28 loppet.
205 678 32 26 Är
257 682 89 22 skriften
367 683 88 21 försedd
469 684 49 21 med
533 684 23 21 så
570 684 42 28 hög
627 684 95 28 stämpel,
737 687 31 18 att
783 684 68 22 denna

96 718 70 21 tillika
189 725 72 14 svarar
283 720 56 19 emot
356 718 104 28 stämpeln
474 718 33 21 till
526 718 114 28 bilagorna,
655 717 92 22 behöfva
762 718 27 21 de
803 718 48 21 sist-

97 751 91 22 nämnda
202 752 47 22 icke
264 752 122 28 ytterligare
401 752 67 21 förses
483 752 49 22 med
547 752 95 29 stämpel.

444 828 27 20 10
487 828 18 27 &.

164 884 48 22 Har
231 884 43 22 fast
297 884 107 29 egendom,
427 884 87 29 belägen
537 885 56 21 inom
608 884 103 22 särskilda
726 884 124 22 domstolars

96 918 105 28 omräden,
224 918 73 22 blifvit
318 918 100 30 uppläten
443 919 66 21 under
528 919 90 28 egande-
633 918 50 22 eller
697 918 153 29 nyttjanderätt

95 960 75 22 genom
186 961 25 13 en
226 953 106 29 handling,
346 952 67 23 hvarä
427 953 78 29 lagfart
520 953 50 21 eller
585 952 121 29 inteckning
718 953 68 26 sökes,
796 953 53 21 skall

96 988 69 21 denna
179 987 101 29 handling
294 988 66 20 förses
376 987 48 22 med
439 988 89 28 stämpel
544 988 56 21 efter
614 987 52 21 fulla
677 987 75 21 värdet
761 986 37 22 vid
808 986 41 22 den

96 1022 96 26 domstol,
208 1022 37 21 där
259 1022 41 22 den
315 1021 32 22 till
363 1022 54 21 först
431 1022 84 22 företes.

443 1091 24 20 11
485 1091 18 27 &.

164 1148 43 21 Om
229 1148 96 21 enskilda
346 1155 105 21 personer,
473 1156 44 13 som
540 1148 32 28 sig
594 1147 89 21 emellan
705 1148 59 20 slutit
781 1148 68 28 nägon

96 1182 219 25 öfverenskommelse,
336 1182 7 20 i
365 1182 70 21 stället
455 1181 33 22 för
509 1185 32 18 att
556 1182 72 21 därom
642 1184 99 26 upprätta
757 1181 92 28 skriftlig

96 1215 129 29 afhandling,
239 1216 51 28 vilja
304 1216 44 21 läta
363 1216 104 21 anteckna
481 1216 38 21 sitt
533 1216 52 21 aftal
601 1216 7 20 i
622 1215 101 21 domstols
737 1216 112 28 protokoll,

95 1258 50 14 vare
166 1250 75 22 sädant
263 1250 48 22 dem
334 1250 47 22 icke
396 1250 126 27 förmenadt,
537 1250 38 21 där
589 1250 37 21 det
641 1250 50 28 eljes
705 1249 92 29 lagligen
811 1249 37 22 ske

96 1284 47 22 kan.
172 1284 12 20 I
205 1284 59 22 detta
286 1284 38 22 fall
345 1284 96 22 utfärdas
461 1284 148 29 expeditionen
630 1284 12 21 å
660 1283 75 22 sådant
750 1284 98 28 stämpel-

94 1326 88 22 papper,
206 1326 44 14 som
271 1319 34 21 för
325 1319 77 28 utdrag
423 1326 24 14 ur
467 1318 128 22 domstolens
609 1318 104 28 protokoll
728 1318 69 21 finnes
812 1318 37 22 be-

95 1352 89 26 stämdt;
200 1359 47 14 men
262 1359 35 14 om
312 1355 32 18 ett
358 1352 75 21 sädant
448 1352 104 27 protokoll
567 1351 118 21 sedermera
699 1352 8 19 i
721 1351 99 21 afseende
836 1351 13 20 ä

95 1385 113 29 utsökning
229 1386 51 21 eller
300 1386 8 20 i
328 1388 64 19 annat
406 1385 55 28 syfte
477 1389 76 24 upptes
568 1385 56 21 inför
637 1384 68 29 nägon
720 1385 129 28 myndighet,

96 1419 100 30 stämplas
212 1419 117 22 detsamma
343 1419 68 22 såsom
426 1419 7 21 i
450 1419 11 21 6
478 1420 11 27 $
505 1419 91 28 stadgas.
