1045 1709
312 113 30 23 U.
357 113 27 23 B.
399 127 28 2 —
442 114 72 28 Prop.
531 114 46 23 N:o
592 114 39 22 22.
839 121 11 21 3

99 176 57 27 djurs
178 176 102 21 dödande
302 176 113 22 äfvensom
437 177 152 21 utsträckande
610 177 23 21 af
653 177 198 28 fridlysningstiden

99 214 56 18 samt
174 211 194 21 åstadkommande
383 211 25 21 af
419 210 76 28 skärpt
509 211 93 21 kontroll
617 211 61 21 öfver
692 212 94 20 handeln
801 212 51 20 med

99 244 84 28 fridlyst
198 244 54 21 vildt
267 245 54 21 efter
336 244 210 28 fridlysningstidens
561 246 85 26 ingång.

167 278 45 21 Vid
230 278 158 28 behandlingen
403 279 26 20 af
440 279 70 21 denna
525 280 137 26 proposition
676 280 76 20 visade
767 279 36 21 det
819 280 34 26 sig

100 312 125 24 emellertid,
246 316 33 18 att
300 314 108 25 åsigterna
431 312 91 22 rörande
538 312 173 21 enskildheterna
726 314 7 20 i
748 312 103 28 förslaget

99 348 67 26 gingo
181 347 87 26 mycket
284 346 80 26 åtskils,
381 346 42 21 och
437 346 75 28 frågan
526 347 38 21 föll
578 347 33 21 för
626 347 42 20 den
683 348 92 26 gången,
791 348 7 20 i
813 347 38 21 det

99 380 122 22 Ständerna
240 382 82 26 ansågo
337 384 33 18 att
385 380 66 22 under
466 382 42 20 den
523 381 31 21 tid
570 380 142 22 nästnämnda
727 381 125 27 förordning

99 416 55 20 varit
172 414 101 28 gällande
288 415 67 21 sådan
371 414 119 22 erfarenhet
506 416 54 20 ännu
577 414 19 28 ej
611 417 90 24 vunnits,
719 418 31 18 att
766 422 29 20 ny
810 414 42 22 för-

100 449 92 27 ordning
207 450 6 20 i
228 450 72 20 ämnet
315 449 72 21 kunde
403 449 67 27 derpå
485 450 92 26 byggas.

168 484 45 21 Vid
237 485 52 20 1888
313 485 34 20 års
368 484 104 27 landtdag
487 487 96 25 upptogs
599 484 89 21 ärendet
703 485 63 25 ånyo,
781 484 70 21 denna

100 518 57 28 gång
171 520 7 20 i
192 518 55 21 form
262 518 25 21 af
298 518 181 28 motionsförslag,
495 518 115 27 åsyftande
622 518 106 28 åtskilliga
739 518 114 27 ändringar

100 554 7 20 i
127 552 100 28 gällande
247 552 131 28 jagtstadga,
401 553 72 21 hvilka
496 554 6 20 i
520 553 37 21 det
572 552 155 28 väsentligaste
743 552 109 21 öfverens-

100 587 85 21 stämde
200 588 50 20 med
266 588 41 20 den
321 587 32 21 till
370 588 52 20 1882
433 588 33 20 års
478 587 103 27 landtdag
592 587 77 21 aflåtna
681 588 170 26 propositionen.

99 622 65 21 Dock
183 622 71 20 kunde
270 622 18 26 ej
303 621 66 21 heller
385 622 69 20 denna
469 622 57 26 gång
541 621 31 21 till
587 621 52 27 följd
653 622 25 20 af
690 622 27 20 de
733 623 6 19 i
754 621 98 21 enskilda

101 656 92 27 punkter
208 656 121 27 skiljaktiga
344 656 107 27 åsigterna
466 656 67 27 något
548 656 158 20 ständerbeslut
721 657 7 19 i
743 655 66 21 saken
819 655 33 21 fås

100 690 32 22 till
146 690 69 21 stånd.

169 724 35 21 Då
226 724 118 21 emellertid
366 724 66 20 under
450 724 28 20 de
493 724 29 25 år,
538 730 48 14 som
601 724 88 20 förflutit
705 723 67 21 sedan
787 723 66 21 utfär-

101 758 81 22 dandet
198 758 22 21 af
233 758 126 21 förberörda
369 758 130 26 förordning,
510 758 104 20 behofvet
624 757 24 21 af
654 757 104 21 särskilda
768 757 84 21 ändrin-

101 800 39 20 gar
162 794 6 20 i
191 793 124 20 densamma
337 793 56 27 gjort
415 794 33 25 sig
470 792 37 21 allt
528 799 46 14 mer
588 792 111 24 kännbart,
715 791 92 26 anhöllo,
823 792 30 26 på

101 828 45 21 sätt
161 828 7 20 i
182 826 148 28 föreliggande
353 828 137 26 proposition
509 826 79 26 jemväl
609 826 143 25 omförmäles,
768 826 85 20 landets

101 862 37 22 vid
164 866 86 18 senaste
275 861 104 28 landtdag
403 861 129 21 församlade
554 861 93 21 Ständer
668 862 31 20 uti
720 860 133 27 underdånig

101 898 93 26 petition
208 900 33 17 att
255 896 60 21 Hans
331 896 120 26 Kejserliga
466 896 102 26 Majestät
583 895 85 21 täcktes
683 894 44 22 låta
742 894 18 27 ej
771 894 82 21 mindre

101 932 30 26 på
151 930 98 28 lämpligt
272 931 43 20 sätt
333 930 124 20 införskaffa
471 930 114 26 utredning
600 929 134 20 beträffande
748 929 106 20 bristerna

101 967 7 19 i
133 964 139 22 oftanämnda
303 964 125 26 förordning
458 967 56 17 samt
546 963 188 27 önskningsmälen
760 962 92 21 rörande

103 999 121 21 desammas
246 998 145 28 afhjelpande,
415 998 27 20 än
456 998 50 20 med
521 998 86 26 ledning
623 997 62 20 deraf
698 997 98 21 utarbeta
811 996 44 21 och

103 1035 7 19 i
131 1033 65 27 nådig
219 1034 136 26 proposition
375 1032 111 27 förelägga
502 1032 84 20 landets
601 1031 252 21 nästsammanträdande

101 1066 95 22 Ständer
217 1067 81 26 förslag
319 1066 32 21 till
365 1073 30 20 ny
409 1066 124 26 förordning
548 1066 6 20 i
570 1065 77 21 ämnet.
677 1065 42 21 Till
734 1064 121 21 omordade

102 1100 155 28 framställning
278 1101 38 20 har
337 1100 60 21 Hans
417 1100 120 26 Kejserliga
552 1099 102 27 Majestät
669 1100 6 20 i
691 1099 65 21 nåder
772 1098 81 25 bifallit,

102 1138 7 19 i
124 1135 52 27 följd
190 1136 79 20 hvaraf
280 1136 22 20 åt
317 1134 133 22 förbemälda
464 1135 82 20 komité
557 1133 129 28 uppdragits
697 1136 32 18 att
739 1132 115 22 verkställa

103 1170 159 26 undersökning
284 1169 17 27 ej
324 1169 82 21 mindre
423 1168 113 28 angående
551 1167 115 21 orsakerna
681 1167 31 21 till
727 1167 42 21 den
784 1166 69 21 öfver-

103 1204 38 21 allt
160 1205 7 20 i
185 1204 73 20 landet
273 1203 111 27 iakttagna
399 1203 147 26 minskningen
562 1201 25 21 af
599 1201 37 21 det
651 1202 129 26 matnyttiga
795 1200 60 21 ville-

103 1238 83 26 brådet,
210 1239 27 20 än
259 1238 41 20 ock
315 1238 104 21 huruvida
434 1238 27 20 de
476 1238 32 20 för
522 1236 127 21 vildnadens
663 1236 116 20 fortkomst
794 1235 61 21 häm-

103 1273 79 21 mande
196 1272 145 27 inflytelserna
355 1272 71 21 kunde
441 1278 79 20 genom
535 1271 43 21 den
592 1270 125 27 ifrågasatta
733 1268 122 22 revisionen

104 1308 25 20 af
147 1307 100 28 gällande
265 1306 84 28 jagtlag
367 1306 107 28 aflägsnas
489 1305 51 21 eller
554 1305 129 21 åtminstone
698 1306 7 19 i
720 1304 71 26 någon
805 1304 50 20 mån

104 1342 130 20 motverkas.
264 1340 62 21 Efter
348 1340 91 21 slutförd
460 1339 159 26 undersökning
639 1339 38 19 har
695 1338 96 20 komitén
805 1338 50 19 med

104 1376 88 26 ledning
212 1374 24 21 af
255 1374 42 20 den
319 1374 74 20 dervid
409 1380 70 14 vunna
494 1372 149 21 erfarenheten
657 1371 103 27 uppgjort
775 1370 81 27 förslag

105 1410 32 22 till
150 1416 30 20 ny
195 1408 125 27 förordning
334 1410 7 19 i
351 1408 84 25 ämnet;
446 1407 52 21 derå
511 1406 42 21 och
563 1406 67 21 sedan
642 1405 104 21 särskilda
758 1404 99 28 myndig,

174 1456 46 20 Lag-
232 1454 28 17 och
272 1454 167 17 Ekonomiutskottets
450 1453 104 16 betänkande
565 1452 34 16 N:o
611 1456 16 16 4.
