1053 1714
52 504 23 18 24
87 504 10 23 8
109 503 30 24 (23
152 503 22 23 5).

188 122 12 21 8
370 120 83 23 Ständ.
470 120 39 23 Sv.
525 133 27 3 —
567 120 73 28 Prop.
657 119 47 24 N:o
719 119 38 23 22.

189 188 139 28 »bevisligen»
345 188 105 21 uteslutits
465 188 68 22 såsom
545 188 141 21 innebärande
698 195 25 13 en
736 188 66 28 enligt
811 187 130 22 Ständernas

188 222 135 22 förmenande
339 222 127 28 öfverflödig
480 222 115 22 föreskrift.

256 256 59 21 Enär
333 256 45 28 jagt
398 256 48 21 med
466 256 111 22 drifvande
598 256 57 21 hund
670 258 24 19 är
708 259 31 19 ett
753 256 23 22 af
790 256 27 21 de
832 256 109 22 verksam-

188 293 66 19 maste
276 290 69 22 medel
369 290 34 22 för
423 290 85 22 räfvens
530 290 116 26 utrotande,
668 298 61 21 synes
751 290 59 29 dylik
827 291 45 28 jagt
888 290 53 22 böra

188 324 65 22 under
275 325 56 22 vissa
353 324 103 22 förbehåll
478 324 78 22 tillåtas
577 324 63 23 äfven
660 324 67 22 under
744 325 42 21 den
800 324 35 22 del
850 324 22 22 af
888 324 53 22 frid-

188 359 158 29 lysningstiden,
367 359 28 21 dä
417 359 86 21 marken
525 361 23 19 är
573 359 124 22 snöbetäckt
721 359 40 22 och
784 359 66 22 skada
871 359 13 21 &
904 359 37 21 det

188 394 127 28 matnyttiga
336 393 125 23 villebrädet
483 394 47 21 icke
552 394 42 22 kan
615 401 75 21 genom
713 394 64 21 sädan
802 394 44 28 jagt
870 393 72 22 ästad-

188 428 101 27 kommas,
310 428 87 22 hvarför
417 429 30 20 uti
468 431 31 19 ett
519 428 100 22 särskildt
637 431 93 19 moment
744 428 23 22 af
781 428 162 28 ifrågavarande

188 462 99 29 paragraf
301 463 108 28 upptagits
424 462 133 22 föreskrifter
575 463 30 21 uti
619 470 28 14 nu
661 462 160 29 ifrågavarande
836 462 105 22 afseende.

258 497 97 21 Oaktadt
368 497 96 28 gällande
479 497 79 29 jagtlag
572 497 47 21 icke
636 497 116 21 innehåller
762 497 78 22 förbud
851 500 45 18 mot
906 505 37 13 an-

189 531 110 22 vändande
309 531 23 21 af
341 531 61 29 giller
411 531 34 21 för
455 531 104 29 fångande
570 531 23 22 af
602 532 78 28 nyttigt
688 532 60 27 vildt,
759 534 23 19 är
791 532 59 21 detta
861 531 82 29 fångst-

189 568 43 19 sätt
243 566 55 22 dock
313 566 60 28 länge
389 565 63 22 sedan
468 566 23 22 af
505 566 41 22 den
556 566 105 21 allmänna
672 566 112 28 opinionen
795 566 148 22 utmönstradt.

190 600 49 22 Och
261 600 28 22 då
308 600 91 22 nämnda
416 600 139 29 fångstmedel
569 601 77 28 jämväl
662 601 65 27 enligt
742 600 128 22 Ständernas
885 600 58 22 åsikt

190 636 23 20 är
227 634 122 29 förkastligt
363 634 59 22 såväl
440 643 25 13 ur
484 635 235 28 humanitetssynpunkt
733 642 44 14 som
793 634 88 22 emedan
896 634 47 22 det-

191 677 79 14 samma
289 669 86 22 utöfvar
395 672 31 18 ett
446 672 77 25 ytterst
537 669 93 28 skadligt
644 669 117 29 inflytande
776 669 29 29 på
819 668 124 23 villebråds-

190 706 113 19 stammens
318 703 137 27 fortbestånd,
469 704 66 21 hafva
549 703 119 22 Ständerna
681 704 61 21 hållit
756 704 46 21 före
817 706 32 19 att
863 706 80 19 använ-

191 738 78 22 dandet
281 738 23 21 af
315 738 61 28 giller
387 738 34 20 för
432 738 152 22 ofvanberördt
595 737 95 22 ändamål
703 738 65 22 borde
781 738 70 22 såvidt
860 738 84 28 möjligt

191 772 123 22 inskränkas
329 775 55 19 samt
398 772 57 28 förty
468 772 79 22 tillåtas
563 772 73 22 endast
651 772 13 22 å
675 776 61 23 orter,
748 772 39 22 där
798 773 71 28 jagten
880 774 63 27 utgör

191 809 31 19 ett
242 806 23 22 af
285 806 159 28 befolkningens
465 807 115 28 viktigaste
597 806 136 29 näringsfång
753 806 40 22 och
812 807 38 21 där
864 806 79 22 förbud

192 844 44 18 mot
257 840 137 23 användande
415 841 22 21 af
457 841 60 28 giller
531 841 82 21 således
628 841 69 21 kunde
712 842 88 21 inverka
814 841 88 29 menligt
915 841 30 29 på

191 875 161 29 befolkningens
372 875 135 22 ekonomiska
521 876 97 21 existens.
647 875 12 21 I
674 875 139 22 betraktande
827 876 61 21 häraf
902 876 42 21 och

192 910 27 22 då
240 909 128 29 fågeljagten
389 910 47 21 icke
456 910 12 20 å
488 910 67 21 andra
574 913 56 18 orter
648 910 9 21 i
671 910 77 26 landet,
763 912 26 19 än
803 910 8 21 i
826 910 118 28 Lappmar-

192 944 51 21 kens
267 944 67 21 härad
359 947 54 18 samt
433 945 8 20 i
462 944 124 28 Kuolajärvi
611 944 77 21 socken
714 944 23 22 af
757 944 67 22 Kemi
845 944 72 26 härad,
936 945 8 20 i

192 978 103 28 väsentlig
307 978 48 22 mån
367 978 99 22 influerar
477 979 29 28 på
516 978 160 28 befolkningens
691 978 102 27 ekonomi,
805 978 64 22 hafva
881 978 64 22 Stän-

192 1012 65 22 derna
277 1012 48 22 icke
345 1012 79 21 kunnat
444 1012 83 22 biträda
546 1013 166 28 propositionens
727 1013 80 27 förslag
821 1016 31 18 att
866 1013 78 27 jämväl

192 1046 135 22 annorstädes
348 1046 69 22 tillåta
435 1046 137 22 användande
587 1046 23 22 af
623 1047 61 28 giller
698 1046 34 22 för
746 1046 133 29 fågelfångst,
893 1049 51 19 utan

193 1084 69 18 ansett
275 1080 70 29 dylikt
359 1080 112 29 fångstsätt
485 1080 52 22 böra
551 1081 118 28 medgifvas
684 1080 75 22 endast
773 1080 12 22 å
800 1080 145 22 förstnämnda

192 1118 61 18 orter.
282 1114 36 22 Då
335 1115 95 21 däremot
447 1114 71 29 fångst
536 1114 49 22 med
600 1115 62 21 fällor
676 1114 146 29 förmånligast
836 1114 109 22 bedrifves

193 1149 66 21 under
278 1149 91 27 Augusti
386 1148 41 22 och
441 1148 126 30 September
581 1148 105 29 månader,
701 1148 38 22 har
753 1148 37 22 det
805 1152 57 25 synts
877 1149 67 28 lämp-

193 1183 40 29 ligt
246 1186 32 19 att
293 1182 75 23 sådant
382 1183 140 29 fångstmedel
539 1183 58 30 finge
611 1184 8 20 i
634 1183 161 29 Lappmarkens
809 1182 67 23 härad
890 1186 57 19 samt

193 1218 124 28 Kuolajärvi
338 1217 78 22 socken
437 1218 23 21 af
480 1218 66 21 Kemi
567 1218 66 21 härad
655 1219 106 21 användas
783 1218 34 21 för
831 1218 114 28 matnyttig

194 1252 56 27 fågel
264 1252 55 21 ända
334 1251 47 21 från
394 1253 113 26 jagttidens
523 1253 73 26 början
608 1252 55 20 intill
675 1252 104 27 utgången
792 1252 23 20 af
824 1252 123 21 November

193 1285 83 26 månad,
291 1285 40 21 och
345 1285 38 20 har
402 1285 135 28 paragrafens
552 1285 65 21 andra
631 1288 93 18 moment
739 1286 18 27 (3
774 1287 68 24 mom.)
857 1285 8 21 i
880 1285 67 28 enlig-

194 1319 37 22 het
244 1318 88 22 härmed
347 1318 173 22 omformulerats.

262 1353 46 22 Vid
331 1353 153 28 behandlingen
505 1353 22 22 af
547 1353 75 29 frågan
642 1361 34 14 om
695 1353 138 22 användande
848 1353 23 22 af
885 1353 62 28 giller

194 1388 35 22 må
249 1387 122 23 framhållas
391 1388 98 21 hurusom
510 1387 80 29 årligen
610 1388 172 22 hundratusental
803 1388 99 22 harskinn
917 1401 29 2 —

194 1422 154 28 motsvarande,
371 1422 53 22 efter
444 1426 31 18 ett
497 1423 87 21 allmänt
605 1422 34 22 för
666 1423 156 22 vinterskinnen
843 1422 105 29 gångbart
