1045 1709
63 1082 104 22 Stämpelaf-

46 1111 32 22 gift
94 1111 27 17 för
133 1110 48 18 dom-

80 1138 67 23 stolars,

69 1168 90 22 offentliga

63 1196 102 22 myndighe-

51 1226 35 16 ters
95 1225 32 17 och
140 1230 36 12 em-

48 1252 89 17 betsmäns
149 1257 32 12 ex-

65 1280 102 22 peditioner.

195 121 27 19 18
379 120 81 22 Ständ.
476 120 39 22 Sv.
530 132 29 3 —
573 120 74 27 Prop.
663 120 42 22 N:o
722 119 36 22 15.

196 187 191 27 Postsparbanken.

194 220 197 22 Provincialläkare.

195 254 188 22 Rektorsembeten
397 254 37 22 vid
448 255 70 28 lyceer
532 255 40 21 och
588 254 187 22 elementarskolor.

195 288 214 22 Revisionskontoret.

195 322 257 22 Riddarhusdirektionen.

194 356 191 22 Rädstufvurätter.

195 390 212 29 Skogsinstruktörer.

195 425 235 29 Sparbanksinspektör.

195 459 107 29 Styrelsen
317 460 34 20 för
365 460 104 20 allmänna
483 459 108 29 sjukhuset
605 460 7 20 i
627 459 140 29 Helsingfors.

196 494 197 29 Stämpelkontoret.

195 528 193 28 Tullexpeditioner
403 528 39 21 och
457 528 99 22 -kamrar.

195 562 162 28 Tullinspektör.

194 596 208 28 ”Yrkesinspektörer.

195 625 218 27 Öfverforstmästare.

262 699 42 21 Till
325 699 68 21 denna
408 698 107 29 afdelning
528 699 99 21 hänföras
641 699 77 28 jämväl
733 699 41 21 alla
789 699 65 21 andra
868 699 74 22 ofvan-

194 732 34 21 för
241 733 48 21 icke
304 733 100 21 särskildt
418 733 124 21 omnämnda
557 736 78 18 statens
649 733 139 27 embetsverk,
798 733 146 28 myndigheter

194 767 39 21 och
252 768 131 27 tjenstemän,
405 767 69 22 sävidt
496 768 98 21 befrielse
615 768 46 20 från
684 768 212 28 stämpelskyldighet
911 768 34 20 för

193 802 129 28 handlingar,
337 809 45 13 som
396 802 32 20 till
443 802 49 21 dem
506 802 90 28 ingifvas
612 802 50 20 eller
677 802 22 20 af
714 802 48 21 dem
776 802 101 27 utfärdas,
892 802 47 21 icke

193 836 69 21 finnes
277 837 7 20 i
299 836 68 21 denna
381 836 122 29 förordning
518 836 140 29 uttryckligen
672 836 127 28 medgifven.

261 871 141 21 Kommunala
424 871 39 21 och
484 871 97 29 kyrkliga
600 871 146 28 myndigheter
765 872 40 20 och
819 872 125 27 tjenstemän

194 905 108 21 äfvensom
316 905 192 28 försäkringsbolag
522 906 41 20 och
576 905 64 21 andra
650 906 103 21 likartade
763 906 121 28 föreningar
893 906 51 20 hän-

194 939 57 21 föras
273 939 93 21 däremot
390 939 47 21 icke
451 940 38 26 hit,
508 940 73 21 såvida
595 940 26 20 de
637 940 46 20 icke
699 940 68 20 finnas
782 940 39 21 här
832 940 64 21 ofvan
911 943 33 18 ut-

193 974 119 27 tryckligen
326 974 96 20 nämnda.

263 1076 142 26 Domstolars,
417 1076 160 27 myndigheters
588 1077 58 19 samt
656 1076 143 21 embetsmäns
807 1079 74 25 öppna
891 1076 52 28 bref,

193 1110 143 28 intyganden,
358 1110 57 20 bevis
430 1110 39 21 och
484 1110 72 27 öfriga
571 1110 147 27 expeditioner
733 1112 35 19 äro
782 1110 37 21 vid
834 1110 111 22 utfärdan-

194 1144 42 27 det,
256 1144 49 21 med
324 1144 26 21 de
364 1145 8 19 i
388 1145 11 19 5
416 1145 12 26 $
443 1144 90 21 nämnda
548 1144 111 28 undantag,
674 1144 154 21 underkastade
843 1145 102 28 stämpel-

193 1178 64 28 afgift
281 1178 65 28 enligt
369 1178 155 21 nedanstående
544 1178 66 21 tariff.
639 1178 109 29 Stämpeln
766 1178 66 29 gäller
847 1178 34 21 för
894 1179 50 21 hela

193 1212 147 29 expeditionen
361 1216 51 18 utan
436 1212 99 22 afseende
550 1212 12 21 å
576 1212 51 22 vidd
650 1212 51 21 eller
719 1212 74 27 arktal,
814 1216 58 18 utom
893 1214 7 20 i
915 1213 28 21 de

193 1247 43 25 fall,
254 1246 27 20 då
300 1246 147 28 expeditionen
469 1246 65 27 enligt
549 1246 86 20 tariffen
650 1246 39 20 bör
703 1246 66 27 draga
783 1247 90 27 stämpel
888 1247 54 21 efter

193 1280 38 20 ark
253 1280 51 20 eller
322 1287 67 13 annan
404 1279 197 28 beräkningsgrund.
631 1279 48 21 Och
696 1280 104 28 iakttages
815 1280 76 21 härvid
905 1283 40 22 att,

193 1313 38 21 där
253 1313 189 28 stämpelbeloppet
463 1313 85 21 utfaller
562 1314 8 19 i
584 1312 74 22 sådant
678 1314 36 25 tal,
735 1313 65 21 hvarå
821 1314 89 28 stämpel
926 1314 16 28 ej

193 1348 68 21 finnes
277 1347 50 21 eller
341 1347 85 22 hvartill
440 1347 54 21 flera
508 1347 100 28 stämplar
623 1346 12 22 å
649 1347 82 21 mindre
746 1347 81 22 värden
844 1348 18 28 ej
874 1348 70 22 kunna

193 1382 180 29 sammanjämkas,
391 1382 33 21 till
440 1382 147 29 expeditionen
601 1381 105 30 begagnas
721 1382 41 22 den
777 1382 57 30 lägre
849 1383 95 29 stämpel,

193 1426 44 13 som
253 1419 22 19 är
290 1417 64 29 sagda
368 1417 31 21 tal
413 1419 97 19 närmast.
