1045 1695
59 443 20 12 21
93 439 10 21 $
116 439 28 22 (22
157 438 22 23 $).

57 1193 20 12 22
91 1189 10 20 &
114 1188 28 23 (23
155 1189 23 22 8).

193 135 28 15 20
414 128 29 23 U.
457 130 63 22 B.—
536 130 73 29 Prop.
624 129 47 23 N:o
685 129 39 22 22.

194 198 6 20 i
215 197 141 21 förevarande
378 201 96 18 moment
496 199 105 26 ingäende
624 198 132 27 stadgandet
778 197 92 21 rörande
885 197 64 21 Uleä-

193 231 66 26 borgs
275 231 40 26 län,
332 232 28 20 än
374 238 65 14 mom.
455 238 11 14 2
483 232 25 21 af
515 232 162 27 ifrågavarande
689 231 106 28 paragraf
801 235 82 17 ansetts
896 231 53 21 böra

193 272 24 13 ur
232 265 152 27 förordningen
406 266 110 25 uteslutas,
532 266 39 21 har
586 266 114 21 Utskottet
715 266 134 21 beträffande
865 265 84 27 fridlyst

193 298 59 25 vildt,
274 306 48 15 som
344 307 97 14 serveras
456 304 46 17 mot
518 301 114 26 betalning,
648 303 72 18 ansett
735 300 42 21 den
792 301 6 20 i
813 299 136 28 nyssantydd

192 335 70 20 måtto
284 335 111 27 påyrkade
418 335 140 26 utredningen
581 334 47 21 icke
650 334 117 27 lämpligen
787 334 70 21 kunna
878 333 69 25 äskas,

193 369 86 21 hvadan
301 369 116 21 Utskottet
440 369 86 20 beslutit
546 376 23 13 ur
590 369 141 20 förevarande
745 372 96 17 moment
857 368 91 21 utesluta

193 404 68 20 orden
276 403 65 25 ,,eller
356 407 46 17 mot
418 403 109 26 betalning
542 404 106 20 servera".

261 437 10 21 I
285 437 52 27 följd
352 437 26 20 af
389 437 126 21 Utskottets
528 437 76 27 åtgärd
615 440 32 17 att
659 444 24 13 ur
694 437 151 27 förordningen
856 436 92 22 utesluta

193 471 42 21 den
256 471 67 22 under
344 473 176 26 propositionens
540 471 26 21 16
580 471 12 27 $
607 475 113 23 upptagna
735 478 56 14 anm.
809 477 7 15 1
835 471 39 21 bör
889 471 37 21 det
942 472 6 19 i

193 511 26 16 22
242 505 13 29 &
279 506 31 28 (21
336 505 20 28 $)
379 509 112 24 upptagna
513 505 131 28 stadgandet
666 506 91 21 rörande
775 505 122 27 Uleåborgs
913 505 34 21 län

191 540 79 27 jemväl
285 541 57 26 utgå,
358 539 94 22 hvarhos
468 539 125 22 Utskottets
608 539 70 22 beslut
693 543 33 18 att
740 539 67 22 tillåta
816 540 47 27 jagt
873 541 13 19 å
896 539 51 22 hare

193 574 46 21 från
254 574 41 21 och
308 581 49 14 men
372 575 42 20 den
432 579 22 21 15
472 576 84 25 augusti
572 573 95 28 päkallar
680 574 90 27 ändring
780 574 25 21 af
813 575 26 20 de
849 575 30 20 uti
890 574 58 21 näst-

193 609 93 20 nämnda
307 609 103 27 paragraf
429 611 111 25 upptagna
556 608 210 27 tidsbestämningar.
783 621 26 2 —
825 608 43 21 För
883 608 65 27 öfrigt

192 643 39 21 har
253 643 38 21 det
313 642 37 21 uti”
365 643 141 20 förevarande
524 643 101 27 paragraf
639 645 6 18 i
660 644 165 26 propositionen
840 643 107 20 förekom-

193 677 78 21 mande
285 677 87 28 ordets,
380 672 128 37 bevisligen"
525 677 25 20 af
561 676 114 21 Utskottet
690 677 107 21 uteslutits
808 677 72 20 såsom
890 678 57 20 inne-

193 711 95 21 bärande
310 718 27 14 en
360 711 65 27 enligt
444 711 124 21 Utskottets
592 711 140 21 förmenande
744 711 128 26 öfverflödig
893 711 54 21 före-

194 745 67 21 skrift.

260 779 58 21 Enär
334 779 120 25 Utskottet,
471 781 6 19 i
492 779 67 21 likhet
574 779 49 21 med
638 780 171 26 propositionen,
825 783 71 17 ansett
906 779 42 21 räf-

193 821 52 14 vens
263 815 115 20 utrotande
399 814 52 21 böra
471 814 118 25 befordras,
605 817 56 17 samt
675 813 79 28 räfjagt
769 814 50 21 med
834 814 113 21 drifvande

193 848 59 21 hund
270 848 23 21 är
308 852 32 17 ett
355 848 24 21 af
391 848 28 21 de
434 848 169 21 verksammaste
618 847 71 21 medel
704 848 33 21 för
751 848 84 21 nående
850 848 25 21 af
887 848 60 21 detta

194 883 48 24 mål,
259 883 38 20 har
312 883 121 24 Utskottet,
450 884 6 19 i
471 883 95 27 enlighet
581 883 49 20 med
645 882 58 20 hvad
718 883 80 20 Finska
809 882 139 27 jagtförenin-

193 923 43 20 gen
255 917 31 20 uti
307 917 37 20 det
362 917 25 20 af
398 917 100 20 bemälda
513 917 97 26 förening
624 916 31 21 till
669 916 61 21 Hans
745 916 120 27 Kejserliga
881 916 67 27 Maje-

193 951 44 20 stät
252 950 80 28 afgifna
347 951 146 26 underdåniga
508 951 100 26 yttrande
623 951 6 20 i
645 950 89 21 ärendet
745 950 118 25 framhållit,
876 953 71 18 ansett

194 984 59 27 dylik
273 984 47 27 jagt
342 984 52 21 böra
416 985 66 20 under
504 986 57 19 vissa
576 983 105 22 förbehåll
694 984 79 21 tillåtas
786 984 80 26 jemväl
881 984 66 20 under

194 1019 43 20 den
256 1019 36 21 del
311 1019 23 20 af
352 1019 202 27 fridlysningstiden,
577 1019 27 20 då
619 1017 88 22 marken
722 1019 23 20 är
760 1017 130 22 snöbetäckt
906 1018 41 20 och

193 1053 68 20 skada
282 1054 13 19 å
317 1053 37 20 det
377 1054 129 26 matnyttiga
526 1050 125 23 villebrådet
667 1053 46 20 icke
728 1052 43 21 kan
785 1059 80 20 genom
880 1053 67 20 sådan

191 1087 48 26 jagt
253 1087 167 21 åstadkommas.
447 1087 48 20 Och
511 1087 38 20 har
564 1087 114 21 Utskottet
693 1087 59 25 förty
764 1088 30 19 uti
805 1090 31 17 ett
847 1086 100 21 särskildt

193 1125 96 17 moment
311 1121 23 20 af
354 1121 162 27 ifrågavarande
536 1121 105 28 paragraf
655 1122 101 26 upptagit
771 1121 131 20 föreskrifter
917 1123 30 19 uti

189 1162 32 13 nu
236 1155 162 27 ifrågavarande
414 1155 108 21 afseende.

262 1189 44 20 Vid
328 1189 149 20 diskussionen
500 1189 91 21 rörande
612 1190 175 26 propositionens
806 1195 26 20 23
849 1189 12 26 $
877 1189 33 26 (22
926 1188 21 29 8)

194 1223 38 20 har
253 1225 58 19 inom
333 1223 116 21 Utskottet
470 1223 98 26 yrkande
588 1223 116 21 framstälts
728 1224 75 20 derom
824 1227 32 17 att
874 1223 74 26 skytte

194 1257 33 20 för
250 1257 79 20 bulvan
353 1258 67 19 måtte
445 1257 44 20 helt
514 1258 42 19 och
580 1257 66 20 hållet
670 1257 115 26 förbjudas,
811 1258 51 19 enär
887 1257 60 21 detta

194 1290 79 27 skytte,
299 1291 29 26 på
352 1290 44 21 sätt
421 1290 65 20 ofvan
508 1290 130 25 framhållits,
661 1297 52 14 vore
734 1290 80 27 egnadt
837 1293 32 18 att
891 1290 57 21 deci-

193 1331 58 14 mera
267 1327 141 18 orrstammen
422 1326 7 19 i
444 1324 78 21 landet.
548 1325 34 20 Då
597 1324 119 21 emellertid
730 1325 167 26 bulvanskyttet,
912 1325 36 20 be-

194 1359 78 20 drifvet
294 1359 50 20 med
366 1358 97 21 förstånd
484 1359 42 20 och
541 1359 74 24 måtta,
630 1359 69 20 måste
715 1365 63 14 anses
794 1359 32 20 för
841 1366 27 13 en
883 1359 25 20 af
919 1359 28 20 de

193 1396 56 17 mest
267 1392 110 21 rationella
392 1392 132 27 fågeljagter,
541 1393 51 20 enär
607 1393 36 20 vid
659 1393 67 20 sådan
738 1392 47 28 jagt
800 1393 87 26 skytten
902 1393 24 20 är
941 1395 6 19 i

193 1427 81 21 tillfälle
289 1430 32 17 att
336 1427 52 26 göra
403 1427 77 26 nödigt
494 1427 60 20 urval
565 1426 23 21 af
597 1426 67 27 bytet,
677 1427 42 20 och
729 1428 28 20 då
767 1427 118 26 dessutom,
897 1428 49 20 med

260 1472 44 21 Lag-
316 1473 27 15 och
355 1471 167 17 Ekonomiutskottets
534 1472 102 16 betänkande
648 1473 34 14 N:o
694 1477 17 15 4.
