1042 1709
325 100 29 22 U.
370 100 28 22 B.
415 113 27 4 —
458 100 75 29 Prop.
548 100 45 23 N:o
609 100 37 22 19.
831 102 27 20 35

455 172 12 28 S
486 174 32 20 14.

181 226 17 20 I
214 226 81 20 arvode
315 225 85 27 äinjute
416 226 261 26 förmyndarenämnden
697 226 28 26 af
744 226 25 20 de
786 231 73 20 omyn-

110 261 65 26 digas
192 260 99 22 behälina
311 261 220 27 kapitalafkastning,
547 261 207 27 lefnadskostnaden
769 261 44 21 icke
828 258 32 28 af-

111 296 95 26 räknad,
223 297 45 20 viss
284 297 34 21 del
334 297 53 26 efter
402 296 59 22 hvad
476 298 73 20 rätten
562 296 49 22 med
622 297 88 25 hänsyn
721 296 32 21 till
760 296 100 27 förmyn-

112 332 135 26 derskapens
263 332 143 26 beskaffenhet
418 332 73 26 finner
505 332 52 27 godt
573 332 126 27 bestämma,
716 332 53 21 dock
785 332 19 26 ej
813 338 48 15 mer

112 369 30 20 än
168 374 26 15 en
212 370 91 24 procent
324 368 9 21 i
347 368 51 21 stad
413 368 39 21 och
467 374 26 15 en
508 368 39 21 och
562 374 27 15 en
603 368 52 27 half
663 369 92 25 procent
766 366 34 28 på
815 368 45 20 lan-

112 404 41 22 det.
187 402 99 23 Arvodet
312 402 58 22 skall
396 402 24 22 af
433 402 166 23 vederbörande
621 403 142 27 förmyndare
777 403 84 21 inbeta-

111 439 34 21 las
168 439 57 21 inom
242 438 42 22 den
299 438 39 27 tid,
363 445 45 15 som
432 439 72 27 gäller
526 439 34 22 för
586 438 145 22 aflemnandet
757 438 24 22 af
805 438 55 22 hans

111 474 143 28 redovisning
277 475 35 21 till
335 474 257 28 förmyndarenämnden,
619 475 61 27 eller,
705 481 34 15 om
763 474 97 28 förmyn-

112 510 120 27 derskapet
255 510 94 27 tidigare
372 511 102 27 upphört,
498 511 48 21 före
570 510 42 22 den
638 512 8 19 1
673 510 57 27 april
750 509 110 27 derpåföl-

109 546 67 27 jande
192 546 31 21 år.

183 582 126 22 Motsvarar
325 583 35 21 det
374 583 82 21 arvode
470 583 44 21 icke
528 583 59 21 hvad
599 582 261 28 förmyndarenämnden

113 618 97 27 skäligen
232 618 39 22 bör
292 618 126 27 tillkomma,
439 617 83 28 åtnjute
540 618 113 22 nämnden
673 618 76 27 nödigt
771 618 88 21 tillskott

112 654 25 26 af
147 654 138 21 kommunen.
308 654 53 26 Den,
378 660 48 15 som
437 654 20 26 ej
466 654 60 26 nöjes
536 654 24 22 åt
569 654 59 22 hvad
638 654 132 21 kommunen
780 653 79 22 härom

108 689 34 28 på
156 689 126 22 nämndens
293 690 170 26 framställning
479 690 97 26 bestämt,
592 690 50 21 söke
657 689 98 27 ändring
771 690 10 20 i
791 689 69 21 beslu-

112 726 28 20 tet
162 725 39 21 hos
223 726 73 21 rätten
318 726 9 20 i
350 725 41 21 den
413 726 35 20 uti
468 726 13 20 7
494 727 14 23 $
524 726 12 21 1
553 731 65 15 mom.
635 725 106 26 stadgade
757 725 102 26 ordning.

184 761 97 21 Arvodet
311 761 45 21 dele
376 761 273 27 förmyndarenämndens
669 760 136 27 ordförande
821 760 38 21 och

112 796 118 21 ledamöter
246 797 34 26 sig
296 796 91 22 emellan
402 796 54 27 efter
472 797 95 21 enhvars
582 796 73 22 möda.
680 796 85 21 Kunna
781 796 26 21 de
816 795 44 22 icke

112 832 76 21 derom
203 838 59 20 enas,
279 832 77 27 afgöre
371 833 72 20 rätten
458 832 49 22 dem
522 832 99 21 emellan.

455 909 12 28 8
486 911 32 20 15.

183 962 195 28 Förmynderskap
402 963 62 22 öfver
485 962 135 28 minderårig
643 962 40 22 och
707 962 62 22 öfver
793 962 68 22 sådan

112 999 110 27 omyndig,
246 1005 46 15 som
314 999 7 21 i
348 1001 24 19 17
393 998 13 29 &
422 1001 96 25 nämnes,
536 999 59 21 skall
611 998 52 28 lyda
679 998 70 22 under
764 1000 74 19 rätten
854 998 7 21 i

112 1035 43 22 den
170 1036 41 27 ort,
228 1035 40 21 der
282 1036 56 20 hans
354 1034 110 22 föräldrar
480 1035 61 27 eller,
559 1041 34 15 om
608 1034 26 22 de
650 1034 19 27 ej
686 1034 58 22 varit
755 1040 106 15 samman-

112 1070 73 28 vigda,
206 1071 55 21 hans
279 1070 76 22 moder
371 1070 40 22 har
427 1070 55 22 eller
497 1070 38 22 vid
551 1070 34 22 sin
602 1070 42 21 död
659 1069 49 22 haft
724 1069 39 22 sitt
778 1070 27 20 bo
821 1069 40 22 och

113 1107 100 22 hemvist.
237 1106 62 22 Skall
316 1106 48 28 den,
381 1112 46 16 som
442 1106 94 27 uppnått
546 1105 225 28 myndighetsåldern,
783 1105 78 21 ställas

114 1142 70 22 under
199 1142 148 28 förmyndare,
363 1142 53 22 höre
432 1142 80 21 sådant
527 1141 88 25 ärende,
633 1141 25 21 så
673 1141 41 21 ock
725 1140 136 28 förmynder-

113 1179 80 26 skapet
216 1178 64 22 öfver
302 1178 85 27 honom,
411 1178 70 21 under
504 1180 74 19 rätten
601 1178 8 20 i
632 1177 42 21 den
698 1179 41 25 ort,
764 1176 39 22 der
818 1176 43 22 den

114 1214 117 28 omyndige
250 1214 41 22 har
312 1214 40 21 sitt
367 1214 27 21 bo
410 1214 40 21 och
465 1214 100 21 hemvist.
597 1212 202 28 Förmynderskap,
816 1218 45 16 som

112 1253 26 19 är
161 1250 39 22 hos
223 1250 93 21 domstol
338 1249 128 28 inskrifvet,
487 1248 103 23 förblifve
612 1248 55 22 dock
688 1248 70 22 under
779 1254 82 15 samma

114 1286 93 21 domstol
229 1285 47 23 tills
297 1285 37 23 det
350 1284 138 28 öfverflyttas
504 1285 29 26 pä
549 1286 44 20 sätt
609 1284 7 21 i
633 1285 28 20 60
677 1283 13 29 &
706 1284 96 26 stadgas.

185 1434 137 23 Lagutskottets
334 1433 116 19 betänkande
462 1433 38 18 N:o
511 1433 18 19 4.
