1067 1703
359 368 215 24 Reservation.
603 367 26 24 3.

186 431 35 22 Då
243 432 28 21 de
293 432 145 28 synpunkter,
457 432 76 22 hvilka
549 433 40 28 jag
603 432 8 21 i
625 432 110 22 utskottet
750 431 121 23 framhållit

118 465 41 22 och
174 465 77 23 hvilka
266 466 113 22 föranledt
393 466 46 28 mig
454 468 33 20 att
501 466 60 23 rösta
574 467 35 21 för
619 466 164 29 godkännande
793 466 25 22 af
827 467 43 21 den

117 500 83 29 nådiga
214 501 173 28 propositionen,
402 501 49 22 icke
466 501 74 22 blifvit
555 501 111 22 beaktade
677 501 7 22 i
696 501 174 22 utskottsbetän-

118 535 90 26 kandet,
224 541 36 15 ser
272 536 40 27 jag
327 535 46 28 mig
387 535 132 26 föranlåten,
535 537 33 19 att
578 537 47 20 mot
634 535 107 22 flertalets
752 535 25 22 af
785 535 85 22 utskot-

117 570 33 22 tet
169 569 74 22 beslut
262 570 93 28 inlägga
369 570 46 22 min
429 570 139 22 reservation
580 570 70 28 jämte
665 570 38 21 det
715 570 40 28 jag
770 569 100 22 anhåller

118 605 33 21 att
164 604 42 21 här
221 604 73 22 nedan
310 604 21 22 få
346 604 110 28 redogöra
471 604 36 22 för
521 604 45 22 min
582 604 143 28 uppfattning
739 604 8 21 i
762 604 76 22 saken.

186 638 44 28 Jag
251 638 42 22 har
314 639 59 21 inom
391 639 110 21 utskottet
517 638 120 23 framhållit
651 640 33 20 att
699 645 28 15 en
743 638 127 28 förhöjning

118 672 25 21 af
156 672 196 22 bränvinsskatten
371 678 54 16 vore
443 674 32 19 att
491 673 114 21 betraktas
620 678 47 16 som
683 679 28 15 en
726 672 144 28 beskattning

118 706 26 21 af
156 706 276 29 utminuteringsbolagen,
452 713 27 15 en
498 707 79 28 åtgärd
592 713 47 16 som
654 707 49 22 icke
718 712 55 16 vore
789 708 33 20 att
836 712 34 16 re-

118 741 165 26 kommendera,
307 741 27 21 då
353 741 26 27 ju
398 741 109 28 bolagens
525 741 60 22 vinst
600 741 35 27 (30
651 741 32 21 till
701 743 26 19 70
741 747 21 22 p.
778 747 27 22 pr
819 741 51 21 liter

117 775 87 28 vanligt
226 775 102 28 bränvin)
351 775 34 22 till
407 775 72 22 större
501 775 66 22 delen
589 775 56 22 eller
661 775 27 27 3/,
704 775 101 22 tillfaller
827 775 43 22 den

117 809 114 27 kommun,
252 810 93 21 hvarest
367 809 100 23 rörelsen
482 809 120 27 bedrifves,
618 810 42 22 och
675 809 143 23 uteslutande
833 815 37 16 an-

118 843 85 22 vändes
218 843 35 22 för
267 843 154 29 befrämjande
436 844 26 21 af
475 844 44 21 den
528 845 64 28 lägre
602 843 171 30 befolkningens
784 843 87 29 sedliga

118 878 42 22 och
182 878 92 29 andliga
297 878 116 28 intressen,
436 878 132 22 hvaribland
587 878 36 22 må
642 878 92 22 nämnas
749 877 122 23 understöd

118 913 34 21 till
167 913 269 28 nykterhetsföreningar,
452 913 75 22 skolor
541 913 42 22 och
596 913 230 28 föreläsningskurser
836 912 36 22 för

118 947 103 22 arbetare
237 954 27 15 m.
281 953 28 16 m.
325 947 81 22 medan
427 947 129 22 återstoden
571 947 26 22 af
609 947 89 22 vinsten
714 947 73 22 såsom
801 947 71 21 kändt

118 981 101 22 tillfaller
236 981 293 22 kommunikationsfonden.

187 1015 45 22 Det
255 1016 41 21 har
317 1015 134 28 visserligen
473 1015 93 28 påståtts
586 1017 33 20 att
636 1016 165 27 lönnbränning
816 1015 12 22 å
843 1022 29 15 en

120 1049 37 22 del
180 1051 60 20 orter
254 1050 7 21 i
276 1049 50 23 vårt
340 1050 53 21 land
407 1056 55 15 vore
477 1056 28 16 en
521 1050 73 22 okänd
608 1050 140 29 handtering.
778 1049 51 23 Men
844 1049 28 22 då

120 1084 38 22 det
179 1084 73 22 tillika
274 1083 86 23 anförts
375 1085 33 21 att
423 1085 98 27 superiet
537 1084 124 22 emellertid
675 1085 100 26 florerar,
789 1083 83 28 kunde,

122 1119 70 28 enligt
211 1119 45 21 min
271 1119 8 21 i
293 1118 110 23 utskottet
417 1119 100 22 uttalade
532 1119 75 27 tanke,
622 1119 99 28 antydda
735 1118 136 23 missförhål-

120 1153 82 22 landen
210 1153 150 22 förekommas
369 1153 134 28 derigenom,
513 1154 32 21 att
554 1153 95 28 bolagen
657 1153 132 29 ytterligare
799 1153 73 22 skulle

119 1187 53 28 höja
194 1188 48 21 sina
260 1187 222 29 försäljningspriser,
498 1188 35 22 tör
547 1188 44 21 den
605 1188 108 22 händelse
728 1188 96 22 orsaken
839 1188 34 21 till

123 1222 39 22 det
184 1223 57 21 onda
263 1223 82 28 ansågs
363 1223 33 21 till
411 1221 73 30 någon
500 1222 37 23 del
551 1223 63 28 ligga
628 1222 7 21 i
650 1222 129 23 bränvinets
794 1222 79 29 billiga

121 1257 53 28 pris.
204 1257 108 22 Deremot
333 1257 76 22 kunde
428 1256 13 23 å
459 1259 66 25 orter,
548 1257 92 22 hvarest
661 1257 130 22 bränvinets
812 1257 60 28 höga

120 1291 46 28 pris
182 1293 76 26 syntes
276 1291 117 22 föranleda
407 1291 164 28 lönnbränning
585 1291 69 28 priset
669 1291 82 22 sänkas
766 1291 107 28 förslags-

122 1326 34 21 vis
171 1325 50 22 icke
236 1326 51 21 med
303 1332 28 15 en
346 1325 156 28 obetydlighet
516 1325 25 22 af
555 1328 12 18 5
582 1325 68 28 penni
665 1327 54 20 utan
733 1327 15 19 t.
765 1332 35 15 ex.
818 1328 26 18 10
859 1325 14 21 å

122 1362 26 18 30
164 1364 20 22 p.
201 1365 26 21 pr
242 1359 57 21 liter.

190 1392 45 29 Jag
249 1392 41 22 har
305 1392 93 23 sålunda
412 1393 60 23 inom
487 1392 110 23 utskottet
611 1392 61 24 velat
686 1392 69 23 häfda
765 1392 44 23 den
819 1399 54 22 upp-

190 1428 192 21 Ekonomiutskottets
397 1428 115 21 betänkande
527 1428 37 20 N:o
578 1429 21 19 2.
