1045 1709
343 110 24 22 U.
382 111 25 22 B.
423 124 28 4 —
466 112 64 30 Prop.
545 113 38 23 N:o
600 113 32 23 15.
844 120 13 18 5

297 168 34 28 Är
347 176 55 22 1888
418 177 59 21 Fmk
514 179 97 26 765,437:
627 180 34 22 59.

305 226 12 10 »
347 211 55 21 1889
435 228 12 10 ,,
478 201 14 43 —
515 212 96 28 858,658:
627 214 34 21 09.

305 260 11 11 »
349 244 55 23 1890
436 262 11 10 ,
476 235 26 43 =
513 246 98 28 905,031:
626 248 34 21 45.

304 295 12 11 »
347 279 54 21 1891
436 296 11 11 ,
485 269 15 42 =
513 281 97 26 942172:
627 282 34 21 83.

304 329 11 11 »
347 313 55 21 1892
435 330 12 11 ,,
479 302 23 44 =
513 315 97 27 995,746:
626 316 34 21 06.

304 363 11 11 »
347 347 55 22 1893
435 364 12 11 ,,
494 349 117 27 —1,014,492:
626 351 34 20 22.

303 397 11 11 »
345 381 56 22 1894
434 398 12 11 ,,
492 383 118 26 1,035,347:
625 384 35 21 04.

303 431 12 11 »
347 415 55 22 1895
435 432 12 11 ,,
493 417 117 27 1,500,286:
628 418 33 21 73.

303 465 12 11 »
347 449 55 22 1896
434 466 12 11 ,,
491 451 118 27 1,540,698
627 452 32 21 73.

170 511 100 22 Fränser
285 519 54 14 man
355 512 44 21 den
415 513 155 28 exceptionelt
580 513 130 29 betydande
720 515 135 28 stegringen

102 546 37 21 för
154 547 24 20 är
196 547 61 25 1895,
274 546 97 21 hvilken
385 547 147 28 väsentligen
547 548 77 21 berott
638 549 29 27 pä
675 549 91 28 vigtiga
773 549 40 22 vid
822 557 33 14 se-

101 582 66 19 naste
180 580 112 29 landtdag
309 581 123 28 godkända
447 581 70 29 höjda
534 582 56 21 eller
607 590 46 21 nya
668 583 146 28 skattetitlar,
832 584 25 21 af

101 615 81 21 hvilka
203 615 161 21 vexelskatten
383 623 78 14 ensam
477 617 89 28 ärligen
581 617 93 28 inbragt
690 617 59 22 circa
763 619 92 27 200,000

100 649 72 28 mark,
196 649 74 21 finner
292 657 54 14 man
366 650 94 27 säledes,
477 652 34 19 att
526 651 73 21 under
614 651 54 21 ären
685 653 118 27 1888—95,
819 652 36 21 för

101 683 81 22 hvilka
198 683 68 22 säkra
280 683 120 29 uppgifter
415 684 121 29 föreligga,
553 692 29 14 en
597 685 89 29 ökning
700 686 155 21 afimedeltal

101 719 12 20 5
124 719 27 26 %/o
166 718 98 21 kommit
279 719 29 27 pä
323 718 81 28 hvarje
419 719 31 20 är.
467 719 42 21 Om
526 714 39 37 ock
581 719 31 22 de
627 720 41 21 vid
676 721 62 26 1885,
748 721 54 21 1888
811 721 43 20 och

101 753 54 21 1891
172 753 36 20 ärs
224 753 173 21 ständermöten
412 753 36 21 uti
462 753 266 30 stämpelförordningen
743 755 112 28 vidtagna

101 786 195 29 förändringarna
311 787 8 21 i
335 786 75 22 denna
426 787 37 22 del
478 788 51 21 icke
544 788 61 22 varit
618 790 57 20 utan
686 789 37 21 sin
731 789 120 28 betydelse

100 821 68 28 tyder
192 821 58 22 dock
273 821 45 22 den
333 821 8 21 i
357 825 91 24 ögonen
463 821 102 22 fallande
580 823 205 28 regelbundenhet,
801 823 54 22 med

100 856 96 22 hvilken
218 856 92 21 skatten
331 857 24 20 är
373 856 37 22 för
425 857 24 21 är
465 857 72 29 stigit,
552 858 29 27 pä
596 859 35 20 att
646 858 118 29 ökningen
779 859 9 20 i
803 858 52 21 huf-

99 891 91 21 vudsak
212 894 24 18 är
259 891 112 28 betingad
393 891 25 22 af
435 892 27 21 de
477 892 118 21 materiela
610 892 112 29 framsteg
737 893 52 21 vårt
803 893 51 21 folk

99 925 73 21 under
202 933 87 13 samma
317 926 36 21 tid
375 926 127 22 successivt
523 926 68 29 gjort.
620 927 82 28 Enligt
726 927 127 21 utskottets

100 959 61 28 äsigt
183 960 46 21 kan
249 967 53 14 man
325 959 82 28 derför,
428 960 53 21 med
502 960 91 29 hänsyn
611 961 37 20 till
667 961 76 21 denna
757 961 25 20 sä
797 961 57 21 kon-

99 995 77 20 stanta
195 993 95 29 ökning,
309 995 56 20 utan
383 994 97 28 farhäga
499 994 36 22 för
550 995 98 28 misstag
662 997 90 26 antaga,
768 996 35 20 att
817 995 36 20 för

99 1027 125 22 framtiden
247 1035 29 14 en
298 1028 59 28 årlig
379 1028 170 21 medeltillväxt
567 1028 26 21 af
605 1029 71 20 minst
691 1030 56 20 2—3
755 1029 28 27 %
793 1028 61 21 skall

98 1069 55 15 vara
168 1064 34 19 att
217 1063 108 27 päräkna.

167 1096 171 29 Föreliggande
359 1096 86 29 nädiga
467 1097 145 28 proposition
633 1097 138 28 uppskattar
785 1097 68 21 emel-

98 1130 70 21 lertid
183 1130 233 29 nettobehällningen
427 1130 25 21 af
460 1131 191 28 stämpelskatten
660 1131 36 21 för
706 1131 53 22 hela
768 1131 85 21 finans-

98 1164 110 28 perioden
223 1165 140 21 1895—1897
379 1165 38 20 till
431 1165 9 20 i
454 1165 71 21 rundt
539 1165 34 21 tal
587 1166 115 26 4,500,000
711 1165 72 27 mark,
795 1165 55 22 hvil-

98 1198 47 21 ken
167 1205 89 14 summa
278 1198 52 21 med
353 1199 140 20 ätminstone
517 1199 91 27 100,000
626 1199 65 21 mark
706 1199 147 28 understiger

99 1232 39 21 det
159 1233 104 25 resultat,
286 1239 50 14 som
359 1232 74 21 delvis
455 1233 71 20 redan
549 1236 25 17 är
595 1232 99 21 faktiskt
710 1233 81 21 ernädt
806 1233 47 27 (för

100 1267 55 21 1895
170 1266 43 21 och
230 1267 70 26 1896),
317 1266 75 21 delvis
408 1266 47 27 (för
471 1267 63 26 1897)
550 1267 46 20 kan
612 1273 67 14 anses
695 1267 35 20 stä
741 1267 67 28 höjdt
819 1267 33 21 öf-

98 1308 41 14 ver
161 1301 42 20 allt
222 1300 90 22 tvifvel.
341 1300 55 21 Men
412 1300 77 21 dertill
504 1300 103 21 kommer
622 1302 131 26 yttermera,
769 1302 35 19 att
818 1301 35 20 in-

98 1335 133 20 komsterna
244 1334 87 28 jemväl
345 1334 36 20 för
397 1334 125 21 framtiden
537 1341 69 20 synas
621 1334 79 25 blifvit
711 1334 94 21 alldeles
816 1334 37 21 för

97 1367 51 28 lägt
162 1367 137 21 beräknade.
328 1367 82 21 Ehuru
425 1367 107 28 gällande
548 1367 236 28 stämpelförordning
796 1369 57 20 utan

166 1406 207 24 Bevillningsutskottels
386 1406 118 24 betänkande
509 1407 34 18 N:o
555 1407 18 18 2.
