1070 1709
182 128 27 21 58
368 127 84 22 Ständ.
468 126 38 23 Sv.
521 140 27 2 —
564 126 72 28 Prop.
654 127 42 21 N:o
711 126 37 22 15.

181 195 100 21 skriftens
303 194 101 29 behöriga
428 195 119 28 stämpling,
569 194 34 22 mä
624 195 114 21 afskriften
753 195 66 21 förses
835 194 49 22 med
898 194 37 22 det

181 228 175 29 stämpelbelopp,
370 236 45 14 som
430 228 12 21 å
457 228 171 22 hufvudskriften
642 229 82 21 brister.

249 262 64 29 Intyg
333 263 8 20 i
356 262 135 22 omförmäldt
505 263 99 21 afseende
619 262 39 21 bör
672 262 55 21 helst
743 262 107 21 meddelas
865 263 8 20 i
888 262 47 21 stad

180 297 24 21 af
221 296 127 22 ordförande
367 297 8 21 i
395 297 135 28 magistraten
552 296 50 22 eller
622 296 75 22 därvid
713 296 83 22 anstäld
810 297 125 27 tjensteman

180 331 41 21 och
235 331 28 29 pä
277 331 73 21 landet
364 330 22 22 af
400 331 92 26 domare,
507 331 134 29 presterskap
656 330 52 22 eller
719 330 156 28 kronobetjent;
888 330 47 22 sko-

180 365 63 21 lande
265 366 65 21 andra
352 365 53 29 gode
428 367 54 25 män,
502 373 45 14 som
563 365 74 22 sädant
652 364 105 29 bestyrka,
771 365 64 28 jämte
850 368 85 18 namnet

180 402 79 19 utsätta
274 401 33 20 sin
321 399 119 29 befattning
456 400 50 21 eller
521 400 37 21 sitt
572 399 51 29 yrke
638 399 40 21 och
693 400 96 21 hemvist.

527 475 25 21 18
568 475 18 27 &.

249 531 43 21 Om
314 531 114 28 stämpling
450 531 22 21 af
493 531 78 21 sädana
593 532 70 27 öppna
680 530 48 22 bref
743 530 13 21 &
770 530 103 26 embeten,
888 532 46 20 vär-

180 565 97 29 digheter
291 565 38 21 och
346 565 82 26 afsked,
440 573 44 13 som
495 565 22 21 af
525 565 60 21 Hans
593 564 120 28 Kejserliga
721 565 102 27 Majestät
831 564 103 28 egenhän-

180 599 46 29 digt
248 599 158 26 undertecknas,
429 598 93 29 besörjer
543 599 41 21 den
605 598 136 27 embetsman,
759 606 44 14 som
818 598 116 28 föredragit

180 634 87 21 ärendet
287 634 8 20 i
317 633 97 22 Senaten.
443 634 51 20 Men
515 633 34 21 för
571 633 113 29 stämpling
705 633 23 21 af
743 632 25 22 de
784 633 150 29 expeditioner,

180 675 44 14 som
246 667 94 22 utfärdas
363 668 101 28 antingen
487 668 23 21 af
531 667 91 22 Senaten
645 668 51 20 eller
717 667 65 21 andra
801 667 133 22 embetsverk

180 710 60 14 svare
259 702 41 21 den
314 703 131 27 tjensteman,
460 710 43 13 som
519 702 167 28 kontrasignerat
704 702 152 28 expeditionen,
878 702 55 26 eller,

180 736 38 22 der
233 736 177 29 kontrasignation
426 738 18 26 ej
460 741 35 24 egt
510 744 51 19 rum,
573 744 45 13 som
627 736 95 22 utfärdat
732 736 127 22 densamma.

492 934 35 24 IV
552 933 72 32 Kap.

217 1002 36 22 Om
270 1001 183 29 stämpelpappers
469 1002 40 22 och
524 1001 189 29 stämpelmärkens
728 1000 128 30 försäljning,
872 999 26 25 sä

296 1036 40 22 ock
351 1036 50 22 huru
417 1036 115 28 ersättning
549 1034 33 24 mä
597 1036 65 22 sökas
676 1036 35 22 för
725 1036 96 28 stämpel,

358 1076 45 16 som
419 1075 72 22 genom
508 1070 140 28 misskrifning
664 1070 51 22 eller
731 1068 26 30 pä

420 1104 65 22 annat
499 1104 45 22 sätt
557 1104 137 22 förderfvats.

529 1166 26 21 19
572 1167 18 27 $.

251 1222 176 29 Stämpelpapper
441 1223 40 21 och
496 1223 177 29 stämpelmärken
688 1222 59 22 skola
757 1222 69 22 finnas
834 1226 32 18 att
874 1222 61 29 tillgå

182 1256 23 20 af
228 1256 126 21 ätminstone
376 1256 92 27 följande
490 1256 85 26 värden,
596 1257 115 27 nämligen:
727 1257 171 28 stämpelpapper
912 1256 23 21 af

181 1289 104 29 tjugufem
306 1290 40 21 och
367 1289 74 22 femtio
459 1290 74 28 pennis
555 1293 56 18 samt
632 1298 32 18 en,
678 1290 38 22 tvä
737 1290 40 21 och
798 1290 47 28 fyra
864 1290 70 21 marks

181 1324 88 27 valörer,
285 1327 54 18 samt
354 1324 176 28 stämpelmärken
545 1324 22 21 af
582 1323 48 27 fem,
638 1324 36 26 tio,
682 1324 65 29 tjugu,
759 1324 109 29 tjugufem,
877 1324 56 29 fyra-

181 1359 30 21 tio
233 1359 39 21 och
287 1358 73 22 femtio
378 1360 74 27 pennis
467 1361 55 19 samt
536 1366 26 14 en
577 1358 75 27 marks,
663 1366 25 14 en
703 1359 40 21 och
759 1366 25 14 en
798 1358 46 22 half
859 1358 76 27 marks,

181 1392 43 28 tvä,
238 1395 39 25 tre,
291 1392 53 29 fyra,
358 1392 50 28 fem,
424 1394 35 26 tio,
474 1392 87 27 femton,
570 1393 64 28 tjugu,
645 1392 109 29 tjugufem,
762 1394 79 26 trettio,
851 1393 82 29 fyratio,

182 1427 79 27 femtio,
281 1427 117 27 etthundra,
416 1427 119 22 tvähundra
556 1427 40 21 och
618 1427 125 22 femhundra
762 1428 69 21 marks
847 1428 86 21 valörer.
