1050 1714
223 104 25 21 14
523 103 40 21 N:o
581 103 31 20 18.

192 171 83 21 relsens
289 170 159 27 handläggning
463 170 155 21 ankommande
631 169 72 27 frågor
713 169 91 22 rörande
814 169 130 22 fortbestån-

193 205 37 20 det
244 204 23 21 af
280 204 124 21 meddeladt
418 206 80 25 patent,
515 204 52 21 söke
581 203 91 27 ändring
686 204 28 26 på
729 205 44 20 sätt
787 203 40 21 och
837 203 57 21 inom
905 203 40 26 tid,

193 245 45 15 som
253 239 8 20 i
277 239 25 21 13
317 239 12 27 $
345 238 94 27 stadgas.

523 309 12 19 4
551 307 67 21 KAP.

260 371 36 20 Om
311 371 64 23 talan,
391 377 45 14 som
451 371 7 19 i
473 370 115 27 anledning
602 369 25 21 af
639 369 101 26 beviljadt
754 370 72 26 patent
841 369 36 21 må

461 404 36 21 vid
511 404 89 21 domstol
615 403 62 21 föras.

539 468 26 20 23
581 467 19 28 8.

264 508 45 21 Har
328 509 74 25 patent
422 507 118 21 meddelats
555 507 8 21 i
579 507 54 21 strid
648 507 47 21 med
711 506 148 27 stadgandena
873 507 8 20 i
898 507 19 26 1,
932 507 14 20 2

194 543 52 21 eller
261 543 12 20 3
289 542 32 27 88,
336 542 53 21 eller
403 543 24 20 är
443 542 40 20 den
499 541 31 21 till
549 541 70 27 grund
638 541 33 21 för
685 543 97 24 patentet
797 541 98 27 liggande
910 541 37 21 be-

194 577 105 26 skrifning
315 577 59 21 öfver
389 576 150 27 uppfinningen
553 575 24 22 så
593 576 81 27 otydlig
689 576 52 21 eller
757 575 142 28 ofullständig,
915 577 32 20 att

194 611 121 27 sakkunnig
337 611 47 21 icke
406 611 42 20 kan
467 611 47 20 med
534 611 85 26 ledning
635 610 60 21 deraf
709 610 73 21 utöfva
797 609 149 28 uppfinningen

194 646 41 27 må,
255 645 70 22 såvidt
340 645 18 28 ej
375 645 6 21 i
396 646 27 21 24
439 645 11 28 $
466 645 134 22 annorlunda
616 645 93 27 stadgas,
727 645 79 21 enhvar
821 651 45 15 som
882 650 64 15 anser

194 680 32 21 sin
245 682 44 19 rätt
307 680 78 21 sådant
401 679 80 28 fordra,
497 681 24 20 så
537 680 39 21 ock
591 680 93 21 kronans
700 679 85 27 ombud,
801 681 40 19 när
857 679 36 22 det
908 679 38 21 all-

194 716 87 29 männas
304 714 68 21 fördel
395 714 36 21 det
454 715 103 26 påkallar,
580 715 72 20 kunna
674 714 34 21 vid
732 714 92 21 domstol
846 713 53 27 yrka
915 715 32 20 att

194 751 97 25 patentet
306 749 107 21 förklaras
429 749 73 26 ogildt.

265 779 30 26 Är
317 783 68 21 sådan
406 783 58 22 talan
486 783 96 27 grundad
605 783 72 26 derpå,
700 785 33 19 att
751 783 40 21 den
807 783 139 26 patenterade

194 817 150 28 uppfinningen
368 817 65 22 delvis
453 817 200 22 öfverensstämmer
672 817 48 22 med
735 817 128 28 uppfinning,
879 817 67 22 hvarå

195 859 69 14 annan
287 853 95 26 åtnjuter
403 851 91 28 tidigare
517 852 75 27 skydd,
611 852 63 21 varde
694 851 118 28 patentet
807 847 14 36 i
829 852 40 21 den
885 852 61 21 delen

195 887 120 21 förklaradt
331 887 71 26 ogildt,
417 893 49 15 men
482 887 55 26 gälle
553 887 7 21 i
576 887 42 26 det,
634 892 44 15 som
694 888 24 19 är
732 888 53 25 nytt.

264 921 67 22 Talan
351 927 33 15 om
407 921 148 22 fastställande
579 921 24 21 af
616 927 75 15 senare
707 923 86 25 patents
809 921 138 27 afhängighet

195 956 24 21 af
232 956 89 27 tidigare
337 957 74 26 patent
425 955 36 22 må
476 956 39 21 ock
531 955 22 22 af
567 955 156 22 vederbörande
738 955 163 28 patenthafvare
912 955 34 21 vid

195 991 91 21 domstol
301 990 64 21 föras.

541 1025 27 21 24
583 1025 18 28 8.

265 1065 47 21 Har
326 1065 70 26 någon
411 1064 97 27 olofligen
519 1065 98 26 tillegnat
628 1064 33 27 sig
674 1071 81 14 annans
765 1064 94 21 hvarken
870 1064 76 21 offent-

195 1100 103 27 liggjorda
321 1099 51 21 eller
390 1101 64 24 öppet
472 1099 100 21 utöfvade
588 1099 123 26 uppfinning
727 1099 39 21 och
781 1099 76 20 vunnit
873 1100 74 25 patent

195 1134 52 21 derå
269 1134 52 21 eller
343 1133 100 21 utverkat
462 1133 31 26 sig
513 1136 74 23 patent
602 1133 13 20 å
629 1132 130 27 uppfinning,
776 1132 112 21 hvaröfver
903 1133 44 20 han

195 1168 47 21 icke
257 1168 70 21 allena
343 1169 36 25 egt
393 1166 88 27 förfoga,
497 1167 35 21 må
547 1167 76 21 endast
639 1167 39 20 den
694 1166 131 22 förorättade
840 1167 28 26 på
879 1166 66 21 sådan

195 1201 68 28 grund
285 1201 46 22 föra
354 1201 58 21 talan
436 1207 35 15 om
493 1203 33 19 att
543 1202 98 26 patentet
655 1201 106 21 förklaras
778 1200 73 27 ogildt.
882 1200 64 22 Vill
935 1196 15 37 i

195 1237 63 20 dessa
273 1235 39 22 fall
327 1236 41 21 den
383 1235 131 22 förorättade
529 1235 68 22 hellre
611 1235 59 26 yrka,
686 1237 33 19 att
733 1237 98 24 patentet
846 1235 46 21 helt
907 1235 39 21 och

195 1269 66 21 hållet
276 1269 52 21 eller
343 1269 34 21 till
393 1269 39 20 den
448 1269 35 20 del
497 1269 42 21 han
554 1269 46 20 haft
615 1270 33 19 att
662 1269 53 20 råda
725 1269 59 20 öfver
794 1268 149 27 uppfinningen

195 1303 54 21 skall
272 1303 33 21 till
323 1303 77 21 honom
419 1303 102 26 afträdas,
537 1309 38 22 ege
591 1305 44 19 rätt
650 1303 80 26 dertill;
747 1303 53 21 dock
816 1303 35 21 må
866 1303 80 21 sådant

195 1338 94 27 anspråk
307 1338 19 27 ej
345 1338 63 21 lända
423 1338 32 21 till
471 1337 84 28 förfång
570 1338 32 21 för
618 1338 66 27 tredje
700 1344 55 21 man,
771 1344 46 15 som
832 1339 7 20 i
854 1338 42 27 god
912 1339 34 21 tro

195 1373 69 21 inlåtit
280 1373 32 27 sig
327 1373 7 21 i
349 1372 52 22 aftal
417 1373 49 21 med
481 1373 185 27 patenthafvaren.
