1039 1706
213 118 26 20 12
411 116 76 22 Ständ.
503 116 34 22 Sv.
554 129 27 2 —
596 116 64 28 Prop.
675 116 39 22 N:o
732 115 33 23 19.

211 181 221 28 förmynderskapet,
450 181 45 21 kan
511 180 39 22 det
565 180 77 21 hända
657 182 34 19 att
707 180 44 21 den
767 180 137 28 omyndiges
920 182 47 19 rätt

211 215 52 21 icke
278 218 26 18 är
319 214 127 28 behörigen
460 214 157 28 tillgodosedd
639 214 81 21 endast
735 214 53 21 med
803 214 45 21 den
863 214 103 28 förmyn-

211 248 69 22 daren
296 248 123 29 åliggande
433 248 249 28 skadeståndsplikten,
691 250 57 19 utan
762 248 104 28 påkallar
878 247 88 29 jämväl

210 282 176 30 förmyndarens
402 282 134 22 afsättande.
567 282 130 22 Ständerna
715 282 71 22 hafva
804 282 64 29 förty
882 289 84 21 genom

211 324 29 15 en
254 317 90 22 mindre
368 317 190 28 omformulering
581 317 72 28 gifvit
667 318 28 22 57
711 318 12 26 $
748 319 4 20 2
767 324 68 14 mom.
852 324 29 14 en
896 316 71 22 sådan

210 352 131 28 affattning,
358 352 160 28 attiantydda
531 351 43 22 fall
589 351 176 29 förmyndarens
782 351 130 22 afsättande
920 351 47 21 kan

210 388 30 26 pä
255 386 77 29 grund
347 386 26 21 af
385 386 71 28 sagda
471 388 102 20 moment
589 393 43 21 ega
646 393 57 14 rum.

279 422 28 21 59
322 422 19 26 8.
371 420 42 22 Uti
435 422 6 20 2
456 428 68 14 mom.
541 420 25 21 af
579 420 76 22 denna
676 420 111 29 paragraf
808 424 66 24 säges
894 422 34 19 att
943 420 27 21 af

210 455 283 29 förmynderskapsboken
508 454 84 29 utdrag
607 454 60 22 skall
681 454 118 22 tillställas
810 454 157 29 förmyndare-

211 490 123 26 nämnden,
351 489 59 21 efter
425 489 61 21 hvad
501 489 78 21 därom
595 488 110 22 särskildt
721 488 99 29 stadgas.
836 488 130 22 Ständerna

211 524 79 21 kunna
305 523 52 22 icke
370 523 121 21 underläta
506 525 34 20 att
554 523 9 21 i
579 522 127 29 anledning
728 523 68 21 häraf
809 523 73 21 uttala
897 523 69 21 huru-

210 566 50 14 som
276 558 40 21 det
330 557 58 21 hade
404 558 61 21 varit
480 557 127 22 önskvärdt
623 559 34 19 att
672 557 44 22 den
727 557 186 21 administrativa
920 556 46 22 för-

210 592 110 29 fattning,
337 592 97 21 hvilken
449 596 25 18 är
489 592 81 22 afsedd
585 594 34 19 att
633 592 8 21 i
658 592 166 29 sammanhang
839 592 53 21 med
903 591 64 22 detta

210 627 128 29 lagförslag
353 627 109 27 utfärdas,
474 626 79 23 blifvit
569 627 129 21 Ständerna
712 626 38 22 till
766 626 130 22 kännedom
907 626 60 22 med-

211 662 73 28 delad,
301 662 77 21 säsom
400 662 64 21 förut
479 662 110 28 vanligen
604 662 61 21 varit
679 662 66 21 fallet
759 661 53 22 med
828 661 85 21 sädana
928 661 37 21 ad-

211 696 157 22 ministrativa
390 696 173 28 författningar,
587 703 50 14 som
655 696 123 21 innehållit
794 695 172 29 detaljbestäm-

211 731 83 27 ningar
309 730 9 21 i
336 730 85 28 frågor,
442 730 93 22 hvarom
559 730 157 28 ständerlagar
738 730 96 22 stiftats.
864 729 103 22 Emedan

210 772 32 14 nu
258 764 52 22 icke
325 765 26 21 sä
366 764 68 28 skett,
458 764 41 22 har
521 765 65 28 fräga
608 764 81 22 väckts
711 764 115 22 huruvida
842 764 20 28 ej
880 764 8 21 i
904 764 62 21 detta

211 800 103 21 moment
328 798 70 22 borde
414 799 90 28 intagas
519 803 105 17 närmare
639 799 174 28 bestämningar
825 806 37 14 om
878 798 28 22 de
920 798 47 22 för-

210 834 137 27 teckningar
362 833 66 21 öfver
435 832 200 29 förmynderskap,
644 840 49 14 som
701 833 266 27 förmyndarenämnden

210 868 42 21 bör
268 867 57 21 föra.
355 867 12 21 I
380 867 152 21 betraktande
555 867 71 27 däraf,
643 869 34 19 att
692 867 80 28 dylika
793 866 174 30 bestämningar

211 902 56 28 ingå
281 902 36 21 uti
332 903 12 20 8
360 901 43 22 och
419 903 13 20 9
448 903 27 26 88
490 902 26 21 af
523 902 210 28 lagberedningens
744 902 64 21 förut
816 901 151 22 omförmälda

210 936 89 28 förslag
314 936 37 21 till
367 936 172 21 administrativ
553 936 247 28 förordning
699 932 13 37 i
717 936 83 28 ämnet,
816 936 69 22 hafva
900 936 67 21 Stän-

211 970 71 22 derna
296 969 66 28 dock,
378 970 74 21 under
466 970 169 28 förutsättning
647 972 34 19 att
697 970 28 21 de
741 970 8 22 i
760 970 67 22 dessa
833 970 133 28 paragrafer

211 1004 114 28 ingående
340 1004 143 28 stadganden
499 1004 92 22 komma
606 1006 34 19 att
655 1005 8 21 i
677 1004 133 22 hufvudsak
830 1004 74 22 blifva
918 1004 49 28 gäl-

211 1038 75 27 lande,
301 1038 55 21 låtit
371 1038 75 21 denna
460 1038 66 28 fråga
542 1038 98 22 förfalla.

280 1073 25 21 61
323 1073 20 26 $.
372 1072 12 21 I
399 1072 239 22 öfverensstämmelse
660 1072 52 22 med
735 1072 44 22 den
794 1073 35 21 uti
848 1074 24 20 17
888 1073 13 26 $
917 1072 49 22 vid-

210 1108 72 26 tagna
304 1106 129 28 ändringen
455 1106 40 21 har
513 1106 70 21 äfven
601 1106 9 21 i
625 1108 26 20 61
667 1108 14 25 8
695 1106 99 22 framför
810 1107 64 21 ordet
892 1106 74 27 ,frän-

212 1140 51 21 der"
280 1141 84 20 insatts
380 1139 66 22 ordet
463 1141 147 23 ,närmaste*.

280 1176 25 21 71
323 1175 20 26 8.
373 1174 12 21 I
400 1174 75 21 denna
496 1175 109 28 paragraf
625 1175 93 28 ålägges
742 1175 142 21 kommunen
903 1174 63 29 skyl-

212 1208 81 28 dighet
308 1210 40 25 att,
364 1208 102 21 förutom
489 1208 149 22 anskaffande
653 1209 25 21 af
691 1209 84 28 tjenlig
790 1208 62 22 lokal
868 1209 36 22 för
918 1208 47 22 för-

211 1242 240 27 myndarenämndens
474 1242 185 21 sammanträden
681 1243 42 20 och
741 1243 119 27 förvaring
874 1243 26 21 af
914 1243 51 20 dess

210 1275 147 29 handlingar,
374 1275 69 21 äfven
458 1276 98 21 bekosta
572 1275 98 28 ,nödiga
685 1275 171 23 skriftillbehör
864 1276 44 29 och
915 1283 51 14 ren-

211 1309 139 30 skrifning".
358 1309 63 22 Enär
430 1309 58 22 dock
494 1309 267 29 förmyndarenämnden
767 1311 46 21 kan
822 1310 144 22 hafvaäfven

211 1344 71 22 andra
298 1344 91 22 direkta
403 1343 104 30 utgifter,
524 1348 15 18 t.
556 1352 34 14 ex.
607 1345 8 20 i
630 1346 73 20 större
719 1345 77 22 städer
812 1346 36 21 för
863 1346 101 22 sekrete-

211 1386 50 15 rare
278 1379 42 22 och
336 1379 161 28 vaktmästare,
507 1379 41 22 har
563 1379 136 29 paragrafen
715 1379 92 22 ändrats
819 1380 107 29 sålunda,
933 1383 34 19 att
