1056 1714
191 132 27 20 22

412 131 30 22 U.
458 131 27 22 B.
501 144 28 3 —
544 131 74 29 Prop.
634 130 44 23 N:o
694 131 36 22 13.

396 195 57 20 skall
457 196 84 25 panten
546 193 29 29 af
575 193 219 28 pantläneanstalten
802 201 31 14 un
840 194 37 21 der
883 193 67 27 hand,

397 228 52 21 dock
464 228 20 27 ej
497 229 71 20 under
582 235 87 14 samma
683 227 71 28 värde,
770 227 113 28 försäljas.

470 258 175 32 Öfverskott,
667 269 54 14 som
746 262 49 21 vid
817 263 134 27 pantens

397 296 187 29 försäljning
605 296 143 28 uppstått,
770 296 181 21 tillkommer

399 326 187 33 låntagaren,
607 337 41 14 om
668 330 57 21 han
745 331 52 20 till
814 331 137 28 lyftande

398 365 86 28 deraf
494 365 374 28 siganmälerinomettär
881 365 69 28 från

398 399 311 28 försäljningsdagen.
741 399 16 21 I
777 401 92 19 annat
894 399 57 28 fall

399 433 147 28 tillfaller
563 434 190 27 öfverskottet
770 433 181 28 pantlänean-

398 469 123 20 stalten.

652 543 13 20 7
681 543 19 25 8.

467 587 83 28 Hvarje
572 589 46 20 mot
638 587 195 27 bestämningarna
854 587 10 20 i
878 587 73 21 denna

402 622 130 27 förordning
555 621 113 21 stridande
690 621 63 27 aftal,
776 628 46 14 som
837 620 60 28 afser
911 620 37 21 in-

402 656 136 27 skränkning
553 656 9 20 i
578 656 141 27 läntagarens
732 657 51 25 rätt,
795 662 51 14 vare
857 655 91 28 ogiltigt.

652 748 14 20 8
680 748 21 26 $.

471 792 57 21 Den
544 792 82 26 vinst,
649 799 55 13 som
730 792 14 20 å
765 792 183 27 pantlänerö-

403 826 203 28 relseuppstär,
617 826 210 21 skallanvändas
838 826 111 21 tillned-

404 861 155 27 tringande
575 861 32 27 af
612 860 261 28 utläningsräntan
883 860 68 22 eller

405 895 47 21 till
463 902 95 14 annan
570 895 128 27 lindring
710 895 30 27 af
750 894 200 28 länevilkoren.

405 929 72 21 Dock
497 930 42 20 mä
559 929 67 27 frän
641 929 162 21 ärsvinsten
817 929 134 27 afdragas

404 963 77 27 högst
498 970 46 14 sex
555 965 131 25 procents
700 965 84 19 ränta
799 963 14 21 ä
827 963 44 21 det
884 963 10 21 i
908 965 40 19 rö-

403 998 92 20 relsen
509 998 109 20 insatta
637 998 107 27 kapital
759 998 78 26 jemte
849 996 101 28 nödiga

403 1032 283 27 driftkostnader
641 1027 45 37 och
697 1032 97 27 bidrag
805 1031 145 22 tillreserv-

403 1066 74 28 fond.
510 1066 108 28 Medger
639 1066 57 21 icke
718 1066 75 21 årets
811 1066 78 21 vinst
908 1068 41 19 ut-

403 1101 115 27 delning
540 1101 32 27 af
590 1102 83 20 ränta
695 1100 48 21 till
761 1100 130 28 stadgadt
910 1100 39 21 be-

405 1135 68 27 lopp,
494 1135 42 21 må
554 1135 106 21 bristen
675 1135 91 27 fyllas
781 1135 33 27 af
824 1134 127 28 följande

404 1169 81 21 årens
500 1170 83 20 vinst.

478 1204 90 27 Upphör
578 1204 194 27 pantlåneanstalt
785 1204 48 20 med
845 1204 37 20 sin
892 1203 60 21 verk-

404 1238 90 26 samhet,
516 1238 62 26 skall,
600 1238 68 21 sedan
690 1238 131 21 kommunen
841 1238 57 26 eller,
914 1238 38 21 der

404 1272 95 20 rörelsen
515 1271 113 27 bedrifvits
640 1271 29 27 af
676 1271 125 27 aktiebolag,
814 1271 139 27 bolagsmän-

404 1312 44 13 nen
463 1305 163 21 återbekommit
640 1305 58 20 hvad
711 1305 25 21 de
750 1305 10 20 i
769 1305 95 21 rörelsen
875 1305 76 27 insatt,

404 1340 51 20 den
469 1340 94 27 öfriga
574 1340 164 27 egendomen
748 1339 127 28 tillfalla
885 1340 67 21 kom-

404 1380 100 14 munen
527 1373 45 28 för
593 1375 42 20 att
656 1374 145 21 användas
815 1373 45 29 för
874 1373 79 29 dylik

405 1408 111 21 anstalt
529 1408 70 21 eller
613 1410 89 19 annat
717 1408 233 22 likartadtända-

404 1443 60 20 mål.

268 1485 47 20 Lag-
328 1482 33 17 och
373 1482 183 17 Ekonomiutskoitets
568 1482 110 17 betänkande
690 1482 37 18 N:o
740 1483 18 16 2.
