1039 1714
196 122 33 38 20
434 125 24 23 U.
475 126 23 22 B.
514 138 26 3 —
556 126 64 28 Prop.
635 125 38 22 N:o
690 124 33 23 15.

39 301 111 41 Stämpelat-
245 310 151 30 Handlingar,
405 310 29 22 dä
449 310 28 22 de
488 310 36 22 till
533 313 74 22 nota-;

37 335 24 17 ift
73 334 28 18 för
113 334 48 18 dom-
229 346 5 4 :
346 346 4 4 :
415 345 4 5 :
544 345 4 5 N
605 336 2 8 |

59 364 67 18 stolars
215 353 49 15 rius
287 345 105 29 publicus
413 346 114 22 inlemnas
542 353 8 14 i
566 345 40 27 af-|

48 373 96 46 offentliga
216 380 84 22 seende
321 380 14 21 å
355 380 28 29 pä
401 380 86 22 honom
503 380 104 27 ankom:
598 373 11 40 |

42 413 104 37 myndighe-
216 414 83 22 mande
343 414 175 29 —embetsätgärd,
558 418 38 18 äro

36 454 27 13 ers
79 450 32 17 och
126 454 36 13 em-|
194 444 14 39 —
215 448 151 30 stämpelfria.

36 479 83 32 etsmäns
133 482 30 14 ex-|
187 484 146 28 Notifikation
348 483 37 21 till
400 481 206 31 borgenär
522 475 11 42 i
546 481 60 31 kon-|

41 507 109 22 peditioner.
169 503 12 48 |
216 518 66 22 kurs-
297 518 44 22 och
351 517 204 29 ärsproklamamä]
566 518 31 27 fri

191 553 152 29 Obligationer,
353 551 120 23 utfärdade
488 552 26 22 af
525 553 71 21 Stats-

216 587 87 26 verket,
325 586 113 22 Finlands
460 587 68 22 Bank
553 587 43 22 och

215 621 275 30 Hypoteksföreningen
484 616 10 39 .
508 639 3 5 .
528 637 4 6 .
551 621 46 28 fria

190 662 68 22 Order
273 661 38 22 till
325 661 134 28 utmätning
486 656 120 34 ....fri

186 703 66 22 Pass:

215 743 58 22 Pass
287 742 37 22 för
337 749 51 15 resa
402 744 66 19 utom
483 741 123 24 Finland.
838 743 59 20 1|—
961 753 27 3 —

239 794 10 10 »
286 777 37 22 för
333 776 61 22 finsk
402 775 149 30 medborgare
559 777 38 21 till

244 813 62 20 orter
320 811 64 21 inom
398 810 113 23 Finland.
528 827 4 5 .
547 812 50 28 fritt
679 821 2 18 |
991 824 2 8 i

215 845 180 29 Vistelsebiljett
410 845 36 22 för
461 845 135 29 utländing.
680 850 1 5 |
838 846 58 21 1|—
962 858 26 3 —|

215 880 221 29 Tullkammarpass:
991 901 2 15 |

215 916 22 24 a)
251 915 37 22 för
302 914 89 23 utrikes
406 914 89 29 gående
507 914 89 30 fartyg:
991 917 2 22 |

243 949 100 22 Aaokadt
356 967 4 4 .
379 965 44 6 «ss
440 965 156 7 sme
570 942 28 41 1u
633 961 28 4 —
685 960 210 22 |-|—-|-f—j-]
928 945 65 36 3/—

243 983 114 23 odäckadt
378 1000 24 5 ..
420 1000 176 6 00.
633 996 28 3 —
685 986 209 14 |-1—|-|—-|j'-|
930 983 62 21 1:—

215 1019 21 25 b)
250 1018 38 23 för
302 1018 64 22 inom
376 1018 102 22 Finland
493 1018 55 22 eller
558 1018 38 22 till

243 1052 119 30 Ryssland
377 1052 88 29 gäende
480 1052 88 30 fartyg:

243 1086 99 24 däckadt
357 1103 237 7 «00000.
729 1099 27 3 —
776 1098 26 4 |—
930 1088 10 20 1

243 1121 114 23 odäckadt
381 1138 66 5 0...
473 1137 121 6 000.
603 1131 2 7 i
637 1133 23 3 —
675 1120 313 22 |-!-|-I-!-d
915 1116 17 38 —
950 1116 41 38 150

185 1162 128 27 Patentbref
332 1162 6 20 &
353 1160 140 29 uppfinning
508 1178 88 4 .....
633 1172 29 4 —
682 1173 28 3 +!
729 1173 26 3 —
776 1160 162 22 |-[10:—+4—
959 1172 29 3 |—

185 1201 156 28 Pensionsbref
353 1201 13 21 &
381 1201 97 28 pension
493 1201 56 21 eller
561 1200 35 22 är-

213 1236 46 28 ligt
283 1235 127 21 understöd
435 1234 26 22 af
480 1235 116 22 allmänna

215 1269 84 22 medel:

215 1310 34 20 1:o
265 1308 13 21 &
293 1307 114 22 ordinarie
426 1307 98 29 pension
539 1306 57 22 eller

241 1342 98 30 pension
369 1342 23 21 ät
421 1341 51 28 den,
498 1341 97 22 hvilken

242 1376 228 28 författningsenligt
503 1380 25 18 är
556 1376 38 22 till

241 1412 129 29 pensionen
393 1410 138 30 berättigad,
553 1414 42 19 när

242 1447 128 29 pensionen
392 1446 138 29 öfverstiger
552 1447 51 23 200!
