<?xml version="1.0" encoding="UTF-8"?>
<alto xmlns="http://www.loc.gov/standards/alto/ns-v3#" xmlns:xlink="http://www.w3.org/1999/xlink" xmlns:xsi="http://www.w3.org/2001/XMLSchema-instance" xsi:schemaLocation="http://www.loc.gov/standards/alto/ns-v3# http://www.loc.gov/alto/v3/alto-3-0.xsd">
	<Description>
		<MeasurementUnit>pixel</MeasurementUnit>
		<sourceImageInformation>
			<fileName>/tmp/tess_n1dt6bm0_input.PNG</fileName>
		</sourceImageInformation>
		<OCRProcessing ID="OCR_0">
			<ocrProcessingStep>
				<processingSoftware>
					<softwareName>tesseract 5.3.4</softwareName>
				</processingSoftware>
			</ocrProcessingStep>
		</OCRProcessing>
	</Description>
	<Layout>
		<Page WIDTH="1048" HEIGHT="1703" PHYSICAL_IMG_NR="0" ID="page_0">
			<PrintSpace HPOS="0" VPOS="0" WIDTH="1048" HEIGHT="1703">
				<ComposedBlock ID="cblock_0" HPOS="263" VPOS="146" WIDTH="568" HEIGHT="29">
					<TextBlock ID="block_0" HPOS="263" VPOS="146" WIDTH="568" HEIGHT="29">
						<TextLine ID="line_0" HPOS="263" VPOS="146" WIDTH="568" HEIGHT="29">
							<String ID="string_0" HPOS="263" VPOS="146" WIDTH="84" HEIGHT="24" WC="0.91" CONTENT="Ständ."/><SP WIDTH="16" VPOS="146" HPOS="347"/>
							<String ID="string_1" HPOS="363" VPOS="147" WIDTH="38" HEIGHT="21" WC="0.91" CONTENT="Sv."/><SP WIDTH="16" VPOS="147" HPOS="401"/>
							<String ID="string_2" HPOS="417" VPOS="159" WIDTH="27" HEIGHT="3" WC="0.91" CONTENT="—"/><SP WIDTH="15" VPOS="159" HPOS="444"/>
							<String ID="string_3" HPOS="459" VPOS="147" WIDTH="75" HEIGHT="28" WC="0.95" CONTENT="Prop."/><SP WIDTH="16" VPOS="147" HPOS="534"/>
							<String ID="string_4" HPOS="550" VPOS="147" WIDTH="44" HEIGHT="22" WC="0.89" CONTENT="N:o"/><SP WIDTH="16" VPOS="147" HPOS="594"/>
							<String ID="string_5" HPOS="610" VPOS="147" WIDTH="36" HEIGHT="22" WC="0.96" CONTENT="18."/><SP WIDTH="173" VPOS="147" HPOS="646"/>
							<String ID="string_6" HPOS="819" VPOS="148" WIDTH="12" HEIGHT="20" WC="0.96" CONTENT="9"/>
						</TextLine>
					</TextBlock>
				</ComposedBlock>
				<ComposedBlock ID="cblock_1" HPOS="284" VPOS="211" WIDTH="548" HEIGHT="97">
					<TextBlock ID="block_1" HPOS="284" VPOS="211" WIDTH="548" HEIGHT="97">
						<TextLine ID="line_1" HPOS="353" VPOS="211" WIDTH="479" HEIGHT="29">
							<String ID="string_7" HPOS="353" VPOS="211" WIDTH="57" HEIGHT="23" WC="0.95" CONTENT="Mål"/><SP WIDTH="27" VPOS="211" HPOS="410"/>
							<String ID="string_8" HPOS="437" VPOS="219" WIDTH="40" HEIGHT="15" WC="0.93" CONTENT="om"/><SP WIDTH="27" VPOS="219" HPOS="477"/>
							<String ID="string_9" HPOS="504" VPOS="211" WIDTH="104" HEIGHT="29" WC="0.93" CONTENT="intrång"/><SP WIDTH="28" VPOS="211" HPOS="608"/>
							<String ID="string_10" HPOS="636" VPOS="212" WIDTH="10" HEIGHT="21" WC="0.92" CONTENT="i"/><SP WIDTH="27" VPOS="212" HPOS="646"/>
							<String ID="string_11" HPOS="673" VPOS="212" WIDTH="59" HEIGHT="22" WC="0.96" CONTENT="eller"/><SP WIDTH="19" VPOS="212" HPOS="732"/>
							<String ID="string_12" HPOS="751" VPOS="213" WIDTH="81" HEIGHT="21" WC="0.95" CONTENT="annat"/>
						</TextLine>
						<TextLine ID="line_2" HPOS="286" VPOS="246" WIDTH="545" HEIGHT="28">
							<String ID="string_13" HPOS="286" VPOS="246" WIDTH="65" HEIGHT="21" WC="0.96" CONTENT="brott"/><SP WIDTH="12" VPOS="246" HPOS="351"/>
							<String ID="string_14" HPOS="363" VPOS="246" WIDTH="52" HEIGHT="22" WC="0.93" CONTENT="mot"/><SP WIDTH="10" VPOS="246" HPOS="415"/>
							<String ID="string_15" HPOS="425" VPOS="246" WIDTH="143" HEIGHT="28" WC="0.91" CONTENT="patenträtt"/><SP WIDTH="10" VPOS="246" HPOS="568"/>
							<String ID="string_16" HPOS="578" VPOS="246" WIDTH="94" HEIGHT="22" WC="0.96" CONTENT="utföres"/><SP WIDTH="11" VPOS="246" HPOS="672"/>
							<String ID="string_17" HPOS="683" VPOS="246" WIDTH="70" HEIGHT="22" WC="0.93" CONTENT="inför"/><SP WIDTH="10" VPOS="246" HPOS="753"/>
							<String ID="string_18" HPOS="763" VPOS="246" WIDTH="68" HEIGHT="22" WC="0.93" CONTENT="dom-"/>
						</TextLine>
						<TextLine ID="line_3" HPOS="284" VPOS="279" WIDTH="525" HEIGHT="29">
							<String ID="string_19" HPOS="284" VPOS="279" WIDTH="50" HEIGHT="22" WC="0.96" CONTENT="stol"/><SP WIDTH="17" VPOS="279" HPOS="334"/>
							<String ID="string_20" HPOS="351" VPOS="280" WIDTH="11" HEIGHT="22" WC="0.96" CONTENT="i"/><SP WIDTH="18" VPOS="280" HPOS="362"/>
							<String ID="string_21" HPOS="380" VPOS="280" WIDTH="49" HEIGHT="22" WC="0.96" CONTENT="den"/><SP WIDTH="18" VPOS="280" HPOS="429"/>
							<String ID="string_22" HPOS="447" VPOS="281" WIDTH="46" HEIGHT="24" WC="0.96" CONTENT="ort,"/><SP WIDTH="20" VPOS="281" HPOS="493"/>
							<String ID="string_23" HPOS="513" VPOS="280" WIDTH="49" HEIGHT="22" WC="0.96" CONTENT="där"/><SP WIDTH="17" VPOS="280" HPOS="562"/>
							<String ID="string_24" HPOS="579" VPOS="280" WIDTH="143" HEIGHT="28" WC="0.96" CONTENT="gärningen"/><SP WIDTH="18" VPOS="280" HPOS="722"/>
							<String ID="string_25" HPOS="740" VPOS="279" WIDTH="69" HEIGHT="23" WC="0.91" CONTENT="skett."/>
						</TextLine>
					</TextBlock>
				</ComposedBlock>
				<ComposedBlock ID="cblock_2" HPOS="531" VPOS="347" WIDTH="56" HEIGHT="28">
					<TextBlock ID="block_2" HPOS="531" VPOS="347" WIDTH="56" HEIGHT="28">
						<TextLine ID="line_4" HPOS="531" VPOS="347" WIDTH="56" HEIGHT="28">
							<String ID="string_26" HPOS="531" VPOS="347" WIDTH="13" HEIGHT="22" WC="0.88" CONTENT="8"/><SP WIDTH="15" VPOS="347" HPOS="544"/>
							<String ID="string_27" HPOS="559" VPOS="331" WIDTH="28" HEIGHT="49" WC="0.87" CONTENT="$."/>
						</TextLine>
					</TextBlock>
				</ComposedBlock>
				<ComposedBlock ID="cblock_3" HPOS="280" VPOS="397" WIDTH="552" HEIGHT="442">
					<TextBlock ID="block_3" HPOS="280" VPOS="397" WIDTH="552" HEIGHT="442">
						<TextLine ID="line_5" HPOS="358" VPOS="397" WIDTH="474" HEIGHT="30">
							<String ID="string_28" HPOS="358" VPOS="397" WIDTH="109" HEIGHT="30" WC="0.90" CONTENT="Uppstär"/><SP WIDTH="18" VPOS="397" HPOS="467"/>
							<String ID="string_29" HPOS="485" VPOS="399" WIDTH="10" HEIGHT="21" WC="0.92" CONTENT="i"/><SP WIDTH="18" VPOS="399" HPOS="495"/>
							<String ID="string_30" HPOS="513" VPOS="397" WIDTH="62" HEIGHT="27" WC="0.91" CONTENT="mäl,"/><SP WIDTH="20" VPOS="397" HPOS="575"/>
							<String ID="string_31" HPOS="595" VPOS="398" WIDTH="111" HEIGHT="22" WC="0.93" CONTENT="rörande"/><SP WIDTH="18" VPOS="398" HPOS="706"/>
							<String ID="string_32" HPOS="724" VPOS="397" WIDTH="55" HEIGHT="23" WC="0.89" CONTENT="ätal"/><SP WIDTH="14" VPOS="397" HPOS="779"/>
							<String ID="string_33" HPOS="793" VPOS="398" WIDTH="39" HEIGHT="22" WC="0.96" CONTENT="för"/>
						</TextLine>
						<TextLine ID="line_6" HPOS="284" VPOS="431" WIDTH="548" HEIGHT="30">
							<String ID="string_34" HPOS="284" VPOS="431" WIDTH="105" HEIGHT="30" WC="0.94" CONTENT="intrång"/><SP WIDTH="26" VPOS="431" HPOS="389"/>
							<String ID="string_35" HPOS="415" VPOS="431" WIDTH="12" HEIGHT="24" WC="0.94" CONTENT="i"/><SP WIDTH="21" VPOS="431" HPOS="427"/>
							<String ID="string_36" HPOS="448" VPOS="433" WIDTH="149" HEIGHT="28" WC="0.93" CONTENT="patenträtt,"/><SP WIDTH="30" VPOS="433" HPOS="597"/>
							<String ID="string_37" HPOS="627" VPOS="431" WIDTH="75" HEIGHT="30" WC="0.96" CONTENT="fråga"/><SP WIDTH="27" VPOS="431" HPOS="702"/>
							<String ID="string_38" HPOS="729" VPOS="438" WIDTH="41" HEIGHT="16" WC="0.96" CONTENT="om"/><SP WIDTH="25" VPOS="438" HPOS="770"/>
							<String ID="string_39" HPOS="795" VPOS="433" WIDTH="37" HEIGHT="21" WC="0.94" CONTENT="att"/>
						</TextLine>
						<TextLine ID="line_7" HPOS="280" VPOS="466" WIDTH="551" HEIGHT="29">
							<String ID="string_40" HPOS="280" VPOS="467" WIDTH="91" HEIGHT="28" WC="0.96" CONTENT="patent"/><SP WIDTH="27" VPOS="467" HPOS="371"/>
							<String ID="string_41" HPOS="398" VPOS="466" WIDTH="46" HEIGHT="23" WC="0.96" CONTENT="bör"/><SP WIDTH="24" VPOS="466" HPOS="444"/>
							<String ID="string_42" HPOS="468" VPOS="473" WIDTH="74" HEIGHT="16" WC="0.91" CONTENT="anses"/><SP WIDTH="19" VPOS="473" HPOS="542"/>
							<String ID="string_43" HPOS="561" VPOS="467" WIDTH="82" HEIGHT="28" WC="0.83" CONTENT="ogildt"/><SP WIDTH="19" VPOS="467" HPOS="643"/>
							<String ID="string_44" HPOS="662" VPOS="467" WIDTH="59" HEIGHT="22" WC="0.92" CONTENT="eller"/><SP WIDTH="19" VPOS="467" HPOS="721"/>
							<String ID="string_45" HPOS="740" VPOS="466" WIDTH="91" HEIGHT="23" WC="0.92" CONTENT="förver-"/>
						</TextLine>
						<TextLine ID="line_8" HPOS="285" VPOS="501" WIDTH="547" HEIGHT="29">
							<String ID="string_46" HPOS="285" VPOS="501" WIDTH="63" HEIGHT="22" WC="0.92" CONTENT="kadt"/><SP WIDTH="27" VPOS="501" HPOS="348"/>
							<String ID="string_47" HPOS="375" VPOS="501" WIDTH="61" HEIGHT="22" WC="0.93" CONTENT="eller"/><SP WIDTH="18" VPOS="501" HPOS="436"/>
							<String ID="string_48" HPOS="454" VPOS="501" WIDTH="138" HEIGHT="29" WC="0.90" CONTENT="afhängigt"/><SP WIDTH="18" VPOS="501" HPOS="592"/>
							<String ID="string_49" HPOS="610" VPOS="501" WIDTH="33" HEIGHT="22" WC="0.94" CONTENT="af"/><SP WIDTH="15" VPOS="501" HPOS="643"/>
							<String ID="string_50" HPOS="658" VPOS="501" WIDTH="112" HEIGHT="28" WC="0.93" CONTENT="tidigare"/><SP WIDTH="14" VPOS="501" HPOS="770"/>
							<String ID="string_51" HPOS="784" VPOS="507" WIDTH="48" HEIGHT="22" WC="0.91" CONTENT="pa-"/>
						</TextLine>
						<TextLine ID="line_9" HPOS="284" VPOS="535" WIDTH="547" HEIGHT="29">
							<String ID="string_52" HPOS="284" VPOS="536" WIDTH="58" HEIGHT="26" WC="0.96" CONTENT="tent,"/><SP WIDTH="30" VPOS="536" HPOS="342"/>
							<String ID="string_53" HPOS="372" VPOS="536" WIDTH="45" HEIGHT="21" WC="0.96" CONTENT="och"/><SP WIDTH="28" VPOS="536" HPOS="417"/>
							<String ID="string_54" HPOS="445" VPOS="536" WIDTH="30" HEIGHT="21" WC="0.91" CONTENT="är"/><SP WIDTH="22" VPOS="536" HPOS="475"/>
							<String ID="string_55" HPOS="497" VPOS="536" WIDTH="23" HEIGHT="28" WC="0.88" CONTENT="ej"/><SP WIDTH="18" VPOS="536" HPOS="520"/>
							<String ID="string_56" HPOS="538" VPOS="535" WIDTH="78" HEIGHT="22" WC="0.93" CONTENT="saken"/><SP WIDTH="17" VPOS="535" HPOS="616"/>
							<String ID="string_57" HPOS="633" VPOS="536" WIDTH="89" HEIGHT="27" WC="0.92" CONTENT="genast"/><SP WIDTH="17" VPOS="536" HPOS="722"/>
							<String ID="string_58" HPOS="739" VPOS="541" WIDTH="92" HEIGHT="23" WC="0.92" CONTENT="uppen-"/>
						</TextLine>
						<TextLine ID="line_10" HPOS="285" VPOS="569" WIDTH="547" HEIGHT="30">
							<String ID="string_59" HPOS="285" VPOS="569" WIDTH="54" HEIGHT="27" WC="0.92" CONTENT="bar,"/><SP WIDTH="33" VPOS="569" HPOS="339"/>
							<String ID="string_60" HPOS="372" VPOS="569" WIDTH="129" HEIGHT="30" WC="0.82" CONTENT="förelägge"/><SP WIDTH="29" VPOS="569" HPOS="501"/>
							<String ID="string_61" HPOS="530" VPOS="570" WIDTH="83" HEIGHT="22" WC="0.94" CONTENT="rätten"/><SP WIDTH="30" VPOS="570" HPOS="613"/>
							<String ID="string_62" HPOS="643" VPOS="569" WIDTH="189" HEIGHT="23" WC="0.95" CONTENT="vederbörande"/>
						</TextLine>
						<TextLine ID="line_11" HPOS="284" VPOS="604" WIDTH="548" HEIGHT="29">
							<String ID="string_63" HPOS="284" VPOS="605" WIDTH="123" HEIGHT="28" WC="0.91" CONTENT="sakegare"/><SP WIDTH="27" VPOS="605" HPOS="407"/>
							<String ID="string_64" HPOS="434" VPOS="605" WIDTH="39" HEIGHT="21" WC="0.96" CONTENT="tid"/><SP WIDTH="27" VPOS="605" HPOS="473"/>
							<String ID="string_65" HPOS="500" VPOS="605" WIDTH="45" HEIGHT="22" WC="0.93" CONTENT="och"/><SP WIDTH="28" VPOS="605" HPOS="545"/>
							<String ID="string_66" HPOS="573" VPOS="604" WIDTH="120" HEIGHT="29" WC="0.93" CONTENT="lämpligt"/><SP WIDTH="21" VPOS="604" HPOS="693"/>
							<String ID="string_67" HPOS="714" VPOS="604" WIDTH="118" HEIGHT="29" WC="0.88" CONTENT="äfventyr"/>
						</TextLine>
						<TextLine ID="line_12" HPOS="285" VPOS="638" WIDTH="547" HEIGHT="23">
							<String ID="string_68" HPOS="285" VPOS="640" WIDTH="38" HEIGHT="21" WC="0.93" CONTENT="att"/><SP WIDTH="18" VPOS="640" HPOS="323"/>
							<String ID="string_69" HPOS="341" VPOS="639" WIDTH="91" HEIGHT="22" WC="0.95" CONTENT="därom"/><SP WIDTH="18" VPOS="639" HPOS="432"/>
							<String ID="string_70" HPOS="450" VPOS="639" WIDTH="126" HEIGHT="22" WC="0.95" CONTENT="särskildt"/><SP WIDTH="17" VPOS="639" HPOS="576"/>
							<String ID="string_71" HPOS="593" VPOS="638" WIDTH="86" HEIGHT="23" WC="0.93" CONTENT="utföra"/><SP WIDTH="20" VPOS="638" HPOS="679"/>
							<String ID="string_72" HPOS="699" VPOS="638" WIDTH="73" HEIGHT="23" WC="0.96" CONTENT="talan"/><SP WIDTH="15" VPOS="638" HPOS="772"/>
							<String ID="string_73" HPOS="787" VPOS="639" WIDTH="45" HEIGHT="22" WC="0.96" CONTENT="vid"/>
						</TextLine>
						<TextLine ID="line_13" HPOS="285" VPOS="672" WIDTH="547" HEIGHT="29">
							<String ID="string_74" HPOS="285" VPOS="673" WIDTH="115" HEIGHT="26" WC="0.94" CONTENT="domstol,"/><SP WIDTH="20" VPOS="673" HPOS="400"/>
							<String ID="string_75" HPOS="420" VPOS="679" WIDTH="53" HEIGHT="16" WC="0.96" CONTENT="som"/><SP WIDTH="19" VPOS="679" HPOS="473"/>
							<String ID="string_76" HPOS="492" VPOS="674" WIDTH="10" HEIGHT="21" WC="0.95" CONTENT="i"/><SP WIDTH="20" VPOS="674" HPOS="502"/>
							<String ID="string_77" HPOS="522" VPOS="674" WIDTH="15" HEIGHT="21" WC="0.93" CONTENT="7"/><SP WIDTH="15" VPOS="674" HPOS="537"/>
							<String ID="string_78" HPOS="552" VPOS="674" WIDTH="15" HEIGHT="27" WC="0.90" CONTENT="$"/><SP WIDTH="17" VPOS="674" HPOS="567"/>
							<String ID="string_79" HPOS="584" VPOS="673" WIDTH="114" HEIGHT="26" WC="0.91" CONTENT="nämnes,"/><SP WIDTH="20" VPOS="673" HPOS="698"/>
							<String ID="string_80" HPOS="718" VPOS="673" WIDTH="45" HEIGHT="22" WC="0.93" CONTENT="och"/><SP WIDTH="18" VPOS="673" HPOS="763"/>
							<String ID="string_81" HPOS="781" VPOS="672" WIDTH="51" HEIGHT="23" WC="0.90" CONTENT="läte"/>
						</TextLine>
						<TextLine ID="line_14" HPOS="283" VPOS="706" WIDTH="548" HEIGHT="30">
							<String ID="string_82" HPOS="283" VPOS="707" WIDTH="60" HEIGHT="22" WC="0.91" CONTENT="med"/><SP WIDTH="18" VPOS="707" HPOS="343"/>
							<String ID="string_83" HPOS="361" VPOS="706" WIDTH="91" HEIGHT="24" WC="0.81" CONTENT="ätalets"/><SP WIDTH="19" VPOS="706" HPOS="452"/>
							<String ID="string_84" HPOS="471" VPOS="707" WIDTH="143" HEIGHT="29" WC="0.88" CONTENT="afgörande"/><SP WIDTH="19" VPOS="707" HPOS="614"/>
							<String ID="string_85" HPOS="633" VPOS="707" WIDTH="139" HEIGHT="23" WC="0.93" CONTENT="emellertid"/><SP WIDTH="16" VPOS="707" HPOS="772"/>
							<String ID="string_86" HPOS="788" VPOS="714" WIDTH="43" HEIGHT="16" WC="0.91" CONTENT="an-"/>
						</TextLine>
						<TextLine ID="line_15" HPOS="284" VPOS="741" WIDTH="546" HEIGHT="29">
							<String ID="string_87" HPOS="284" VPOS="741" WIDTH="47" HEIGHT="23" WC="0.91" CONTENT="stä."/><SP WIDTH="37" VPOS="741" HPOS="331"/>
							<String ID="string_88" HPOS="368" VPOS="742" WIDTH="121" HEIGHT="22" WC="0.86" CONTENT="Försittes"/><SP WIDTH="28" VPOS="742" HPOS="489"/>
							<String ID="string_89" HPOS="517" VPOS="742" WIDTH="48" HEIGHT="22" WC="0.93" CONTENT="den"/><SP WIDTH="28" VPOS="742" HPOS="565"/>
							<String ID="string_90" HPOS="593" VPOS="741" WIDTH="135" HEIGHT="29" WC="0.91" CONTENT="förelagda"/><SP WIDTH="25" VPOS="741" HPOS="728"/>
							<String ID="string_91" HPOS="753" VPOS="742" WIDTH="77" HEIGHT="26" WC="0.96" CONTENT="tiden,"/>
						</TextLine>
						<TextLine ID="line_16" HPOS="285" VPOS="775" WIDTH="546" HEIGHT="24">
							<String ID="string_92" HPOS="285" VPOS="776" WIDTH="79" HEIGHT="22" WC="0.95" CONTENT="varde"/><SP WIDTH="17" VPOS="776" HPOS="364"/>
							<String ID="string_93" HPOS="381" VPOS="775" WIDTH="79" HEIGHT="23" WC="0.96" CONTENT="målet"/><SP WIDTH="17" VPOS="775" HPOS="460"/>
							<String ID="string_94" HPOS="477" VPOS="777" WIDTH="63" HEIGHT="21" WC="0.93" CONTENT="utan"/><SP WIDTH="19" VPOS="777" HPOS="540"/>
							<String ID="string_95" HPOS="559" VPOS="776" WIDTH="119" HEIGHT="22" WC="0.92" CONTENT="afseende"/><SP WIDTH="13" VPOS="776" HPOS="678"/>
							<String ID="string_96" HPOS="691" VPOS="775" WIDTH="16" HEIGHT="23" WC="0.83" CONTENT="ä"/><SP WIDTH="16" VPOS="775" HPOS="707"/>
							<String ID="string_97" HPOS="723" VPOS="776" WIDTH="108" HEIGHT="23" WC="0.91" CONTENT="invänd-"/>
						</TextLine>
						<TextLine ID="line_17" HPOS="283" VPOS="810" WIDTH="236" HEIGHT="29">
							<String ID="string_98" HPOS="283" VPOS="810" WIDTH="95" HEIGHT="29" WC="0.91" CONTENT="ningen"/><SP WIDTH="19" VPOS="810" HPOS="378"/>
							<String ID="string_99" HPOS="397" VPOS="810" WIDTH="122" HEIGHT="29" WC="0.58" CONTENT="atfgjordt."/>
						</TextLine>
					</TextBlock>
				</ComposedBlock>
				<ComposedBlock ID="cblock_4" HPOS="532" VPOS="862" WIDTH="55" HEIGHT="28">
					<TextBlock ID="block_4" HPOS="532" VPOS="862" WIDTH="55" HEIGHT="28">
						<TextLine ID="line_18" HPOS="532" VPOS="862" WIDTH="55" HEIGHT="28">
							<String ID="string_100" HPOS="532" VPOS="862" WIDTH="13" HEIGHT="23" WC="0.89" CONTENT="9"/><SP WIDTH="12" VPOS="862" HPOS="545"/>
							<String ID="string_101" HPOS="557" VPOS="862" WIDTH="30" HEIGHT="28" WC="0.89" CONTENT="5."/>
						</TextLine>
					</TextBlock>
				</ComposedBlock>
				<ComposedBlock ID="cblock_5" HPOS="283" VPOS="908" WIDTH="550" HEIGHT="563">
					<TextBlock ID="block_5" HPOS="284" VPOS="908" WIDTH="547" HEIGHT="204">
						<TextLine ID="line_19" HPOS="356" VPOS="908" WIDTH="475" HEIGHT="34">
							<String ID="string_102" HPOS="356" VPOS="908" WIDTH="76" HEIGHT="27" WC="0.92" CONTENT="Öfver"/><SP WIDTH="29" VPOS="908" HPOS="432"/>
							<String ID="string_103" HPOS="461" VPOS="913" WIDTH="147" HEIGHT="22" WC="0.83" CONTENT="underrätts"/><SP WIDTH="30" VPOS="913" HPOS="608"/>
							<String ID="string_104" HPOS="638" VPOS="912" WIDTH="92" HEIGHT="30" WC="0.93" CONTENT="utslag,"/><SP WIDTH="28" VPOS="912" HPOS="730"/>
							<String ID="string_105" HPOS="758" VPOS="912" WIDTH="73" HEIGHT="23" WC="0.92" CONTENT="hvar-"/>
						</TextLine>
						<TextLine ID="line_20" HPOS="284" VPOS="947" WIDTH="547" HEIGHT="29">
							<String ID="string_106" HPOS="284" VPOS="948" WIDTH="100" HEIGHT="28" WC="0.88" CONTENT="igenom"/><SP WIDTH="27" VPOS="948" HPOS="384"/>
							<String ID="string_107" HPOS="411" VPOS="947" WIDTH="163" HEIGHT="29" WC="0.88" CONTENT="invändning"/><SP WIDTH="23" VPOS="947" HPOS="574"/>
							<String ID="string_108" HPOS="597" VPOS="948" WIDTH="64" HEIGHT="22" WC="0.93" CONTENT="emot"/><SP WIDTH="18" VPOS="948" HPOS="661"/>
							<String ID="string_109" HPOS="679" VPOS="947" WIDTH="152" HEIGHT="23" WC="0.92" CONTENT="domstolens"/>
						</TextLine>
						<TextLine ID="line_21" HPOS="285" VPOS="981" WIDTH="546" HEIGHT="29">
							<String ID="string_110" HPOS="285" VPOS="981" WIDTH="147" HEIGHT="29" WC="0.94" CONTENT="behörighet"/><SP WIDTH="29" VPOS="981" HPOS="432"/>
							<String ID="string_111" HPOS="461" VPOS="981" WIDTH="139" HEIGHT="23" WC="0.92" CONTENT="förkastats"/><SP WIDTH="27" VPOS="981" HPOS="600"/>
							<String ID="string_112" HPOS="627" VPOS="981" WIDTH="60" HEIGHT="23" WC="0.93" CONTENT="eller"/><SP WIDTH="25" VPOS="981" HPOS="687"/>
							<String ID="string_113" HPOS="712" VPOS="982" WIDTH="119" HEIGHT="28" WC="0.96" CONTENT="yttrande"/>
						</TextLine>
						<TextLine ID="line_22" HPOS="284" VPOS="1015" WIDTH="547" HEIGHT="30">
							<String ID="string_114" HPOS="284" VPOS="1015" WIDTH="141" HEIGHT="22" WC="0.95" CONTENT="meddelats"/><SP WIDTH="24" VPOS="1015" HPOS="425"/>
							<String ID="string_115" HPOS="449" VPOS="1016" WIDTH="11" HEIGHT="21" WC="0.94" CONTENT="i"/><SP WIDTH="23" VPOS="1016" HPOS="460"/>
							<String ID="string_116" HPOS="483" VPOS="1016" WIDTH="76" HEIGHT="29" WC="0.95" CONTENT="fråga"/><SP WIDTH="24" VPOS="1016" HPOS="559"/>
							<String ID="string_117" HPOS="583" VPOS="1022" WIDTH="41" HEIGHT="15" WC="0.93" CONTENT="om"/><SP WIDTH="25" VPOS="1022" HPOS="624"/>
							<String ID="string_118" HPOS="649" VPOS="1015" WIDTH="61" HEIGHT="22" WC="0.93" CONTENT="flere"/><SP WIDTH="19" VPOS="1015" HPOS="710"/>
							<String ID="string_119" HPOS="729" VPOS="1017" WIDTH="102" HEIGHT="27" WC="0.96" CONTENT="parters"/>
						</TextLine>
						<TextLine ID="line_23" HPOS="284" VPOS="1049" WIDTH="547" HEIGHT="30">
							<String ID="string_120" HPOS="284" VPOS="1049" WIDTH="199" HEIGHT="26" WC="0.93" CONTENT="instämmande,"/><SP WIDTH="28" VPOS="1049" HPOS="483"/>
							<String ID="string_121" HPOS="511" VPOS="1056" WIDTH="43" HEIGHT="23" WC="0.92" CONTENT="ege"/><SP WIDTH="26" VPOS="1056" HPOS="554"/>
							<String ID="string_122" HPOS="580" VPOS="1049" WIDTH="131" HEIGHT="23" WC="0.96" CONTENT="särskilda"/><SP WIDTH="31" VPOS="1049" HPOS="711"/>
							<String ID="string_123" HPOS="742" VPOS="1049" WIDTH="89" HEIGHT="23" WC="0.95" CONTENT="besvär"/>
						</TextLine>
						<TextLine ID="line_24" HPOS="284" VPOS="1084" WIDTH="105" HEIGHT="28">
							<String ID="string_124" HPOS="284" VPOS="1084" WIDTH="24" HEIGHT="28" WC="0.96" CONTENT="ej"/><SP WIDTH="17" VPOS="1084" HPOS="308"/>
							<String ID="string_125" HPOS="325" VPOS="1090" WIDTH="64" HEIGHT="16" WC="0.95" CONTENT="rum."/>
						</TextLine>
					</TextBlock>
					<TextBlock ID="block_6" HPOS="523" VPOS="1124" WIDTH="73" HEIGHT="27">
						<TextLine ID="line_25" HPOS="523" VPOS="1124" WIDTH="73" HEIGHT="27">
							<String ID="string_126" HPOS="523" VPOS="1124" WIDTH="34" HEIGHT="23" WC="0.92" CONTENT="10"/><SP WIDTH="17" VPOS="1124" HPOS="557"/>
							<String ID="string_127" HPOS="574" VPOS="1124" WIDTH="22" HEIGHT="27" WC="0.91" CONTENT="$."/>
						</TextLine>
					</TextBlock>
					<TextBlock ID="block_7" HPOS="283" VPOS="1168" WIDTH="550" HEIGHT="303">
						<TextLine ID="line_26" HPOS="358" VPOS="1168" WIDTH="474" HEIGHT="29">
							<String ID="string_128" HPOS="358" VPOS="1169" WIDTH="40" HEIGHT="22" WC="0.89" CONTENT="Uti"/><SP WIDTH="18" VPOS="1169" HPOS="398"/>
							<String ID="string_129" HPOS="416" VPOS="1168" WIDTH="62" HEIGHT="27" WC="0.90" CONTENT="mäl,"/><SP WIDTH="19" VPOS="1168" HPOS="478"/>
							<String ID="string_130" HPOS="497" VPOS="1175" WIDTH="54" HEIGHT="16" WC="0.96" CONTENT="som"/><SP WIDTH="9" VPOS="1175" HPOS="551"/>
							<String ID="string_131" HPOS="560" VPOS="1168" WIDTH="38" HEIGHT="29" WC="0.96" CONTENT="pä"/><SP WIDTH="12" VPOS="1168" HPOS="598"/>
							<String ID="string_132" HPOS="610" VPOS="1169" WIDTH="86" HEIGHT="28" WC="0.95" CONTENT="grund"/><SP WIDTH="10" VPOS="1169" HPOS="696"/>
							<String ID="string_133" HPOS="706" VPOS="1168" WIDTH="32" HEIGHT="22" WC="0.95" CONTENT="af"/><SP WIDTH="9" VPOS="1168" HPOS="738"/>
							<String ID="string_134" HPOS="747" VPOS="1169" WIDTH="85" HEIGHT="21" WC="0.96" CONTENT="denna"/>
						</TextLine>
						<TextLine ID="line_27" HPOS="285" VPOS="1202" WIDTH="544" HEIGHT="30">
							<String ID="string_135" HPOS="285" VPOS="1203" WIDTH="153" HEIGHT="29" WC="0.90" CONTENT="förordning"/><SP WIDTH="28" VPOS="1203" HPOS="438"/>
							<String ID="string_136" HPOS="466" VPOS="1203" WIDTH="45" HEIGHT="22" WC="0.96" CONTENT="vid"/><SP WIDTH="19" VPOS="1203" HPOS="511"/>
							<String ID="string_137" HPOS="530" VPOS="1203" WIDTH="109" HEIGHT="22" WC="0.93" CONTENT="domstol"/><SP WIDTH="19" VPOS="1203" HPOS="639"/>
							<String ID="string_138" HPOS="658" VPOS="1202" WIDTH="171" HEIGHT="26" WC="0.91" CONTENT="förekommer,"/>
						</TextLine>
						<TextLine ID="line_28" HPOS="284" VPOS="1236" WIDTH="547" HEIGHT="30">
							<String ID="string_139" HPOS="284" VPOS="1244" WIDTH="43" HEIGHT="22" WC="0.91" CONTENT="ege"/><SP WIDTH="17" VPOS="1244" HPOS="327"/>
							<String ID="string_140" HPOS="344" VPOS="1238" WIDTH="91" HEIGHT="26" WC="0.96" CONTENT="rätten,"/><SP WIDTH="20" VPOS="1238" HPOS="435"/>
							<String ID="string_141" HPOS="455" VPOS="1237" WIDTH="51" HEIGHT="23" WC="0.92" CONTENT="där"/><SP WIDTH="17" VPOS="1237" HPOS="506"/>
							<String ID="string_142" HPOS="523" VPOS="1236" WIDTH="96" HEIGHT="23" WC="0.96" CONTENT="sådant"/><SP WIDTH="18" VPOS="1236" HPOS="619"/>
							<String ID="string_143" HPOS="637" VPOS="1236" WIDTH="83" HEIGHT="23" WC="0.93" CONTENT="finnes"/><SP WIDTH="15" VPOS="1236" HPOS="720"/>
							<String ID="string_144" HPOS="735" VPOS="1236" WIDTH="96" HEIGHT="29" WC="0.80" CONTENT="nödigt,"/>
						</TextLine>
						<TextLine ID="line_29" HPOS="284" VPOS="1270" WIDTH="548" HEIGHT="30">
							<String ID="string_145" HPOS="284" VPOS="1272" WIDTH="115" HEIGHT="22" WC="0.88" CONTENT="inhemta"/><SP WIDTH="14" VPOS="1272" HPOS="399"/>
							<String ID="string_146" HPOS="413" VPOS="1271" WIDTH="285" HEIGHT="29" WC="0.90" CONTENT="patentmyndighetens"/><SP WIDTH="23" VPOS="1271" HPOS="698"/>
							<String ID="string_147" HPOS="721" VPOS="1270" WIDTH="111" HEIGHT="23" WC="0.90" CONTENT="utlätan-"/>
						</TextLine>
						<TextLine ID="line_30" HPOS="284" VPOS="1305" WIDTH="548" HEIGHT="28">
							<String ID="string_148" HPOS="284" VPOS="1306" WIDTH="45" HEIGHT="27" WC="0.93" CONTENT="de;"/><SP WIDTH="19" VPOS="1306" HPOS="329"/>
							<String ID="string_149" HPOS="348" VPOS="1306" WIDTH="111" HEIGHT="22" WC="0.91" CONTENT="tillkalle"/><SP WIDTH="27" VPOS="1306" HPOS="459"/>
							<String ID="string_150" HPOS="486" VPOS="1306" WIDTH="52" HEIGHT="26" WC="0.88" CONTENT="ock,"/><SP WIDTH="19" VPOS="1306" HPOS="538"/>
							<String ID="string_151" HPOS="557" VPOS="1306" WIDTH="11" HEIGHT="22" WC="0.93" CONTENT="i"/><SP WIDTH="19" VPOS="1306" HPOS="568"/>
							<String ID="string_152" HPOS="587" VPOS="1305" WIDTH="49" HEIGHT="23" WC="0.96" CONTENT="fall"/><SP WIDTH="18" VPOS="1305" HPOS="636"/>
							<String ID="string_153" HPOS="654" VPOS="1305" WIDTH="32" HEIGHT="23" WC="0.93" CONTENT="af"/><SP WIDTH="15" VPOS="1305" HPOS="686"/>
							<String ID="string_154" HPOS="701" VPOS="1305" WIDTH="81" HEIGHT="26" WC="0.90" CONTENT="behof,"/><SP WIDTH="20" VPOS="1305" HPOS="782"/>
							<String ID="string_155" HPOS="802" VPOS="1311" WIDTH="30" HEIGHT="16" WC="0.95" CONTENT="en"/>
						</TextLine>
						<TextLine ID="line_31" HPOS="284" VPOS="1339" WIDTH="548" HEIGHT="28">
							<String ID="string_156" HPOS="284" VPOS="1340" WIDTH="61" HEIGHT="21" WC="0.93" CONTENT="eller"/><SP WIDTH="18" VPOS="1340" HPOS="345"/>
							<String ID="string_157" HPOS="363" VPOS="1339" WIDTH="42" HEIGHT="22" WC="0.93" CONTENT="två"/><SP WIDTH="19" VPOS="1339" HPOS="405"/>
							<String ID="string_158" HPOS="424" VPOS="1339" WIDTH="160" HEIGHT="28" WC="0.91" CONTENT="sakkunnige"/><SP WIDTH="18" VPOS="1339" HPOS="584"/>
							<String ID="string_159" HPOS="602" VPOS="1339" WIDTH="62" HEIGHT="21" WC="0.96" CONTENT="män"/><SP WIDTH="19" VPOS="1339" HPOS="664"/>
							<String ID="string_160" HPOS="683" VPOS="1339" WIDTH="40" HEIGHT="21" WC="0.96" CONTENT="för"/><SP WIDTH="18" VPOS="1339" HPOS="723"/>
							<String ID="string_161" HPOS="741" VPOS="1340" WIDTH="44" HEIGHT="23" WC="0.93" CONTENT="att,"/><SP WIDTH="15" VPOS="1340" HPOS="785"/>
							<String ID="string_162" HPOS="800" VPOS="1339" WIDTH="32" HEIGHT="21" WC="0.83" CONTENT="ef-"/>
						</TextLine>
						<TextLine ID="line_32" HPOS="285" VPOS="1371" WIDTH="547" HEIGHT="30">
							<String ID="string_163" HPOS="285" VPOS="1373" WIDTH="36" HEIGHT="22" WC="0.88" CONTENT="ter"/><SP WIDTH="26" VPOS="1373" HPOS="321"/>
							<String ID="string_164" HPOS="347" VPOS="1373" WIDTH="94" HEIGHT="28" WC="0.81" CONTENT="aflagd"/><SP WIDTH="28" VPOS="1373" HPOS="441"/>
							<String ID="string_165" HPOS="469" VPOS="1372" WIDTH="109" HEIGHT="29" WC="0.96" CONTENT="lämplig"/><SP WIDTH="28" VPOS="1372" HPOS="578"/>
							<String ID="string_166" HPOS="606" VPOS="1372" WIDTH="39" HEIGHT="26" WC="0.93" CONTENT="ed,"/><SP WIDTH="20" VPOS="1372" HPOS="645"/>
							<String ID="string_167" HPOS="665" VPOS="1371" WIDTH="167" HEIGHT="29" WC="0.43" CONTENT="tillkandagä"/>
						</TextLine>
						<TextLine ID="line_33" HPOS="283" VPOS="1405" WIDTH="549" HEIGHT="31">
							<String ID="string_168" HPOS="283" VPOS="1407" WIDTH="84" HEIGHT="22" WC="0.92" CONTENT="rätten"/><SP WIDTH="29" VPOS="1407" HPOS="367"/>
							<String ID="string_169" HPOS="396" VPOS="1407" WIDTH="59" HEIGHT="22" WC="0.96" CONTENT="med"/><SP WIDTH="30" VPOS="1407" HPOS="455"/>
							<String ID="string_170" HPOS="485" VPOS="1406" WIDTH="196" HEIGHT="30" WC="0.95" CONTENT="upplysningar."/><SP WIDTH="46" VPOS="1406" HPOS="681"/>
							<String ID="string_171" HPOS="727" VPOS="1406" WIDTH="34" HEIGHT="29" WC="0.95" CONTENT="Ej"/><SP WIDTH="28" VPOS="1406" HPOS="761"/>
							<String ID="string_172" HPOS="789" VPOS="1405" WIDTH="43" HEIGHT="24" WC="0.96" CONTENT="mä"/>
						</TextLine>
						<TextLine ID="line_34" HPOS="284" VPOS="1441" WIDTH="549" HEIGHT="30">
							<String ID="string_173" HPOS="284" VPOS="1441" WIDTH="86" HEIGHT="30" WC="0.95" CONTENT="någon"/><SP WIDTH="27" VPOS="1441" HPOS="370"/>
							<String ID="string_174" HPOS="397" VPOS="1443" WIDTH="63" HEIGHT="21" WC="0.92" CONTENT="utan"/><SP WIDTH="28" VPOS="1443" HPOS="460"/>
							<String ID="string_175" HPOS="488" VPOS="1442" WIDTH="59" HEIGHT="29" WC="0.95" CONTENT="laga"/><SP WIDTH="28" VPOS="1442" HPOS="547"/>
							<String ID="string_176" HPOS="575" VPOS="1441" WIDTH="89" HEIGHT="24" WC="0.95" CONTENT="förfall"/><SP WIDTH="25" VPOS="1441" HPOS="664"/>
							<String ID="string_177" HPOS="689" VPOS="1441" WIDTH="81" HEIGHT="30" WC="0.94" CONTENT="vägra"/><SP WIDTH="26" VPOS="1441" HPOS="770"/>
							<String ID="string_178" HPOS="796" VPOS="1442" WIDTH="37" HEIGHT="22" WC="0.96" CONTENT="att"/>
						</TextLine>
					</TextBlock>
				</ComposedBlock>
			</PrintSpace>
		</Page>
	</Layout>
</alto>
