1048 1711
222 139 13 20 6
415 138 28 22 U.
460 138 28 21 B.
504 150 27 3 —
546 138 73 28 Prop.
636 138 45 23 N:o
696 138 35 22 18.

196 202 90 27 strängt
307 200 197 28 reglementerade
527 199 273 30 näringslagstiftningen
821 200 19 29 ej
856 200 95 28 medgaf

196 234 75 29 öfriga
282 233 182 29 näringsidkare,
481 234 122 21 hvarutom
618 235 8 20 i
641 241 29 14 en
683 234 38 21 del
735 234 134 29 privilegier
883 234 65 21 inne-

195 268 112 22 hafvaren
326 268 144 21 meddelades
486 268 45 22 den
543 268 119 21 förlänade
677 268 142 28 rättigheten
834 268 53 21 med
902 269 47 21 alla

196 302 82 22 andras
301 302 153 22 uteslutande.
484 302 34 22 Ur
541 302 79 28 dylika
635 302 133 28 privilegier
783 302 58 21 hade
857 305 90 24 patent-

194 338 76 20 rätten
294 336 117 28 framgått.
425 332 13 37 :
441 336 138 28 Privilegier
601 336 61 28 eller,
679 337 76 21 såsom
771 336 28 21 de
815 343 80 14 senare
910 336 37 22 be-

198 370 119 25 nämndes,
333 373 81 26 patent
429 370 130 21 tilldelades
575 371 23 21 åt
608 370 175 29 näringsidkare
795 370 68 22 äfven
875 371 8 20 i
893 371 56 21 Fin-

194 405 55 21 land
271 406 30 27 på
319 404 75 29 grund
410 404 26 22 af
448 412 28 13 en
492 405 147 27 bestämning
654 404 8 21 i
679 404 28 22 de
723 405 24 20 så
763 404 90 22 kallade
869 412 78 14 manu-

195 440 87 21 faktur-
306 439 43 21 och
367 438 307 30 handtverksprivilegierna
696 439 27 21 af
734 439 45 22 den
795 441 12 19 2
824 439 43 29 maj
886 440 61 26 1739,

194 482 53 13 men
270 474 73 28 några
366 473 112 22 särskilda
498 468 144 34 stadganden
657 473 120 29 angående
792 476 81 26 patent
888 474 59 21 hade

194 509 7 21 i
224 508 80 22 landet
318 508 51 21 icke
389 508 88 22 funnits
493 508 77 22 förrän
587 507 165 29 förordningen
768 515 36 15 om
820 511 128 25 patenträtt

194 544 8 20 i
224 543 101 21 Finland
348 542 44 22 der
414 544 28 20 30
462 550 61 14 mars
541 544 53 21 1876
609 542 133 22 utfärdades
758 545 56 19 utan
830 545 35 19 att
879 544 69 20 Stän-

194 577 82 21 dernas
292 576 141 21 medverkan
448 577 8 21 i
472 577 80 28 frågan
570 576 49 22 blef
626 576 115 29 påkallad.
764 576 46 21 Det
820 584 41 14 var
871 577 76 22 denna

193 613 169 26 patenträttens
378 611 124 21 historiska
516 611 136 28 utveckling
667 611 101 21 Senaten
783 611 51 21 haft
846 611 35 22 för
892 615 55 24 ögo-

193 653 51 18 nen,
260 645 30 22 dä
305 645 101 22 Senaten
427 645 7 21 i
450 645 50 22 dess
516 645 159 29 underdäniga
690 645 87 29 förslag
792 645 37 21 till
843 646 104 28 proposi-

193 680 49 21 tion
264 680 8 21 i
295 683 84 22 ämnet,
401 679 35 21 sin
451 680 61 28 pligt
527 680 123 27 likmätigt,
667 680 62 21 velat
743 679 142 22 fortfarande
901 680 45 21 för-

194 714 90 21 behålla
306 714 65 21 Hans
390 714 130 28 Kejserliga
535 714 109 29 Majestät
659 714 237 28 lagstiftningsrätten
911 718 35 17 rö-

192 749 71 21 rande
283 749 39 21 det
338 749 117 28 egentliga
470 749 198 28 patentväsendet,
685 756 51 14 1nen
753 749 102 21 deremot
870 751 77 19 ansett

193 783 141 22 Ständernas
355 783 141 21 medverkan
519 783 135 28 erforderlig
671 783 8 21 i
694 783 66 28 fräga
777 791 36 13 om
828 783 95 29 inträng
937 783 9 21 i

192 817 43 22 och
260 820 71 19 annat
354 817 61 21 brott
438 821 48 17 mot
508 820 127 26 patenträtt
657 820 60 19 samt
734 817 97 22 rörande
847 817 99 22 domstol

192 851 43 21 och
261 852 124 27 rättegäng
406 851 8 21 i
437 852 44 20 mäl
505 858 37 14 om
564 854 87 26 patent,
674 852 8 20 i
703 851 80 21 hvilka
797 851 148 21 hänseenden

192 884 142 22 förfarandet
357 885 69 21 borde
451 886 71 21 blifva
545 885 132 26 detsamma,
700 893 48 13 som
767 885 39 21 vid
822 886 123 21 stiftandet

192 920 26 21 af
238 920 85 20 allmän
346 919 73 21 straff.
444 920 43 20 och
509 920 137 28 processlag.
676 920 53 20 Men
753 920 13 20 å
788 920 71 21 andra
879 920 66 21 sidan

192 954 77 21 kunde
285 954 101 21 Senaten
397 954 51 21 icke
458 954 86 21 förbise
557 956 40 24 att,
607 954 89 21 vidden
710 954 136 28 utveckling
854 957 90 25 patent-

191 988 111 21 väsendet
316 988 71 21 redan
403 988 90 26 vunnit,
509 991 34 19 ett
558 991 85 25 system
660 988 25 21 af
697 991 132 19 rättssatser
844 988 101 22 utbildat

192 1023 41 29 sig,
248 1022 75 29 enligt
341 1022 79 22 hvilka
435 1022 151 29 uppfinnaren
603 1023 58 21 efter
676 1022 158 30 fullgörandet
849 1022 26 22 af
883 1023 62 21 vissa

191 1057 151 26 föreskrifter,
369 1056 107 22 afseende
499 1060 34 18 att
551 1057 128 21 identifiera
706 1057 166 29 uppfinningen
900 1057 44 22 och

190 1095 56 26 göra
268 1091 44 22 den
335 1091 62 22 känd
419 1091 35 22 för
470 1092 127 27 samhället,
613 1099 42 14 var
670 1091 130 30 berättigad
816 1092 36 21 till
868 1092 76 29 skydd

190 1127 36 20 för
248 1126 35 21 sin
306 1126 145 28 uppfinning,
474 1127 95 21 hvilken
587 1126 97 22 sålunda
707 1126 50 22 blef
769 1135 28 13 en
813 1127 131 27 förmögen-

190 1160 170 28 hetsrättighet,
377 1167 47 14 som
440 1160 8 21 i
464 1160 74 22 likhet
553 1161 53 21 med
622 1160 71 22 andra
709 1160 86 22 sädana
805 1161 138 28 rättigheter

189 1194 78 21 kunde
282 1201 56 14 vara
352 1194 97 22 föremäl
464 1195 36 21 för
512 1195 53 28 köp,
581 1195 38 21 arf
632 1195 42 21 och
689 1198 144 18 testamente.
858 1196 12 20 I
885 1195 58 29 följd

190 1228 68 22 häraf
278 1228 42 22 och
342 1228 29 22 dä
392 1229 9 21 i
424 1229 27 21 de
472 1229 108 22 moderna
595 1230 176 28 patentlagarna
787 1230 97 21 likasom
900 1230 43 21 ock

188 1262 35 21 uti
245 1262 29 21 dä
296 1262 176 28 ifrägavarande
494 1263 88 28 förslag
599 1263 72 27 jemte
693 1263 173 28 straffrättsliga
881 1263 61 21 stad-

189 1296 91 28 ganden
304 1296 42 20 och
368 1296 123 21 afvikelser
508 1296 52 22 frän
575 1297 117 21 allmänna
708 1297 234 28 processlagstiftnin-

188 1338 46 21 gen
250 1330 68 22 äfven
334 1330 96 29 ingingo
446 1331 171 29 bestämningar
633 1338 43 20 om,
693 1331 70 22 bland
774 1335 77 24 annat,
863 1338 80 22 expro-

188 1365 100 29 priation
311 1365 26 22 af
356 1365 136 29 patenterad
506 1366 138 29 uppfinning
662 1366 36 21 för
713 1366 39 22 det
767 1366 117 22 allmänna
899 1366 43 22 och

188 1408 37 13 om
241 1400 69 22 lisens
331 1400 56 22 eller
402 1400 187 28 patenthafvares
604 1400 135 29 skyldighet
755 1403 34 19 att
803 1401 8 21 i
827 1401 61 21 vissa
900 1400 42 22 fall

188 1438 62 18 emot
266 1435 128 28 ersättning
410 1435 104 21 meddela
531 1442 75 14 annan
622 1435 105 22 tillstånd
743 1438 34 19 att
791 1435 82 22 utöfva
883 1442 59 23 upp-

257 1476 46 22 Lag-
316 1476 30 17 och
360 1475 181 18 Ekonomtiutskottets
554 1475 111 18 betänkande
676 1476 37 17 N:o
726 1477 17 17 3.
