1061 1723
202 126 15 20 4
421 127 29 23 U.
465 128 29 22 B.
510 141 27 2 —
552 127 72 28 Prop.
639 127 42 23 N:o
697 127 35 22 12.

203 193 122 27 hållanden,
341 199 44 15 som
400 193 8 21 i
423 193 116 22 allmänhet
553 195 38 20 äro
601 193 97 21 rådande
707 193 7 21 i
723 193 51 21 stad
783 193 39 22 och
831 194 30 26 på
871 193 81 22 landet.

205 227 75 28 Bolag,
296 233 45 16 som
356 229 37 19 äro
408 233 65 22 egare
484 226 25 22 af
516 227 134 22 industriella
659 227 147 28 inrättningar
815 227 52 22 eller
875 226 77 29 fastig-

204 262 63 22 heter
281 262 8 21 i
303 268 28 15 en
345 261 167 27 landskommun,
527 262 83 22 komma
624 262 113 27 nemligen,
753 262 76 22 liksom
838 268 66 22 egare
913 262 39 21 och

203 296 142 22 innehafvare
367 296 24 22 af
406 296 50 28 jord
471 296 61 22 öfver
545 296 88 27 hufvud,
649 298 33 20 att
697 296 68 28 draga
782 303 27 15 en
823 296 130 28 jemförelse-

203 330 34 22 vis
259 330 56 28 dryg
330 330 62 22 andel
408 330 24 22 af
444 337 27 15 en
488 330 172 22 landskommuns
674 333 73 25 tunga,
763 330 38 23 vid
815 331 83 22 hvilket
912 330 41 22 för-

203 364 108 28 hållande,
333 365 39 21 och
394 365 28 21 då
446 364 111 29 åtskilliga
574 372 17 15 s.
609 365 21 21 k.
651 371 64 16 onera
735 365 85 27 publica
839 365 59 22 hvila
917 371 37 15 an-

204 399 76 28 tingen
301 399 137 22 uteslutande
459 400 29 26 på
507 399 40 22 den
565 399 8 22 i
591 400 81 21 mantal
693 401 59 20 satta
767 399 77 27 jorden
859 399 52 22 eller
924 399 29 27 på

205 434 70 22 denna
293 434 40 21 och
351 433 135 23 industriella
502 434 151 27 inrättningar,
672 434 37 22 det
725 434 72 21 kunde
815 434 50 22 leda
879 433 33 23 till
927 439 27 16 en

206 468 117 28 obillighet,
345 474 33 15 om
396 475 50 15 man
461 468 116 23 beröfvade
594 468 64 28 bolag
673 469 7 21 i
695 468 122 26 allmänhet,
832 468 64 22 hvars
911 470 44 25 sty-

205 503 55 22 relse
278 502 20 29 ej
317 503 67 21 finnes
402 503 55 21 inom
477 509 56 21 resp.
550 503 99 22 kommun
661 503 29 27 på
704 503 80 26 landet,
800 502 28 22 all
843 502 111 28 möjlighet

206 540 35 20 att
255 537 76 23 utöfva
345 538 118 27 inflytande
477 538 29 28 på
521 538 221 22 kommunalstämmas
757 538 76 22 beslut.

273 573 33 21 På
321 572 70 28 grund
404 572 26 22 af
438 572 38 22 det
486 572 91 22 anförda
586 572 35 22 får
630 572 112 22 Utskottet
750 572 109 22 vördsamt
869 572 85 27 föreslå,

411 638 33 20 att
464 636 124 22 Ständerna
613 635 49 22 ville
687 635 117 28 godkänna
825 635 35 22 det
881 635 9 21 i
914 635 41 22 den

345 670 83 28 nädiga
442 670 161 28 propositionen
616 670 108 28 ingäende
737 668 219 30 författningsförsla-

342 706 35 26 get
394 705 47 21 med
460 705 70 28 några
543 704 85 22 mindre
643 704 129 28 ändringar,
787 704 9 21 i
809 703 56 29 följd
879 704 78 27 hvaraf

342 739 158 29 förordningen
514 739 79 22 komme
608 740 32 20 att
653 738 51 28 lyda
717 745 44 15 som
776 738 73 28 följer;

481 843 151 28 Förordning
654 849 39 17 om
714 842 90 23 ändrad
822 842 90 29 lydelse
932 842 28 23 af

413 879 31 28 $$
462 879 29 22 10
512 879 45 22 och
571 878 28 23 28
614 879 9 21 i
637 877 88 29 nådiga
744 878 173 28 förordningen
932 877 29 22 af

415 913 46 23 den
475 913 14 22 8
504 913 129 23 December
648 913 56 22 1873
719 912 120 28 angäende
853 912 104 23 kommu-

414 947 191 28 nalförvaltning
619 948 9 21 i
642 948 62 21 stad.

412 1016 131 28 Härigenom
557 1017 91 27 stadgas
663 1018 33 19 att
711 1017 27 26 $$
754 1017 26 20 10
796 1016 39 21 och
849 1017 28 20 28
891 1015 8 22 i
914 1015 44 22 för-

348 1051 120 27 ordningen
478 1051 24 21 af
511 1051 40 21 den
562 1053 13 19 8
585 1051 117 21 December
712 1052 55 20 1873
777 1050 113 27 angäende
900 1050 58 21 kom-

345 1085 204 27 munalförvaltning
574 1085 8 21 i
606 1085 49 21 stad
677 1084 61 22 skola
759 1084 83 22 erhälla
864 1084 94 28 följande

345 1119 129 23 förändrade
488 1120 89 27 lydelse:

621 1181 13 28 8
650 1183 34 20 10.

413 1228 84 28 Hvarje
517 1228 89 22 medlem
625 1227 25 22 af
662 1227 166 25 stadskommun,
843 1232 49 16 man
908 1226 52 22 eller

350 1262 84 25 qvinna,
445 1268 45 14 som
500 1262 95 26 åtnjuter
605 1262 56 19 finsk
670 1261 151 25 medborgares
829 1260 131 26 rättigheter

348 1295 39 21 och
400 1295 41 20 har
455 1296 34 20 att
502 1294 51 28 sjelf
561 1294 61 22 öfver
630 1294 35 27 sig
675 1294 39 21 och
722 1294 39 20 sitt
770 1293 54 27 gods
833 1293 55 21 råda
897 1295 62 23 samt,

349 1328 69 28 enligt
432 1328 76 22 hvad
500 1322 13 38 i
519 1329 12 27 $
542 1330 27 20 53
583 1330 98 20 närmare
696 1328 133 26 bestämmes,
839 1328 26 21 är
874 1326 86 28 skyldig

349 1365 33 20 att
404 1363 34 21 till
457 1363 127 22 kommunen
605 1362 89 28 erlägga
717 1362 66 27 skatt,
802 1361 19 28 ej
839 1360 74 23 häftar
927 1360 34 22 för

348 1398 54 22 flere
425 1400 28 20 än
475 1398 197 27 nästförutgångna
692 1398 59 21 årets
775 1396 94 28 oguldna
892 1395 69 23 stads-

280 1438 205 19 Kommunalutskottets
497 1438 111 19 betänkande
619 1437 34 19 N:o
665 1438 18 18 2.
