1053 1709
433 91 40 21 N:o
491 91 32 20 18.
812 90 12 21 3

103 158 107 26 deremot;
225 158 55 22 dock
294 165 51 15 vare
360 158 175 28 patenthafvaren
551 158 120 28 berättigad
687 158 33 22 till
736 158 69 27 skälig
820 165 33 15 er-

103 193 102 27 sättning.

455 222 48 27 48.

171 261 45 21 Har
231 261 162 27 patenthafvare
409 261 54 27 icke,
479 262 29 26 på
523 263 42 19 sätt
580 261 73 21 derom
668 260 66 23 finnes
747 261 106 27 stadgadt,

103 295 63 27 bragt
181 294 150 28 uppfinningen
346 295 57 21 inom
418 295 75 22 landet
507 295 34 22 till
557 295 102 27 utöfning,
675 302 50 15 vare
736 296 75 26 pligtig
822 297 33 20 att

103 330 35 20 vid
157 329 115 22 anfordran
291 330 28 26 på
334 330 82 26 skäliga
430 330 70 22 vilkor
515 330 39 22 och
569 332 59 19 emot
642 330 97 27 nöjaktig
754 330 100 22 säkerhet

102 364 99 21 meddela
216 364 67 22 andra
298 364 97 22 tillstånd
410 364 33 22 till
459 365 66 21 sådan
541 364 105 26 utöfning.

171 398 118 22 Enahanda
311 398 121 27 skyldighet
451 405 50 15 vare
521 398 40 22 ock
575 398 172 28 patenthafvare,
763 398 92 22 änskönt

103 432 42 22 han
167 432 85 22 utöfvar
274 432 151 28 uppfinningen
447 433 58 22 inom
527 433 79 26 landet,
627 433 152 25 underkastad,
794 433 7 21 i
816 432 39 22 fall

103 466 105 22 Senatens
233 466 273 28 Ekonomiedepartement,
531 468 28 26 på
583 466 156 28 framställning
764 466 23 22 af
807 467 47 26 den,

103 507 45 15 som
163 501 102 22 åstundar
280 501 216 27 utöfningstillstånd,
512 501 107 21 förklarar
634 502 37 20 det
683 502 118 20 allmännas
812 501 42 21 för-

103 536 35 20 del
153 536 76 21 sådant
243 536 79 26 fordra,
338 536 23 20 så
378 536 39 21 ock
431 536 7 21 i
453 536 38 21 fall
506 536 68 27 dylikt
589 536 97 21 tillstånd
702 536 62 21 äskas
775 536 23 20 af
807 536 47 28 den,

104 576 45 16 som
165 574 23 24 ty
203 570 83 22 förutan
302 570 18 27 ej
337 570 33 21 får
384 570 74 22 utöfva
473 577 25 15 en
514 570 33 22 för
562 571 53 21 hans
630 571 90 26 räkning
731 576 75 15 senare
816 576 37 21 pa-

103 605 98 21 tenterad
215 604 123 28 uppfinning
354 605 23 21 af
390 605 103 27 väsentlig
508 605 115 27 betydelse.
648 605 11 21 I
674 605 132 21 sistnämnda
816 605 37 21 fall

103 639 35 21 må
157 640 55 20 dock
231 646 76 20 egaren
323 639 23 21 af
360 640 36 21 det
411 640 90 26 tidigare
515 642 97 24 patentet
628 639 54 21 efter
697 639 157 27 omständighe-

103 675 62 20 terna
186 674 72 20 kunna
277 674 118 27 berättigas
411 676 38 24 att,
466 674 37 21 der
517 674 43 21 han
575 674 36 21 det
627 674 83 26 önskar,
725 673 78 27 jemväl
817 674 36 21 be-

103 715 70 21 gagna
189 708 39 22 den
244 709 77 21 andres
336 708 129 28 uppfinning.

172 742 120 28 Förvägrar
314 742 177 28 patenthafvaren
514 742 214 28 utöfningstillständ,
752 748 45 16 som
812 742 42 21 han

104 777 66 27 enligt
193 777 69 21 denna
284 777 11 27 &
318 777 24 21 af
358 778 91 21 Senaten
465 777 114 21 förklarats
595 777 53 21 eller
662 777 62 27 eljest
739 778 24 20 är
778 777 76 27 pligtig

104 813 33 20 att
151 811 103 27 meddela,
270 811 36 22 mä
320 812 100 26 domstol,
435 812 7 20 i
457 811 38 21 fall
509 811 96 22 vilkoren
621 812 41 21 och
676 811 127 22 säkerheten
815 811 38 21 fin-

103 853 39 15 nas
165 846 117 28 antagliga,
304 848 28 26 pä
354 846 41 22 den
414 846 75 22 andres
504 847 95 27 yrkande
615 846 107 27 berättiga
737 846 68 22 denne
820 846 33 21 till

104 882 41 21 den
160 881 117 22 ästundade
293 881 130 27 utöfningen.

172 915 60 22 Efter
254 915 128 22 förändrade
406 915 149 22 förhällanden
578 915 35 21 mä
634 915 95 21 vilkoren
751 916 7 20 i
781 915 73 21 ofvan-

103 950 94 22 nämnda
212 950 37 22 fall
264 950 141 22 underkastas
420 956 26 21 ny
461 950 105 27 pröfning.

457 1014 12 20 5
485 1014 18 27 &.

173 1053 45 21 Har
233 1053 75 21 sådant
322 1052 84 28 intrång
421 1053 7 21 i
441 1054 126 26 patenträtt,
584 1052 62 21 som
637 1048 14 36 i
659 1052 9 21 1
680 1052 12 28 &
708 1054 95 25 nämnes,
819 1052 36 21 be-

104 1089 57 26 gätts
177 1087 24 21 af
211 1089 77 26 nägon,
300 1094 44 15 som
355 1088 54 20 viste
419 1087 52 21 eller
481 1088 63 20 bordt
555 1089 48 19 veta
613 1088 33 20 att
656 1086 130 28 handlingen
796 1086 59 21 inne-

103 1122 83 22 fattade
193 1122 85 28 inträng
292 1122 7 21 i
310 1128 81 15 annans
401 1123 124 25 patenträtt,
537 1123 80 20 ersätte
625 1121 190 27 gerningsmannen
824 1120 29 22 all

104 1157 73 26 skada,
193 1163 46 15 som
254 1156 225 28 patentinnehafvaren
493 1156 85 27 pröfvas
592 1155 64 22 hafva
666 1156 121 26 derigenom
799 1155 56 21 lidit.

105 1192 59 26 Egde
181 1192 38 20 den
235 1191 97 27 skyldige
347 1190 66 22 sädan
424 1191 94 26 vetskap,
530 1196 50 15 vare
591 1190 107 21 dessutom
709 1190 88 20 straffad
808 1189 47 21 med

104 1226 62 21 böter
185 1226 46 21 från
246 1226 39 21 och
300 1226 48 21 med
364 1225 59 27 tjugu
438 1225 34 22 till
488 1225 38 21 och
541 1224 49 22 med
604 1226 99 20 tvåtusen
719 1224 61 21 mark
796 1224 58 27 eller,

105 1260 38 22 der
158 1260 209 27 omständigheterna
382 1262 38 19 äro
435 1260 134 26 synnerligen
588 1258 143 27 försvärande,
747 1258 49 22 med
810 1258 46 21 fän-

104 1294 58 28 gelse
177 1295 8 21 i
200 1294 62 27 högst
278 1296 32 20 ett
325 1294 30 21 är.

173 1329 78 20 Finnes
273 1328 7 20 i
300 1328 157 20 ofvannämnda
472 1328 38 20 fall
525 1327 99 27 olofligen
640 1327 121 25 tillverkad,
777 1326 78 27 begag-

104 1362 48 26 nad,
167 1362 35 21 till
217 1362 47 21 salu
278 1362 73 20 hällen
367 1362 53 20 eller
433 1362 34 20 till
482 1362 73 20 landet
569 1361 71 21 införd
655 1367 52 15 vara
722 1361 6 20 i
745 1360 40 21 den
800 1360 55 27 skyl-

106 1397 58 27 diges
187 1402 46 22 ego,
256 1396 55 22 skall
334 1396 46 27 den,
404 1402 34 16 om
454 1395 152 28 mälseganden
622 1395 35 22 det
671 1395 65 27 yrkar
751 1394 39 22 och
806 1394 48 22 sak-
