1048 1706
316 114 29 22 U.
361 114 28 22 B.
405 127 27 3 —
447 115 74 28 Prop.
537 115 42 23 N:o
595 116 38 22 22.
828 122 27 20 43

306 184 73 20 samt
395 185 50 25 taga
460 185 40 25 ägg
515 183 39 21 och
569 190 73 21 ungar
656 184 30 26 af
696 183 80 22 sådant
791 183 63 22 ville-

308 216 59 21 bräd.

493 286 33 19 20
540 286 19 26 8.
592 286 35 25 (21
641 285 29 25 8).

364 335 99 21 Innehar
485 336 75 27 någon
581 335 39 21 vid
640 335 112 28 ingången
774 334 29 28 af
814 335 41 21 den

306 368 39 28 tid,
367 369 127 21 hvarunder
515 369 107 22 villebräd
643 369 29 28 af
688 369 55 21 visst
763 369 47 27 slag
829 371 27 19 är

306 403 97 28 fridlyst,
427 404 67 27 deraf
512 405 68 20 större
600 404 51 21 eller
671 403 87 22 mindre
771 403 83 27 förråd,

305 444 48 14 som
374 438 62 26 förut
456 438 76 27 blifvit
552 437 94 28 lagligen
669 438 62 26 fäldi,
752 444 50 14 vare
818 437 34 21 be-

305 472 98 27 rättigad
417 474 33 19 att
464 472 35 21 det
513 472 96 28 föryttra
623 472 71 21 under
703 472 25 21 de
738 472 71 28 första
818 472 36 27 sju

305 506 96 27 dagarne
421 506 29 27 af
466 506 215 28 fridlysningstiden,
697 513 51 14 men
762 506 92 27 derefter

305 546 52 14 vare
379 540 110 28 förbjudet
511 542 32 19 att
562 540 76 27 forsla,
662 540 35 21 till
715 540 51 21 salu
786 540 67 26 hålla,

304 574 58 28 sälja
381 575 52 21 eller
449 574 56 28 köpa
519 574 71 28 dylikt
604 574 60 28 vildt,
680 576 61 20 utom
756 574 96 28 sjöfågel,

304 616 48 14 som
371 609 94 27 lagligen
479 609 89 27 skjutits
583 609 70 21 under
667 609 71 21 sträck
752 608 52 22 eller
818 608 36 28 för

304 644 76 26 vettar,
398 643 115 27 såframt
528 644 22 27 ej
563 644 91 26 genast
670 643 130 27 klarligen
814 643 37 21 vi-

304 684 42 14 sas
361 678 51 20 kan
430 680 39 18 att
483 678 40 21 det
540 677 93 29 blifvit
647 678 84 21 under
746 677 106 21 tillåten

304 712 41 20 tid
359 712 113 28 fångadt
486 712 63 22 eller
560 712 35 28 på
610 714 84 19 annat
708 714 54 19 sätt
774 711 76 28 lagli-

302 753 52 21 gen
368 746 175 28 förvärfvadt.
566 741 16 37 1
574 746 94 28 beslag
679 748 58 26 taget
745 746 56 21 vildt
810 745 42 22 må

303 780 62 21 dock
379 781 36 27 för
429 781 97 21 kronans
541 780 95 28 räkning
651 781 113 27 föryttras.

441 861 36 26 (21
491 862 15 25 $
522 861 16 20 2
552 867 66 15 mom.
635 860 80 28 utgår).

490 924 28 20 21
531 924 22 26 $.
585 924 41 26 (22
640 923 27 27 g).

366 974 73 22 Under
453 974 59 22 tiden
527 974 54 28 frän
596 975 39 21 och
650 975 49 21 med
713 974 41 21 den
766 975 12 20 1
789 973 63 22 Mars

304 1009 35 21 till
354 1009 41 20 den
410 1009 32 20 15
457 1008 114 28 Augusti
584 1008 38 22 mä
637 1008 63 22 hund
714 1008 44 22 icke
774 1008 76 28 begag-

303 1049 42 14 nas
361 1043 35 20 till
404 1043 53 27 jagt
471 1045 75 18 utom:

372 1076 54 27 efter
449 1076 68 27 björn,
540 1083 59 20 varg,
621 1077 20 20 lo
662 1076 52 21 eller
734 1076 55 27 jerf,
810 1077 43 20 när

303 1110 82 21 sådant
399 1111 51 27 djur
465 1110 32 28 sig
513 1110 10 21 i
538 1111 85 20 trakten
638 1110 132 28 uppehåller,

360 1145 36 27 för
410 1144 49 28 räfs
473 1145 119 26 uttagande
607 1151 29 14 ur
651 1145 43 26 lya,
709 1146 59 19 samt

360 1179 14 20 ä
394 1179 72 27 fågel
488 1178 64 28 från
575 1179 47 20 och
642 1179 56 20 med
712 1178 47 21 den
774 1179 11 20 1
800 1178 50 21 Au-

302 1213 77 27 gusti.

360 1247 37 21 Pä
411 1247 115 20 särskild
541 1247 116 21 ansökan
672 1246 40 21 mä
724 1247 60 20 dock
801 1246 50 22 Gu-

303 1283 126 19 vernören
449 1281 97 27 bevilja
561 1281 109 27 pälitlig
684 1287 96 21 person
796 1280 55 21 till-

303 1315 85 26 stänä,
407 1315 43 27 för
469 1317 36 18 ett
521 1315 30 21 är
565 1315 10 20 i
589 1315 96 26 sender,
708 1317 42 19 att
771 1315 82 20 under

304 1349 222 28 fridlysningstid
545 1348 34 27 pä
604 1349 149 20 snöbetäckt
774 1348 78 27 mark,

304 1383 83 21 likväl
407 1382 24 28 ej
452 1383 90 26 längre
561 1383 33 20 än
614 1381 43 22 till
677 1381 50 22 den
741 1382 12 20 1
768 1381 83 28 April,

304 1417 115 28 begagna
433 1416 140 29 drifvande
588 1416 74 21 hund
676 1415 45 22 till
740 1415 111 29 räfjagt.

168 1465 43 21 Lag-
224 1465 26 16 och
263 1464 168 17 Ekonomiutskottets
445 1464 104 16 betänkande
560 1463 35 17 N:o
607 1468 16 15 4.
