1039 1717
201 123 27 21 14
435 121 24 22 U.
473 122 24 22 B.
513 133 27 3 —
555 122 65 28 Prop.
635 121 38 22 N:o
689 120 34 22 15.

41 298 107 43 Stämpelaf-
297 307 51 22 Vid
380 306 131 30 förnyadt
542 293 64 35 för-|
713 272 4 83 |

34 331 28 22 jiä
74 332 29 17 för
113 331 49 18 doms
269 341 136 22 ordnande
435 344 39 19 att
499 341 94 22 utöfva
712 354 4 15 i
954 274 2 84 |
988 345 4 26 |

60 351 72 37 stolars,
285 376 4 4 N
529 375 12 22 €
954 359 2 23 |
989 372 2 25 |

48 373 93 43 offentliga
268 378 87 37 tjenst
390 376 67 21 eller
493 376 100 22 befatt-
678 386 2 27 i
954 383 37 27 |]

41 418 106 22 myndighe-
267 418 73 21 ning,
387 418 56 14 som
486 410 108 22 författ-

35 452 27 12 ers
77 447 32 17 och
125 452 35 13 em-
267 445 174 29 ningsenligt
471 444 149 22 besättes!.

33 477 83 31 jetsmäns
131 482 27 12 ex-
267 480 42 21 för
337 479 71 22 visst
437 479 75 22 antal
535 480 28 21 är
585 480 9 20 i
954 485 1 7 |

39 504 105 22 Peditloner,
268 514 101 28 sender,
376 514 81 28 utgår
467 514 125 28 stämpel-
953 499 16 58 J

267 547 120 29 afgiften
403 548 58 22 med
485 564 108 6 ......
645 544 62 32 4|—|
741 543 60 21 2|—|
834 544 106 20 11—/—
953 542 33 30 [50

295 583 97 22 Kallas
414 583 50 21 och
487 582 104 23 förord-
676 577 2 17 |
953 579 38 35 ||

267 625 47 14 nas
329 617 179 22 innehafvare
519 618 28 21 af
555 625 47 18 se-;
953 645 2 5 |

267 652 201 22 natorsembete
493 655 40 19 att
556 653 37 21 sä-
953 651 2 23 |

267 687 64 21 dant
359 686 105 22 embete
492 686 99 22 fortfa-

266 721 82 21 rande
386 720 102 27 utöfva,
528 728 64 22 eger

267 755 204 29 stämpelafgift
528 756 63 22 icke

168 795 1 11 i
266 797 63 15 rum.
600 785 2 18 |

279 825 47 22 Vid
335 825 154 22 förordnande
493 821 11 37 ä
519 825 70 22 sädan
600 832 1 15 |

250 860 75 28 syssla
347 860 56 21 eller
421 859 142 29 beställning
584 860 7 21 i

251 896 88 20 statens
354 894 78 29 tjenst,
448 894 93 22 hvarför
556 902 35 14 ar-

250 928 59 23 vode
332 925 55 26 eller
405 930 70 21 andra
491 928 98 23 löneför-
951 926 2 21 |

249 964 79 22 mäner
343 964 20 29 ej
379 964 75 22 finnas
463 960 11 37 ä
498 967 45 19 stat
553 964 38 22 till

249 998 116 22 bestämdt
373 998 83 29 belopp
464 1001 126 26 upptagna,
858 1015 1 6 |

250 1035 59 19 samt
323 1033 13 21 &
351 1040 76 14 annan
442 1033 148 29 befattning
578 1029 17 38 i

249 1066 122 22 kommuns
371 1062 61 38 eller
431 1067 158 29 församlings

248 1102 73 28 tjenst
343 1105 29 17 än
395 1102 77 26 sådan,
489 1109 48 14 som
553 1102 47 24 of-|

248 1144 45 14 van
323 1140 102 24 nämnes,
451 1136 104 28 erlägges
581 1136 8 21 i
856 1158 2 13 |

249 1170 169 31 stämpelafgift
436 1186 109 6 ......
561 1186 6 6 o
641 1166 62 20 41—|
736 1166 59 21 2]1—1
831 1167 10 20 1
856 1174 31 6 —j
907 1176 28 4 --
949 1164 36 33 [50]

208 1204 26 22 B.
253 1205 164 27 Förordnande,
433 1212 54 14 vare
496 1204 36 28 sig
542 1183 46 53 det-

249 1246 85 14 samma
363 1239 116 21 meddelas
504 1246 83 21 genom

248 1272 111 21 särskildt
368 1272 154 22 förordnande
531 1272 57 20 eller

247 1312 84 22 genom
347 1301 10 38 =
367 1305 231 30 protokollsutdrag,
591 1301 10 38 |

247 1347 29 15 m.
291 1347 36 20 m,
343 1342 34 20 att
391 1340 30 28 pä
435 1339 104 22 bestämd
550 1336 48 27 tid
591 1332 11 41 |
982 1335 1 8 |

247 1374 26 22 af
285 1376 34 20 ett
337 1374 25 22 år
379 1374 57 22 eller
454 1373 133 23 derutöfver

222 1424 2 2 -
248 1410 85 21 såsom
356 1409 105 22 vikarie
484 1408 101 22 bestrida

248 1444 94 28 embete,
351 1444 71 29 tjenst
430 1443 56 22 eller
493 1443 92 22 beställ-
