<?xml version="1.0" encoding="UTF-8"?>
<alto xmlns="http://www.loc.gov/standards/alto/ns-v3#" xmlns:xlink="http://www.w3.org/1999/xlink" xmlns:xsi="http://www.w3.org/2001/XMLSchema-instance" xsi:schemaLocation="http://www.loc.gov/standards/alto/ns-v3# http://www.loc.gov/alto/v3/alto-3-0.xsd">
	<Description>
		<MeasurementUnit>pixel</MeasurementUnit>
		<sourceImageInformation>
			<fileName>/tmp/tess_1ulu2avz_input.PNG</fileName>
		</sourceImageInformation>
		<OCRProcessing ID="OCR_0">
			<ocrProcessingStep>
				<processingSoftware>
					<softwareName>tesseract 5.3.4</softwareName>
				</processingSoftware>
			</ocrProcessingStep>
		</OCRProcessing>
	</Description>
	<Layout>
		<Page WIDTH="1050" HEIGHT="1711" PHYSICAL_IMG_NR="0" ID="page_0">
			<PrintSpace HPOS="0" VPOS="0" WIDTH="1050" HEIGHT="1711">
				<ComposedBlock ID="cblock_0" HPOS="318" VPOS="119" WIDTH="532" HEIGHT="37">
					<TextBlock ID="block_0" HPOS="318" VPOS="119" WIDTH="532" HEIGHT="37">
						<TextLine ID="line_0" HPOS="318" VPOS="119" WIDTH="532" HEIGHT="37">
							<String ID="string_0" HPOS="318" VPOS="127" WIDTH="29" HEIGHT="22" WC="0.90" CONTENT="U."/><SP WIDTH="16" VPOS="127" HPOS="347"/>
							<String ID="string_1" HPOS="363" VPOS="119" WIDTH="31" HEIGHT="30" WC="0.89" CONTENT="B."/><SP WIDTH="14" VPOS="119" HPOS="394"/>
							<String ID="string_2" HPOS="408" VPOS="140" WIDTH="26" HEIGHT="3" WC="0.92" CONTENT="—"/><SP WIDTH="15" VPOS="140" HPOS="434"/>
							<String ID="string_3" HPOS="449" VPOS="127" WIDTH="74" HEIGHT="29" WC="0.96" CONTENT="Prop."/><SP WIDTH="15" VPOS="127" HPOS="523"/>
							<String ID="string_4" HPOS="538" VPOS="127" WIDTH="46" HEIGHT="24" WC="0.95" CONTENT="N:o"/><SP WIDTH="14" VPOS="127" HPOS="584"/>
							<String ID="string_5" HPOS="598" VPOS="128" WIDTH="37" HEIGHT="22" WC="0.92" CONTENT="13."/><SP WIDTH="202" VPOS="128" HPOS="635"/>
							<String ID="string_6" HPOS="837" VPOS="129" WIDTH="13" HEIGHT="20" WC="0.96" CONTENT="5"/>
						</TextLine>
					</TextBlock>
				</ComposedBlock>
				<ComposedBlock ID="cblock_1" HPOS="94" VPOS="197" WIDTH="756" HEIGHT="477">
					<TextBlock ID="block_1" HPOS="94" VPOS="197" WIDTH="756" HEIGHT="477">
						<TextLine ID="line_1" HPOS="166" VPOS="197" WIDTH="683" HEIGHT="30">
							<String ID="string_7" HPOS="166" VPOS="197" WIDTH="236" HEIGHT="30" WC="0.92" CONTENT="Utskottsförslaget"/><SP WIDTH="27" VPOS="197" HPOS="402"/>
							<String ID="string_8" HPOS="429" VPOS="199" WIDTH="46" HEIGHT="22" WC="0.96" CONTENT="och"/><SP WIDTH="27" VPOS="199" HPOS="475"/>
							<String ID="string_9" HPOS="502" VPOS="199" WIDTH="188" HEIGHT="22" WC="0.95" CONTENT="reservationen"/><SP WIDTH="28" VPOS="199" HPOS="690"/>
							<String ID="string_10" HPOS="718" VPOS="199" WIDTH="74" HEIGHT="28" WC="0.95" CONTENT="skilja"/><SP WIDTH="18" VPOS="199" HPOS="792"/>
							<String ID="string_11" HPOS="810" VPOS="199" WIDTH="39" HEIGHT="28" WC="0.96" CONTENT="sig"/>
						</TextLine>
						<TextLine ID="line_2" HPOS="96" VPOS="231" WIDTH="753" HEIGHT="29">
							<String ID="string_12" HPOS="96" VPOS="231" WIDTH="36" HEIGHT="22" WC="0.96" CONTENT="uti"/><SP WIDTH="18" VPOS="231" HPOS="132"/>
							<String ID="string_13" HPOS="150" VPOS="231" WIDTH="197" HEIGHT="29" WC="0.96" CONTENT="ifrågavarande"/><SP WIDTH="20" VPOS="231" HPOS="347"/>
							<String ID="string_14" HPOS="367" VPOS="233" WIDTH="117" HEIGHT="22" WC="0.96" CONTENT="afseende"/><SP WIDTH="19" VPOS="233" HPOS="484"/>
							<String ID="string_15" HPOS="503" VPOS="233" WIDTH="56" HEIGHT="22" WC="0.96" CONTENT="från"/><SP WIDTH="19" VPOS="233" HPOS="559"/>
							<String ID="string_16" HPOS="578" VPOS="233" WIDTH="146" HEIGHT="22" WC="0.93" CONTENT="hvarandra"/><SP WIDTH="17" VPOS="233" HPOS="724"/>
							<String ID="string_17" HPOS="741" VPOS="233" WIDTH="108" HEIGHT="22" WC="0.91" CONTENT="derutin-"/>
						</TextLine>
						<TextLine ID="line_3" HPOS="96" VPOS="267" WIDTH="754" HEIGHT="29">
							<String ID="string_18" HPOS="96" VPOS="271" WIDTH="58" HEIGHT="20" WC="0.96" CONTENT="nan,"/><SP WIDTH="30" VPOS="271" HPOS="154"/>
							<String ID="string_19" HPOS="184" VPOS="267" WIDTH="36" HEIGHT="21" WC="0.96" CONTENT="att"/><SP WIDTH="26" VPOS="267" HPOS="220"/>
							<String ID="string_20" HPOS="246" VPOS="267" WIDTH="189" HEIGHT="22" WC="0.95" CONTENT="reservationen"/><SP WIDTH="25" VPOS="267" HPOS="435"/>
							<String ID="string_21" HPOS="460" VPOS="267" WIDTH="103" HEIGHT="29" WC="0.93" CONTENT="ålägger"/><SP WIDTH="19" VPOS="267" HPOS="563"/>
							<String ID="string_22" HPOS="582" VPOS="267" WIDTH="214" HEIGHT="28" WC="0.91" CONTENT="pantlåneanstalt"/><SP WIDTH="18" VPOS="267" HPOS="796"/>
							<String ID="string_23" HPOS="814" VPOS="269" WIDTH="36" HEIGHT="19" WC="0.96" CONTENT="att"/>
						</TextLine>
						<TextLine ID="line_4" HPOS="96" VPOS="298" WIDTH="753" HEIGHT="32">
							<String ID="string_24" HPOS="96" VPOS="298" WIDTH="114" HEIGHT="28" WC="0.96" CONTENT="bokföra,"/><SP WIDTH="29" VPOS="298" HPOS="210"/>
							<String ID="string_25" HPOS="239" VPOS="302" WIDTH="68" HEIGHT="20" WC="0.96" CONTENT="utom"/><SP WIDTH="29" VPOS="302" HPOS="307"/>
							<String ID="string_26" HPOS="336" VPOS="302" WIDTH="84" HEIGHT="25" WC="0.93" CONTENT="annat,"/><SP WIDTH="26" VPOS="302" HPOS="420"/>
							<String ID="string_27" HPOS="446" VPOS="301" WIDTH="163" HEIGHT="29" WC="0.92" CONTENT="låntagarens"/><SP WIDTH="28" VPOS="301" HPOS="609"/>
							<String ID="string_28" HPOS="637" VPOS="301" WIDTH="53" HEIGHT="26" WC="0.96" CONTENT="och,"/><SP WIDTH="21" VPOS="301" HPOS="690"/>
							<String ID="string_29" HPOS="711" VPOS="301" WIDTH="8" HEIGHT="21" WC="0.95" CONTENT="i"/><SP WIDTH="18" VPOS="301" HPOS="719"/>
							<String ID="string_30" HPOS="737" VPOS="301" WIDTH="44" HEIGHT="21" WC="0.93" CONTENT="fall"/><SP WIDTH="19" VPOS="301" HPOS="781"/>
							<String ID="string_31" HPOS="800" VPOS="307" WIDTH="49" HEIGHT="16" WC="0.92" CONTENT="om-"/>
						</TextLine>
						<TextLine ID="line_5" HPOS="96" VPOS="332" WIDTH="752" HEIGHT="32">
							<String ID="string_32" HPOS="96" VPOS="332" WIDTH="52" HEIGHT="23" WC="0.93" CONTENT="bud"/><SP WIDTH="31" VPOS="332" HPOS="148"/>
							<String ID="string_33" HPOS="179" VPOS="334" WIDTH="149" HEIGHT="30" WC="0.91" CONTENT="begagnats,"/><SP WIDTH="32" VPOS="334" HPOS="328"/>
							<String ID="string_34" HPOS="360" VPOS="335" WIDTH="92" HEIGHT="28" WC="0.93" CONTENT="jemväl"/><SP WIDTH="28" VPOS="335" HPOS="452"/>
							<String ID="string_35" HPOS="480" VPOS="335" WIDTH="94" HEIGHT="23" WC="0.96" CONTENT="dennes"/><SP WIDTH="27" VPOS="335" HPOS="574"/>
							<String ID="string_36" HPOS="601" VPOS="342" WIDTH="84" HEIGHT="19" WC="0.95" CONTENT="namn,"/><SP WIDTH="28" VPOS="342" HPOS="685"/>
							<String ID="string_37" HPOS="713" VPOS="335" WIDTH="63" HEIGHT="28" WC="0.96" CONTENT="yrke"/><SP WIDTH="27" VPOS="335" HPOS="776"/>
							<String ID="string_38" HPOS="803" VPOS="335" WIDTH="45" HEIGHT="22" WC="0.96" CONTENT="och"/>
						</TextLine>
						<TextLine ID="line_6" HPOS="95" VPOS="367" WIDTH="754" HEIGHT="31">
							<String ID="string_39" HPOS="95" VPOS="367" WIDTH="115" HEIGHT="28" WC="0.96" CONTENT="hemvist,"/><SP WIDTH="12" VPOS="367" HPOS="210"/>
							<String ID="string_40" HPOS="222" VPOS="369" WIDTH="89" HEIGHT="22" WC="0.93" CONTENT="medan"/><SP WIDTH="11" VPOS="369" HPOS="311"/>
							<String ID="string_41" HPOS="322" VPOS="370" WIDTH="112" HEIGHT="22" WC="0.92" CONTENT="deremot"/><SP WIDTH="10" VPOS="370" HPOS="434"/>
							<String ID="string_42" HPOS="444" VPOS="370" WIDTH="236" HEIGHT="28" WC="0.90" CONTENT="Utskottsförslaget"/><SP WIDTH="9" VPOS="370" HPOS="680"/>
							<String ID="string_43" HPOS="689" VPOS="370" WIDTH="54" HEIGHT="21" WC="0.93" CONTENT="icke"/><SP WIDTH="11" VPOS="370" HPOS="743"/>
							<String ID="string_44" HPOS="754" VPOS="370" WIDTH="95" HEIGHT="21" WC="0.90" CONTENT="åhvälf-"/>
						</TextLine>
						<TextLine ID="line_7" HPOS="95" VPOS="403" WIDTH="753" HEIGHT="31">
							<String ID="string_45" HPOS="95" VPOS="408" WIDTH="45" HEIGHT="16" WC="0.93" CONTENT="ver"/><SP WIDTH="18" VPOS="408" HPOS="140"/>
							<String ID="string_46" HPOS="158" VPOS="403" WIDTH="213" HEIGHT="28" WC="0.91" CONTENT="pantlåneanstalt"/><SP WIDTH="25" VPOS="403" HPOS="371"/>
							<String ID="string_47" HPOS="396" VPOS="404" WIDTH="79" HEIGHT="22" WC="0.96" CONTENT="sådan"/><SP WIDTH="19" VPOS="404" HPOS="475"/>
							<String ID="string_48" HPOS="494" VPOS="404" WIDTH="152" HEIGHT="30" WC="0.96" CONTENT="skyldighet."/><SP WIDTH="36" VPOS="404" HPOS="646"/>
							<String ID="string_49" HPOS="682" VPOS="404" WIDTH="39" HEIGHT="22" WC="0.91" CONTENT="Då"/><SP WIDTH="19" VPOS="404" HPOS="721"/>
							<String ID="string_50" HPOS="740" VPOS="404" WIDTH="108" HEIGHT="22" WC="0.89" CONTENT="emeller-"/>
						</TextLine>
						<TextLine ID="line_8" HPOS="95" VPOS="436" WIDTH="753" HEIGHT="31">
							<String ID="string_51" HPOS="95" VPOS="436" WIDTH="43" HEIGHT="27" WC="0.94" CONTENT="tid,"/><SP WIDTH="29" VPOS="436" HPOS="138"/>
							<String ID="string_52" HPOS="167" VPOS="437" WIDTH="8" HEIGHT="22" WC="0.94" CONTENT="i"/><SP WIDTH="27" VPOS="437" HPOS="175"/>
							<String ID="string_53" HPOS="202" VPOS="438" WIDTH="111" HEIGHT="29" WC="0.95" CONTENT="enlighet"/><SP WIDTH="20" VPOS="438" HPOS="313"/>
							<String ID="string_54" HPOS="333" VPOS="439" WIDTH="57" HEIGHT="21" WC="0.96" CONTENT="med"/><SP WIDTH="18" VPOS="439" HPOS="390"/>
							<String ID="string_55" HPOS="408" VPOS="439" WIDTH="69" HEIGHT="22" WC="0.96" CONTENT="hvad"/><SP WIDTH="19" VPOS="439" HPOS="477"/>
							<String ID="string_56" HPOS="496" VPOS="439" WIDTH="126" HEIGHT="22" WC="0.96" CONTENT="Utskottet"/><SP WIDTH="19" VPOS="439" HPOS="622"/>
							<String ID="string_57" HPOS="641" VPOS="438" WIDTH="77" HEIGHT="22" WC="0.93" CONTENT="ofvan"/><SP WIDTH="18" VPOS="438" HPOS="718"/>
							<String ID="string_58" HPOS="736" VPOS="438" WIDTH="112" HEIGHT="22" WC="0.92" CONTENT="vidkom-"/>
						</TextLine>
						<TextLine ID="line_9" HPOS="94" VPOS="472" WIDTH="754" HEIGHT="30">
							<String ID="string_59" HPOS="94" VPOS="472" WIDTH="92" HEIGHT="22" WC="0.96" CONTENT="mande"/><SP WIDTH="22" VPOS="472" HPOS="186"/>
							<String ID="string_60" HPOS="208" VPOS="472" WIDTH="14" HEIGHT="22" WC="0.92" CONTENT="2"/><SP WIDTH="24" VPOS="472" HPOS="222"/>
							<String ID="string_61" HPOS="246" VPOS="473" WIDTH="14" HEIGHT="29" WC="0.64" CONTENT="$"/><SP WIDTH="22" VPOS="473" HPOS="260"/>
							<String ID="string_62" HPOS="282" VPOS="473" WIDTH="144" HEIGHT="27" WC="0.73" CONTENT="framhållit,"/><SP WIDTH="28" VPOS="473" HPOS="426"/>
							<String ID="string_63" HPOS="454" VPOS="474" WIDTH="200" HEIGHT="22" WC="0.92" CONTENT="Presteståndets"/><SP WIDTH="32" VPOS="474" HPOS="654"/>
							<String ID="string_64" HPOS="686" VPOS="473" WIDTH="45" HEIGHT="22" WC="0.93" CONTENT="och"/><SP WIDTH="19" VPOS="473" HPOS="731"/>
							<String ID="string_65" HPOS="750" VPOS="473" WIDTH="98" HEIGHT="22" WC="0.93" CONTENT="Bonde-"/>
						</TextLine>
						<TextLine ID="line_10" HPOS="95" VPOS="506" WIDTH="753" HEIGHT="33">
							<String ID="string_66" HPOS="95" VPOS="506" WIDTH="113" HEIGHT="23" WC="0.91" CONTENT="ståndets"/><SP WIDTH="30" VPOS="506" HPOS="208"/>
							<String ID="string_67" HPOS="238" VPOS="508" WIDTH="195" HEIGHT="22" WC="0.91" CONTENT="nästomordade"/><SP WIDTH="33" VPOS="508" HPOS="433"/>
							<String ID="string_68" HPOS="466" VPOS="508" WIDTH="82" HEIGHT="31" WC="0.96" CONTENT="beslut"/><SP WIDTH="34" VPOS="508" HPOS="548"/>
							<String ID="string_69" HPOS="582" VPOS="508" WIDTH="137" HEIGHT="22" WC="0.96" CONTENT="innefattar"/><SP WIDTH="31" VPOS="508" HPOS="719"/>
							<String ID="string_70" HPOS="750" VPOS="514" WIDTH="32" HEIGHT="16" WC="0.91" CONTENT="en"/><SP WIDTH="30" VPOS="514" HPOS="782"/>
							<String ID="string_71" HPOS="812" VPOS="508" WIDTH="36" HEIGHT="22" WC="0.91" CONTENT="in-"/>
						</TextLine>
						<TextLine ID="line_11" HPOS="95" VPOS="541" WIDTH="752" HEIGHT="31">
							<String ID="string_72" HPOS="95" VPOS="541" WIDTH="158" HEIGHT="30" WC="0.91" CONTENT="skränkning"/><SP WIDTH="19" VPOS="541" HPOS="253"/>
							<String ID="string_73" HPOS="272" VPOS="542" WIDTH="25" HEIGHT="22" WC="0.96" CONTENT="af"/><SP WIDTH="18" VPOS="542" HPOS="297"/>
							<String ID="string_74" HPOS="315" VPOS="542" WIDTH="49" HEIGHT="23" WC="0.96" CONTENT="den"/><SP WIDTH="18" VPOS="542" HPOS="364"/>
							<String ID="string_75" HPOS="382" VPOS="542" WIDTH="37" HEIGHT="23" WC="0.96" CONTENT="uti"/><SP WIDTH="18" VPOS="542" HPOS="419"/>
							<String ID="string_76" HPOS="437" VPOS="542" WIDTH="197" HEIGHT="30" WC="0.96" CONTENT="ifrågavarande"/><SP WIDTH="18" VPOS="542" HPOS="634"/>
							<String ID="string_77" HPOS="652" VPOS="542" WIDTH="145" HEIGHT="22" WC="0.96" CONTENT="hänseende"/><SP WIDTH="15" VPOS="542" HPOS="797"/>
							<String ID="string_78" HPOS="812" VPOS="549" WIDTH="35" HEIGHT="15" WC="0.96" CONTENT="nu"/>
						</TextLine>
						<TextLine ID="line_12" HPOS="94" VPOS="575" WIDTH="753" HEIGHT="32">
							<String ID="string_79" HPOS="94" VPOS="575" WIDTH="114" HEIGHT="23" WC="0.96" CONTENT="rådande"/><SP WIDTH="24" VPOS="575" HPOS="208"/>
							<String ID="string_80" HPOS="232" VPOS="577" WIDTH="108" HEIGHT="22" WC="0.96" CONTENT="friheten"/><SP WIDTH="19" VPOS="577" HPOS="340"/>
							<String ID="string_81" HPOS="359" VPOS="578" WIDTH="64" HEIGHT="21" WC="0.93" CONTENT="samt"/><SP WIDTH="19" VPOS="578" HPOS="423"/>
							<String ID="string_82" HPOS="442" VPOS="577" WIDTH="215" HEIGHT="30" WC="0.92" CONTENT="Borgareståndet"/><SP WIDTH="18" VPOS="577" HPOS="657"/>
							<String ID="string_83" HPOS="675" VPOS="577" WIDTH="79" HEIGHT="22" WC="0.96" CONTENT="måste"/><SP WIDTH="20" VPOS="577" HPOS="754"/>
							<String ID="string_84" HPOS="774" VPOS="583" WIDTH="73" HEIGHT="16" WC="0.96" CONTENT="anses"/>
						</TextLine>
						<TextLine ID="line_13" HPOS="94" VPOS="610" WIDTH="753" HEIGHT="43">
							<String ID="string_85" HPOS="94" VPOS="610" WIDTH="78" HEIGHT="23" WC="0.95" CONTENT="hafva"/><SP WIDTH="18" VPOS="610" HPOS="172"/>
							<String ID="string_86" HPOS="190" VPOS="611" WIDTH="90" HEIGHT="23" WC="0.96" CONTENT="uttalat"/><SP WIDTH="18" VPOS="611" HPOS="280"/>
							<String ID="string_87" HPOS="298" VPOS="612" WIDTH="39" HEIGHT="29" WC="0.96" CONTENT="sig"/><SP WIDTH="19" VPOS="612" HPOS="337"/>
							<String ID="string_88" HPOS="356" VPOS="613" WIDTH="65" HEIGHT="21" WC="0.96" CONTENT="emot"/><SP WIDTH="17" VPOS="613" HPOS="421"/>
							<String ID="string_89" HPOS="438" VPOS="612" WIDTH="85" HEIGHT="29" WC="0.96" CONTENT="dylika"/><SP WIDTH="16" VPOS="612" HPOS="523"/>
							<String ID="string_90" HPOS="539" VPOS="612" WIDTH="190" HEIGHT="41" WC="0.91" CONTENT="inskränkande"/><SP WIDTH="12" VPOS="612" HPOS="729"/>
							<String ID="string_91" HPOS="741" VPOS="612" WIDTH="106" HEIGHT="21" WC="0.91" CONTENT="bestäm-"/>
						</TextLine>
						<TextLine ID="line_14" HPOS="94" VPOS="645" WIDTH="374" HEIGHT="29">
							<String ID="string_92" HPOS="94" VPOS="645" WIDTH="98" HEIGHT="29" WC="0.96" CONTENT="ningar,"/><SP WIDTH="23" VPOS="645" HPOS="192"/>
							<String ID="string_93" HPOS="215" VPOS="645" WIDTH="106" HEIGHT="23" WC="0.95" CONTENT="föreslår"/><SP WIDTH="14" VPOS="645" HPOS="321"/>
							<String ID="string_94" HPOS="335" VPOS="646" WIDTH="133" HEIGHT="27" WC="0.96" CONTENT="Utskottet,"/>
						</TextLine>
					</TextBlock>
				</ComposedBlock>
				<ComposedBlock ID="cblock_2" HPOS="298" VPOS="725" WIDTH="547" HEIGHT="68">
					<TextBlock ID="block_2" HPOS="298" VPOS="725" WIDTH="547" HEIGHT="68">
						<TextLine ID="line_15" HPOS="368" VPOS="725" WIDTH="477" HEIGHT="33">
							<String ID="string_95" HPOS="368" VPOS="728" WIDTH="35" HEIGHT="21" WC="0.89" CONTENT="att"/><SP WIDTH="28" VPOS="728" HPOS="403"/>
							<String ID="string_96" HPOS="431" VPOS="726" WIDTH="131" HEIGHT="24" WC="0.66" CONTENT="Ständerna"/><SP WIDTH="20" VPOS="726" HPOS="562"/>
							<String ID="string_97" HPOS="582" VPOS="726" WIDTH="50" HEIGHT="24" WC="0.95" CONTENT="ville"/><SP WIDTH="18" VPOS="726" HPOS="632"/>
							<String ID="string_98" HPOS="650" VPOS="729" WIDTH="87" HEIGHT="29" WC="0.93" CONTENT="antaga"/><SP WIDTH="17" VPOS="729" HPOS="737"/>
							<String ID="string_99" HPOS="754" VPOS="725" WIDTH="91" HEIGHT="33" WC="0.88" CONTENT="ifråga-"/>
						</TextLine>
						<TextLine ID="line_16" HPOS="298" VPOS="760" WIDTH="547" HEIGHT="33">
							<String ID="string_100" HPOS="298" VPOS="761" WIDTH="102" HEIGHT="23" WC="0.95" CONTENT="varande"/><SP WIDTH="7" VPOS="761" HPOS="400"/>
							<String ID="string_101" HPOS="407" VPOS="761" WIDTH="123" HEIGHT="32" WC="0.95" CONTENT="paragraf"/><SP WIDTH="5" VPOS="761" HPOS="530"/>
							<String ID="string_102" HPOS="535" VPOS="760" WIDTH="69" HEIGHT="33" WC="0.96" CONTENT="enligt"/><SP WIDTH="14" VPOS="760" HPOS="604"/>
							<String ID="string_103" HPOS="618" VPOS="760" WIDTH="123" HEIGHT="25" WC="0.96" CONTENT="Utskottets"/><SP WIDTH="9" VPOS="760" HPOS="741"/>
							<String ID="string_104" HPOS="750" VPOS="761" WIDTH="95" HEIGHT="32" WC="0.96" CONTENT="förslag."/>
						</TextLine>
					</TextBlock>
				</ComposedBlock>
				<ComposedBlock ID="cblock_3" HPOS="381" VPOS="864" WIDTH="176" HEIGHT="31">
					<TextBlock ID="block_3" HPOS="381" VPOS="864" WIDTH="176" HEIGHT="31">
						<TextLine ID="line_17" HPOS="381" VPOS="864" WIDTH="176" HEIGHT="31">
							<String ID="string_105" HPOS="381" VPOS="864" WIDTH="17" HEIGHT="23" WC="0.90" CONTENT="8"/><SP WIDTH="17" VPOS="864" HPOS="398"/>
							<String ID="string_106" HPOS="415" VPOS="864" WIDTH="28" HEIGHT="31" WC="0.90" CONTENT="$:"/><SP WIDTH="24" VPOS="864" HPOS="443"/>
							<String ID="string_107" HPOS="467" VPOS="864" WIDTH="7" HEIGHT="23" WC="0.95" CONTENT="I"/><SP WIDTH="17" VPOS="864" HPOS="474"/>
							<String ID="string_108" HPOS="491" VPOS="872" WIDTH="66" HEIGHT="16" WC="0.96" CONTENT="mom."/>
						</TextLine>
					</TextBlock>
				</ComposedBlock>
				<ComposedBlock ID="cblock_4" HPOS="69" VPOS="932" WIDTH="776" HEIGHT="303">
					<TextBlock ID="block_4" HPOS="92" VPOS="932" WIDTH="753" HEIGHT="99">
						<TextLine ID="line_18" HPOS="163" VPOS="932" WIDTH="682" HEIGHT="31">
							<String ID="string_109" HPOS="163" VPOS="932" WIDTH="167" HEIGHT="31" WC="0.89" CONTENT="Ridderskapet"/><SP WIDTH="17" VPOS="932" HPOS="330"/>
							<String ID="string_110" HPOS="347" VPOS="934" WIDTH="46" HEIGHT="22" WC="0.90" CONTENT="och"/><SP WIDTH="19" VPOS="934" HPOS="393"/>
							<String ID="string_111" HPOS="412" VPOS="932" WIDTH="72" HEIGHT="24" WC="0.90" CONTENT="Adeln"/><SP WIDTH="18" VPOS="932" HPOS="484"/>
							<String ID="string_112" HPOS="502" VPOS="934" WIDTH="46" HEIGHT="21" WC="0.93" CONTENT="har"/><SP WIDTH="18" VPOS="934" HPOS="548"/>
							<String ID="string_113" HPOS="566" VPOS="933" WIDTH="102" HEIGHT="22" WC="0.92" CONTENT="beslutit"/><SP WIDTH="19" VPOS="933" HPOS="668"/>
							<String ID="string_114" HPOS="687" VPOS="935" WIDTH="36" HEIGHT="20" WC="0.93" CONTENT="att"/><SP WIDTH="15" VPOS="935" HPOS="723"/>
							<String ID="string_115" HPOS="738" VPOS="939" WIDTH="107" HEIGHT="16" WC="0.92" CONTENT="momen-"/>
						</TextLine>
						<TextLine ID="line_19" HPOS="92" VPOS="967" WIDTH="751" HEIGHT="29">
							<String ID="string_116" HPOS="92" VPOS="969" WIDTH="35" HEIGHT="21" WC="0.95" CONTENT="tet"/><SP WIDTH="27" VPOS="969" HPOS="127"/>
							<String ID="string_117" HPOS="154" VPOS="968" WIDTH="78" HEIGHT="22" WC="0.95" CONTENT="borde"/><SP WIDTH="20" VPOS="968" HPOS="232"/>
							<String ID="string_118" HPOS="252" VPOS="968" WIDTH="94" HEIGHT="21" WC="0.96" CONTENT="erhålla"/><SP WIDTH="21" VPOS="968" HPOS="346"/>
							<String ID="string_119" HPOS="367" VPOS="974" WIDTH="95" HEIGHT="15" WC="0.96" CONTENT="samma"/><SP WIDTH="18" VPOS="974" HPOS="462"/>
							<String ID="string_120" HPOS="480" VPOS="968" WIDTH="95" HEIGHT="28" WC="0.96" CONTENT="lydelse"/><SP WIDTH="19" VPOS="968" HPOS="575"/>
							<String ID="string_121" HPOS="594" VPOS="974" WIDTH="52" HEIGHT="15" WC="0.96" CONTENT="som"/><SP WIDTH="20" VPOS="974" HPOS="646"/>
							<String ID="string_122" HPOS="666" VPOS="967" WIDTH="15" HEIGHT="22" WC="0.93" CONTENT="9"/><SP WIDTH="20" VPOS="967" HPOS="681"/>
							<String ID="string_123" HPOS="701" VPOS="967" WIDTH="15" HEIGHT="29" WC="0.92" CONTENT="$"/><SP WIDTH="22" VPOS="967" HPOS="716"/>
							<String ID="string_124" HPOS="738" VPOS="968" WIDTH="11" HEIGHT="21" WC="0.95" CONTENT="1"/><SP WIDTH="21" VPOS="968" HPOS="749"/>
							<String ID="string_125" HPOS="770" VPOS="974" WIDTH="73" HEIGHT="15" WC="0.96" CONTENT="mom."/>
						</TextLine>
						<TextLine ID="line_20" HPOS="92" VPOS="1002" WIDTH="402" HEIGHT="29">
							<String ID="string_126" HPOS="92" VPOS="1002" WIDTH="8" HEIGHT="22" WC="0.96" CONTENT="i"/><SP WIDTH="19" VPOS="1002" HPOS="100"/>
							<String ID="string_127" HPOS="119" VPOS="1002" WIDTH="48" HEIGHT="22" WC="0.96" CONTENT="den"/><SP WIDTH="19" VPOS="1002" HPOS="167"/>
							<String ID="string_128" HPOS="186" VPOS="1002" WIDTH="93" HEIGHT="29" WC="0.96" CONTENT="nådiga"/><SP WIDTH="19" VPOS="1002" HPOS="279"/>
							<String ID="string_129" HPOS="298" VPOS="1002" WIDTH="196" HEIGHT="28" WC="0.96" CONTENT="propositionen."/>
						</TextLine>
					</TextBlock>
					<TextBlock ID="block_5" HPOS="91" VPOS="1034" WIDTH="754" HEIGHT="67">
						<TextLine ID="line_21" HPOS="161" VPOS="1034" WIDTH="684" HEIGHT="30">
							<String ID="string_130" HPOS="161" VPOS="1034" WIDTH="171" HEIGHT="26" WC="0.89" CONTENT="Presteståndet"/><SP WIDTH="27" VPOS="1034" HPOS="332"/>
							<String ID="string_131" HPOS="359" VPOS="1036" WIDTH="45" HEIGHT="22" WC="0.93" CONTENT="och"/><SP WIDTH="28" VPOS="1036" HPOS="404"/>
							<String ID="string_132" HPOS="432" VPOS="1034" WIDTH="168" HEIGHT="25" WC="0.88" CONTENT="Bondeståndet"/><SP WIDTH="27" VPOS="1034" HPOS="600"/>
							<String ID="string_133" HPOS="627" VPOS="1036" WIDTH="77" HEIGHT="22" WC="0.94" CONTENT="hafva"/><SP WIDTH="28" VPOS="1036" HPOS="704"/>
							<String ID="string_134" HPOS="732" VPOS="1036" WIDTH="113" HEIGHT="28" WC="0.96" CONTENT="godkänt"/>
						</TextLine>
						<TextLine ID="line_22" HPOS="91" VPOS="1071" WIDTH="331" HEIGHT="30">
							<String ID="string_135" HPOS="91" VPOS="1071" WIDTH="196" HEIGHT="30" WC="0.95" CONTENT="ifrågavarande"/><SP WIDTH="19" VPOS="1071" HPOS="287"/>
							<String ID="string_136" HPOS="306" VPOS="1072" WIDTH="116" HEIGHT="21" WC="0.95" CONTENT="moment."/>
						</TextLine>
					</TextBlock>
					<TextBlock ID="block_6" HPOS="69" VPOS="1105" WIDTH="776" HEIGHT="127">
						<TextLine ID="line_23" HPOS="160" VPOS="1105" WIDTH="685" HEIGHT="24">
							<String ID="string_137" HPOS="160" VPOS="1106" WIDTH="39" HEIGHT="22" WC="0.95" CONTENT="Då"/><SP WIDTH="29" VPOS="1106" HPOS="199"/>
							<String ID="string_138" HPOS="228" VPOS="1106" WIDTH="168" HEIGHT="23" WC="0.96" CONTENT="förevarande"/><SP WIDTH="26" VPOS="1106" HPOS="396"/>
							<String ID="string_139" HPOS="422" VPOS="1107" WIDTH="110" HEIGHT="21" WC="0.92" CONTENT="moment"/><SP WIDTH="27" VPOS="1107" HPOS="532"/>
							<String ID="string_140" HPOS="559" VPOS="1105" WIDTH="128" HEIGHT="22" WC="0.92" CONTENT="allaredan"/><SP WIDTH="28" VPOS="1105" HPOS="687"/>
							<String ID="string_141" HPOS="715" VPOS="1105" WIDTH="82" HEIGHT="22" WC="0.92" CONTENT="blifvit"/><SP WIDTH="23" VPOS="1105" HPOS="797"/>
							<String ID="string_142" HPOS="820" VPOS="1105" WIDTH="25" HEIGHT="22" WC="0.96" CONTENT="af"/>
						</TextLine>
						<TextLine ID="line_24" HPOS="69" VPOS="1139" WIDTH="775" HEIGHT="30">
							<String ID="string_143" HPOS="69" VPOS="1162" WIDTH="4" HEIGHT="4" WC="0.85" CONTENT="."/><SP WIDTH="19" VPOS="1162" HPOS="73"/>
							<String ID="string_144" HPOS="92" VPOS="1141" WIDTH="43" HEIGHT="21" WC="0.96" CONTENT="två"/><SP WIDTH="14" VPOS="1141" HPOS="135"/>
							<String ID="string_145" HPOS="149" VPOS="1141" WIDTH="74" HEIGHT="21" WC="0.93" CONTENT="stånd"/><SP WIDTH="13" VPOS="1141" HPOS="223"/>
							<String ID="string_146" HPOS="236" VPOS="1141" WIDTH="138" HEIGHT="28" WC="0.91" CONTENT="godkändt,"/><SP WIDTH="18" VPOS="1141" HPOS="374"/>
							<String ID="string_147" HPOS="392" VPOS="1141" WIDTH="90" HEIGHT="21" WC="0.93" CONTENT="medan"/><SP WIDTH="14" VPOS="1141" HPOS="482"/>
							<String ID="string_148" HPOS="496" VPOS="1141" WIDTH="111" HEIGHT="21" WC="0.92" CONTENT="deremot"/><SP WIDTH="13" VPOS="1141" HPOS="607"/>
							<String ID="string_149" HPOS="620" VPOS="1140" WIDTH="89" HEIGHT="22" WC="0.96" CONTENT="endast"/><SP WIDTH="14" VPOS="1140" HPOS="709"/>
							<String ID="string_150" HPOS="723" VPOS="1141" WIDTH="34" HEIGHT="20" WC="0.96" CONTENT="ett"/><SP WIDTH="14" VPOS="1141" HPOS="757"/>
							<String ID="string_151" HPOS="771" VPOS="1139" WIDTH="73" HEIGHT="22" WC="0.96" CONTENT="stånd"/>
						</TextLine>
						<TextLine ID="line_25" HPOS="92" VPOS="1174" WIDTH="750" HEIGHT="49">
							<String ID="string_152" HPOS="92" VPOS="1175" WIDTH="194" HEIGHT="22" WC="0.95" CONTENT="vidkommande"/><SP WIDTH="13" VPOS="1175" HPOS="286"/>
							<String ID="string_153" HPOS="299" VPOS="1175" WIDTH="138" HEIGHT="22" WC="0.96" CONTENT="detsamma"/><SP WIDTH="10" VPOS="1175" HPOS="437"/>
							<String ID="string_154" HPOS="447" VPOS="1175" WIDTH="89" HEIGHT="22" WC="0.96" CONTENT="uttalat"/><SP WIDTH="11" VPOS="1175" HPOS="536"/>
							<String ID="string_155" HPOS="547" VPOS="1180" WIDTH="30" HEIGHT="16" WC="0.93" CONTENT="en"/><SP WIDTH="11" VPOS="1180" HPOS="577"/>
							<String ID="string_156" HPOS="588" VPOS="1174" WIDTH="136" HEIGHT="22" WC="0.92" CONTENT="afvikande"/><SP WIDTH="10" VPOS="1174" HPOS="724"/>
							<String ID="string_157" HPOS="734" VPOS="1174" WIDTH="108" HEIGHT="49" WC="0.88" CONTENT="mening,"/>
						</TextLine>
						<TextLine ID="line_26" HPOS="91" VPOS="1209" WIDTH="296" HEIGHT="26">
							<String ID="string_158" HPOS="91" VPOS="1209" WIDTH="143" HEIGHT="23" WC="0.96" CONTENT="hemställer"/><SP WIDTH="19" VPOS="1209" HPOS="234"/>
							<String ID="string_159" HPOS="253" VPOS="1209" WIDTH="134" HEIGHT="26" WC="0.96" CONTENT="Utskottet,"/>
						</TextLine>
					</TextBlock>
				</ComposedBlock>
				<ComposedBlock ID="cblock_5" HPOS="295" VPOS="1281" WIDTH="549" HEIGHT="134">
					<TextBlock ID="block_7" HPOS="295" VPOS="1281" WIDTH="549" HEIGHT="134">
						<TextLine ID="line_27" HPOS="366" VPOS="1281" WIDTH="477" HEIGHT="31">
							<String ID="string_160" HPOS="366" VPOS="1284" WIDTH="34" HEIGHT="21" WC="0.93" CONTENT="att"/><SP WIDTH="20" VPOS="1284" HPOS="400"/>
							<String ID="string_161" HPOS="420" VPOS="1282" WIDTH="131" HEIGHT="23" WC="0.92" CONTENT="Ständerna"/><SP WIDTH="17" VPOS="1282" HPOS="551"/>
							<String ID="string_162" HPOS="568" VPOS="1281" WIDTH="50" HEIGHT="23" WC="0.87" CONTENT="ville"/><SP WIDTH="18" VPOS="1281" HPOS="618"/>
							<String ID="string_163" HPOS="636" VPOS="1281" WIDTH="99" HEIGHT="31" WC="0.93" CONTENT="omfatta"/><SP WIDTH="18" VPOS="1281" HPOS="735"/>
							<String ID="string_164" HPOS="753" VPOS="1281" WIDTH="90" HEIGHT="23" WC="0.90" CONTENT="Preste-"/>
						</TextLine>
						<TextLine ID="line_28" HPOS="296" VPOS="1313" WIDTH="548" HEIGHT="27">
							<String ID="string_165" HPOS="296" VPOS="1314" WIDTH="104" HEIGHT="25" WC="0.92" CONTENT="ståndets"/><SP WIDTH="27" VPOS="1314" HPOS="400"/>
							<String ID="string_166" HPOS="427" VPOS="1316" WIDTH="40" HEIGHT="23" WC="0.89" CONTENT="och"/><SP WIDTH="26" VPOS="1316" HPOS="467"/>
							<String ID="string_167" HPOS="493" VPOS="1313" WIDTH="181" HEIGHT="27" WC="0.89" CONTENT="Bondeståndets"/><SP WIDTH="19" VPOS="1313" HPOS="674"/>
							<String ID="string_168" HPOS="693" VPOS="1315" WIDTH="73" HEIGHT="23" WC="0.96" CONTENT="beslut"/><SP WIDTH="17" VPOS="1315" HPOS="766"/>
							<String ID="string_169" HPOS="783" VPOS="1318" WIDTH="61" HEIGHT="20" WC="0.94" CONTENT="samt"/>
						</TextLine>
						<TextLine ID="line_29" HPOS="295" VPOS="1349" WIDTH="547" HEIGHT="31">
							<String ID="string_170" HPOS="295" VPOS="1350" WIDTH="66" HEIGHT="30" WC="0.92" CONTENT="förty"/><SP WIDTH="19" VPOS="1350" HPOS="361"/>
							<String ID="string_171" HPOS="380" VPOS="1352" WIDTH="87" HEIGHT="28" WC="0.94" CONTENT="antaga"/><SP WIDTH="21" VPOS="1352" HPOS="467"/>
							<String ID="string_172" HPOS="488" VPOS="1350" WIDTH="16" HEIGHT="23" WC="0.92" CONTENT="8"/><SP WIDTH="17" VPOS="1350" HPOS="504"/>
							<String ID="string_173" HPOS="521" VPOS="1350" WIDTH="17" HEIGHT="30" WC="0.92" CONTENT="$"/><SP WIDTH="18" VPOS="1350" HPOS="538"/>
							<String ID="string_174" HPOS="556" VPOS="1350" WIDTH="13" HEIGHT="23" WC="0.94" CONTENT="1"/><SP WIDTH="17" VPOS="1350" HPOS="569"/>
							<String ID="string_175" HPOS="586" VPOS="1356" WIDTH="67" HEIGHT="17" WC="0.96" CONTENT="mom."/><SP WIDTH="13" VPOS="1356" HPOS="653"/>
							<String ID="string_176" HPOS="666" VPOS="1349" WIDTH="70" HEIGHT="31" WC="0.93" CONTENT="enligt"/><SP WIDTH="17" VPOS="1349" HPOS="736"/>
							<String ID="string_177" HPOS="753" VPOS="1349" WIDTH="89" HEIGHT="23" WC="0.91" CONTENT="Utskot-"/>
						</TextLine>
						<TextLine ID="line_30" HPOS="297" VPOS="1381" WIDTH="357" HEIGHT="34">
							<String ID="string_178" HPOS="297" VPOS="1386" WIDTH="42" HEIGHT="21" WC="0.93" CONTENT="tets"/><SP WIDTH="18" VPOS="1386" HPOS="339"/>
							<String ID="string_179" HPOS="357" VPOS="1384" WIDTH="95" HEIGHT="31" WC="0.96" CONTENT="förslag."/><SP WIDTH="199" VPOS="1384" HPOS="452"/>
							<String ID="string_180" HPOS="651" VPOS="1381" WIDTH="3" HEIGHT="3" WC="0.50" CONTENT="|"/>
						</TextLine>
					</TextBlock>
				</ComposedBlock>
				<ComposedBlock ID="cblock_6" HPOS="160" VPOS="1439" WIDTH="486" HEIGHT="23">
					<TextBlock ID="block_8" HPOS="160" VPOS="1439" WIDTH="486" HEIGHT="23">
						<TextLine ID="line_31" HPOS="160" VPOS="1439" WIDTH="486" HEIGHT="23">
							<String ID="string_181" HPOS="160" VPOS="1439" WIDTH="47" HEIGHT="23" WC="0.89" CONTENT="Lag-"/><SP WIDTH="12" VPOS="1439" HPOS="207"/>
							<String ID="string_182" HPOS="219" VPOS="1439" WIDTH="32" HEIGHT="18" WC="0.93" CONTENT="och"/><SP WIDTH="12" VPOS="1439" HPOS="251"/>
							<String ID="string_183" HPOS="263" VPOS="1439" WIDTH="181" HEIGHT="19" WC="0.92" CONTENT="Ekonomiutskottets"/><SP WIDTH="13" VPOS="1439" HPOS="444"/>
							<String ID="string_184" HPOS="457" VPOS="1440" WIDTH="109" HEIGHT="18" WC="0.96" CONTENT="betänkande"/><SP WIDTH="14" VPOS="1440" HPOS="566"/>
							<String ID="string_185" HPOS="580" VPOS="1441" WIDTH="35" HEIGHT="16" WC="0.95" CONTENT="N:o"/><SP WIDTH="13" VPOS="1441" HPOS="615"/>
							<String ID="string_186" HPOS="628" VPOS="1440" WIDTH="18" HEIGHT="18" WC="0.96" CONTENT="2."/>
						</TextLine>
					</TextBlock>
				</ComposedBlock>
			</PrintSpace>
		</Page>
	</Layout>
</alto>
