1039 1706
317 106 24 22 U.
357 107 25 23 B.
397 120 29 3 —
440 108 64 28 Prop.
519 108 38 22 N:o
575 107 32 22 15.

371 549 325 31 Bevillningsutskottets
726 551 111 28 förslag

288 584 36 21 till
345 585 213 29 sammanjemkning
580 586 26 21 af
619 585 27 23 de
661 585 70 23 delvis
745 585 92 29 skiljak-

289 619 48 28 tiga
352 619 80 27 beslut,
450 620 66 21 hvari
531 619 99 23 Stånden
646 619 90 23 stannat
751 619 37 22 vid
804 619 33 22 be-

289 652 136 29 handlingen
440 654 26 21 af
479 654 122 23 utskottets
617 653 141 23 betänkande
773 654 40 22 N:o
823 653 13 22 2

289 687 8 22 i
319 687 122 28 anledning
460 687 25 22 af
502 688 59 23 Hans
580 688 128 29 Kejserliga
723 687 114 30 Majestäts

287 720 84 29 nådiga
400 721 137 28 proposition
566 722 115 28 angående
710 721 127 29 stämpelbe-

288 755 102 28 villning.

151 851 73 27 Enligt
243 851 105 22 utskottet
362 852 7 21 i
384 853 88 20 ärendet
488 853 183 22 tillhandakomna
687 853 150 27 protokollsut-

84 887 53 26 drag
158 885 64 22 hafva
238 885 94 22 Stånden
352 886 36 21 vid
403 887 156 26 behandlingen
575 887 23 22 af
611 887 138 22 förevarande
765 887 72 22 betän-

84 920 70 22 kande
169 921 85 20 stannat
269 921 35 21 vid
319 920 99 27 följande,
435 921 68 22 delvis
518 921 122 27 skiljaktiga
655 921 77 21 beslut.

438 989 48 26 28.

151 1033 160 28 Ridderskapet
327 1034 39 22 och
382 1034 68 22 Adeln
466 1037 55 19 samt
535 1034 180 28 Borgareståndet
729 1034 63 22 hafva
802 1034 36 22 be-

83 1068 66 26 slutit,
172 1070 33 20 att
227 1069 32 21 uti
275 1068 40 22 den
331 1068 176 28 svenskspråkiga
522 1068 151 28 författningen
689 1069 68 21 under
771 1068 68 22 rubri-

83 1103 41 21 ken
148 1102 89 28 ,Fjerde
255 1102 150 27 afdelningen”
425 1103 106 27 uttrycket
547 1119 9 10 ,
562 1103 138 21 Direktionen
716 1102 33 22 för
763 1102 76 27 straff-,

81 1137 83 21 arbets-
180 1136 39 22 och
234 1136 194 28 länsfängelserna*
444 1136 54 22 skall
514 1137 77 22 ändras
607 1137 32 21 till
656 1136 183 27 ,,Direktionerna

83 1171 46 21 för”
147 1176 20 16 o.
182 1177 17 15 s.
214 1176 20 16 v.
263 1171 78 21 Denna
357 1171 87 21 rättelse
459 1173 24 19 är
498 1171 100 27 påkallad
613 1171 67 26 deraf,
696 1173 32 19 att
743 1172 58 21 såväl
815 1172 24 20 de

83 1204 101 22 Centrala
205 1204 269 28 fängelseinrättningarna
496 1212 46 15 som
565 1205 60 22 äfven
649 1205 190 27 Länsfängelserna

83 1239 64 22 hafva
161 1240 47 20 sina
222 1239 106 22 särskilda
343 1240 135 26 direktioner,
495 1240 38 21 och
549 1240 33 20 får
597 1239 106 22 utskottet
713 1239 56 28 förty
779 1241 61 21 vörd-

83 1275 55 20 samt
153 1273 89 22 föreslå
232 1269 12 36 :

291 1337 33 19 att
336 1335 86 21 Preste-
437 1335 37 21 och
484 1335 170 21 Bondestånden
665 1336 48 20 ville
722 1335 117 28 godkänna

222 1368 208 28 ofvanomförmälda
444 1368 93 22 rättelse.

153 1414 165 22 Bevillningsutsk.
330 1413 184 23 sammanj.-förslag
527 1415 8 16 i
547 1414 38 18 anl.
598 1414 25 22 af
633 1414 96 18 utskottets
738 1414 33 18 bet.
780 1415 35 18 N:o
823 1415 17 19 2,
