1061 1714
232 105 12 20 8
533 104 39 22 N:o
590 105 31 20 17.

549 175 23 21 11
589 174 19 28 8.

270 213 103 28 Bryggeri
395 214 39 21 och
456 214 137 28 tillverkning
608 216 37 20 äro
660 214 119 28 underpant
794 213 32 21 för
842 212 111 22 bevillnin-

202 253 50 21 gens
267 248 124 27 utgörande.

549 314 25 20 12
589 312 20 28 8.

272 358 67 22 Straff
352 358 33 21 för
400 358 152 22 öfverträdelse
568 358 23 22 af
605 358 67 22 denna
687 358 126 26 förordning
828 357 86 21 ädömes
933 356 24 22 af

203 392 49 28 laga
267 393 98 21 domstol.

272 422 75 32 Öfriga
369 427 127 22 hithörande
519 428 100 25 ärenden,
643 433 34 16 om
699 427 73 21 hvilka
790 426 47 23 icke
852 426 63 22 ofvan
931 428 24 19 är

203 462 132 21 annorlunda
363 462 106 27 stadgadt,
500 462 85 28 afgöras
609 462 23 21 af
655 461 159 22 vederbörande
837 460 116 27 Guvernör,

203 496 63 21 hvars
287 496 70 27 utslag
372 496 76 22 länder
464 497 32 21 till
512 496 145 22 efterrättelse
671 496 56 22 intill
743 496 47 21 dess
806 496 89 26 ändring
911 495 44 21 deri

204 530 86 22 vunnits
312 537 75 20 genom
408 532 82 26 besvär,
506 538 45 15 som
567 532 74 21 kunna
656 532 6 20 i
678 531 71 27 vanlig
765 530 89 28 ordning
869 530 85 22 anföras

203 565 39 21 hos
258 565 102 22 Senatens
375 566 273 27 Ekonomiedepartement.

551 630 25 20 18
592 630 19 27 8.

271 674 38 22 Ett
332 675 108 27 exemplar
460 675 23 21 af
501 675 69 22 denna
589 675 123 27 förordning
736 674 55 21 skall
806 674 95 27 ständigt
916 674 39 21 fin-

203 716 45 19 nas,
271 708 28 28 pä
321 708 68 22 finska
411 710 39 21 och
476 710 89 22 svenska
588 710 97 28 spräken,
701 709 96 27 anslaget
812 708 27 28 pä
854 709 101 27 lämpliga

204 744 75 21 ställen
296 744 56 22 inom
368 744 72 28 hvarje
457 744 103 28 bryggeri.

550 786 25 20 14
591 786 18 27 8.

272 825 19 28 Ä
309 831 103 22 Senatens
430 831 266 28 Ekonomiedepartement
711 830 123 23 ankommer
850 832 32 20 att
897 830 58 22 med-

204 866 48 21 dela
268 866 26 21 de
309 868 99 19 närmare
423 866 143 27 föreskrifter,
583 872 45 16 som
644 865 7 21 i
666 866 98 21 afseende
776 861 10 37 ä
780 865 176 27 bevillningens

204 900 97 27 uppbörd
325 900 40 22 och
388 900 126 28 debitering,
537 900 122 22 kontrollen
682 900 58 22 öfver
755 900 163 27 tillverkningen
933 899 24 22 af

204 936 143 27 maltdrycker
369 937 56 20 samt
447 935 35 21 för
503 936 159 27 tillämpningen
685 934 22 22 af
725 935 68 21 denna
808 934 147 27 förordning
943 930 16 37 i

205 970 64 28 öfrigt
284 969 94 23 befinnas
393 970 144 28 erforderliga.

551 1034 25 21 15
592 1033 18 29 8.

272 1080 77 22 Denna
371 1079 126 28 förordning
519 1080 54 22 skall
592 1080 109 27 tillämpas
716 1079 48 22 från
779 1080 40 21 den
838 1080 9 20 1
865 1080 91 21 Januari

207 1115 52 21 1898
276 1114 39 22 och
331 1114 67 27 gäller
413 1114 33 29 till
462 1114 105 28 utgången
581 1114 24 22 af
619 1115 24 20 år
660 1115 60 21 1900.

478 1178 10 21 I
503 1177 72 22 Nåder
593 1177 99 28 godkänd
706 1178 7 21 i
728 1178 101 27 Zarskoje
848 1177 48 23 Selo
915 1178 40 21 den

409 1214 13 20 4
437 1213 89 21 Januari
543 1213 61 21 1897.

414 1286 263 21 Ministerstatssekretare
691 1287 27 21 W.
734 1292 36 16 von
787 1286 100 22 DAEHN.

333 1430 122 22 Helsingfors,
468 1429 104 24 Kejserliga
585 1430 90 18 Senatens
687 1430 87 23 tryckeri,
789 1431 47 17 1897.
