<?xml version="1.0" encoding="UTF-8"?>
<alto xmlns="http://www.loc.gov/standards/alto/ns-v3#" xmlns:xlink="http://www.w3.org/1999/xlink" xmlns:xsi="http://www.w3.org/2001/XMLSchema-instance" xsi:schemaLocation="http://www.loc.gov/standards/alto/ns-v3# http://www.loc.gov/alto/v3/alto-3-0.xsd">
	<Description>
		<MeasurementUnit>pixel</MeasurementUnit>
		<sourceImageInformation>
			<fileName>/tmp/tess_git_bn1s_input.PNG</fileName>
		</sourceImageInformation>
		<OCRProcessing ID="OCR_0">
			<ocrProcessingStep>
				<processingSoftware>
					<softwareName>tesseract 5.3.4</softwareName>
				</processingSoftware>
			</ocrProcessingStep>
		</OCRProcessing>
	</Description>
	<Layout>
		<Page WIDTH="1039" HEIGHT="1706" PHYSICAL_IMG_NR="0" ID="page_0">
			<PrintSpace HPOS="0" VPOS="0" WIDTH="1039" HEIGHT="1706">
				<ComposedBlock ID="cblock_0" HPOS="207" VPOS="100" WIDTH="550" HEIGHT="29">
					<TextBlock ID="block_0" HPOS="207" VPOS="100" WIDTH="550" HEIGHT="29">
						<TextLine ID="line_0" HPOS="207" VPOS="100" WIDTH="550" HEIGHT="29">
							<String ID="string_0" HPOS="207" VPOS="101" WIDTH="27" HEIGHT="21" WC="0.96" CONTENT="10"/><SP WIDTH="172" VPOS="101" HPOS="234"/>
							<String ID="string_1" HPOS="406" VPOS="100" WIDTH="75" HEIGHT="22" WC="0.90" CONTENT="Ständ."/><SP WIDTH="16" VPOS="100" HPOS="481"/>
							<String ID="string_2" HPOS="497" VPOS="100" WIDTH="34" HEIGHT="22" WC="0.93" CONTENT="Sv."/><SP WIDTH="16" VPOS="100" HPOS="531"/>
							<String ID="string_3" HPOS="547" VPOS="114" WIDTH="29" HEIGHT="2" WC="0.92" CONTENT="—"/><SP WIDTH="14" VPOS="114" HPOS="576"/>
							<String ID="string_4" HPOS="590" VPOS="101" WIDTH="64" HEIGHT="28" WC="0.96" CONTENT="Prop."/><SP WIDTH="15" VPOS="101" HPOS="654"/>
							<String ID="string_5" HPOS="669" VPOS="100" WIDTH="38" HEIGHT="23" WC="0.96" CONTENT="N:o"/><SP WIDTH="17" VPOS="100" HPOS="707"/>
							<String ID="string_6" HPOS="724" VPOS="100" WIDTH="33" HEIGHT="23" WC="0.96" CONTENT="19."/>
						</TextLine>
					</TextBlock>
				</ComposedBlock>
				<ComposedBlock ID="cblock_1" HPOS="175" VPOS="165" WIDTH="783" HEIGHT="1225">
					<TextBlock ID="block_1" HPOS="202" VPOS="165" WIDTH="756" HEIGHT="543">
						<TextLine ID="line_1" HPOS="206" VPOS="165" WIDTH="751" HEIGHT="28">
							<String ID="string_7" HPOS="206" VPOS="166" WIDTH="14" HEIGHT="20" WC="0.96" CONTENT="4"/><SP WIDTH="16" VPOS="166" HPOS="220"/>
							<String ID="string_8" HPOS="236" VPOS="165" WIDTH="51" HEIGHT="28" WC="0.93" CONTENT="kap."/><SP WIDTH="16" VPOS="165" HPOS="287"/>
							<String ID="string_9" HPOS="303" VPOS="165" WIDTH="128" HEIGHT="21" WC="0.91" CONTENT="ankommit"/><SP WIDTH="16" VPOS="165" HPOS="431"/>
							<String ID="string_10" HPOS="447" VPOS="166" WIDTH="13" HEIGHT="20" WC="0.93" CONTENT="ä"/><SP WIDTH="13" VPOS="166" HPOS="460"/>
							<String ID="string_11" HPOS="473" VPOS="165" WIDTH="127" HEIGHT="21" WC="0.91" CONTENT="nämndens"/><SP WIDTH="16" VPOS="165" HPOS="600"/>
							<String ID="string_12" HPOS="616" VPOS="165" WIDTH="131" HEIGHT="28" WC="0.92" CONTENT="afgörande,"/><SP WIDTH="18" VPOS="165" HPOS="747"/>
							<String ID="string_13" HPOS="765" VPOS="167" WIDTH="46" HEIGHT="19" WC="0.96" CONTENT="rätt"/><SP WIDTH="15" VPOS="167" HPOS="811"/>
							<String ID="string_14" HPOS="826" VPOS="167" WIDTH="34" HEIGHT="19" WC="0.93" CONTENT="att"/><SP WIDTH="14" VPOS="167" HPOS="860"/>
							<String ID="string_15" HPOS="874" VPOS="165" WIDTH="83" HEIGHT="21" WC="0.93" CONTENT="under-"/>
						</TextLine>
						<TextLine ID="line_2" HPOS="206" VPOS="198" WIDTH="752" HEIGHT="30">
							<String ID="string_16" HPOS="206" VPOS="199" WIDTH="67" HEIGHT="21" WC="0.91" CONTENT="ställa"/><SP WIDTH="15" VPOS="199" HPOS="273"/>
							<String ID="string_17" HPOS="288" VPOS="198" WIDTH="95" HEIGHT="22" WC="0.92" CONTENT="ärendet"/><SP WIDTH="15" VPOS="198" HPOS="383"/>
							<String ID="string_18" HPOS="398" VPOS="199" WIDTH="141" HEIGHT="21" WC="0.91" CONTENT="domstolens"/><SP WIDTH="18" VPOS="199" HPOS="539"/>
							<String ID="string_19" HPOS="557" VPOS="199" WIDTH="117" HEIGHT="29" WC="0.92" CONTENT="pröfning."/><SP WIDTH="31" VPOS="199" HPOS="674"/>
							<String ID="string_20" HPOS="705" VPOS="199" WIDTH="174" HEIGHT="21" WC="0.91" CONTENT="Godkännande"/><SP WIDTH="16" VPOS="199" HPOS="879"/>
							<String ID="string_21" HPOS="895" VPOS="200" WIDTH="63" HEIGHT="20" WC="0.96" CONTENT="detta"/>
						</TextLine>
						<TextLine ID="line_3" HPOS="205" VPOS="233" WIDTH="751" HEIGHT="28">
							<String ID="string_22" HPOS="205" VPOS="234" WIDTH="133" HEIGHT="27" WC="0.92" CONTENT="stadgande,"/><SP WIDTH="16" VPOS="234" HPOS="338"/>
							<String ID="string_23" HPOS="354" VPOS="240" WIDTH="54" HEIGHT="14" WC="0.92" CONTENT="anse"/><SP WIDTH="23" VPOS="240" HPOS="408"/>
							<String ID="string_24" HPOS="431" VPOS="233" WIDTH="128" HEIGHT="21" WC="0.90" CONTENT="Ständerna"/><SP WIDTH="22" VPOS="233" HPOS="559"/>
							<String ID="string_25" HPOS="581" VPOS="233" WIDTH="74" HEIGHT="21" WC="0.91" CONTENT="likväl"/><SP WIDTH="13" VPOS="233" HPOS="655"/>
							<String ID="string_26" HPOS="668" VPOS="233" WIDTH="48" HEIGHT="21" WC="0.96" CONTENT="viss"/><SP WIDTH="16" VPOS="233" HPOS="716"/>
							<String ID="string_27" HPOS="732" VPOS="233" WIDTH="35" HEIGHT="21" WC="0.93" CONTENT="tid"/><SP WIDTH="14" VPOS="233" HPOS="767"/>
							<String ID="string_28" HPOS="781" VPOS="234" WIDTH="56" HEIGHT="20" WC="0.92" CONTENT="böra"/><SP WIDTH="14" VPOS="234" HPOS="837"/>
							<String ID="string_29" HPOS="851" VPOS="235" WIDTH="105" HEIGHT="25" WC="0.93" CONTENT="utsättas,"/>
						</TextLine>
						<TextLine ID="line_4" HPOS="206" VPOS="267" WIDTH="751" HEIGHT="22">
							<String ID="string_30" HPOS="206" VPOS="268" WIDTH="63" HEIGHT="21" WC="0.93" CONTENT="inom"/><SP WIDTH="16" VPOS="268" HPOS="269"/>
							<String ID="string_31" HPOS="285" VPOS="268" WIDTH="97" HEIGHT="21" WC="0.92" CONTENT="hvilken"/><SP WIDTH="15" VPOS="268" HPOS="382"/>
							<String ID="string_32" HPOS="397" VPOS="267" WIDTH="81" HEIGHT="21" WC="0.92" CONTENT="sädant"/><SP WIDTH="15" VPOS="267" HPOS="478"/>
							<String ID="string_33" HPOS="493" VPOS="267" WIDTH="84" HEIGHT="21" WC="0.93" CONTENT="ärende"/><SP WIDTH="14" VPOS="267" HPOS="577"/>
							<String ID="string_34" HPOS="591" VPOS="267" WIDTH="42" HEIGHT="21" WC="0.94" CONTENT="bör"/><SP WIDTH="15" VPOS="267" HPOS="633"/>
							<String ID="string_35" HPOS="648" VPOS="267" WIDTH="41" HEIGHT="21" WC="0.93" CONTENT="hos"/><SP WIDTH="16" VPOS="267" HPOS="689"/>
							<String ID="string_36" HPOS="705" VPOS="269" WIDTH="77" HEIGHT="20" WC="0.91" CONTENT="rätten"/><SP WIDTH="10" VPOS="269" HPOS="782"/>
							<String ID="string_37" HPOS="792" VPOS="267" WIDTH="109" HEIGHT="22" WC="0.92" CONTENT="anmälas."/><SP WIDTH="15" VPOS="267" HPOS="901"/>
							<String ID="string_38" HPOS="916" VPOS="267" WIDTH="41" HEIGHT="21" WC="0.96" CONTENT="Ett"/>
						</TextLine>
						<TextLine ID="line_5" HPOS="204" VPOS="301" WIDTH="754" HEIGHT="29">
							<String ID="string_39" HPOS="204" VPOS="302" WIDTH="81" HEIGHT="28" WC="0.92" CONTENT="längre"/><SP WIDTH="23" VPOS="302" HPOS="285"/>
							<String ID="string_40" HPOS="308" VPOS="302" WIDTH="110" HEIGHT="28" WC="0.91" CONTENT="dröjsmäl"/><SP WIDTH="22" VPOS="302" HPOS="418"/>
							<String ID="string_41" HPOS="440" VPOS="302" WIDTH="94" HEIGHT="21" WC="0.92" CONTENT="härmed"/><SP WIDTH="22" VPOS="302" HPOS="534"/>
							<String ID="string_42" HPOS="556" VPOS="301" WIDTH="77" HEIGHT="22" WC="0.96" CONTENT="kunde"/><SP WIDTH="18" VPOS="301" HPOS="633"/>
							<String ID="string_43" HPOS="651" VPOS="302" WIDTH="118" HEIGHT="28" WC="0.93" CONTENT="nämligen"/><SP WIDTH="15" VPOS="302" HPOS="769"/>
							<String ID="string_44" HPOS="784" VPOS="301" WIDTH="70" HEIGHT="22" WC="0.92" CONTENT="hafva"/><SP WIDTH="14" VPOS="301" HPOS="854"/>
							<String ID="string_45" HPOS="868" VPOS="302" WIDTH="38" HEIGHT="20" WC="0.93" CONTENT="till"/><SP WIDTH="14" VPOS="302" HPOS="906"/>
							<String ID="string_46" HPOS="920" VPOS="302" WIDTH="38" HEIGHT="28" WC="0.93" CONTENT="pä-"/>
						</TextLine>
						<TextLine ID="line_6" HPOS="203" VPOS="335" WIDTH="755" HEIGHT="29">
							<String ID="string_47" HPOS="203" VPOS="336" WIDTH="60" HEIGHT="28" WC="0.87" CONTENT="följd"/><SP WIDTH="23" VPOS="336" HPOS="263"/>
							<String ID="string_48" HPOS="286" VPOS="338" WIDTH="34" HEIGHT="19" WC="0.95" CONTENT="att"/><SP WIDTH="22" VPOS="338" HPOS="320"/>
							<String ID="string_49" HPOS="342" VPOS="336" WIDTH="28" HEIGHT="21" WC="0.96" CONTENT="de"/><SP WIDTH="22" VPOS="336" HPOS="370"/>
							<String ID="string_50" HPOS="392" VPOS="336" WIDTH="200" HEIGHT="28" WC="0.96" CONTENT="förutsättningar,"/><SP WIDTH="23" VPOS="336" HPOS="592"/>
							<String ID="string_51" HPOS="615" VPOS="343" WIDTH="49" HEIGHT="14" WC="0.93" CONTENT="som"/><SP WIDTH="22" VPOS="343" HPOS="664"/>
							<String ID="string_52" HPOS="686" VPOS="336" WIDTH="63" HEIGHT="28" WC="0.91" CONTENT="legat"/><SP WIDTH="21" VPOS="336" HPOS="749"/>
							<String ID="string_53" HPOS="770" VPOS="336" WIDTH="38" HEIGHT="21" WC="0.96" CONTENT="till"/><SP WIDTH="21" VPOS="336" HPOS="808"/>
							<String ID="string_54" HPOS="829" VPOS="336" WIDTH="77" HEIGHT="28" WC="0.96" CONTENT="grund"/><SP WIDTH="14" VPOS="336" HPOS="906"/>
							<String ID="string_55" HPOS="920" VPOS="335" WIDTH="38" HEIGHT="22" WC="0.96" CONTENT="för"/>
						</TextLine>
						<TextLine ID="line_7" HPOS="202" VPOS="370" WIDTH="754" HEIGHT="26">
							<String ID="string_56" HPOS="202" VPOS="370" WIDTH="129" HEIGHT="22" WC="0.91" CONTENT="nämndens"/><SP WIDTH="23" VPOS="370" HPOS="331"/>
							<String ID="string_57" HPOS="354" VPOS="370" WIDTH="82" HEIGHT="26" WC="0.83" CONTENT="beslut,"/><SP WIDTH="24" VPOS="370" HPOS="436"/>
							<String ID="string_58" HPOS="460" VPOS="370" WIDTH="127" HEIGHT="22" WC="0.91" CONTENT="emellertid"/><SP WIDTH="18" VPOS="370" HPOS="587"/>
							<String ID="string_59" HPOS="605" VPOS="370" WIDTH="136" HEIGHT="21" WC="0.92" CONTENT="förändrats."/><SP WIDTH="30" VPOS="370" HPOS="741"/>
							<String ID="string_60" HPOS="771" VPOS="370" WIDTH="54" HEIGHT="22" WC="0.96" CONTENT="Men"/><SP WIDTH="15" VPOS="370" HPOS="825"/>
							<String ID="string_61" HPOS="840" VPOS="370" WIDTH="116" HEIGHT="21" WC="0.95" CONTENT="dessutom"/>
						</TextLine>
						<TextLine ID="line_8" HPOS="206" VPOS="404" WIDTH="751" HEIGHT="29">
							<String ID="string_62" HPOS="206" VPOS="405" WIDTH="75" HEIGHT="21" WC="0.93" CONTENT="skulle"/><SP WIDTH="15" VPOS="405" HPOS="281"/>
							<String ID="string_63" HPOS="296" VPOS="405" WIDTH="57" HEIGHT="21" WC="0.96" CONTENT="slikt"/><SP WIDTH="16" VPOS="405" HPOS="353"/>
							<String ID="string_64" HPOS="369" VPOS="404" WIDTH="110" HEIGHT="29" WC="0.96" CONTENT="dröjsmål"/><SP WIDTH="14" VPOS="404" HPOS="479"/>
							<String ID="string_65" HPOS="493" VPOS="404" WIDTH="115" HEIGHT="22" WC="0.95" CONTENT="innefatta"/><SP WIDTH="15" VPOS="404" HPOS="608"/>
							<String ID="string_66" HPOS="623" VPOS="412" WIDTH="29" HEIGHT="13" WC="0.96" CONTENT="en"/><SP WIDTH="15" VPOS="412" HPOS="652"/>
							<String ID="string_67" HPOS="667" VPOS="406" WIDTH="48" HEIGHT="19" WC="0.93" CONTENT="stor"/><SP WIDTH="14" VPOS="406" HPOS="715"/>
							<String ID="string_68" HPOS="729" VPOS="404" WIDTH="123" HEIGHT="29" WC="0.96" CONTENT="olägenhet"/><SP WIDTH="9" VPOS="404" HPOS="852"/>
							<String ID="string_69" HPOS="861" VPOS="404" WIDTH="37" HEIGHT="21" WC="0.93" CONTENT="för"/><SP WIDTH="10" VPOS="404" HPOS="898"/>
							<String ID="string_70" HPOS="908" VPOS="411" WIDTH="49" HEIGHT="21" WC="0.91" CONTENT="per-"/>
						</TextLine>
						<TextLine ID="line_9" HPOS="204" VPOS="438" WIDTH="754" HEIGHT="29">
							<String ID="string_71" HPOS="204" VPOS="447" WIDTH="48" HEIGHT="20" WC="0.95" CONTENT="son,"/><SP WIDTH="16" VPOS="447" HPOS="252"/>
							<String ID="string_72" HPOS="268" VPOS="439" WIDTH="53" HEIGHT="22" WC="0.93" CONTENT="med"/><SP WIDTH="18" VPOS="439" HPOS="321"/>
							<String ID="string_73" HPOS="339" VPOS="439" WIDTH="97" HEIGHT="22" WC="0.92" CONTENT="hvilken"/><SP WIDTH="18" VPOS="439" HPOS="436"/>
							<String ID="string_74" HPOS="454" VPOS="439" WIDTH="147" HEIGHT="28" WC="0.92" CONTENT="förmyndare"/><SP WIDTH="22" VPOS="439" HPOS="601"/>
							<String ID="string_75" HPOS="623" VPOS="441" WIDTH="56" HEIGHT="19" WC="0.93" CONTENT="utan"/><SP WIDTH="22" VPOS="441" HPOS="679"/>
							<String ID="string_76" HPOS="701" VPOS="439" WIDTH="127" HEIGHT="21" WC="0.92" CONTENT="nämndens"/><SP WIDTH="22" VPOS="439" HPOS="828"/>
							<String ID="string_77" HPOS="850" VPOS="438" WIDTH="108" HEIGHT="21" WC="0.92" CONTENT="tillständ"/>
						</TextLine>
						<TextLine ID="line_10" HPOS="204" VPOS="473" WIDTH="754" HEIGHT="29">
							<String ID="string_78" HPOS="204" VPOS="474" WIDTH="78" HEIGHT="28" WC="0.96" CONTENT="ingått"/><SP WIDTH="16" VPOS="474" HPOS="282"/>
							<String ID="string_79" HPOS="298" VPOS="474" WIDTH="81" HEIGHT="21" WC="0.93" CONTENT="sådant"/><SP WIDTH="15" VPOS="474" HPOS="379"/>
							<String ID="string_80" HPOS="394" VPOS="473" WIDTH="62" HEIGHT="28" WC="0.91" CONTENT="aftal,"/><SP WIDTH="17" VPOS="473" HPOS="456"/>
							<String ID="string_81" HPOS="473" VPOS="481" WIDTH="49" HEIGHT="14" WC="0.93" CONTENT="som"/><SP WIDTH="15" VPOS="481" HPOS="522"/>
							<String ID="string_82" HPOS="537" VPOS="477" WIDTH="95" HEIGHT="18" WC="0.95" CONTENT="nämnes"/><SP WIDTH="15" VPOS="477" HPOS="632"/>
							<String ID="string_83" HPOS="647" VPOS="474" WIDTH="10" HEIGHT="21" WC="0.96" CONTENT="i"/><SP WIDTH="14" VPOS="474" HPOS="657"/>
							<String ID="string_84" HPOS="671" VPOS="475" WIDTH="28" HEIGHT="20" WC="0.93" CONTENT="40"/><SP WIDTH="15" VPOS="475" HPOS="699"/>
							<String ID="string_85" HPOS="714" VPOS="475" WIDTH="13" HEIGHT="26" WC="0.70" CONTENT="$"/><SP WIDTH="16" VPOS="475" HPOS="727"/>
							<String ID="string_86" HPOS="743" VPOS="473" WIDTH="42" HEIGHT="22" WC="0.93" CONTENT="och"/><SP WIDTH="14" VPOS="473" HPOS="785"/>
							<String ID="string_87" HPOS="799" VPOS="473" WIDTH="91" HEIGHT="22" WC="0.93" CONTENT="hvilket"/><SP WIDTH="10" VPOS="473" HPOS="890"/>
							<String ID="string_88" HPOS="900" VPOS="473" WIDTH="58" HEIGHT="21" WC="0.93" CONTENT="aftal"/>
						</TextLine>
						<TextLine ID="line_11" HPOS="204" VPOS="507" WIDTH="752" HEIGHT="30">
							<String ID="string_89" HPOS="204" VPOS="508" WIDTH="63" HEIGHT="29" WC="0.92" CONTENT="förty"/><SP WIDTH="23" VPOS="508" HPOS="267"/>
							<String ID="string_90" HPOS="290" VPOS="508" WIDTH="84" HEIGHT="21" WC="0.89" CONTENT="efterät"/><SP WIDTH="23" VPOS="508" HPOS="374"/>
							<String ID="string_91" HPOS="397" VPOS="509" WIDTH="41" HEIGHT="20" WC="0.93" CONTENT="bör"/><SP WIDTH="21" VPOS="509" HPOS="438"/>
							<String ID="string_92" HPOS="459" VPOS="508" WIDTH="127" HEIGHT="21" WC="0.91" CONTENT="nämndens"/><SP WIDTH="23" VPOS="508" HPOS="586"/>
							<String ID="string_93" HPOS="609" VPOS="507" WIDTH="169" HEIGHT="29" WC="0.91" CONTENT="godkännande"/><SP WIDTH="18" VPOS="507" HPOS="778"/>
							<String ID="string_94" HPOS="796" VPOS="507" WIDTH="160" HEIGHT="22" WC="0.96" CONTENT="underställas."/>
						</TextLine>
						<TextLine ID="line_12" HPOS="205" VPOS="541" WIDTH="753" HEIGHT="30">
							<String ID="string_95" HPOS="205" VPOS="543" WIDTH="81" HEIGHT="22" WC="0.92" CONTENT="Denne"/><SP WIDTH="24" VPOS="543" HPOS="286"/>
							<String ID="string_96" HPOS="310" VPOS="543" WIDTH="193" HEIGHT="21" WC="0.91" CONTENT="medkontrahent"/><SP WIDTH="21" VPOS="543" HPOS="503"/>
							<String ID="string_97" HPOS="524" VPOS="543" WIDTH="92" HEIGHT="21" WC="0.91" CONTENT="komme"/><SP WIDTH="19" VPOS="543" HPOS="616"/>
							<String ID="string_98" HPOS="635" VPOS="542" WIDTH="119" HEIGHT="29" WC="0.96" CONTENT="nämligen"/><SP WIDTH="15" VPOS="542" HPOS="754"/>
							<String ID="string_99" HPOS="769" VPOS="544" WIDTH="34" HEIGHT="19" WC="0.96" CONTENT="att"/><SP WIDTH="14" VPOS="544" HPOS="803"/>
							<String ID="string_100" HPOS="817" VPOS="541" WIDTH="73" HEIGHT="22" WC="0.93" CONTENT="under"/><SP WIDTH="16" VPOS="541" HPOS="890"/>
							<String ID="string_101" HPOS="906" VPOS="541" WIDTH="52" HEIGHT="22" WC="0.92" CONTENT="obe-"/>
						</TextLine>
						<TextLine ID="line_13" HPOS="204" VPOS="576" WIDTH="753" HEIGHT="23">
							<String ID="string_102" HPOS="204" VPOS="577" WIDTH="76" HEIGHT="22" WC="0.92" CONTENT="stämd"/><SP WIDTH="14" VPOS="577" HPOS="280"/>
							<String ID="string_103" HPOS="294" VPOS="577" WIDTH="36" HEIGHT="22" WC="0.93" CONTENT="tid"/><SP WIDTH="15" VPOS="577" HPOS="330"/>
							<String ID="string_104" HPOS="345" VPOS="577" WIDTH="80" HEIGHT="22" WC="0.92" CONTENT="sväfva"/><SP WIDTH="15" VPOS="577" HPOS="425"/>
							<String ID="string_105" HPOS="440" VPOS="577" WIDTH="8" HEIGHT="22" WC="0.91" CONTENT="i"/><SP WIDTH="16" VPOS="577" HPOS="448"/>
							<String ID="string_106" HPOS="464" VPOS="577" WIDTH="103" HEIGHT="22" WC="0.91" CONTENT="ovisshet"/><SP WIDTH="22" VPOS="577" HPOS="567"/>
							<String ID="string_107" HPOS="589" VPOS="577" WIDTH="115" HEIGHT="21" WC="0.93" CONTENT="huruvida"/><SP WIDTH="21" VPOS="577" HPOS="704"/>
							<String ID="string_108" HPOS="725" VPOS="577" WIDTH="82" HEIGHT="21" WC="0.93" CONTENT="aftalet"/><SP WIDTH="15" VPOS="577" HPOS="807"/>
							<String ID="string_109" HPOS="822" VPOS="576" WIDTH="82" HEIGHT="22" WC="0.92" CONTENT="varder"/><SP WIDTH="15" VPOS="576" HPOS="904"/>
							<String ID="string_110" HPOS="919" VPOS="576" WIDTH="38" HEIGHT="21" WC="0.90" CONTENT="be-"/>
						</TextLine>
						<TextLine ID="line_14" HPOS="208" VPOS="610" WIDTH="749" HEIGHT="30">
							<String ID="string_111" HPOS="208" VPOS="612" WIDTH="126" HEIGHT="21" WC="0.92" CONTENT="ständande"/><SP WIDTH="16" VPOS="612" HPOS="334"/>
							<String ID="string_112" HPOS="350" VPOS="611" WIDTH="56" HEIGHT="22" WC="0.93" CONTENT="eller"/><SP WIDTH="14" VPOS="611" HPOS="406"/>
							<String ID="string_113" HPOS="420" VPOS="612" WIDTH="28" HEIGHT="28" WC="0.91" CONTENT="ej."/><SP WIDTH="29" VPOS="612" HPOS="448"/>
							<String ID="string_114" HPOS="477" VPOS="612" WIDTH="34" HEIGHT="21" WC="0.91" CONTENT="Pä"/><SP WIDTH="14" VPOS="612" HPOS="511"/>
							<String ID="string_115" HPOS="525" VPOS="611" WIDTH="76" HEIGHT="29" WC="0.96" CONTENT="grund"/><SP WIDTH="15" VPOS="611" HPOS="601"/>
							<String ID="string_116" HPOS="616" VPOS="611" WIDTH="27" HEIGHT="22" WC="0.96" CONTENT="af"/><SP WIDTH="13" VPOS="611" HPOS="643"/>
							<String ID="string_117" HPOS="656" VPOS="611" WIDTH="38" HEIGHT="22" WC="0.93" CONTENT="det"/><SP WIDTH="15" VPOS="611" HPOS="694"/>
							<String ID="string_118" HPOS="709" VPOS="611" WIDTH="96" HEIGHT="22" WC="0.93" CONTENT="anförda"/><SP WIDTH="9" VPOS="611" HPOS="805"/>
							<String ID="string_119" HPOS="814" VPOS="610" WIDTH="42" HEIGHT="22" WC="0.96" CONTENT="har"/><SP WIDTH="7" VPOS="610" HPOS="856"/>
							<String ID="string_120" HPOS="863" VPOS="618" WIDTH="29" HEIGHT="14" WC="0.93" CONTENT="en"/><SP WIDTH="8" VPOS="618" HPOS="892"/>
							<String ID="string_121" HPOS="900" VPOS="610" WIDTH="57" HEIGHT="21" WC="0.93" CONTENT="tids-"/>
						</TextLine>
						<TextLine ID="line_15" HPOS="203" VPOS="644" WIDTH="754" HEIGHT="30">
							<String ID="string_122" HPOS="203" VPOS="646" WIDTH="148" HEIGHT="28" WC="0.90" CONTENT="bestämning"/><SP WIDTH="22" VPOS="646" HPOS="351"/>
							<String ID="string_123" HPOS="373" VPOS="646" WIDTH="8" HEIGHT="21" WC="0.93" CONTENT="i"/><SP WIDTH="21" VPOS="646" HPOS="381"/>
							<String ID="string_124" HPOS="402" VPOS="645" WIDTH="168" HEIGHT="22" WC="0.90" CONTENT="ofvannämndt"/><SP WIDTH="23" VPOS="645" HPOS="570"/>
							<String ID="string_125" HPOS="593" VPOS="645" WIDTH="62" HEIGHT="28" WC="0.93" CONTENT="syfte"/><SP WIDTH="21" VPOS="645" HPOS="655"/>
							<String ID="string_126" HPOS="676" VPOS="645" WIDTH="81" HEIGHT="22" WC="0.90" CONTENT="blifvit"/><SP WIDTH="21" VPOS="645" HPOS="757"/>
							<String ID="string_127" HPOS="778" VPOS="645" WIDTH="8" HEIGHT="21" WC="0.93" CONTENT="i"/><SP WIDTH="21" VPOS="645" HPOS="786"/>
							<String ID="string_128" HPOS="807" VPOS="644" WIDTH="150" HEIGHT="22" WC="0.92" CONTENT="förevarande"/>
						</TextLine>
						<TextLine ID="line_16" HPOS="202" VPOS="680" WIDTH="207" HEIGHT="28">
							<String ID="string_129" HPOS="202" VPOS="680" WIDTH="110" HEIGHT="28" WC="0.92" CONTENT="paragraf"/><SP WIDTH="12" VPOS="680" HPOS="312"/>
							<String ID="string_130" HPOS="324" VPOS="680" WIDTH="85" HEIGHT="21" WC="0.92" CONTENT="införd."/>
						</TextLine>
					</TextBlock>
					<TextBlock ID="block_2" HPOS="175" VPOS="713" WIDTH="783" HEIGHT="535">
						<TextLine ID="line_17" HPOS="271" VPOS="713" WIDTH="686" HEIGHT="30">
							<String ID="string_131" HPOS="271" VPOS="716" WIDTH="28" HEIGHT="20" WC="0.91" CONTENT="49"/><SP WIDTH="16" VPOS="716" HPOS="299"/>
							<String ID="string_132" HPOS="315" VPOS="716" WIDTH="19" HEIGHT="25" WC="0.90" CONTENT="8."/><SP WIDTH="31" VPOS="716" HPOS="334"/>
							<String ID="string_133" HPOS="365" VPOS="714" WIDTH="185" HEIGHT="22" WC="0.84" CONTENT="Vidkommande"/><SP WIDTH="15" VPOS="714" HPOS="550"/>
							<String ID="string_134" HPOS="565" VPOS="713" WIDTH="106" HEIGHT="30" WC="0.96" CONTENT="grunden"/><SP WIDTH="14" VPOS="713" HPOS="671"/>
							<String ID="string_135" HPOS="685" VPOS="714" WIDTH="38" HEIGHT="21" WC="0.93" CONTENT="för"/><SP WIDTH="14" VPOS="714" HPOS="723"/>
							<String ID="string_136" HPOS="737" VPOS="713" WIDTH="130" HEIGHT="28" WC="0.96" CONTENT="beräkning"/><SP WIDTH="11" VPOS="713" HPOS="867"/>
							<String ID="string_137" HPOS="878" VPOS="713" WIDTH="25" HEIGHT="21" WC="0.93" CONTENT="af"/><SP WIDTH="8" VPOS="713" HPOS="903"/>
							<String ID="string_138" HPOS="911" VPOS="713" WIDTH="46" HEIGHT="22" WC="0.93" CONTENT="för-"/>
						</TextLine>
						<TextLine ID="line_18" HPOS="205" VPOS="747" WIDTH="753" HEIGHT="30">
							<String ID="string_139" HPOS="205" VPOS="748" WIDTH="122" HEIGHT="29" WC="0.91" CONTENT="myndares"/><SP WIDTH="16" VPOS="748" HPOS="327"/>
							<String ID="string_140" HPOS="343" VPOS="749" WIDTH="84" HEIGHT="21" WC="0.93" CONTENT="arvode"/><SP WIDTH="15" VPOS="749" HPOS="427"/>
							<String ID="string_141" HPOS="442" VPOS="750" WIDTH="112" HEIGHT="27" WC="0.92" CONTENT="upptager"/><SP WIDTH="15" VPOS="750" HPOS="554"/>
							<String ID="string_142" HPOS="569" VPOS="747" WIDTH="156" HEIGHT="29" WC="0.93" CONTENT="lagförslaget,"/><SP WIDTH="17" VPOS="747" HPOS="725"/>
							<String ID="string_143" HPOS="742" VPOS="749" WIDTH="34" HEIGHT="20" WC="0.93" CONTENT="att"/><SP WIDTH="15" VPOS="749" HPOS="776"/>
							<String ID="string_144" HPOS="791" VPOS="747" WIDTH="95" HEIGHT="22" WC="0.93" CONTENT="arvodet"/><SP WIDTH="12" VPOS="747" HPOS="886"/>
							<String ID="string_145" HPOS="898" VPOS="747" WIDTH="60" HEIGHT="21" WC="0.96" CONTENT="skall"/>
						</TextLine>
						<TextLine ID="line_19" HPOS="206" VPOS="781" WIDTH="751" HEIGHT="30">
							<String ID="string_146" HPOS="206" VPOS="783" WIDTH="138" HEIGHT="21" WC="0.91" CONTENT="bestämmas"/><SP WIDTH="16" VPOS="783" HPOS="344"/>
							<String ID="string_147" HPOS="360" VPOS="783" WIDTH="58" HEIGHT="21" WC="0.90" CONTENT="efter"/><SP WIDTH="14" VPOS="783" HPOS="418"/>
							<String ID="string_148" HPOS="432" VPOS="782" WIDTH="61" HEIGHT="22" WC="0.91" CONTENT="hvad"/><SP WIDTH="14" VPOS="782" HPOS="493"/>
							<String ID="string_149" HPOS="507" VPOS="785" WIDTH="49" HEIGHT="19" WC="0.93" CONTENT="mot"/><SP WIDTH="14" VPOS="785" HPOS="556"/>
							<String ID="string_150" HPOS="570" VPOS="782" WIDTH="176" HEIGHT="29" WC="0.92" CONTENT="förmyndarens"/><SP WIDTH="15" VPOS="782" HPOS="746"/>
							<String ID="string_151" HPOS="761" VPOS="782" WIDTH="81" HEIGHT="22" WC="0.89" CONTENT="besvär"/><SP WIDTH="10" VPOS="782" HPOS="842"/>
							<String ID="string_152" HPOS="852" VPOS="781" WIDTH="105" HEIGHT="29" WC="0.93" CONTENT="skäligen"/>
						</TextLine>
						<TextLine ID="line_20" HPOS="204" VPOS="816" WIDTH="753" HEIGHT="29">
							<String ID="string_153" HPOS="204" VPOS="817" WIDTH="45" HEIGHT="21" WC="0.93" CONTENT="kan"/><SP WIDTH="16" VPOS="817" HPOS="249"/>
							<String ID="string_154" HPOS="265" VPOS="824" WIDTH="72" HEIGHT="14" WC="0.92" CONTENT="svara."/><SP WIDTH="30" VPOS="824" HPOS="337"/>
							<String ID="string_155" HPOS="367" VPOS="817" WIDTH="70" HEIGHT="21" WC="0.93" CONTENT="Detta"/><SP WIDTH="22" VPOS="817" HPOS="437"/>
							<String ID="string_156" HPOS="459" VPOS="817" WIDTH="126" HEIGHT="28" WC="0.92" CONTENT="stadgande"/><SP WIDTH="24" VPOS="817" HPOS="585"/>
							<String ID="string_157" HPOS="609" VPOS="817" WIDTH="78" HEIGHT="21" WC="0.92" CONTENT="kunde"/><SP WIDTH="17" VPOS="817" HPOS="687"/>
							<String ID="string_158" HPOS="704" VPOS="816" WIDTH="112" HEIGHT="29" WC="0.92" CONTENT="möjligen"/><SP WIDTH="15" VPOS="816" HPOS="816"/>
							<String ID="string_159" HPOS="831" VPOS="816" WIDTH="75" HEIGHT="21" WC="0.92" CONTENT="tolkas"/><SP WIDTH="17" VPOS="816" HPOS="906"/>
							<String ID="string_160" HPOS="923" VPOS="817" WIDTH="34" HEIGHT="20" WC="0.92" CONTENT="sä-"/>
						</TextLine>
						<TextLine ID="line_21" HPOS="201" VPOS="850" WIDTH="756" HEIGHT="29">
							<String ID="string_161" HPOS="201" VPOS="851" WIDTH="79" HEIGHT="27" WC="0.92" CONTENT="lunda,"/><SP WIDTH="16" VPOS="851" HPOS="280"/>
							<String ID="string_162" HPOS="296" VPOS="853" WIDTH="35" HEIGHT="19" WC="0.93" CONTENT="att"/><SP WIDTH="14" VPOS="853" HPOS="331"/>
							<String ID="string_163" HPOS="345" VPOS="851" WIDTH="174" HEIGHT="28" WC="0.93" CONTENT="förmyndarens"/><SP WIDTH="15" VPOS="851" HPOS="519"/>
							<String ID="string_164" HPOS="534" VPOS="851" WIDTH="133" HEIGHT="22" WC="0.92" CONTENT="tidsförlust"/><SP WIDTH="17" VPOS="851" HPOS="667"/>
							<String ID="string_165" HPOS="684" VPOS="851" WIDTH="42" HEIGHT="21" WC="0.96" CONTENT="bör"/><SP WIDTH="15" VPOS="851" HPOS="726"/>
							<String ID="string_166" HPOS="741" VPOS="852" WIDTH="83" HEIGHT="27" WC="0.96" CONTENT="utgöra"/><SP WIDTH="14" VPOS="852" HPOS="824"/>
							<String ID="string_167" HPOS="838" VPOS="850" WIDTH="46" HEIGHT="22" WC="0.93" CONTENT="den"/><SP WIDTH="14" VPOS="850" HPOS="884"/>
							<String ID="string_168" HPOS="898" VPOS="851" WIDTH="59" HEIGHT="21" WC="0.92" CONTENT="enda"/>
						</TextLine>
						<TextLine ID="line_22" HPOS="203" VPOS="885" WIDTH="754" HEIGHT="28">
							<String ID="string_169" HPOS="203" VPOS="885" WIDTH="254" HEIGHT="28" WC="0.92" CONTENT="beräkningsgrunden."/><SP WIDTH="30" VPOS="885" HPOS="457"/>
							<String ID="string_170" HPOS="487" VPOS="885" WIDTH="137" HEIGHT="22" WC="0.93" CONTENT="Emellertid"/><SP WIDTH="22" VPOS="885" HPOS="624"/>
							<String ID="string_171" HPOS="646" VPOS="885" WIDTH="71" HEIGHT="22" WC="0.93" CONTENT="borde"/><SP WIDTH="23" VPOS="885" HPOS="717"/>
							<String ID="string_172" HPOS="740" VPOS="885" WIDTH="69" HEIGHT="21" WC="0.96" CONTENT="äfven"/><SP WIDTH="15" VPOS="885" HPOS="809"/>
							<String ID="string_173" HPOS="824" VPOS="885" WIDTH="71" HEIGHT="21" WC="0.93" CONTENT="andra"/><SP WIDTH="15" VPOS="885" HPOS="895"/>
							<String ID="string_174" HPOS="910" VPOS="891" WIDTH="47" HEIGHT="15" WC="0.92" CONTENT="om-"/>
						</TextLine>
						<TextLine ID="line_23" HPOS="201" VPOS="919" WIDTH="755" HEIGHT="28">
							<String ID="string_175" HPOS="201" VPOS="919" WIDTH="161" HEIGHT="28" WC="0.92" CONTENT="ständigheter"/><SP WIDTH="14" VPOS="919" HPOS="362"/>
							<String ID="string_176" HPOS="376" VPOS="919" WIDTH="82" HEIGHT="21" WC="0.92" CONTENT="härvid"/><SP WIDTH="14" VPOS="919" HPOS="458"/>
							<String ID="string_177" HPOS="472" VPOS="919" WIDTH="92" HEIGHT="22" WC="0.96" CONTENT="komma"/><SP WIDTH="14" VPOS="919" HPOS="564"/>
							<String ID="string_178" HPOS="578" VPOS="919" WIDTH="8" HEIGHT="21" WC="0.92" CONTENT="i"/><SP WIDTH="10" VPOS="919" HPOS="586"/>
							<String ID="string_179" HPOS="596" VPOS="919" WIDTH="159" HEIGHT="21" WC="0.91" CONTENT="betraktande."/><SP WIDTH="16" VPOS="919" HPOS="755"/>
							<String ID="string_180" HPOS="771" VPOS="919" WIDTH="101" HEIGHT="21" WC="0.92" CONTENT="Sälunda"/><SP WIDTH="15" VPOS="919" HPOS="872"/>
							<String ID="string_181" HPOS="887" VPOS="926" WIDTH="69" HEIGHT="20" WC="0.92" CONTENT="synes"/>
						</TextLine>
						<TextLine ID="line_24" HPOS="175" VPOS="952" WIDTH="782" HEIGHT="30">
							<String ID="string_182" HPOS="175" VPOS="973" WIDTH="2" HEIGHT="2" WC="0.81" CONTENT="."/><SP WIDTH="24" VPOS="973" HPOS="177"/>
							<String ID="string_183" HPOS="201" VPOS="954" WIDTH="142" HEIGHT="28" WC="0.95" CONTENT="exempelvis"/><SP WIDTH="17" VPOS="954" HPOS="343"/>
							<String ID="string_184" HPOS="360" VPOS="953" WIDTH="44" HEIGHT="22" WC="0.96" CONTENT="den"/><SP WIDTH="14" VPOS="953" HPOS="404"/>
							<String ID="string_185" HPOS="418" VPOS="954" WIDTH="81" HEIGHT="20" WC="0.96" CONTENT="känsla"/><SP WIDTH="15" VPOS="954" HPOS="499"/>
							<String ID="string_186" HPOS="514" VPOS="954" WIDTH="25" HEIGHT="20" WC="0.93" CONTENT="af"/><SP WIDTH="14" VPOS="954" HPOS="539"/>
							<String ID="string_187" HPOS="553" VPOS="960" WIDTH="88" HEIGHT="20" WC="0.96" CONTENT="ansvar,"/><SP WIDTH="20" VPOS="960" HPOS="641"/>
							<String ID="string_188" HPOS="661" VPOS="960" WIDTH="50" HEIGHT="14" WC="0.90" CONTENT="som"/><SP WIDTH="23" VPOS="960" HPOS="711"/>
							<String ID="string_189" HPOS="734" VPOS="952" WIDTH="93" HEIGHT="29" WC="0.93" CONTENT="åtföljer"/><SP WIDTH="21" VPOS="952" HPOS="827"/>
							<String ID="string_190" HPOS="848" VPOS="952" WIDTH="109" HEIGHT="22" WC="0.92" CONTENT="ledandet"/>
						</TextLine>
						<TextLine ID="line_25" HPOS="203" VPOS="986" WIDTH="754" HEIGHT="30">
							<String ID="string_191" HPOS="203" VPOS="987" WIDTH="26" HEIGHT="21" WC="0.95" CONTENT="af"/><SP WIDTH="13" VPOS="987" HPOS="229"/>
							<String ID="string_192" HPOS="242" VPOS="989" WIDTH="34" HEIGHT="19" WC="0.95" CONTENT="ett"/><SP WIDTH="14" VPOS="989" HPOS="276"/>
							<String ID="string_193" HPOS="290" VPOS="987" WIDTH="90" HEIGHT="29" WC="0.96" CONTENT="företag"/><SP WIDTH="13" VPOS="987" HPOS="380"/>
							<String ID="string_194" HPOS="393" VPOS="987" WIDTH="73" HEIGHT="21" WC="0.93" CONTENT="under"/><SP WIDTH="15" VPOS="987" HPOS="466"/>
							<String ID="string_195" HPOS="481" VPOS="988" WIDTH="83" HEIGHT="20" WC="0.92" CONTENT="osäkra"/><SP WIDTH="21" VPOS="988" HPOS="564"/>
							<String ID="string_196" HPOS="585" VPOS="987" WIDTH="176" HEIGHT="28" WC="0.92" CONTENT="konjunkturer,"/><SP WIDTH="14" VPOS="987" HPOS="761"/>
							<String ID="string_197" HPOS="775" VPOS="986" WIDTH="88" HEIGHT="29" WC="0.88" CONTENT="jämväl"/><SP WIDTH="15" VPOS="986" HPOS="863"/>
							<String ID="string_198" HPOS="878" VPOS="987" WIDTH="79" HEIGHT="21" WC="0.96" CONTENT="kunna"/>
						</TextLine>
						<TextLine ID="line_26" HPOS="202" VPOS="1020" WIDTH="754" HEIGHT="29">
							<String ID="string_199" HPOS="202" VPOS="1021" WIDTH="8" HEIGHT="21" WC="0.93" CONTENT="i"/><SP WIDTH="16" VPOS="1021" HPOS="210"/>
							<String ID="string_200" HPOS="226" VPOS="1022" WIDTH="77" HEIGHT="27" WC="0.92" CONTENT="nägon"/><SP WIDTH="15" VPOS="1022" HPOS="303"/>
							<String ID="string_201" HPOS="318" VPOS="1022" WIDTH="54" HEIGHT="20" WC="0.96" CONTENT="män"/><SP WIDTH="10" VPOS="1022" HPOS="372"/>
							<String ID="string_202" HPOS="382" VPOS="1021" WIDTH="104" HEIGHT="27" WC="0.93" CONTENT="beaktas;"/><SP WIDTH="16" VPOS="1021" HPOS="486"/>
							<String ID="string_203" HPOS="502" VPOS="1021" WIDTH="76" HEIGHT="21" WC="0.93" CONTENT="likasä"/><SP WIDTH="7" VPOS="1021" HPOS="578"/>
							<String ID="string_204" HPOS="585" VPOS="1020" WIDTH="66" HEIGHT="22" WC="0.96" CONTENT="torde"/><SP WIDTH="8" VPOS="1020" HPOS="651"/>
							<String ID="string_205" HPOS="659" VPOS="1020" WIDTH="44" HEIGHT="22" WC="0.93" CONTENT="den"/><SP WIDTH="9" VPOS="1020" HPOS="703"/>
							<String ID="string_206" HPOS="712" VPOS="1020" WIDTH="76" HEIGHT="22" WC="0.93" CONTENT="hittils"/><SP WIDTH="10" VPOS="1020" HPOS="788"/>
							<String ID="string_207" HPOS="798" VPOS="1020" WIDTH="74" HEIGHT="28" WC="0.92" CONTENT="följda"/><SP WIDTH="7" VPOS="1020" HPOS="872"/>
							<String ID="string_208" HPOS="879" VPOS="1021" WIDTH="77" HEIGHT="28" WC="0.94" CONTENT="praxis"/>
						</TextLine>
						<TextLine ID="line_27" HPOS="202" VPOS="1054" WIDTH="755" HEIGHT="30">
							<String ID="string_209" HPOS="202" VPOS="1057" WIDTH="35" HEIGHT="19" WC="0.96" CONTENT="att"/><SP WIDTH="15" VPOS="1057" HPOS="237"/>
							<String ID="string_210" HPOS="252" VPOS="1055" WIDTH="40" HEIGHT="21" WC="0.93" CONTENT="vid"/><SP WIDTH="16" VPOS="1055" HPOS="292"/>
							<String ID="string_211" HPOS="308" VPOS="1055" WIDTH="159" HEIGHT="21" WC="0.92" CONTENT="debiterandet"/><SP WIDTH="15" VPOS="1055" HPOS="467"/>
							<String ID="string_212" HPOS="482" VPOS="1055" WIDTH="26" HEIGHT="21" WC="0.93" CONTENT="af"/><SP WIDTH="12" VPOS="1055" HPOS="508"/>
							<String ID="string_213" HPOS="520" VPOS="1055" WIDTH="176" HEIGHT="29" WC="0.91" CONTENT="förmyndarens"/><SP WIDTH="23" VPOS="1055" HPOS="696"/>
							<String ID="string_214" HPOS="719" VPOS="1055" WIDTH="84" HEIGHT="21" WC="0.91" CONTENT="arvode"/><SP WIDTH="15" VPOS="1055" HPOS="803"/>
							<String ID="string_215" HPOS="818" VPOS="1054" WIDTH="70" HEIGHT="22" WC="0.91" CONTENT="äfven"/><SP WIDTH="14" VPOS="1054" HPOS="888"/>
							<String ID="string_216" HPOS="902" VPOS="1057" WIDTH="55" HEIGHT="26" WC="0.91" CONTENT="taga"/>
						</TextLine>
						<TextLine ID="line_28" HPOS="203" VPOS="1088" WIDTH="754" HEIGHT="30">
							<String ID="string_217" HPOS="203" VPOS="1090" WIDTH="79" HEIGHT="28" WC="0.95" CONTENT="någon"/><SP WIDTH="15" VPOS="1090" HPOS="282"/>
							<String ID="string_218" HPOS="297" VPOS="1089" WIDTH="91" HEIGHT="28" WC="0.96" CONTENT="hänsyn"/><SP WIDTH="14" VPOS="1089" HPOS="388"/>
							<String ID="string_219" HPOS="402" VPOS="1089" WIDTH="38" HEIGHT="21" WC="0.93" CONTENT="till"/><SP WIDTH="15" VPOS="1089" HPOS="440"/>
							<String ID="string_220" HPOS="455" VPOS="1089" WIDTH="120" HEIGHT="29" WC="0.95" CONTENT="omfånget"/><SP WIDTH="8" VPOS="1089" HPOS="575"/>
							<String ID="string_221" HPOS="583" VPOS="1089" WIDTH="25" HEIGHT="21" WC="0.93" CONTENT="af"/><SP WIDTH="6" VPOS="1089" HPOS="608"/>
							<String ID="string_222" HPOS="614" VPOS="1089" WIDTH="164" HEIGHT="28" WC="0.91" CONTENT="myndlingens"/><SP WIDTH="16" VPOS="1089" HPOS="778"/>
							<String ID="string_223" HPOS="794" VPOS="1088" WIDTH="163" HEIGHT="30" WC="0.96" CONTENT="förmögenhet"/>
						</TextLine>
						<TextLine ID="line_29" HPOS="202" VPOS="1119" WIDTH="754" HEIGHT="33">
							<String ID="string_224" HPOS="202" VPOS="1123" WIDTH="80" HEIGHT="21" WC="0.96" CONTENT="kunna"/><SP WIDTH="14" VPOS="1123" HPOS="282"/>
							<String ID="string_225" HPOS="296" VPOS="1130" WIDTH="66" HEIGHT="14" WC="0.93" CONTENT="anses"/><SP WIDTH="17" VPOS="1130" HPOS="362"/>
							<String ID="string_226" HPOS="379" VPOS="1123" WIDTH="82" HEIGHT="28" WC="0.91" CONTENT="skälig."/><SP WIDTH="29" VPOS="1123" HPOS="461"/>
							<String ID="string_227" HPOS="490" VPOS="1124" WIDTH="53" HEIGHT="20" WC="0.93" CONTENT="Med"/><SP WIDTH="23" VPOS="1124" HPOS="543"/>
							<String ID="string_228" HPOS="566" VPOS="1123" WIDTH="109" HEIGHT="21" WC="0.92" CONTENT="afseende"/><SP WIDTH="17" VPOS="1123" HPOS="675"/>
							<String ID="string_229" HPOS="692" VPOS="1123" WIDTH="56" HEIGHT="21" WC="0.92" CONTENT="härä"/><SP WIDTH="15" VPOS="1123" HPOS="748"/>
							<String ID="string_230" HPOS="763" VPOS="1123" WIDTH="41" HEIGHT="21" WC="0.93" CONTENT="har"/><SP WIDTH="14" VPOS="1123" HPOS="804"/>
							<String ID="string_231" HPOS="818" VPOS="1119" WIDTH="138" HEIGHT="33" WC="0.93" CONTENT="stadgandet"/>
						</TextLine>
						<TextLine ID="line_30" HPOS="202" VPOS="1157" WIDTH="754" HEIGHT="29">
							<String ID="string_232" HPOS="202" VPOS="1157" WIDTH="95" HEIGHT="22" WC="0.93" CONTENT="ändrats"/><SP WIDTH="16" VPOS="1157" HPOS="297"/>
							<String ID="string_233" HPOS="313" VPOS="1157" WIDTH="103" HEIGHT="28" WC="0.92" CONTENT="sälunda,"/><SP WIDTH="16" VPOS="1157" HPOS="416"/>
							<String ID="string_234" HPOS="432" VPOS="1159" WIDTH="34" HEIGHT="19" WC="0.93" CONTENT="att"/><SP WIDTH="13" VPOS="1159" HPOS="466"/>
							<String ID="string_235" HPOS="479" VPOS="1157" WIDTH="167" HEIGHT="29" WC="0.92" CONTENT="förmyndaren"/><SP WIDTH="23" VPOS="1157" HPOS="646"/>
							<String ID="string_236" HPOS="669" VPOS="1157" WIDTH="59" HEIGHT="22" WC="0.93" CONTENT="skall"/><SP WIDTH="23" VPOS="1157" HPOS="728"/>
							<String ID="string_237" HPOS="751" VPOS="1165" WIDTH="43" HEIGHT="21" WC="0.91" CONTENT="ega"/><SP WIDTH="14" VPOS="1165" HPOS="794"/>
							<String ID="string_238" HPOS="808" VPOS="1160" WIDTH="46" HEIGHT="19" WC="0.96" CONTENT="rätt"/><SP WIDTH="16" VPOS="1160" HPOS="854"/>
							<String ID="string_239" HPOS="870" VPOS="1157" WIDTH="37" HEIGHT="21" WC="0.93" CONTENT="till"/><SP WIDTH="15" VPOS="1157" HPOS="907"/>
							<String ID="string_240" HPOS="922" VPOS="1164" WIDTH="34" HEIGHT="15" WC="0.93" CONTENT="ar-"/>
						</TextLine>
						<TextLine ID="line_31" HPOS="204" VPOS="1191" WIDTH="751" HEIGHT="29">
							<String ID="string_241" HPOS="204" VPOS="1191" WIDTH="58" HEIGHT="22" WC="0.92" CONTENT="vode"/><SP WIDTH="16" VPOS="1191" HPOS="262"/>
							<String ID="string_242" HPOS="278" VPOS="1192" WIDTH="58" HEIGHT="21" WC="0.93" CONTENT="efter"/><SP WIDTH="14" VPOS="1192" HPOS="336"/>
							<String ID="string_243" HPOS="350" VPOS="1192" WIDTH="62" HEIGHT="21" WC="0.93" CONTENT="hvad"/><SP WIDTH="14" VPOS="1192" HPOS="412"/>
							<String ID="string_244" HPOS="426" VPOS="1194" WIDTH="49" HEIGHT="19" WC="0.96" CONTENT="mot"/><SP WIDTH="14" VPOS="1194" HPOS="475"/>
							<String ID="string_245" HPOS="489" VPOS="1192" WIDTH="58" HEIGHT="21" WC="0.96" CONTENT="hans"/><SP WIDTH="23" VPOS="1192" HPOS="547"/>
							<String ID="string_246" HPOS="570" VPOS="1192" WIDTH="83" HEIGHT="21" WC="0.94" CONTENT="besvär"/><SP WIDTH="16" VPOS="1192" HPOS="653"/>
							<String ID="string_247" HPOS="669" VPOS="1192" WIDTH="43" HEIGHT="22" WC="0.93" CONTENT="och"/><SP WIDTH="15" VPOS="1192" HPOS="712"/>
							<String ID="string_248" HPOS="727" VPOS="1192" WIDTH="228" HEIGHT="28" WC="0.92" CONTENT="förmynderskapets"/>
						</TextLine>
						<TextLine ID="line_32" HPOS="201" VPOS="1225" WIDTH="306" HEIGHT="23">
							<String ID="string_249" HPOS="201" VPOS="1225" WIDTH="159" HEIGHT="22" WC="0.96" CONTENT="beskaffenhet"/><SP WIDTH="15" VPOS="1225" HPOS="360"/>
							<String ID="string_250" HPOS="375" VPOS="1226" WIDTH="46" HEIGHT="21" WC="0.93" CONTENT="kan"/><SP WIDTH="15" VPOS="1226" HPOS="421"/>
							<String ID="string_251" HPOS="436" VPOS="1233" WIDTH="71" HEIGHT="15" WC="0.96" CONTENT="svara."/>
						</TextLine>
					</TextBlock>
					<TextBlock ID="block_3" HPOS="201" VPOS="1259" WIDTH="756" HEIGHT="131">
						<TextLine ID="line_33" HPOS="270" VPOS="1259" WIDTH="687" HEIGHT="27">
							<String ID="string_252" HPOS="270" VPOS="1260" WIDTH="27" HEIGHT="20" WC="0.95" CONTENT="52"/><SP WIDTH="16" VPOS="1260" HPOS="297"/>
							<String ID="string_253" HPOS="313" VPOS="1260" WIDTH="19" HEIGHT="26" WC="0.91" CONTENT="8."/><SP WIDTH="30" VPOS="1260" HPOS="332"/>
							<String ID="string_254" HPOS="362" VPOS="1259" WIDTH="35" HEIGHT="21" WC="0.96" CONTENT="Af"/><SP WIDTH="21" VPOS="1259" HPOS="397"/>
							<String ID="string_255" HPOS="418" VPOS="1266" WIDTH="86" HEIGHT="14" WC="0.96" CONTENT="samma"/><SP WIDTH="22" VPOS="1266" HPOS="504"/>
							<String ID="string_256" HPOS="526" VPOS="1259" WIDTH="51" HEIGHT="21" WC="0.96" CONTENT="skäl"/><SP WIDTH="23" VPOS="1259" HPOS="577"/>
							<String ID="string_257" HPOS="600" VPOS="1266" WIDTH="49" HEIGHT="14" WC="0.96" CONTENT="som"/><SP WIDTH="15" VPOS="1266" HPOS="649"/>
							<String ID="string_258" HPOS="664" VPOS="1259" WIDTH="9" HEIGHT="21" WC="0.96" CONTENT="i"/><SP WIDTH="15" VPOS="1259" HPOS="673"/>
							<String ID="string_259" HPOS="688" VPOS="1260" WIDTH="28" HEIGHT="21" WC="0.95" CONTENT="20"/><SP WIDTH="22" VPOS="1260" HPOS="716"/>
							<String ID="string_260" HPOS="738" VPOS="1259" WIDTH="43" HEIGHT="21" WC="0.96" CONTENT="och"/><SP WIDTH="20" VPOS="1259" HPOS="781"/>
							<String ID="string_261" HPOS="801" VPOS="1260" WIDTH="28" HEIGHT="21" WC="0.96" CONTENT="25"/><SP WIDTH="15" VPOS="1260" HPOS="829"/>
							<String ID="string_262" HPOS="844" VPOS="1260" WIDTH="28" HEIGHT="26" WC="0.92" CONTENT="$$"/><SP WIDTH="15" VPOS="1260" HPOS="872"/>
							<String ID="string_263" HPOS="887" VPOS="1259" WIDTH="70" HEIGHT="21" WC="0.96" CONTENT="hafva"/>
						</TextLine>
						<TextLine ID="line_34" HPOS="201" VPOS="1288" WIDTH="755" HEIGHT="33">
							<String ID="string_264" HPOS="201" VPOS="1292" WIDTH="35" HEIGHT="21" WC="0.96" CONTENT="uti"/><SP WIDTH="16" VPOS="1292" HPOS="236"/>
							<String ID="string_265" HPOS="252" VPOS="1294" WIDTH="27" HEIGHT="20" WC="0.92" CONTENT="52"/><SP WIDTH="16" VPOS="1294" HPOS="279"/>
							<String ID="string_266" HPOS="295" VPOS="1294" WIDTH="13" HEIGHT="26" WC="0.69" CONTENT="$"/><SP WIDTH="16" VPOS="1294" HPOS="308"/>
							<String ID="string_267" HPOS="324" VPOS="1292" WIDTH="78" HEIGHT="22" WC="0.90" CONTENT="orden:"/><SP WIDTH="17" VPOS="1292" HPOS="402"/>
							<String ID="string_268" HPOS="419" VPOS="1288" WIDTH="44" HEIGHT="33" WC="0.89" CONTENT=",Är"/><SP WIDTH="14" VPOS="1288" HPOS="463"/>
							<String ID="string_269" HPOS="477" VPOS="1292" WIDTH="123" HEIGHT="29" WC="0.92" CONTENT="omyndigs"/><SP WIDTH="16" VPOS="1292" HPOS="600"/>
							<String ID="string_270" HPOS="616" VPOS="1305" WIDTH="98" HEIGHT="3" WC="0.77" CONTENT="———"/><SP WIDTH="16" VPOS="1305" HPOS="714"/>
							<String ID="string_271" HPOS="730" VPOS="1293" WIDTH="83" HEIGHT="22" WC="0.96" CONTENT="hustru"/><SP WIDTH="19" VPOS="1293" HPOS="813"/>
							<String ID="string_272" HPOS="832" VPOS="1293" WIDTH="58" HEIGHT="22" WC="0.93" CONTENT="hans"/><SP WIDTH="20" VPOS="1293" HPOS="890"/>
							<String ID="string_273" HPOS="910" VPOS="1293" WIDTH="46" HEIGHT="22" WC="0.92" CONTENT="för-"/>
						</TextLine>
						<TextLine ID="line_35" HPOS="202" VPOS="1322" WIDTH="752" HEIGHT="34">
							<String ID="string_274" HPOS="202" VPOS="1327" WIDTH="122" HEIGHT="28" WC="0.90" CONTENT="myndare*"/><SP WIDTH="18" VPOS="1327" HPOS="324"/>
							<String ID="string_275" HPOS="342" VPOS="1327" WIDTH="92" HEIGHT="21" WC="0.96" CONTENT="ändrats"/><SP WIDTH="16" VPOS="1327" HPOS="434"/>
							<String ID="string_276" HPOS="450" VPOS="1327" WIDTH="37" HEIGHT="22" WC="0.92" CONTENT="till"/><SP WIDTH="21" VPOS="1327" HPOS="487"/>
							<String ID="string_277" HPOS="508" VPOS="1322" WIDTH="45" HEIGHT="33" WC="0.85" CONTENT=",Är"/><SP WIDTH="16" VPOS="1322" HPOS="553"/>
							<String ID="string_278" HPOS="569" VPOS="1327" WIDTH="121" HEIGHT="29" WC="0.92" CONTENT="omyndigs"/><SP WIDTH="18" VPOS="1327" HPOS="690"/>
							<String ID="string_279" HPOS="708" VPOS="1340" WIDTH="24" HEIGHT="3" WC="0.89" CONTENT="—"/><SP WIDTH="10" VPOS="1340" HPOS="732"/>
							<String ID="string_280" HPOS="742" VPOS="1340" WIDTH="63" HEIGHT="4" WC="0.52" CONTENT="—"/><SP WIDTH="-19" VPOS="1340" HPOS="805"/>
							<String ID="string_281" HPOS="786" VPOS="1318" WIDTH="14" HEIGHT="42" WC="0.52" CONTENT="—"/><SP WIDTH="20" VPOS="1318" HPOS="800"/>
							<String ID="string_282" HPOS="820" VPOS="1328" WIDTH="68" HEIGHT="21" WC="0.96" CONTENT="make"/><SP WIDTH="16" VPOS="1328" HPOS="888"/>
							<String ID="string_283" HPOS="904" VPOS="1328" WIDTH="50" HEIGHT="22" WC="0.96" CONTENT="dess"/>
						</TextLine>
						<TextLine ID="line_36" HPOS="204" VPOS="1361" WIDTH="168" HEIGHT="29">
							<String ID="string_284" HPOS="204" VPOS="1361" WIDTH="168" HEIGHT="29" WC="0.66" CONTENT="förmyndare&quot;."/>
						</TextLine>
					</TextBlock>
				</ComposedBlock>
			</PrintSpace>
		</Page>
	</Layout>
</alto>
