1039 1709
268 106 76 23 Ständ.
360 107 34 23 Sv.
410 120 28 3 —
454 108 63 28 Prop.
533 108 38 22 N:o
588 107 33 23 19.
793 108 27 21 39

417 174 27 21 S0
459 175 19 25 S.

136 224 82 21 Denna
233 224 39 28 lag
286 225 60 21 skall
361 225 65 20 träda
441 224 8 22 i
465 225 106 28 gällande
579 224 63 22 kraft
652 225 63 20 den
702 220 13 38 1
725 224 95 21 Januari

69 259 25 21 18
139 275 4 10 =,
160 258 60 21 dock
235 261 34 19 att
284 259 45 21 alla
344 258 112 29 åtgärder,
479 266 50 14 som
547 258 36 22 för
597 258 80 29 lagens
693 258 127 28 bringande

67 292 37 21 till
126 293 176 28 verkställighet
325 296 38 18 äro
386 293 85 28 nödiga
494 293 161 21 dessförinnan
673 292 55 22 böra
747 292 73 28 enligt

68 326 157 29 stadgandena
239 327 9 21 i
264 327 131 22 densamma
418 327 114 29 vidtagas;
556 327 43 22 och
616 327 130 28 upphäfvas
762 326 58 22 häri-

67 369 85 22 genom
169 363 32 26 19,
218 363 33 26 20,
267 363 34 26 21,
317 363 28 20 22
360 361 43 22 och
426 363 28 21 23
475 361 103 29 kapitlen
595 356 164 33 Ärfdabalken,
775 361 45 21 för-

67 397 129 28 ordningen
213 397 44 21 den
274 398 26 21 19
314 397 127 21 December
450 398 60 27 1864,
525 395 119 30 angäende
659 395 161 28 förändringar

67 431 43 22 och
125 431 83 29 tillägg
223 432 40 21 vid
278 431 116 22 allmänna
408 431 80 30 lagens
509 431 142 29 stadganden
667 438 37 15 om
719 430 101 28 förmyn-

67 466 116 28 darevärd,
200 468 10 20 1
228 468 12 25 8
254 466 9 21 i
278 465 168 30 förordningen
468 466 45 21 den
531 467 25 21 31
577 465 102 22 Oktober
695 472 86 14 samma
796 465 24 20 är

67 503 58 19 samt
149 501 11 21 8
184 501 104 28 punkten
303 501 9 20 i
326 501 167 28 förordningen
515 501 44 20 den
575 501 12 21 7
603 500 56 22 Juni
676 501 55 21 1749
748 499 72 29 jämte

68 535 75 28 öfriga
157 535 8 21 i
181 537 77 19 ämnet
280 535 108 29 gällande
410 535 149 28 stadganden,
583 535 25 20 sä
630 534 51 22 vidt
701 534 28 21 de
749 533 71 22 strida

67 571 48 20 mot
130 569 75 21 denna
220 570 44 27 lag.

135 603 69 22 Hvad
219 604 9 21 i
242 605 14 20 4
272 603 42 22 och
330 605 13 20 5
358 604 130 28 punkterna
501 604 9 21 i
525 603 143 22 sistnämnda
683 602 137 28 förordning

67 637 150 22 föreskrifves
240 645 38 14 om
300 637 152 30 ogiltigheten
475 637 25 22 af
519 638 62 21 vissa
599 637 163 28 afhandlingar
777 635 43 22 och

68 671 159 27 förbindelser,
242 672 122 22 utfärdade
379 673 26 21 af
418 673 110 28 myndige
543 679 114 22 personer,
667 671 80 22 hvilka
754 670 66 29 njuta

67 707 121 21 underhäll
204 706 25 21 af
242 706 111 22 föräldrar
368 707 56 21 eller
439 707 117 28 anhöriga,
572 707 59 21 skall
641 705 42 22 ock
691 705 51 22 frän
751 705 68 21 ofvan

66 742 73 21 utsatt
155 741 44 28 dag
213 741 104 28 upphöra
332 743 34 19 att
380 749 54 13 vara
449 741 114 28 gällande.

136 803 113 22 Finlands
265 803 99 23 Ständer
378 804 130 21 framhärda
523 806 42 19 etc.

135 866 155 29 Helsingfors,
306 867 45 22 den
368 869 24 20 19
408 867 44 28 maj
471 868 59 21 1897.

211 1433 97 17 Helsingfors,
317 1432 56 16 Finska
381 1433 171 17 Litteratursällskapets
562 1432 70 18 tryckeri,
643 1432 37 15 1897.
