1053 1706
317 102 28 23 U.
360 102 27 23 B.
405 116 23 2 —
445 103 73 28 Prop.
534 103 41 23 N:o
592 103 33 23 17.
813 106 27 19 15

503 172 26 20 12
545 171 20 29 8.

295 216 66 21 Straff
380 216 33 20 för
435 216 146 22 öfverträdelse
597 216 22 21 af
633 216 68 21 denna
715 216 125 28 förordning

226 249 85 22 ådömes
325 250 23 20 af
360 250 48 27 laga
422 250 100 22 domstol.

294 278 72 33 Öfriga
386 284 126 21 hithörande
533 284 98 26 ärenden,
654 291 36 14 om
708 285 70 20 hvilka
792 284 46 22 icke

226 317 61 21 ofvan
310 318 23 20 är
355 318 128 21 annorlunda
505 318 103 28 stadgadt,
632 318 82 28 afgöras
731 318 23 21 af
767 318 70 21 veder-

225 352 92 21 börande
339 351 112 29 Guvernör,
474 352 61 22 hvars
556 352 69 28 utslag
641 352 72 22 länder
727 353 32 21 till
775 352 62 21 efter-

225 386 84 21 rättelse
331 386 54 20 intill
408 386 46 22 dess
476 386 88 28 ändring
587 386 43 21 deri
651 387 84 21 vunnits
757 394 79 20 genom

225 420 78 27 besvär,
327 427 46 14 som
394 420 72 21 kunna
480 420 8 21 i
502 420 70 28 vanlig
594 420 90 28 ordning
699 420 82 21 anföras
796 421 40 20 hos

226 453 102 22 Senatens
342 453 272 29 Ekonomiedepartement.

500 513 26 20 13
541 511 20 29 8.

293 557 38 20 Ett
346 557 105 27 exemplar
465 557 22 21 af
501 557 69 21 denna
583 556 125 29 förordning
722 557 52 20 skall
782 558 56 19 stän-

225 590 45 29 digt
287 590 75 27 finnas,
378 592 27 26 på
419 591 67 21 finska
501 591 40 21 och
557 591 88 21 svenska
660 591 94 28 språken,
771 591 66 21 ansla-

225 627 36 26 get
275 627 28 26 på
317 625 98 28 lämpliga
429 625 74 22 ställen
518 625 59 22 inom
592 625 70 28 hvarje
677 625 103 28 bryggeri.

502 685 26 20 14
543 683 20 28 &.

292 721 18 28 Ä
326 728 102 22 Senatens
437 728 266 29 Ekonomiedepartement
714 729 124 20 ankommer

225 763 31 20 att
271 763 96 21 meddela
381 763 25 21 de
420 765 96 19 närmare
524 763 136 27 föreskrifter,
670 770 45 14 som
723 763 7 20 i
739 762 97 21 afseende

225 798 12 19 ä
251 797 152 28 bevillningens
418 797 118 29 debitering
550 797 41 22 och
606 797 100 28 uppbörd,
715 797 121 21 kontrollen

225 831 58 22 öfver
304 831 161 28 tillverkningen
488 831 22 22 af
523 832 140 27 maltdrycker
678 833 55 20 samt
747 831 34 22 för
794 831 43 21 till-

223 866 138 28 lämpningen
383 865 22 22 af
419 866 68 21 denna
501 865 124 28 förordning
639 866 7 21 i
662 865 63 28 öfrigt
740 865 97 22 befinnas

225 899 139 29 erforderliga.

501 953 26 20 15
543 951 20 29 8.

292 996 77 22 Denna
382 996 124 28 förordning
521 996 51 22 skall
587 996 105 27 tillämpas
705 996 47 21 frän
767 996 41 20 den
824 997 11 19 1

225 1031 85 22 Januari
329 1034 54 18 1898
399 1031 40 21 och
454 1031 64 28 gäller
531 1031 33 21 till
578 1032 108 26 utgången
700 1030 23 21 af
735 1032 24 19 är
774 1031 64 20 1900.

155 1093 76 22 Derest
257 1093 118 21 Ständerna
399 1094 112 26 godkänna
535 1092 149 22 ofvanstäende
706 1092 78 28 förslag
803 1092 32 20 till

87 1128 129 28 förordning,
231 1128 77 21 tilläter
323 1127 33 28 sig
370 1128 105 21 utskottet
484 1127 120 28 ytterligare
619 1126 82 28 föreslä,

292 1186 32 20 att
346 1184 123 22 Ständerna
491 1185 49 21 ville
561 1191 44 14 som
628 1184 90 22 inkomst
736 1183 27 27 af
777 1184 60 20 malt-

223 1218 143 27 bevillningen
387 1218 35 28 för
441 1218 176 28 finansperioden
638 1217 147 23 1898—1900
805 1218 32 20 be-

223 1252 71 22 räkna
316 1254 28 20 ett
366 1253 71 27 belopp
459 1253 27 27 af
505 1252 99 28 680,000
621 1252 61 22 mark
696 1252 35 26 för
747 1252 25 21 är
787 1251 50 22 eller

223 1287 34 27 för
271 1287 48 22 hela
331 1288 102 26 perioden
448 1287 123 28 2,040,000
586 1287 67 22 mark.

154 1343 132 27 Helsingfors
301 1343 42 21 den
359 1346 26 18 13
400 1343 41 27 Maj
459 1344 62 20 1897.
