1048 1711
321 122 30 23 U.
365 123 29 22 B.
409 135 29 3 —
452 122 74 29 Prop.
543 122 42 23 N:o
601 122 38 23 22.
663 122 4 3 '
833 126 23 22 55

174 185 62 21 Enär
252 185 64 27 elgen
331 185 131 22 förorsakar
478 185 72 22 skada
565 185 50 21 icke
631 184 81 22 endast
727 185 13 20 ä
755 183 104 22 växande

105 219 71 26 gröda
198 219 54 21 eller
274 219 94 22 stackad
390 220 41 21 säd
451 220 53 21 eller
519 219 70 27 foder,
605 222 55 18 utan
673 219 86 27 jemväl
775 219 13 20 å
803 218 57 26 skog

105 258 83 21 genom
203 255 32 18 att
249 253 77 21 afbeta
341 253 27 21 de
384 259 61 21 unga
461 254 90 21 skotten
567 253 30 27 pä
611 252 62 22 vissa
682 252 107 27 trädslag,
801 254 59 19 samt

106 286 114 21 Utskottet
234 286 50 22 icke
300 287 76 20 funnit
392 287 50 20 skäl
457 286 144 22 förekomma
613 288 32 19 att
656 287 69 26 vägra
735 285 126 26 ersättning

105 319 35 22 för
162 320 25 21 af
208 320 34 27 elg
264 320 176 22 ästadkommen
461 320 73 22 skada
553 320 86 28 jemväl
658 320 13 20 å
686 320 63 26 skog,
764 320 43 20 har
822 320 37 20 Ut-

106 355 83 21 skottet
211 357 74 19 ansett
307 355 70 27 sagda
395 357 103 19 moment
512 355 57 21 böra
584 355 8 20 i
607 354 82 22 sädant
704 354 57 27 syfte
777 354 82 21 omfor-

106 389 106 21 muleras.

175 423 53 21 Med
243 423 124 28 anledning
381 424 69 21 häraf
462 424 35 20 fär
513 418 113 38 Utskottet
642 418 109 38 vördsamt
768 422 91 22 föreslä:

380 489 33 19 att
435 488 134 27 beträffande
591 487 169 28 ofvannämnda
779 487 82 27 förslag

313 522 32 21 till
369 522 127 27 kungörelse
521 522 25 20 de
571 522 28 27 af
620 522 101 21 Utskottet
742 522 119 21 anmärkta

313 556 182 27 omständigheter
517 557 66 20 måtte
605 556 8 21 i
633 556 135 21 Ständernas
783 556 78 21 under-

312 589 83 28 däniga
408 590 172 27 svarsskrifvelse
594 589 138 28 framhällas.

177 755 81 22 Såsom
274 755 68 22 ofvan
365 755 7 21 i
396 756 100 21 motiven
513 756 32 21 till
561 757 27 20 29
603 757 13 26 &
631 756 8 21 i
655 755 206 28 ständerlagförsla-

108 792 36 24 get
163 789 144 28 framhällits,
327 790 43 21 har
391 790 113 22 Utskottet
518 793 75 19 ansett
608 793 32 18 att
655 790 44 21 den
715 791 90 20 kronan
819 790 43 21 till-

108 824 100 21 fallande
228 824 137 27 jagtskatten
387 825 72 21 borde
482 825 119 21 användas
619 825 34 21 till
668 824 156 28 befrämjande
840 823 25 22 af

104 858 106 27 jagtvärd
233 859 44 21 och
299 859 168 21 öfvervakande
489 859 25 21 af
533 858 163 22 ofvanstäende
717 858 145 27 förordnings

107 892 139 22 efterlefnad.
277 893 36 21 Dä
334 893 124 21 emellertid
479 900 28 14 en
523 894 46 20 viss
585 893 62 21 skatt
661 893 7 21 i
684 893 125 21 allmänhet
824 900 39 13 an-

109 929 53 19 setts
183 927 50 21 icke
248 927 57 21 böra
320 927 92 21 anvisas
428 928 34 20 för
476 928 63 21 vissa
554 928 48 26 slag
617 928 25 20 af
655 927 97 27 utgifter,
768 928 43 20 har
825 927 38 21 Ut-

110 962 82 20 skottet
214 961 18 27 ej
256 961 72 21 heller
349 962 7 20 i
378 962 112 26 lagtexten
511 962 70 21 infört
602 962 145 26 bestämning
768 968 39 14 om
822 968 41 14 an-

109 995 147 27 vändningen
276 996 25 21 af
313 996 181 27 nyssomordade
507 996 116 28 jagtskatt,
639 998 55 18 utan
709 998 54 18 trott
778 995 33 28 sig
826 1002 37 14 en-

108 1030 52 21 dast
175 1030 56 21 böra
246 1030 118 21 vördsamt
379 1030 129 22 hemställa:

384 1095 32 19 att
437 1093 123 22 Ständerna
583 1093 48 21 ville
650 1093 39 21 hos
704 1093 64 21 Hans
782 1093 81 27 Kejser-

316 1127 44 28 liga
382 1128 100 26 Majestät
500 1128 8 21 i
527 1127 174 27 underdänighet
719 1127 93 21 anhälla
827 1129 36 23 att,

314 1163 55 20 enär
390 1169 26 14 en
440 1162 34 21 del
493 1162 27 28 af
527 1162 132 28 jagtskatten
676 1162 87 20 komme
777 1163 32 19 att
823 1161 40 21 till-

315 1196 55 27 falla
390 1196 93 25 kronan,
501 1196 100 27 lämpligt
616 1196 75 27 belopp
707 1202 26 14 ur
747 1196 117 20 allmänna

316 1230 70 21 medel
403 1231 65 20 måtte
488 1230 83 28 årligen
588 1230 116 21 användas
724 1230 31 20 till
770 1230 94 28 befräm-

311 1265 70 27 jande
402 1264 27 28 af
439 1264 106 28 jagtvärd
561 1264 41 21 och
618 1264 161 28 öfvervakande
793 1264 28 27 af
832 1264 32 27 of-

317 1299 131 21 vanstäende
462 1299 141 28 förordnings
618 1298 131 28 efterlefnad.

178 1465 44 22 Lag-
234 1465 28 16 och
275 1465 167 16 Ekonomiutskottets
450 1465 103 16 betänkande
565 1465 35 16 N:o
611 1469 18 15 4.
