1050 1709
360 124 28 23 U.
404 124 27 23 B.
448 137 28 4 —
490 125 76 29 Prop.
582 125 43 23 N:o
642 125 39 23 22.
863 126 25 20 81

496 468 26 22 V.

206 544 195 21 Reservationsvis
424 544 34 21 fär
470 544 39 27 jag
524 544 95 21 härmed
634 544 118 21 vördsamt
767 544 127 26 framlägga

136 578 49 22 min
211 578 50 21 frän
283 578 125 22 Utskottets
431 578 115 28 pluralitet
569 578 5 21 i
590 578 180 21 nedannämnda
786 578 108 22 afseende

140 612 131 28 skiljaktiga
287 612 101 27 mening:

205 646 168 22 Användandet
395 647 26 21 af
436 653 68 15 snara
522 647 77 21 såsom
617 646 150 27 fängstmedel
787 646 38 21 vid
844 646 50 28 jagt

137 688 67 14 anses
228 688 96 14 numera
344 681 96 21 allmänt
456 682 77 20 såsom
548 684 31 18 ett
594 681 7 20 i
618 680 52 22 flere
686 680 124 22 afseenden
826 681 67 26 högst

137 716 119 27 olämpligt
278 716 126 26 fängstsätt.
435 716 43 20 Det
500 717 26 19 är
551 717 30 19 ett
603 715 25 21 af
641 715 27 21 de
684 718 58 18 mest
759 715 133 25 förödande,

137 750 38 20 det
196 750 125 26 medgifver
343 749 50 21 icke
414 750 69 26 nägot
502 750 65 20 urval
586 749 25 21 af
622 749 64 27 bytet
701 750 44 20 och
761 756 84 14 snaran
868 750 25 20 är

136 783 108 28 derjemte
268 786 30 19 ett
321 784 100 26 formligt
440 784 176 27 tortyrredskap.
648 783 151 27 Upprörande
815 784 40 20 fall
871 784 26 20 af

137 817 137 28 djurplägeri
291 818 97 21 omtalas
403 817 43 21 tidt
461 818 44 21 och
521 818 47 20 ofta
583 817 77 21 säsom
675 817 67 21 deraf
752 817 141 21 föranledda.

138 851 201 28 Lagstiftningen
327 847 17 36 i
354 851 27 21 de
393 851 65 21 flesta
468 851 80 21 länder
558 851 42 21 har
616 851 76 21 derför
702 851 67 21 äfven
785 851 109 27 antingen

136 886 48 20 helt
199 886 44 20 och
259 886 70 21 hället
344 885 111 28 förbjudit
470 885 152 21 användande
638 885 24 21 af
672 892 69 14 snara
751 886 55 20 eller
816 885 78 21 säsom

137 926 29 15 en
181 920 122 27 öfvergäng
318 920 34 20 till
367 920 66 21 totalt
447 919 83 22 förbud
546 919 122 21 inskränkt
680 919 52 22 dess
744 919 151 27 begagnande

136 954 34 21 till
193 954 82 21 endast
289 954 177 26 undantagsfall.
497 954 30 21 Sä
542 954 66 21 äfven
624 953 149 22 förevarande
792 954 105 27 proposi-

136 988 56 27 tion,
214 988 69 28 enligt
305 988 94 21 hvilken
420 995 68 14 snara
503 988 60 27 finge
578 988 119 21 användas
713 988 82 21 endast
810 988 38 21 vid
864 988 33 21 fä-

138 1023 112 27 gelfängst
264 1023 8 21 i
287 1023 62 21 vissa
365 1023 126 27 aflägsnare
507 1024 63 20 delar
584 1023 26 21 af
622 1022 83 22 landet.

206 1058 10 20 I
240 1058 55 20 strid
318 1058 52 21 med
392 1058 67 21 dessa
478 1058 114 27 principer
607 1058 42 20 har
665 1057 114 21 Utskottet
794 1057 8 21 i
817 1057 80 21 betän-

138 1092 96 20 kandets
257 1093 28 20 23
307 1092 13 26 &
342 1092 70 21 infört
434 1094 31 19 ett
487 1092 131 27 stadgande,
641 1091 70 27 enligt
737 1091 88 21 hvilket
840 1091 57 21 hare

139 1126 60 27 finge
214 1126 81 27 fängas
310 1126 54 22 med
379 1133 68 14 snara
462 1126 104 22 öfverallt
580 1126 8 21 i
602 1126 78 21 landet
695 1126 45 21 och
755 1125 75 21 under
842 1126 53 20 flere

138 1160 112 21 månader
264 1160 25 21 af
303 1160 53 22 året.
386 1160 82 22 Såsom
484 1161 50 20 skäl
549 1160 79 21 härför
643 1160 133 21 framhälles
792 1159 44 21 den
859 1160 39 20 be-

139 1195 93 27 tydelse,
248 1195 148 27 harfångsten
412 1195 73 21 skulle
501 1195 63 27 spela
579 1195 7 20 i
594 1194 176 26 befolkningens
779 1193 116 22 ekonomi.

130 1228 51 22 -Väl
197 1228 46 22 kan
259 1228 61 22 detta
335 1229 51 21 skäl
401 1229 50 21 icke
467 1228 141 22 frånkännas
619 1228 30 21 all
660 1228 109 27 giltighet,
780 1234 53 15 men
846 1234 51 14 sna-

138 1270 42 14 ran
203 1263 43 21 har
268 1263 77 22 såsom
367 1263 149 27 fångstmedel
540 1262 126 27 säkerligen
689 1262 19 28 ej
731 1269 70 20 mera,
825 1262 72 22 sedan

143 1297 154 28 skjutvapnen
316 1298 98 21 kommit
430 1298 141 20 allmännare
586 1297 7 21 i
609 1297 66 27 bruk,
691 1303 41 15 ens
747 1296 151 22 närmelsevis

140 1339 90 13 samma
258 1332 116 26 betydelse
397 1339 51 13 som
470 1332 52 20 förr.
561 1332 77 19 Haren
662 1331 86 26 skjutes
772 1330 71 21 redan
868 1331 32 26 på

139 1365 85 26 många
236 1367 60 19 orter
307 1365 87 27 ganska
409 1365 96 21 allmänt
521 1365 13 20 å
550 1365 49 26 lega
614 1365 44 20 och
674 1364 13 20 å
703 1364 105 27 spårsnö.
840 1364 58 20 Gen-

140 1406 38 16 om
194 1402 33 19 att
247 1400 108 27 förbjuda
376 1399 76 27 fångst
474 1399 52 21 med
542 1405 68 15 snara
626 1398 74 21 skulle
715 1398 45 22 den
776 1398 61 21 förra
852 1398 47 20 för-

140 1434 142 22 värfskällan
304 1434 125 27 ingalunda
455 1434 83 26 utsina,
560 1435 56 19 utan
639 1435 31 19 ett
692 1433 53 21 med
761 1432 63 22 svårt
838 1432 63 27 djur-

209 1476 45 21 Lag-
269 1476 27 16 och
308 1475 168 17 Ekonomiutskottets
489 1475 103 15 betänkande
604 1474 34 16 N:o
650 1479 16 15 4.
