1045 1709
392 128 84 23 Ständ.
493 128 37 22 Sv.
550 142 19 2 —
589 128 73 28 Prop.
678 129 43 22 N:o
735 129 37 21 14.

406 196 58 21 hvad
485 196 9 20 i
512 196 65 21 målet
592 196 138 28 förekommit
744 196 69 27 enligt
827 196 37 20 sin
879 195 71 27 öfver-

408 230 78 27 tygelse
507 230 77 28 afgöra
607 237 35 14 om
664 230 38 21 och
725 230 35 21 till
782 229 80 21 hvilket
878 229 74 27 belopp

406 264 130 22 skadestånd
550 264 55 21 skall
620 264 103 28 utgifvas.

644 327 29 20 13
691 328 20 25 $.

476 372 64 21 Hvad
562 373 108 27 järnvägs
693 379 61 21 egare
780 373 51 20 eller
845 372 105 27 innehaf-

406 413 51 14 vare
471 407 72 27 guldit
556 407 11 20 i
580 406 135 27 skadestånd,
731 413 34 21 ege
780 407 46 20 han
841 407 51 20 söka
906 405 48 22 åter

407 441 29 27 af
452 441 48 26 den,
521 448 46 14 som
582 441 84 21 skadan
681 441 73 27 vällat,
769 441 42 21 där
824 441 46 21 icke
883 441 71 20 denne

406 475 58 28 själf
485 475 51 21 lidit
560 475 83 21 skadan
667 475 38 21 och
729 477 26 19 är
778 475 122 27 berättigad
921 476 33 19 att

407 509 76 28 därför
497 509 64 28 njuta
576 509 128 28 ersättning.

476 543 16 21 I
514 543 65 28 fråga
601 550 35 15 om
658 543 135 26 skadestånd,
816 550 46 15 som
883 543 68 27 järn-

407 580 52 25 vägs
479 585 61 20 egare
555 579 52 20 eller
621 578 144 27 innehafvare
780 577 92 28 utgifvit
886 577 68 28 enligt

412 613 11 20 7
438 613 20 26 $,
476 612 118 21 tillkomme
609 612 79 21 honom
703 612 180 27 återgångstalan
898 613 57 20 emot

406 646 162 27 innehafvaren
590 646 28 27 af
635 647 42 20 den
694 646 104 27 järnväg,
819 647 66 20 hvars
904 646 47 27 för-

407 681 101 26 valtning
524 681 50 20 eller
590 680 111 27 betjäning
716 680 70 21 vållat
800 680 89 21 skadan.

646 744 26 19 H
693 743 20 26 $.

480 788 79 22 Varder
574 788 69 22 under
656 788 111 28 pågående
780 789 136 27 anläggning
928 788 29 27 af

401 824 99 27 järnväg
521 822 128 22 densamma
671 822 52 21 eller
744 822 73 27 någon
839 822 34 21 del
888 822 69 27 däraf

407 858 89 27 befaren
517 858 49 21 med
586 857 145 21 användande
743 857 29 28 af
783 857 105 28 ångkraft
902 857 52 21 eller

406 899 79 14 annan
509 891 112 22 mekanisk
643 891 113 28 drifkraft,
778 892 57 21 skall
856 892 66 27 äfven
944 891 10 20 i

406 927 100 26 afseende
528 927 14 20 å
556 926 70 21 sådan
642 925 138 28 ofullbordad
789 926 98 27 järnväg
902 926 52 21 eller

406 961 34 21 del
454 961 70 26 däraf
535 961 72 20 denna
623 961 34 26 lag
674 959 119 28 tillämpas.

645 1023 28 21 15
689 1023 22 27 $.

475 1069 118 28 Angående
619 1069 141 28 ansvarighet
786 1069 35 27 för
845 1069 68 21 skada
939 1070 14 20 å

405 1104 58 26 gods,
479 1110 47 13 som
542 1103 34 20 till
592 1103 116 27 befordran
723 1103 15 20 å
747 1104 126 27 järnvägen
884 1105 67 19 emot-

407 1138 71 27 tagits,
499 1139 56 27 gälle
570 1138 58 21 hvad
643 1138 74 21 därom
733 1139 25 20 är
773 1138 104 21 särskildt
891 1139 59 20 stad-

404 1173 58 26 gadt.

267 1237 122 22 Finlands
410 1237 109 22 Ständer
538 1237 145 22 framhärda
702 1239 44 20 etc.

269 1304 167 30 Helsingfors,
456 1304 49 23 den
525 1304 33 22 30
577 1306 66 21 Mars
664 1305 75 22 1897.

518 1366 51 28 PS
574 1366 56 28 NEE

258 1440 108 22 Helsingfors
380 1440 48 18 1897.
453 1440 109 23 Helsingfors
574 1442 151 22 Centraltryckeri,
739 1442 20 18 V.
773 1442 92 23 Henriksg.
879 1443 15 18 4.
