1061 1723
194 137 14 20 2
379 135 84 22 Ständ.
481 135 38 22 Sv.
537 148 24 2 —
577 135 74 28 Prop.
667 134 45 23 N:o
727 134 38 23 12.

196 206 23 22 af
245 206 46 21 den
314 206 15 20 8
351 205 127 22 December
498 206 63 20 1873
582 205 120 29 angående
719 204 231 22 kommunalförvalt-

195 240 58 29 ning
271 240 8 22 i
298 240 58 22 stad.

264 275 35 21 De
312 274 133 29 ändringar,
457 273 81 23 hvilka
550 274 46 22 den
607 274 87 29 nädiga
705 274 176 30 propositionen
892 274 59 22 före-

199 310 48 22 slår
263 310 10 22 i
290 309 102 23 nämnda
403 310 141 28 paragrafer,
555 309 70 22 hafva
637 312 66 26 synts
716 308 132 23 Ständerna
859 316 56 15 vara
928 308 23 22 af

198 344 176 23 förhällandena
392 344 131 28 päkallade,
541 344 95 22 hvarför
654 344 134 22 Ständerna
806 346 76 20 ansett
900 350 52 22 pro-

198 380 133 28 positionen
354 379 57 21 böra
434 378 9 22 i
461 378 132 23 hufvudsak
610 378 145 29 godkännas.
791 378 47 22 Vid
856 378 96 29 gransk-

198 414 88 28 ningen
305 414 23 21 af
346 413 151 22 omförmälda
514 414 87 28 förslag
619 413 70 22 hafva
706 413 132 22 Ständerna
850 413 103 21 emeller-

198 448 36 22 tid
254 448 86 28 funnit,
359 450 34 19 att
411 447 29 22 de
459 447 50 22 däri
526 447 136 30 begagnade
680 448 126 29 uttrycken
824 448 65 28 ,icke
907 447 46 22 för-

198 479 89 26 klarats
310 482 182 29 medborgerligt
518 482 132 23 förtroende
677 483 123 28 förlustig'*
823 482 44 23 och
891 490 63 20 ,som

199 517 126 22 förklarats
352 517 99 28 ovärdig
473 519 35 20 att
526 518 88 28 nyttjas
632 517 8 22 i
658 517 91 22 landets
767 517 93 30 tjenst',
879 517 75 29 möjli-

200 560 44 21 gen
272 552 79 22 kunde
377 552 84 21 förstäs
479 552 103 28 sälunda,
602 554 35 20 att
655 560 29 14 en
702 559 90 22 person,
810 552 96 22 hvilken
925 559 29 14 en

200 588 64 29 gäng
281 586 164 23 underkastats
464 587 155 29 straffpäföljd
638 587 23 22 af
676 587 84 28 antydt
772 587 57 29 slag,
842 594 55 14 vore
909 586 46 23 för-

200 622 74 29 lustig
286 623 104 26 rösträtt,
401 621 131 29 respektive
545 621 128 29 valbarhet,
686 623 69 21 äfven
765 622 58 22 efter
833 622 39 21 det
879 621 76 22 denna

201 657 90 30 påföljd
308 656 112 30 upphört;
439 656 160 23 hvarförutom
617 657 126 29 ordalagen
762 657 88 28 ,enligt
867 656 88 23 härför-

201 693 73 21 innan
289 691 109 30 gällande
417 691 145 29 stadganden
581 699 67 14 anses
666 692 158 29 vanfrejdad',
843 691 112 22 likaledes

201 727 79 22 kunde
298 725 120 24 föranleda
436 726 167 22 missförständ.
634 726 31 22 Af
683 727 77 22 denna
772 727 127 28 anledning
913 726 43 22 och

201 762 37 22 för
256 760 115 23 ernäende
389 760 23 21 af
430 761 151 22 konformitet
598 761 52 22 med
669 761 45 22 den
733 762 23 21 af
773 761 131 22 Ständerna
915 761 42 22 vid

202 795 159 23 innevarande
379 795 115 29 landtdag
512 802 102 22 antagna
632 804 47 21 nya
687 796 270 22 kommunalförfattnin-

202 839 47 21 gen
266 831 37 21 för
320 829 80 22 landet
418 829 43 22 har
478 830 104 29 lydelsen
599 831 9 21 i
625 831 152 22 förevarande
795 831 162 28 författnings-

202 866 88 28 förslag
316 864 164 22 underkastats
507 866 72 28 nödig
606 866 195 29 omformulering,
827 866 130 28 hvarjämte

202 900 72 22 slutet
300 899 23 22 af
350 900 12 26 $
390 899 32 21 28
446 907 84 21 genom
548 900 150 29 inskjutande
717 901 23 21 af
758 900 66 22 ordet
843 900 113 28 ,allmän'

204 934 96 22 framför
327 951 4 10 ,
334 933 157 29 myndighet"
515 935 80 28 bragts
618 935 8 20 i
650 935 237 22 öfverensstämmelse
905 934 53 22 med

205 967 162 24 motsvarande
385 969 154 28 uttryckssätt
557 969 8 22 i
584 969 148 29 Strafflagen.

273 1002 35 23 På
333 1002 76 30 grund
437 1003 22 22 af
486 1003 39 22 det
543 1003 97 22 anförda
657 1004 23 22 få
700 1003 131 22 Ständerna
848 1004 9 21 i
875 1003 84 22 under-

205 1038 114 28 dånighet
337 1037 96 28 anmäla,

480 1079 32 18 att
535 1077 123 20 Ständerna
678 1077 96 28 godkänt
790 1076 34 21 det
840 1077 8 20 i
864 1075 40 21 den
920 1076 40 21 nå-

412 1111 52 26 diga
472 1112 163 25 propositionen
646 1112 106 26 ingående
761 1111 199 26 författningsför-

411 1145 69 27 slaget
495 1145 47 20 med
556 1145 71 27 några
642 1145 84 20 mindre
742 1145 128 27 ändringar,
883 1145 8 19 i
901 1143 60 28 följd

412 1179 86 28 hvaraf
512 1179 162 27 förordningen
698 1179 81 20 komme
802 1181 31 18 att
849 1179 50 27 lyda
915 1185 45 14 som

409 1213 84 28 följer
486 1209 12 36 :

482 1271 155 26 Förordning
658 1276 39 16 om
718 1269 94 22 ändrad
827 1269 94 27 lydelse
937 1269 28 21 af

414 1307 28 23 88
463 1305 29 22 10
508 1305 45 22 och
569 1304 29 22 28
614 1304 9 21 i
638 1303 88 28 nådiga
741 1303 179 27 förordningen
938 1302 27 21 af

415 1339 48 22 den
478 1339 14 22 8
507 1338 133 23 December
652 1337 57 23 1873
719 1337 124 28 angående
854 1337 108 22 kommu-

415 1373 193 28 nalförvaltning
623 1373 9 22 i
647 1372 62 23 stad.

485 1426 133 28 Härigenom
640 1425 88 28 stadgas
744 1427 32 18 att
790 1425 30 27 $$
835 1426 28 19 10
879 1423 38 22 och
933 1425 30 20 28

416 1462 8 20 i
442 1461 157 27 förordningen
614 1461 31 27 af
652 1461 41 20 den
710 1461 7 19 8
729 1459 115 21 December
856 1460 57 20 1873
925 1465 38 14 an-
