1039 1709
220 144 14 20 2
420 143 76 22 Ständ.
512 144 35 21 Sv.
563 156 28 3 —
605 144 65 28 Prop.
685 144 38 22 N:o
741 143 34 22 19.

221 208 28 21 de
272 208 126 28 omyndige
420 211 48 19 mot
490 208 162 28 förskingring
667 208 26 21 af
706 208 66 22 deras
792 208 127 28 tillgångar
934 208 43 22 och

220 241 283 29 förmynderskapsrätten
523 242 69 22 äfven
607 243 9 21 i
631 242 73 28 öfrigt
719 244 89 20 ansetts
824 242 104 22 erfordra
942 250 34 14 re-

221 277 82 28 vision,
326 276 42 23 har
389 276 73 23 Eders
485 277 133 29 Kejserliga
639 276 109 30 Majestät
763 277 40 22 vid
819 277 158 22 innevarande

220 312 113 28 landtdag
348 311 37 22 till
400 312 142 22 Ständernas
565 312 130 28 antagande
718 311 156 23 öfverlemnat
888 312 89 29 förslag

221 347 38 21 till
273 354 33 20 ny
321 347 39 28 lag
376 346 120 29 angående
510 347 201 28 förmynderskap.

289 380 47 22 Vid
351 381 176 28 granskningen
543 381 26 22 af
582 381 63 21 detta
667 381 127 28 lagförslag
817 381 71 22 hafva
910 381 68 21 Stän-

221 415 71 21 derna
306 415 8 21 i
329 415 133 21 hufvudsak
477 415 105 29 godkänt
599 415 50 21 däri
672 415 115 28 ingående
810 415 102 29 grunder
934 415 44 21 och

221 449 83 22 endast
318 449 144 22 beträffande
476 450 73 28 några
565 449 105 22 enskilda
686 449 175 29 bestämningar
874 450 8 21 i
893 449 84 22 nedan-

220 483 102 22 nämnda
337 483 133 29 paragrafer
488 484 101 29 vidtagit
605 483 131 29 ändringar,
754 483 37 22 för
806 483 82 22 hvilka
910 483 67 22 Stän-

222 518 71 21 derna
308 517 96 30 utbedja
419 518 37 29 sig
465 520 34 19 att
509 518 24 22 få
543 518 42 22 här
593 518 76 21 nedan
675 518 170 29 underdånigst
858 517 119 29 redogöra.

290 553 14 22 3
319 554 20 25 8.
369 552 63 21 Enär
447 552 130 22 Ständerna
591 555 78 19 ansett
682 553 169 21 kommunerna
868 553 56 21 böra
939 552 39 22 be-

221 587 65 21 redas
309 587 94 21 tillfälle
426 588 34 20 att
475 587 72 22 innan
563 587 138 22 ordförande
715 587 9 21 i
739 586 239 29 förmyndarenämnd

222 621 25 21 af
259 621 122 21 underrätt
395 623 71 26 utses,
481 629 84 20 genom
579 621 346 28 stadsfullmäktige
796 617 12 37 i
816 621 108 28 städerna
935 621 43 21 och

221 655 279 22 kommunalnämnderna
514 657 31 27 på
559 655 80 22 landet
653 655 89 29 afgifva
764 655 110 28 yttrande
890 655 9 21 i
914 659 65 18 ären-

222 689 44 28 det,
283 693 25 18 är
322 689 9 21 i
346 690 138 27 paragrafen
499 692 35 19 ett
549 689 127 29 stadgande
692 690 79 21 härom
787 689 101 29 tillagdt.

290 725 14 20 4
319 725 20 26 &.
368 723 83 29 Enligt
467 725 26 20 16
509 724 43 21 och
571 725 27 21 33
613 725 28 26 $$
656 724 9 21 i
679 724 170 28 förordningen
865 723 26 22 af
905 723 45 22 den
966 724 13 21 8

221 758 128 21 December
358 759 57 21 1873
430 765 37 14 om
482 758 281 29 kommunalförvaltning
777 759 9 20 i
801 758 53 21 stad
865 758 112 21 anställas

222 793 69 20 valen
305 792 37 21 för
357 792 148 22 kommunala
513 793 159 28 befattningar
688 793 9 20 i
712 793 108 21 städerna
835 793 4 21 i
849 792 131 22 December

222 826 89 22 mänad.
328 826 80 22 Säsom
420 826 50 22 skäl
485 827 37 21 för
537 829 35 19 att
586 827 39 21 val
640 826 26 22 af
677 827 102 21 ledamot
793 827 9 21 i
817 827 162 29 förmyndare-

222 861 87 22 nämnd
331 861 74 22 skulle
424 862 41 21 ske
480 862 99 29 tidigare
594 861 78 22 kunde
688 862 38 21 väl
745 861 99 28 anföras,
869 863 40 26 att,
928 861 52 22 ifall

223 896 76 29 dylikt
314 897 38 21 val
367 896 78 22 blefve
462 896 168 29 öfverklagadt,
645 898 78 20 rätten
733 897 76 21 skulle
818 897 74 21 hinna
900 896 80 29 afgöra

222 931 113 21 besvären
350 930 50 22 före
415 931 120 28 ingängen
545 931 26 22 af
579 931 103 28 följande
691 932 31 27 är,
731 931 29 22 dä
767 931 133 22 ledamoten
908 931 72 21 borde

222 965 104 22 tillträda
341 965 37 22 sin
393 965 140 29 befattning.
562 965 55 22 Men
639 966 96 21 emedan
754 965 8 22 i
778 967 13 20 8
807 967 13 25 &
836 965 94 28 stadgas
945 967 35 19 att

224 999 50 28 den,
290 1007 50 14 som
354 1001 86 20 utsetts
462 1000 38 21 till
521 999 102 22 ledamot
638 1000 9 21 i
661 999 243 29 förmyndarenämnd,
920 999 61 22 skall

223 1034 103 21 tillträda
340 1033 164 30 befattningen
519 1034 59 22 ändå
593 1036 34 19 att
642 1035 63 21 valet
720 1034 166 29 öfverklagats,
910 1033 69 22 hafva

224 1068 130 22 Ständerna
369 1070 77 19 ansett
460 1069 128 28 tillräcklig
603 1069 127 28 anledning
745 1069 52 20 icke
807 1068 127 21 förefinnas
946 1069 35 20 att

223 1102 143 22 beträffande
381 1103 39 20 val
435 1103 25 20 af
473 1103 101 21 ledamot
589 1103 8 21 i
607 1103 236 28 förmyndarenämnd
854 1103 9 20 i
873 1102 108 21 städerna

224 1137 127 22 bestämma
366 1144 75 15 annan
457 1137 35 22 tid
507 1141 29 18 än
551 1137 36 22 för
603 1137 28 21 de
646 1137 149 22 kommunala
810 1137 76 21 valen.
909 1137 69 21 Mom.

226 1174 9 19 1
252 1172 26 21 af
290 1173 14 21 4
319 1173 13 26 &
348 1171 41 22 har
404 1171 77 22 därför
496 1171 93 22 ändrats
605 1171 103 27 sålunda,
724 1173 35 20 att
774 1171 77 29 dylikt
867 1171 39 21 val
920 1171 60 21 skall

224 1206 110 21 anställas
349 1206 30 28 på
392 1206 80 21 landet
487 1208 78 19 senast
580 1206 9 21 i
599 1206 136 28 September
751 1206 43 21 och
809 1206 8 21 i
833 1205 53 22 stad
902 1207 80 20 senast

224 1241 8 20 i
247 1240 127 21 December
389 1240 90 21 månad.

292 1274 14 21 5
321 1275 20 25 &.
370 1273 63 21 Från
448 1273 76 22 denna
539 1273 110 29 paragraf
661 1273 70 22 hafva
746 1273 132 21 Ständerna
893 1273 87 20 uteslu-

224 1307 30 22 tit
269 1307 139 28 stadgandet
431 1309 34 20 att
487 1307 37 22 till
539 1307 99 22 medlem
653 1307 8 22 i
676 1307 238 28 förmyndarenämnd
928 1307 52 21 icke

224 1342 36 21 får
275 1342 73 28 väljas
364 1341 51 29 den,
431 1342 98 21 hvilken
544 1346 25 18 är
579 1343 73 21 under
659 1341 126 22 framtiden
795 1342 60 22 stäld
863 1342 37 22 för
910 1342 69 28 brott,

225 1384 49 15 som
296 1377 46 21 kan
365 1377 103 21 medföra
489 1377 86 21 förlust
592 1377 26 21 af
633 1377 184 29 medborgerligt
839 1377 141 22 förtroende.

221 1411 181 23 Bibehällandet
414 1411 25 22 af
447 1411 148 29 ifrågarande
605 1411 127 29 stadgande
741 1411 8 22 i
757 1411 139 30 paragrafen
904 1411 77 23 skulle

225 1446 118 30 nämligen
358 1446 104 22 medföra
477 1446 45 22 den
537 1446 154 29 oformlighet,
701 1449 34 19 att
744 1454 29 14 en
780 1454 92 22 person,
883 1446 97 23 hvilken
