1042 1678
89 1105 12 30 8
118 1108 35 20 71.

188 110 28 20 28
409 107 26 23 U.
451 108 25 21 B.
494 121 25 3 —
535 108 74 28 Prop.
625 107 44 23 N:o
685 107 36 23 19.

186 181 64 25 tagas
274 182 101 19 närmare
398 179 164 27 bestämningar
585 185 33 16 om
639 179 27 22 de
686 179 167 28 förteckningar
873 179 63 22 öfver

188 214 190 28 förmynderskap,
399 221 45 15 som
463 214 250 27 förmyndarenämnden
731 215 40 21 bör
787 215 53 21 föra.
871 215 11 21 I
899 215 36 22 be-

187 250 117 22 traktande
325 250 68 28 deraf,
415 252 32 20 att
468 251 75 27 dylika
561 251 165 27 bestämningar
745 250 53 28 ingå
813 250 32 22 uti
861 252 13 19 8
895 251 41 22 och

188 287 12 20 9
228 285 26 29 88
280 286 25 21 af
328 286 198 27 lagberedningens
553 286 59 21 förut
632 286 142 22 omförmälda
796 286 83 27 förslag
899 287 38 21 till

188 321 162 22 administrativ
381 322 129 26 förordning
532 322 7 21 i
562 324 80 24 ämnet,
670 322 41 21 har
734 322 115 22 Utskottet
872 322 64 28 dock,

187 357 70 21 under
280 356 160 28 förutsättning
462 359 34 20 att
519 358 26 21 de
567 358 7 21 i
597 358 65 21 dessa
682 357 129 28 paragrafer
826 358 110 27 ingående

187 392 136 28 stadganden
347 393 86 21 komma
454 395 33 19 att
507 394 7 20 i
533 393 125 23 hufvudsak
673 393 70 22 blifva
758 394 109 26 gällande,
884 394 52 21 låtit

187 428 71 22 denna
274 428 64 28 fråga
353 428 94 22 förfalla.

255 464 12 21 I
289 464 229 22 öfverensstämmelse
538 465 49 21 med
603 465 42 21 den
663 466 30 20 uti
712 466 24 20 17
754 464 12 29 &
781 465 106 27 vidtagna
897 467 39 19 än-

187 500 93 26 dringen
303 500 41 21 har
366 500 116 22 Utskottet
502 500 64 23 äfven
583 500 7 21 i
607 502 26 20 61
651 500 12 28 &
676 500 93 28 framför
784 500 63 22 ordet
864 500 72 28 ,frän-

187 535 51 22 der"
256 536 70 21 insatt
340 536 63 22 ordet
420 553 10 10 ,
433 538 132 20 närmaste".

257 572 99 21 Emedan
367 572 143 27 domsagorna
520 572 169 28 mångenstädes
701 574 38 20 äro
749 572 138 22 vidsträckta
895 572 41 22 och

186 607 38 22 det
240 607 75 23 derför
331 607 45 22 ofta
391 608 74 22 kunde
480 608 70 22 blifva
565 608 35 22 för
616 608 27 22 de
659 608 101 22 enskilde
773 608 102 22 förenadt
886 608 50 22 med

186 644 114 27 betydliga
316 644 154 22 omkostnader
480 646 33 20 att
523 644 100 28 uppsöka
634 644 179 27 domhafvanden,
826 644 40 22 har
877 644 58 22 före-

186 679 78 26 slagits
286 681 32 19 att
340 679 78 22 sådant
437 679 153 28 förordnande,
611 680 90 21 hvarom
721 680 8 21 i
749 681 27 20 70
793 679 12 29 &
821 682 26 19 är
864 679 71 28 fråga,

186 715 73 21 skulle
283 715 111 22 meddelas
418 715 24 21 af
464 715 255 28 förmyndarenämnden.
756 715 115 22 Utskottet
894 716 41 21 har

186 750 56 21 dock
257 751 50 21 icke
323 750 59 23 velat
398 751 6 20 i
421 751 61 21 detta
497 751 39 22 fall
549 751 80 28 frångå
640 751 42 22 den
693 751 24 22 af
725 751 146 28 lagförslaget
881 752 55 21 kon-

186 788 94 24 seqvent
299 785 69 28 följda
382 786 126 28 grundsats,
525 789 33 19 att
573 787 44 21 alla
633 787 149 26 förmyndare-
799 787 54 22 eller
869 787 66 21 kura-

185 821 210 22 torsförordnanden
416 822 62 21 skola
504 823 111 22 meddelas
637 822 26 21 af
683 822 129 22 domstolen-
828 823 56 21 eller
907 823 29 21 ad

185 857 88 22 interim
290 857 24 22 af
328 857 108 28 domaren,
452 858 59 21 helst
525 864 77 21 genom
619 858 153 22 bibehållande
789 858 24 21 af
832 859 103 26 stadgan-

186 893 38 21 det
238 893 32 21 uti
288 895 27 19 70
332 893 12 28 &
361 893 42 21 den
412 893 100 22 enskilde
523 894 49 21 icke
582 894 134 27 tillskyndas
727 894 70 27 några
807 896 72 19 större
891 900 43 15 om-

186 929 120 22 kostnader
330 929 34 21 för
389 929 128 22 erhållande
534 929 25 22 af
573 929 47 22 deri
636 929 125 22 omnämndt
777 929 154 28 förordnande,

186 966 28 19 än
230 964 7 21 i
253 965 38 21 fall
316 965 61 20 detta
399 964 140 22 meddelades
560 964 25 22 af
598 965 255 26 förmyndarenämnden.
886 965 49 22 Den

186 1006 46 14 som
254 1000 41 21 vill
319 999 88 21 anhålla
430 1006 34 14 om
487 1000 106 22 utseende
613 1000 25 21 af
656 1001 91 21 kurator
763 1001 44 21 kan
822 1001 113 27 nemligen

185 1036 72 21 vända
278 1035 34 27 sig
333 1035 35 21 till
386 1035 256 28 förmyndarenämnden,
658 1042 46 15 som
719 1036 8 21 i
743 1036 134 27 tjenstebref
890 1036 45 21 kan

186 1071 35 21 till
238 1071 174 21 domhafvanden
428 1071 160 22 frambefordra
604 1071 71 22 denna
691 1072 108 21 anhållan.

256 1106 11 21 I
284 1108 27 19 71
328 1106 12 29 $
356 1106 91 27 ålägges
463 1107 129 21 kommunen
604 1107 128 27 skyldighet
747 1109 33 19 att
790 1107 94 22 förutom
896 1114 37 15 an-

186 1141 113 22 skaffande
314 1141 25 21 af
352 1141 79 28 tjenlig
442 1142 59 21 lokal
511 1141 34 22 för
556 1141 262 28 förmyndarenämndens
829 1149 106 15 samman-

186 1177 79 22 träden
288 1177 40 22 och
352 1177 114 27 förvaring
488 1177 24 22 af
533 1178 50 21 dess
599 1177 138 28 handlingar,
754 1177 66 23 äfven
840 1179 94 21 bekosta

188 1213 93 26 »nödiga
304 1212 162 22 skriftillbehör
482 1214 39 20 och
537 1213 172 26 renskrifning.*
741 1213 62 21 Enär
819 1214 55 20 dock
890 1213 45 22 för-

186 1247 214 27 myndarenämnden
423 1248 45 21 kan
484 1248 66 21 hafva
565 1248 66 21 äfven
647 1248 68 21 andra
731 1249 85 21 direkta
833 1248 101 28 utgifter,

186 1285 14 20 t.
218 1289 32 16 ex.
266 1283 7 21 i
290 1285 72 20 större
378 1283 75 22 städer
469 1283 34 22 för
519 1283 139 22 sekreterare
674 1283 40 22 och
725 1283 158 28 vaktmästare,
894 1284 41 21 har

186 1319 116 22 Utskottet
322 1319 79 21 ändrat
421 1319 132 27 paragrafen
574 1319 98 27 sälunda,
693 1322 33 19 att
747 1319 54 22 sista
817 1320 118 27 meningen

186 1355 86 21 komme
290 1356 33 20 att
342 1354 50 28 lyda
413 1354 104 27 ,bekoste
533 1355 40 21 ock
588 1355 121 22 nämndens
724 1355 80 28 nödiga
819 1355 116 28 utgifter".

258 1439 138 23 Lagutskottets
409 1439 116 18 betänkande
537 1439 37 18 N:o
586 1440 17 17 4.
