1067 1709
200 128 28 20 26
385 126 85 23 Ständ.
487 126 39 23 Sv.
541 139 28 3 —
584 127 75 27 Prop.
675 126 45 22 N:o
736 126 38 22 22.

549 196 27 20 38
592 195 16 27 &.

268 234 44 20 För
334 234 72 28 skogs-
428 233 52 21 eller
500 234 125 28 jagtvården
647 233 13 21 å
680 233 90 21 kronans
790 234 60 20 mark
872 233 83 21 anstäld

200 268 132 28 tjensteman,
351 268 81 28 betjent
451 267 40 22 och
510 268 104 21 edsvuren
634 267 120 28 skogsvakt,
775 267 23 22 så
817 268 41 21 ock
873 266 83 23 enskild

200 301 139 29 jagtvårdare,
354 309 44 14 som
414 302 66 27 aflagt
496 302 32 26 ed,
543 309 37 21 ege
595 303 9 19 i
618 301 48 27 mål,
680 309 45 13 som
748 301 65 28 angår
829 301 126 29 förbrytelse

199 339 45 18 mot
258 335 69 22 denna
341 335 123 29 förordning
478 335 40 22 och
534 335 22 21 af
570 335 76 22 honom
662 335 102 28 angifves,
782 335 48 28 själf
845 336 69 21 vittna
928 335 28 28 på

200 372 42 19 sätt
263 369 75 22 sådant
359 377 75 20 genom
461 370 25 21 11
509 370 11 27 &
544 371 24 20 17
590 369 48 28 kap.
660 369 26 22 R.
707 369 25 21 B.
754 372 22 18 är
797 369 158 28 kronobetjente

202 404 82 21 tillåtet.

550 433 26 20 39
593 433 16 27 &.

268 466 78 21 Denna
372 466 122 29 förordning
519 466 73 21 länder
618 466 32 21 till
677 466 140 22 efterrättelse
843 466 47 21 från
915 466 41 21 och

198 500 50 21 med
262 500 42 21 den

200 534 28 21 då
249 535 37 20 allt
304 534 57 21 hvad
382 534 57 21 förut
463 535 68 21 finnes
556 534 100 28 stadgadt
683 534 90 21 rörande
794 533 161 29 ifrågavarande

200 571 61 18 ämne
276 568 84 29 upphör
374 571 32 18 att
419 569 61 28 gälla.

269 671 31 21 På
315 674 43 19 sätt
372 671 89 28 tidigare
477 672 84 28 antydts
576 671 39 21 har
629 679 75 20 genom
719 671 41 21 den
772 670 76 29 nådiga
860 671 94 28 proposi-

200 705 71 21 tionen
294 705 119 22 Ständerna
433 706 85 21 beredts
540 705 83 22 tillfälle
646 709 32 18 att
698 705 68 22 uttala
780 706 32 28 sig
826 705 77 28 jämväl
919 713 36 13 an-

200 739 81 28 gående
304 739 26 22 de
356 739 129 29 stadganden
508 741 7 20 i
538 743 76 23 ämnet,
636 739 73 22 hvilka
731 742 35 19 äro
786 739 90 22 afsedda
897 743 32 18 att
948 740 8 21 i

201 773 155 23 administrativ
378 776 40 26 väg
438 774 95 22 utfärdas
552 775 40 21 och
607 774 73 21 hvilka
694 774 169 21 sammanfattats
878 775 31 20 uti
924 777 32 18 ett

201 807 79 29 förslag
303 808 33 21 till
360 808 131 28 kungörelse,
522 808 145 21 innefattande
694 808 104 21 särskilda
821 808 134 21 föreskrifter

201 842 88 21 rörande
304 843 49 28 jagt.

269 877 90 21 Jämlikt
374 879 11 20 1
399 878 11 27 $
426 878 7 19 i
447 877 138 22 nästnämnda
599 877 79 28 förslag
692 877 84 21 komme
790 878 45 28 jagt
849 877 13 21 å
880 877 75 28 elgtjur

201 913 32 18 att
250 911 66 21 under
336 912 56 21 vissa
406 911 68 22 vilkor
488 912 79 21 tillåtas
582 912 12 21 å
608 911 104 22 särskilda
725 912 137 28 uppräknade
877 915 56 17 orter
947 912 7 20 i

201 944 77 21 landet.
307 945 36 21 Då
365 945 118 21 Ständerna
502 945 118 21 emellertid
638 948 68 19 ansett
727 946 71 27 elgens
813 945 142 22 bevarande
941 940 16 38 i

202 979 91 21 Finland
308 987 52 13 vara
374 979 132 29 synnerligen
521 979 92 28 önskligt
628 983 55 18 samt
697 979 119 29 elgståndet
830 979 14 22 å
858 979 98 28 samtliga

201 1013 161 28 ifrågavarande
378 1017 56 18 orter
448 1014 48 21 icke
511 1022 61 20 synes
587 1022 51 13 vara
653 1015 23 20 så
691 1014 133 27 säkerstäldt,
839 1017 31 18 att
884 1015 44 28 jagt
943 1014 13 21 å

202 1048 76 28 elgtjur
292 1051 50 18 utan
357 1048 47 21 fara
417 1048 34 21 för
466 1048 148 28 elgstammens
628 1048 90 21 bestånd
732 1048 70 21 kunde
817 1048 13 21 ä
841 1048 41 21 alla
894 1049 62 20 dessa

202 1085 56 18 orter
271 1082 87 27 tillåtas,
372 1082 65 21 hafva
452 1082 124 27 Ständerna,
591 1083 49 20 med
650 1082 85 21 hänsikt
744 1083 78 28 jämväl
834 1082 71 21 därtill
918 1085 37 24 att,

200 1117 66 28 enligt
280 1116 112 29 förslagets
408 1118 25 19 11
450 1117 18 28 $,
483 1117 72 26 skada,
568 1124 44 14 som
623 1117 22 20 af
658 1117 33 28 elg
702 1117 120 21 förorsakas
834 1117 13 20 å
858 1117 96 21 växande

199 1151 67 27 gröda
286 1151 50 20 eller
356 1151 89 20 stackad
460 1151 38 21 säd
513 1151 51 20 eller
578 1151 66 26 foder,
659 1151 113 21 framdeles
787 1151 83 20 komme
886 1154 32 18 att
932 1151 23 21 af

200 1185 104 20 allmänna
319 1184 69 21 medel
404 1187 94 24 ersättas,
513 1188 69 18 ansett
596 1185 45 28 jagt
655 1185 13 20 å
680 1185 76 28 elgtjur
767 1185 52 20 böra
830 1185 125 21 inskränkas

199 1219 33 20 till
251 1219 27 20 de
293 1221 56 19 orter
363 1219 8 20 i
384 1219 79 26 landet,
478 1219 38 21 där
530 1219 60 28 elgen
605 1219 142 21 förekommer
761 1219 8 20 i
784 1220 67 19 större
870 1219 84 28 mängd,

200 1252 51 20 eller
265 1253 33 20 till
313 1251 97 27 Stranda,
424 1252 126 27 Kymmene,
568 1253 114 27 Lappvesi,
696 1253 90 25 Jääskis,
800 1247 100 33 Äyräpää
914 1253 41 20 och

200 1285 119 22 Kexholms
334 1285 90 21 härader
438 1286 7 20 i
460 1285 100 29 Wiborgs
576 1286 40 20 län.

256 1319 40 23 Uti
311 1319 113 29 förslagets
439 1321 12 20 3
468 1320 10 28 $
494 1320 141 21 förekommer
649 1321 8 20 i
672 1320 40 21 den
726 1319 90 23 svenska
828 1323 73 18 texten
913 1320 41 21 den

200 1354 142 29 oegentlighet
357 1355 7 20 i
379 1354 103 29 språkligt
496 1355 125 26 hänseende,
633 1358 32 18 att
677 1355 65 29 enligt
754 1355 90 22 nämnda
855 1355 100 29 paragraf

202 1389 119 22 »tillständ»
338 1389 32 22 till
386 1389 78 29 elgjagt
479 1389 39 22 bör
530 1389 34 22 för
574 1389 158 23 vederbörande
747 1390 132 29 »uppvisas»,
890 1391 64 21 innan

200 1424 71 28 jagten
286 1424 102 28 vidtager.
