<?xml version="1.0" encoding="UTF-8"?>
<alto xmlns="http://www.loc.gov/standards/alto/ns-v3#" xmlns:xlink="http://www.w3.org/1999/xlink" xmlns:xsi="http://www.w3.org/2001/XMLSchema-instance" xsi:schemaLocation="http://www.loc.gov/standards/alto/ns-v3# http://www.loc.gov/alto/v3/alto-3-0.xsd">
	<Description>
		<MeasurementUnit>pixel</MeasurementUnit>
		<sourceImageInformation>
			<fileName>/tmp/tess_8ycvhn_5_input.PNG</fileName>
		</sourceImageInformation>
		<OCRProcessing ID="OCR_0">
			<ocrProcessingStep>
				<processingSoftware>
					<softwareName>tesseract 5.3.4</softwareName>
				</processingSoftware>
			</ocrProcessingStep>
		</OCRProcessing>
	</Description>
	<Layout>
		<Page WIDTH="1045" HEIGHT="1706" PHYSICAL_IMG_NR="0" ID="page_0">
			<PrintSpace HPOS="0" VPOS="0" WIDTH="1045" HEIGHT="1706">
				<ComposedBlock ID="cblock_0" HPOS="318" VPOS="109" WIDTH="531" HEIGHT="29">
					<TextBlock ID="block_0" HPOS="318" VPOS="109" WIDTH="531" HEIGHT="29">
						<TextLine ID="line_0" HPOS="318" VPOS="109" WIDTH="531" HEIGHT="29">
							<String ID="string_0" HPOS="318" VPOS="109" WIDTH="29" HEIGHT="22" WC="0.90" CONTENT="U."/><SP WIDTH="16" VPOS="109" HPOS="347"/>
							<String ID="string_1" HPOS="363" VPOS="109" WIDTH="27" HEIGHT="22" WC="0.91" CONTENT="B."/><SP WIDTH="16" VPOS="109" HPOS="390"/>
							<String ID="string_2" HPOS="406" VPOS="122" WIDTH="28" HEIGHT="3" WC="0.91" CONTENT="—"/><SP WIDTH="16" VPOS="122" HPOS="434"/>
							<String ID="string_3" HPOS="450" VPOS="110" WIDTH="74" HEIGHT="28" WC="0.94" CONTENT="Prop."/><SP WIDTH="15" VPOS="110" HPOS="524"/>
							<String ID="string_4" HPOS="539" VPOS="110" WIDTH="45" HEIGHT="22" WC="0.88" CONTENT="N:o"/><SP WIDTH="16" VPOS="110" HPOS="584"/>
							<String ID="string_5" HPOS="600" VPOS="110" WIDTH="37" HEIGHT="22" WC="0.95" CONTENT="19."/><SP WIDTH="200" VPOS="110" HPOS="637"/>
							<String ID="string_6" HPOS="837" VPOS="113" WIDTH="12" HEIGHT="19" WC="0.96" CONTENT="3"/>
						</TextLine>
					</TextBlock>
				</ComposedBlock>
				<ComposedBlock ID="cblock_1" HPOS="101" VPOS="180" WIDTH="751" HEIGHT="1245">
					<TextBlock ID="block_1" HPOS="101" VPOS="180" WIDTH="750" HEIGHT="421">
						<TextLine ID="line_1" HPOS="103" VPOS="180" WIDTH="747" HEIGHT="29">
							<String ID="string_7" HPOS="103" VPOS="181" WIDTH="61" HEIGHT="27" WC="0.93" CONTENT="ligen"/><SP WIDTH="21" VPOS="181" HPOS="164"/>
							<String ID="string_8" HPOS="185" VPOS="180" WIDTH="130" HEIGHT="28" WC="0.92" CONTENT="skyldemän"/><SP WIDTH="24" VPOS="180" HPOS="315"/>
							<String ID="string_9" HPOS="339" VPOS="182" WIDTH="49" HEIGHT="21" WC="0.96" CONTENT="icke"/><SP WIDTH="24" VPOS="182" HPOS="388"/>
							<String ID="string_10" HPOS="412" VPOS="182" WIDTH="85" HEIGHT="26" WC="0.93" CONTENT="funnos,"/><SP WIDTH="25" VPOS="182" HPOS="497"/>
							<String ID="string_11" HPOS="522" VPOS="182" WIDTH="55" HEIGHT="27" WC="0.92" CONTENT="egde"/><SP WIDTH="23" VPOS="182" HPOS="577"/>
							<String ID="string_12" HPOS="600" VPOS="182" WIDTH="122" HEIGHT="21" WC="0.96" CONTENT="domstolen"/><SP WIDTH="25" VPOS="182" HPOS="722"/>
							<String ID="string_13" HPOS="747" VPOS="182" WIDTH="103" HEIGHT="22" WC="0.96" CONTENT="förordna"/>
						</TextLine>
						<TextLine ID="line_2" HPOS="104" VPOS="216" WIDTH="747" HEIGHT="28">
							<String ID="string_14" HPOS="104" VPOS="218" WIDTH="82" HEIGHT="20" WC="0.95" CONTENT="tvänne"/><SP WIDTH="19" VPOS="218" HPOS="186"/>
							<String ID="string_15" HPOS="205" VPOS="218" WIDTH="50" HEIGHT="19" WC="0.96" CONTENT="män"/><SP WIDTH="24" VPOS="218" HPOS="255"/>
							<String ID="string_16" HPOS="279" VPOS="218" WIDTH="32" HEIGHT="20" WC="0.93" CONTENT="att"/><SP WIDTH="23" VPOS="218" HPOS="311"/>
							<String ID="string_17" HPOS="334" VPOS="217" WIDTH="126" HEIGHT="21" WC="0.90" CONTENT="handhafva"/><SP WIDTH="22" VPOS="217" HPOS="460"/>
							<String ID="string_18" HPOS="482" VPOS="216" WIDTH="213" HEIGHT="28" WC="0.91" CONTENT="förmynderskapet."/><SP WIDTH="35" VPOS="216" HPOS="695"/>
							<String ID="string_19" HPOS="730" VPOS="218" WIDTH="121" HEIGHT="26" WC="0.96" CONTENT="Angående"/>
						</TextLine>
						<TextLine ID="line_3" HPOS="104" VPOS="252" WIDTH="746" HEIGHT="28">
							<String ID="string_20" HPOS="104" VPOS="252" WIDTH="171" HEIGHT="27" WC="0.95" CONTENT="åldersgränsen"/><SP WIDTH="23" VPOS="252" HPOS="275"/>
							<String ID="string_21" HPOS="298" VPOS="252" WIDTH="34" HEIGHT="21" WC="0.93" CONTENT="för"/><SP WIDTH="23" VPOS="252" HPOS="332"/>
							<String ID="string_22" HPOS="355" VPOS="252" WIDTH="170" HEIGHT="27" WC="0.92" CONTENT="omyndigheten"/><SP WIDTH="23" VPOS="252" HPOS="525"/>
							<String ID="string_23" HPOS="548" VPOS="252" WIDTH="97" HEIGHT="22" WC="0.69" CONTENT="bibehöll"/><SP WIDTH="15" VPOS="252" HPOS="645"/>
							<String ID="string_24" HPOS="660" VPOS="252" WIDTH="190" HEIGHT="28" WC="0.92" CONTENT="förmyndareord-"/>
						</TextLine>
						<TextLine ID="line_4" HPOS="104" VPOS="287" WIDTH="747" HEIGHT="28">
							<String ID="string_25" HPOS="104" VPOS="288" WIDTH="81" HEIGHT="26" WC="0.96" CONTENT="ningen"/><SP WIDTH="21" VPOS="288" HPOS="185"/>
							<String ID="string_26" HPOS="206" VPOS="287" WIDTH="27" HEIGHT="21" WC="0.96" CONTENT="de"/><SP WIDTH="15" VPOS="287" HPOS="233"/>
							<String ID="string_27" HPOS="248" VPOS="288" WIDTH="72" HEIGHT="27" WC="0.93" CONTENT="gamla"/><SP WIDTH="15" VPOS="288" HPOS="320"/>
							<String ID="string_28" HPOS="335" VPOS="288" WIDTH="103" HEIGHT="26" WC="0.90" CONTENT="lagarnas"/><SP WIDTH="16" VPOS="288" HPOS="438"/>
							<String ID="string_29" HPOS="454" VPOS="288" WIDTH="145" HEIGHT="27" WC="0.96" CONTENT="bestämning,"/><SP WIDTH="18" VPOS="288" HPOS="599"/>
							<String ID="string_30" HPOS="617" VPOS="294" WIDTH="47" HEIGHT="15" WC="0.96" CONTENT="men"/><SP WIDTH="17" VPOS="294" HPOS="664"/>
							<String ID="string_31" HPOS="681" VPOS="288" WIDTH="106" HEIGHT="27" WC="0.93" CONTENT="stadgade"/><SP WIDTH="16" VPOS="288" HPOS="787"/>
							<String ID="string_32" HPOS="803" VPOS="288" WIDTH="48" HEIGHT="22" WC="0.91" CONTENT="der-"/>
						</TextLine>
						<TextLine ID="line_5" HPOS="101" VPOS="323" WIDTH="750" HEIGHT="28">
							<String ID="string_33" HPOS="101" VPOS="324" WIDTH="75" HEIGHT="26" WC="0.95" CONTENT="jemte,"/><SP WIDTH="22" VPOS="324" HPOS="176"/>
							<String ID="string_34" HPOS="198" VPOS="325" WIDTH="34" HEIGHT="20" WC="0.96" CONTENT="att"/><SP WIDTH="15" VPOS="325" HPOS="232"/>
							<String ID="string_35" HPOS="247" VPOS="324" WIDTH="67" HEIGHT="21" WC="0.96" CONTENT="också"/><SP WIDTH="15" VPOS="324" HPOS="314"/>
							<String ID="string_36" HPOS="329" VPOS="323" WIDTH="35" HEIGHT="21" WC="0.95" CONTENT="till"/><SP WIDTH="15" VPOS="323" HPOS="364"/>
							<String ID="string_37" HPOS="379" VPOS="323" WIDTH="90" HEIGHT="28" WC="0.96" CONTENT="myndig"/><SP WIDTH="15" VPOS="323" HPOS="469"/>
							<String ID="string_38" HPOS="484" VPOS="324" WIDTH="62" HEIGHT="21" WC="0.96" CONTENT="ålder"/><SP WIDTH="16" VPOS="324" HPOS="546"/>
							<String ID="string_39" HPOS="562" VPOS="324" WIDTH="79" HEIGHT="21" WC="0.96" CONTENT="komna"/><SP WIDTH="16" VPOS="324" HPOS="641"/>
							<String ID="string_40" HPOS="657" VPOS="330" WIDTH="105" HEIGHT="20" WC="0.96" CONTENT="personer"/><SP WIDTH="15" VPOS="330" HPOS="762"/>
							<String ID="string_41" HPOS="777" VPOS="324" WIDTH="74" HEIGHT="22" WC="0.96" CONTENT="kunde"/>
						</TextLine>
						<TextLine ID="line_6" HPOS="104" VPOS="358" WIDTH="745" HEIGHT="29">
							<String ID="string_42" HPOS="104" VPOS="359" WIDTH="70" HEIGHT="22" WC="0.96" CONTENT="under"/><SP WIDTH="22" VPOS="359" HPOS="174"/>
							<String ID="string_43" HPOS="196" VPOS="359" WIDTH="61" HEIGHT="22" WC="0.95" CONTENT="vissa"/><SP WIDTH="23" VPOS="359" HPOS="257"/>
							<String ID="string_44" HPOS="280" VPOS="358" WIDTH="185" HEIGHT="28" WC="0.96" CONTENT="förutsättningar"/><SP WIDTH="17" VPOS="358" HPOS="465"/>
							<String ID="string_45" HPOS="482" VPOS="360" WIDTH="76" HEIGHT="22" WC="0.96" CONTENT="ställas"/><SP WIDTH="17" VPOS="360" HPOS="558"/>
							<String ID="string_46" HPOS="575" VPOS="359" WIDTH="69" HEIGHT="22" WC="0.93" CONTENT="under"/><SP WIDTH="15" VPOS="359" HPOS="644"/>
							<String ID="string_47" HPOS="659" VPOS="359" WIDTH="190" HEIGHT="28" WC="0.92" CONTENT="förmynderskap."/>
						</TextLine>
						<TextLine ID="line_7" HPOS="103" VPOS="395" WIDTH="746" HEIGHT="29">
							<String ID="string_48" HPOS="103" VPOS="396" WIDTH="65" HEIGHT="22" WC="0.96" CONTENT="Hvad"/><SP WIDTH="22" VPOS="396" HPOS="168"/>
							<String ID="string_49" HPOS="190" VPOS="396" WIDTH="68" HEIGHT="22" WC="0.94" CONTENT="sedan"/><SP WIDTH="24" VPOS="396" HPOS="258"/>
							<String ID="string_50" HPOS="282" VPOS="395" WIDTH="104" HEIGHT="22" WC="0.93" CONTENT="beträffar"/><SP WIDTH="23" VPOS="395" HPOS="386"/>
							<String ID="string_51" HPOS="409" VPOS="396" WIDTH="117" HEIGHT="28" WC="0.92" CONTENT="uppsigten"/><SP WIDTH="26" VPOS="396" HPOS="526"/>
							<String ID="string_52" HPOS="552" VPOS="396" WIDTH="63" HEIGHT="22" WC="0.93" CONTENT="öfver"/><SP WIDTH="23" VPOS="396" HPOS="615"/>
							<String ID="string_53" HPOS="638" VPOS="395" WIDTH="151" HEIGHT="28" WC="0.92" CONTENT="förmyndares"/><SP WIDTH="16" VPOS="395" HPOS="789"/>
							<String ID="string_54" HPOS="805" VPOS="396" WIDTH="44" HEIGHT="22" WC="0.92" CONTENT="för-"/>
						</TextLine>
						<TextLine ID="line_8" HPOS="103" VPOS="430" WIDTH="748" HEIGHT="29">
							<String ID="string_55" HPOS="103" VPOS="431" WIDTH="107" HEIGHT="28" WC="0.91" CONTENT="valtning,"/><SP WIDTH="25" VPOS="431" HPOS="210"/>
							<String ID="string_56" HPOS="235" VPOS="431" WIDTH="24" HEIGHT="22" WC="0.96" CONTENT="så"/><SP WIDTH="24" VPOS="431" HPOS="259"/>
							<String ID="string_57" HPOS="283" VPOS="431" WIDTH="64" HEIGHT="21" WC="0.93" CONTENT="ålade"/><SP WIDTH="21" VPOS="431" HPOS="347"/>
							<String ID="string_58" HPOS="368" VPOS="430" WIDTH="262" HEIGHT="28" WC="0.91" CONTENT="förmyndareordningen"/><SP WIDTH="17" VPOS="430" HPOS="630"/>
							<String ID="string_59" HPOS="647" VPOS="432" WIDTH="155" HEIGHT="27" WC="0.90" CONTENT="förmyndaren"/><SP WIDTH="16" VPOS="432" HPOS="802"/>
							<String ID="string_60" HPOS="818" VPOS="434" WIDTH="33" HEIGHT="19" WC="0.96" CONTENT="att"/>
						</TextLine>
						<TextLine ID="line_9" HPOS="103" VPOS="467" WIDTH="747" HEIGHT="27">
							<String ID="string_61" HPOS="103" VPOS="467" WIDTH="86" HEIGHT="26" WC="0.93" CONTENT="årligen"/><SP WIDTH="23" VPOS="467" HPOS="189"/>
							<String ID="string_62" HPOS="212" VPOS="467" WIDTH="103" HEIGHT="22" WC="0.90" CONTENT="deröfver"/><SP WIDTH="25" VPOS="467" HPOS="315"/>
							<String ID="string_63" HPOS="340" VPOS="469" WIDTH="67" HEIGHT="24" WC="0.90" CONTENT=",göra"/><SP WIDTH="15" VPOS="469" HPOS="407"/>
							<String ID="string_64" HPOS="422" VPOS="467" WIDTH="117" HEIGHT="27" WC="0.92" CONTENT="räkning&quot;,"/><SP WIDTH="17" VPOS="467" HPOS="539"/>
							<String ID="string_65" HPOS="556" VPOS="467" WIDTH="90" HEIGHT="21" WC="0.96" CONTENT="hvilken"/><SP WIDTH="16" VPOS="467" HPOS="646"/>
							<String ID="string_66" HPOS="662" VPOS="467" WIDTH="96" HEIGHT="27" WC="0.93" CONTENT="räkning"/><SP WIDTH="15" VPOS="467" HPOS="758"/>
							<String ID="string_67" HPOS="773" VPOS="467" WIDTH="77" HEIGHT="21" WC="0.92" CONTENT="åtmin-"/>
						</TextLine>
						<TextLine ID="line_10" HPOS="103" VPOS="503" WIDTH="748" HEIGHT="27">
							<String ID="string_68" HPOS="103" VPOS="505" WIDTH="62" HEIGHT="19" WC="0.92" CONTENT="stone"/><SP WIDTH="23" VPOS="505" HPOS="165"/>
							<String ID="string_69" HPOS="188" VPOS="503" WIDTH="133" HEIGHT="22" WC="0.92" CONTENT="hvartannat"/><SP WIDTH="24" VPOS="503" HPOS="321"/>
							<String ID="string_70" HPOS="345" VPOS="503" WIDTH="25" HEIGHT="20" WC="0.95" CONTENT="år"/><SP WIDTH="26" VPOS="503" HPOS="370"/>
							<String ID="string_71" HPOS="396" VPOS="503" WIDTH="72" HEIGHT="21" WC="0.96" CONTENT="skulle"/><SP WIDTH="25" VPOS="503" HPOS="468"/>
							<String ID="string_72" HPOS="493" VPOS="503" WIDTH="108" HEIGHT="27" WC="0.96" CONTENT="granskas"/><SP WIDTH="26" VPOS="503" HPOS="601"/>
							<String ID="string_73" HPOS="627" VPOS="503" WIDTH="24" HEIGHT="22" WC="0.96" CONTENT="af"/><SP WIDTH="14" VPOS="503" HPOS="651"/>
							<String ID="string_74" HPOS="665" VPOS="503" WIDTH="42" HEIGHT="22" WC="0.93" CONTENT="den"/><SP WIDTH="16" VPOS="503" HPOS="707"/>
							<String ID="string_75" HPOS="723" VPOS="503" WIDTH="128" HEIGHT="27" WC="0.91" CONTENT="omyndiges"/>
						</TextLine>
						<TextLine ID="line_11" HPOS="103" VPOS="538" WIDTH="748" HEIGHT="27">
							<String ID="string_76" HPOS="103" VPOS="540" WIDTH="111" HEIGHT="20" WC="0.93" CONTENT="närmaste"/><SP WIDTH="24" VPOS="540" HPOS="214"/>
							<String ID="string_77" HPOS="238" VPOS="538" WIDTH="90" HEIGHT="22" WC="0.91" CONTENT="fränder"/><SP WIDTH="24" VPOS="538" HPOS="328"/>
							<String ID="string_78" HPOS="352" VPOS="538" WIDTH="61" HEIGHT="27" WC="0.95" CONTENT="eller,"/><SP WIDTH="25" VPOS="538" HPOS="413"/>
							<String ID="string_79" HPOS="438" VPOS="538" WIDTH="47" HEIGHT="22" WC="0.96" CONTENT="ifall"/><SP WIDTH="19" VPOS="538" HPOS="485"/>
							<String ID="string_80" HPOS="504" VPOS="539" WIDTH="82" HEIGHT="21" WC="0.96" CONTENT="sådana"/><SP WIDTH="16" VPOS="539" HPOS="586"/>
							<String ID="string_81" HPOS="602" VPOS="539" WIDTH="109" HEIGHT="21" WC="0.96" CONTENT="saknades"/><SP WIDTH="17" VPOS="539" HPOS="711"/>
							<String ID="string_82" HPOS="728" VPOS="539" WIDTH="55" HEIGHT="21" WC="0.96" CONTENT="eller"/><SP WIDTH="15" VPOS="539" HPOS="783"/>
							<String ID="string_83" HPOS="798" VPOS="545" WIDTH="53" HEIGHT="16" WC="0.96" CONTENT="vore"/>
						</TextLine>
						<TextLine ID="line_12" HPOS="103" VPOS="573" WIDTH="671" HEIGHT="28">
							<String ID="string_84" HPOS="103" VPOS="574" WIDTH="75" HEIGHT="21" WC="0.91" CONTENT="dertill"/><SP WIDTH="16" VPOS="574" HPOS="178"/>
							<String ID="string_85" HPOS="194" VPOS="574" WIDTH="123" HEIGHT="27" WC="0.96" CONTENT="olämpliga,"/><SP WIDTH="17" VPOS="574" HPOS="317"/>
							<String ID="string_86" HPOS="334" VPOS="573" WIDTH="24" HEIGHT="22" WC="0.96" CONTENT="af"/><SP WIDTH="13" VPOS="573" HPOS="358"/>
							<String ID="string_87" HPOS="371" VPOS="576" WIDTH="74" HEIGHT="20" WC="0.96" CONTENT="rätten"/><SP WIDTH="17" VPOS="576" HPOS="445"/>
							<String ID="string_88" HPOS="462" VPOS="575" WIDTH="55" HEIGHT="21" WC="0.96" CONTENT="eller"/><SP WIDTH="15" VPOS="575" HPOS="517"/>
							<String ID="string_89" HPOS="532" VPOS="575" WIDTH="51" HEIGHT="20" WC="0.96" CONTENT="dess"/><SP WIDTH="15" VPOS="575" HPOS="583"/>
							<String ID="string_90" HPOS="598" VPOS="574" WIDTH="176" HEIGHT="22" WC="0.96" CONTENT="tillförordnade."/>
						</TextLine>
					</TextBlock>
					<TextBlock ID="block_2" HPOS="101" VPOS="610" WIDTH="751" HEIGHT="742">
						<TextLine ID="line_13" HPOS="174" VPOS="610" WIDTH="676" HEIGHT="28">
							<String ID="string_91" HPOS="174" VPOS="611" WIDTH="57" HEIGHT="20" WC="0.96" CONTENT="1734"/><SP WIDTH="24" VPOS="611" HPOS="231"/>
							<String ID="string_92" HPOS="255" VPOS="611" WIDTH="37" HEIGHT="20" WC="0.96" CONTENT="års"/><SP WIDTH="23" VPOS="611" HPOS="292"/>
							<String ID="string_93" HPOS="315" VPOS="610" WIDTH="44" HEIGHT="27" WC="0.96" CONTENT="lag,"/><SP WIDTH="23" VPOS="610" HPOS="359"/>
							<String ID="string_94" HPOS="382" VPOS="611" WIDTH="67" HEIGHT="21" WC="0.96" CONTENT="hvars"/><SP WIDTH="17" VPOS="611" HPOS="449"/>
							<String ID="string_95" HPOS="466" VPOS="611" WIDTH="135" HEIGHT="27" WC="0.95" CONTENT="stadganden"/><SP WIDTH="17" VPOS="611" HPOS="601"/>
							<String ID="string_96" HPOS="618" VPOS="617" WIDTH="33" HEIGHT="15" WC="0.92" CONTENT="om"/><SP WIDTH="16" VPOS="617" HPOS="651"/>
							<String ID="string_97" HPOS="667" VPOS="610" WIDTH="183" HEIGHT="28" WC="0.91" CONTENT="förmynderskap"/>
						</TextLine>
						<TextLine ID="line_14" HPOS="102" VPOS="646" WIDTH="747" HEIGHT="28">
							<String ID="string_98" HPOS="102" VPOS="646" WIDTH="52" HEIGHT="27" WC="0.96" CONTENT="ingå"/><SP WIDTH="23" VPOS="646" HPOS="154"/>
							<String ID="string_99" HPOS="177" VPOS="646" WIDTH="7" HEIGHT="21" WC="0.93" CONTENT="i"/><SP WIDTH="25" VPOS="646" HPOS="184"/>
							<String ID="string_100" HPOS="209" VPOS="648" WIDTH="86" HEIGHT="19" WC="0.82" CONTENT="19—23"/><SP WIDTH="22" VPOS="648" HPOS="295"/>
							<String ID="string_101" HPOS="317" VPOS="646" WIDTH="50" HEIGHT="27" WC="0.93" CONTENT="kap."/><SP WIDTH="20" VPOS="646" HPOS="367"/>
							<String ID="string_102" HPOS="387" VPOS="641" WIDTH="26" HEIGHT="27" WC="0.92" CONTENT="Ä."/><SP WIDTH="16" VPOS="641" HPOS="413"/>
							<String ID="string_103" HPOS="429" VPOS="647" WIDTH="33" HEIGHT="26" WC="0.91" CONTENT="B.,"/><SP WIDTH="17" VPOS="647" HPOS="462"/>
							<String ID="string_104" HPOS="479" VPOS="647" WIDTH="96" HEIGHT="21" WC="0.96" CONTENT="bibehöll"/><SP WIDTH="16" VPOS="647" HPOS="575"/>
							<String ID="string_105" HPOS="591" VPOS="647" WIDTH="8" HEIGHT="21" WC="0.93" CONTENT="i"/><SP WIDTH="15" VPOS="647" HPOS="599"/>
							<String ID="string_106" HPOS="614" VPOS="646" WIDTH="125" HEIGHT="22" WC="0.92" CONTENT="hufvudsak"/><SP WIDTH="16" VPOS="646" HPOS="739"/>
							<String ID="string_107" HPOS="755" VPOS="646" WIDTH="94" HEIGHT="28" WC="0.93" CONTENT="förmyn-"/>
						</TextLine>
						<TextLine ID="line_15" HPOS="103" VPOS="682" WIDTH="748" HEIGHT="27">
							<String ID="string_108" HPOS="103" VPOS="682" WIDTH="186" HEIGHT="27" WC="0.92" CONTENT="dareordningens"/><SP WIDTH="23" VPOS="682" HPOS="289"/>
							<String ID="string_109" HPOS="312" VPOS="683" WIDTH="171" HEIGHT="26" WC="0.96" CONTENT="bestämningar."/><SP WIDTH="32" VPOS="683" HPOS="483"/>
							<String ID="string_110" HPOS="515" VPOS="683" WIDTH="33" HEIGHT="21" WC="0.96" CONTENT="De"/><SP WIDTH="22" VPOS="683" HPOS="548"/>
							<String ID="string_111" HPOS="570" VPOS="683" WIDTH="25" HEIGHT="21" WC="0.96" CONTENT="af"/><SP WIDTH="20" VPOS="683" HPOS="595"/>
							<String ID="string_112" HPOS="615" VPOS="683" WIDTH="121" HEIGHT="21" WC="0.93" CONTENT="domstolen"/><SP WIDTH="23" VPOS="683" HPOS="736"/>
							<String ID="string_113" HPOS="759" VPOS="683" WIDTH="92" HEIGHT="22" WC="0.87" CONTENT="utsedde"/>
						</TextLine>
						<TextLine ID="line_16" HPOS="104" VPOS="717" WIDTH="747" HEIGHT="28">
							<String ID="string_114" HPOS="104" VPOS="717" WIDTH="168" HEIGHT="28" WC="0.92" CONTENT="förmyndarene"/><SP WIDTH="17" VPOS="717" HPOS="272"/>
							<String ID="string_115" HPOS="289" VPOS="718" WIDTH="94" HEIGHT="21" WC="0.93" CONTENT="behöfde"/><SP WIDTH="16" VPOS="718" HPOS="383"/>
							<String ID="string_116" HPOS="399" VPOS="718" WIDTH="55" HEIGHT="21" WC="0.96" CONTENT="dock"/><SP WIDTH="16" VPOS="718" HPOS="454"/>
							<String ID="string_117" HPOS="470" VPOS="718" WIDTH="50" HEIGHT="21" WC="0.96" CONTENT="icke"/><SP WIDTH="16" VPOS="718" HPOS="520"/>
							<String ID="string_118" HPOS="536" VPOS="725" WIDTH="60" HEIGHT="15" WC="0.96" CONTENT="mera"/><SP WIDTH="16" VPOS="725" HPOS="596"/>
							<String ID="string_119" HPOS="612" VPOS="718" WIDTH="170" HEIGHT="27" WC="0.96" CONTENT="nödvändigtvis"/><SP WIDTH="16" VPOS="718" HPOS="782"/>
							<String ID="string_120" HPOS="798" VPOS="725" WIDTH="53" HEIGHT="15" WC="0.96" CONTENT="vara"/>
						</TextLine>
						<TextLine ID="line_17" HPOS="103" VPOS="753" WIDTH="747" HEIGHT="28">
							<String ID="string_121" HPOS="103" VPOS="753" WIDTH="44" HEIGHT="28" WC="0.96" CONTENT="två,"/><SP WIDTH="16" VPOS="753" HPOS="147"/>
							<String ID="string_122" HPOS="163" VPOS="756" WIDTH="52" HEIGHT="19" WC="0.95" CONTENT="utan"/><SP WIDTH="16" VPOS="756" HPOS="215"/>
							<String ID="string_123" HPOS="231" VPOS="753" WIDTH="73" HEIGHT="22" WC="0.96" CONTENT="kunde"/><SP WIDTH="17" VPOS="753" HPOS="304"/>
							<String ID="string_124" HPOS="321" VPOS="753" WIDTH="66" HEIGHT="22" WC="0.96" CONTENT="äfven"/><SP WIDTH="16" VPOS="753" HPOS="387"/>
							<String ID="string_125" HPOS="403" VPOS="753" WIDTH="55" HEIGHT="22" WC="0.96" CONTENT="blott"/><SP WIDTH="17" VPOS="753" HPOS="458"/>
							<String ID="string_126" HPOS="475" VPOS="760" WIDTH="27" HEIGHT="15" WC="0.93" CONTENT="en"/><SP WIDTH="14" VPOS="760" HPOS="502"/>
							<String ID="string_127" HPOS="516" VPOS="753" WIDTH="74" HEIGHT="22" WC="0.92" CONTENT="dertill"/><SP WIDTH="12" VPOS="753" HPOS="590"/>
							<String ID="string_128" HPOS="602" VPOS="756" WIDTH="121" HEIGHT="19" WC="0.93" CONTENT="utnämnas."/><SP WIDTH="27" VPOS="756" HPOS="723"/>
							<String ID="string_129" HPOS="750" VPOS="753" WIDTH="100" HEIGHT="28" WC="0.91" CONTENT="Myndig-"/>
						</TextLine>
						<TextLine ID="line_18" HPOS="102" VPOS="788" WIDTH="746" HEIGHT="28">
							<String ID="string_130" HPOS="102" VPOS="789" WIDTH="129" HEIGHT="22" WC="0.91" CONTENT="hetsåldern"/><SP WIDTH="8" VPOS="789" HPOS="231"/>
							<String ID="string_131" HPOS="239" VPOS="788" WIDTH="53" HEIGHT="28" WC="0.95" CONTENT="blef,"/><SP WIDTH="11" VPOS="788" HPOS="292"/>
							<String ID="string_132" HPOS="303" VPOS="789" WIDTH="8" HEIGHT="21" WC="0.93" CONTENT="i"/><SP WIDTH="11" VPOS="789" HPOS="311"/>
							<String ID="string_133" HPOS="322" VPOS="789" WIDTH="229" HEIGHT="22" WC="0.89" CONTENT="öfverensstämmelse"/><SP WIDTH="11" VPOS="789" HPOS="551"/>
							<String ID="string_134" HPOS="562" VPOS="789" WIDTH="49" HEIGHT="22" WC="0.96" CONTENT="med"/><SP WIDTH="11" VPOS="789" HPOS="611"/>
							<String ID="string_135" HPOS="622" VPOS="789" WIDTH="57" HEIGHT="22" WC="0.96" CONTENT="hvad"/><SP WIDTH="12" VPOS="789" HPOS="679"/>
							<String ID="string_136" HPOS="691" VPOS="789" WIDTH="68" HEIGHT="22" WC="0.96" CONTENT="redan"/><SP WIDTH="11" VPOS="789" HPOS="759"/>
							<String ID="string_137" HPOS="770" VPOS="796" WIDTH="78" HEIGHT="20" WC="0.96" CONTENT="genom"/>
						</TextLine>
						<TextLine ID="line_19" HPOS="101" VPOS="824" WIDTH="746" HEIGHT="27">
							<String ID="string_138" HPOS="101" VPOS="825" WIDTH="157" HEIGHT="26" WC="0.96" CONTENT="förordningen"/><SP WIDTH="24" VPOS="825" HPOS="258"/>
							<String ID="string_139" HPOS="282" VPOS="824" WIDTH="42" HEIGHT="22" WC="0.96" CONTENT="den"/><SP WIDTH="20" VPOS="824" HPOS="324"/>
							<String ID="string_140" HPOS="344" VPOS="827" WIDTH="27" HEIGHT="19" WC="0.96" CONTENT="30"/><SP WIDTH="17" VPOS="827" HPOS="371"/>
							<String ID="string_141" HPOS="388" VPOS="825" WIDTH="92" HEIGHT="21" WC="0.95" CONTENT="oktober"/><SP WIDTH="18" VPOS="825" HPOS="480"/>
							<String ID="string_142" HPOS="498" VPOS="827" WIDTH="54" HEIGHT="19" WC="0.92" CONTENT="1721"/><SP WIDTH="18" VPOS="827" HPOS="552"/>
							<String ID="string_143" HPOS="570" VPOS="825" WIDTH="105" HEIGHT="26" WC="0.88" CONTENT="stadgats,"/><SP WIDTH="18" VPOS="825" HPOS="675"/>
							<String ID="string_144" HPOS="693" VPOS="825" WIDTH="103" HEIGHT="22" WC="0.90" CONTENT="faststäld"/><SP WIDTH="16" VPOS="825" HPOS="796"/>
							<String ID="string_145" HPOS="812" VPOS="825" WIDTH="35" HEIGHT="21" WC="0.96" CONTENT="till"/>
						</TextLine>
						<TextLine ID="line_20" HPOS="101" VPOS="860" WIDTH="748" HEIGHT="28">
							<String ID="string_146" HPOS="101" VPOS="860" WIDTH="70" HEIGHT="27" WC="0.96" CONTENT="fyllda"/><SP WIDTH="24" VPOS="860" HPOS="171"/>
							<String ID="string_147" HPOS="195" VPOS="862" WIDTH="26" HEIGHT="19" WC="0.96" CONTENT="21"/><SP WIDTH="23" VPOS="862" HPOS="221"/>
							<String ID="string_148" HPOS="244" VPOS="861" WIDTH="32" HEIGHT="22" WC="0.96" CONTENT="år."/><SP WIDTH="32" VPOS="861" HPOS="276"/>
							<String ID="string_149" HPOS="308" VPOS="861" WIDTH="40" HEIGHT="21" WC="0.96" CONTENT="Om"/><SP WIDTH="16" VPOS="861" HPOS="348"/>
							<String ID="string_150" HPOS="364" VPOS="861" WIDTH="125" HEIGHT="21" WC="0.96" CONTENT="kontrollen"/><SP WIDTH="16" VPOS="861" HPOS="489"/>
							<String ID="string_151" HPOS="505" VPOS="861" WIDTH="124" HEIGHT="27" WC="0.95" CONTENT="stadgades,"/><SP WIDTH="18" VPOS="861" HPOS="629"/>
							<String ID="string_152" HPOS="647" VPOS="863" WIDTH="32" HEIGHT="19" WC="0.93" CONTENT="att"/><SP WIDTH="16" VPOS="863" HPOS="679"/>
							<String ID="string_153" HPOS="695" VPOS="861" WIDTH="154" HEIGHT="27" WC="0.91" CONTENT="förmyndaren"/>
						</TextLine>
						<TextLine ID="line_21" HPOS="101" VPOS="896" WIDTH="749" HEIGHT="28">
							<String ID="string_154" HPOS="101" VPOS="897" WIDTH="67" HEIGHT="22" WC="0.95" CONTENT="borde"/><SP WIDTH="24" VPOS="897" HPOS="168"/>
							<String ID="string_155" HPOS="192" VPOS="896" WIDTH="91" HEIGHT="22" WC="0.95" CONTENT="författa"/><SP WIDTH="22" VPOS="896" HPOS="283"/>
							<String ID="string_156" HPOS="305" VPOS="897" WIDTH="71" HEIGHT="27" WC="0.96" CONTENT="riktig"/><SP WIDTH="22" VPOS="897" HPOS="376"/>
							<String ID="string_157" HPOS="398" VPOS="897" WIDTH="96" HEIGHT="27" WC="0.96" CONTENT="räkning"/><SP WIDTH="24" VPOS="897" HPOS="494"/>
							<String ID="string_158" HPOS="518" VPOS="897" WIDTH="62" HEIGHT="22" WC="0.96" CONTENT="öfver"/><SP WIDTH="23" VPOS="897" HPOS="580"/>
							<String ID="string_159" HPOS="603" VPOS="897" WIDTH="37" HEIGHT="21" WC="0.96" CONTENT="det"/><SP WIDTH="23" VPOS="897" HPOS="640"/>
							<String ID="string_160" HPOS="663" VPOS="897" WIDTH="43" HEIGHT="20" WC="0.93" CONTENT="han"/><SP WIDTH="16" VPOS="897" HPOS="706"/>
							<String ID="string_161" HPOS="722" VPOS="897" WIDTH="128" HEIGHT="21" WC="0.91" CONTENT="omhänder-"/>
						</TextLine>
						<TextLine ID="line_22" HPOS="102" VPOS="932" WIDTH="745" HEIGHT="28">
							<String ID="string_162" HPOS="102" VPOS="932" WIDTH="62" HEIGHT="28" WC="0.96" CONTENT="hade,"/><SP WIDTH="24" VPOS="932" HPOS="164"/>
							<String ID="string_163" HPOS="188" VPOS="933" WIDTH="25" HEIGHT="21" WC="0.96" CONTENT="så"/><SP WIDTH="23" VPOS="933" HPOS="213"/>
							<String ID="string_164" HPOS="236" VPOS="934" WIDTH="33" HEIGHT="20" WC="0.96" CONTENT="att"/><SP WIDTH="23" VPOS="934" HPOS="269"/>
							<String ID="string_165" HPOS="292" VPOS="933" WIDTH="43" HEIGHT="21" WC="0.96" CONTENT="han"/><SP WIDTH="24" VPOS="933" HPOS="335"/>
							<String ID="string_166" HPOS="359" VPOS="932" WIDTH="37" HEIGHT="22" WC="0.92" CONTENT="vid"/><SP WIDTH="22" VPOS="932" HPOS="396"/>
							<String ID="string_167" HPOS="418" VPOS="932" WIDTH="65" HEIGHT="22" WC="0.92" CONTENT="hvart"/><SP WIDTH="23" VPOS="932" HPOS="483"/>
							<String ID="string_168" HPOS="506" VPOS="933" WIDTH="37" HEIGHT="21" WC="0.96" CONTENT="års"/><SP WIDTH="17" VPOS="933" HPOS="543"/>
							<String ID="string_169" HPOS="560" VPOS="933" WIDTH="45" HEIGHT="21" WC="0.95" CONTENT="slut"/><SP WIDTH="15" VPOS="933" HPOS="605"/>
							<String ID="string_170" HPOS="620" VPOS="932" WIDTH="68" HEIGHT="21" WC="0.96" CONTENT="måtte"/><SP WIDTH="16" VPOS="932" HPOS="688"/>
							<String ID="string_171" HPOS="704" VPOS="932" WIDTH="74" HEIGHT="22" WC="0.96" CONTENT="kunna"/><SP WIDTH="15" VPOS="932" HPOS="778"/>
							<String ID="string_172" HPOS="793" VPOS="934" WIDTH="54" HEIGHT="25" WC="0.96" CONTENT="göra"/>
						</TextLine>
						<TextLine ID="line_23" HPOS="102" VPOS="967" WIDTH="749" HEIGHT="28">
							<String ID="string_173" HPOS="102" VPOS="968" WIDTH="52" HEIGHT="22" WC="0.95" CONTENT="redo"/><SP WIDTH="23" VPOS="968" HPOS="154"/>
							<String ID="string_174" HPOS="177" VPOS="967" WIDTH="35" HEIGHT="22" WC="0.96" CONTENT="för"/><SP WIDTH="16" VPOS="967" HPOS="212"/>
							<String ID="string_175" HPOS="228" VPOS="970" WIDTH="64" HEIGHT="20" WC="0.93" CONTENT="nästa"/><SP WIDTH="15" VPOS="970" HPOS="292"/>
							<String ID="string_176" HPOS="307" VPOS="968" WIDTH="98" HEIGHT="27" WC="0.92" CONTENT="fränder,"/><SP WIDTH="16" VPOS="968" HPOS="405"/>
							<String ID="string_177" HPOS="421" VPOS="974" WIDTH="34" HEIGHT="15" WC="0.97" CONTENT="om"/><SP WIDTH="17" VPOS="974" HPOS="455"/>
							<String ID="string_178" HPOS="472" VPOS="968" WIDTH="24" HEIGHT="22" WC="0.93" CONTENT="sä"/><SP WIDTH="15" VPOS="968" HPOS="496"/>
							<String ID="string_179" HPOS="511" VPOS="968" WIDTH="122" HEIGHT="22" WC="0.91" CONTENT="fordrades."/><SP WIDTH="31" VPOS="968" HPOS="633"/>
							<String ID="string_180" HPOS="664" VPOS="968" WIDTH="53" HEIGHT="21" WC="0.71" CONTENT="Ifall"/><SP WIDTH="15" VPOS="968" HPOS="717"/>
							<String ID="string_181" HPOS="732" VPOS="967" WIDTH="119" HEIGHT="22" WC="0.93" CONTENT="fränderna"/>
						</TextLine>
						<TextLine ID="line_24" HPOS="102" VPOS="1003" WIDTH="746" HEIGHT="28">
							<String ID="string_182" HPOS="102" VPOS="1004" WIDTH="50" HEIGHT="22" WC="0.95" CONTENT="icke"/><SP WIDTH="16" VPOS="1004" HPOS="152"/>
							<String ID="string_183" HPOS="168" VPOS="1003" WIDTH="102" HEIGHT="23" WC="0.96" CONTENT="fordrade"/><SP WIDTH="15" VPOS="1003" HPOS="270"/>
							<String ID="string_184" HPOS="285" VPOS="1004" WIDTH="149" HEIGHT="26" WC="0.96" CONTENT="redovisning,"/><SP WIDTH="16" VPOS="1004" HPOS="434"/>
							<String ID="string_185" HPOS="450" VPOS="1010" WIDTH="40" HEIGHT="16" WC="0.93" CONTENT="var"/><SP WIDTH="15" VPOS="1010" HPOS="490"/>
							<String ID="string_186" HPOS="505" VPOS="1004" WIDTH="156" HEIGHT="27" WC="0.91" CONTENT="förmyndaren"/><SP WIDTH="15" VPOS="1004" HPOS="661"/>
							<String ID="string_187" HPOS="676" VPOS="1004" WIDTH="71" HEIGHT="21" WC="0.96" CONTENT="likväl"/><SP WIDTH="11" VPOS="1004" HPOS="747"/>
							<String ID="string_188" HPOS="758" VPOS="1003" WIDTH="90" HEIGHT="27" WC="0.96" CONTENT="skyldig"/>
						</TextLine>
						<TextLine ID="line_25" HPOS="102" VPOS="1039" WIDTH="749" HEIGHT="28">
							<String ID="string_189" HPOS="102" VPOS="1042" WIDTH="33" HEIGHT="19" WC="0.93" CONTENT="att"/><SP WIDTH="23" VPOS="1042" HPOS="135"/>
							<String ID="string_190" HPOS="158" VPOS="1040" WIDTH="65" HEIGHT="22" WC="0.92" CONTENT="hvart"/><SP WIDTH="22" VPOS="1040" HPOS="223"/>
							<String ID="string_191" HPOS="245" VPOS="1040" WIDTH="72" HEIGHT="27" WC="0.96" CONTENT="tredje"/><SP WIDTH="16" VPOS="1040" HPOS="317"/>
							<String ID="string_192" HPOS="333" VPOS="1040" WIDTH="24" HEIGHT="21" WC="0.96" CONTENT="år"/><SP WIDTH="17" VPOS="1040" HPOS="357"/>
							<String ID="string_193" HPOS="374" VPOS="1040" WIDTH="102" HEIGHT="21" WC="0.95" CONTENT="tillställa"/><SP WIDTH="16" VPOS="1040" HPOS="476"/>
							<String ID="string_194" HPOS="492" VPOS="1040" WIDTH="47" HEIGHT="21" WC="0.92" CONTENT="dem"/><SP WIDTH="17" VPOS="1040" HPOS="539"/>
							<String ID="string_195" HPOS="556" VPOS="1039" WIDTH="95" HEIGHT="22" WC="0.92" CONTENT="afslutad"/><SP WIDTH="15" VPOS="1039" HPOS="651"/>
							<String ID="string_196" HPOS="666" VPOS="1039" WIDTH="102" HEIGHT="27" WC="0.96" CONTENT="räkning."/><SP WIDTH="32" VPOS="1039" HPOS="768"/>
							<String ID="string_197" HPOS="800" VPOS="1039" WIDTH="51" HEIGHT="21" WC="0.95" CONTENT="Men"/>
						</TextLine>
						<TextLine ID="line_26" HPOS="102" VPOS="1075" WIDTH="747" HEIGHT="27">
							<String ID="string_198" HPOS="102" VPOS="1082" WIDTH="34" HEIGHT="15" WC="0.92" CONTENT="om"/><SP WIDTH="19" VPOS="1082" HPOS="136"/>
							<String ID="string_199" HPOS="155" VPOS="1075" WIDTH="92" HEIGHT="23" WC="0.91" CONTENT="fränder"/><SP WIDTH="16" VPOS="1075" HPOS="247"/>
							<String ID="string_200" HPOS="263" VPOS="1076" WIDTH="49" HEIGHT="21" WC="0.96" CONTENT="icke"/><SP WIDTH="16" VPOS="1076" HPOS="312"/>
							<String ID="string_201" HPOS="328" VPOS="1075" WIDTH="79" HEIGHT="22" WC="0.95" CONTENT="funnos"/><SP WIDTH="16" VPOS="1075" HPOS="407"/>
							<String ID="string_202" HPOS="423" VPOS="1076" WIDTH="55" HEIGHT="21" WC="0.96" CONTENT="eller"/><SP WIDTH="16" VPOS="1076" HPOS="478"/>
							<String ID="string_203" HPOS="494" VPOS="1076" WIDTH="48" HEIGHT="21" WC="0.96" CONTENT="icke"/><SP WIDTH="17" VPOS="1076" HPOS="542"/>
							<String ID="string_204" HPOS="559" VPOS="1075" WIDTH="52" HEIGHT="22" WC="0.93" CONTENT="ville"/><SP WIDTH="17" VPOS="1075" HPOS="611"/>
							<String ID="string_205" HPOS="628" VPOS="1076" WIDTH="65" HEIGHT="26" WC="0.92" CONTENT="åtaga"/><SP WIDTH="16" VPOS="1076" HPOS="693"/>
							<String ID="string_206" HPOS="709" VPOS="1075" WIDTH="34" HEIGHT="27" WC="0.93" CONTENT="sig"/><SP WIDTH="15" VPOS="1075" HPOS="743"/>
							<String ID="string_207" HPOS="758" VPOS="1075" WIDTH="91" HEIGHT="27" WC="0.91" CONTENT="gransk-"/>
						</TextLine>
						<TextLine ID="line_27" HPOS="103" VPOS="1110" WIDTH="748" HEIGHT="29">
							<String ID="string_208" HPOS="103" VPOS="1112" WIDTH="89" HEIGHT="27" WC="0.93" CONTENT="ningen,"/><SP WIDTH="17" VPOS="1112" HPOS="192"/>
							<String ID="string_209" HPOS="209" VPOS="1112" WIDTH="55" HEIGHT="27" WC="0.91" CONTENT="egde"/><SP WIDTH="16" VPOS="1112" HPOS="264"/>
							<String ID="string_210" HPOS="280" VPOS="1112" WIDTH="104" HEIGHT="21" WC="0.92" CONTENT="domaren"/><SP WIDTH="16" VPOS="1112" HPOS="384"/>
							<String ID="string_211" HPOS="400" VPOS="1111" WIDTH="74" HEIGHT="22" WC="0.90" CONTENT="dertill"/><SP WIDTH="12" VPOS="1111" HPOS="474"/>
							<String ID="string_212" HPOS="486" VPOS="1111" WIDTH="104" HEIGHT="21" WC="0.96" CONTENT="förordna"/><SP WIDTH="10" VPOS="1111" HPOS="590"/>
							<String ID="string_213" HPOS="600" VPOS="1111" WIDTH="71" HEIGHT="27" WC="0.96" CONTENT="någon"/><SP WIDTH="12" VPOS="1111" HPOS="671"/>
							<String ID="string_214" HPOS="683" VPOS="1111" WIDTH="7" HEIGHT="21" WC="0.96" CONTENT="i"/><SP WIDTH="11" VPOS="1111" HPOS="690"/>
							<String ID="string_215" HPOS="701" VPOS="1110" WIDTH="65" HEIGHT="22" WC="0.96" CONTENT="deras"/><SP WIDTH="11" VPOS="1110" HPOS="766"/>
							<String ID="string_216" HPOS="777" VPOS="1110" WIDTH="74" HEIGHT="27" WC="0.96" CONTENT="ställe;"/>
						</TextLine>
						<TextLine ID="line_28" HPOS="103" VPOS="1146" WIDTH="748" HEIGHT="29">
							<String ID="string_217" HPOS="103" VPOS="1148" WIDTH="39" HEIGHT="21" WC="0.96" CONTENT="och"/><SP WIDTH="24" VPOS="1148" HPOS="142"/>
							<String ID="string_218" HPOS="166" VPOS="1154" WIDTH="40" HEIGHT="15" WC="0.95" CONTENT="var"/><SP WIDTH="22" VPOS="1154" HPOS="206"/>
							<String ID="string_219" HPOS="228" VPOS="1148" WIDTH="67" HEIGHT="27" WC="0.96" CONTENT="något"/><SP WIDTH="18" VPOS="1148" HPOS="295"/>
							<String ID="string_220" HPOS="313" VPOS="1149" WIDTH="45" HEIGHT="19" WC="0.96" CONTENT="mot"/><SP WIDTH="15" VPOS="1149" HPOS="358"/>
							<String ID="string_221" HPOS="373" VPOS="1146" WIDTH="171" HEIGHT="28" WC="0.96" CONTENT="redovisningen"/><SP WIDTH="16" VPOS="1146" HPOS="544"/>
							<String ID="string_222" HPOS="560" VPOS="1148" WIDTH="32" HEIGHT="20" WC="0.96" CONTENT="att"/><SP WIDTH="16" VPOS="1148" HPOS="592"/>
							<String ID="string_223" HPOS="608" VPOS="1146" WIDTH="108" HEIGHT="28" WC="0.96" CONTENT="påminna,"/><SP WIDTH="16" VPOS="1146" HPOS="716"/>
							<String ID="string_224" HPOS="732" VPOS="1146" WIDTH="67" HEIGHT="21" WC="0.93" CONTENT="borde"/><SP WIDTH="16" VPOS="1146" HPOS="799"/>
							<String ID="string_225" HPOS="815" VPOS="1146" WIDTH="36" HEIGHT="21" WC="0.92" CONTENT="do-"/>
						</TextLine>
						<TextLine ID="line_29" HPOS="103" VPOS="1182" WIDTH="748" HEIGHT="28">
							<String ID="string_226" HPOS="103" VPOS="1189" WIDTH="75" HEIGHT="16" WC="0.96" CONTENT="maren"/><SP WIDTH="15" VPOS="1189" HPOS="178"/>
							<String ID="string_227" HPOS="193" VPOS="1184" WIDTH="61" HEIGHT="21" WC="0.96" CONTENT="tillse"/><SP WIDTH="16" VPOS="1184" HPOS="254"/>
							<String ID="string_228" HPOS="270" VPOS="1184" WIDTH="33" HEIGHT="21" WC="0.96" CONTENT="att"/><SP WIDTH="16" VPOS="1184" HPOS="303"/>
							<String ID="string_229" HPOS="319" VPOS="1183" WIDTH="42" HEIGHT="21" WC="0.91" CONTENT="den"/><SP WIDTH="16" VPOS="1183" HPOS="361"/>
							<String ID="string_230" HPOS="377" VPOS="1183" WIDTH="116" HEIGHT="27" WC="0.91" CONTENT="omyndige"/><SP WIDTH="15" VPOS="1183" HPOS="493"/>
							<String ID="string_231" HPOS="508" VPOS="1184" WIDTH="47" HEIGHT="20" WC="0.96" CONTENT="rätt"/><SP WIDTH="16" VPOS="1184" HPOS="555"/>
							<String ID="string_232" HPOS="571" VPOS="1182" WIDTH="90" HEIGHT="22" WC="0.96" CONTENT="skedde."/><SP WIDTH="29" VPOS="1182" HPOS="661"/>
							<String ID="string_233" HPOS="690" VPOS="1183" WIDTH="56" HEIGHT="20" WC="0.96" CONTENT="1734"/><SP WIDTH="16" VPOS="1183" HPOS="746"/>
							<String ID="string_234" HPOS="762" VPOS="1182" WIDTH="36" HEIGHT="21" WC="0.96" CONTENT="års"/><SP WIDTH="16" VPOS="1182" HPOS="798"/>
							<String ID="string_235" HPOS="814" VPOS="1182" WIDTH="37" HEIGHT="27" WC="0.96" CONTENT="lag"/>
						</TextLine>
						<TextLine ID="line_30" HPOS="104" VPOS="1217" WIDTH="748" HEIGHT="30">
							<String ID="string_236" HPOS="104" VPOS="1219" WIDTH="61" HEIGHT="28" WC="0.95" CONTENT="intog"/><SP WIDTH="23" VPOS="1219" HPOS="165"/>
							<String ID="string_237" HPOS="188" VPOS="1220" WIDTH="66" HEIGHT="21" WC="0.95" CONTENT="alltså"/><SP WIDTH="23" VPOS="1220" HPOS="254"/>
							<String ID="string_238" HPOS="277" VPOS="1221" WIDTH="58" HEIGHT="19" WC="0.96" CONTENT="ännu"/><SP WIDTH="22" VPOS="1221" HPOS="335"/>
							<String ID="string_239" HPOS="357" VPOS="1219" WIDTH="43" HEIGHT="21" WC="0.96" CONTENT="den"/><SP WIDTH="23" VPOS="1219" HPOS="400"/>
							<String ID="string_240" HPOS="423" VPOS="1219" WIDTH="142" HEIGHT="27" WC="0.96" CONTENT="ståndpunkt,"/><SP WIDTH="25" VPOS="1219" HPOS="565"/>
							<String ID="string_241" HPOS="590" VPOS="1220" WIDTH="33" HEIGHT="20" WC="0.93" CONTENT="att"/><SP WIDTH="22" VPOS="1220" HPOS="623"/>
							<String ID="string_242" HPOS="645" VPOS="1217" WIDTH="207" HEIGHT="28" WC="0.91" CONTENT="förmynderskapet"/>
						</TextLine>
						<TextLine ID="line_31" HPOS="104" VPOS="1254" WIDTH="748" HEIGHT="28">
							<String ID="string_243" HPOS="104" VPOS="1256" WIDTH="79" HEIGHT="22" WC="0.95" CONTENT="främst"/><SP WIDTH="23" VPOS="1256" HPOS="183"/>
							<String ID="string_244" HPOS="206" VPOS="1262" WIDTH="40" HEIGHT="16" WC="0.96" CONTENT="var"/><SP WIDTH="24" VPOS="1262" HPOS="246"/>
							<String ID="string_245" HPOS="270" VPOS="1262" WIDTH="27" HEIGHT="15" WC="0.93" CONTENT="en"/><SP WIDTH="23" VPOS="1262" HPOS="297"/>
							<String ID="string_246" HPOS="320" VPOS="1255" WIDTH="101" HEIGHT="27" WC="0.92" CONTENT="slägtens"/><SP WIDTH="23" VPOS="1255" HPOS="421"/>
							<String ID="string_247" HPOS="444" VPOS="1254" WIDTH="161" HEIGHT="28" WC="0.96" CONTENT="angelägenhet"/><SP WIDTH="23" VPOS="1254" HPOS="605"/>
							<String ID="string_248" HPOS="628" VPOS="1254" WIDTH="40" HEIGHT="22" WC="0.96" CONTENT="och"/><SP WIDTH="19" VPOS="1254" HPOS="668"/>
							<String ID="string_249" HPOS="687" VPOS="1256" WIDTH="33" HEIGHT="20" WC="0.96" CONTENT="att"/><SP WIDTH="16" VPOS="1256" HPOS="720"/>
							<String ID="string_250" HPOS="736" VPOS="1254" WIDTH="116" HEIGHT="22" WC="0.96" CONTENT="samhället"/>
						</TextLine>
						<TextLine ID="line_32" HPOS="104" VPOS="1289" WIDTH="747" HEIGHT="29">
							<String ID="string_251" HPOS="104" VPOS="1292" WIDTH="78" HEIGHT="22" WC="0.94" CONTENT="endast"/><SP WIDTH="24" VPOS="1292" HPOS="182"/>
							<String ID="string_252" HPOS="206" VPOS="1292" WIDTH="27" HEIGHT="21" WC="0.96" CONTENT="då"/><SP WIDTH="23" VPOS="1292" HPOS="233"/>
							<String ID="string_253" HPOS="256" VPOS="1291" WIDTH="56" HEIGHT="21" WC="0.96" CONTENT="hade"/><SP WIDTH="17" VPOS="1291" HPOS="312"/>
							<String ID="string_254" HPOS="329" VPOS="1293" WIDTH="32" HEIGHT="20" WC="0.96" CONTENT="att"/><SP WIDTH="15" VPOS="1293" HPOS="361"/>
							<String ID="string_255" HPOS="376" VPOS="1291" WIDTH="84" HEIGHT="22" WC="0.96" CONTENT="befatta"/><SP WIDTH="17" VPOS="1291" HPOS="460"/>
							<String ID="string_256" HPOS="477" VPOS="1291" WIDTH="34" HEIGHT="27" WC="0.95" CONTENT="sig"/><SP WIDTH="16" VPOS="1291" HPOS="511"/>
							<String ID="string_257" HPOS="527" VPOS="1290" WIDTH="96" HEIGHT="28" WC="0.96" CONTENT="dermed,"/><SP WIDTH="16" VPOS="1290" HPOS="623"/>
							<String ID="string_258" HPOS="639" VPOS="1292" WIDTH="41" HEIGHT="20" WC="0.93" CONTENT="när"/><SP WIDTH="16" VPOS="1292" HPOS="680"/>
							<String ID="string_259" HPOS="696" VPOS="1289" WIDTH="90" HEIGHT="22" WC="0.91" CONTENT="fränder"/><SP WIDTH="15" VPOS="1289" HPOS="786"/>
							<String ID="string_260" HPOS="801" VPOS="1289" WIDTH="50" HEIGHT="23" WC="0.96" CONTENT="icke"/>
						</TextLine>
						<TextLine ID="line_33" HPOS="104" VPOS="1326" WIDTH="556" HEIGHT="26">
							<String ID="string_261" HPOS="104" VPOS="1328" WIDTH="78" HEIGHT="22" WC="0.95" CONTENT="funnos"/><SP WIDTH="17" VPOS="1328" HPOS="182"/>
							<String ID="string_262" HPOS="199" VPOS="1328" WIDTH="55" HEIGHT="21" WC="0.96" CONTENT="eller"/><SP WIDTH="16" VPOS="1328" HPOS="254"/>
							<String ID="string_263" HPOS="270" VPOS="1327" WIDTH="65" HEIGHT="21" WC="0.96" CONTENT="dessa"/><SP WIDTH="16" VPOS="1327" HPOS="335"/>
							<String ID="string_264" HPOS="351" VPOS="1328" WIDTH="50" HEIGHT="20" WC="0.95" CONTENT="icke"/><SP WIDTH="15" VPOS="1328" HPOS="401"/>
							<String ID="string_265" HPOS="416" VPOS="1327" WIDTH="53" HEIGHT="21" WC="0.93" CONTENT="ville"/><SP WIDTH="16" VPOS="1327" HPOS="469"/>
							<String ID="string_266" HPOS="485" VPOS="1327" WIDTH="65" HEIGHT="25" WC="0.91" CONTENT="åtaga"/><SP WIDTH="16" VPOS="1327" HPOS="550"/>
							<String ID="string_267" HPOS="566" VPOS="1327" WIDTH="35" HEIGHT="25" WC="0.96" CONTENT="sig"/><SP WIDTH="16" VPOS="1327" HPOS="601"/>
							<String ID="string_268" HPOS="617" VPOS="1326" WIDTH="43" HEIGHT="21" WC="0.96" CONTENT="det."/>
						</TextLine>
					</TextBlock>
					<TextBlock ID="block_3" HPOS="105" VPOS="1360" WIDTH="746" HEIGHT="65">
						<TextLine ID="line_34" HPOS="172" VPOS="1360" WIDTH="679" HEIGHT="23">
							<String ID="string_269" HPOS="172" VPOS="1362" WIDTH="12" HEIGHT="21" WC="0.96" CONTENT="I"/><SP WIDTH="21" VPOS="1362" HPOS="184"/>
							<String ID="string_270" HPOS="205" VPOS="1362" WIDTH="42" HEIGHT="21" WC="0.96" CONTENT="den"/><SP WIDTH="20" VPOS="1362" HPOS="247"/>
							<String ID="string_271" HPOS="267" VPOS="1362" WIDTH="50" HEIGHT="21" WC="0.93" CONTENT="mån"/><SP WIDTH="30" VPOS="1362" HPOS="317"/>
							<String ID="string_272" HPOS="347" VPOS="1360" WIDTH="272" HEIGHT="23" WC="0.91" CONTENT="samhällsförhällandena"/><SP WIDTH="30" VPOS="1360" HPOS="619"/>
							<String ID="string_273" HPOS="649" VPOS="1360" WIDTH="142" HEIGHT="22" WC="0.92" CONTENT="utvecklades"/><SP WIDTH="28" VPOS="1360" HPOS="791"/>
							<String ID="string_274" HPOS="819" VPOS="1360" WIDTH="32" HEIGHT="22" WC="0.92" CONTENT="vi-"/>
						</TextLine>
						<TextLine ID="line_35" HPOS="105" VPOS="1394" WIDTH="746" HEIGHT="31">
							<String ID="string_275" HPOS="105" VPOS="1398" WIDTH="52" HEIGHT="22" WC="0.96" CONTENT="sade"/><SP WIDTH="23" VPOS="1398" HPOS="157"/>
							<String ID="string_276" HPOS="180" VPOS="1398" WIDTH="34" HEIGHT="27" WC="0.95" CONTENT="sig"/><SP WIDTH="24" VPOS="1398" HPOS="214"/>
							<String ID="string_277" HPOS="238" VPOS="1397" WIDTH="123" HEIGHT="22" WC="0.96" CONTENT="emellertid"/><SP WIDTH="23" VPOS="1397" HPOS="361"/>
							<String ID="string_278" HPOS="384" VPOS="1397" WIDTH="64" HEIGHT="21" WC="0.96" CONTENT="dessa"/><SP WIDTH="26" VPOS="1397" HPOS="448"/>
							<String ID="string_279" HPOS="474" VPOS="1396" WIDTH="137" HEIGHT="28" WC="0.95" CONTENT="stadganden"/><SP WIDTH="26" VPOS="1396" HPOS="611"/>
							<String ID="string_280" HPOS="637" VPOS="1396" WIDTH="49" HEIGHT="22" WC="0.67" CONTENT="icke"/><SP WIDTH="27" VPOS="1396" HPOS="686"/>
							<String ID="string_281" HPOS="713" VPOS="1394" WIDTH="84" HEIGHT="28" WC="0.95" CONTENT="egnade"/><SP WIDTH="21" VPOS="1394" HPOS="797"/>
							<String ID="string_282" HPOS="818" VPOS="1397" WIDTH="33" HEIGHT="19" WC="0.96" CONTENT="att"/>
						</TextLine>
					</TextBlock>
				</ComposedBlock>
				<ComposedBlock ID="cblock_2" HPOS="176" VPOS="1444" WIDTH="344" HEIGHT="25">
					<TextBlock ID="block_4" HPOS="176" VPOS="1444" WIDTH="344" HEIGHT="25">
						<TextLine ID="line_36" HPOS="176" VPOS="1444" WIDTH="344" HEIGHT="25">
							<String ID="string_283" HPOS="176" VPOS="1446" WIDTH="137" HEIGHT="23" WC="0.88" CONTENT="Lagutskoitets"/><SP WIDTH="12" VPOS="1446" HPOS="313"/>
							<String ID="string_284" HPOS="325" VPOS="1445" WIDTH="116" HEIGHT="18" WC="0.96" CONTENT="betänkande"/><SP WIDTH="12" VPOS="1445" HPOS="441"/>
							<String ID="string_285" HPOS="453" VPOS="1444" WIDTH="38" HEIGHT="18" WC="0.96" CONTENT="N:o"/><SP WIDTH="12" VPOS="1444" HPOS="491"/>
							<String ID="string_286" HPOS="503" VPOS="1444" WIDTH="17" HEIGHT="18" WC="0.96" CONTENT="4."/>
						</TextLine>
					</TextBlock>
				</ComposedBlock>
			</PrintSpace>
		</Page>
	</Layout>
</alto>
