1064 1706
450 93 39 21 N:o
507 94 32 20 19.
815 95 24 19 21

118 160 133 21 kommunal-
272 160 52 22 eller
343 160 240 28 förmyndarenämnden
600 161 103 22 förordna
718 161 41 28 god
775 168 48 15 man
839 162 32 21 att

119 194 41 22 den
175 194 54 21 vård
243 194 127 22 handhafva.

464 258 11 26 8
491 259 34 20 67.

187 292 30 26 Är
232 298 69 26 någon
316 297 142 21 frånvarande
473 298 38 21 och
527 299 34 20 vet
576 304 49 15 man
641 298 18 26 ej
675 298 52 21 hvar
742 298 41 21 han
794 298 76 21 vistas:

119 331 96 21 erfordra
230 331 52 21 hans
297 332 178 26 angelägenheter
489 332 52 21 vård
558 332 39 21 och
612 332 39 21 har
666 332 41 21 han
723 332 19 25 ej
753 332 117 27 syssloman

119 368 53 24 satt;
188 366 28 21 då
235 372 38 21 ege
289 368 71 19 rätten
375 366 7 21 i
398 366 41 21 den
455 369 40 25 ort,
513 367 37 21 der
565 367 43 21 han
624 367 38 21 har
677 366 37 22 sitt
729 366 98 27 hemvist,
842 366 29 28 på

118 401 100 21 anmälan
233 400 23 21 af
270 400 123 28 skyldeman
409 401 51 21 eller
474 407 75 19 annan,
561 401 63 21 hvars
635 402 44 20 rätt
688 401 42 21 kan
741 400 62 22 deraf
811 400 59 28 bero,

119 435 101 21 förordna
235 435 41 27 god
292 441 49 15 man
357 436 32 20 att
403 435 40 21 den
459 435 151 22 frånvarandes
621 435 148 28 förmögenhet
780 435 91 22 förvalta

119 470 52 21 eller
186 470 43 21 viss
245 470 52 21 hans
307 470 154 26 angelägenhet
472 470 71 22 vårda.
566 471 45 27 Lag
621 476 82 16 samma
713 476 56 21 vare,
781 470 38 21 der
830 470 40 21 den

118 504 152 22 frånvarandes
285 504 120 22 vistelseort
421 506 24 19 är
460 505 64 25 känd,
540 511 47 15 men
601 505 42 21 han
655 505 18 27 ej
684 505 42 21 kan
737 505 134 21 återkomma

119 538 27 22 då
161 539 52 21 hans
229 539 180 27 angelägenheter
425 539 74 22 sådant
514 540 92 27 påkalla.

187 574 60 21 Skall
270 574 148 26 frånvarande,
442 574 98 21 inländsk
563 574 53 21 eller
634 574 102 21 utländsk
751 580 60 14 mans
827 575 44 19 rätt

118 608 7 21 i
142 608 81 21 dödsbo
239 608 99 27 bevakas,
354 608 34 21 må
403 608 41 27 god
460 614 47 16 man
524 608 71 22 kunna
611 608 111 21 förordnas
738 608 23 20 af
770 607 40 22 den
821 609 50 23 rätt,

119 642 121 21 hvarunder
255 642 50 22 boet
320 642 64 28 lyder.

465 671 12 27 $
493 672 34 21 68.

188 711 71 22 Faller
274 711 34 21 arf
322 711 38 22 och
376 714 34 19 vet
425 718 48 15 man
489 712 19 26 ej
525 713 40 20 den
581 712 64 21 dödes
662 711 101 27 arfvinge,
780 717 37 20 ege
828 712 43 20 rät-

119 748 42 25 ten,
185 745 38 22 der
241 746 18 27 ej
278 745 69 23 arfvet
369 746 67 22 hellre
454 746 38 21 bör
507 746 7 22 i
531 746 71 22 förvar
621 747 73 25 sättas,
714 745 101 22 förordna
830 745 41 27 god

119 787 49 15 man
184 782 33 20 att
231 780 51 22 boet
297 780 99 27 förvalta,
411 781 34 21 till
461 780 48 22 dess
526 780 85 22 erfarits
627 780 62 22 hvem
699 780 69 22 arfvet
778 780 40 21 bör
827 778 44 23 till-

119 814 59 22 falla.

464 844 11 26 $
491 845 34 20 69.

188 883 47 21 God
251 890 55 20 man,
322 890 45 15 som
383 884 6 20 i
405 885 26 20 67
448 884 11 28 $
475 886 94 25 nämnes,
586 886 34 19 må
636 884 25 28 ej,
677 884 63 21 innan
751 886 33 19 tre
795 883 24 21 är
829 883 42 21 för-

119 918 56 22 flutit
190 917 46 22 från
253 918 36 21 det
303 924 50 15 man
369 920 72 19 senast
449 918 55 22 hade
519 918 98 27 kunskap
629 924 34 15 om
675 918 39 21 den
724 917 147 26 frånvarande,

119 952 92 27 föryttra
233 952 54 22 hans
310 953 110 27 egendom,
440 954 50 20 utan
511 953 36 21 det
567 953 50 21 sker
636 953 32 21 till
686 952 61 27 gälds
763 952 109 26 betalning

119 987 53 21 eller
188 993 69 15 annan
273 987 96 21 nödtorft
385 987 51 21 eller
450 987 33 21 för
499 987 140 27 boutredning
655 987 52 21 eller
722 986 23 22 af
759 988 64 20 annat
838 987 33 20 så-

121 1022 51 21 dant
195 1021 76 27 vigtigt
293 1021 53 21 skäl.
376 1022 25 26 Ej
420 1022 66 21 heller
505 1022 34 21 må
558 1021 41 28 god
618 1028 55 18 man,
693 1027 45 15 som
754 1021 7 21 i
778 1021 26 21 68
821 1020 10 28 $
848 1022 24 19 är

120 1056 132 26 omförmäld,
268 1058 52 19 utan
337 1056 67 27 dylikt
419 1056 45 21 skäl
481 1056 91 27 föryttra
587 1056 61 21 boets
664 1056 109 27 egendom,

465 1119 12 26 $
493 1119 32 21 70.

188 1159 87 22 Tarfvas
291 1159 42 27 god
347 1166 50 14 man
413 1160 13 20 å
441 1159 74 21 landet
530 1159 63 22 innan
604 1159 165 27 rättegångsdag
779 1157 92 28 infaller,

120 1193 35 22 må
171 1193 168 22 domhafvanden
355 1194 6 21 i
377 1196 67 23 orten,
460 1195 28 26 på
504 1194 105 25 anmälan,
621 1194 97 21 meddela
728 1193 144 21 förordnande

119 1228 33 22 till
168 1228 47 21 dess
230 1230 70 19 rätten
316 1228 167 21 sammanträder
499 1228 40 22 och
553 1229 7 20 i
576 1228 87 21 ärendet
678 1228 102 21 besluter.

187 1262 64 22 Hvad
265 1264 8 19 i
289 1262 66 27 öfrigt
373 1269 34 15 om
425 1262 176 27 förmynderskap
616 1262 7 21 i
640 1262 69 21 denna
723 1262 36 27 lag
775 1264 23 19 är
814 1261 57 22 stad-

119 1297 53 28 gadt
191 1304 38 20 ege
249 1297 38 21 ock
305 1297 136 28 tillämpning
456 1297 7 21 i
479 1297 60 27 fråga
555 1303 34 15 om
605 1297 96 27 uppdrag
717 1298 32 20 att
764 1303 51 14 vara
830 1296 42 27 god

120 1338 56 19 man,
193 1332 54 20 dock
263 1333 32 19 att
305 1332 77 20 sådant
393 1332 97 26 uppdrag
501 1332 76 20 endast
588 1332 37 20 der
637 1332 35 19 det
682 1330 116 22 innefattar
809 1337 62 20 egen-

120 1366 60 21 doms
203 1365 131 27 förvaltning
352 1365 34 21 må
407 1365 114 22 inskrifvas
537 1365 7 21 i
559 1364 256 27 förmynderskapsboken
832 1364 39 21 och

120 1405 51 16 vara
186 1399 156 22 underkastadt
358 1400 40 21 den
414 1399 7 22 i
437 1400 12 21 5
465 1399 49 28 kap.
530 1399 128 22 omnämnda
673 1399 141 27 redovisning.
