1042 1706
422 109 56 22 N:o
495 107 56 23 20.

311 477 75 25 Hans
404 478 178 32 Kejserliga
600 478 161 32 Majestäts
779 478 81 32 nädiga

243 524 139 32 proposition
404 523 33 26 till
456 524 101 25 Finlands
575 524 95 25 Ständer
689 532 33 17 om
741 525 120 25 anvisande

243 570 27 24 af
289 570 71 25 medel
379 570 35 25 till
441 570 140 25 bestridande
602 570 27 25 af
653 570 152 25 kostnaderna
823 570 38 24 för

242 615 73 25 finska
332 615 110 25 militären
460 616 71 25 under
548 615 54 26 ären
624 616 176 25 1898—1900.

174 688 37 22 Uti
235 690 35 20 det
293 688 23 22 af
334 689 85 21 landets
440 692 72 18 senast
527 689 130 25 församlade
672 689 91 21 Ständer
779 689 82 27 afgifna

106 729 48 15 svar
169 722 13 22 &
196 723 59 21 Hans
270 722 120 28 Kejserliga
404 723 111 27 Majestäts
531 723 78 27 nädiga
624 724 134 26 proposition
773 730 34 14 om
823 730 37 15 an-

106 756 87 22 visande
212 756 23 22 af
251 757 70 21 medel
341 756 34 22 till
389 757 139 22 bestridande
543 757 24 22 af
579 757 148 22 kostnaderna
741 757 33 21 för
789 758 71 21 finska

105 792 108 21 militären
236 791 66 21 under
323 792 51 20 ären
395 792 140 21 1895—1897
551 798 51 15 voro
618 791 162 22 militieverkets
796 792 65 26 utgif-

106 828 33 19 ter
154 822 122 25 beräknade
292 828 33 19 att
340 825 70 28 uppgä
426 826 33 21 till
475 826 157 26 sammanlagdt
647 826 128 27 21,552,329
792 827 67 25 mark,

107 860 62 21 deraf
191 860 125 27 19,222,329
336 860 61 21 mark
416 860 108 21 ordinarie
539 859 40 22 och
595 860 113 26 2,330,000
724 860 61 22 mark
800 863 61 19 extra

106 894 96 28 utgifter.
232 894 33 22 Då
288 894 172 26 räkenskaperna
480 894 33 21 för
529 894 92 22 nämnda
635 894 145 27 finansperiod
796 895 65 21 afslu-

107 932 43 18 tats
172 928 76 22 endast
270 928 33 22 för
325 929 25 20 är
374 929 60 26 1895,
458 929 40 21 har
520 929 42 21 den
579 929 96 27 verkliga
693 929 120 21 kostnaden
827 929 34 21 för

106 964 69 20 finska
197 963 107 21 militären
322 963 69 21 under
406 964 66 26 sagda
488 963 31 21 tid
534 966 57 18 ännu
606 963 48 21 icke
669 964 81 20 kunnat
765 965 95 25 utrönas,

107 997 87 21 hvarför
213 997 25 21 de
253 997 33 21 för
301 997 71 21 finska
386 997 185 22 militärväsendet
586 997 7 21 i
608 998 112 20 närslutna
735 997 125 27 budgetför-

107 1032 45 26 slag
174 1033 110 25 upptagna
306 1031 89 27 utgifter
417 1030 33 22 för
468 1032 179 21 nästkommande
661 1032 147 26 finansperiod
823 1034 38 20 äro

106 1065 123 22 beräknade
250 1066 49 21 med
319 1065 85 27 ledning
426 1065 24 21 af
471 1065 25 22 de
514 1065 106 22 afslutade
635 1065 176 28 räkenskaperna
826 1065 34 22 för

108 1100 26 21 de
156 1101 108 20 närmaste
278 1099 130 28 föregäende
426 1101 32 20 tre
474 1101 57 25 ären,
547 1100 48 22 med
610 1099 67 22 sädan
692 1100 147 22 modifikation
854 1101 6 20 i

108 1134 106 22 särskilda
228 1134 144 27 utgiftstitlar,
388 1140 46 16 som
450 1135 7 20 i
472 1134 148 27 utgiftsstaten
634 1134 34 21 för
678 1135 24 20 är
715 1135 52 21 1897
779 1137 82 19 ansetts

107 1170 53 21 böra
182 1175 40 21 ega
242 1175 56 16 rum.
327 1169 11 21 I
356 1169 94 26 enlighet
468 1169 89 22 härmed
577 1171 37 20 äro
630 1169 26 21 de
672 1169 105 21 ordinarie
793 1169 67 26 utgif-

108 1207 61 18 terna
183 1205 109 26 upptagna
307 1203 32 22 till
355 1204 125 25 20,399,609
497 1203 61 21 mark
573 1204 38 21 och
626 1205 63 20 extra
699 1203 117 27 utgifterna
826 1203 35 21 till

110 1238 111 27 1,280,000
243 1237 61 22 mark
326 1237 52 22 eller
400 1237 159 27 sammanlagdt
577 1238 127 26 21,679,609
722 1238 69 21 mark.
820 1237 41 22 Be-

108 1272 106 21 träffande
230 1272 62 21 dessa
308 1271 88 27 utgifter
410 1271 125 22 framhälles
551 1271 102 22 särskildt
668 1272 102 27 följande:

179 1307 41 26 1:0)
239 1305 124 28 Utgifterna
381 1305 34 22 för
429 1306 208 27 gardesbataljonen,
653 1306 208 27 armeskarpskytte-

109 1341 147 26 bataljonerna
278 1341 40 20 och
341 1340 212 26 dragonregementet
572 1340 64 21 hafva
651 1339 120 22 Ständerna
786 1339 75 22 beräk-

109 1377 38 19 nat
157 1373 33 22 för
201 1373 144 22 innevarande
355 1373 145 27 finansperiod
512 1373 33 22 till
553 1379 57 21 resp.
621 1374 118 27 1,155,000,
749 1374 112 25 7,560,000

110 1410 40 21 och
168 1409 112 27 2,783,000
295 1409 68 22 mark.
393 1408 48 22 Med
458 1408 100 22 afseende
573 1408 59 27 derä,
648 1410 33 20 att
695 1408 118 28 utgifterna
828 1408 33 22 för
