1042 1706
216 120 13 21 6
444 120 25 22 U.
484 120 25 21 B.
524 132 29 3 —
568 120 65 29 Prop.
648 120 37 22 N:o
703 119 32 23 15.

216 190 38 23 ter,
277 188 119 22 inlemnade
418 189 46 21 till"
488 195 19 14 o.
523 196 17 14 s.
555 195 20 15 v.
594 188 67 22 skulle
677 188 80 22 erhålla
772 188 92 28 följande
879 188 90 27 lydelse:

219 238 9 10 »
231 221 101 28 Skrifter,
355 223 119 21 inlemnade
496 224 39 25 till,
559 223 39 21 och
620 222 56 21 bevis
697 224 56 20 samt
771 222 198 28 protokollsutdrag,

216 256 113 22 utfärdade
352 256 42 22 aff.
423 256 34 21 Då
478 257 138 21 omförmälda
631 257 73 27 tillägg
720 256 118 22 emellertid
853 257 118 21 innefattar

217 297 26 15 en
261 291 69 27 saklig
348 291 96 27 ändring,
468 291 39 21 och
522 293 75 19 trenne
615 291 63 21 stånd
693 291 96 27 godkänt
804 291 115 21 utskottets
934 292 37 20 be-

217 325 114 27 tänkande,
354 325 80 21 tillåter
456 326 30 26 sig
506 325 105 22 utskottet
625 327 32 19 att
673 324 33 22 för
721 325 104 21 vinnande
841 325 23 21 af
880 327 91 19 enstäm-

216 359 80 27 mighet
311 359 86 21 föreslå:

420 411 33 20 att
466 410 164 21 Presteståndet
643 410 9 21 i
667 410 73 21 denna
753 410 34 21 del
797 410 48 21 ville
853 409 117 28 godkänna

352 443 148 23 betänkandet.

565 514 13 21 6
593 513 19 27 $.

284 559 152 26 Stadgandena
451 560 6 21 i
472 559 240 27 författningsförslaget
727 565 34 16 om
776 560 109 26 kartering
901 559 23 22 af
932 559 38 22 bo-

217 593 282 28 uppteckningsinstrument
522 593 63 22 hafva
608 593 105 27 godkänts
735 594 7 20 i
765 593 70 27 öfrigt,
858 595 58 19 utom
939 595 31 20 att

216 627 158 26 Ridderskapet
396 627 39 22 och
458 628 69 21 Adeln
549 628 48 21 med
619 628 123 26 anslutning
764 628 33 21 till
811 627 159 27 propositionen

217 661 33 22 för
266 662 26 21 de
306 661 43 27 fall,
372 662 27 21 då
414 662 117 21 arflåtaren
546 663 46 20 icke
607 661 136 22 efterlemnar
757 662 62 21 make
834 662 53 21 eller
902 662 69 22 bröst-

218 696 93 27 arfvinge
329 698 51 19 utan
396 697 74 20 endast
484 702 51 15 vare
550 697 32 26 sig
597 696 110 27 föräldrar,
723 697 77 26 syskon
817 697 50 20 eller
883 696 88 27 syskons

217 729 147 28 afkomlingar,
387 730 51 21 eller
462 730 63 22 också
540 731 98 26 fjermare
653 731 51 20 eller
719 731 49 26 inga
783 730 114 27 arfvingar,
919 731 52 21 fast-

217 765 50 21 stält
282 766 184 25 procentsatserna
482 765 32 21 till
529 771 55 21 resp.
602 765 40 22 100
657 765 39 21 och
712 765 48 27 200,
776 765 75 21 medan
867 764 104 22 utskottet

216 799 7 21 i
238 799 69 21 denna
320 799 36 21 del
373 799 109 27 föreslagit
497 799 191 28 stämpelafgiftens
703 799 92 27 höjande
810 799 49 22 med
875 799 42 22 150
932 799 38 22 och

217 833 42 22 300
266 834 28 26 9/,
310 833 22 22 af
347 834 35 21 det
397 833 33 21 för
446 834 165 27 bröstarfvingar
626 834 113 21 faststälda
755 833 105 28 beloppet.

284 867 50 22 Med
356 867 50 22 fullt
430 869 135 21 erkännande
587 868 22 21 af
628 870 32 19 att
676 875 25 14 en
717 868 164 26 skattelindring
896 867 75 22 härvid

217 901 47 22 frän
279 903 31 19 ett
325 901 73 22 ständs
410 903 46 21 sida
466 903 79 26 yrkats,
553 903 68 20 finner
636 903 31 26 sig
679 903 104 22 utskottet
798 902 52 22 böra
860 902 33 21 till
903 902 68 27 grund

215 936 33 21 för
271 936 229 27 sammanjemkningen
522 939 50 25 taga
594 937 25 21 de
643 938 73 20 ständs
735 937 76 27 beslut,
831 937 72 21 hvilka
917 937 54 21 varit

216 976 34 15 om
273 970 65 22 saken
361 976 55 20 ense,
440 972 93 20 särdeles
553 972 27 20 dä
595 972 40 20 den
650 971 75 22 härvid
740 971 123 22 emotsedda
877 971 94 26 tilläggs-

216 1005 122 21 inkomsten
360 1005 33 21 för
415 1005 104 22 ernäende
537 1005 23 22 af
575 1006 36 21 det
626 1005 95 25 resultat,
737 1011 46 16 som
798 1006 48 20 med
861 1005 110 21 bevillnin-

216 1046 41 20 gen
272 1040 7 20 i
294 1039 59 27 fräga
374 1040 62 26 afses,
459 1046 50 15 vore
529 1040 23 21 af
566 1040 49 27 vigt.
645 1039 112 22 Utskottet
772 1040 80 21 tilläter
867 1040 32 26 sig
913 1040 7 21 i
935 1046 37 15 an-

217 1074 84 27 ledning
315 1074 63 21 häraf
390 1074 109 22 vördsamt
514 1074 87 22 föreslä:

422 1140 33 20 att
471 1139 161 28 Ridderskapet
645 1140 37 21 och
697 1139 72 23 Adeln
783 1140 49 21 ville
846 1140 79 27 förena
939 1139 34 29 sig

353 1179 33 15 om
408 1174 36 20 det
463 1173 73 27 beslut,
551 1174 63 22 hvari
636 1174 25 21 de
676 1174 71 28 öfriga
761 1174 99 22 Ständen
874 1174 9 22 i
898 1174 75 22 denna

354 1207 34 22 del
408 1209 98 27 stannat,
528 1210 57 20 samt
600 1208 117 28 godkänna
733 1208 109 22 utskottets
857 1210 13 20 å
885 1208 40 22 sid.
943 1208 30 22 35

353 1242 131 26 tramstälda
498 1242 89 28 förslag.

283 1306 42 21 Vid
348 1306 129 27 behandling
499 1307 23 20 af
543 1308 41 20 den
606 1308 7 19 i
629 1313 80 15 samma
725 1306 10 27 $
749 1308 104 26 ingående
868 1308 102 21 rubriken

217 1340 63 27 vexel,
306 1340 102 22 hvarmed
432 1340 52 22 flere
506 1342 67 21 andra
595 1342 97 21 rubriker
715 1348 38 21 ega
776 1342 110 26 samband,
910 1342 61 22 hafva

216 1375 84 22 Preste-
315 1376 39 20 och
369 1376 163 21 Bondeständen
547 1376 70 22 funnit
632 1376 33 22 för
680 1376 52 28 godt
747 1378 31 20 att
793 1378 76 26 antaga
881 1377 25 21 de
917 1376 55 22 före-

285 1420 165 24 Bevillningsutsk.
462 1421 183 23 sammanj.-förslag
657 1423 8 16 i
677 1422 39 18 anl.
729 1422 26 22 af
763 1422 98 18 utskottets
869 1422 34 18 bet.
911 1424 36 18 N:o
955 1424 17 17 2.
