1059 1709
291 114 84 23 Ständ.
392 114 38 23 Sv.
448 128 27 3 —
488 116 74 28 Prop.
579 116 42 23 N:o
637 116 38 23 22.
831 117 26 20 13

103 182 80 28 mighet
198 182 76 21 mellan
289 183 143 28 stadgandena
447 184 7 20 i
469 184 12 21 2
497 191 62 13 mom,
574 184 23 21 af
608 184 139 22 förevarande
760 184 99 28 paragraf

103 219 56 18 samt
177 218 13 19 2
205 224 62 13 mom.
283 218 26 20 12
326 218 11 26 $
354 218 26 20 33
396 217 48 29 kap.
457 218 135 28 Strafflagen,
607 218 30 21 uti
653 219 12 19 2
681 226 62 13 mom.
757 218 24 21 af
795 218 64 21 först-

103 250 91 22 nämnda
215 251 100 28 paragraf
337 251 54 21 efter
412 252 61 21 ordet
495 252 141 21 »åtkommas»
660 252 107 28 inskjutits
792 252 65 22 orden

106 284 63 21 »eller
183 284 72 21 dessas
270 285 85 21 värde».

172 318 76 21 Denna
262 319 99 28 paragraf
375 319 86 28 stadgar
475 327 75 14 ansvar
564 319 35 21 för
610 319 48 26 den,
669 326 45 15 som
727 319 132 22 öfverträder

104 352 28 21 de
153 353 8 20 i
183 353 26 20 21
233 354 12 26 8
268 353 34 27 (20
324 354 19 27 8)
364 353 101 28 ingående
486 353 161 22 föreskrifterna
666 361 35 14 om
715 354 89 28 forsling
818 354 41 22 och

104 387 114 28 föryttring
225 387 23 21 af
259 387 86 28 fridlyst
356 387 60 22 vildt.
436 387 35 22 Då
481 388 139 21 nästnämnda
631 388 98 29 paragraf
741 388 118 22 emellertid

104 421 116 22 innehåller
241 421 156 29 bestämningar
418 423 78 28 jämväl
519 430 33 13 om
575 425 42 18 rätt
639 425 32 19 att
687 423 57 21 hålla
765 423 34 20 till
813 423 45 21 salu

105 456 51 21 eller
177 456 57 28 köpa
255 456 86 29 fridlyst
362 457 60 26 vildt,
442 464 48 14 men
509 456 145 29 stadgandena
674 457 31 21 uti
719 457 139 21 förevarande

105 490 99 29 paragraf
219 489 22 22 af
255 490 78 29 nådiga
346 491 156 29 propositionen
517 491 47 22 icke
580 493 35 19 äro
631 498 40 21 nog
682 491 131 22 omfattande
825 491 34 21 för

105 528 32 18 att
156 525 70 21 kunna
244 525 107 28 tillämpas
372 525 63 22 äfven
449 525 13 21 å
477 525 56 22 brott
548 528 57 19 emot
619 525 132 28 sistantydda
766 525 92 22 bestäm-

104 560 80 27 ningar,
197 559 38 22 har
248 559 132 29 paragrafen,
395 559 34 22 för
443 563 32 18 att
489 560 124 28 möjliggöra
628 559 59 29 dylik
697 560 140 29 tillämpning,
850 560 8 21 i

106 593 68 29 någon
188 593 49 22 mån
252 594 173 21 omformulerats.

173 628 96 22 Emedan
291 629 27 20 28
333 629 40 22 och
388 630 27 20 29
431 629 26 27 $$
473 629 7 20 i
495 629 76 28 nådiga
585 629 157 28 propositionen
757 629 23 21 af
796 628 63 21 Stän-

106 663 65 21 derna
185 663 111 27 uteslutits,
311 663 61 29 utgår
385 663 78 28 jämväl
478 663 41 22 den
534 662 61 22 däraf
609 662 104 23 beroende
729 663 26 20 35
772 664 19 26 8.

176 697 40 21 Uti
232 698 166 28 propositionens
417 698 28 20 36
463 698 13 27 $
491 698 39 21 har
541 697 33 21 till
589 697 172 22 förekommande
776 697 23 21 af
813 699 46 19 osä-

107 731 74 21 kerhet
201 731 38 22 vid
261 731 48 22 dess
335 732 132 28 tillämpning
491 731 76 22 införts
590 731 127 29 uttryckligt
743 731 116 28 stadgande

106 765 79 26 därom,
205 769 32 18 att
257 773 75 20 egaren
347 766 33 21 till
395 767 84 26 intagen
494 766 57 21 hund
567 767 23 19 är
603 766 48 21 icke
665 766 54 21 blott
734 765 127 28 berättigad,

106 802 49 18 utan
178 799 63 22 äfven
263 800 85 28 skyldig
370 803 31 18 att
420 800 49 21 med
484 800 37 21 det
535 801 8 20 i
557 799 126 29 paragrafen
697 799 111 22 bestämda
822 799 37 22 be-

104 833 51 28 lopp
176 834 69 21 utlösa
265 834 127 21 densamma.
421 834 49 21 Och
493 834 28 21 då
542 834 37 21 det
600 833 67 22 måste
681 837 87 25 antagas
783 836 32 19 att
829 833 32 22 uti

106 867 104 22 särskilda
224 868 38 22 fall
277 876 76 21 egaren
367 868 33 21 till
415 868 59 28 dylik
489 868 58 21 hund
561 870 23 19 är
599 868 70 21 okänd
681 868 41 21 och
734 868 127 21 försummar

106 905 33 18 att
160 902 90 29 fullgöra
271 902 144 29 nyssantydda
435 903 121 28 skyldighet
576 905 55 19 samt
653 902 46 25 den,
720 910 44 14 som
784 903 78 27 intagit

106 936 91 27 hunden,
221 937 87 25 således,
329 937 47 20 ifall
397 937 85 21 hunden
501 939 24 18 är
545 937 103 26 värdelös,
669 936 48 22 icke
739 937 122 21 bekommer

106 970 69 28 någon
190 971 115 28 ersättning
319 971 34 21 för
367 971 45 20 sina
427 971 154 26 omkostnader,
595 971 39 21 har
649 971 40 20 den
703 971 33 21 tid
751 971 22 20 af
787 971 73 20 trettio

106 1004 72 29 dagar,
200 1005 119 22 hvarunder
340 1005 83 21 hunden
444 1005 39 22 bör
501 1005 67 22 hållas
588 1005 31 21 uti
638 1005 73 21 förvar
725 1005 34 21 för
774 1012 87 21 egarens

106 1039 95 29 räkning,
222 1043 79 18 ansetts
321 1047 52 14 vara
395 1039 73 22 alltför
487 1039 48 28 lång
555 1042 55 19 samt
625 1039 57 28 förty
697 1039 114 21 förkortats
827 1038 33 22 till

108 1073 81 22 femton
203 1074 71 28 dagar.

175 1108 36 21 Då
225 1107 63 28 hund,
300 1115 44 14 som
356 1107 79 22 tillåtes
447 1107 47 22 fritt
505 1107 144 29 kringströfva
660 1107 7 22 i
679 1107 52 29 skog
745 1107 40 22 och
797 1106 65 26 mark,

110 1141 43 22 kan
167 1142 145 22 åstadkomma
326 1142 48 21 icke
389 1142 108 29 obetydlig
512 1142 65 21 skada
592 1142 13 21 å
619 1142 38 21 det
665 1142 127 28 matnyttiga
802 1142 61 21 ville-

108 1176 81 27 brådet,
211 1176 40 22 och
272 1177 29 21 då
322 1177 37 21 det
381 1177 57 28 förty
452 1176 39 22 bör
505 1184 60 14 anses
580 1184 51 14 vara
645 1176 72 28 hvarje
732 1176 131 28 hundegares

108 1210 56 29 plikt
184 1213 32 18 att
230 1211 23 21 så
267 1210 67 23 vårda
348 1211 32 20 sin
394 1211 63 26 hund,
473 1214 31 18 att
519 1211 121 22 densamma
654 1210 48 21 icke
717 1209 90 22 erhåller
820 1210 43 21 till-

109 1244 50 21 fälle
174 1244 70 22 därtill
259 1245 66 22 under
340 1245 27 21 de
381 1245 62 27 tider,
457 1245 28 21 då
499 1246 7 21 i
522 1245 114 22 allmänhet
650 1245 58 21 hund
722 1244 48 22 icke
785 1244 33 21 får
829 1244 33 21 till

108 1279 46 28 jagt
168 1279 111 29 begagnas,
293 1279 39 21 har
346 1286 76 15 ansvar
436 1279 94 29 stadgats
542 1279 34 21 för
587 1279 41 21 den
640 1279 126 28 hundegare,
776 1278 87 22 hvilken

109 1313 39 21 har
161 1313 34 21 för
210 1314 37 21 sed
262 1317 32 18 att
305 1313 44 22 låta
363 1314 33 21 sin
407 1313 58 22 hund
477 1313 134 29 kringstryka
623 1313 66 22 under
700 1313 90 22 berörda
802 1312 61 22 tider.

177 1347 58 21 Enär
249 1347 102 22 vallhund
365 1347 105 28 begagnas
485 1348 47 20 icke
547 1347 88 21 allenast
650 1347 34 20 för
698 1346 104 28 renhjord,
813 1349 51 18 utan

110 1380 13 21 å
142 1380 103 23 särskilda
267 1384 57 18 orter
345 1382 8 20 i
376 1381 71 21 landet
461 1381 78 27 jämväl
554 1381 33 20 för
602 1380 65 22 andra
681 1380 184 29 boskapshjordar,

871 325 22 18 34
906 325 9 22 8
928 325 30 22 (32
970 325 25 23 8).

910 633 22 18 35
944 633 16 22 8.

873 696 22 18 36
907 696 9 23 8
930 695 30 24 (33
972 695 25 23 8).
