1061 1734
297 126 83 24 Ständ.
398 127 38 23 Sv.
451 141 28 3 —
495 128 74 28 Prop.
584 128 42 22 N:o
641 127 37 23 12.
851 127 13 21 3

317 190 82 30 gäende
414 191 263 29 kommunalförvaltning
686 192 10 20 i
705 191 50 22 stad
765 190 61 22 skola
834 198 31 14 er-

318 226 60 22 hålla
390 226 106 28 följande
506 226 141 29 förändrade
662 226 91 28 lydelse:

561 296 15 27 $
591 296 35 20 10.

387 353 84 27 Hvarje
486 353 89 21 medlem
591 353 31 28 af
632 352 171 27 stadskommun,
814 360 52 14 man

319 388 53 21 eller
386 388 88 28 qvinna,
488 395 45 15 som
547 388 95 28 åtnjuter
646 388 62 28 finsk
718 388 149 28 medborgares

319 423 127 28 rättigheter
468 423 38 22 och
526 423 42 21 har
587 426 31 18 att
633 423 62 28 själf
705 423 60 27 öfver
779 423 34 28 sig
828 422 39 22 och

319 457 37 22 sitt
370 458 54 28 gods
439 458 57 21 råda
510 461 62 25 samt,
588 459 67 26 enligt
670 458 57 21 hvad
737 458 9 21 i
759 458 12 27 $
782 458 24 21 53
815 459 53 20 när-

319 499 58 14 mare
392 493 130 26 bestämmes,
537 495 27 19 är
579 493 85 28 skyldig
680 495 31 19 att
726 493 35 21 till
771 493 96 21 kommu-

319 533 42 15 nen
382 528 89 27 erlägga
493 527 64 25 skatt,
578 528 22 28 ej
620 527 78 25 häftar
714 527 44 27 för
772 527 51 26 flere
838 529 30 19 än

320 562 200 29 nästförutgångna
541 563 57 20 årets
614 563 94 27 oguldna
723 561 145 28 stadsutskyl-

321 596 45 28 der,
389 597 46 20 icke
458 599 26 18 är
502 603 86 16 annans
603 597 117 28 lagstadda
739 596 129 28 tjenstehjon

321 631 37 22 och
381 633 21 27 ej
424 631 66 22 heller
512 633 37 21 bör
568 633 32 28 på
616 632 74 29 grund
710 631 31 28 af
753 632 52 29 laga
819 632 49 21 dom

321 673 62 15 anses
403 666 70 22 sakna
487 668 42 27 god
541 667 72 28 frejd,
629 669 27 18 är
671 667 120 28 berättigad
807 669 37 25 att,
860 667 9 20 i

321 701 91 28 enlighet
434 702 50 21 med
497 702 175 28 föreskrifterna
687 703 32 20 uti
734 702 72 21 denna
817 701 52 29 för-

321 736 100 29 ordning,
437 737 37 20 vid
488 737 176 22 rädhusstämma
678 737 86 27 deltaga
781 737 88 28 iöfver-

321 771 104 28 läggning
438 771 38 22 och
493 772 73 21 beslut.

389 806 127 21 Enahanda
530 807 102 27 rättighet
646 806 129 21 tillkommer
786 806 38 22 ock
833 806 36 21 bo-

322 841 42 29 lag,
388 841 64 21 hvars
474 841 88 28 styrelse
575 841 71 26 finnes
661 841 58 20 inom
735 841 133 20 kommunen.

563 904 16 28 $
593 906 36 20 28.

392 962 45 22 Till
452 962 187 28 stadsfullmäktig
654 963 35 21 må
704 963 21 27 ej
739 963 71 27 väljas
820 963 48 25 den,

322 1005 43 14 som
389 997 47 21 icke
457 998 93 28 uppnått
573 998 107 28 tjugufem
703 998 37 20 års
761 998 73 27 ålder;
849 998 21 28 ej

324 1033 47 27 den,
386 1039 45 15 som
446 1034 35 20 sin
490 1033 100 27 egendom
603 1033 35 21 till
646 1032 129 28 borgenärer
782 1033 88 28 afträdt

323 1068 37 20 och
370 1067 46 21 icke
422 1068 66 28 gitter
496 1068 45 20 visa
550 1070 31 18 att
589 1067 43 22 han
640 1068 58 27 från
709 1068 64 21 deras
782 1068 88 28 kraf
846 1063 28 37 är

320 1102 47 28 fri;
376 1103 20 27 ej
404 1102 46 27 den,
460 1102 85 22 hvilken
553 1103 46 21 står
607 1102 69 22 under
684 1103 67 21 tilltal
755 1103 42 27 för
807 1102 63 30 brott,

323 1137 66 21 hvarå
407 1137 89 27 förlust
516 1138 31 27 af
565 1137 163 28 medborgerligt
740 1138 131 28 förtroende

323 1172 43 22 kan
378 1172 76 28 följa;
469 1173 38 21 och
522 1173 21 27 ej
557 1172 66 22 heller
638 1173 47 27 den,
701 1180 44 14 som
757 1174 32 26 på
796 1174 74 28 grund

323 1207 31 27 af
372 1208 51 26 laga
445 1207 49 20 dom
509 1209 26 18 är
550 1207 90 27 ovärdig
655 1210 31 17 att
701 1208 82 26 nyttjas
799 1208 8 20 i
822 1208 49 20 lan-

323 1241 45 21 dets
390 1242 65 26 tjenst
476 1242 50 20 eller
541 1244 32 18 att
584 1242 55 27 föra
656 1248 85 14 annans
757 1242 61 20 talan
833 1242 38 20 hos

323 1276 91 21 domstol
430 1276 51 20 eller
496 1282 73 15 annan
585 1276 83 21 allmän
683 1276 130 27 myndighet.

188 1329 113 24 Finlands
320 1330 100 23 Ständer
438 1330 131 23 framhärda
588 1333 42 19 etc.

188 1387 155 29 Helsingfors,
361 1387 45 21 den
426 1387 29 20 21
475 1387 47 28 Maj
543 1387 71 20 1897.
