1039 1714
317 109 31 23 U.
362 109 28 23 B.
407 121 26 3 —
450 109 74 31 Prop.
539 108 46 23 N:o
599 108 38 22 19.
826 108 26 21 37

450 181 12 29 8
478 183 34 21 20.

175 230 96 32 Ärende,
294 242 46 15 som
358 236 8 21 i
384 237 26 19 19
428 235 12 29 &
456 235 146 27 omförmäles,
619 235 35 21 mä
669 234 40 23 hos
725 236 75 20 rätten
816 240 37 17 an-

104 272 69 21 mälas
193 271 25 21 af
230 272 70 28 make,
316 271 79 22 frände
411 272 56 21 eller
481 271 135 22 kommunal-
632 271 57 21 eller
703 270 151 28 förmyndare-

103 307 88 22 nämnd.
222 307 75 28 Fråga
312 313 34 15 om
362 307 127 27 vanvettigs
505 307 143 22 förklarande
658 306 35 22 för
704 307 104 27 omyndig
818 308 36 21 mä

104 344 82 21 väckas
203 343 84 28 jemväl
307 342 25 22 af
350 343 82 22 allmän
448 343 111 28 åklagare,
577 345 57 19 samt
649 349 72 15 annan
737 342 8 22 i
764 345 10 19 1
791 349 62 16 mom.

104 379 25 21 af
142 385 82 16 samma
239 379 13 29 $
268 380 79 27 afsedd
362 379 64 28 fråga
442 378 25 22 af
480 380 49 25 den,
546 386 45 15 som
607 379 82 22 önskar
704 378 70 23 blifva
784 380 70 22 under

105 414 142 28 förmyndare
263 414 66 23 stäld.

174 450 48 22 Kan
238 450 93 22 ärendet
346 450 20 28 ej
382 452 80 25 genast
477 450 96 28 afgöras,
591 456 41 22 ege
647 452 82 26 rätten,
746 451 40 22 der
802 457 50 21 syn-

103 487 86 27 nerliga
204 487 51 21 skäl
271 489 45 25 äro,
332 487 67 21 ställa
415 487 49 27 den,
481 493 34 15 om
530 486 67 23 hvars
612 486 139 23 försättande
761 487 7 21 i
778 493 74 21 omyn-

103 522 76 28 dighet
199 522 104 22 anhällan
320 522 77 29 gjorts,
417 522 47 22 tills
486 522 77 22 vidare
579 522 69 22 under
663 522 190 27 förmynderskap.

102 558 82 22 Sädant
200 558 184 28 förmynderskap
400 558 99 27 upphöre
514 561 41 19 när
571 558 92 23 ärendet
679 558 24 22 af
712 561 73 20 rätten
797 559 54 21 slut-

102 594 60 27 ligen
178 594 99 27 afgjorts.

448 653 12 30 8
477 655 34 20 21.

173 701 92 34 Åtgärd,
279 714 46 16 som
343 708 8 21 i
373 709 28 21 17
420 709 38 22 och
475 710 28 21 19
518 711 28 24 $$
561 710 29 20 är
605 709 91 26 nämnd,
713 708 46 22 låte
774 709 75 21 rätten

103 745 80 26 genast
198 744 100 27 kungöra
312 746 36 19 tre
364 745 85 26 gånger
464 744 7 21 i
487 745 110 21 allmänna
613 743 146 28 tidningarna.
791 743 60 27 Upp-

101 779 79 23 häfves
196 779 114 29 åtgärden,
326 780 69 22 varde
410 780 41 21 ock
467 781 76 22 derom
557 780 126 27 kungjordt,
700 779 27 23 så
743 781 65 20 snart
820 780 32 21 be-

105 817 63 21 slutet
184 818 78 20 vunnit
277 817 51 26 laga
342 817 68 26 kraft.

448 875 12 28 s
476 877 35 20 22.

172 929 12 21 I
199 929 58 22 hvad
273 929 50 22 mån
338 928 43 28 gift
397 929 82 26 qvinna
495 929 35 21 må
544 929 55 22 råda
615 928 62 23 öfver
689 929 34 22 sin
735 928 113 28 egendom,

101 965 75 22 derom
192 967 26 19 är
234 964 108 23 särskildt
358 965 109 27 stadgadt.

408 1103 19 16 3
447 1103 100 20 kap.

208 1162 34 23 Om
258 1162 130 28 förmyndare
404 1163 37 21 och
458 1163 47 22 huru
523 1162 24 23 de
563 1162 59 23 skola
636 1162 113 22 förordnas.

449 1240 13 30 s
478 1242 34 20 23.

173 1294 45 22 För
241 1294 135 28 minderårig
398 1300 54 16 vare
475 1294 68 28 fader,
567 1294 61 28 eller,
651 1301 33 15 om
701 1294 42 22 han
760 1296 25 26 är
801 1294 49 27 död,

103 1330 77 21 moder
195 1330 138 26 lagbestämd
348 1330 147 26 förmyndare.

174 1364 46 22 Går
235 1365 75 21 moder
325 1365 8 21 i
349 1366 67 20 annat
431 1365 60 26 gifte,
507 1364 78 27 pröfve
601 1366 81 24 rätten,
699 1370 33 16 om
749 1364 42 21 hon
802 1363 49 23 med

102 1406 106 16 mannens
223 1400 65 22 bifall
303 1400 36 22 må
354 1400 112 22 bibehålla
480 1399 214 28 förmynderskapet.

163 1448 140 23 Lagutskottets
316 1448 116 18 betänkande
445 1448 37 18 N:o
494 1448 17 18 4.
