1042 1714
199 117 12 19 8
418 115 24 22 U.
458 115 24 21 B.
494 127 31 7 —
540 114 65 29 Prop.
620 114 38 22 N:o
675 112 33 24 15.

198 180 51 20 icke
265 180 46 20 kan
327 180 52 20 med
393 180 98 27 ledning
505 179 25 21 af
543 178 161 28 föreliggande
720 178 77 22 siffror
812 178 52 22 med
877 179 77 21 säker-

198 213 41 21 het
253 213 146 21 bestämmas.

272 247 79 21 Under
365 246 80 22 rubrik
459 247 61 22 skatt
536 246 28 30 på
578 246 68 23 trafik
657 246 41 24 och
711 246 242 24 affärstransaktioner

199 281 41 21 har
261 281 114 21 utskottet
397 281 149 21 sammanfört
566 288 28 14 en
614 280 87 29 mängd
717 281 73 22 delvis
805 281 148 29 synnerligen

199 315 125 21 olikartade
339 315 100 29 pålagor,
455 316 70 21 bland
535 316 81 21 hvilka
631 316 89 27 stämpel
730 316 34 28 för
774 316 178 28 förskrifningar,

198 351 59 20 samt
271 350 88 27 stämpel
371 350 31 27 på
414 357 57 20 pass,
487 350 124 22 kontrakter
626 349 42 22 och
683 350 103 28 frisedlar
795 350 80 29 intaga
884 350 69 21 främ-

199 386 34 19 sta
248 391 111 14 rummen.
396 392 11 13 År
424 385 112 21 1883—84
550 384 102 29 uppgick
663 384 132 22 inkomsten
805 384 63 22 inom
879 384 75 22 denna

198 425 73 22 grupp
286 418 38 22 till
337 418 60 22 Fmk
418 420 96 26 124,791:
530 420 34 27 67,
580 426 54 14 men
649 418 47 22 tolf
709 419 25 21 år
748 426 79 14 senare
842 418 37 22 till
893 419 60 21 Fmk

198 454 133 27 237,215:70,
342 465 25 3 —
377 452 44 22 den
437 453 61 21 förra
513 460 105 14 summan
634 453 160 21 motsvarande
811 454 84 27 16,19/,,
908 453 45 21 den

198 494 79 15 senare
301 488 78 27 14,s9/,
401 487 26 22 af
447 487 201 29 stämpelskattens
670 487 162 22 bruttointrad.
861 487 91 29 Lägges

197 521 38 22 till
257 521 106 22 siffrorna
385 521 36 22 för
444 522 54 21 åren
522 523 111 21 1895—96
653 521 45 22 den
719 522 52 21 kort
786 522 62 21 förut
862 522 91 21 införda

197 557 166 28 vexelskatten,
372 557 129 22 tillkomma
511 557 81 22 härvid
600 557 134 29 ytterligare
743 557 60 22 Fmk
812 557 96 28 197,053:
918 559 33 26 70,

197 591 92 22 hvadan
307 591 68 22 trafik
393 591 43 22 och
455 591 238 22 affärstransaktioner
709 591 89 22 säledes
812 592 73 22 under
901 593 51 21 sist-

197 625 100 22 nämnda
312 627 24 20 är
351 625 105 22 effektivt
472 626 104 29 bidragit
591 626 37 21 till
642 627 160 21 inkomsterna
812 627 25 22 af
845 627 106 29 stämpel-

198 659 91 22 skatten
311 659 52 22 med
385 660 8 21 i
415 661 70 21 rundt
510 661 33 21 tal
564 661 144 28 fjerdedelen
731 663 94 27 (nogare
848 661 104 29 angifvet

199 695 42 26 14,8
252 698 22 21 +
287 695 42 27 12,3
337 695 36 27 9/5)
397 694 25 22 af
442 695 59 21 årets
519 695 52 22 hela
589 695 89 29 belopp.
714 695 146 22 Oberäknadt
874 696 77 22 vexel-

197 728 92 21 skatten
306 729 41 20 har
365 729 74 21 denna
457 729 104 28 kategori
576 729 74 22 under
664 729 65 22 tiden
746 731 141 21 1884—1894
901 731 51 20 haft

197 764 34 20 att
245 763 97 28 uppvisa
357 771 29 13 en
401 763 58 28 årlig
474 764 92 21 tillväxt
582 771 37 14 om
632 764 99 29 ungefär
742 766 29 26 7,5
779 766 34 26 %/,
825 764 42 22 och
878 765 73 22 måste

197 797 39 21 det
251 799 100 26 antagas,
368 799 34 20 att
417 797 155 30 tillökningen
587 798 70 22 äfven
672 799 121 21 framledes
809 799 58 22 skall
878 799 73 22 öfver-

197 831 60 28 stiga
272 833 48 26 29/,
336 839 40 20 per
391 833 30 20 är.

266 865 47 22 Sist
335 866 103 21 kommer
452 867 8 20 i
475 867 151 22 betraktande
649 867 44 22 den
716 867 37 22 del
776 868 26 21 af
819 875 32 14 nu
865 868 84 29 ifräga-

197 900 99 21 varande
317 900 134 29 bevillning,
475 908 49 15 som
545 902 68 28 utgär
634 901 9 22 i
666 902 60 21 form
748 902 27 21 af
795 903 94 28 stämpel
912 903 39 23 för

197 934 152 24 embetsverks
373 936 136 28 handlingar.
540 931 78 27 Äfven
637 936 9 21 i
662 937 74 21 denna
755 937 121 29 afdelning
891 938 59 22 före-

196 968 102 22 kommer
327 976 29 14 en
382 970 119 28 mängfald
526 971 27 21 af
581 971 61 21 olika
664 971 70 28 titlar,
756 971 91 22 hvilkas
867 972 83 28 jemfö-

196 1003 58 21 relse
269 1003 8 21 i
293 1003 70 29 detalj
378 1003 51 22 icke
443 1004 66 22 alltid
524 1008 24 18 är
563 1005 87 28 möjlig,
667 1005 26 21 af
712 1006 66 21 orsak
788 1008 34 19 att
831 1008 120 26 enguöter-

195 1044 41 14 nas
258 1038 159 28 uppställning
431 1038 9 20 i
454 1039 77 27 någon
554 1039 54 21 män
626 1040 88 26 vexlat;
730 1040 116 22 dessutom
862 1041 42 21 och
920 1041 29 21 dä

196 1072 33 20 ett
244 1071 68 21 exakt
326 1071 178 22 konstaterande
519 1072 25 22 af
552 1073 216 29 stämpelätgängen
780 1074 63 22 inom
852 1074 27 22 de
888 1075 61 21 olika

195 1112 130 21 grupperna
343 1106 108 21 särskildt
465 1106 9 21 i
489 1106 73 22 denna
578 1107 36 21 del
630 1107 75 21 skulle
720 1108 41 21 vid
775 1108 90 22 landets
880 1111 68 20 samt-

194 1138 49 29 liga
261 1139 124 21 domstolar
404 1140 43 21 och
466 1140 144 22 embetsverk
629 1142 113 21 erfordrat
756 1149 29 14 en
800 1143 149 29 synnerligen

195 1173 140 29 omständlig
356 1174 131 29 bokföring,
510 1175 65 21 torde
594 1183 54 14 man
667 1176 79 22 kunna
765 1178 89 27 antaga,
870 1179 34 20 att
920 1178 28 22 de

195 1207 96 28 angifna
309 1207 106 23 siffrorna
436 1208 50 22 icke
509 1210 157 28 oväsentligen
685 1210 111 22 bestämts
810 1218 84 22 genom
909 1220 38 21 ap-

194 1242 159 26 proximation.
369 1242 81 22 Första
463 1245 99 19 rummet
576 1244 63 21 inom
656 1252 104 20 gruppen
774 1245 90 28 intages
879 1246 8 21 i
903 1246 45 22 alla

193 1274 42 21 fall
257 1275 26 21 af
303 1275 88 27 stämpel
411 1276 36 26 för
467 1276 135 22 embetsverks
624 1278 154 27 expeditioner,
802 1279 36 21 för
856 1279 92 27 hufvud-

193 1308 88 28 skrifter
299 1308 43 22 och
357 1308 86 30 bilagor,
459 1310 119 22 äfvensom
593 1311 37 21 för
644 1311 124 28 fullmakter
782 1312 43 22 och
840 1313 108 29 lysnings-

193 1342 76 23 sedlar.
288 1343 135 22 Inkomsten
437 1344 64 22 inom
516 1344 51 23 hela
582 1352 103 22 gruppen
700 1346 108 29 utgjorde
823 1347 25 22 är
865 1348 82 22 1883—

194 1378 28 21 84
236 1377 60 22 Fmk
318 1379 133 28 389,980:59,
475 1387 52 14 men
546 1380 24 21 är
590 1381 112 22 1895—96
716 1381 60 22 Fmk
795 1383 98 28 563,353:
913 1384 33 27 55,

262 1418 207 24 Bevillningsutskottets
481 1420 110 19 betänkande
602 1421 34 18 N:o
649 1422 18 17 2.
