1045 1714
323 111 28 24 U.
368 113 28 22 B.
413 125 27 4 —
454 113 75 29 Prop.
545 114 42 23 N:o
602 114 39 24 22.
834 122 26 22 37

314 187 61 22 egare
395 182 54 28 sjelf
460 182 52 22 idka
521 183 51 28 jagt
586 184 13 21 ä
614 184 42 21 den
671 185 111 28 samfälda
797 192 62 15 mar-

313 215 52 27 ken;
381 223 51 14 men
447 217 21 27 ej
482 217 37 22 mä
533 218 52 27 han,
595 218 74 22 sävidt
682 219 21 28 ej
717 219 144 22 annorlunda

312 251 84 20 mellan
422 251 124 28 delegarene
572 253 207 27 öfverenskommits,
802 254 58 21 med-

311 283 64 28 gifva
389 291 79 15 annan
482 287 45 20 rätt
542 287 33 20 att
583 287 57 27 jaga
654 287 114 27 derstädes,
781 287 22 28 ej
816 288 45 21 hel-

314 318 30 21 ler
358 320 56 20 utan
430 319 25 21 de
470 319 80 28 öfriges
565 320 35 28 lof
611 320 37 22 der
663 321 96 28 begagna
773 321 85 28 fängst-

313 353 73 26 medel,
402 360 47 14 som
464 353 10 21 i
490 355 29 20 24
533 354 15 27 $
562 356 55 26 sägs.

558 452 12 21 5
587 451 21 28 &.

369 494 19 28 Ä
403 501 123 29 kronopark
540 503 39 22 och
594 503 96 21 kronans
705 503 154 28 odisponerade

312 536 64 21 mark
396 543 59 15 vare
475 537 67 28 ingen
564 537 120 29 berättigad
702 540 33 19 att
749 538 51 22 idka
809 539 52 28 jagt

312 573 56 19 utan
384 571 118 28 behörigt
518 572 106 22 tillstånd.

562 665 14 20 6
589 665 21 26 8.

374 715 38 22 Ute
429 715 32 28 pä
479 719 73 25 öppna
570 716 75 28 hafvet
658 719 59 19 samt
731 717 10 21 i
755 717 105 28 skärgärd

310 750 31 28 pä
363 750 85 28 klippor
471 751 38 21 och
531 751 56 26 skär,
610 758 47 14 som
679 751 55 22 visst
755 752 104 21 hemman

311 785 45 21 icke
375 785 78 27 tillydä
473 786 39 21 och
530 785 133 28 beträffande
680 785 76 22 hvilka
773 786 45 22 icke
833 788 27 19 är

312 820 52 21 eller
384 821 77 20 varder
482 821 141 22 annorlunda
644 821 143 28 föreskrifvet,
808 828 51 15 vare

310 855 48 28 jagt
376 855 82 22 enhvar
476 856 28 27 af
515 855 110 22 Finlands
640 855 108 22 invånare
764 856 93 21 tillåten.

564 953 47 28 7$.

369 999 33 26 Är
420 1011 79 21 genom
519 1005 51 21 dom
588 1005 50 21 eller
649 1004 32 28 på
696 1006 72 20 annat
783 1004 76 28 lagligt

311 1041 45 19 sätt
376 1045 36 15 om
427 1039 95 28 jagträtt
540 1039 14 21 å
572 1039 67 27 något
652 1039 62 21 ställe
730 1039 127 21 annorledes

313 1073 105 21 bestämdt
429 1075 30 19 än
468 1073 10 21 i
488 1073 72 22 denna
570 1073 131 28 förordning
711 1073 146 28 föreskrifves,

312 1107 103 28 förblifve
431 1108 34 21 det
478 1109 109 26 gällande.

562 1205 14 20 8
590 1205 21 26 8.

374 1255 60 28 Vilja
458 1263 60 20 egare
545 1255 62 21 eller
633 1255 175 28 innehafvare
833 1255 30 28 af

312 1290 70 21 skilda
405 1290 127 27 lägenheter,
555 1289 86 22 hvilkas
661 1297 50 20 egor
727 1292 82 27 gränsa
824 1290 35 21 till

312 1324 134 27 hvarandra,
469 1325 29 26 af
518 1325 48 20 dem
592 1324 58 21 bilda
675 1326 29 19 ett
724 1326 135 25 gemensamt

311 1357 135 27 jagtområde
465 1357 49 21 med
534 1357 85 21 ordnad
629 1356 113 28 jagtvård,
758 1359 101 26 upprätte

312 1392 85 21 derom
419 1391 133 28 skriftligt
574 1392 67 20 samt
661 1390 32 28 af
711 1391 85 21 kända
815 1391 44 20 och

314 1425 150 29 trovärdiga
483 1425 103 22 vittnen
603 1425 84 28 styrkt
705 1425 74 28 aftal.
812 1425 46 25 Sä-

176 1473 46 22 Lag-
235 1474 27 16 och
275 1473 167 17 Ekonomiutskottets
454 1473 103 16 betänkande
568 1473 34 16 N:o
614 1477 17 16 4.
