1042 1700
96 298 12 30 8
128 300 32 20 12.

198 122 25 19 14
409 119 27 23 U.
451 120 28 22 B.
494 133 29 3 —
539 120 73 29 Prop.
628 120 44 22 N:o
688 120 37 22 19.

193 198 34 14 om
247 192 84 21 brottet
352 190 123 23 förvunnen
498 192 40 21 och
561 191 80 22 förlust
666 190 24 22 af
704 191 171 28 medborgerligt
895 190 45 22 för-

192 227 92 22 troende
299 228 29 26 pä
343 228 46 21 viss
405 226 33 22 tid
463 227 77 22 honom
563 227 109 27 ädömdes,
689 226 44 22 slik
752 227 115 21 valbarhet
882 227 58 21 äter-

193 263 102 22 inträdde
311 263 24 21 sä
351 264 62 20 snart
428 262 71 22 denna
515 263 33 21 tid
563 262 155 27 tilländalupit.

264 298 98 22 Emedan
378 298 8 22 i
401 298 145 28 lagförslaget
562 298 81 22 saknas
660 298 121 28 stadgande
795 298 78 27 derom,
883 298 58 23 huru

193 335 132 27 expedition,
342 341 45 15 som
399 334 24 22 af
430 334 251 28 förmyndarenämnden
692 334 107 28 utfärdas,
810 335 40 21 bör
860 335 80 22 under-

193 371 91 22 tecknas
307 370 40 22 och
366 370 115 22 Utskottet
497 373 73 19 ansett
585 372 33 20 ett
634 370 78 22 sådant
728 370 122 28 stadgande
866 370 24 22 af
903 372 36 21 be-

188 407 81 23 hofvet
291 406 120 28 påkalladt,
436 407 40 21 har
499 408 115 21 Utskottet
635 407 8 21 i
664 409 26 19 12
707 407 12 29 $
735 407 75 27 tillagt
825 409 33 20 att
873 407 65 23 dessa

193 444 150 27 expeditioner
359 444 54 21 böra
429 444 12 21 å
457 444 120 22 nämndens
591 445 84 25 vägnar
686 443 161 22 undertecknas
858 444 25 22 af
891 444 48 22 ord-

192 480 111 21 föranden.

262 515 35 21 Då
320 515 181 22 medlemmarnes
517 516 7 20 i
540 515 221 27 förmyndarenämnd
778 516 138 27 åligganden,
933 516 7 21 i

193 552 41 21 den
257 551 156 28 utsträckning
436 551 27 22 de
487 552 89 21 erhållit
598 551 8 22 i
630 551 152 28 lagförslaget,
806 552 98 22 medföra
920 552 19 27 ej

192 588 64 27 ringa
285 587 126 22 tidsförlust
439 588 68 27 jemte
532 587 172 23 resekostnader
730 588 39 21 och
792 587 83 28 jemväl
901 590 38 19 äro

191 623 106 22 förenade
317 623 50 22 med
387 630 87 21 ansvar,
492 624 88 27 stadgas
598 624 31 21 uti
647 625 27 20 14
689 623 13 29 &
718 626 33 19 att
767 623 27 22 de
809 624 53 21 böra
878 624 61 27 njuta

192 659 67 28 årligt
285 659 82 22 arvode
393 659 58 22 efter
478 661 85 20 rättens
585 659 170 28 bestämmande,
776 659 8 21 i
806 659 48 22 stad
875 660 65 27 högst

192 702 27 15 en
235 697 90 25 procent
341 696 40 21 och
395 696 29 27 på
440 695 76 22 landet
530 696 66 27 högst
612 702 27 15 en
656 696 39 21 och
711 701 27 16 en
754 695 49 22 half
816 697 91 25 procent
917 695 24 22 af

191 731 114 28 omyndigs
329 731 102 28 samtliga
453 733 76 20 räntor
553 732 40 21 och
610 731 68 21 andra
693 731 104 22 behållna
812 731 127 22 inkomster.

191 767 67 22 Detta
282 767 120 27 stadgande
425 767 68 21 hafva
515 767 69 28 några
608 767 120 22 ledamöter
752 767 58 22 inom
826 767 114 22 Utskottet

191 805 73 20 ansett
287 803 74 22 kunna
384 803 72 22 tolkas
480 803 92 22 sålunda
595 805 33 20 att
643 803 49 22 med
708 803 68 22 orden
794 821 4 9 ,
800 805 83 25 räntor
898 803 40 21 och

191 839 68 22 andra
275 839 103 22 behållna
393 839 133 22 inkomster"
544 839 68 22 borde
627 838 83 23 förstås
726 839 66 22 äfven
809 839 68 22 sådan
893 839 44 21 till-

191 875 82 28 ökning
296 876 8 21 i
327 875 114 28 omyndigs
466 875 157 28 förmögenhet,
648 881 44 15 som
709 875 135 27 uppkommit
860 881 77 21 genom

191 911 40 27 arf,
255 913 133 21 testamente
412 911 55 22 eller
487 911 71 28 gåfva.
591 911 75 22 Såsom
682 911 49 22 stöd
747 910 35 23 för
798 911 70 21 denna
883 916 54 21 upp-

190 947 97 28 fattning
301 947 42 22 har
358 947 90 27 anförts,
466 949 32 20 att
514 947 30 22 uti
561 949 14 19 4
591 953 61 15 mom.
670 948 26 20 55
714 946 12 28 &
744 946 24 22 af
781 946 157 27 förordningen

191 983 42 22 den
245 985 12 20 8
269 984 115 22 december
397 985 55 20 1873
464 983 113 28 angående
588 982 263 28 kommunalförvaltning
861 983 7 20 i
880 982 55 28 stad,

192 1019 79 22 sådant
286 1020 61 21 detta
362 1021 94 20 moment
472 1019 62 27 lyder
550 1019 7 21 i
572 1018 158 28 förordningen
747 1018 42 22 den
807 1020 25 19 15
850 1018 87 27 augusti

193 1057 63 26 1883,
272 1055 151 27 uttryckligen
445 1055 111 22 förklaras
580 1056 33 19 att
628 1054 71 21 såsom
724 1054 101 22 skattbar
842 1053 97 22 inkomst

191 1091 57 21 skall
274 1091 67 21 bland
367 1092 66 19 annat
459 1097 63 14 anses
551 1090 284 26 förmögenhetstillökning
860 1095 77 21 genom

191 1126 72 28 gåfva,
287 1126 40 26 arf,
351 1127 138 26 testamente,
511 1125 162 28 fideikommiss,
696 1125 60 27 fynd,
780 1125 93 27 pension
888 1125 49 21 med

191 1168 65 16 mera.
289 1162 43 21 Till
356 1161 178 22 förekommande
558 1160 24 22 af
604 1167 26 15 en
647 1161 67 21 sådan
732 1160 48 22 med
796 1160 143 28 stadgandets

191 1198 60 27 syfte
271 1197 49 21 icke
343 1196 240 22 öfverensstämmande
606 1196 142 27 uppfattning
770 1196 39 21 har
824 1196 115 22 Utskottet

191 1234 79 21 ändrat
286 1233 119 21 detsamma
422 1233 97 24 sålunda,
531 1234 32 19 att
574 1231 263 28 förmyndarenämndens
849 1234 90 24 procent

191 1269 58 21 skall
272 1268 53 27 utgå
348 1274 26 15 ur
397 1268 28 21 de
448 1268 127 26 omyndigas
599 1268 103 20 behållna
718 1266 220 28 kapitalafkastning,

191 1304 211 21 lefnadskostnaden
418 1303 49 21 icke
484 1302 112 22 afräknad.

262 1338 84 22 Genom
365 1339 70 21 denna
455 1338 115 26 aftattning
586 1338 138 21 underlättas
743 1337 66 22 äfven
824 1338 115 22 besvaran-

191 1375 38 21 det
244 1374 25 21 af
282 1374 77 26 frågan
375 1373 108 22 huruvida
499 1374 37 21 vid
550 1373 132 27 försäljning
696 1373 24 21 af
729 1373 55 27 skog
800 1373 49 21 från
866 1379 72 21 omyn-

191 1410 49 27 digs
256 1410 106 26 fastighet
377 1410 42 20 den
437 1408 250 27 förmyndarenämnden
709 1408 163 22 tillkommande
890 1415 49 20 pro-

263 1457 136 22 Lagutskottets
412 1456 116 18 betänkande
540 1456 37 18 N:o
589 1456 17 18 4.
