1048 1711
105 488 19 30 8
143 491 34 20 11.

203 101 27 20 10
410 99 28 21 U.
454 98 27 22 B.
509 111 17 2 —
542 98 75 28 Prop.
632 98 46 22 N:o
693 98 36 21 14.

202 170 132 20 förekomma
352 173 32 17 att
402 170 32 20 för
450 169 207 22 skadeständstalan
668 169 69 27 enligt
748 169 147 22 förevarande
904 169 46 26 lag-

200 202 86 30 förslag
305 204 73 22 införa
398 211 27 14 en
445 210 72 16 annan
539 204 201 28 preskriptionstid,
761 205 60 21 helst
839 210 27 16 en
882 204 68 21 sådan

201 240 140 27 bestämning
364 240 40 22 ock
431 240 65 22 ledde
516 240 83 22 derhän
620 242 39 25 att,
683 246 34 15 om
737 240 37 22 vid
791 246 28 16 en
835 240 115 27 jernvägs-

202 276 78 26 olycka
306 276 134 26 exempelvis
464 276 56 21 både
541 276 94 21 resande
651 276 39 20 och
706 276 8 20 i
729 276 68 27 tjenst
814 276 63 21 stadd
891 275 59 27 jern-

202 311 170 28 vägsbetjening
387 311 97 28 skadats,
501 312 28 21 de
545 311 72 22 förres
633 311 60 22 talan
710 311 72 22 skulle
797 311 154 27 preskriberas

202 345 58 24 inom
278 349 33 20 ett
329 347 32 27 är,
383 347 78 22 medan
484 347 26 22 de
527 353 78 16 senare
621 347 28 26 pä
665 347 70 26 grund
753 347 24 22 af
791 347 12 28 &
819 348 29 20 24
863 347 7 21 i
887 347 64 27 lagen

202 383 25 22 af
248 383 42 22 den
314 385 12 19 5
351 383 115 22 december
494 385 56 20 1895
572 383 55 21 hade
643 383 35 21 sin
694 383 60 21 talan
770 383 96 22 bevarad
883 383 68 21 under

202 419 38 22 två
260 419 38 21 års
318 419 38 21 tid.
383 419 114 22 Utskottet
518 419 40 21 har
574 418 75 22 derför
664 418 111 28 tillstyrkt
791 419 41 21 den
844 418 25 21 af
877 419 74 27 lagbe-

202 455 123 27 redningen
341 454 127 28 föreslagna
483 455 197 26 preskriptionstid
696 454 25 22 af
733 455 39 21 tvä
787 455 31 21 är.

273 491 100 21 Emedan
389 491 70 27 enligt
470 491 13 28 8
496 493 12 18 9
520 490 66 22 äfven
595 491 182 27 järnvägsegare,
790 497 44 15 som
846 491 23 22 ät
880 497 70 14 annan

203 527 114 22 ofverlätit
336 526 33 22 sin
390 529 47 19 rätt
452 529 33 19 att
502 527 12 21 &
529 527 124 27 jernvägen
671 527 104 21 befordra
790 533 107 21 personer
912 527 39 20 och

202 563 54 27 gods
273 564 56 20 samt
345 562 86 22 säledes
445 563 49 20 icke
505 563 78 26 längre
594 564 25 19 är
630 561 145 23 innehafvare
786 562 25 21 af
819 562 132 27 densamma,

203 598 66 22 äfven
293 598 69 21 under
381 598 60 22 vissa
459 598 74 22 vilkor
555 598 44 21 kan
615 598 91 27 äläggas
722 599 33 20 att
771 597 86 27 utgifva
873 598 78 22 skade-

203 634 71 26 stånd,
292 634 40 21 har
348 633 34 23 för
397 634 210 26 fullständighetens
624 634 59 21 skull
695 634 174 27 jernvägsegare
881 634 7 21 i
899 633 13 27 &
927 636 24 18 11

203 670 40 21 ock
254 672 88 19 nämnts
351 670 68 27 jemte
431 670 150 22 innehafvare.
599 670 64 21 Hvad
673 669 109 22 beträffar
793 669 69 23 forum
871 669 35 22 för
915 676 36 14 an-

203 706 150 22 ställande-af
367 712 27 15 en
411 706 69 21 sådan
496 706 163 26 rättelsetalan,
676 712 45 15 som
737 706 7 20 i
761 705 12 29 $
792 708 22 19 11
835 706 65 27 afses,
913 706 39 21 har

203 742 114 21 Utskottet
336 744 74 19 ansett
432 741 145 27 paragrafens
597 741 138 26 ordalydelse
754 742 49 21 med
819 741 133 26 erforderlig

204 777 110 26 tydlighet
332 776 188 27 vidhandengifva
539 778 13 21 ä
563 783 41 16 ena
620 777 61 21 sidan
699 779 32 19 att
747 778 66 26 talan,
825 783 44 16 som
880 777 72 21 riktas

204 815 57 19 emot
281 813 254 26 jernvägsinnehafvare
550 813 7 21 i
574 812 59 28 syfte
654 815 33 18 att
709 813 94 22 utverka
822 813 91 27 höjning
931 812 24 21 af

204 848 114 22 faststäldt
334 848 234 27 skadeständsbelopp,
585 849 40 20 bör
640 849 129 21 instämmas
785 849 35 20 till
836 849 42 20 den
894 849 58 20 dom-

204 884 48 25 stel,
269 883 40 23 der
320 884 42 21 han
374 884 70 26 enligt
455 883 12 28 $
481 885 25 19 10
518 884 25 21 af
551 883 146 27 lagförslaget
707 883 59 22 skall
777 884 65 21 sökas
853 884 8 20 i
872 886 79 19 ersätt-

203 920 117 26 ningsmäl,
349 920 90 20 hvarom
464 920 4 20 i
494 919 109 27 förslaget
634 919 97 27 stadgas,
759 921 56 20 samt
843 920 13 20 ä
884 920 69 20 andra

204 956 62 20 sidan
283 958 33 18 att
329 955 259 27 jernvägsinnehafvare,
601 961 44 15 som
657 955 41 21 vill
714 955 87 27 päyrka
812 955 143 27 nedsätining

205 992 55 21 eller
277 990 154 28 upphäfvande
448 991 24 21 af
485 991 90 21 utdömd
591 990 132 28 ersättning,
735 991 40 21 har
791 993 32 19 att
838 991 116 21 instämma

205 1028 49 27 den,
272 1034 44 14 som
332 1027 86 27 tillagts
435 1027 160 27 ersättningen,
607 1026 35 22 till
658 1026 42 22 den
717 1027 99 26 domstol,
828 1027 39 21 der
883 1027 71 22 denne

206 1069 52 21 eger
274 1069 66 15 svara
356 1063 7 21 i
381 1062 158 28 fordringsmäl
555 1063 7 21 i
579 1062 124 22 allmänhet.

278 1098 48 22 Den
348 1098 43 21 fria
412 1098 203 27 bevispröfningen,
632 1104 45 15 som
691 1098 7 21 i
713 1098 12 28 $
745 1100 25 19 12
787 1100 25 19 är
828 1098 125 28 föreslagen

205 1137 33 18 att
261 1134 84 21 införas
372 1134 28 26 pä
416 1140 29 15 nu
463 1134 170 27 ifrägavarande
649 1134 248 27 lagstiftningsomräde,
914 1134 41 21 har

205 1170 7 21 i
224 1169 69 22 andra
310 1169 78 22 länder
404 1169 153 27 undanträngt
572 1169 41 21 den
628 1169 7 21 i
648 1169 57 21 finsk
722 1171 45 19 rätt
784 1171 57 19 ännu
858 1169 97 22 rädande

206 1212 16 15 s.
238 1206 21 20 k.
276 1205 72 27 legala
364 1205 55 21 eller
435 1204 100 22 formella
551 1205 141 21 bevisteorin.
717 1205 41 21 Att
774 1205 24 20 sä
814 1204 66 22 äfven
895 1205 60 21 kom-

206 1247 46 15 mer
268 1243 33 18 att
317 1241 40 20 ske
373 1241 39 20 hos
429 1247 35 14 oss
476 1240 37 21 vid
530 1240 42 21 den
588 1239 141 22 förestäende
745 1239 109 23 reformen
871 1240 24 21 af
906 1247 49 20 pro-

206 1275 225 27 cesslagstiftningen,
461 1275 63 21 torde
552 1275 49 21 med
633 1275 86 22 visshet
749 1275 74 21 kunna
853 1275 102 22 förutses.

206 1311 236 27 Rättstillämpningen
463 1311 41 21 har
524 1310 68 22 redan
611 1311 66 27 länge
696 1311 58 22 visat
770 1317 27 15 en
814 1311 93 22 tendens
923 1314 34 19 att

206 1347 84 28 frigöra
324 1347 35 28 sig
391 1347 51 22 frän
469 1347 77 28 lagens
581 1347 126 27 fordringar
737 1348 34 21 att
801 1348 38 21 tvä
869 1348 87 22 vittnen

206 1384 64 21 skola
293 1389 65 17 anses
383 1385 71 20 såsom
478 1383 77 28 ,fullt*
575 1386 56 19 samt
648 1386 32 19 ett
695 1383 72 22 vittne
783 1384 71 22 såsom
872 1383 83 29 ,halft*

279 1426 136 22 Lagutskottets
428 1426 117 17 betänkande
557 1426 38 18 N:o
608 1426 15 17 1.
