1048 1706
424 121 28 23 U.
469 120 28 22 B.
512 134 28 2 —
555 120 74 28 Prop.
645 120 45 23 N:o
706 121 39 22 22.

602 189 32 19 22
648 189 21 27 $.
687 189 41 26 (23
742 189 28 26 $).

468 233 31 28 Ej
516 234 32 21 mä
559 234 41 21 vid
617 234 127 28 fägelskytte
755 234 81 21 bulvan
844 235 116 27 uppsättas

410 270 105 19 närmare
530 274 90 15 annans
634 268 26 21 rä
675 270 30 18 än
721 268 125 22 tvähundra
861 270 73 20 meter.

594 338 32 20 23
640 338 20 26 $.
695 338 39 26 (24
748 337 32 27 8).

469 382 137 28 Hädanefter
626 390 50 14 vare
693 383 116 27 förbjudet,
825 384 49 20 med
888 382 73 21 nedan

412 417 102 27 stadgade
539 417 121 27 undantag,
685 418 33 20 att
741 417 37 28 för
801 416 112 29 fängande
935 416 29 28 af

412 451 82 28 nyttigt
515 451 56 21 vildt
590 452 105 20 använda
716 451 70 28 giller,
802 451 29 28 af
842 451 58 22 hvad
913 451 47 27 slag

413 485 34 21 det
462 492 53 15 vara
530 485 44 21 mä.

469 520 70 21 Hare
568 520 40 21 mä
637 520 126 27 öfverallt
788 519 96 28 fångas
908 519 55 22 med

412 561 81 14 snara
513 554 85 21 under
617 554 72 21 tiden
704 554 63 28 från
786 554 44 22 och
845 555 55 20 med
914 554 48 21 den

414 590 11 19 1
440 587 136 22 December
591 588 77 21 intill
682 589 48 21 den
744 589 12 26 1
771 588 76 22 Mars.

471 623 16 20 I
498 623 196 28 Lappmarkens
710 623 83 22 härad
807 623 45 22 och
866 622 96 22 Kuola-

413 657 72 26 järvi
499 657 93 22 socken
610 657 29 28 af
658 657 63 21 Kemi
731 657 82 22 härad
822 664 68 15 vare
901 657 61 21 till-

415 691 74 22 lätei
514 693 44 20 att
580 691 68 28 från
665 691 175 28 jagttidens
856 691 106 28 början

415 726 52 21 till
489 727 53 20 den
564 728 13 18 1
601 726 157 21 December
782 726 95 27 begagna
898 726 63 27 fälla,

415 767 46 14 som
483 762 27 19 är
532 761 70 26 egnad
622 762 32 19 att
666 762 78 25 genast
758 760 56 21 döda
828 759 133 27 villebrädet,

414 796 59 19 samt
492 796 33 19 att
538 794 73 27 från
626 794 50 21 och
688 795 61 20 med
763 795 53 20 den
832 795 34 20 10
884 793 80 22 Okto-

415 828 48 21 ber
487 828 52 21 till
563 829 53 20 den
640 830 12 19 1
676 829 157 21 December
859 829 104 20 använda

415 870 68 14 snara
498 863 36 27 för
548 863 76 28 fängst
639 863 25 28 af
679 863 32 21 all
724 863 59 28 slags
794 863 121 28 skogsfägel
925 863 39 21 och

415 897 66 27 äfven
503 897 92 28 derefter
612 897 62 22 intill
688 897 222 28 fridlysningstidens
924 897 38 21 in-

413 931 59 28 gång
488 932 36 26 för
538 931 120 28 ripfångst.

489 965 159 22 Vederbörande
663 966 129 21 kommuner
806 973 35 20 ege
856 965 52 22 dock
918 967 46 19 rätt

415 1001 33 19 att
467 1000 61 20 inom
544 1000 40 20 sitt
598 999 86 22 område
699 999 104 28 förbjuda
818 999 145 21 användande

415 1034 28 27 af
454 1041 33 14 nu
501 1035 68 26 sagda
582 1034 71 27 giller.

483 1068 71 21 Katsa
569 1068 57 21 skall
640 1075 54 14 vara
708 1068 26 21 så
748 1068 105 27 inrättad,
868 1068 33 21 att
915 1068 48 21 dess

415 1103 111 26 mynning
547 1102 66 27 äfven
635 1102 38 21 vid
697 1102 70 27 lägsta
782 1101 140 22 vattenstånd
936 1103 26 19 är

416 1137 108 20 tillsluten
539 1136 68 27 ofvan
617 1138 84 19 vattnet
710 1137 60 20 ända
781 1136 35 21 till
826 1137 135 26 vattenytan.

598 1211 28 20 24
641 1211 20 26 $.
696 1211 41 28 (25
751 1210 33 28 8.

488 1256 64 26 Grop,
568 1262 46 19 sax,
628 1255 64 27 stäng
703 1255 51 21 eller
764 1261 76 15 annan
852 1255 36 27 för
897 1256 66 19 män-

415 1289 76 21 niskor
505 1289 51 21 eller
570 1289 94 28 husdjur
678 1289 69 27 farlig
762 1289 85 21 anstalt
860 1289 36 27 för
910 1288 54 28 fän-

413 1323 72 29 gande
508 1323 29 28 af
548 1323 122 28 skadedjur,
686 1323 25 21 så
726 1323 37 22 ock
776 1323 118 28 förgiftadt
908 1323 55 22 lock-

417 1358 44 21 bete
483 1358 37 21 må
541 1358 20 27 ej
575 1358 97 21 inrättas
686 1358 51 21 eller
751 1359 95 20 utsättas
860 1360 103 19 närmare

415 1395 31 19 än
465 1393 32 28 på
520 1393 165 21 tvåhundra
707 1394 78 21 meters
805 1393 91 28 afstånd
909 1392 55 29 från

415 1427 113 22 allmän
548 1429 41 26 väg
611 1428 51 21 eller
682 1434 89 15 annans
787 1427 144 28 bostadstomt,
947 1429 20 26 ej

277 1475 46 20 Lag-
336 1475 26 16 och
375 1475 168 17 Ekonomiutskottets
556 1475 103 16 betänkande
670 1475 34 16 N:o
716 1480 17 15 4.
