1048 1711
420 109 55 22 N:o
492 110 52 23 14.

305 359 71 25 Hans
403 360 168 32 Kejserliga
597 360 151 32 Majestäts
776 360 81 32 nädiga

237 406 139 32 proposition
395 406 34 25 till
449 406 104 26 Finlands
572 407 95 25 Ständer
684 407 115 32 angäende
817 415 40 18 an-

238 451 116 31 svarighet
375 452 38 24 för
436 452 70 25 skada
529 453 8 24 i
555 452 58 32 följd
636 453 27 24 af
681 453 175 31 jernvägsdrift.

168 519 74 27 Enligt
256 520 121 26 grunderna
387 520 7 21 i
405 520 84 21 landets
505 521 108 21 allmänna
629 520 132 28 lagstiftning
775 521 81 27 äligger

100 553 121 26 skyldighet
243 556 33 19 att
298 554 82 27 utgifva
402 554 129 22 skadeständ
546 555 7 21 i
568 556 72 26 regeln
657 556 76 20 endast
748 556 47 26 den,
810 561 45 16 som

100 587 38 22 bär
161 587 63 22 skuld
247 588 33 21 till
302 588 88 21 skadan.
421 588 33 21 Då
476 589 97 22 vållande
594 589 34 21 till
651 589 66 22 skada
736 590 7 20 i
762 589 54 28 följd
835 589 23 22 af

98 621 152 28 jernvägsdrift
270 623 67 21 sällan
352 623 42 21 kan
411 623 112 21 tillräknas
539 623 151 22 innehafvaren
706 623 23 22 af
740 624 115 27 jernvägen

100 657 140 26 personligen,
256 657 40 21 har
318 657 47 26 den,
380 663 46 15 som
450 657 101 22 drabbats
570 657 23 22 af
611 657 58 28 dylik
684 657 73 28 skada,
773 658 83 21 säledes

101 691 67 27 enligt
190 691 99 27 gällande
312 693 44 20 rätt
378 692 61 27 ringa
454 693 68 26 utsigt
537 694 33 20 att
584 693 137 21 utbekomma
737 693 119 27 ersättning

100 726 24 21 af
135 726 128 27 jernvägens
281 727 143 27 innehafvare,
440 727 67 22 ehuru
526 728 76 26 denne,
618 729 69 20 säsom
707 727 101 28 ansvarig
823 727 33 22 för

100 760 82 21 banans
198 761 37 21 och
252 761 147 22 driftmedlens
414 761 146 22 beskaffenhet
575 764 56 19 samt
646 762 33 21 för
695 764 31 19 ett
735 761 121 28 sorgfälligt

101 795 38 21 och
164 795 88 27 kunnigt
277 795 164 22 handhafvande
464 797 22 20 af
506 796 187 27 jernvägsdriften,
717 802 63 21 synes
803 797 54 20 böra

100 831 109 25 gentemot
225 830 39 21 den
280 830 151 22 skadelidande
447 833 95 20 närmast
557 831 32 21 stä
600 831 7 21 i
618 831 137 26 ansvarighet
771 831 32 21 för
814 831 41 22 den

100 869 76 21 genom
200 863 79 22 driften
302 864 137 22 förorsakade
463 865 66 21 skada
551 867 56 19 samt
629 864 61 22 äfven
705 865 7 21 i
728 865 99 21 afseende
843 865 13 21 &

101 897 171 28 vederhäftighet
288 900 69 20 mäste
372 905 62 15 anses
450 899 88 27 erbjuda
548 900 65 26 nödig
623 899 102 21 säkerhet
734 899 35 21 för
779 900 76 20 skade-

100 932 97 21 ständets
216 932 108 22 utfäende.
354 933 48 21 Med
422 934 87 26 hänsigt
523 934 74 21 härtill
613 934 40 20 har
667 934 189 26 Lagberedningen

100 966 88 21 erhällit
202 967 7 21 i
224 968 96 26 uppdrag
336 969 32 19 att
383 968 100 21 utarbeta
498 968 81 27 förslag
594 968 33 21 till
643 968 66 21 sädan
720 967 136 28 lagstiftning

100 1001 7 21 i
123 1001 78 25 ämnet,
218 1001 136 27 hvarigenom
377 1008 25 15 en
425 1002 155 22 vidsträcktare
603 1002 137 27 ansvarighet
763 1004 27 19 än
809 1009 47 15 som

100 1035 43 21 kan
166 1035 99 22 härledas
288 1042 25 15 ur
335 1036 84 22 landets
442 1037 107 21 allmänna
564 1037 35 27 lag
614 1037 69 21 blefve
696 1037 160 27 jernvägsinne-

101 1070 87 21 hafvare
206 1070 71 27 älagd;
294 1071 39 21 och
348 1071 65 22 sedan
430 1072 68 27 dylikt
512 1072 83 27 förslag
605 1071 110 22 aflemnats
727 1074 57 19 samt
793 1072 63 21 Jern-

100 1105 162 26 vägsstyrelsen,
279 1105 83 22 landets
384 1106 111 22 Hofrätter
515 1107 107 20 äfvensom
639 1102 167 31 Öfverstyrelsen
823 1107 33 20 för

100 1140 50 24 väg-
172 1139 40 20 och
235 1139 227 27 vattenbyggnaderna
485 1140 96 21 deröfver
605 1139 82 27 afgifvit
709 1140 148 27 underdäniga

101 1171 132 28 utlätanden,
250 1172 39 22 har
307 1173 59 21 Hans
381 1173 119 27 Kejserliga
514 1174 108 27 Majestät,
638 1174 6 20 i
664 1174 105 26 väsentlig
788 1173 68 22 öfver-

101 1207 159 21 ensstämmelse
277 1207 47 21 med
340 1207 55 21 hvad
409 1208 190 27 Lagberedningen
615 1207 118 27 föreslagit,
745 1208 48 21 lätit
803 1214 53 21 upp-

101 1242 53 25 göra
169 1242 69 20 nedan
254 1242 87 26 intagna
356 1242 80 27 förslag
451 1242 32 21 till
499 1242 35 27 lag
549 1242 108 27 angäende
673 1242 136 27 ansvarighet
823 1242 33 21 för

101 1275 68 21 skada
186 1275 5 21 i
208 1275 91 27 följd
274 1271 24 36 af
310 1276 160 26 jernvägsdrift.

170 1310 32 21 De
222 1310 99 28 grunder,
337 1311 28 26 pä
387 1311 73 21 hvilka
482 1311 137 27 lagförslaget
642 1311 75 26 hvilar,
733 1313 38 19 äro
787 1311 6 21 i
809 1311 47 21 huf-

102 1344 92 24 vudsak;:
210 1347 32 18 att
258 1345 138 20 innehafvare
410 1345 23 20 af
445 1346 88 26 jernväg
548 1348 24 18 är
587 1346 84 25 skyldig
686 1348 33 18 att
733 1345 34 21 för
781 1346 75 25 skada,

101 1384 45 14 som
162 1378 7 20 i
185 1378 50 26 följd
252 1378 24 20 af
287 1378 126 27 jernvägens
433 1378 52 22 drift
500 1379 93 21 drabbar
609 1378 89 21 resande
714 1378 13 21 &
739 1379 117 27 jernvägen

101 1412 33 21 till
157 1418 84 20 person,
258 1412 82 27 utgifva
363 1412 135 27 skadeständ,
514 1412 91 21 säframt
627 1412 80 22 skadan
727 1412 47 22 icke
790 1412 67 22 föror-
