1042 1709
310 105 29 23 U.
355 106 26 22 B.
400 118 24 3 —
440 105 73 28 Prop.
528 106 42 22 N:o
586 104 34 23 15.

364 476 363 27 Bevillningsutskottets
750 476 94 22 betän-

295 510 89 22 kande
402 510 49 22 N:o
469 511 13 21 ?
501 511 9 21 i
526 510 128 27 anledning
669 510 28 22 af
708 511 66 21 Hans
788 510 56 29 Kej-

295 544 90 27 serliga
399 544 121 28 Majestäts
536 544 88 27 nådiga
638 545 150 27 proposition
803 544 41 23 N:o

297 578 27 22 15
339 578 120 27 angående
475 578 239 28 stämpelbevillning.

159 652 177 21 Ofvannämnda
358 651 87 29 nådiga
468 652 145 28 proposition
636 652 41 21 har
696 652 26 21 af
738 652 107 28 samtliga

91 685 69 23 stånd
181 686 144 28 hänskjutits
347 686 38 20 till
407 686 271 28 Bevillningsutskottet,
699 693 48 15 som
768 686 77 22 tillika

91 720 92 22 erhållit
201 720 38 21 del
257 720 26 22 af
299 720 28 22 de
346 720 143 28 uttalanden,
505 720 81 22 hvilka
600 720 9 20 i
624 720 97 22 stånden
738 721 106 28 afgifvits

90 754 41 22 vid
154 754 105 22 ärendets
281 754 88 22 remiss.
407 754 63 21 Från
492 754 325 28 Ekonomiedepartementets
837 755 9 21 i

91 788 132 29 Kejserliga
246 788 101 22 Senaten
375 788 86 22 Kansli
484 788 41 22 har
546 789 117 21 utskottet
685 788 109 30 derjemte
816 790 30 28 på

91 823 100 29 begäran
214 823 45 21 fått
279 825 116 27 emottaga
410 823 20 28 ej
447 823 90 22 mindre
552 823 214 29 protokollsutdrag
781 824 65 22 öfver

91 857 45 23 den
146 857 40 23 vid
195 858 107 22 ärendets
312 857 186 29 föredragning
486 853 15 38 i
509 858 131 29 Kejserliga
650 858 98 22 Senaten
760 859 86 21 skedda

91 892 151 29 omröstning,
259 896 29 18 än
304 893 44 21 ock
363 892 28 22 de
401 892 125 29 yttranden
537 892 90 22 landets
638 892 132 28 domstolar,
781 900 65 21 myn-

92 926 105 29 digheter
215 926 44 22 och
275 927 152 28 embetsverk,
444 927 30 28 på
489 926 120 27 anmodan,
625 926 95 28 afgifvit
736 934 36 14 om
788 927 58 21 före-

92 961 96 21 skrifter
203 961 8 21 i
226 961 108 28 gällande
350 960 242 30 stämpelförordning,
608 961 80 21 hvilka
699 964 66 26 synts
776 962 70 22 erfor-

92 995 40 22 dra
147 995 100 29 ändring
261 996 56 21 eller
332 995 181 29 förtydligande.
537 995 117 29 Slutligen
674 996 42 21 har
730 996 117 22 utskottet

92 1029 51 22 haft
164 1030 107 28 tillgång,
289 1030 63 21 såväl
375 1030 37 21 till
431 1030 44 22 den
494 1030 36 21 för
548 1030 132 28 Kejserliga
696 1030 100 22 Senaten
810 1032 36 20 ut-

91 1064 108 22 arbetade
207 1064 43 22 och
255 1064 93 28 tryckta
354 1064 245 28 sammanställningen
608 1064 26 21 af
641 1064 66 22 dessa
714 1064 132 29 yttranden,

92 1105 50 15 som
156 1098 43 22 ock
215 1099 37 21 till
267 1098 28 22 de
310 1098 37 22 för
362 1098 65 22 tiden
442 1098 53 22 från
509 1098 43 22 den
564 1100 10 20 1
586 1098 50 22 Juli
647 1099 55 22 1895
713 1098 37 22 till
761 1106 85 14 samma

92 1132 46 28 dag
160 1134 55 20 1896
237 1134 25 20 af
279 1132 91 22 landets
389 1133 163 29 myndigheter
566 1132 97 22 rörande
679 1133 167 28 stämpelafgif-

92 1169 51 19 tens
160 1166 83 30 belopp
258 1168 63 20 inom
337 1167 62 21 olika
415 1167 141 22 skattetitlar
572 1167 126 21 aflemnade
708 1167 139 28 detaljerade

92 1200 127 29 uppgifter,
234 1201 30 28 på
279 1200 76 29 grund
369 1200 26 22 af
408 1201 81 21 hvilka
502 1201 44 21 den
556 1201 8 21 i
575 1200 159 28 föreliggande
744 1200 103 29 proposi-

92 1235 51 21 tion
158 1234 133 22 meddelade
307 1236 152 20 summariska
477 1235 143 27 öfversigten
636 1235 24 21 af
668 1234 180 30 stämpelbevill-

93 1269 100 28 ningens
209 1270 97 21 resultat
321 1269 36 21 för
373 1271 34 20 ett
422 1270 25 20 år
463 1270 79 21 blifvit
556 1268 122 29 uppgjord.

161 1410 206 24 Bevillningsutskottets
379 1410 112 18 betänkande
502 1411 34 18 N:o
548 1412 18 17 2.
