1048 1706
256 115 83 23 Ständ.
356 116 37 22 Sv.
409 128 28 4 —
452 116 75 29 Prop.
542 116 43 22 N:o
600 116 37 22 15.

809 116 26 20 53

170 321 11 19 1
202 320 59 21 mark
280 320 34 20 för
333 319 72 28 hvarje
420 319 53 21 fulla
488 320 41 21 100
544 320 60 20 mark
619 319 22 21 af
656 327 61 21 egen-

169 354 86 21 domens
279 354 71 26 värde;
371 361 48 14 men
439 356 23 18 är
481 354 18 28 ej
514 354 44 22 viss
572 361 81 14 samma
668 354 50 21 eller

169 388 53 21 visst
242 388 65 21 värde
327 390 72 24 utsatt,
418 388 126 21 bestämmes
564 388 153 28 stämpelafgif-

169 425 46 19 tens
237 422 78 28 belopp
337 422 54 21 efter
413 422 56 21 hvad
491 422 106 27 domaren,
617 422 48 21 med
685 422 32 21 af-

169 456 76 21 seende
275 456 12 20 å
313 456 42 21 den
378 456 176 22 testamenterade
579 456 138 28 egendomens

169 490 70 27 värde,
254 490 87 28 pröfvar
355 490 86 28 skäligt;

130 524 20 28 b)
168 524 13 21 å
196 524 101 28 egendom
311 524 67 21 under
397 524 75 21 endast
490 525 111 27 nyttjorätt
620 524 97 28 belägges

169 558 102 22 likaledes
287 558 54 21 efter
355 558 110 21 domarens
480 558 99 28 pröfning
594 558 48 22 med
654 560 63 19 stäm-

169 592 35 28 pel
219 592 47 21 från
281 593 12 20 2
309 592 33 21 till
357 593 41 21 200
413 592 66 27 mark,
490 596 50 18 utan
550 592 100 22 afseende
661 592 57 26 därå,

170 634 33 14 om
224 627 53 21 visst
298 626 65 22 värde
383 628 8 20 i
411 628 116 27 penningar
547 629 23 19 är
587 630 67 18 utsatt
668 627 51 21 eller

170 660 57 27 icke;
247 661 55 21 dock
323 661 100 28 stämplas
438 660 201 22 fideikommissbref
654 661 74 30 enligt
721 656 11 39 |

170 695 173 28 nästföregående
358 695 68 29 punkt
442 702 19 14 a.

204 730 135 21 Testamente
353 730 33 20 till
401 730 66 26 fader,
481 730 79 26 moder,
570 729 82 27 broder,
664 729 54 21 half-

170 764 82 26 broder,
272 767 73 25 syster,
359 764 119 28 halfsyster,
493 764 50 21 eller
557 764 93 26 broders,
664 763 54 21 half-

171 798 92 26 broders,
284 800 78 26 systers
384 798 51 21 eller
456 798 123 28 halfsysters
603 798 116 28 afkomling

171 832 75 28 drager
261 832 89 28 stämpel
365 833 27 20 50
407 833 64 27 penni
485 832 34 21 för
533 832 72 28 hvarje
615 832 52 21 fulla
677 833 41 21 100

170 866 60 21 mark
245 866 23 21 af
283 866 138 28 egendomens
436 866 71 22 värde.

205 901 135 21 Testamente
366 900 33 22 till
423 900 62 22 make
509 901 52 21 eller
584 900 63 22 maka
668 900 51 22 eller

171 935 154 29 bröstarfvinge
347 935 108 22 äfvensom
475 935 33 21 till
522 935 196 28 undervisningsan-

171 970 56 26 stalt,
245 969 156 29 vetenskapligt
420 969 97 22 ändamål
538 970 50 20 eller
602 969 55 21 from
672 969 46 21 stif-

170 1004 53 21 telse
248 1007 55 18 samt
325 1004 41 21 alla
387 1004 69 28 öfriga
476 1007 146 23 testamenten,
643 1011 75 21 genom

170 1038 73 22 hvilka
258 1038 108 28 egendom,
381 1046 44 14 som
439 1039 8 20 i
462 1038 88 22 kontant
562 1038 50 21 eller
624 1038 64 21 värde
699 1038 18 27 ej

170 1072 82 29 uppgår
265 1073 34 20 till
314 1073 41 20 100
370 1072 66 26 mark,
450 1072 132 28 bortgifves.
611 1089 5 4 .
646 1089 4 4 .
679 1088 5 5 .
713 1089 5 4 .

104 1107 128 27 Transport-
254 1107 51 20 eller
326 1107 184 27 öfverlätelsebref
528 1106 13 21 &
561 1106 158 27 kronorusthäll,

131 1141 161 21 kronohemman
308 1141 39 21 och
360 1141 65 21 andra
435 1141 186 28 kronolägenheter
630 1140 23 21 af
662 1141 56 21 hvad

130 1183 63 13 namn
214 1175 26 21 de
260 1183 52 14 vara
330 1175 40 26 mä,
388 1175 99 28 stämplas
503 1175 36 21 vid
554 1175 116 28 ansökning
684 1182 34 14 om

130 1209 115 21 immission
260 1209 13 21 &
287 1209 60 29 dylik
361 1209 98 28 lägenhet
473 1209 68 22 säsom
555 1209 113 28 Köpebref
681 1209 37 21 vid

131 1243 83 28 lagfart.

108 1278 154 27 Upplagsbevis
277 1277 100 29 stämplas
392 1277 67 22 säsom
475 1285 67 14 annan
552 1277 80 28 bilaga;
644 1285 22 13 se
675 1278 14 20 4
699 1278 19 27 $.

108 1312 184 27 Ursprungsbevis
307 1312 51 21 eller
375 1311 117 28 Certifikat,
506 1311 110 22 utfärdadt
625 1311 23 21 af
657 1311 61 21 brän-

130 1346 168 21 vinstillverkare
313 1346 51 20 eller
375 1345 169 28 -äterförsäljare,
555 1345 109 21 äfvensom
673 1351 44 14 cer-

130 1379 73 21 tifikat
222 1379 50 20 eller
292 1379 85 21 faktura
391 1379 34 20 för
439 1386 66 19 varor,
520 1378 89 21 afsedda
623 1381 32 18 att
669 1378 49 21 med

130 1412 121 22 tullförmän
266 1412 79 22 införas
360 1412 32 21 till
408 1412 162 28 Kejsaredömet
595 1429 4 3 .
629 1428 4 4 .
662 1411 53 28 fria.

805 1073 26 21 25

848 325 131 23 Stämpelafgift

855 354 28 18 för
895 354 74 18 afhand-

852 382 55 24 lingar
919 382 54 19 emel-

850 411 29 18 lan
891 411 82 18 enskilda.
