1039 1711
278 105 75 22 Ständ.
369 105 34 23 Sv.
419 119 28 2 —
461 106 64 29 Prop.
541 106 37 23 N:o
596 106 32 22 19.
803 107 27 20 23

76 171 38 22 må
129 171 44 22 ock
189 171 39 22 det
242 172 60 21 efter
316 173 87 20 rättens
418 171 110 29 pröfning
545 173 83 27 utgöra
643 171 82 22 hinder
739 171 37 22 för
790 171 40 22 ho-

77 207 54 21 nöm
147 207 34 20 att
195 206 125 22 innehafva
334 205 222 30 förmynderskapet.

425 303 27 21 29
468 304 20 25 8.

146 353 60 28 Skäl,
222 353 82 22 hvilka
318 354 114 29 berättiga
446 354 38 22 till
497 354 108 22 befrielse
620 354 52 21 från
687 353 143 29 förmynder-

76 388 62 29 skap,
155 395 49 15 som
219 388 25 22 af
257 388 154 22 förordnande
426 388 72 28 beror,
514 392 48 18 äro:
581 396 38 14 om
633 395 54 14 man
702 391 25 18 är
742 387 89 22 utrikes

77 422 72 27 stadd,
166 422 56 21 eller
236 423 26 21 så
277 422 96 29 aflägset
395 423 89 21 boende
506 423 56 21 eller
580 423 25 20 så
619 422 93 29 sjuklig,
729 423 34 20 att
777 429 54 14 man

76 456 20 29 ej
113 457 45 21 kan
173 457 155 28 myndlingen
343 457 56 22 eller
414 457 57 22 hans
486 456 194 30 angelägenheter
693 458 47 20 rätt
751 455 79 27 vårda;

77 498 37 15 om
129 499 54 14 man
199 495 25 18 är
238 491 74 22 sextio
328 492 24 21 år
367 492 109 28 gammal;
500 499 37 14 om
555 499 54 14 man
623 491 56 29 själf
691 491 42 22 har
748 491 84 28 många

76 525 57 22 barn
149 526 57 21 eller
222 526 71 21 redan
308 525 98 22 innehar
420 527 40 20 två
474 526 189 29 förmynderskap
679 525 55 22 eller
749 527 34 19 ett
797 525 34 21 så-

78 561 62 27 dant,
163 567 49 15 som
236 561 19 28 ej
280 561 46 21 kan
349 562 70 20 annat
438 561 56 26 tåla;
511 561 56 21 eller
583 568 37 14 om
635 567 53 14 man
703 560 26 21 af
742 560 90 21 embete

77 594 56 22 eller
155 594 73 30 tjenst
250 595 56 21 eller
324 594 27 22 af
364 602 75 14 annan
454 595 70 29 giltig
539 594 68 22 orsak
621 594 92 22 hindras
729 596 34 20 att
777 600 55 15 vara

76 628 156 30 förmyndare.

144 664 96 22 Kvinna
255 665 37 21 må
307 664 19 30 ej
339 666 48 20 mot
395 664 37 22 sin
439 664 57 29 vilja
503 664 37 21 till
548 663 147 29 förmyndare
703 663 128 23 förordnas.

427 764 27 20 30
470 763 20 27 8.

147 814 123 22 Erfordras
286 814 148 28 förmyndare
456 814 36 22 för
513 814 111 29 omyndig
639 814 13 22 ä
665 813 80 22 landet
760 814 72 21 innan

77 850 183 27 rättegängsdag
282 849 100 28 infaller,
404 848 109 23 förordne
536 848 185 23 domhafvanden
736 848 8 21 i
759 850 73 25 orten,

78 884 29 28 på
122 883 276 29 förmyndarenämndens
413 883 179 29 framställning,
605 883 78 29 någon
698 885 34 20 att
746 882 87 22 förestå

77 917 218 30 förmynderskapet
309 918 38 22 till
362 918 50 22 dess
428 920 76 20 rätten
514 917 180 23 sammanträder
702 917 42 22 och
752 918 9 21 i
769 921 63 18 ären-

80 953 39 22 det
133 953 108 22 besluter.

146 987 276 29 Förmyndarenämnden
444 987 60 22 skall
525 987 68 28 tillse,
614 989 34 20 att
663 986 112 29 omyndig
790 987 43 22 och

78 1022 58 22 hans
158 1022 59 29 gods
239 1023 30 28 på
290 1022 58 22 hans
370 1021 129 22 bekostnad
521 1022 87 21 erhålla
629 1021 73 29 nödig
723 1021 62 28 vård,
808 1022 25 21 så

76 1057 71 29 länge
161 1056 47 22 han
223 1059 56 19 utan
294 1057 112 21 målsman
422 1059 30 18 är.

428 1154 25 22 31
470 1155 20 26 8.

147 1204 141 22 Underläter
310 1205 77 27 nägon
405 1206 34 20 att
453 1204 104 22 tillträda
571 1204 198 29 förmynderskap,
784 1211 50 15 som

79 1239 46 22 han
145 1238 43 22 bör
209 1238 91 28 förestä,
324 1238 70 22 varde
414 1238 78 22 därtill
508 1239 39 21 vid
562 1238 48 22 vite
625 1238 135 30 förpliktad;
776 1239 57 28 fylle

79 1274 43 21 ock
138 1273 30 22 all
184 1272 76 22 skada.

428 1344 27 19 32
470 1343 20 25 8.

147 1380 180 22 Vederbörande
341 1382 63 26 prest
420 1380 55 22 eller
490 1380 156 22 föreständare
661 1380 36 22 för
713 1380 121 22 dissenter-

80 1415 138 28 församling
232 1416 107 27 upprätte
354 1414 36 22 för
405 1414 79 29 hvarje
500 1415 59 22 halft
575 1415 30 27 är,
621 1414 56 22 eller
692 1414 37 22 för
744 1414 91 22 kortare
