1053 1714
224 75 13 21 4
526 73 40 23 N:o
584 76 30 20 16.

405 144 81 27 Förslag
510 144 28 22 till
561 144 116 27 förordning
700 144 106 27 angående
829 144 38 21 den
887 143 62 27 skatt,

334 184 44 16 som
401 178 31 22 för
455 178 124 27 tillverkning
599 179 21 21 af
635 178 82 22 bränvin
734 178 5 20 i
756 178 80 21 Finland
851 177 51 22 skall
917 183 32 15 er-

334 214 79 26 läggas,
436 213 104 21 äfvensom
561 218 31 16 om
613 212 189 22 bränvinsskattens
818 212 131 22 användande

333 247 38 22 och
387 247 111 27 fördelning
515 247 62 22 under
593 246 48 22 åren
657 246 144 23 1898—1900.

551 293 44 27 18.

265 333 64 21 Skatt
347 332 34 22 för
398 333 57 21 inom
475 333 73 22 landet
568 333 123 22 tillverkadt
706 333 90 22 bränvin
812 332 54 22 skall
881 333 69 22 under

197 368 51 21 åren
267 368 60 26 1898,
345 368 53 21 1899
415 367 38 21 och
471 368 53 21 1900
539 368 53 26 utgå
607 368 47 20 med
670 368 75 27 sjuttio
759 368 65 26 penni
834 367 33 21 för
877 368 73 27 hvarje

196 402 50 21 liter
264 402 22 21 af
304 402 164 27 normalstyrka,
487 402 101 21 hvarmed
603 402 79 21 förstäs
698 402 78 21 sädant
791 402 96 26 bränvin,
904 408 45 15 som

196 436 118 22 innehåller
337 436 72 22 femtio
431 436 160 28 volymprocent
609 436 85 22 alkohol
710 436 34 21 vid
761 437 26 27 +
805 438 25 20 15
845 436 77 27 grader
938 436 13 21 å

197 471 62 23 Celsii
279 472 144 22 termometer.
453 471 76 22 Denna
548 472 60 21 skatt
623 471 96 28 erlägges
734 471 34 21 för
782 471 49 21 hela
845 471 36 21 det
896 471 7 21 i
919 470 30 22 af-

197 506 77 22 seende
297 507 13 20 å
331 506 137 28 tillverkning
487 506 125 28 öfvertagna
626 506 101 28 beloppet
743 506 39 21 och
796 506 105 22 inbetalas
917 506 33 21 till

196 542 71 21 länets
289 542 88 25 ränteri,
401 541 53 22 dock
473 541 73 28 hvarje
566 542 55 27 gång
640 541 17 28 ej
673 541 34 22 för
723 540 83 23 mindre
822 542 26 20 än
864 542 85 21 ettusen

197 575 118 22 trehundra
337 575 56 27 liter,
413 575 89 22 såframt
521 576 59 22 skatt
598 575 33 22 för
646 576 68 21 sådan
730 575 126 28 myckenhet
871 575 24 22 af
907 575 43 22 till-

197 611 130 27 verkningen
343 611 24 20 är
383 610 96 27 ogulden.

550 639 45 28 28.

264 680 32 21 Ur
314 679 188 22 bränvinsskatten
522 680 61 22 skola
602 680 69 21 under
686 679 139 22 förenämnda
840 680 31 21 tid
887 680 61 26 utgä:

266 714 85 21 Främst
367 713 32 22 till
413 715 122 21 kontrollen
548 714 59 22 öfver
617 713 266 28 bränvinstillverkningen
894 715 56 20 samt

200 749 32 20 till
254 749 111 27 äklagares
387 748 119 22 belönande
528 749 33 22 för
577 749 102 22 särskildt
694 748 32 22 nit
744 749 36 21 vid
796 748 119 22 beifrandet
930 748 22 21 af

199 783 164 22 Ofverträdelser
379 783 22 21 af
415 783 283 28 bränvinsförfattningarna
720 783 123 27 förslagsvis
859 784 90 25 300,000

197 818 62 21 mark
274 824 34 15 om
324 819 53 25 året,
393 817 50 22 eller
458 817 33 22 för
506 819 33 21 tre
555 819 24 20 år
608 834 4 5 .
643 835 4 3 .
679 835 4 3 .
716 835 3 4 .
751 835 4 4 .
808 818 140 26 900,000:—.

265 852 95 21 Dernäst
382 852 32 21 till
436 852 120 28 fördelning
576 853 88 21 emellan
683 853 72 21 lands-

197 887 39 21 och
251 887 221 26 stadskommunerna,
489 887 66 28 enligt
570 893 81 16 samma
661 887 95 27 grunder

198 927 45 16 som
259 921 113 26 härintills,
389 922 91 26 400,000
490 922 62 21 mark
563 921 87 27 ärligen,
662 921 52 22 eller
723 922 33 21 för

197 957 34 20 tre
248 957 42 20 är
430 973 290 4 VL
752 973 3 4 L
789 957 159 25 1,200,000:
924 953 28 33 —

709 997 48 27 Fang
787 997 118 26 2,100,000:
923 1008 26 3 —

266 1042 29 22 Af
315 1042 37 22 det
374 1042 84 28 belopp,
478 1049 45 15 som
541 1042 124 22 härutöfver
680 1042 86 28 inflyter
780 1049 76 21 genom
872 1042 78 28 ifräga-

197 1077 94 21 varande
311 1078 66 25 skatt,
393 1077 114 22 öfverföres
524 1079 90 25 660,000
630 1078 61 20 mark
708 1077 79 27 ärligen
804 1077 49 21 eller
868 1077 33 21 för
916 1079 33 19 tre

199 1112 23 21 är
240 1112 110 26 1,980,000
366 1112 61 21 mark
441 1112 32 20 till
482 1111 210 28 bevillningsmedlen
704 1112 40 21 och
755 1112 122 21 äterstoden
888 1112 61 27 ingär

197 1147 7 20 i
220 1146 280 22 kommunikationsfonden.

471 1193 10 21 I
496 1192 73 22 Näder
586 1192 100 27 godkänd
702 1193 7 21 i
724 1192 101 28 Zarskoje
843 1192 49 23 Selo
908 1193 40 21 den

403 1228 13 20 4
431 1227 89 21 Januari
537 1228 61 21 1897.

378 1288 289 22 Ministerstatssekreterare
682 1289 27 21 W.
725 1294 37 16 von
779 1289 102 22 DAEHN.

328 1438 119 24 Helsingfors,
460 1438 103 24 Kejserliga
575 1439 87 18 Senatens
674 1439 86 23 tryckeri,
774 1440 48 17 1897.
