1048 1714
189 121 26 21 56
375 119 83 24 Ständ.
476 120 37 23 Sv.
529 133 30 4 —
572 120 74 29 Prop.
662 120 42 23 N:o
719 120 37 23 15.

535 195 26 20 12
577 195 18 27 &.

256 249 36 22 Dä
315 250 82 21 enskild
419 250 130 29 afhandling,
570 250 129 22 förbindelse
722 250 50 21 eller
793 257 68 14 annan
880 250 63 21 skrift

188 284 38 21 hos
247 284 96 26 domstol,
359 284 101 21 exekutor
475 285 51 21 eller
541 293 68 13 annan
623 285 124 28 myndighet
760 285 79 21 företes
854 284 40 21 och
909 284 35 21 för

189 318 191 29 stämpelafgiftens
395 318 116 29 utgörande
526 319 105 28 begagnas
647 319 167 28 stämpelmärke,
829 319 39 21 bör
883 319 60 21 detta

189 353 69 21 finnas
278 352 85 22 häftadt
385 352 13 21 &
419 352 99 22 skriftens
540 353 68 21 första
629 353 47 21 sida
696 353 46 26 och,
757 361 34 13 om
806 353 54 21 flera
874 353 70 21 skilda

189 387 101 28 stämplar
310 387 113 27 användas,
444 387 62 21 dessa
527 387 66 22 fästas
610 387 73 21 utmed
700 387 95 22 bredden
809 387 23 22 af
847 387 96 22 skriften.

189 421 82 22 Saknas
286 424 103 26 utrymme
404 421 14 21 ä
431 421 67 22 första
513 422 66 27 sidan,
593 421 35 22 mä
643 422 89 28 stämpel
742 421 112 29 anbringas
866 421 78 28 jämväl

189 455 13 22 å
216 455 113 22 frånsidan.
358 455 62 22 Hvar
434 455 40 22 och
490 463 26 14 en
531 456 22 21 af
567 456 27 21 de
609 455 122 29 begagnade
746 456 129 29 stämplarna
890 456 54 21 skall

189 490 23 21 af
234 490 41 21 den
297 491 132 27 tjensteman,
448 498 45 14 som
515 490 89 22 skriften
625 493 121 26 emottager,
761 492 62 27 göras
838 490 107 22 obrukbar

188 524 29 29 på
231 526 43 19 sätt
288 524 73 21 därom
376 525 100 21 särskildt
490 525 76 22 varder
580 525 142 21 föreskrifvet.

257 564 44 21 För
315 564 131 29 makulering
460 565 23 21 af
497 565 162 29 stämpelmärke
674 564 34 22 må
723 564 90 22 särskild
825 564 64 29 afgift
896 564 48 22 icke

189 607 40 20 ega
243 607 51 13 rum.

537 657 25 21 13
579 658 18 27 &.

258 713 36 22 Då
308 713 104 30 utgående
428 714 121 29 expedition
564 715 53 21 skall
632 714 49 22 med
696 714 162 29 stämpelmärke
871 714 73 27 förses,

189 748 104 29 iakttages
308 749 37 21 vid
361 749 113 28 stämpelns
490 749 141 28 anbringande
645 749 40 22 och
695 749 130 28 makulering
836 749 109 22 enahanda

190 783 127 27 förfarande,
329 791 45 13 som
388 784 8 20 i
412 784 25 21 12
454 785 12 26 &
482 783 90 29 stadgas.

540 859 26 20 14
582 859 18 27 &.

259 915 138 28 Afhandling,
417 915 129 22 förbindelse
568 915 51 22 eller
639 923 68 14 annan
729 915 69 28 skrift,
813 923 44 14 som
872 915 74 22 blifvit

190 949 115 29 upprättad
325 949 63 21 innan
409 949 69 22 denna
498 949 132 29 förordnings
645 949 133 29 tillämpning
792 950 98 28 vidtager
905 949 40 22 och

191 983 66 28 enligt
278 983 28 21 dä
329 983 97 28 gällande
451 983 156 29 bestämningar
629 985 100 27 antingen
749 985 56 20 varit
826 983 119 30 stämpelfri

191 1017 51 21 eller
263 1017 106 29 stämplad
389 1018 49 21 med
459 1018 57 28 lägre
536 1018 59 21 valör
612 1020 26 19 än
653 1018 66 29 enligt
733 1018 69 22 denna
816 1018 129 29 förordning,

190 1051 45 26 bör,
255 1051 28 22 dä
303 1051 42 22 den
366 1051 54 22 efter
442 1052 68 22 denna
530 1052 133 29 förordnings
677 1053 103 21 trädande
794 1053 8 21 i
817 1053 58 21 kraft
889 1052 57 22 inför

191 1085 90 22 domstol
304 1085 51 22 eller
376 1087 124 28 myndighet
524 1087 85 26 företes,
631 1094 51 14 vara
703 1087 78 28 belagd
802 1087 48 21 med
866 1087 23 21 sä
903 1087 43 28 hög

191 1119 96 29 stämpel,
301 1127 45 13 som
361 1119 34 21 för
409 1120 72 28 hvarje
496 1121 38 20 fall
549 1120 111 22 ofvanföre
674 1120 68 21 finnes
757 1121 100 28 angifvet.

504 1219 34 26 HI
557 1220 74 31 Kap.

285 1279 35 22 Om
335 1279 97 28 tilisynen
448 1279 60 23 öfver
522 1279 192 28 stämpelafgiftens
730 1281 120 27 utgörande.

540 1337 26 20 15
582 1337 18 28 8.

259 1393 93 22 Domare
371 1393 51 22 eller
441 1401 68 14 annan
526 1394 131 28 tjensteman,
672 1402 45 13 som
731 1395 67 22 under
811 1395 98 29 utöfning
923 1395 23 22 af

192 1428 32 21 sin
245 1427 120 29 befattning
385 1431 116 26 emottager
523 1428 105 22 enskildes
651 1429 86 22 skrifter
758 1429 40 22 och
816 1430 130 29 handlingar,
