1045 1709
217 114 13 20 6
520 114 39 22 N:o
577 115 32 21 19.

257 180 41 22 Vid
321 181 132 27 omröstning
474 181 56 27 gälle
552 182 41 21 den
615 181 89 27 mening,
728 187 44 16 som
795 181 101 22 omfattas
918 181 26 21 af

188 214 61 22 flesta
264 217 103 24 rösterna,
383 215 59 27 eller,
458 216 38 21 der
510 218 98 20 rösterna
622 218 38 19 äro
674 216 51 26 lika,
741 216 40 22 den
797 216 143 22 ordföranden

188 249 102 22 biträder.

534 278 12 29 8
564 280 32 21 11.

258 318 43 22 Vid
316 318 250 28 förmyndarenämndens
577 319 171 22 sammanträden
759 319 54 22 skall
823 319 58 22 föras
892 319 49 22 kort

189 352 114 27 protokoll,
320 353 135 27 upptagande
470 353 73 22 hvilka
558 353 138 22 medlemmar
710 353 102 27 närvarit,
823 353 25 22 de
859 353 82 22 fattade

189 386 98 22 besluten
310 386 108 22 äfvensom
434 387 110 27 skiljaktig
559 388 91 27 mening,
667 388 37 21 der
718 387 66 22 sådan
799 387 141 22 förekommit.

534 451 11 28 s
563 452 32 20 12.

257 491 134 22 Ordförande
407 492 7 21 i
429 491 213 28 förmyndarenämnd
657 497 38 21 ege
710 491 107 22 företräda
833 491 106 22 nämnden

191 525 55 22 inför
261 527 64 20 rätta.

535 555 12 27 8
565 555 31 21 13.

258 591 32 26 Är
305 594 128 22 ordförande
447 595 7 21 i
469 595 212 28 förmyndarenämnd
696 594 73 27 jäfvig,
786 594 53 21 eller
848 594 40 21 har
898 594 42 21 han

190 629 49 27 laga
263 629 78 26 förfall,
363 629 53 22 eller
438 629 114 22 uteblifver
567 629 41 21 han
627 628 48 22 frän
693 631 70 20 utsatt
777 629 164 26 sammanträde,

189 663 56 22 skall
260 664 41 21 den
317 663 24 22 af
357 664 117 21 nämndens
489 664 124 26 ledamöter,
629 669 45 16 som
690 663 83 28 längsta
788 663 32 22 tid
831 664 43 21 ien
890 663 52 27 följd

190 697 97 22 innehaft
303 697 154 28 befattningen,
473 698 57 26 eller,
547 698 37 21 der
598 698 40 21 den
648 698 31 21 tid
690 697 33 22 för
733 697 51 22 flere
795 699 24 20 är
829 697 46 22 lika
884 697 56 28 läng,

191 731 47 27 den,
254 738 45 15 som
315 732 58 21 äldst
387 733 31 25 är,
433 731 92 28 fullgöra
539 731 152 22 ordförandens
706 731 118 28 äliggande.

535 801 11 28 8
565 802 31 20 14.

260 841 262 28 Förmyndarenämndens
538 841 128 22 ordförande
681 841 41 22 och
732 841 117 22 ledamöter
859 841 82 28 ätnjute

190 879 133 24 gemensamt
338 876 6 21 i
360 875 64 28 årligt
440 877 82 24 arvode,
538 876 54 21 efter
607 878 82 19 rättens
699 876 166 26 bestämmande,
876 876 7 21 i
893 876 49 21 stad

190 910 62 27 högst
271 917 26 14 en
317 912 87 25 procent
422 910 39 21 och
480 911 28 26 pä
526 910 71 22 landet
614 910 64 27 högst
697 917 26 14 en
739 910 40 22 och
794 916 25 15 en
834 910 47 21 half
894 916 48 21 pro-

190 947 48 18 cent
255 944 24 21 af
296 944 100 27 samtliga
419 944 123 27 omyndigas
561 946 74 20 räntor
655 944 39 21 och
714 944 67 21 andra
796 944 100 21 behällna
910 944 32 21 in-

191 978 100 27 komster,
306 978 33 21 till
355 978 118 27 fördelning
488 979 53 21 efter
557 978 89 22 enhvars
658 979 69 20 möda.
749 979 95 21 Arvodet
854 978 56 22 skall
921 978 23 21 af

191 1013 158 21 vederbörande
364 1013 135 27 förmyndare
514 1013 105 22 inbetalas
635 1013 56 21 inom
707 1013 40 21 den
761 1013 39 26 tid,
816 1019 46 16 som
875 1013 67 26 gäller

192 1046 34 22 för
240 1046 143 23 aflemnandet
399 1046 24 22 af
436 1047 54 21 hans
506 1047 133 27 redovisning
648 1047 34 21 till
692 1047 249 27 formyndarenämnden,

192 1081 60 27 eller,
269 1087 33 16 om
319 1081 197 28 förmynderskapet
531 1082 91 27 tidigare
636 1081 100 28 upphört,
752 1081 45 22 före
808 1081 39 22 den
861 1083 9 20 1
882 1081 60 28 April

190 1115 159 27 derpäföljande
365 1115 30 22 är.

259 1149 78 22 Kunna
359 1149 250 28 förmyndarenämndens
631 1150 138 21 medlemmar
792 1149 18 28 ej
835 1156 50 15 enas
907 1155 34 16 om

191 1184 148 27 fördelningen
355 1184 22 21 af
391 1185 94 25 arvodet,
501 1184 73 27 afgöre
589 1186 71 20 rätten
676 1185 48 20 dem
740 1184 96 21 emellan.

535 1247 11 26 8
564 1248 32 19 15.

259 1285 188 26 Förmynderskap
463 1285 58 21 öfver
537 1285 127 27 minderärig
674 1285 39 21 och
724 1285 59 22 öfver
793 1285 67 22 sädan
870 1291 72 22 omyn-

191 1319 42 28 dig,
253 1325 45 16 som
314 1319 5 22 i
339 1320 24 21 17
379 1319 12 28 &
406 1321 95 25 nämnes,
520 1319 55 22 skall
592 1319 50 28 lyda
656 1319 68 22 under
739 1321 69 20 rätten
823 1319 7 22 i
846 1319 41 22 den
902 1321 40 25 ort,

191 1354 38 22 der
244 1354 53 22 hans
312 1354 107 22 föräldrar
434 1355 59 26 eller,
510 1361 33 15 om
559 1355 26 21 de
600 1355 19 27 ej
635 1355 56 21 varit
706 1355 166 27 sammanvigda,
888 1355 54 21 hans

191 1389 74 22 moder
280 1389 39 22 har
334 1389 52 22 eller
401 1389 35 22 vid
451 1390 32 21 sin
499 1390 42 21 död
556 1390 46 21 haft
617 1390 37 21 sitt
668 1390 27 21 bo
712 1390 39 21 och
763 1390 96 22 hemvist.
882 1389 60 23 Skall

191 1424 46 27 den,
253 1430 45 16 som
313 1424 91 28 uppnätt
414 1424 212 28 myndighetsäldern,
637 1425 75 21 ställas
722 1425 68 22 under
799 1424 142 29 förmyndare,

193 1459 51 21 höre
267 1459 77 22 sädant
363 1460 85 26 ärende,
467 1459 25 21 sä
510 1459 38 22 ock
567 1460 200 27 förmynderskapet
783 1460 59 22 öfver
857 1460 85 28 honom,
