<?xml version="1.0" encoding="UTF-8"?>
<alto xmlns="http://www.loc.gov/standards/alto/ns-v3#" xmlns:xlink="http://www.w3.org/1999/xlink" xmlns:xsi="http://www.w3.org/2001/XMLSchema-instance" xsi:schemaLocation="http://www.loc.gov/standards/alto/ns-v3# http://www.loc.gov/alto/v3/alto-3-0.xsd">
	<Description>
		<MeasurementUnit>pixel</MeasurementUnit>
		<sourceImageInformation>
			<fileName>/tmp/tess_wk1lmu_g_input.PNG</fileName>
		</sourceImageInformation>
		<OCRProcessing ID="OCR_0">
			<ocrProcessingStep>
				<processingSoftware>
					<softwareName>tesseract 5.3.4</softwareName>
				</processingSoftware>
			</ocrProcessingStep>
		</OCRProcessing>
	</Description>
	<Layout>
		<Page WIDTH="1039" HEIGHT="1709" PHYSICAL_IMG_NR="0" ID="page_0">
			<PrintSpace HPOS="0" VPOS="0" WIDTH="1039" HEIGHT="1709">
				<ComposedBlock ID="cblock_0" HPOS="233" VPOS="103" WIDTH="492" HEIGHT="49">
					<TextBlock ID="block_0" HPOS="233" VPOS="103" WIDTH="492" HEIGHT="49">
						<TextLine ID="line_0" HPOS="233" VPOS="103" WIDTH="492" HEIGHT="49">
							<String ID="string_0" HPOS="233" VPOS="103" WIDTH="33" HEIGHT="49" WC="0.96" CONTENT="46"/><SP WIDTH="170" VPOS="103" HPOS="266"/>
							<String ID="string_1" HPOS="436" VPOS="116" WIDTH="25" HEIGHT="22" WC="0.91" CONTENT="U."/><SP WIDTH="15" VPOS="116" HPOS="461"/>
							<String ID="string_2" HPOS="476" VPOS="114" WIDTH="25" HEIGHT="24" WC="0.90" CONTENT="B."/><SP WIDTH="15" VPOS="114" HPOS="501"/>
							<String ID="string_3" HPOS="516" VPOS="128" WIDTH="27" HEIGHT="3" WC="0.90" CONTENT="—"/><SP WIDTH="14" VPOS="128" HPOS="543"/>
							<String ID="string_4" HPOS="557" VPOS="115" WIDTH="66" HEIGHT="28" WC="0.96" CONTENT="Prop."/><SP WIDTH="14" VPOS="115" HPOS="623"/>
							<String ID="string_5" HPOS="637" VPOS="113" WIDTH="38" HEIGHT="23" WC="0.95" CONTENT="N:o"/><SP WIDTH="16" VPOS="113" HPOS="675"/>
							<String ID="string_6" HPOS="691" VPOS="112" WIDTH="34" HEIGHT="24" WC="0.96" CONTENT="15."/>
						</TextLine>
					</TextBlock>
				</ComposedBlock>
				<ComposedBlock ID="cblock_1" HPOS="210" VPOS="176" WIDTH="756" HEIGHT="306">
					<TextBlock ID="block_1" HPOS="210" VPOS="176" WIDTH="753" HEIGHT="68">
						<TextLine ID="line_1" HPOS="277" VPOS="176" WIDTH="686" HEIGHT="33">
							<String ID="string_7" HPOS="277" VPOS="182" WIDTH="71" HEIGHT="22" WC="0.96" CONTENT="Detta"/><SP WIDTH="15" VPOS="182" HPOS="348"/>
							<String ID="string_8" HPOS="363" VPOS="180" WIDTH="127" HEIGHT="29" WC="0.96" CONTENT="stadgande"/><SP WIDTH="15" VPOS="180" HPOS="490"/>
							<String ID="string_9" HPOS="505" VPOS="187" WIDTH="54" HEIGHT="21" WC="0.96" CONTENT="eger"/><SP WIDTH="14" VPOS="187" HPOS="559"/>
							<String ID="string_10" HPOS="573" VPOS="179" WIDTH="21" HEIGHT="29" WC="0.96" CONTENT="ej"/><SP WIDTH="16" VPOS="179" HPOS="594"/>
							<String ID="string_11" HPOS="610" VPOS="178" WIDTH="151" HEIGHT="29" WC="0.93" CONTENT="tillämpning"/><SP WIDTH="14" VPOS="178" HPOS="761"/>
							<String ID="string_12" HPOS="775" VPOS="178" WIDTH="13" HEIGHT="21" WC="0.90" CONTENT="å"/><SP WIDTH="14" VPOS="178" HPOS="788"/>
							<String ID="string_13" HPOS="802" VPOS="178" WIDTH="70" HEIGHT="28" WC="0.88" CONTENT="prest,"/><SP WIDTH="10" VPOS="178" HPOS="872"/>
							<String ID="string_14" HPOS="882" VPOS="177" WIDTH="30" HEIGHT="22" WC="0.93" CONTENT="då"/><SP WIDTH="11" VPOS="177" HPOS="912"/>
							<String ID="string_15" HPOS="923" VPOS="176" WIDTH="40" HEIGHT="22" WC="0.92" CONTENT="äk-"/>
						</TextLine>
						<TextLine ID="line_2" HPOS="210" VPOS="214" WIDTH="447" HEIGHT="30">
							<String ID="string_16" HPOS="210" VPOS="215" WIDTH="192" HEIGHT="29" WC="0.91" CONTENT="tenskapsförord"/><SP WIDTH="14" VPOS="215" HPOS="402"/>
							<String ID="string_17" HPOS="416" VPOS="214" WIDTH="38" HEIGHT="22" WC="0.96" CONTENT="för"/><SP WIDTH="13" VPOS="214" HPOS="454"/>
							<String ID="string_18" HPOS="467" VPOS="214" WIDTH="85" HEIGHT="22" WC="0.91" CONTENT="honom"/><SP WIDTH="15" VPOS="214" HPOS="552"/>
							<String ID="string_19" HPOS="567" VPOS="216" WIDTH="90" HEIGHT="26" WC="0.91" CONTENT="upptes."/>
						</TextLine>
					</TextBlock>
					<TextBlock ID="block_2" HPOS="210" VPOS="245" WIDTH="756" HEIGHT="237">
						<TextLine ID="line_3" HPOS="278" VPOS="245" WIDTH="684" HEIGHT="33">
							<String ID="string_20" HPOS="278" VPOS="249" WIDTH="148" HEIGHT="29" WC="0.95" CONTENT="Ansökning,"/><SP WIDTH="23" VPOS="249" HPOS="426"/>
							<String ID="string_21" HPOS="449" VPOS="256" WIDTH="55" HEIGHT="20" WC="0.96" CONTENT="som,"/><SP WIDTH="19" VPOS="256" HPOS="504"/>
							<String ID="string_22" HPOS="523" VPOS="248" WIDTH="8" HEIGHT="22" WC="0.96" CONTENT="i"/><SP WIDTH="16" VPOS="248" HPOS="531"/>
							<String ID="string_23" HPOS="547" VPOS="247" WIDTH="52" HEIGHT="23" WC="0.96" CONTENT="stöd"/><SP WIDTH="17" VPOS="247" HPOS="599"/>
							<String ID="string_24" HPOS="616" VPOS="247" WIDTH="27" HEIGHT="22" WC="0.96" CONTENT="af"/><SP WIDTH="16" VPOS="247" HPOS="643"/>
							<String ID="string_25" HPOS="659" VPOS="246" WIDTH="61" HEIGHT="23" WC="0.95" CONTENT="hvad"/><SP WIDTH="21" VPOS="246" HPOS="720"/>
							<String ID="string_26" HPOS="741" VPOS="245" WIDTH="221" HEIGHT="29" WC="0.95" CONTENT="författningarna"/><SP WIDTH="-12" VPOS="245" HPOS="962"/>
							<String ID="string_27" HPOS="950" VPOS="241" WIDTH="16" HEIGHT="41" WC="0.96" CONTENT="i"/>
						</TextLine>
						<TextLine ID="line_4" HPOS="210" VPOS="279" WIDTH="752" HEIGHT="31">
							<String ID="string_28" HPOS="210" VPOS="284" WIDTH="63" HEIGHT="22" WC="0.95" CONTENT="vissa"/><SP WIDTH="21" VPOS="284" HPOS="273"/>
							<String ID="string_29" HPOS="294" VPOS="284" WIDTH="42" HEIGHT="21" WC="0.96" CONTENT="fall"/><SP WIDTH="22" VPOS="284" HPOS="336"/>
							<String ID="string_30" HPOS="358" VPOS="283" WIDTH="82" HEIGHT="27" WC="0.96" CONTENT="tillåta,"/><SP WIDTH="23" VPOS="283" HPOS="440"/>
							<String ID="string_31" HPOS="463" VPOS="282" WIDTH="74" HEIGHT="22" WC="0.96" CONTENT="under"/><SP WIDTH="22" VPOS="282" HPOS="537"/>
							<String ID="string_32" HPOS="559" VPOS="281" WIDTH="89" HEIGHT="29" WC="0.96" CONTENT="omslag"/><SP WIDTH="19" VPOS="281" HPOS="648"/>
							<String ID="string_33" HPOS="667" VPOS="281" WIDTH="116" HEIGHT="27" WC="0.96" CONTENT="insändes,"/><SP WIDTH="19" VPOS="281" HPOS="783"/>
							<String ID="string_34" HPOS="802" VPOS="280" WIDTH="42" HEIGHT="22" WC="0.96" CONTENT="bör"/><SP WIDTH="14" VPOS="280" HPOS="844"/>
							<String ID="string_35" HPOS="858" VPOS="280" WIDTH="8" HEIGHT="22" WC="0.95" CONTENT="i"/><SP WIDTH="15" VPOS="280" HPOS="866"/>
							<String ID="string_36" HPOS="881" VPOS="279" WIDTH="81" HEIGHT="29" WC="0.95" CONTENT="vanlig"/>
						</TextLine>
						<TextLine ID="line_5" HPOS="211" VPOS="314" WIDTH="752" HEIGHT="32">
							<String ID="string_37" HPOS="211" VPOS="318" WIDTH="101" HEIGHT="28" WC="0.92" CONTENT="ordning"/><SP WIDTH="21" VPOS="318" HPOS="312"/>
							<String ID="string_38" HPOS="333" VPOS="317" WIDTH="132" HEIGHT="29" WC="0.92" CONTENT="föreläggas"/><SP WIDTH="21" VPOS="317" HPOS="465"/>
							<String ID="string_39" HPOS="486" VPOS="316" WIDTH="171" HEIGHT="23" WC="0.96" CONTENT="vederbörande"/><SP WIDTH="18" VPOS="316" HPOS="657"/>
							<String ID="string_40" HPOS="675" VPOS="315" WIDTH="145" HEIGHT="29" WC="0.96" CONTENT="myndighet,"/><SP WIDTH="15" VPOS="315" HPOS="820"/>
							<String ID="string_41" HPOS="835" VPOS="314" WIDTH="103" HEIGHT="29" WC="0.95" CONTENT="hvilken,"/><SP WIDTH="16" VPOS="314" HPOS="938"/>
							<String ID="string_42" HPOS="954" VPOS="314" WIDTH="9" HEIGHT="21" WC="0.96" CONTENT="i"/>
						</TextLine>
						<TextLine ID="line_6" HPOS="211" VPOS="347" WIDTH="753" HEIGHT="32">
							<String ID="string_43" HPOS="211" VPOS="352" WIDTH="110" HEIGHT="23" WC="0.96" CONTENT="händelse"/><SP WIDTH="14" VPOS="352" HPOS="321"/>
							<String ID="string_44" HPOS="335" VPOS="350" WIDTH="178" HEIGHT="23" WC="0.96" CONTENT="föreskrifterna"/><SP WIDTH="14" VPOS="350" HPOS="513"/>
							<String ID="string_45" HPOS="527" VPOS="358" WIDTH="38" HEIGHT="14" WC="0.93" CONTENT="om"/><SP WIDTH="14" VPOS="358" HPOS="565"/>
							<String ID="string_46" HPOS="579" VPOS="350" WIDTH="181" HEIGHT="29" WC="0.91" CONTENT="handlingarnes"/><SP WIDTH="15" VPOS="350" HPOS="760"/>
							<String ID="string_47" HPOS="775" VPOS="348" WIDTH="121" HEIGHT="23" WC="0.90" CONTENT="förseende"/><SP WIDTH="15" VPOS="348" HPOS="896"/>
							<String ID="string_48" HPOS="911" VPOS="347" WIDTH="53" HEIGHT="23" WC="0.96" CONTENT="med"/>
						</TextLine>
						<TextLine ID="line_7" HPOS="212" VPOS="382" WIDTH="752" HEIGHT="32">
							<String ID="string_49" HPOS="212" VPOS="386" WIDTH="98" HEIGHT="28" WC="0.94" CONTENT="stämpel"/><SP WIDTH="14" VPOS="386" HPOS="310"/>
							<String ID="string_50" HPOS="324" VPOS="385" WIDTH="80" HEIGHT="23" WC="0.96" CONTENT="blifvit"/><SP WIDTH="19" VPOS="385" HPOS="404"/>
							<String ID="string_51" HPOS="423" VPOS="386" WIDTH="4" HEIGHT="21" WC="0.96" CONTENT="i"/><SP WIDTH="15" VPOS="386" HPOS="427"/>
							<String ID="string_52" HPOS="442" VPOS="386" WIDTH="71" HEIGHT="28" WC="0.96" CONTENT="något"/><SP WIDTH="14" VPOS="386" HPOS="513"/>
							<String ID="string_53" HPOS="527" VPOS="384" WIDTH="109" HEIGHT="22" WC="0.93" CONTENT="afseende"/><SP WIDTH="15" VPOS="384" HPOS="636"/>
							<String ID="string_54" HPOS="651" VPOS="384" WIDTH="131" HEIGHT="27" WC="0.91" CONTENT="åsidosatta,"/><SP WIDTH="11" VPOS="384" HPOS="782"/>
							<String ID="string_55" HPOS="793" VPOS="383" WIDTH="94" HEIGHT="29" WC="0.91" CONTENT="pröfvar"/><SP WIDTH="15" VPOS="383" HPOS="887"/>
							<String ID="string_56" HPOS="902" VPOS="382" WIDTH="62" HEIGHT="23" WC="0.96" CONTENT="hvad"/>
						</TextLine>
						<TextLine ID="line_8" HPOS="212" VPOS="416" WIDTH="754" HEIGHT="32">
							<String ID="string_57" HPOS="212" VPOS="420" WIDTH="108" HEIGHT="22" WC="0.93" CONTENT="afseende"/><SP WIDTH="22" VPOS="420" HPOS="320"/>
							<String ID="string_58" HPOS="342" VPOS="420" WIDTH="14" HEIGHT="21" WC="0.91" CONTENT="å"/><SP WIDTH="22" VPOS="420" HPOS="356"/>
							<String ID="string_59" HPOS="378" VPOS="419" WIDTH="160" HEIGHT="29" WC="0.96" CONTENT="ansökningen"/><SP WIDTH="22" VPOS="419" HPOS="538"/>
							<String ID="string_60" HPOS="560" VPOS="419" WIDTH="73" HEIGHT="21" WC="0.96" CONTENT="fästas"/><SP WIDTH="22" VPOS="419" HPOS="633"/>
							<String ID="string_61" HPOS="655" VPOS="419" WIDTH="37" HEIGHT="21" WC="0.95" CONTENT="må"/><SP WIDTH="22" VPOS="419" HPOS="692"/>
							<String ID="string_62" HPOS="714" VPOS="418" WIDTH="43" HEIGHT="22" WC="0.96" CONTENT="och"/><SP WIDTH="22" VPOS="418" HPOS="757"/>
							<String ID="string_63" HPOS="779" VPOS="416" WIDTH="115" HEIGHT="24" WC="0.91" CONTENT="huruvida"/><SP WIDTH="15" VPOS="416" HPOS="894"/>
							<String ID="string_64" HPOS="909" VPOS="417" WIDTH="57" HEIGHT="22" WC="0.91" CONTENT="den-"/>
						</TextLine>
						<TextLine ID="line_9" HPOS="213" VPOS="452" WIDTH="628" HEIGHT="30">
							<String ID="string_65" HPOS="213" VPOS="462" WIDTH="85" HEIGHT="15" WC="0.96" CONTENT="samma"/><SP WIDTH="15" VPOS="462" HPOS="298"/>
							<String ID="string_66" HPOS="313" VPOS="454" WIDTH="9" HEIGHT="22" WC="0.96" CONTENT="i"/><SP WIDTH="14" VPOS="454" HPOS="322"/>
							<String ID="string_67" HPOS="336" VPOS="454" WIDTH="74" HEIGHT="28" WC="0.96" CONTENT="öfrigt"/><SP WIDTH="14" VPOS="454" HPOS="410"/>
							<String ID="string_68" HPOS="424" VPOS="454" WIDTH="37" HEIGHT="22" WC="0.96" CONTENT="må"/><SP WIDTH="14" VPOS="454" HPOS="461"/>
							<String ID="string_69" HPOS="475" VPOS="453" WIDTH="119" HEIGHT="23" WC="0.96" CONTENT="föranleda"/><SP WIDTH="14" VPOS="453" HPOS="594"/>
							<String ID="string_70" HPOS="608" VPOS="452" WIDTH="38" HEIGHT="22" WC="0.96" CONTENT="till"/><SP WIDTH="15" VPOS="452" HPOS="646"/>
							<String ID="string_71" HPOS="661" VPOS="453" WIDTH="77" HEIGHT="28" WC="0.96" CONTENT="någon"/><SP WIDTH="15" VPOS="453" HPOS="738"/>
							<String ID="string_72" HPOS="753" VPOS="452" WIDTH="88" HEIGHT="29" WC="0.96" CONTENT="åtgärd."/>
						</TextLine>
					</TextBlock>
				</ComposedBlock>
				<ComposedBlock ID="cblock_2" HPOS="561" VPOS="540" WIDTH="61" HEIGHT="26">
					<TextBlock ID="block_3" HPOS="561" VPOS="540" WIDTH="61" HEIGHT="26">
						<TextLine ID="line_10" HPOS="561" VPOS="540" WIDTH="61" HEIGHT="26">
							<String ID="string_73" HPOS="561" VPOS="540" WIDTH="26" HEIGHT="22" WC="0.96" CONTENT="16"/><SP WIDTH="15" VPOS="540" HPOS="587"/>
							<String ID="string_74" HPOS="602" VPOS="540" WIDTH="20" HEIGHT="26" WC="0.95" CONTENT="8."/>
						</TextLine>
					</TextBlock>
				</ComposedBlock>
				<ComposedBlock ID="cblock_3" HPOS="214" VPOS="590" WIDTH="754" HEIGHT="269">
					<TextBlock ID="block_4" HPOS="214" VPOS="590" WIDTH="754" HEIGHT="269">
						<TextLine ID="line_11" HPOS="282" VPOS="590" WIDTH="685" HEIGHT="29">
							<String ID="string_75" HPOS="282" VPOS="592" WIDTH="49" HEIGHT="22" WC="0.96" CONTENT="Har"/><SP WIDTH="21" VPOS="592" HPOS="331"/>
							<String ID="string_76" HPOS="352" VPOS="592" WIDTH="79" HEIGHT="27" WC="0.96" CONTENT="inlaga"/><SP WIDTH="21" VPOS="592" HPOS="431"/>
							<String ID="string_77" HPOS="452" VPOS="591" WIDTH="57" HEIGHT="22" WC="0.95" CONTENT="eller"/><SP WIDTH="21" VPOS="591" HPOS="509"/>
							<String ID="string_78" HPOS="530" VPOS="591" WIDTH="78" HEIGHT="28" WC="0.96" CONTENT="bilaga"/><SP WIDTH="21" VPOS="591" HPOS="608"/>
							<String ID="string_79" HPOS="629" VPOS="590" WIDTH="80" HEIGHT="22" WC="0.95" CONTENT="blifvit"/><SP WIDTH="22" VPOS="590" HPOS="709"/>
							<String ID="string_80" HPOS="731" VPOS="590" WIDTH="41" HEIGHT="22" WC="0.96" CONTENT="vid"/><SP WIDTH="21" VPOS="590" HPOS="772"/>
							<String ID="string_81" HPOS="793" VPOS="590" WIDTH="101" HEIGHT="22" WC="0.96" CONTENT="domstol"/><SP WIDTH="15" VPOS="590" HPOS="894"/>
							<String ID="string_82" HPOS="909" VPOS="590" WIDTH="58" HEIGHT="22" WC="0.95" CONTENT="eller"/>
						</TextLine>
						<TextLine ID="line_12" HPOS="214" VPOS="624" WIDTH="750" HEIGHT="30">
							<String ID="string_83" HPOS="214" VPOS="625" WIDTH="146" HEIGHT="23" WC="0.92" CONTENT="embetsverk"/><SP WIDTH="14" VPOS="625" HPOS="360"/>
							<String ID="string_84" HPOS="374" VPOS="627" WIDTH="57" HEIGHT="20" WC="0.94" CONTENT="utan"/><SP WIDTH="15" VPOS="627" HPOS="431"/>
							<String ID="string_85" HPOS="446" VPOS="625" WIDTH="154" HEIGHT="28" WC="0.93" CONTENT="anmärkning"/><SP WIDTH="10" VPOS="625" HPOS="600"/>
							<String ID="string_86" HPOS="610" VPOS="627" WIDTH="138" HEIGHT="27" WC="0.90" CONTENT="emottagen,"/><SP WIDTH="10" VPOS="627" HPOS="748"/>
							<String ID="string_87" HPOS="758" VPOS="625" WIDTH="56" HEIGHT="21" WC="0.96" CONTENT="eller"/><SP WIDTH="10" VPOS="625" HPOS="814"/>
							<String ID="string_88" HPOS="824" VPOS="624" WIDTH="140" HEIGHT="30" WC="0.96" CONTENT="expedition,"/>
						</TextLine>
						<TextLine ID="line_13" HPOS="215" VPOS="658" WIDTH="751" HEIGHT="30">
							<String ID="string_89" HPOS="215" VPOS="667" WIDTH="49" HEIGHT="15" WC="0.96" CONTENT="som"/><SP WIDTH="22" VPOS="667" HPOS="264"/>
							<String ID="string_90" HPOS="286" VPOS="664" WIDTH="25" HEIGHT="17" WC="0.96" CONTENT="är"/><SP WIDTH="22" VPOS="664" HPOS="311"/>
							<String ID="string_91" HPOS="333" VPOS="659" WIDTH="125" HEIGHT="29" WC="0.93" CONTENT="behörigen"/><SP WIDTH="18" VPOS="659" HPOS="458"/>
							<String ID="string_92" HPOS="476" VPOS="658" WIDTH="185" HEIGHT="27" WC="0.90" CONTENT="underskrifven,"/><SP WIDTH="15" VPOS="658" HPOS="661"/>
							<String ID="string_93" HPOS="676" VPOS="658" WIDTH="102" HEIGHT="23" WC="0.91" CONTENT="derifrån"/><SP WIDTH="18" VPOS="658" HPOS="778"/>
							<String ID="string_94" HPOS="796" VPOS="658" WIDTH="116" HEIGHT="29" WC="0.91" CONTENT="utgifvits,"/><SP WIDTH="16" VPOS="658" HPOS="912"/>
							<String ID="string_95" HPOS="928" VPOS="659" WIDTH="38" HEIGHT="21" WC="0.96" CONTENT="må"/>
						</TextLine>
						<TextLine ID="line_14" HPOS="214" VPOS="692" WIDTH="752" HEIGHT="30">
							<String ID="string_96" HPOS="214" VPOS="694" WIDTH="36" HEIGHT="22" WC="0.96" CONTENT="för"/><SP WIDTH="22" VPOS="694" HPOS="250"/>
							<String ID="string_97" HPOS="272" VPOS="693" WIDTH="118" HEIGHT="22" WC="0.95" CONTENT="bristande"/><SP WIDTH="23" VPOS="693" HPOS="390"/>
							<String ID="string_98" HPOS="413" VPOS="694" WIDTH="56" HEIGHT="20" WC="0.95" CONTENT="eller"/><SP WIDTH="20" VPOS="694" HPOS="469"/>
							<String ID="string_99" HPOS="489" VPOS="692" WIDTH="101" HEIGHT="29" WC="0.96" CONTENT="felaktig"/><SP WIDTH="14" VPOS="692" HPOS="590"/>
							<String ID="string_100" HPOS="604" VPOS="694" WIDTH="127" HEIGHT="28" WC="0.96" CONTENT="stämpling"/><SP WIDTH="15" VPOS="694" HPOS="731"/>
							<String ID="string_101" HPOS="746" VPOS="694" WIDTH="78" HEIGHT="28" WC="0.96" CONTENT="någon"/><SP WIDTH="14" VPOS="694" HPOS="824"/>
							<String ID="string_102" HPOS="838" VPOS="692" WIDTH="90" HEIGHT="30" WC="0.96" CONTENT="påföljd"/><SP WIDTH="15" VPOS="692" HPOS="928"/>
							<String ID="string_103" HPOS="943" VPOS="694" WIDTH="23" HEIGHT="27" WC="0.96" CONTENT="ej"/>
						</TextLine>
						<TextLine ID="line_15" HPOS="214" VPOS="726" WIDTH="751" HEIGHT="29">
							<String ID="string_104" HPOS="214" VPOS="728" WIDTH="87" HEIGHT="22" WC="0.96" CONTENT="drabba"/><SP WIDTH="18" VPOS="728" HPOS="301"/>
							<String ID="string_105" HPOS="319" VPOS="727" WIDTH="46" HEIGHT="21" WC="0.96" CONTENT="den"/><SP WIDTH="17" VPOS="727" HPOS="365"/>
							<String ID="string_106" HPOS="382" VPOS="727" WIDTH="112" HEIGHT="27" WC="0.96" CONTENT="enskilde,"/><SP WIDTH="16" VPOS="727" HPOS="494"/>
							<String ID="string_107" HPOS="510" VPOS="734" WIDTH="49" HEIGHT="15" WC="0.93" CONTENT="som"/><SP WIDTH="14" VPOS="734" HPOS="559"/>
							<String ID="string_108" HPOS="573" VPOS="727" WIDTH="113" HEIGHT="22" WC="0.91" CONTENT="inlemnat"/><SP WIDTH="13" VPOS="727" HPOS="686"/>
							<String ID="string_109" HPOS="699" VPOS="728" WIDTH="57" HEIGHT="21" WC="0.93" CONTENT="eller"/><SP WIDTH="14" VPOS="728" HPOS="756"/>
							<String ID="string_110" HPOS="770" VPOS="727" WIDTH="73" HEIGHT="22" WC="0.92" CONTENT="utfått"/><SP WIDTH="15" VPOS="727" HPOS="843"/>
							<String ID="string_111" HPOS="858" VPOS="726" WIDTH="107" HEIGHT="29" WC="0.95" CONTENT="skriften,"/>
						</TextLine>
						<TextLine ID="line_16" HPOS="215" VPOS="761" WIDTH="750" HEIGHT="29">
							<String ID="string_112" HPOS="215" VPOS="762" WIDTH="56" HEIGHT="22" WC="0.96" CONTENT="eller"/><SP WIDTH="20" VPOS="762" HPOS="271"/>
							<String ID="string_113" HPOS="291" VPOS="761" WIDTH="86" HEIGHT="23" WC="0.96" CONTENT="sådana"/><SP WIDTH="18" VPOS="761" HPOS="377"/>
							<String ID="string_114" HPOS="395" VPOS="761" WIDTH="95" HEIGHT="22" WC="0.96" CONTENT="skrifter"/><SP WIDTH="15" VPOS="761" HPOS="490"/>
							<String ID="string_115" HPOS="505" VPOS="762" WIDTH="42" HEIGHT="21" WC="0.96" CONTENT="och"/><SP WIDTH="16" VPOS="762" HPOS="547"/>
							<String ID="string_116" HPOS="563" VPOS="761" WIDTH="138" HEIGHT="29" WC="0.96" CONTENT="handlingar"/><SP WIDTH="15" VPOS="761" HPOS="701"/>
							<String ID="string_117" HPOS="716" VPOS="762" WIDTH="77" HEIGHT="22" WC="0.93" CONTENT="derför"/><SP WIDTH="14" VPOS="762" HPOS="793"/>
							<String ID="string_118" HPOS="807" VPOS="762" WIDTH="88" HEIGHT="22" WC="0.92" CONTENT="lemnas"/><SP WIDTH="13" VPOS="762" HPOS="895"/>
							<String ID="string_119" HPOS="908" VPOS="763" WIDTH="57" HEIGHT="20" WC="0.96" CONTENT="utan"/>
						</TextLine>
						<TextLine ID="line_17" HPOS="215" VPOS="796" WIDTH="753" HEIGHT="29">
							<String ID="string_120" HPOS="215" VPOS="796" WIDTH="115" HEIGHT="27" WC="0.96" CONTENT="afseende,"/><SP WIDTH="14" VPOS="796" HPOS="330"/>
							<String ID="string_121" HPOS="344" VPOS="798" WIDTH="58" HEIGHT="20" WC="0.95" CONTENT="utan"/><SP WIDTH="18" VPOS="798" HPOS="402"/>
							<String ID="string_122" HPOS="420" VPOS="803" WIDTH="53" HEIGHT="15" WC="0.96" CONTENT="vare"/><SP WIDTH="18" VPOS="803" HPOS="473"/>
							<String ID="string_123" HPOS="491" VPOS="796" WIDTH="82" HEIGHT="22" WC="0.96" CONTENT="endast"/><SP WIDTH="15" VPOS="796" HPOS="573"/>
							<String ID="string_124" HPOS="588" VPOS="796" WIDTH="171" HEIGHT="22" WC="0.93" CONTENT="vederbörande"/><SP WIDTH="15" VPOS="796" HPOS="759"/>
							<String ID="string_125" HPOS="774" VPOS="796" WIDTH="140" HEIGHT="29" WC="0.92" CONTENT="tjensteman"/><SP WIDTH="14" VPOS="796" HPOS="914"/>
							<String ID="string_126" HPOS="928" VPOS="796" WIDTH="40" HEIGHT="22" WC="0.96" CONTENT="för"/>
						</TextLine>
						<TextLine ID="line_18" HPOS="215" VPOS="829" WIDTH="751" HEIGHT="30">
							<String ID="string_127" HPOS="215" VPOS="830" WIDTH="127" HEIGHT="23" WC="0.96" CONTENT="förseelsen"/><SP WIDTH="7" VPOS="830" HPOS="342"/>
							<String ID="string_128" HPOS="349" VPOS="829" WIDTH="109" HEIGHT="23" WC="0.95" CONTENT="förfallen"/><SP WIDTH="8" VPOS="829" HPOS="458"/>
							<String ID="string_129" HPOS="466" VPOS="830" WIDTH="37" HEIGHT="22" WC="0.96" CONTENT="till"/><SP WIDTH="8" VPOS="830" HPOS="503"/>
							<String ID="string_130" HPOS="511" VPOS="838" WIDTH="84" HEIGHT="14" WC="0.95" CONTENT="ansvar"/><SP WIDTH="8" VPOS="838" HPOS="595"/>
							<String ID="string_131" HPOS="603" VPOS="831" WIDTH="30" HEIGHT="28" WC="0.96" CONTENT="på"/><SP WIDTH="11" VPOS="831" HPOS="633"/>
							<String ID="string_132" HPOS="644" VPOS="832" WIDTH="47" HEIGHT="20" WC="0.96" CONTENT="sätt"/><SP WIDTH="10" VPOS="832" HPOS="691"/>
							<String ID="string_133" HPOS="701" VPOS="830" WIDTH="113" HEIGHT="22" WC="0.96" CONTENT="nedanför"/><SP WIDTH="7" VPOS="830" HPOS="814"/>
							<String ID="string_134" HPOS="821" VPOS="830" WIDTH="145" HEIGHT="22" WC="0.96" CONTENT="bestämmes."/>
						</TextLine>
					</TextBlock>
				</ComposedBlock>
				<ComposedBlock ID="cblock_4" HPOS="563" VPOS="918" WIDTH="61" HEIGHT="26">
					<TextBlock ID="block_5" HPOS="563" VPOS="918" WIDTH="61" HEIGHT="26">
						<TextLine ID="line_19" HPOS="563" VPOS="918" WIDTH="61" HEIGHT="26">
							<String ID="string_135" HPOS="563" VPOS="918" WIDTH="26" HEIGHT="21" WC="0.95" CONTENT="17"/><SP WIDTH="16" VPOS="918" HPOS="589"/>
							<String ID="string_136" HPOS="605" VPOS="918" WIDTH="19" HEIGHT="26" WC="0.94" CONTENT="8."/>
						</TextLine>
					</TextBlock>
				</ComposedBlock>
				<ComposedBlock ID="cblock_5" HPOS="217" VPOS="968" WIDTH="757" HEIGHT="473">
					<TextBlock ID="block_6" HPOS="217" VPOS="968" WIDTH="753" HEIGHT="261">
						<TextLine ID="line_20" HPOS="284" VPOS="968" WIDTH="684" HEIGHT="28">
							<String ID="string_137" HPOS="284" VPOS="968" WIDTH="36" HEIGHT="22" WC="0.92" CONTENT="Då"/><SP WIDTH="22" VPOS="968" HPOS="320"/>
							<String ID="string_138" HPOS="342" VPOS="968" WIDTH="110" HEIGHT="28" WC="0.91" CONTENT="sakegare"/><SP WIDTH="22" VPOS="968" HPOS="452"/>
							<String ID="string_139" HPOS="474" VPOS="968" WIDTH="87" HEIGHT="22" WC="0.91" CONTENT="tillåtes"/><SP WIDTH="15" VPOS="968" HPOS="561"/>
							<String ID="string_140" HPOS="576" VPOS="970" WIDTH="35" HEIGHT="20" WC="0.96" CONTENT="att"/><SP WIDTH="15" VPOS="970" HPOS="611"/>
							<String ID="string_141" HPOS="626" VPOS="969" WIDTH="39" HEIGHT="21" WC="0.96" CONTENT="vid"/><SP WIDTH="15" VPOS="969" HPOS="665"/>
							<String ID="string_142" HPOS="680" VPOS="968" WIDTH="102" HEIGHT="22" WC="0.96" CONTENT="domstol"/><SP WIDTH="16" VPOS="968" HPOS="782"/>
							<String ID="string_143" HPOS="798" VPOS="969" WIDTH="56" HEIGHT="21" WC="0.93" CONTENT="eller"/><SP WIDTH="15" VPOS="969" HPOS="854"/>
							<String ID="string_144" HPOS="869" VPOS="968" WIDTH="99" HEIGHT="22" WC="0.89" CONTENT="embets-"/>
						</TextLine>
						<TextLine ID="line_21" HPOS="217" VPOS="1001" WIDTH="750" HEIGHT="28">
							<String ID="string_145" HPOS="217" VPOS="1002" WIDTH="63" HEIGHT="25" WC="0.96" CONTENT="verk,"/><SP WIDTH="16" VPOS="1002" HPOS="280"/>
							<String ID="string_146" HPOS="296" VPOS="1002" WIDTH="8" HEIGHT="21" WC="0.96" CONTENT="i"/><SP WIDTH="15" VPOS="1002" HPOS="304"/>
							<String ID="string_147" HPOS="319" VPOS="1002" WIDTH="79" HEIGHT="21" WC="0.96" CONTENT="stället"/><SP WIDTH="14" VPOS="1002" HPOS="398"/>
							<String ID="string_148" HPOS="412" VPOS="1002" WIDTH="37" HEIGHT="21" WC="0.93" CONTENT="för"/><SP WIDTH="14" VPOS="1002" HPOS="449"/>
							<String ID="string_149" HPOS="463" VPOS="1002" WIDTH="167" HEIGHT="27" WC="0.92" CONTENT="hufvudskrift,"/><SP WIDTH="16" VPOS="1002" HPOS="630"/>
							<String ID="string_150" HPOS="646" VPOS="1002" WIDTH="73" HEIGHT="22" WC="0.91" CONTENT="förete"/><SP WIDTH="16" VPOS="1002" HPOS="719"/>
							<String ID="string_151" HPOS="735" VPOS="1002" WIDTH="121" HEIGHT="22" WC="0.91" CONTENT="bevittnad"/><SP WIDTH="16" VPOS="1002" HPOS="856"/>
							<String ID="string_152" HPOS="872" VPOS="1001" WIDTH="95" HEIGHT="23" WC="0.91" CONTENT="afskrift"/>
						</TextLine>
						<TextLine ID="line_22" HPOS="217" VPOS="1036" WIDTH="749" HEIGHT="29">
							<String ID="string_153" HPOS="217" VPOS="1036" WIDTH="26" HEIGHT="22" WC="0.96" CONTENT="af"/><SP WIDTH="12" VPOS="1036" HPOS="243"/>
							<String ID="string_154" HPOS="255" VPOS="1036" WIDTH="139" HEIGHT="26" WC="0.95" CONTENT="densamma,"/><SP WIDTH="15" VPOS="1036" HPOS="394"/>
							<String ID="string_155" HPOS="409" VPOS="1036" WIDTH="41" HEIGHT="22" WC="0.96" CONTENT="bör"/><SP WIDTH="14" VPOS="1036" HPOS="450"/>
							<String ID="string_156" HPOS="464" VPOS="1036" WIDTH="79" HEIGHT="22" WC="0.96" CONTENT="tillika"/><SP WIDTH="14" VPOS="1036" HPOS="543"/>
							<String ID="string_157" HPOS="557" VPOS="1036" WIDTH="98" HEIGHT="29" WC="0.96" CONTENT="styrkas,"/><SP WIDTH="16" VPOS="1036" HPOS="655"/>
							<String ID="string_158" HPOS="671" VPOS="1039" WIDTH="35" HEIGHT="19" WC="0.96" CONTENT="att"/><SP WIDTH="15" VPOS="1039" HPOS="706"/>
							<String ID="string_159" HPOS="721" VPOS="1037" WIDTH="43" HEIGHT="22" WC="0.96" CONTENT="och"/><SP WIDTH="15" VPOS="1037" HPOS="764"/>
							<String ID="string_160" HPOS="779" VPOS="1037" WIDTH="37" HEIGHT="21" WC="0.96" CONTENT="till"/><SP WIDTH="11" VPOS="1037" HPOS="816"/>
							<String ID="string_161" HPOS="827" VPOS="1036" WIDTH="91" HEIGHT="23" WC="0.93" CONTENT="hvilket"/><SP WIDTH="10" VPOS="1036" HPOS="918"/>
							<String ID="string_162" HPOS="928" VPOS="1037" WIDTH="38" HEIGHT="21" WC="0.92" CONTENT="be-"/>
						</TextLine>
						<TextLine ID="line_23" HPOS="217" VPOS="1070" WIDTH="753" HEIGHT="30">
							<String ID="string_163" HPOS="217" VPOS="1071" WIDTH="55" HEIGHT="29" WC="0.93" CONTENT="lopp"/><SP WIDTH="23" VPOS="1071" HPOS="272"/>
							<String ID="string_164" HPOS="295" VPOS="1070" WIDTH="190" HEIGHT="22" WC="0.92" CONTENT="hufvudskriften"/><SP WIDTH="25" VPOS="1070" HPOS="485"/>
							<String ID="string_165" HPOS="510" VPOS="1075" WIDTH="25" HEIGHT="18" WC="0.95" CONTENT="är"/><SP WIDTH="21" VPOS="1075" HPOS="535"/>
							<String ID="string_166" HPOS="556" VPOS="1071" WIDTH="93" HEIGHT="22" WC="0.95" CONTENT="försedd"/><SP WIDTH="22" VPOS="1071" HPOS="649"/>
							<String ID="string_167" HPOS="671" VPOS="1071" WIDTH="52" HEIGHT="22" WC="0.96" CONTENT="med"/><SP WIDTH="22" VPOS="1071" HPOS="723"/>
							<String ID="string_168" HPOS="745" VPOS="1072" WIDTH="105" HEIGHT="28" WC="0.94" CONTENT="stämpel."/><SP WIDTH="36" VPOS="1072" HPOS="850"/>
							<String ID="string_169" HPOS="886" VPOS="1071" WIDTH="84" HEIGHT="23" WC="0.87" CONTENT="Skulle"/>
						</TextLine>
						<TextLine ID="line_24" HPOS="218" VPOS="1105" WIDTH="752" HEIGHT="29">
							<String ID="string_170" HPOS="218" VPOS="1105" WIDTH="64" HEIGHT="22" WC="0.93" CONTENT="detta"/><SP WIDTH="13" VPOS="1105" HPOS="282"/>
							<String ID="string_171" HPOS="295" VPOS="1105" WIDTH="129" HEIGHT="21" WC="0.91" CONTENT="uraktlåtas"/><SP WIDTH="15" VPOS="1105" HPOS="424"/>
							<String ID="string_172" HPOS="439" VPOS="1105" WIDTH="55" HEIGHT="22" WC="0.96" CONTENT="eller"/><SP WIDTH="15" VPOS="1105" HPOS="494"/>
							<String ID="string_173" HPOS="509" VPOS="1106" WIDTH="77" HEIGHT="28" WC="0.96" CONTENT="någon"/><SP WIDTH="15" VPOS="1106" HPOS="586"/>
							<String ID="string_174" HPOS="601" VPOS="1105" WIDTH="160" HEIGHT="23" WC="0.93" CONTENT="försummelse"/><SP WIDTH="16" VPOS="1105" HPOS="761"/>
							<String ID="string_175" HPOS="777" VPOS="1105" WIDTH="125" HEIGHT="23" WC="0.92" CONTENT="förefinnas"/><SP WIDTH="13" VPOS="1105" HPOS="902"/>
							<String ID="string_176" HPOS="915" VPOS="1106" WIDTH="55" HEIGHT="22" WC="0.96" CONTENT="med"/>
						</TextLine>
						<TextLine ID="line_25" HPOS="218" VPOS="1139" WIDTH="750" HEIGHT="30">
							<String ID="string_177" HPOS="218" VPOS="1140" WIDTH="91" HEIGHT="27" WC="0.96" CONTENT="hänsyn"/><SP WIDTH="21" VPOS="1140" HPOS="309"/>
							<String ID="string_178" HPOS="330" VPOS="1139" WIDTH="38" HEIGHT="21" WC="0.93" CONTENT="till"/><SP WIDTH="20" VPOS="1139" HPOS="368"/>
							<String ID="string_179" HPOS="388" VPOS="1139" WIDTH="202" HEIGHT="23" WC="0.92" CONTENT="hufvudskriftens"/><SP WIDTH="19" VPOS="1139" HPOS="590"/>
							<String ID="string_180" HPOS="609" VPOS="1139" WIDTH="110" HEIGHT="30" WC="0.96" CONTENT="behöriga"/><SP WIDTH="15" VPOS="1139" HPOS="719"/>
							<String ID="string_181" HPOS="734" VPOS="1140" WIDTH="132" HEIGHT="29" WC="0.96" CONTENT="stämpling,"/><SP WIDTH="16" VPOS="1140" HPOS="866"/>
							<String ID="string_182" HPOS="882" VPOS="1140" WIDTH="38" HEIGHT="22" WC="0.93" CONTENT="må"/><SP WIDTH="14" VPOS="1140" HPOS="920"/>
							<String ID="string_183" HPOS="934" VPOS="1139" WIDTH="34" HEIGHT="23" WC="0.91" CONTENT="af-"/>
						</TextLine>
						<TextLine ID="line_26" HPOS="218" VPOS="1173" WIDTH="752" HEIGHT="30">
							<String ID="string_184" HPOS="218" VPOS="1173" WIDTH="99" HEIGHT="22" WC="0.96" CONTENT="skriften"/><SP WIDTH="23" VPOS="1173" HPOS="317"/>
							<String ID="string_185" HPOS="340" VPOS="1173" WIDTH="73" HEIGHT="22" WC="0.96" CONTENT="förses"/><SP WIDTH="23" VPOS="1173" HPOS="413"/>
							<String ID="string_186" HPOS="436" VPOS="1174" WIDTH="51" HEIGHT="21" WC="0.96" CONTENT="med"/><SP WIDTH="22" VPOS="1174" HPOS="487"/>
							<String ID="string_187" HPOS="509" VPOS="1174" WIDTH="40" HEIGHT="22" WC="0.93" CONTENT="det"/><SP WIDTH="21" VPOS="1174" HPOS="549"/>
							<String ID="string_188" HPOS="570" VPOS="1174" WIDTH="190" HEIGHT="29" WC="0.91" CONTENT="stämpelbelopp,"/><SP WIDTH="16" VPOS="1174" HPOS="760"/>
							<String ID="string_189" HPOS="776" VPOS="1181" WIDTH="49" HEIGHT="15" WC="0.92" CONTENT="som"/><SP WIDTH="15" VPOS="1181" HPOS="825"/>
							<String ID="string_190" HPOS="840" VPOS="1175" WIDTH="14" HEIGHT="21" WC="0.92" CONTENT="å"/><SP WIDTH="14" VPOS="1175" HPOS="854"/>
							<String ID="string_191" HPOS="868" VPOS="1174" WIDTH="102" HEIGHT="22" WC="0.91" CONTENT="hufvud-"/>
						</TextLine>
						<TextLine ID="line_27" HPOS="219" VPOS="1207" WIDTH="205" HEIGHT="22">
							<String ID="string_192" HPOS="219" VPOS="1207" WIDTH="98" HEIGHT="22" WC="0.96" CONTENT="skriften"/><SP WIDTH="16" VPOS="1207" HPOS="317"/>
							<String ID="string_193" HPOS="333" VPOS="1207" WIDTH="91" HEIGHT="22" WC="0.96" CONTENT="brister."/>
						</TextLine>
					</TextBlock>
					<TextBlock ID="block_7" HPOS="219" VPOS="1241" WIDTH="755" HEIGHT="200">
						<TextLine ID="line_28" HPOS="285" VPOS="1241" WIDTH="685" HEIGHT="28">
							<String ID="string_194" HPOS="285" VPOS="1241" WIDTH="73" HEIGHT="28" WC="0.96" CONTENT="Intyg"/><SP WIDTH="21" VPOS="1241" HPOS="358"/>
							<String ID="string_195" HPOS="379" VPOS="1242" WIDTH="8" HEIGHT="20" WC="0.93" CONTENT="i"/><SP WIDTH="23" VPOS="1242" HPOS="387"/>
							<String ID="string_196" HPOS="410" VPOS="1241" WIDTH="147" HEIGHT="22" WC="0.92" CONTENT="omförmäldt"/><SP WIDTH="19" VPOS="1241" HPOS="557"/>
							<String ID="string_197" HPOS="576" VPOS="1242" WIDTH="107" HEIGHT="21" WC="0.96" CONTENT="afseende"/><SP WIDTH="16" VPOS="1242" HPOS="683"/>
							<String ID="string_198" HPOS="699" VPOS="1243" WIDTH="41" HEIGHT="21" WC="0.97" CONTENT="bör"/><SP WIDTH="15" VPOS="1243" HPOS="740"/>
							<String ID="string_199" HPOS="755" VPOS="1243" WIDTH="61" HEIGHT="21" WC="0.95" CONTENT="helst"/><SP WIDTH="14" VPOS="1243" HPOS="816"/>
							<String ID="string_200" HPOS="830" VPOS="1243" WIDTH="116" HEIGHT="21" WC="0.96" CONTENT="meddelas"/><SP WIDTH="15" VPOS="1243" HPOS="946"/>
							<String ID="string_201" HPOS="961" VPOS="1244" WIDTH="9" HEIGHT="20" WC="0.96" CONTENT="i"/>
						</TextLine>
						<TextLine ID="line_29" HPOS="219" VPOS="1274" WIDTH="750" HEIGHT="29">
							<String ID="string_202" HPOS="219" VPOS="1274" WIDTH="52" HEIGHT="22" WC="0.96" CONTENT="stad"/><SP WIDTH="21" VPOS="1274" HPOS="271"/>
							<String ID="string_203" HPOS="292" VPOS="1274" WIDTH="27" HEIGHT="21" WC="0.96" CONTENT="af"/><SP WIDTH="19" VPOS="1274" HPOS="319"/>
							<String ID="string_204" HPOS="338" VPOS="1274" WIDTH="137" HEIGHT="22" WC="0.96" CONTENT="ordförande"/><SP WIDTH="22" VPOS="1274" HPOS="475"/>
							<String ID="string_205" HPOS="497" VPOS="1276" WIDTH="9" HEIGHT="20" WC="0.96" CONTENT="i"/><SP WIDTH="22" VPOS="1276" HPOS="506"/>
							<String ID="string_206" HPOS="528" VPOS="1276" WIDTH="151" HEIGHT="27" WC="0.96" CONTENT="magistraten"/><SP WIDTH="22" VPOS="1276" HPOS="679"/>
							<String ID="string_207" HPOS="701" VPOS="1276" WIDTH="56" HEIGHT="21" WC="0.93" CONTENT="eller"/><SP WIDTH="22" VPOS="1276" HPOS="757"/>
							<String ID="string_208" HPOS="779" VPOS="1276" WIDTH="81" HEIGHT="22" WC="0.93" CONTENT="dervid"/><SP WIDTH="18" VPOS="1276" HPOS="860"/>
							<String ID="string_209" HPOS="878" VPOS="1276" WIDTH="91" HEIGHT="22" WC="0.92" CONTENT="anstäld"/>
						</TextLine>
						<TextLine ID="line_30" HPOS="219" VPOS="1308" WIDTH="752" HEIGHT="31">
							<String ID="string_210" HPOS="219" VPOS="1308" WIDTH="139" HEIGHT="29" WC="0.89" CONTENT="tjensteman"/><SP WIDTH="23" VPOS="1308" HPOS="358"/>
							<String ID="string_211" HPOS="381" VPOS="1308" WIDTH="43" HEIGHT="22" WC="0.96" CONTENT="och"/><SP WIDTH="20" VPOS="1308" HPOS="424"/>
							<String ID="string_212" HPOS="444" VPOS="1309" WIDTH="30" HEIGHT="29" WC="0.96" CONTENT="på"/><SP WIDTH="21" VPOS="1309" HPOS="474"/>
							<String ID="string_213" HPOS="495" VPOS="1309" WIDTH="79" HEIGHT="22" WC="0.96" CONTENT="landet"/><SP WIDTH="20" VPOS="1309" HPOS="574"/>
							<String ID="string_214" HPOS="594" VPOS="1310" WIDTH="26" HEIGHT="21" WC="0.96" CONTENT="af"/><SP WIDTH="16" VPOS="1310" HPOS="620"/>
							<String ID="string_215" HPOS="636" VPOS="1309" WIDTH="99" HEIGHT="29" WC="0.93" CONTENT="domare,"/><SP WIDTH="16" VPOS="1309" HPOS="735"/>
							<String ID="string_216" HPOS="751" VPOS="1310" WIDTH="146" HEIGHT="29" WC="0.91" CONTENT="presterskap"/><SP WIDTH="16" VPOS="1310" HPOS="897"/>
							<String ID="string_217" HPOS="913" VPOS="1310" WIDTH="58" HEIGHT="22" WC="0.95" CONTENT="eller"/>
						</TextLine>
						<TextLine ID="line_31" HPOS="219" VPOS="1342" WIDTH="751" HEIGHT="30">
							<String ID="string_218" HPOS="219" VPOS="1342" WIDTH="171" HEIGHT="29" WC="0.91" CONTENT="kronobetjent;"/><SP WIDTH="18" VPOS="1342" HPOS="390"/>
							<String ID="string_219" HPOS="408" VPOS="1343" WIDTH="111" HEIGHT="22" WC="0.92" CONTENT="skolande"/><SP WIDTH="15" VPOS="1343" HPOS="519"/>
							<String ID="string_220" HPOS="534" VPOS="1343" WIDTH="71" HEIGHT="23" WC="0.96" CONTENT="andra"/><SP WIDTH="14" VPOS="1343" HPOS="605"/>
							<String ID="string_221" HPOS="619" VPOS="1344" WIDTH="60" HEIGHT="28" WC="0.96" CONTENT="gode"/><SP WIDTH="15" VPOS="1344" HPOS="679"/>
							<String ID="string_222" HPOS="694" VPOS="1348" WIDTH="61" HEIGHT="22" WC="0.96" CONTENT="män,"/><SP WIDTH="16" VPOS="1348" HPOS="755"/>
							<String ID="string_223" HPOS="771" VPOS="1352" WIDTH="49" HEIGHT="14" WC="0.97" CONTENT="som"/><SP WIDTH="15" VPOS="1352" HPOS="820"/>
							<String ID="string_224" HPOS="835" VPOS="1344" WIDTH="82" HEIGHT="22" WC="0.93" CONTENT="sådant"/><SP WIDTH="15" VPOS="1344" HPOS="917"/>
							<String ID="string_225" HPOS="932" VPOS="1344" WIDTH="38" HEIGHT="22" WC="0.90" CONTENT="be-"/>
						</TextLine>
						<TextLine ID="line_32" HPOS="220" VPOS="1378" WIDTH="754" HEIGHT="30">
							<String ID="string_226" HPOS="220" VPOS="1378" WIDTH="86" HEIGHT="28" WC="0.96" CONTENT="styrka,"/><SP WIDTH="20" VPOS="1378" HPOS="306"/>
							<String ID="string_227" HPOS="326" VPOS="1378" WIDTH="72" HEIGHT="28" WC="0.96" CONTENT="jemte"/><SP WIDTH="23" VPOS="1378" HPOS="398"/>
							<String ID="string_228" HPOS="421" VPOS="1380" WIDTH="94" HEIGHT="20" WC="0.94" CONTENT="namnet"/><SP WIDTH="22" VPOS="1380" HPOS="515"/>
							<String ID="string_229" HPOS="537" VPOS="1380" WIDTH="87" HEIGHT="20" WC="0.95" CONTENT="utsätta"/><SP WIDTH="22" VPOS="1380" HPOS="624"/>
							<String ID="string_230" HPOS="646" VPOS="1379" WIDTH="36" HEIGHT="21" WC="0.96" CONTENT="sin"/><SP WIDTH="23" VPOS="1379" HPOS="682"/>
							<String ID="string_231" HPOS="705" VPOS="1378" WIDTH="133" HEIGHT="30" WC="0.96" CONTENT="befattning"/><SP WIDTH="16" VPOS="1378" HPOS="838"/>
							<String ID="string_232" HPOS="854" VPOS="1380" WIDTH="56" HEIGHT="21" WC="0.96" CONTENT="eller"/><SP WIDTH="18" VPOS="1380" HPOS="910"/>
							<String ID="string_233" HPOS="928" VPOS="1380" WIDTH="46" HEIGHT="21" WC="0.94" CONTENT="sitt"/>
						</TextLine>
						<TextLine ID="line_33" HPOS="219" VPOS="1412" WIDTH="238" HEIGHT="29">
							<String ID="string_234" HPOS="219" VPOS="1412" WIDTH="58" HEIGHT="29" WC="0.95" CONTENT="yrke"/><SP WIDTH="15" VPOS="1412" HPOS="277"/>
							<String ID="string_235" HPOS="292" VPOS="1412" WIDTH="44" HEIGHT="22" WC="0.96" CONTENT="och"/><SP WIDTH="14" VPOS="1412" HPOS="336"/>
							<String ID="string_236" HPOS="350" VPOS="1412" WIDTH="107" HEIGHT="23" WC="0.96" CONTENT="hemvist."/>
						</TextLine>
					</TextBlock>
				</ComposedBlock>
			</PrintSpace>
		</Page>
	</Layout>
</alto>
