1042 1711
235 112 26 21 12
524 112 40 21 N:o
581 114 33 19 22.

540 181 27 20 20
583 180 18 27 8.

261 218 43 22 För
326 219 159 27 vetenskapligt
500 219 98 21 ändamäl
613 219 41 25 mä,
670 219 29 26 pä
714 218 56 22 skild
786 218 102 26 ansökan,
904 218 43 22 viss

192 259 79 21 person
291 252 23 22 af
331 252 140 22 Guvernören
493 252 81 22 tillätas
594 253 33 21 att
642 253 73 27 skjuta
731 252 39 22 och
784 252 65 27 fänga
863 252 85 27 fridlyst

191 287 54 21 vildt
260 287 39 22 och
314 289 52 25 taga
381 289 41 25 ägg
437 287 40 22 och
491 293 69 21 ungar
576 287 23 22 af
612 287 78 21 sädant
705 286 110 22 villebräd.

538 351 24 20 21
581 349 19 28 8.

260 389 94 22 Innehar
369 389 71 27 någon
455 389 36 22 vid
506 389 106 27 ingången
623 388 23 22 af
656 389 40 21 den
707 389 39 26 tid,
757 389 122 22 hvarunder
890 389 58 22 ville-

191 423 54 22 bräd
261 422 23 22 af
296 423 54 22 visst
370 423 45 27 slag
434 425 25 19 är
473 423 91 27 fridlyst,
581 423 61 22 deraf
656 425 70 20 större
742 423 50 22 eller
807 423 83 22 mindre
904 423 43 22 för-

192 457 47 27 råd,
255 463 46 16 som
316 457 59 22 förut
390 457 69 22 blifvit
474 457 91 28 lagligen
581 457 60 27 fäldt,
658 464 50 15 vare
723 457 125 28 berättigad
863 460 33 19 att
911 458 37 22 det

190 492 94 27 föryttra
306 493 69 21 under
398 493 26 21 de
445 492 70 23 första
536 493 33 27 sju
590 492 94 28 dagarne
703 493 23 20 af
741 492 206 28 fridlysningstiden,

191 533 48 15 men
263 526 93 22 derefter
375 533 50 15 vare
443 527 107 28 förbjudet
567 528 33 20 att
614 526 73 29 forsla,
704 527 33 29 till
754 527 44 22 salu
809 527 69 27 "hålla,
894 527 54 28 sälja

191 561 51 21 eller
257 561 57 27 köpa
330 561 51 21 eller
395 563 46 19 mot
455 561 111 28 betalning
581 567 86 16 servera
683 561 68 27 dylikt
764 561 60 27 vildt,
835 563 60 20 utom
905 562 42 27 sjö-

191 594 62 29 fågel,
269 602 46 16 som
330 595 91 28 lagligen
437 596 87 27 skjutits
539 596 70 22 under
624 596 73 21 sträck
712 596 52 22 eller
775 595 33 23 för
818 597 79 26 vettar,
909 596 39 22 och

190 630 91 27 lagligen
297 629 44 22 fäld
360 630 80 27 tjäder-
456 630 39 22 och
511 630 93 22 orrhöna
618 630 8 21 i
640 630 120 27 Uleåborgs
775 630 36 22 län
826 630 69 22 under
910 630 37 22 Ja-

191 664 63 22 nuari
269 664 88 26 månad;
375 664 53 22 dock
443 664 33 22 får
491 665 7 21 i
512 664 74 28 beslag
601 666 61 26 taget
676 664 54 22 vildt
745 664 33 22 för
791 665 96 21 kronans
897 665 50 21 räk-

190 698 52 28 ning
257 698 111 28 föryttras.

258 732 103 27 Lagligen
376 732 44 21 fäld
436 733 33 27 elg
484 734 35 20 må
533 734 69 21 under
617 733 49 22 hela
680 733 125 28 September
815 734 80 21 månad
904 733 43 22 för-

189 768 70 25 yttras
283 767 39 21 och
343 767 49 21 med
413 767 138 28 förpassning
574 767 23 22 af
616 767 180 28 polismyndighet
817 767 77 22 forslas
914 767 32 22 till

190 807 72 16 annan
278 803 41 20 ort.

537 832 28 21 22
581 832 17 26 &.

259 870 75 22 Under
349 871 59 21 tiden
423 871 48 21 frän
488 872 38 21 och
542 872 48 21 med
606 871 40 22 den
665 872 9 20 1
691 871 59 22 Mars
766 871 33 22 till
816 872 39 21 den
873 873 8 20 1
895 871 51 28 Sep-

189 905 89 27 tember,
293 912 48 15 men
356 906 8 20 i
378 905 119 28 Uleäborgs
513 906 35 22 län
562 906 48 21 frän
626 906 40 21 och
680 906 49 21 med
745 906 41 22 den
804 907 24 21 15
844 906 59 22 Mars
914 906 32 22 till

191 939 40 22 den
249 942 8 19 1
275 939 131 28 September,
423 941 35 21 mä
473 940 59 22 hund
545 940 47 22 icke
603 940 109 28 begagnas
722 940 34 22 till
763 941 48 27 jagt
821 942 60 20 utom
892 940 54 22 efter

189 974 68 27 björn,
273 980 59 22 varg,
351 974 20 21 lo
391 974 52 22 eller
463 974 48 28 jerf,
531 976 41 20 när
594 974 79 22 sådant
695 974 49 28 djur
761 974 115 28 bevisligen
892 975 54 27 sig
935 970 15 36 i

189 1008 88 22 trakten
292 1008 132 28 uppehäller,
441 1009 38 21 och
493 1008 34 22 för
542 1008 44 22 räfs
600 1009 122 27 uttagande
736 1015 27 16 ur
778 1009 41 27 lya,
835 1011 56 20 samt
906 1016 39 15 un-

190 1043 38 21 der
242 1043 94 27 Augusti
351 1043 79 21 mänad
447 1043 109 22 dessutom
571 1043 33 22 till
618 1043 101 27 lofgifven
735 1043 108 28 fägeljagt.

536 1108 28 20 23
581 1108 19 26 8.

257 1146 24 27 Ej
305 1147 35 20 mä
362 1147 35 21 vid
419 1146 128 28 fägelskytte
566 1147 79 22 bulvan
661 1149 116 26 uppsättas
793 1149 100 20 närmare
908 1154 37 15 an-

190 1186 53 16 nans
259 1181 26 20 rä
299 1182 28 19 än
343 1181 123 22 tvähundra
481 1183 73 20 meter.

536 1239 27 21 24
579 1238 19 27 8.

257 1275 134 22 Hädanefter
409 1282 51 15 vare
478 1277 114 26 förbjudet,
607 1277 48 20 med
666 1277 70 21 nedan
748 1277 104 27 stadgade
863 1278 83 21 undan-

188 1311 43 26 tag,
248 1311 33 20 att
296 1309 33 22 för
344 1309 107 28 fängande
467 1310 23 21 af
502 1311 80 27 nyttigt
597 1310 53 22 vildt
666 1311 100 22 använda
780 1311 67 28 giller,
859 1311 23 22 af
889 1312 56 22 hvad

189 1343 46 28 slag
252 1343 36 22 det
302 1350 53 15 vara
371 1345 39 21 mä.

256 1379 11 21 I
281 1378 120 28 Uleåborgs
413 1379 36 21 län
462 1381 57 19 samt
534 1379 7 21 i
556 1380 41 21 den
617 1379 34 22 del
666 1380 24 21 af
702 1381 80 22 Iisalmi
798 1382 84 27 socken,
899 1388 46 16 som

187 1412 42 22 hör
244 1413 33 21 till
291 1413 81 22 Iisalmi
388 1420 65 15 norra
467 1414 205 27 länsmansdistrikt,
684 1415 102 22 Rutakko
796 1416 147 28 bönehusgäll,
