1048 1714
195 129 28 24 48

417 126 28 23 U.
463 127 27 22 B.
506 139 27 2 —
548 126 74 29 Prop.
638 125 45 23 N:o
698 125 39 23 22.

473 196 43 20 5:o.
542 194 64 21 Barn
624 193 70 22 under
712 193 84 28 femton
817 193 32 27 år,
865 200 47 15 som
928 193 30 27 af

403 228 110 21 målsman
530 229 52 20 eller
596 228 110 21 husbonde
720 227 112 22 användes
842 229 34 20 att
888 227 65 28 vittja

403 263 81 21 dennes
497 263 70 28 giller.

634 327 31 20 29
680 325 20 28 $.
735 326 57 28 (ny).

475 373 47 21 Om
536 372 97 29 straff
644 373 48 27 för
706 372 63 27 den,
784 379 56 15 som
852 372 103 28 olofli-

402 415 53 21 gen
468 408 87 28 jagar
576 407 14 22 &
612 407 84 27 mark,
719 407 49 21 der
788 407 55 22 han
862 407 26 28 ej
902 407 52 22 har

399 443 143 28 jagträtt,
558 442 121 27 stadgas
694 441 11 21 i
718 441 192 29 strafflagen.

455 529 2 2 |
644 512 32 21 30
690 513 21 26 $.

461 551 93 28 Drifver
560 552 74 28 någon
642 552 51 21 eller
704 552 42 21 till
759 551 33 28 sig
800 551 87 22 lockar
898 553 55 26 nyt-

405 586 58 27 tigt
473 586 56 21 vildt
538 586 54 28 från
601 593 89 14 annans
700 586 70 27 mark,
783 586 51 21 eller
841 587 114 27 uppsätter

405 620 82 22 bulvan
502 623 104 19 närmare
622 623 31 18 än
664 621 32 28 pä
711 620 139 29 föreskrifvet
863 620 92 28 afständ

405 655 54 27 frän
473 662 91 15 annans
578 655 32 28 rä,
626 655 50 22 eller
688 655 144 28 öfverskrider
841 655 42 21 den
892 654 60 28 jagt-

404 691 51 26 rätt,
479 689 79 22 honom
581 689 69 28 enligt
672 691 35 27 lag
730 690 51 21 eller
794 689 104 22 särskildt
913 689 41 21 här

405 724 67 27 ofvan
488 725 130 21 omnämndt
633 724 70 21 beslut
716 725 52 21 eller
783 723 57 28 aftal
856 723 96 22 tillkom-

404 765 47 14 mer
465 758 14 21 &
494 759 98 27 samfäld
614 759 52 21 eller
688 765 51 21 egen
762 759 69 26 mark,
852 765 50 14 vare
918 758 35 27 lag

404 799 48 14 som
474 799 35 15 om
532 793 73 28 oloflig
621 793 48 27 jagt
683 793 9 20 i
706 792 130 28 strafflagen
850 794 27 20 är
890 793 62 21 stad-

403 827 59 27 gadt.

650 885 26 21 31
690 885 20 26 $.

474 924 56 27 Den,
550 931 46 15 som
614 927 56 18 utan
690 924 35 28 lof
735 924 10 21 i
759 925 45 21 ide
820 924 68 21 dödar
903 924 52 21 eller

405 965 28 14 ur
451 958 34 21 ide
501 959 125 28 afsigtligen
641 959 167 28 uppskrämmer
822 958 69 28 björn,
906 965 48 15 som

405 992 45 21 han
474 995 35 19 vet
532 993 69 28 hafva
626 993 74 27 blifvit
722 993 28 28 af
770 999 78 15 annan
867 993 86 28 ringad,

405 1027 44 22 böte
464 1027 62 28 högst
541 1027 167 22 tvåhundra
722 1028 70 21 mark.

646 1091 32 20 32
689 1091 22 26 $.

473 1130 118 22 Användes
606 1130 38 21 vid
655 1130 107 29 djurfäng
772 1131 110 28 förbjudet
890 1130 65 28 giller

405 1165 51 21 eller
476 1165 69 21 hälles
566 1165 77 27 lagligt
656 1165 64 28 giller
733 1165 93 28 gillradt
840 1165 52 22 eller
906 1165 47 27 för-

403 1199 84 28 giftadt
505 1199 90 22 lockbete
613 1201 70 19 utsatt
704 1199 14 21 å
737 1205 79 16 annan
836 1201 30 19 än
881 1199 74 21 dertill

405 1233 109 28 lofgifven
530 1233 32 21 tid
576 1233 52 22 eller
642 1235 56 20 utan
711 1233 140 28 iakttagande
862 1233 29 27 af
897 1233 58 22 hvad

404 1267 10 20 i
428 1267 81 20 sådant
530 1267 98 26 afseende
648 1269 27 18 är
694 1267 145 27 föreskrifvet,
855 1273 50 15 vare
920 1267 37 20 bot

404 1300 21 28 ej
444 1299 61 29 öfver
525 1300 119 21 etthundra
664 1301 74 26 mark;
760 1301 39 21 och
815 1308 35 21 ege
865 1301 89 27 enhvar,

403 1341 48 15 som
473 1335 156 27 öfverkommer
648 1335 81 22 sådant
747 1335 66 29 giller
830 1336 51 21 eller
896 1336 57 21 lock-

405 1369 50 28 bete,
470 1371 46 20 rätt
530 1371 34 20 att
577 1370 121 21 detsamma
712 1371 103 28 förstöra.

473 1403 111 29 Takttager
598 1405 21 27 ej
633 1411 61 21 egare
710 1405 29 28 af
750 1405 63 21 katsa
828 1405 58 22 hvad
900 1405 10 21 i
924 1406 31 21 23

405 1438 15 27 $
435 1440 26 19 är
475 1439 107 27 stadgadt,
599 1439 46 22 böte
659 1439 62 28 högst
736 1439 108 29 tjugufem
860 1440 68 21 mark.

267 1485 44 20 Lag-
325 1485 27 16 och
364 1484 161 17 Ekonomiutskotets
537 1485 104 17 betänkande
653 1486 42 16 N:ot
705 1491 16 15 4.
