1048 1706
201 117 26 21 62
424 117 30 22 U.
469 117 29 22 B.
513 130 28 2 —
555 117 74 28 Prop.
645 116 42 22 N:o
703 116 38 23 22.

199 179 25 20 af
233 179 53 20 dem
300 179 8 21 i
324 179 126 21 allmänhet
459 178 105 22 bedrifna
574 178 76 28 jagten
662 180 25 19 är
700 178 83 27 oloflig,
794 185 52 15 men
857 179 54 21 med
921 178 32 21 af-

199 212 82 22 seende
303 212 61 27 derå,
386 215 33 18 att
439 212 61 22 detta
518 212 161 27 lagstadgande
695 213 96 20 allmänt
806 213 145 25 öfverträdes,

198 246 89 22 fruktar
306 246 38 28 jag
367 249 32 19 att
421 246 60 22 detta
503 247 6 21 i
530 248 64 20 ännu
609 247 69 26 högre
693 247 56 26 grad
764 246 74 22 skulle
853 247 46 21 öka
913 254 40 14 an-

198 281 53 21 talet
273 281 25 21 af
318 281 59 27 dem,
401 288 50 14 som
474 281 128 22 öfverträda
625 281 65 27 lagen
713 282 43 20 och
780 281 105 27 ringakta
899 281 53 21 dess

198 315 74 27 helgd.
297 316 43 26 Jag
354 315 47 21 kan
416 315 50 21 icke
481 316 72 20 heller
567 318 34 18 tro
617 317 32 19 att
664 315 77 27 oloflig
754 316 49 26 jagt
817 315 135 27 härigenom

199 349 73 21 skulle
294 349 30 27 på
346 349 116 21 verksamt
480 351 44 19 sätt
539 350 162 25 förekommas,
717 352 24 24 ty
754 349 136 27 jordegaren
905 349 47 21 kan

198 385 56 19 utan
274 383 78 21 tvifvel
374 383 72 21 bättre
465 384 29 20 än
510 384 142 20 kommunen
668 383 54 21 eller
737 383 89 21 kronan
842 385 51 19 veta
908 384 44 20 och

198 417 62 21 hålla
275 417 54 21 reda
339 417 69 28 uppå,
417 418 23 20 åt
450 417 67 21 hvem
529 418 47 20 han
586 417 118 27 medgifvit
711 417 99 27 jagträtt.
836 417 117 21 Oförklar-

197 451 40 26 ligt
252 453 31 24 är,
299 452 61 20 huru
376 451 124 22 Utskottets
515 451 79 27 flertal,
603 458 51 14 som
669 458 67 14 anser
745 451 140 27 jagtskatten
895 451 57 21 böra

198 485 88 21 tillfalla
308 485 150 26 kommunen,
480 486 86 21 önskar
587 487 32 19 att
641 485 33 20 uti
696 485 13 21 6
731 486 13 26 $&
767 485 8 21 i
797 485 107 27 förslaget
918 485 34 21 till

198 519 135 27 kungörelse
356 519 98 21 medlem
477 520 25 20 af
522 519 226 21 kommunalnämnd
769 519 50 22 icke
838 519 43 22 bör
895 527 58 20 upp-

197 555 64 25 tagas
282 553 72 21 bland
376 554 85 21 antalet
476 554 25 20 af
513 554 59 26 dem,
588 553 79 22 hvilka
682 554 37 21 det
735 554 83 27 åligger
833 556 33 19 att
881 554 73 21 öfver-

198 588 59 20 vaka
272 587 161 22 efterlefnaden
449 588 25 21 af
484 587 126 28 jagtlagens
625 588 144 21 föreskrifter.

267 623 42 20 Det
331 625 59 18 mest
409 622 104 27 vägande
529 623 50 20 skäl
594 622 35 21 för
641 622 150 27 jagtskattens
808 623 145 20 uteslutande

198 663 66 14 anser
283 657 39 26 jag
337 663 54 14 vara
407 656 43 27 det,
466 658 32 19 att
513 657 135 20 densamma
664 656 96 21 innebär
776 663 29 14 en
820 657 132 26 kränkning

198 690 24 21 af
239 690 147 27 jordegarens
409 690 137 27 eganderätt.
577 691 55 20 Man
652 691 42 20 har
715 690 132 27 visserligen
869 691 82 26 anfört,

198 726 32 19 att
244 724 38 21 det
296 724 117 27 villebråd,
430 731 50 14 som
497 725 69 20 lefver
580 724 8 21 i
603 725 47 20 fritt
664 725 103 20 tillstånd
782 725 44 20 och
842 731 51 15 som
908 731 44 15 ena

198 759 72 26 dagen
293 759 103 20 befinner
419 758 33 27 sig
475 759 30 27 på
529 759 43 20 den
595 765 60 20 enes,
681 759 72 20 andra
775 759 73 26 dagen
871 759 30 27 på
923 765 28 14 en

198 799 89 14 annans
309 793 75 26 mark,
405 792 51 21 icke
474 793 42 20 bör
531 799 67 15 anses
614 793 77 20 såsom
705 793 76 27 någon
798 793 90 21 enskild
904 799 49 22 per-

198 833 54 14 sons
268 826 118 27 egendom,
398 833 53 14 men
467 827 53 20 med
536 833 89 14 samma
641 827 50 21 skäl
706 827 47 21 kan
768 834 55 14 man
839 827 66 28 påstå
920 830 32 19 att

197 861 49 20 icke
257 861 71 21 heller
343 861 79 26 fisken,
439 861 95 21 hvilken
547 867 42 15 ena
601 861 73 27 dagen
685 862 96 21 simmar
791 862 32 21 uti
835 861 44 22 den
891 868 60 20 enes,

197 895 73 21 andra
285 895 75 27 dagen
376 895 32 21 uti
424 902 28 14 en
468 903 89 14 annans
573 896 140 27 fiskevatten,
729 897 78 20 tillhör
822 896 77 27 någon
915 903 39 14 en-

198 929 58 22 skild
279 937 90 20 person,
394 932 60 19 samt
479 930 60 27 förty
563 930 39 21 vid
626 931 193 20 nästkommande
842 931 109 26 Jandtdag

197 963 82 22 föreslå
301 967 32 18 ett
354 964 124 27 stadgande
502 971 38 14 om
561 965 119 20 införande
699 965 86 27 jemväl
800 965 25 20 af
838 965 112 21 fiskskatt.

197 998 132 21 Emellertid
344 1000 37 19 vet
395 1005 28 14 en
439 999 63 26 hvar,
518 1001 32 18 att
563 999 25 27 ju
604 1005 49 14 mer
667 1005 56 14 man
733 999 122 27 ordentligt
868 999 84 21 vårdar

197 1033 44 20 och
262 1032 76 21 fredar
363 1032 62 21 såväl
442 1032 36 21 sin
491 1033 115 26 jagtmark
621 1039 51 14 som
687 1033 38 20 sitt
739 1033 143 26 fiskevatten,
898 1033 52 21 dess

196 1072 49 14 mer
264 1065 112 22 villebråd
392 1067 44 20 och
452 1066 44 21 fisk
511 1067 43 20 har
569 1073 60 19 man,
645 1067 123 20 hvarutom
784 1067 72 20 kändt
871 1068 32 25 är,
919 1069 32 19 att

196 1106 28 14 en
247 1100 36 21 del
306 1100 86 27 nyttiga
414 1100 52 27 djur
489 1101 52 20 med
563 1103 47 18 stor
625 1100 115 21 förkärlek
755 1101 70 20 vistas
843 1101 13 20 å
871 1101 80 26 någor-

196 1133 71 22 lunda
288 1133 120 22 bestämda
431 1134 90 27 platser,
544 1134 30 27 på
597 1140 88 15 samma
701 1136 44 19 sätt
761 1141 50 15 som
827 1141 55 14 man
897 1135 54 20 med

197 1168 49 21 skäl
268 1168 58 21 talar
348 1175 39 14 om
409 1168 51 26 fisk,
484 1175 51 14 som
557 1169 42 20 har
621 1168 38 21 sitt
681 1169 108 21 stamhåll
811 1169 31 27 på
861 1175 90 15 samma

196 1203 70 20 ställe.
298 1202 50 21 Och
368 1202 46 21 lika
430 1203 61 20 klart
506 1204 31 25 är,
553 1205 32 18 att
600 1203 27 20 de
643 1203 23 20 åt
680 1203 28 20 de
724 1203 114 20 särskilda
853 1203 97 21 stånden

196 1236 115 27 medgifna
333 1236 159 27 privilegierna
514 1236 53 21 med
589 1236 122 26 grundlags
726 1237 68 26 helgd
809 1237 141 20 tillförsäkra

196 1275 28 14 en
239 1269 58 21 hvar
312 1269 63 21 såväl
388 1269 92 26 jagträtt
496 1276 50 14 som
561 1271 44 19 rätt
619 1269 35 21 till
670 1270 57 21 fiske
744 1270 13 20 å
767 1271 60 20 hans
837 1270 112 27 lägenhet.

264 1303 125 21 Utskottets
409 1303 73 21 flertal
504 1303 43 21 har
568 1303 60 21 velat
650 1305 53 24 göra
716 1303 139 28 jagtskatten
873 1306 77 25 antag-

195 1337 69 26 ligare
279 1343 83 21 genom
377 1339 31 18 att
423 1336 72 22 befria
507 1337 135 27 jordegaren
658 1338 43 21 och
717 1337 86 22 dennes
814 1338 73 28 familj
899 1339 50 20 från

196 1371 157 28 skyldigheten
368 1373 32 19 att
415 1371 86 27 utgifva
516 1372 73 21 sådan
605 1372 66 26 skatt,
687 1372 7 21 i
706 1372 110 22 händelse
829 1373 47 21 han
884 1373 65 28 jagar

195 1406 81 21 endast
298 1406 14 21 å
334 1411 57 22 egna
414 1412 58 21 egor.
502 1406 43 27 Jag
567 1406 40 21 vill
629 1408 63 19 ännu
714 1407 87 28 påvisa,
821 1407 34 21 till
870 1407 83 22 hvilka

264 1453 46 21 Lag-
320 1453 27 15 och
360 1452 169 17 Ekonomiutskottets
542 1453 103 16 betänkande
656 1453 35 16 N:o
702 1458 16 15 4.
