1045 1709
438 107 40 21 N:o
495 108 32 20 15.
814 109 13 19 3

105 174 141 22 omförmälda
262 175 201 27 näringsbevillning
478 176 147 21 motsvarande
640 175 68 28 afgift,
724 176 39 20 har
774 176 30 21 uti
814 175 44 22 för-

105 208 71 28 slaget
190 209 34 22 till
239 209 125 27 förordning
379 210 109 26 angående
503 210 231 27 stämpelbevillningen
749 210 110 26 upptagits

105 243 153 27 stämpelafgift
273 243 33 21 för
322 244 27 20 de
364 243 59 21 bevis
439 244 51 20 eller
505 244 146 25 resolutioner,
662 243 137 27 hvarigenom
813 243 44 21 till-

105 276 63 21 stånd
190 277 33 21 till
245 277 81 21 sådana
349 277 109 27 offentliga
474 276 172 27 föreställningar
661 276 24 22 af
698 277 160 21 vederbörande

104 310 129 27 tjenstemän
250 312 40 20 och
306 311 146 27 myndigheter
468 311 112 21 meddelas.
611 311 81 21 Genom
707 311 112 21 åsättande
836 310 24 22 af

105 344 69 22 denna
192 345 155 27 stämpelafgift
361 346 61 21 torde
438 346 40 21 den
492 346 123 26 minskning
629 346 7 20 i
652 345 206 27 stämpelbevillnin-

105 385 45 21 gen,
167 385 45 16 som
227 379 24 22 af
265 380 26 21 de
307 379 120 28 föreslagna
443 380 142 27 ändringarna
595 380 6 21 i
612 379 89 27 afgiften
711 380 33 21 för
754 380 104 27 lysnings-

105 414 71 21 sedlar
194 416 24 19 är
236 416 33 20 att
284 416 87 25 emotse,
387 415 127 27 antagligen,
531 414 128 22 åtminstone
675 415 7 20 i
698 414 37 22 det
749 416 109 20 närmaste

105 448 85 22 komma
205 450 32 20 att
252 449 110 27 utjemnas.

173 482 73 28 Några
268 482 116 28 ändringar
403 484 7 20 i
429 482 188 28 bestämningarna
636 482 110 28 angående
761 482 96 22 tillverk-

105 517 51 27 ning
179 516 39 22 och
238 517 155 27 utkreditering
408 517 24 22 af
445 520 55 19 samt
514 517 136 27 redovisning
666 517 33 21 för
714 517 144 27 stämpelpap-

104 558 39 20 per
165 550 40 22 och
226 552 181 26 stämpelmärken
430 552 64 22 hafva
515 552 47 21 icke
582 551 109 21 befunnits
711 551 146 27 erforderliga.

172 586 71 22 Jemte
261 586 203 28 tillkännagifvande
479 586 65 22 häraf
556 589 55 19 samt
626 586 49 22 med
690 586 128 28 biläggande
833 586 24 21 af

106 620 25 22 de
153 620 49 22 utaf
222 620 119 22 Ständerna
360 621 35 21 vid
409 624 86 19 senaste
509 621 104 27 landtdag
627 621 95 27 begärda
737 620 118 22 statistiska

105 654 108 28 uppgifter
228 655 110 27 angående
354 656 26 20 de
394 655 113 27 vigtigaste
522 655 160 21 skattetitlarna
696 655 7 21 i
718 661 28 14 nu
760 654 97 27 gällande

105 688 221 29 stämpelförordning,
349 690 40 21 har
410 690 60 21 Hans
489 690 117 26 Kejserliga
621 688 102 27 Majestät
737 688 56 28 förty
808 689 48 21 här-

104 724 86 26 igenom
212 724 58 21 velat
289 724 33 22 till
337 724 131 22 Ständernas
482 723 186 28 grundlagsenliga
683 722 128 27 behandling
827 722 30 21 öf-

105 759 108 21 verlemna
228 759 104 27 följande:

276 924 122 32 Förslag
415 924 35 25 till
468 924 131 31 förordning
617 922 114 32 angående
749 922 106 33 stämpel-

208 971 119 31 bevillning
344 970 8 24 i
370 970 213 25 Storfurstendömet
602 968 99 26 Finland.

406 1072 20 17 I
444 1073 110 19 Kap.

104 1130 108 28 Angående
234 1129 139 28 skyldigheten
397 1128 30 22 att
450 1128 72 28 utgöra
542 1127 147 28 stämpelskatt
711 1128 38 21 och
769 1132 32 17 om
821 1127 35 21 det

234 1170 168 27 stämpelbelopp,
417 1174 43 16 som
478 1168 4 22 i
499 1168 67 28 hvarje
581 1167 97 23 särskildt
693 1168 35 21 fall

393 1209 52 22 skall
460 1209 112 26 begagnas.

460 1271 46 27 18.

173 1314 86 26 Domar,
278 1313 77 27 utslag,
374 1312 139 22 resolutioner
532 1312 40 21 och
587 1310 204 29 protokollsutdrag,
807 1316 46 16 som

105 1348 97 22 utfärdas
219 1348 23 20 af
256 1347 85 21 landets
360 1346 122 26 domstolar,
502 1345 133 21 embetsverk
655 1345 40 21 och
711 1344 68 26 öfriga
794 1350 61 20 myn-

106 1382 104 27 digheter,
230 1381 62 21 skola
311 1380 86 22 affattas
413 1379 29 28 pä
459 1379 178 27 stämpelpapper.
667 1378 41 21 Till
724 1378 68 26 öfriga
806 1377 48 22 från

106 1416 97 23 bemälda
228 1415 147 29 myndigheter
396 1414 104 28 utgående
523 1414 143 27 expeditioner
689 1413 109 22 äfvensom
821 1412 34 22 till
