1045 1709
447 106 39 22 N:o
503 106 32 21 15.
823 106 11 21 7

114 172 143 28 Myntverket.

115 208 175 26 Ordningsrätter
305 208 40 21 och
360 208 157 27 ordningsmän.

115 242 179 21 Pastorsembete.

114 276 153 21 Poliskamrar.

114 309 152 26 Polytekniska
280 309 116 22 institutet.

114 343 192 27 Postsparbanken.

115 377 202 22 Provincialläkare.

116 411 193 23 Rektorsembeten
325 413 34 21 vid
375 414 71 26 lyceer
461 413 40 22 och
517 414 195 21 elementarskolor.

114 445 219 24 Revisionskontoret.

114 480 261 23 Riddarhusdirektionen.

113 514 196 23 Rådstufvurätter.

114 549 217 26 Skogsinstruktörer.

115 583 240 28 Sparbanksinspektör.

114 617 202 27 Stämpelkontoret.

112 652 197 27 Tullexpeditioner
325 653 40 21 och
380 653 103 22 -kamrar.

114 687 164 26 Tullinspektör.

114 721 210 27 Yrkesinspektörer.

115 751 221 27 Öfverforstmästare.

182 807 42 21 Till
240 807 71 21 denna
327 807 108 28 afdelning
449 808 102 21 hänföras
563 808 79 27 jemväl
658 808 44 21 alla
717 807 67 22 andra
795 807 72 22 ofvan-

115 840 33 21 för
171 840 47 22 icke
241 841 104 22 särskildt
368 842 127 21 omnämnda
517 844 82 20 statens
615 842 141 27 embetsverk,
771 841 96 27 myndig-

113 875 61 22 heter
189 876 39 21 och
244 876 133 27 tjenstemän,
393 877 70 21 sävidt
478 876 100 22 befrielse
592 876 48 22 frän
654 876 213 27 stämpelskyldighet

113 910 34 21 för
166 910 134 28 handlingar,
317 917 46 16 som
377 912 34 21 till
427 912 46 21 dem
489 911 91 28 ingifvas
595 911 53 22 eller
662 911 24 22 af
699 911 48 22 dem
762 911 105 26 utfärdas,

119 944 46 22 icke
180 944 68 22 finnes
263 945 7 21 i
286 945 69 22 denna
369 946 124 27 förordning
508 946 142 27 uttryckligen
666 945 125 28 medgifven.

182 979 143 22 Kommunala
347 981 39 21 och
410 981 98 26 kyrkliga
522 981 148 27 myndigheter
685 981 38 21 och
738 980 129 27 tjenstemän

114 1013 109 22 äfvensom
245 1014 199 28 försäkringsbolag
466 1015 39 22 och
527 1015 68 22 andra
616 1015 107 22 likartade
745 1014 122 27 föreningar

113 1048 102 22 hänföras
238 1049 96 22 deremot
351 1049 47 22 icke
417 1049 38 27 hit,
475 1049 74 22 sävida
565 1050 26 21 de
605 1049 47 22 icke
666 1049 68 22 finnas
749 1049 40 22 här
804 1049 63 22 ofvan

113 1083 144 27 uttryckligen
273 1084 99 21 nämnda.

465 1135 48 28 38.

182 1175 143 26 Domstolars,
340 1175 157 28 myndigheters
511 1178 56 19 samt
580 1175 138 22 embetsmäns
728 1177 73 26 öppna
811 1175 56 27 bref,
883 1177 109 22 Stämpelaf-

114 1209 138 28 intyganden,
268 1209 55 22 bevis
339 1211 37 20 och
389 1210 74 28 öfriga
474 1210 146 28 expeditioner
629 1212 37 19 äro
677 1210 35 21 vid
722 1209 144 27 utfärdandet,
873 1205 36 22 gift
917 1205 29 18 för
954 1205 50 18 dom-

115 1244 49 21 med
180 1244 26 21 de
220 1245 8 20 i
243 1245 13 20 5
271 1245 11 27 $
298 1245 93 21 nämnda
409 1245 116 27 undantag,
540 1244 157 22 underkastade
712 1244 155 27 stämpelafgift
887 1234 98 51 kd

114 1278 68 27 enligt
200 1279 161 21 nedanstående
380 1279 66 21 tariff.
476 1279 110 27 Stämpeln
604 1279 69 26 gäller
694 1278 33 21 för
741 1279 50 21 hela
805 1284 62 21 expe-
883 1275 106 43 myndighe-

115 1312 92 23 ditionen
227 1316 53 19 utan
299 1313 101 22 afseende
420 1315 13 20 å
452 1313 51 22 vidd
523 1313 52 22 eller
590 1313 77 27 arktal,
683 1315 58 20 utom
757 1313 7 21 i
780 1313 26 22 de
821 1313 46 26 fall,
874 1321 37 16 ters
923 1319 35 18 och
968 1324 36 13 em-

115 1347 27 20 dä
160 1347 150 26 expeditionen
330 1348 66 26 enligt
415 1347 85 22 tariffen
515 1347 40 21 bör
571 1348 67 25 draga
653 1347 91 26 stämpel
758 1347 55 21 efter
828 1347 39 20 ark
875 1347 92 18 bestmäns
974 1352 30 12 ex-

114 1381 53 21 eller
182 1387 70 15 annan
267 1381 207 27 beräkningsgrund.
499 1381 46 21 Och
560 1381 107 26 iakttages
682 1381 77 21 härvid
773 1383 39 24 att,
829 1381 38 21 der
884 1375 108 22 Peditioner.

114 1416 191 27 stämpelbeloppet
320 1415 87 22 utfaller
423 1416 6 21 i
445 1416 76 21 sådant
536 1416 39 26 tal,
591 1415 67 21 hvarä
668 1415 91 27 stämpel
770 1415 19 27 ej
800 1415 67 21 finnes
