1042 1703
315 111 25 22 U.
356 111 25 22 B.
396 125 29 2 —
440 113 64 28 Prop.
518 112 38 23 N:o
574 113 32 22 15.
813 115 27 19 27

87 176 53 22 frän
156 176 175 29 stämpelafgift.
347 189 27 4 —
390 176 128 28 Utskottet,
535 184 49 14 som
599 177 22 29 ej
637 177 62 22 velat
714 185 85 21 genom
809 178 33 22 in-

85 210 97 22 förande
200 210 26 22 af
238 210 292 23 folkskoledirektionerna
552 211 72 22 bland
646 212 196 28 karteringsskyl-

84 244 56 29 diga
158 244 170 29 myndigheter,
344 244 83 29 stadga
442 245 160 29 stämpelpligt
619 245 39 22 för
670 246 46 21 alla
730 246 29 22 de
775 253 67 22 expe-

83 278 110 28 ditioner,
216 278 82 22 hvilka
320 279 79 21 kunna
420 279 143 22 förekomma
585 280 42 21 hos
647 280 102 22 nämnda
765 280 76 22 direk-

83 314 86 26 tioner,
184 313 42 21 har
244 312 50 23 valt
309 312 45 22 den
370 320 80 15 senare
465 316 103 26 utvägen
583 314 51 26 och,
645 321 85 21 genom
746 316 33 20 att
794 316 48 20 ute-

86 347 78 22 lemna
180 346 142 23 bokstafven
338 355 12 13 c
364 347 8 22 i
388 347 73 22 första
475 349 128 20 momentet
617 348 77 21 under
708 349 25 26 B,
747 348 94 22 föresla-

84 383 38 27 git
144 381 172 29 stämpelfrihet
337 381 37 22 för
396 381 172 23 förordnanden
584 384 35 19 att
634 382 117 23 vikariera
766 383 75 22 säsom

83 415 181 23 folkskollärare
279 415 57 22 eller
351 416 131 22 -lärarinna.

154 450 117 27 Fullmakt,
284 450 201 29 protokollsutdrag,
500 459 28 13 m.
544 459 27 14 m.
594 451 7 21 å
615 458 69 15 namn
700 451 49 22 eller
757 452 84 28 värdig-

82 485 38 22 het
134 487 54 20 utan
204 484 86 22 dermed
303 485 93 27 förenad
411 485 71 27 tjenst.
507 485 47 21 För
568 484 152 23 undvikande
735 485 27 22 af
775 485 66 22 bräk-

82 519 36 21 tal
137 518 40 22 vid
196 517 160 30 beräkningen
371 518 27 22 af
409 518 81 29 fattig-
506 519 43 22 och
564 518 223 30 arbetshusafgiften
803 521 38 27 (en

86 552 108 29 sjettedel
210 552 26 22 af
249 552 207 29 stämpelafgiften)
473 553 41 22 har
529 553 116 22 utskottet
659 553 122 29 föreslagit
796 553 45 22 den

85 587 107 28 ändring,
208 588 34 20 att
257 586 200 29 stämpelafgiften
471 587 37 22 för
522 587 111 22 fullmakt
647 587 14 21 å
674 587 109 22 honorär-
798 589 43 21 och

83 621 249 29 fältprostevärdighet
346 621 60 22 skall
419 622 57 29 utgå
491 621 53 23 med
559 623 42 22 180
604 617 11 38 i
630 624 28 19 st.
669 621 37 23 för
717 623 42 22 175
769 623 72 21 mark.

153 655 158 29 Förpassning.
341 655 81 22 Under
436 656 76 22 denna
526 656 81 22 rubrik
622 656 83 22 saknas
721 657 121 22 föreskrift

82 696 40 16 om
142 689 99 30 stämpel
256 689 36 22 för
306 689 151 29 förpassning
472 690 13 22 å
500 690 71 22 andra
586 697 68 15 varor
669 694 30 18 än
715 690 125 30 spritdryc-

84 724 48 27 ker,
154 724 44 22 och
221 724 41 22 har
283 724 117 22 utskottet
417 724 77 22 derför
512 725 78 28 tillagt
608 727 35 19 ett
658 724 135 30 stadgande,
808 728 34 20 att

85 758 72 23 sädan
176 758 150 29 förpassning
346 758 60 22 skall
421 758 71 29 draga
508 759 99 29 stämpel
621 758 38 22 till
675 758 84 30 belopp
775 759 26 22 af
813 761 28 21 50

86 793 77 29 penni.

152 827 137 23 Inkomsten
312 826 26 23 af
358 827 185 30 stämpelpapper
561 827 37 23 för
616 827 151 29 förpassning
783 834 58 22 upp-

82 862 80 30 gifves
185 862 4 22 i
210 862 153 22 summariska
380 861 144 29 öfversigten
540 862 37 21 till
593 862 46 22 den
653 862 68 28 ringa
736 869 105 15 summan

86 897 26 22 af
124 898 42 21 822
181 896 72 28 mark,
270 896 97 29 hvilket,
383 896 77 22 derest
476 896 81 22 siffran
572 900 25 18 är
611 896 80 29 riktig,
707 896 82 29 tyckes
804 904 38 14 an-

85 931 62 30 tyda,
162 933 35 20 att
210 930 178 24 föreskrifterna
404 938 37 15 om
457 931 119 29 kartering
590 930 27 23 af
624 931 37 22 för
671 931 169 29 spritdryckers

85 966 101 28 forsling
200 965 122 23 utfärdade
332 966 176 29 förpassningar
517 966 22 30 ej
555 965 80 23 blifvit
649 968 117 26 noggrant
781 966 59 22 iakt-

86 1002 78 27 tagna.

154 1035 112 22 Mutsedel.
295 1034 35 22 På
351 1034 89 28 förslag
458 1034 26 21 af
498 1034 221 29 Industristyrelsen
737 1034 41 22 har
796 1034 45 22 den

85 1068 87 23 hittills
188 1068 59 22 efter
262 1068 64 23 olika
340 1068 102 29 grunder
457 1068 118 23 bestämda
590 1067 200 30 stämpelafgiften
805 1068 36 22 för

84 1102 116 23 mutsede]
222 1102 145 23 förvandlats
389 1103 38 22 till
446 1110 30 15 en
490 1103 37 22 för
542 1103 45 22 alla
601 1103 128 22 mutsedlar
743 1103 49 21 lika
807 1103 34 21 af-

82 1137 56 29 gift,
154 1139 48 20 mot
217 1137 97 22 hvilken
328 1137 136 28 förenkling
478 1138 78 28 nägon
571 1137 155 28 anmärkning
741 1137 26 21 sä
779 1144 62 21 myc-

86 1171 40 21 ket
145 1171 89 21 mindre
257 1175 25 18 är
302 1173 36 21 att
352 1175 62 25 göra,
431 1179 49 14 som
496 1171 153 23 statsverkets
664 1171 177 29 ifrägavarande

85 1205 104 22 inkomst
210 1206 74 28 enligt
306 1206 154 22 summariska
478 1206 125 29 uppgiften
615 1205 91 30 utgjort
724 1205 60 22 blott
799 1206 42 22 384

85 1239 65 23 mark
166 1241 29 21 50
210 1240 78 28 penni.

154 1274 67 22 Pass:
239 1274 203 28 Tullkammarpass.
458 1274 192 29 Propositionens
661 1274 96 28 förslag,
765 1273 76 23 hvari-

84 1314 86 22 genom
178 1308 122 22 skilnaden
308 1308 9 22 i
325 1308 169 29 stämpelafgift
502 1308 37 22 för
547 1308 73 22 finskt
628 1311 66 25 (resp.
700 1308 75 28 ryskt)
783 1310 59 20 samt

84 1341 145 22 främmande
243 1341 92 28 fartygs
350 1342 203 27 tullkammarpass
568 1342 91 20 komme
675 1343 35 19 att
725 1341 116 27 bortfalla,

85 1381 71 22 synes
172 1375 39 21 väl
226 1373 136 28 motiverad,
376 1373 28 22 dä
419 1381 95 15 numera
528 1373 53 22 med
595 1373 28 22 de
639 1373 67 22 flesta
721 1376 72 20 stater
809 1373 33 22 af-

156 1414 208 23 Bevillningsutskottets
376 1414 111 19 betänkande
498 1413 35 20 N:o
545 1415 18 18 2.
