1042 1706
318 110 24 22 U.
358 110 23 22 B.
397 124 28 2 —
440 111 64 29 Prop.
519 111 38 22 N:o
575 111 32 22 15.
824 113 14 21 5

82 179 39 21 och
144 180 78 26 bilaga,
244 185 49 15 men
316 180 68 26 någon
406 179 56 27 gång
479 180 75 21 endast
569 180 150 26 hufvudskrift,
743 181 42 21 kan
801 181 37 21 det

81 213 46 21 icke
143 215 65 20 annat
223 216 27 18 än
266 214 64 21 lända
347 214 33 21 till
396 215 75 21 sakens
486 214 75 26 fördel,
585 220 34 15 om
635 216 31 20 ett
681 220 59 16 mera
755 214 83 22 koncist

81 248 86 26 uttryck
189 248 84 21 komme
296 248 33 21 till
344 249 142 26 användning;
503 248 54 22 dock
572 248 39 22 bör
627 250 6 20 i
649 249 78 21 sådant
742 249 38 21 fall
795 251 42 19 rät-

81 282 69 21 telsen
174 282 85 22 sträcka
281 283 32 25 sig
331 282 18 26 ej
365 283 81 21 mindre
461 283 32 21 till
509 283 26 21 de
550 282 23 21 af
586 282 181 28 Borgareståndet
782 283 56 21 åter-

81 316 135 22 remitterade
239 316 23 27 $$
284 317 14 20 5
314 317 39 21 och
370 318 32 25 16,
422 319 26 19 än
464 317 39 21 ock
518 317 133 27 genomföras
666 318 7 20 i
689 318 40 20 den
747 318 91 20 svenska

81 350 107 26 lagtexten
212 351 12 21 &
246 352 31 19 ett
299 351 62 21 ställe
383 352 7 20 i
412 352 13 25 &
448 352 19 20 4.
497 351 7 21 I
522 351 141 21 betraktande
679 350 63 22 häraf
755 351 34 21 får
804 353 32 19 ut-

80 385 82 21 skottet
176 385 108 21 vördsamt
298 385 47 21 med
361 385 99 22 afseende
475 386 13 21 å
502 386 15 20 4
533 386 39 20 och
587 385 14 21 5
617 386 27 26 $$
659 385 85 26 föreslå,

286 454 32 20 att
339 452 99 22 Stånden
460 453 48 22 med
529 452 97 29 ändring
646 454 25 26 af
686 452 92 29 tidigare
793 453 43 27 fat-

218 487 47 21 tadt
288 486 68 22 beslut
376 487 49 21 ville
440 487 8 21 i
463 489 15 26 $
492 487 22 27 4,
537 487 40 21 sid.
601 486 38 28 30,
663 488 73 21 ändra
759 487 78 22 orden:

216 521 99 27 Annan
335 521 98 28 inlaga,
449 522 69 22 såsom
540 522 119 21 anmälan”
683 529 17 14 o.
723 529 16 14 s.
762 529 19 13 v.
805 522 33 21 till

218 556 98 27 »Annan
330 555 202 29 hufvudskrift",
546 563 17 14 o.
579 563 16 14 s.
611 564 18 13 v.

80 589 107 23 äfvensom

286 627 32 20 att
338 625 99 22 Ständen
459 626 49 21 ville
530 625 73 22 ändra
625 625 36 21 det
681 625 10 21 i
707 624 14 22 5
735 626 15 26 $
764 624 72 22 under

216 660 131 22 rubrikerna
358 659 287 29 Fattigvärdsstyrelse
659 659 37 22 och
707 659 129 22 Kommun

218 694 106 28 ingående
346 694 60 22 ordet
426 694 110 28 ,inlagor*
551 694 33 22 till
599 694 236 28 hufvudskrifter,

218 728 116 29 bilagor",
358 730 56 20 samt
427 728 9 22 i
450 735 83 15 samma
555 730 14 26 $
591 728 114 22 rubriken:
727 728 110 29 Inlagor

218 763 44 22 och
285 763 178 28 expeditioner
485 763 33 21 till
539 762 238 28 Hufvudskrifter,
801 762 36 22 bi-

218 798 70 28 lagor
304 798 42 22 och
362 798 181 27 expeditioner.

149 866 73 22 Under
244 868 102 20 rubriken
369 866 164 28 Lappmarkens
553 866 72 22 härad
648 868 40 19 etc.
707 866 7 21 i
730 866 106 27 samma
820 862 18 36 $

80 901 64 21 hafva
158 901 84 22 Preste-
258 902 39 21 och
312 902 165 22 Bondeständen
493 902 98 21 uteslutit
601 901 65 21 orden
679 902 68 24 ,samt
757 900 78 22 Kuola-

78 935 54 27 järvi
148 936 40 21 och
203 936 108 22 Kuusamo
327 936 121 26 socknars*,
472 937 75 21 medan
567 936 96 21 deremot
678 935 158 27 Ridderskapet

81 970 39 20 och
136 970 69 21 Adeln
228 972 55 20 samt
304 970 179 28 Borgareständet
498 971 128 21 härutinnan
641 969 95 27 godkänt
752 970 83 21 utskot-

81 1006 42 19 tets
138 1005 142 21 betänkande.
306 1005 34 21 Dä
354 1005 118 22 emellertid
488 1005 90 21 anförda
593 1004 90 26 ändring
699 1004 68 21 skulle
777 1004 60 21 inne-

80 1039 54 21 fatta
150 1040 31 20 ett
195 1039 148 27 upphäfvande
358 1040 24 21 af
394 1046 26 15 en
436 1040 64 21 sedan
516 1039 101 27 gammalt
632 1039 22 21 ät
669 1038 91 22 nämnda
776 1039 59 21 sock-

81 1079 49 15 nars
145 1073 129 22 innevänare
296 1073 117 27 medgifven
436 1074 171 26 skattelindring,
627 1079 45 15 som
688 1072 61 21 äfven
764 1072 7 21 i
787 1079 47 20 pro-

80 1107 118 27 positionen
214 1107 120 27 föreslagits
356 1108 33 21 till
411 1108 132 21 fortfarande
557 1107 106 28 giltighet,
679 1113 62 15 anser
756 1107 32 26 sig
803 1108 32 20 ut-

81 1142 80 21 skottet
175 1143 53 21 böra
243 1143 108 21 vördsamt
366 1142 84 27 föreslä,

287 1209 32 20 att
339 1207 85 22 Preste-
446 1207 37 22 och
505 1207 170 22 Bondestämden
689 1207 9 21 i
713 1207 75 22 denna
803 1206 33 21 del

217 1242 48 21 ville
286 1242 48 22 med
354 1242 137 28 frängäende
513 1242 29 27 af
556 1241 38 22 sitt
607 1241 84 28 fattade
705 1241 68 22 beslut
785 1241 50 28 god-

218 1277 76 21 känna
309 1276 148 23 betänkandet.

149 1343 128 25 Ytterligare
299 1343 39 21 har
356 1343 160 20 Presteständet
531 1343 35 20 vid
582 1342 69 21 denna
666 1343 11 24 $
693 1341 94 25 beslutit,
803 1342 33 19 att

82 1377 36 20 det
128 1376 12 20 &
151 1376 39 20 sid.
202 1376 26 20 32
237 1376 6 21 i
251 1376 239 26 författningsförslaget
500 1375 102 26 ingående
613 1377 125 19 momentet:
756 1374 81 27 ,Skrif-

150 1421 165 22 Bevillningsutsk.
327 1420 182 24 sammanj.-förslag
522 1422 8 16 i
542 1421 38 18 anl.
593 1421 25 22 af
627 1420 97 18 utskotteis
733 1421 33 17 bet.
775 1421 36 18 N:o
820 1421 17 18 2.
