1142 1786
885 158 34 17 559

290 221 54 21 kare
367 221 52 20 eller
438 219 219 28 distilleringsidkare
673 221 35 20 till
725 221 166 28 Länestyrelsen
907 221 35 20 in-

290 255 88 21 sändas.
409 254 116 27 Afhemtas
541 254 89 21 bränvin
641 254 59 27 från
715 255 226 28 minutförsäljnings-

290 289 64 21 ställe
377 289 35 20 till
434 289 74 26 belopp
531 288 84 27 utöfver
637 289 36 20 två
696 289 37 20 och
755 296 26 13 en
796 289 53 25 half
859 289 82 25 kanna,

291 323 58 21 skall
364 322 72 21 derom
451 322 100 21 anmälas
566 322 8 20 i
589 322 49 21 stad
653 322 38 21 hos
710 322 131 28 Stadsfiskal
860 322 37 21 och
909 323 33 26 pä

292 357 74 21 landet
388 356 38 21 hos
447 356 157 21 vederbörande
625 356 186 26 Kronolänsman,
827 363 45 14 som
887 356 55 27 efter

292 390 110 22 inhemtad
417 390 133 28 upplysning
565 397 32 13 om
613 390 123 21 bränvinets
751 397 118 21 ursprung,
889 390 52 21 derä

292 424 105 28 utfärdar
419 424 71 21 sådan
510 424 143 27 jförpassning
677 430 45 14 som
745 424 65 27 ofvan
829 424 64 28 sagdt
908 426 33 19 är.

293 459 63 21 Inom
371 465 83 14 samma
469 458 51 21 stad
534 458 51 21 eller
600 458 75 20 socken
690 458 63 26 hafve
773 458 123 21 tillverkare
912 459 30 21 el

292 494 32 20 ler
346 492 219 28 distilleringsidkare
589 492 37 27 lof
643 495 32 18 att
697 493 36 20 till
750 492 79 28 fabrik
841 492 41 28 för
897 494 44 20 till-

292 527 104 27 verkning
420 526 28 28 af
466 527 56 27 sprit
545 526 36 21 och
594 526 121 27 förädlade
730 528 123 26 spritvaror
867 527 74 27 äfven-

292 569 45 14 som
352 562 36 21 till
403 561 25 21 de
442 561 85 26 ställen,
542 560 85 21 hvarest
642 560 63 22 deras
716 561 167 28 tillverkningar
893 561 49 21 häl-

294 596 33 20 las
343 596 35 20 till
392 596 56 25 salu,
464 598 54 18 utan
528 595 148 27 förpassning
694 595 75 27 forsla
782 596 83 27 jemväl
883 595 59 27 utöf-

292 637 36 13 ver
338 630 79 26 femtio
432 629 91 25 kannor,
540 629 75 21 endast
629 636 70 13 varan
715 629 88 28 ätföljes
822 629 29 27 af
862 630 80 20 sådant

293 664 55 20 bevis
369 670 45 14 som
436 663 42 21 här
500 663 64 27 ofvan
586 666 27 18 är
625 662 149 29 föreskrifvet.
804 663 45 21 För
868 664 75 27 hvarje

292 697 108 28 utfärdad
416 697 146 28 förpassning
584 704 35 21 ege
639 697 130 27 Stadsfiskal
784 698 52 20 eller
854 697 89 21 Krono-

294 733 102 20 länsman
418 732 99 27 uppbära
541 732 121 28 ersättning
678 732 9 20 i
702 734 29 18 ett
741 732 42 27 för
798 732 41 20 allt
855 732 46 20 med
916 738 26 14 en

293 766 68 21 mark.

366 800 75 20 Varda
464 800 227 21 Dbränvinstillverkare
715 800 52 21 eller
788 800 155 28 distillerings-

292 834 76 21 idkare
390 834 137 28 öfvertygade
549 836 32 19 att
603 834 66 27 hafva
685 834 8 21 i
708 835 73 27 någon
797 835 66 20 måtto
881 834 61 21 miss-

295 868 77 21 brukat
388 868 40 21 den
444 868 46 21 dem
506 868 110 27 medgifna
631 868 104 27 rättighet
751 869 34 20 till
808 868 135 27 utfärdande

294 902 30 27 af
329 901 149 28 förenämnda
501 902 60 25 bevis,
585 903 44 20 böte
646 902 77 28 första
743 909 64 14 resan
826 902 117 21 etthundra

294 937 36 20 till
352 936 123 21 tvåhundra
492 936 78 27 femtio
593 937 62 21 mark
681 939 56 18 samt
763 937 72 20 andra
857 937 86 26 gången

294 970 85 21 dubbelt
394 970 38 21 och
446 977 50 14 vare
510 971 99 27 derjemte
625 971 159 28 tillverknings-
803 971 52 20 eller
873 971 71 20 distil-

295 1005 212 27 lationsrättigheten
517 1005 125 28 förlustige.

583 1051 15 27 $
613 1052 34 20 61.

362 1089 51 22 Med
435 1091 115 27 undantag
571 1091 30 26 af
614 1091 56 20 hvad
685 1091 70 20 under
769 1092 82 27 sjöresa
866 1091 14 20 &
889 1091 55 27 far-

294 1127 36 24 tyg
352 1125 72 20 såsom
444 1125 104 26 proviant
570 1125 52 20 eller
640 1125 35 20 till
690 1124 93 28 utförsel
793 1125 56 28 från
871 1125 74 21 landet

293 1158 127 25 medhafves,
444 1158 57 21 skall
524 1159 97 26 bränvin,
644 1159 30 21 dä
689 1159 34 21 det
739 1160 14 20 &
767 1160 78 27 saltsjö
857 1159 87 27 forslas

294 1192 36 20 till
345 1192 75 27 belopp
435 1192 85 28 utöjver
535 1193 34 21 två
585 1193 37 20 och
637 1200 25 13 en
678 1192 54 28 half
742 1192 81 26 kanna,
841 1200 54 14 vara
911 1193 34 20 ät-

288 1226 72 27 följat
376 1225 29 28 af
410 1226 154 29 förpassning.
583 1226 39 22 Om
633 1226 121 29 forslingen
764 1226 49 21 sker
823 1227 47 20 med
880 1226 65 21 rodd-

294 1260 37 21 båt
346 1260 52 21 eller
413 1267 75 14 annan
504 1261 83 20 mindre
601 1261 93 26 farkost,
717 1261 52 21 eller
787 1261 104 20 vintertid
905 1268 40 13 an-

294 1294 98 21 norledes
407 1295 124 21 verkställes
546 1295 8 20 i
569 1295 141 28 skärgården,
721 1295 43 27 får
779 1295 74 21 dervid
864 1295 33 27 pä
919 1302 26 14 en

292 1329 60 26 gång
367 1329 21 26 ej
402 1328 137 28 medbringas
554 1329 85 27 utöfver
654 1330 72 20 trettio
741 1329 87 21 kannor
846 1329 98 21 bränvin.

294 1362 49 21 Den
358 1362 75 21 dertill
448 1363 80 27 nödiga
538 1363 147 28 förpassning
701 1363 104 28 utfärdas
820 1363 14 21 å
848 1365 45 19 sätt
912 1363 33 27 of-

294 1403 42 14 van
350 1397 64 27 sagdt
430 1399 32 19 är.

582 1444 16 27 $
613 1445 36 20 62.

362 1483 106 21 Förutom
482 1483 9 20 i
506 1483 130 27 omförmäld
654 1484 67 20 måtto
741 1484 89 20 tillåtna
844 1484 100 29 forsling
