<?xml version="1.0" encoding="UTF-8"?>
<alto xmlns="http://www.loc.gov/standards/alto/ns-v3#" xmlns:xlink="http://www.w3.org/1999/xlink" xmlns:xsi="http://www.w3.org/2001/XMLSchema-instance" xsi:schemaLocation="http://www.loc.gov/standards/alto/ns-v3# http://www.loc.gov/alto/v3/alto-3-0.xsd">
	<Description>
		<MeasurementUnit>pixel</MeasurementUnit>
		<sourceImageInformation>
			<fileName>/tmp/tess_ihkbhq6v_input.PNG</fileName>
		</sourceImageInformation>
		<OCRProcessing ID="OCR_0">
			<ocrProcessingStep>
				<processingSoftware>
					<softwareName>tesseract 5.3.4</softwareName>
				</processingSoftware>
			</ocrProcessingStep>
		</OCRProcessing>
	</Description>
	<Layout>
		<Page WIDTH="1142" HEIGHT="1786" PHYSICAL_IMG_NR="0" ID="page_0">
			<PrintSpace HPOS="0" VPOS="0" WIDTH="1142" HEIGHT="1786">
				<ComposedBlock ID="cblock_0" HPOS="871" VPOS="165" WIDTH="34" HEIGHT="16">
					<TextBlock ID="block_0" HPOS="871" VPOS="165" WIDTH="34" HEIGHT="16">
						<TextLine ID="line_0" HPOS="871" VPOS="165" WIDTH="34" HEIGHT="16">
							<String ID="string_0" HPOS="871" VPOS="165" WIDTH="34" HEIGHT="16" WC="0.94" CONTENT="585"/>
						</TextLine>
					</TextBlock>
				</ComposedBlock>
				<ComposedBlock ID="cblock_1" HPOS="177" VPOS="227" WIDTH="756" HEIGHT="883">
					<TextBlock ID="block_1" HPOS="177" VPOS="227" WIDTH="755" HEIGHT="605">
						<TextLine ID="line_1" HPOS="246" VPOS="227" WIDTH="682" HEIGHT="27">
							<String ID="string_1" HPOS="246" VPOS="228" WIDTH="93" HEIGHT="19" WC="0.93" CONTENT="Emedan"/><SP WIDTH="21" VPOS="228" HPOS="339"/>
							<String ID="string_2" HPOS="360" VPOS="228" WIDTH="75" HEIGHT="19" WC="0.92" CONTENT="krono-"/><SP WIDTH="19" VPOS="228" HPOS="435"/>
							<String ID="string_3" HPOS="454" VPOS="228" WIDTH="38" HEIGHT="19" WC="0.93" CONTENT="och"/><SP WIDTH="21" VPOS="228" HPOS="492"/>
							<String ID="string_4" HPOS="513" VPOS="227" WIDTH="154" HEIGHT="26" WC="0.90" CONTENT="polisbetjente,"/><SP WIDTH="20" VPOS="227" HPOS="667"/>
							<String ID="string_5" HPOS="687" VPOS="228" WIDTH="66" HEIGHT="26" WC="0.79" CONTENT="enligt"/><SP WIDTH="20" VPOS="228" HPOS="753"/>
							<String ID="string_6" HPOS="773" VPOS="228" WIDTH="98" HEIGHT="26" WC="0.93" CONTENT="gällande"/><SP WIDTH="17" VPOS="228" HPOS="871"/>
							<String ID="string_7" HPOS="888" VPOS="229" WIDTH="40" HEIGHT="18" WC="0.92" CONTENT="för-"/>
						</TextLine>
						<TextLine ID="line_2" HPOS="178" VPOS="261" WIDTH="750" HEIGHT="26">
							<String ID="string_8" HPOS="178" VPOS="262" WIDTH="121" HEIGHT="25" WC="0.91" CONTENT="fattningar,"/><SP WIDTH="16" VPOS="262" HPOS="299"/>
							<String ID="string_9" HPOS="315" VPOS="262" WIDTH="44" HEIGHT="19" WC="0.95" CONTENT="lika"/><SP WIDTH="14" VPOS="262" HPOS="359"/>
							<String ID="string_10" HPOS="373" VPOS="261" WIDTH="46" HEIGHT="20" WC="0.96" CONTENT="litet"/><SP WIDTH="16" VPOS="261" HPOS="419"/>
							<String ID="string_11" HPOS="435" VPOS="261" WIDTH="71" HEIGHT="19" WC="0.96" CONTENT="kunna"/><SP WIDTH="16" VPOS="261" HPOS="506"/>
							<String ID="string_12" HPOS="522" VPOS="261" WIDTH="64" HEIGHT="20" WC="0.96" CONTENT="nekas"/><SP WIDTH="17" VPOS="261" HPOS="586"/>
							<String ID="string_13" HPOS="603" VPOS="261" WIDTH="90" HEIGHT="20" WC="0.96" CONTENT="tillträde"/><SP WIDTH="17" VPOS="261" HPOS="693"/>
							<String ID="string_14" HPOS="710" VPOS="262" WIDTH="30" HEIGHT="19" WC="0.95" CONTENT="till"/><SP WIDTH="17" VPOS="262" HPOS="740"/>
							<String ID="string_15" HPOS="757" VPOS="262" WIDTH="76" HEIGHT="25" WC="0.96" CONTENT="fabrik,"/><SP WIDTH="17" VPOS="262" HPOS="833"/>
							<String ID="string_16" HPOS="850" VPOS="262" WIDTH="37" HEIGHT="19" WC="0.96" CONTENT="der"/><SP WIDTH="21" VPOS="262" HPOS="887"/>
							<String ID="string_17" HPOS="908" VPOS="263" WIDTH="20" HEIGHT="18" WC="0.95" CONTENT="öl"/>
						</TextLine>
						<TextLine ID="line_3" HPOS="177" VPOS="295" WIDTH="753" HEIGHT="26">
							<String ID="string_18" HPOS="177" VPOS="296" WIDTH="51" HEIGHT="18" WC="0.95" CONTENT="eller"/><SP WIDTH="24" VPOS="296" HPOS="228"/>
							<String ID="string_19" HPOS="252" VPOS="296" WIDTH="65" HEIGHT="18" WC="0.92" CONTENT="andra"/><SP WIDTH="21" VPOS="296" HPOS="317"/>
							<String ID="string_20" HPOS="338" VPOS="296" WIDTH="55" HEIGHT="25" WC="0.91" CONTENT="jästa"/><SP WIDTH="23" VPOS="296" HPOS="393"/>
							<String ID="string_21" HPOS="416" VPOS="295" WIDTH="91" HEIGHT="25" WC="0.96" CONTENT="drycker"/><SP WIDTH="23" VPOS="295" HPOS="507"/>
							<String ID="string_22" HPOS="530" VPOS="295" WIDTH="114" HEIGHT="25" WC="0.95" CONTENT="tillverkas,"/><SP WIDTH="23" VPOS="295" HPOS="644"/>
							<String ID="string_23" HPOS="667" VPOS="302" WIDTH="44" HEIGHT="12" WC="0.94" CONTENT="som"/><SP WIDTH="24" VPOS="302" HPOS="711"/>
							<String ID="string_24" HPOS="735" VPOS="296" WIDTH="31" HEIGHT="19" WC="0.94" CONTENT="till"/><SP WIDTH="20" VPOS="296" HPOS="766"/>
							<String ID="string_25" HPOS="786" VPOS="295" WIDTH="65" HEIGHT="26" WC="0.96" CONTENT="något"/><SP WIDTH="15" VPOS="295" HPOS="851"/>
							<String ID="string_26" HPOS="866" VPOS="298" WIDTH="64" HEIGHT="17" WC="0.96" CONTENT="annat"/>
						</TextLine>
						<TextLine ID="line_4" HPOS="178" VPOS="329" WIDTH="751" HEIGHT="27">
							<String ID="string_27" HPOS="178" VPOS="329" WIDTH="67" HEIGHT="26" WC="0.96" CONTENT="ställe,"/><SP WIDTH="23" VPOS="329" HPOS="245"/>
							<String ID="string_28" HPOS="268" VPOS="329" WIDTH="27" HEIGHT="19" WC="0.96" CONTENT="dä"/><SP WIDTH="16" VPOS="329" HPOS="295"/>
							<String ID="string_29" HPOS="311" VPOS="330" WIDTH="25" HEIGHT="18" WC="0.96" CONTENT="de"/><SP WIDTH="16" VPOS="330" HPOS="336"/>
							<String ID="string_30" HPOS="352" VPOS="329" WIDTH="6" HEIGHT="19" WC="0.83" CONTENT="i"/><SP WIDTH="16" VPOS="329" HPOS="358"/>
							<String ID="string_31" HPOS="374" VPOS="329" WIDTH="39" HEIGHT="19" WC="0.83" CONTENT="och"/><SP WIDTH="25" VPOS="329" HPOS="413"/>
							<String ID="string_32" HPOS="438" VPOS="329" WIDTH="30" HEIGHT="19" WC="0.93" CONTENT="för"/><SP WIDTH="24" VPOS="329" HPOS="468"/>
							<String ID="string_33" HPOS="492" VPOS="329" WIDTH="102" HEIGHT="26" WC="0.92" CONTENT="stäfjande"/><SP WIDTH="23" VPOS="329" HPOS="594"/>
							<String ID="string_34" HPOS="617" VPOS="330" WIDTH="23" HEIGHT="18" WC="0.96" CONTENT="af"/><SP WIDTH="21" VPOS="330" HPOS="640"/>
							<String ID="string_35" HPOS="661" VPOS="329" WIDTH="68" HEIGHT="26" WC="0.92" CONTENT="någon"/><SP WIDTH="25" VPOS="329" HPOS="729"/>
							<String ID="string_36" HPOS="754" VPOS="330" WIDTH="110" HEIGHT="26" WC="0.80" CONTENT="vordning,"/><SP WIDTH="20" VPOS="330" HPOS="864"/>
							<String ID="string_37" HPOS="884" VPOS="336" WIDTH="45" HEIGHT="14" WC="0.96" CONTENT="som"/>
						</TextLine>
						<TextLine ID="line_5" HPOS="178" VPOS="363" WIDTH="751" HEIGHT="26">
							<String ID="string_38" HPOS="178" VPOS="363" WIDTH="44" HEIGHT="20" WC="0.96" CONTENT="från"/><SP WIDTH="17" VPOS="363" HPOS="222"/>
							<String ID="string_39" HPOS="239" VPOS="364" WIDTH="60" HEIGHT="19" WC="0.96" CONTENT="deras"/><SP WIDTH="17" VPOS="364" HPOS="299"/>
							<String ID="string_40" HPOS="316" VPOS="364" WIDTH="44" HEIGHT="19" WC="0.93" CONTENT="sida"/><SP WIDTH="16" VPOS="364" HPOS="360"/>
							<String ID="string_41" HPOS="376" VPOS="363" WIDTH="95" HEIGHT="26" WC="0.90" CONTENT="påkallar"/><SP WIDTH="16" VPOS="363" HPOS="471"/>
							<String ID="string_42" HPOS="487" VPOS="363" WIDTH="80" HEIGHT="26" WC="0.96" CONTENT="åtgärd,"/><SP WIDTH="16" VPOS="363" HPOS="567"/>
							<String ID="string_43" HPOS="583" VPOS="363" WIDTH="75" HEIGHT="19" WC="0.96" CONTENT="sådant"/><SP WIDTH="15" VPOS="363" HPOS="658"/>
							<String ID="string_44" HPOS="673" VPOS="364" WIDTH="76" HEIGHT="25" WC="0.96" CONTENT="fordra,"/><SP WIDTH="16" VPOS="364" HPOS="749"/>
							<String ID="string_45" HPOS="765" VPOS="364" WIDTH="60" HEIGHT="19" WC="0.96" CONTENT="torde"/><SP WIDTH="21" VPOS="364" HPOS="825"/>
							<String ID="string_46" HPOS="846" VPOS="364" WIDTH="35" HEIGHT="19" WC="0.96" CONTENT="det"/><SP WIDTH="15" VPOS="364" HPOS="881"/>
							<String ID="string_47" HPOS="896" VPOS="364" WIDTH="6" HEIGHT="20" WC="0.92" CONTENT="i"/><SP WIDTH="17" VPOS="364" HPOS="902"/>
							<String ID="string_48" HPOS="919" VPOS="366" WIDTH="10" HEIGHT="22" WC="0.92" CONTENT="$"/>
						</TextLine>
						<TextLine ID="line_6" HPOS="180" VPOS="397" WIDTH="751" HEIGHT="27">
							<String ID="string_49" HPOS="180" VPOS="398" WIDTH="11" HEIGHT="20" WC="0.96" CONTENT="6"/><SP WIDTH="17" VPOS="398" HPOS="191"/>
							<String ID="string_50" HPOS="208" VPOS="398" WIDTH="72" HEIGHT="19" WC="0.96" CONTENT="derom"/><SP WIDTH="26" VPOS="398" HPOS="280"/>
							<String ID="string_51" HPOS="306" VPOS="398" WIDTH="88" HEIGHT="26" WC="0.95" CONTENT="intagna"/><SP WIDTH="22" VPOS="398" HPOS="394"/>
							<String ID="string_52" HPOS="416" VPOS="398" WIDTH="116" HEIGHT="26" WC="0.96" CONTENT="stadgande"/><SP WIDTH="24" VPOS="398" HPOS="532"/>
							<String ID="string_53" HPOS="556" VPOS="397" WIDTH="51" HEIGHT="19" WC="0.96" CONTENT="böra"/><SP WIDTH="22" VPOS="397" HPOS="607"/>
							<String ID="string_54" HPOS="629" VPOS="404" WIDTH="61" HEIGHT="13" WC="0.93" CONTENT="anses"/><SP WIDTH="23" VPOS="404" HPOS="690"/>
							<String ID="string_55" HPOS="713" VPOS="398" WIDTH="140" HEIGHT="26" WC="0.92" CONTENT="öfverflödigt,"/><SP WIDTH="23" VPOS="398" HPOS="853"/>
							<String ID="string_56" HPOS="876" VPOS="398" WIDTH="55" HEIGHT="20" WC="0.96" CONTENT="helst"/>
						</TextLine>
						<TextLine ID="line_7" HPOS="178" VPOS="432" WIDTH="751" HEIGHT="25">
							<String ID="string_57" HPOS="178" VPOS="432" WIDTH="41" HEIGHT="25" WC="0.96" CONTENT="det,"/><SP WIDTH="17" VPOS="432" HPOS="219"/>
							<String ID="string_58" HPOS="236" VPOS="432" WIDTH="67" HEIGHT="25" WC="0.96" CONTENT="enligt"/><SP WIDTH="15" VPOS="432" HPOS="303"/>
							<String ID="string_59" HPOS="318" VPOS="432" WIDTH="117" HEIGHT="20" WC="0.96" CONTENT="Utskottets"/><SP WIDTH="15" VPOS="432" HPOS="435"/>
							<String ID="string_60" HPOS="450" VPOS="432" WIDTH="70" HEIGHT="25" WC="0.96" CONTENT="tanke,"/><SP WIDTH="20" VPOS="432" HPOS="520"/>
							<String ID="string_61" HPOS="540" VPOS="432" WIDTH="48" HEIGHT="19" WC="0.93" CONTENT="icke"/><SP WIDTH="16" VPOS="432" HPOS="588"/>
							<String ID="string_62" HPOS="604" VPOS="432" WIDTH="113" HEIGHT="20" WC="0.90" CONTENT="förefinnes"/><SP WIDTH="16" VPOS="432" HPOS="717"/>
							<String ID="string_63" HPOS="733" VPOS="432" WIDTH="45" HEIGHT="20" WC="0.95" CONTENT="skäl"/><SP WIDTH="15" VPOS="432" HPOS="778"/>
							<String ID="string_64" HPOS="793" VPOS="434" WIDTH="31" HEIGHT="17" WC="0.96" CONTENT="att"/><SP WIDTH="19" VPOS="434" HPOS="824"/>
							<String ID="string_65" HPOS="843" VPOS="439" WIDTH="50" HEIGHT="13" WC="0.95" CONTENT="anse"/><SP WIDTH="17" VPOS="439" HPOS="893"/>
							<String ID="string_66" HPOS="910" VPOS="433" WIDTH="19" HEIGHT="19" WC="0.96" CONTENT="öl"/>
						</TextLine>
						<TextLine ID="line_8" HPOS="179" VPOS="465" WIDTH="752" HEIGHT="27">
							<String ID="string_67" HPOS="179" VPOS="466" WIDTH="38" HEIGHT="19" WC="0.92" CONTENT="och"/><SP WIDTH="25" VPOS="466" HPOS="217"/>
							<String ID="string_68" HPOS="242" VPOS="466" WIDTH="226" HEIGHT="26" WC="0.90" CONTENT="porterfabrikationen"/><SP WIDTH="25" VPOS="466" HPOS="468"/>
							<String ID="string_69" HPOS="493" VPOS="472" WIDTH="50" HEIGHT="13" WC="0.96" CONTENT="vara"/><SP WIDTH="22" VPOS="472" HPOS="543"/>
							<String ID="string_70" HPOS="565" VPOS="466" WIDTH="24" HEIGHT="19" WC="0.96" CONTENT="så"/><SP WIDTH="22" VPOS="466" HPOS="589"/>
							<String ID="string_71" HPOS="611" VPOS="465" WIDTH="90" HEIGHT="27" WC="0.95" CONTENT="skadlig,"/><SP WIDTH="16" VPOS="465" HPOS="701"/>
							<String ID="string_72" HPOS="717" VPOS="468" WIDTH="29" HEIGHT="17" WC="0.96" CONTENT="att"/><SP WIDTH="16" VPOS="468" HPOS="746"/>
							<String ID="string_73" HPOS="762" VPOS="466" WIDTH="39" HEIGHT="20" WC="0.96" CONTENT="den"/><SP WIDTH="18" VPOS="466" HPOS="801"/>
							<String ID="string_74" HPOS="819" VPOS="473" WIDTH="23" HEIGHT="12" WC="0.96" CONTENT="ur"/><SP WIDTH="19" VPOS="473" HPOS="842"/>
							<String ID="string_75" HPOS="861" VPOS="467" WIDTH="70" HEIGHT="19" WC="0.96" CONTENT="denna"/>
						</TextLine>
						<TextLine ID="line_9" HPOS="179" VPOS="500" WIDTH="752" HEIGHT="26">
							<String ID="string_76" HPOS="179" VPOS="500" WIDTH="109" HEIGHT="26" WC="0.96" CONTENT="synpunkt"/><SP WIDTH="21" VPOS="500" HPOS="288"/>
							<String ID="string_77" HPOS="309" VPOS="500" WIDTH="36" HEIGHT="20" WC="0.95" CONTENT="bör"/><SP WIDTH="20" VPOS="500" HPOS="345"/>
							<String ID="string_78" HPOS="365" VPOS="500" WIDTH="71" HEIGHT="20" WC="0.96" CONTENT="ställas"/><SP WIDTH="20" VPOS="500" HPOS="436"/>
							<String ID="string_79" HPOS="456" VPOS="500" WIDTH="65" HEIGHT="19" WC="0.96" CONTENT="under"/><SP WIDTH="15" VPOS="500" HPOS="521"/>
							<String ID="string_80" HPOS="536" VPOS="502" WIDTH="109" HEIGHT="24" WC="0.93" CONTENT="strängare"/><SP WIDTH="20" VPOS="502" HPOS="645"/>
							<String ID="string_81" HPOS="665" VPOS="500" WIDTH="139" HEIGHT="26" WC="0.92" CONTENT="polisuppsigt"/><SP WIDTH="15" VPOS="500" HPOS="804"/>
							<String ID="string_82" HPOS="819" VPOS="503" WIDTH="26" HEIGHT="16" WC="0.96" CONTENT="än"/><SP WIDTH="18" VPOS="503" HPOS="845"/>
							<String ID="string_83" HPOS="863" VPOS="500" WIDTH="68" HEIGHT="26" WC="0.96" CONTENT="öfriga"/>
						</TextLine>
						<TextLine ID="line_10" HPOS="178" VPOS="534" WIDTH="751" HEIGHT="26">
							<String ID="string_84" HPOS="178" VPOS="534" WIDTH="100" HEIGHT="19" WC="0.93" CONTENT="fabriker."/><SP WIDTH="19" VPOS="534" HPOS="278"/>
							<String ID="string_85" HPOS="297" VPOS="545" WIDTH="22" HEIGHT="3" WC="0.90" CONTENT="—"/><SP WIDTH="18" VPOS="545" HPOS="319"/>
							<String ID="string_86" HPOS="337" VPOS="534" WIDTH="60" HEIGHT="19" WC="0.96" CONTENT="Hvad"/><SP WIDTH="17" VPOS="534" HPOS="397"/>
							<String ID="string_87" HPOS="414" VPOS="534" WIDTH="44" HEIGHT="19" WC="0.93" CONTENT="åter"/><SP WIDTH="17" VPOS="534" HPOS="458"/>
							<String ID="string_88" HPOS="475" VPOS="534" WIDTH="131" HEIGHT="19" WC="0.90" CONTENT="vidkommer"/><SP WIDTH="16" VPOS="534" HPOS="606"/>
							<String ID="string_89" HPOS="622" VPOS="534" WIDTH="26" HEIGHT="19" WC="0.96" CONTENT="de"/><SP WIDTH="16" VPOS="534" HPOS="648"/>
							<String ID="string_90" HPOS="664" VPOS="534" WIDTH="81" HEIGHT="25" WC="0.96" CONTENT="ställen,"/><SP WIDTH="22" VPOS="534" HPOS="745"/>
							<String ID="string_91" HPOS="767" VPOS="534" WIDTH="36" HEIGHT="19" WC="0.92" CONTENT="der"/><SP WIDTH="22" VPOS="534" HPOS="803"/>
							<String ID="string_92" HPOS="825" VPOS="534" WIDTH="104" HEIGHT="26" WC="0.92" CONTENT="ifrågava-"/>
						</TextLine>
						<TextLine ID="line_11" HPOS="178" VPOS="568" WIDTH="752" HEIGHT="26">
							<String ID="string_93" HPOS="178" VPOS="569" WIDTH="66" HEIGHT="19" WC="0.95" CONTENT="rande"/><SP WIDTH="16" VPOS="569" HPOS="244"/>
							<String ID="string_94" HPOS="260" VPOS="569" WIDTH="91" HEIGHT="25" WC="0.89" CONTENT="drycker"/><SP WIDTH="24" VPOS="569" HPOS="351"/>
							<String ID="string_95" HPOS="375" VPOS="569" WIDTH="101" HEIGHT="25" WC="0.88" CONTENT="försäljas,"/><SP WIDTH="24" VPOS="569" HPOS="476"/>
							<String ID="string_96" HPOS="500" VPOS="568" WIDTH="28" HEIGHT="26" WC="0.96" CONTENT="så,"/><SP WIDTH="24" VPOS="568" HPOS="528"/>
							<String ID="string_97" HPOS="552" VPOS="569" WIDTH="39" HEIGHT="18" WC="0.95" CONTENT="och"/><SP WIDTH="23" VPOS="569" HPOS="591"/>
							<String ID="string_98" HPOS="614" VPOS="569" WIDTH="65" HEIGHT="18" WC="0.95" CONTENT="ehuru"/><SP WIDTH="16" VPOS="569" HPOS="679"/>
							<String ID="string_99" HPOS="695" VPOS="569" WIDTH="35" HEIGHT="18" WC="0.96" CONTENT="det"/><SP WIDTH="16" VPOS="569" HPOS="730"/>
							<String ID="string_100" HPOS="746" VPOS="569" WIDTH="105" HEIGHT="25" WC="0.96" CONTENT="knappast"/><SP WIDTH="19" VPOS="569" HPOS="851"/>
							<String ID="string_101" HPOS="870" VPOS="569" WIDTH="60" HEIGHT="19" WC="0.96" CONTENT="torde"/>
						</TextLine>
						<TextLine ID="line_12" HPOS="180" VPOS="602" WIDTH="750" HEIGHT="26">
							<String ID="string_102" HPOS="180" VPOS="609" WIDTH="50" HEIGHT="13" WC="0.96" CONTENT="vara"/><SP WIDTH="16" VPOS="609" HPOS="230"/>
							<String ID="string_103" HPOS="246" VPOS="604" WIDTH="30" HEIGHT="18" WC="0.95" CONTENT="att"/><SP WIDTH="17" VPOS="604" HPOS="276"/>
							<String ID="string_104" HPOS="293" VPOS="602" WIDTH="77" HEIGHT="25" WC="0.96" CONTENT="befara,"/><SP WIDTH="16" VPOS="602" HPOS="370"/>
							<String ID="string_105" HPOS="386" VPOS="604" WIDTH="30" HEIGHT="18" WC="0.91" CONTENT="att"/><SP WIDTH="16" VPOS="604" HPOS="416"/>
							<String ID="string_106" HPOS="432" VPOS="602" WIDTH="74" HEIGHT="19" WC="0.91" CONTENT="krono-"/><SP WIDTH="18" VPOS="602" HPOS="506"/>
							<String ID="string_107" HPOS="524" VPOS="602" WIDTH="51" HEIGHT="19" WC="0.93" CONTENT="eller"/><SP WIDTH="16" VPOS="602" HPOS="575"/>
							<String ID="string_108" HPOS="591" VPOS="602" WIDTH="148" HEIGHT="26" WC="0.92" CONTENT="polisbetjente"/><SP WIDTH="16" VPOS="602" HPOS="739"/>
							<String ID="string_109" HPOS="755" VPOS="602" WIDTH="7" HEIGHT="19" WC="0.96" CONTENT="i"/><SP WIDTH="24" VPOS="602" HPOS="762"/>
							<String ID="string_110" HPOS="786" VPOS="602" WIDTH="68" HEIGHT="26" WC="0.92" CONTENT="någon"/><SP WIDTH="25" VPOS="602" HPOS="854"/>
							<String ID="string_111" HPOS="879" VPOS="603" WIDTH="51" HEIGHT="18" WC="0.92" CONTENT="hän-"/>
						</TextLine>
						<TextLine ID="line_13" HPOS="179" VPOS="636" WIDTH="751" HEIGHT="26">
							<String ID="string_112" HPOS="179" VPOS="636" WIDTH="58" HEIGHT="20" WC="0.96" CONTENT="delse"/><SP WIDTH="16" VPOS="636" HPOS="237"/>
							<String ID="string_113" HPOS="253" VPOS="637" WIDTH="71" HEIGHT="19" WC="0.96" CONTENT="kunde"/><SP WIDTH="16" VPOS="637" HPOS="324"/>
							<String ID="string_114" HPOS="340" VPOS="640" WIDTH="74" HEIGHT="22" WC="0.96" CONTENT="vägras"/><SP WIDTH="17" VPOS="640" HPOS="414"/>
							<String ID="string_115" HPOS="431" VPOS="636" WIDTH="89" HEIGHT="20" WC="0.95" CONTENT="tillträde"/><SP WIDTH="17" VPOS="636" HPOS="520"/>
							<String ID="string_116" HPOS="537" VPOS="636" WIDTH="30" HEIGHT="19" WC="0.93" CONTENT="till"/><SP WIDTH="16" VPOS="636" HPOS="567"/>
							<String ID="string_117" HPOS="583" VPOS="636" WIDTH="64" HEIGHT="26" WC="0.88" CONTENT="sagde"/><SP WIDTH="17" VPOS="636" HPOS="647"/>
							<String ID="string_118" HPOS="664" VPOS="636" WIDTH="81" HEIGHT="26" WC="0.96" CONTENT="ställen,"/><SP WIDTH="17" VPOS="636" HPOS="745"/>
							<String ID="string_119" HPOS="762" VPOS="643" WIDTH="61" HEIGHT="13" WC="0.93" CONTENT="anser"/><SP WIDTH="22" VPOS="643" HPOS="823"/>
							<String ID="string_120" HPOS="845" VPOS="636" WIDTH="85" HEIGHT="20" WC="0.91" CONTENT="Utskot-"/>
						</TextLine>
						<TextLine ID="line_14" HPOS="180" VPOS="670" WIDTH="750" HEIGHT="26">
							<String ID="string_121" HPOS="180" VPOS="672" WIDTH="29" HEIGHT="18" WC="0.94" CONTENT="tet"/><SP WIDTH="22" VPOS="672" HPOS="209"/>
							<String ID="string_122" HPOS="231" VPOS="670" WIDTH="55" HEIGHT="20" WC="0.95" CONTENT="dock"/><SP WIDTH="24" VPOS="670" HPOS="286"/>
							<String ID="string_123" HPOS="310" VPOS="677" WIDTH="25" HEIGHT="13" WC="0.95" CONTENT="en"/><SP WIDTH="25" VPOS="677" HPOS="335"/>
							<String ID="string_124" HPOS="360" VPOS="670" WIDTH="39" HEIGHT="20" WC="0.95" CONTENT="slik"/><SP WIDTH="25" VPOS="670" HPOS="399"/>
							<String ID="string_125" HPOS="424" VPOS="670" WIDTH="106" HEIGHT="20" WC="0.96" CONTENT="föreskrift"/><SP WIDTH="23" VPOS="670" HPOS="530"/>
							<String ID="string_126" HPOS="553" VPOS="670" WIDTH="70" HEIGHT="19" WC="0.96" CONTENT="kunna"/><SP WIDTH="21" VPOS="670" HPOS="623"/>
							<String ID="string_127" HPOS="644" VPOS="670" WIDTH="93" HEIGHT="20" WC="0.95" CONTENT="försvara"/><SP WIDTH="20" VPOS="670" HPOS="737"/>
							<String ID="string_128" HPOS="757" VPOS="670" WIDTH="30" HEIGHT="20" WC="0.95" CONTENT="sin"/><SP WIDTH="19" VPOS="670" HPOS="787"/>
							<String ID="string_129" HPOS="806" VPOS="670" WIDTH="59" HEIGHT="26" WC="0.96" CONTENT="plats,"/><SP WIDTH="18" VPOS="670" HPOS="865"/>
							<String ID="string_130" HPOS="883" VPOS="676" WIDTH="47" HEIGHT="14" WC="0.95" CONTENT="men"/>
						</TextLine>
						<TextLine ID="line_15" HPOS="179" VPOS="703" WIDTH="751" HEIGHT="27">
							<String ID="string_131" HPOS="179" VPOS="706" WIDTH="42" HEIGHT="18" WC="0.96" CONTENT="tror"/><SP WIDTH="17" VPOS="706" HPOS="221"/>
							<String ID="string_132" HPOS="238" VPOS="704" WIDTH="122" HEIGHT="20" WC="0.96" CONTENT="densamma"/><SP WIDTH="16" VPOS="704" HPOS="360"/>
							<String ID="string_133" HPOS="376" VPOS="704" WIDTH="123" HEIGHT="26" WC="0.96" CONTENT="lämpligare"/><SP WIDTH="17" VPOS="704" HPOS="499"/>
							<String ID="string_134" HPOS="516" VPOS="703" WIDTH="50" HEIGHT="20" WC="0.96" CONTENT="böra"/><SP WIDTH="15" VPOS="703" HPOS="566"/>
							<String ID="string_135" HPOS="581" VPOS="704" WIDTH="50" HEIGHT="26" WC="0.96" CONTENT="ingå"/><SP WIDTH="16" VPOS="704" HPOS="631"/>
							<String ID="string_136" HPOS="647" VPOS="704" WIDTH="5" HEIGHT="19" WC="0.96" CONTENT="i"/><SP WIDTH="17" VPOS="704" HPOS="652"/>
							<String ID="string_137" HPOS="669" VPOS="704" WIDTH="26" HEIGHT="20" WC="0.91" CONTENT="de"/><SP WIDTH="20" VPOS="704" HPOS="695"/>
							<String ID="string_138" HPOS="715" VPOS="704" WIDTH="147" HEIGHT="26" WC="0.91" CONTENT="polisstadgar,"/><SP WIDTH="23" VPOS="704" HPOS="862"/>
							<String ID="string_139" HPOS="885" VPOS="711" WIDTH="45" HEIGHT="13" WC="0.96" CONTENT="som"/>
						</TextLine>
						<TextLine ID="line_16" HPOS="179" VPOS="738" WIDTH="751" HEIGHT="26">
							<String ID="string_140" HPOS="179" VPOS="739" WIDTH="23" HEIGHT="19" WC="0.96" CONTENT="af"/><SP WIDTH="13" VPOS="739" HPOS="202"/>
							<String ID="string_141" HPOS="215" VPOS="738" WIDTH="26" HEIGHT="20" WC="0.95" CONTENT="de"/><SP WIDTH="16" VPOS="738" HPOS="241"/>
							<String ID="string_142" HPOS="257" VPOS="738" WIDTH="167" HEIGHT="20" WC="0.93" CONTENT="administrativa"/><SP WIDTH="20" VPOS="738" HPOS="424"/>
							<String ID="string_143" HPOS="444" VPOS="738" WIDTH="199" HEIGHT="26" WC="0.89" CONTENT="myndigheteterna"/><SP WIDTH="19" VPOS="738" HPOS="643"/>
							<String ID="string_144" HPOS="662" VPOS="738" WIDTH="99" HEIGHT="26" WC="0.93" CONTENT="utfärdas,"/><SP WIDTH="20" VPOS="738" HPOS="761"/>
							<String ID="string_145" HPOS="781" VPOS="738" WIDTH="97" HEIGHT="20" WC="0.91" CONTENT="hvarföre"/><SP WIDTH="17" VPOS="738" HPOS="878"/>
							<String ID="string_146" HPOS="895" VPOS="738" WIDTH="35" HEIGHT="20" WC="0.91" CONTENT="Ut-"/>
						</TextLine>
						<TextLine ID="line_17" HPOS="180" VPOS="772" WIDTH="752" HEIGHT="26">
							<String ID="string_147" HPOS="180" VPOS="772" WIDTH="78" HEIGHT="20" WC="0.93" CONTENT="skottet"/><SP WIDTH="20" VPOS="772" HPOS="258"/>
							<String ID="string_148" HPOS="278" VPOS="772" WIDTH="78" HEIGHT="26" WC="0.92" CONTENT="jemväl"/><SP WIDTH="25" VPOS="772" HPOS="356"/>
							<String ID="string_149" HPOS="381" VPOS="772" WIDTH="65" HEIGHT="19" WC="0.96" CONTENT="håller"/><SP WIDTH="24" VPOS="772" HPOS="446"/>
							<String ID="string_150" HPOS="470" VPOS="772" WIDTH="50" HEIGHT="25" WC="0.96" CONTENT="före,"/><SP WIDTH="22" VPOS="772" HPOS="520"/>
							<String ID="string_151" HPOS="542" VPOS="774" WIDTH="28" HEIGHT="17" WC="0.96" CONTENT="att"/><SP WIDTH="17" VPOS="774" HPOS="570"/>
							<String ID="string_152" HPOS="587" VPOS="772" WIDTH="160" HEIGHT="26" WC="0.93" CONTENT="ifrågavarande"/><SP WIDTH="16" VPOS="772" HPOS="747"/>
							<String ID="string_153" HPOS="763" VPOS="774" WIDTH="10" HEIGHT="22" WC="0.92" CONTENT="$"/><SP WIDTH="16" VPOS="774" HPOS="773"/>
							<String ID="string_154" HPOS="789" VPOS="773" WIDTH="6" HEIGHT="18" WC="0.96" CONTENT="i"/><SP WIDTH="16" VPOS="773" HPOS="795"/>
							<String ID="string_155" HPOS="811" VPOS="772" WIDTH="31" HEIGHT="19" WC="0.96" CONTENT="sin"/><SP WIDTH="18" VPOS="772" HPOS="842"/>
							<String ID="string_156" HPOS="860" VPOS="772" WIDTH="72" HEIGHT="20" WC="0.96" CONTENT="helhet"/>
						</TextLine>
						<TextLine ID="line_18" HPOS="182" VPOS="806" WIDTH="263" HEIGHT="26">
							<String ID="string_157" HPOS="182" VPOS="807" WIDTH="36" HEIGHT="19" WC="0.96" CONTENT="bör"/><SP WIDTH="16" VPOS="807" HPOS="218"/>
							<String ID="string_158" HPOS="234" VPOS="814" WIDTH="23" HEIGHT="12" WC="0.94" CONTENT="ur"/><SP WIDTH="15" VPOS="814" HPOS="257"/>
							<String ID="string_159" HPOS="272" VPOS="806" WIDTH="102" HEIGHT="26" WC="0.95" CONTENT="förslaget"/><SP WIDTH="15" VPOS="806" HPOS="374"/>
							<String ID="string_160" HPOS="389" VPOS="806" WIDTH="56" HEIGHT="26" WC="0.96" CONTENT="utgå."/>
						</TextLine>
					</TextBlock>
					<TextBlock ID="block_2" HPOS="180" VPOS="845" WIDTH="753" HEIGHT="265">
						<TextLine ID="line_19" HPOS="248" VPOS="845" WIDTH="683" HEIGHT="27">
							<String ID="string_161" HPOS="248" VPOS="846" WIDTH="29" HEIGHT="20" WC="0.96" CONTENT="På"/><SP WIDTH="15" VPOS="846" HPOS="277"/>
							<String ID="string_162" HPOS="292" VPOS="846" WIDTH="68" HEIGHT="26" WC="0.96" CONTENT="grund"/><SP WIDTH="15" VPOS="846" HPOS="360"/>
							<String ID="string_163" HPOS="375" VPOS="846" WIDTH="23" HEIGHT="20" WC="0.96" CONTENT="af"/><SP WIDTH="13" VPOS="846" HPOS="398"/>
							<String ID="string_164" HPOS="411" VPOS="845" WIDTH="55" HEIGHT="20" WC="0.96" CONTENT="hvad"/><SP WIDTH="16" VPOS="845" HPOS="466"/>
							<String ID="string_165" HPOS="482" VPOS="845" WIDTH="106" HEIGHT="20" WC="0.96" CONTENT="Utskottet"/><SP WIDTH="20" VPOS="845" HPOS="588"/>
							<String ID="string_166" HPOS="608" VPOS="845" WIDTH="88" HEIGHT="20" WC="0.96" CONTENT="sålunda"/><SP WIDTH="19" VPOS="845" HPOS="696"/>
							<String ID="string_167" HPOS="715" VPOS="846" WIDTH="44" HEIGHT="19" WC="0.96" CONTENT="haft"/><SP WIDTH="25" VPOS="846" HPOS="759"/>
							<String ID="string_168" HPOS="784" VPOS="849" WIDTH="49" HEIGHT="17" WC="0.96" CONTENT="äran"/><SP WIDTH="18" VPOS="849" HPOS="833"/>
							<String ID="string_169" HPOS="851" VPOS="846" WIDTH="80" HEIGHT="26" WC="0.96" CONTENT="anföra,"/>
						</TextLine>
						<TextLine ID="line_20" HPOS="180" VPOS="880" WIDTH="750" HEIGHT="26">
							<String ID="string_170" HPOS="180" VPOS="880" WIDTH="78" HEIGHT="19" WC="0.91" CONTENT="tilläter"/><SP WIDTH="16" VPOS="880" HPOS="258"/>
							<String ID="string_171" HPOS="274" VPOS="880" WIDTH="32" HEIGHT="26" WC="0.96" CONTENT="sig"/><SP WIDTH="16" VPOS="880" HPOS="306"/>
							<String ID="string_172" HPOS="322" VPOS="880" WIDTH="107" HEIGHT="20" WC="0.96" CONTENT="Utskottet"/><SP WIDTH="15" VPOS="880" HPOS="429"/>
							<String ID="string_173" HPOS="444" VPOS="882" WIDTH="30" HEIGHT="17" WC="0.96" CONTENT="att"/><SP WIDTH="16" VPOS="882" HPOS="474"/>
							<String ID="string_174" HPOS="490" VPOS="880" WIDTH="29" HEIGHT="19" WC="0.96" CONTENT="till"/><SP WIDTH="17" VPOS="880" HPOS="519"/>
							<String ID="string_175" HPOS="536" VPOS="880" WIDTH="80" HEIGHT="19" WC="0.93" CONTENT="landets"/><SP WIDTH="16" VPOS="880" HPOS="616"/>
							<String ID="string_176" HPOS="632" VPOS="880" WIDTH="121" HEIGHT="26" WC="0.91" CONTENT="Höglofliga"/><SP WIDTH="11" VPOS="880" HPOS="753"/>
							<String ID="string_177" HPOS="764" VPOS="880" WIDTH="89" HEIGHT="20" WC="0.92" CONTENT="Ständer"/><SP WIDTH="17" VPOS="880" HPOS="853"/>
							<String ID="string_178" HPOS="870" VPOS="881" WIDTH="60" HEIGHT="18" WC="0.92" CONTENT="vörd-"/>
						</TextLine>
						<TextLine ID="line_21" HPOS="180" VPOS="913" WIDTH="752" HEIGHT="27">
							<String ID="string_179" HPOS="180" VPOS="916" WIDTH="100" HEIGHT="17" WC="0.91" CONTENT="sammast"/><SP WIDTH="23" VPOS="916" HPOS="280"/>
							<String ID="string_180" HPOS="303" VPOS="914" WIDTH="117" HEIGHT="25" WC="0.91" CONTENT="hemställa,"/><SP WIDTH="24" VPOS="914" HPOS="420"/>
							<String ID="string_181" HPOS="444" VPOS="915" WIDTH="30" HEIGHT="18" WC="0.93" CONTENT="att"/><SP WIDTH="22" VPOS="915" HPOS="474"/>
							<String ID="string_182" HPOS="496" VPOS="913" WIDTH="117" HEIGHT="20" WC="0.92" CONTENT="Ständerna"/><SP WIDTH="24" VPOS="913" HPOS="613"/>
							<String ID="string_183" HPOS="637" VPOS="913" WIDTH="49" HEIGHT="20" WC="0.96" CONTENT="ville"/><SP WIDTH="21" VPOS="913" HPOS="686"/>
							<String ID="string_184" HPOS="707" VPOS="914" WIDTH="6" HEIGHT="19" WC="0.96" CONTENT="i"/><SP WIDTH="20" VPOS="914" HPOS="713"/>
							<String ID="string_185" HPOS="733" VPOS="914" WIDTH="35" HEIGHT="19" WC="0.93" CONTENT="det"/><SP WIDTH="18" VPOS="914" HPOS="768"/>
							<String ID="string_186" HPOS="786" VPOS="914" WIDTH="146" HEIGHT="26" WC="0.92" CONTENT="underdåniga"/>
						</TextLine>
						<TextLine ID="line_22" HPOS="180" VPOS="947" WIDTH="751" HEIGHT="27">
							<String ID="string_187" HPOS="180" VPOS="955" WIDTH="54" HEIGHT="18" WC="0.96" CONTENT="svar,"/><SP WIDTH="17" VPOS="955" HPOS="234"/>
							<String ID="string_188" HPOS="251" VPOS="954" WIDTH="43" HEIGHT="13" WC="0.96" CONTENT="som"/><SP WIDTH="18" VPOS="954" HPOS="294"/>
							<String ID="string_189" HPOS="312" VPOS="948" WIDTH="26" HEIGHT="19" WC="0.95" CONTENT="de"/><SP WIDTH="15" VPOS="948" HPOS="338"/>
							<String ID="string_190" HPOS="353" VPOS="948" WIDTH="7" HEIGHT="19" WC="0.93" CONTENT="i"/><SP WIDTH="16" VPOS="948" HPOS="360"/>
							<String ID="string_191" HPOS="376" VPOS="947" WIDTH="114" HEIGHT="26" WC="0.93" CONTENT="anledning"/><SP WIDTH="16" VPOS="947" HPOS="490"/>
							<String ID="string_192" HPOS="506" VPOS="947" WIDTH="23" HEIGHT="20" WC="0.93" CONTENT="af"/><SP WIDTH="13" VPOS="947" HPOS="529"/>
							<String ID="string_193" HPOS="542" VPOS="947" WIDTH="146" HEIGHT="26" WC="0.92" CONTENT="föreliggande"/><SP WIDTH="16" VPOS="947" HPOS="688"/>
							<String ID="string_194" HPOS="704" VPOS="948" WIDTH="83" HEIGHT="26" WC="0.92" CONTENT="Nädiga"/><SP WIDTH="14" VPOS="948" HPOS="787"/>
							<String ID="string_195" HPOS="801" VPOS="949" WIDTH="130" HEIGHT="25" WC="0.96" CONTENT="proposition"/>
						</TextLine>
						<TextLine ID="line_23" HPOS="182" VPOS="981" WIDTH="749" HEIGHT="27">
							<String ID="string_196" HPOS="182" VPOS="983" WIDTH="85" HEIGHT="18" WC="0.96" CONTENT="komma"/><SP WIDTH="15" VPOS="983" HPOS="267"/>
							<String ID="string_197" HPOS="282" VPOS="984" WIDTH="30" HEIGHT="17" WC="0.93" CONTENT="att"/><SP WIDTH="14" VPOS="984" HPOS="312"/>
							<String ID="string_198" HPOS="326" VPOS="982" WIDTH="86" HEIGHT="26" WC="0.90" CONTENT="afgifva,"/><SP WIDTH="17" VPOS="982" HPOS="412"/>
							<String ID="string_199" HPOS="429" VPOS="981" WIDTH="150" HEIGHT="26" WC="0.92" CONTENT="underdänigst"/><SP WIDTH="10" VPOS="981" HPOS="579"/>
							<String ID="string_200" HPOS="589" VPOS="981" WIDTH="89" HEIGHT="26" WC="0.91" CONTENT="anmäla,"/><SP WIDTH="12" VPOS="981" HPOS="678"/>
							<String ID="string_201" HPOS="690" VPOS="984" WIDTH="30" HEIGHT="17" WC="0.93" CONTENT="att"/><SP WIDTH="11" VPOS="984" HPOS="720"/>
							<String ID="string_202" HPOS="731" VPOS="982" WIDTH="124" HEIGHT="25" WC="0.92" CONTENT="Ständerna,"/><SP WIDTH="12" VPOS="982" HPOS="855"/>
							<String ID="string_203" HPOS="867" VPOS="982" WIDTH="64" HEIGHT="19" WC="0.92" CONTENT="ehuru"/>
						</TextLine>
						<TextLine ID="line_24" HPOS="180" VPOS="1015" WIDTH="753" HEIGHT="27">
							<String ID="string_204" HPOS="180" VPOS="1017" WIDTH="7" HEIGHT="18" WC="0.93" CONTENT="i"/><SP WIDTH="17" VPOS="1017" HPOS="187"/>
							<String ID="string_205" HPOS="204" VPOS="1016" WIDTH="117" HEIGHT="19" WC="0.87" CONTENT="hufvudsak"/><SP WIDTH="24" VPOS="1016" HPOS="321"/>
							<String ID="string_206" HPOS="345" VPOS="1016" WIDTH="156" HEIGHT="26" WC="0.95" CONTENT="godkännande"/><SP WIDTH="16" VPOS="1016" HPOS="501"/>
							<String ID="string_207" HPOS="517" VPOS="1015" WIDTH="164" HEIGHT="26" WC="0.93" CONTENT="propositionen,"/><SP WIDTH="23" VPOS="1015" HPOS="681"/>
							<String ID="string_208" HPOS="704" VPOS="1016" WIDTH="65" HEIGHT="19" WC="0.96" CONTENT="likväl"/><SP WIDTH="16" VPOS="1016" HPOS="769"/>
							<String ID="string_209" HPOS="785" VPOS="1016" WIDTH="48" HEIGHT="19" WC="0.96" CONTENT="icke"/><SP WIDTH="19" VPOS="1016" HPOS="833"/>
							<String ID="string_210" HPOS="852" VPOS="1016" WIDTH="81" HEIGHT="19" WC="0.96" CONTENT="kunnat"/>
						</TextLine>
						<TextLine ID="line_25" HPOS="180" VPOS="1049" WIDTH="751" HEIGHT="27">
							<String ID="string_211" HPOS="180" VPOS="1051" WIDTH="6" HEIGHT="18" WC="0.96" CONTENT="i"/><SP WIDTH="16" VPOS="1051" HPOS="186"/>
							<String ID="string_212" HPOS="202" VPOS="1050" WIDTH="42" HEIGHT="19" WC="0.96" CONTENT="alla"/><SP WIDTH="16" VPOS="1050" HPOS="244"/>
							<String ID="string_213" HPOS="260" VPOS="1050" WIDTH="58" HEIGHT="19" WC="0.93" CONTENT="delar"/><SP WIDTH="16" VPOS="1050" HPOS="318"/>
							<String ID="string_214" HPOS="334" VPOS="1050" WIDTH="72" HEIGHT="19" WC="0.96" CONTENT="bifalla"/><SP WIDTH="15" VPOS="1050" HPOS="406"/>
							<String ID="string_215" HPOS="421" VPOS="1050" WIDTH="35" HEIGHT="20" WC="0.93" CONTENT="det"/><SP WIDTH="16" VPOS="1050" HPOS="456"/>
							<String ID="string_216" HPOS="472" VPOS="1050" WIDTH="43" HEIGHT="19" WC="0.92" CONTENT="deri"/><SP WIDTH="17" VPOS="1050" HPOS="515"/>
							<String ID="string_217" HPOS="532" VPOS="1049" WIDTH="103" HEIGHT="26" WC="0.93" CONTENT="ingående"/><SP WIDTH="17" VPOS="1049" HPOS="635"/>
							<String ID="string_218" HPOS="652" VPOS="1049" WIDTH="219" HEIGHT="27" WC="0.82" CONTENT="författningsförslag,"/><SP WIDTH="12" VPOS="1049" HPOS="871"/>
							<String ID="string_219" HPOS="883" VPOS="1052" WIDTH="48" HEIGHT="17" WC="0.96" CONTENT="utan"/>
						</TextLine>
						<TextLine ID="line_26" HPOS="181" VPOS="1083" WIDTH="534" HEIGHT="27">
							<String ID="string_220" HPOS="181" VPOS="1085" WIDTH="30" HEIGHT="18" WC="0.96" CONTENT="för"/><SP WIDTH="15" VPOS="1085" HPOS="211"/>
							<String ID="string_221" HPOS="226" VPOS="1084" WIDTH="32" HEIGHT="19" WC="0.96" CONTENT="sin"/><SP WIDTH="18" VPOS="1084" HPOS="258"/>
							<String ID="string_222" HPOS="276" VPOS="1084" WIDTH="33" HEIGHT="19" WC="0.93" CONTENT="del"/><SP WIDTH="16" VPOS="1084" HPOS="309"/>
							<String ID="string_223" HPOS="325" VPOS="1085" WIDTH="82" HEIGHT="24" WC="0.96" CONTENT="antagit"/><SP WIDTH="16" VPOS="1085" HPOS="407"/>
							<String ID="string_224" HPOS="423" VPOS="1084" WIDTH="148" HEIGHT="26" WC="0.93" CONTENT="förordningen"/><SP WIDTH="18" VPOS="1084" HPOS="571"/>
							<String ID="string_225" HPOS="589" VPOS="1083" WIDTH="126" HEIGHT="26" WC="0.86" CONTENT="sälydande"/><SP WIDTH="-13" VPOS="1083" HPOS="715"/>
							<String ID="string_226" HPOS="702" VPOS="1079" WIDTH="15" HEIGHT="35" WC="0.86" CONTENT=":"/>
						</TextLine>
					</TextBlock>
				</ComposedBlock>
				<ComposedBlock ID="cblock_2" HPOS="353" VPOS="1135" WIDTH="314" HEIGHT="194">
					<TextBlock ID="block_3" HPOS="353" VPOS="1135" WIDTH="314" HEIGHT="194">
						<TextLine ID="line_27" HPOS="571" VPOS="1135" WIDTH="45" HEIGHT="23">
							<String ID="string_227" HPOS="571" VPOS="1137" WIDTH="10" HEIGHT="21" WC="0.68" CONTENT="s"/><SP WIDTH="19" VPOS="1137" HPOS="581"/>
							<String ID="string_228" HPOS="600" VPOS="1135" WIDTH="16" HEIGHT="18" WC="0.87" CONTENT="1."/>
						</TextLine>
						<TextLine ID="line_28" HPOS="353" VPOS="1174" WIDTH="139" HEIGHT="19">
							<String ID="string_229" HPOS="353" VPOS="1174" WIDTH="139" HEIGHT="19" WC="0.91" CONTENT="Oförändrad."/>
						</TextLine>
						<TextLine ID="line_29" HPOS="571" VPOS="1220" WIDTH="44" HEIGHT="23">
							<String ID="string_230" HPOS="571" VPOS="1222" WIDTH="10" HEIGHT="21" WC="0.51" CONTENT="s"/><SP WIDTH="16" VPOS="1222" HPOS="581"/>
							<String ID="string_231" HPOS="597" VPOS="1220" WIDTH="18" HEIGHT="19" WC="0.57" CONTENT="2."/>
						</TextLine>
						<TextLine ID="line_30" HPOS="353" VPOS="1259" WIDTH="314" HEIGHT="27">
							<String ID="string_232" HPOS="353" VPOS="1259" WIDTH="52" HEIGHT="20" WC="0.96" CONTENT="Lika"/><SP WIDTH="17" VPOS="1259" HPOS="405"/>
							<String ID="string_233" HPOS="422" VPOS="1260" WIDTH="46" HEIGHT="19" WC="0.92" CONTENT="med"/><SP WIDTH="17" VPOS="1260" HPOS="468"/>
							<String ID="string_234" HPOS="485" VPOS="1262" WIDTH="9" HEIGHT="22" WC="0.92" CONTENT="$"/><SP WIDTH="17" VPOS="1262" HPOS="494"/>
							<String ID="string_235" HPOS="511" VPOS="1260" WIDTH="11" HEIGHT="19" WC="0.91" CONTENT="3"/><SP WIDTH="16" VPOS="1260" HPOS="522"/>
							<String ID="string_236" HPOS="538" VPOS="1260" WIDTH="7" HEIGHT="19" WC="0.91" CONTENT="i"/><SP WIDTH="16" VPOS="1260" HPOS="545"/>
							<String ID="string_237" HPOS="561" VPOS="1260" WIDTH="106" HEIGHT="26" WC="0.92" CONTENT="förslaget."/>
						</TextLine>
						<TextLine ID="line_31" HPOS="570" VPOS="1306" WIDTH="49" HEIGHT="23">
							<String ID="string_238" HPOS="570" VPOS="1308" WIDTH="9" HEIGHT="21" WC="0.85" CONTENT="$"/><SP WIDTH="21" VPOS="1308" HPOS="579"/>
							<String ID="string_239" HPOS="600" VPOS="1306" WIDTH="19" HEIGHT="19" WC="0.18" CONTENT="3."/>
						</TextLine>
					</TextBlock>
				</ComposedBlock>
				<ComposedBlock ID="cblock_3" HPOS="279" VPOS="1345" WIDTH="655" HEIGHT="168">
					<TextBlock ID="block_4" HPOS="286" VPOS="1345" WIDTH="645" HEIGHT="60">
						<TextLine ID="line_32" HPOS="352" VPOS="1345" WIDTH="579" HEIGHT="26">
							<String ID="string_240" HPOS="352" VPOS="1345" WIDTH="41" HEIGHT="19" WC="0.92" CONTENT="För"/><SP WIDTH="16" VPOS="1345" HPOS="393"/>
							<String ID="string_241" HPOS="409" VPOS="1345" WIDTH="63" HEIGHT="26" WC="0.95" CONTENT="öfrigt"/><SP WIDTH="16" VPOS="1345" HPOS="472"/>
							<String ID="string_242" HPOS="488" VPOS="1345" WIDTH="43" HEIGHT="20" WC="0.94" CONTENT="lika"/><SP WIDTH="16" VPOS="1345" HPOS="531"/>
							<String ID="string_243" HPOS="547" VPOS="1345" WIDTH="46" HEIGHT="20" WC="0.93" CONTENT="med"/><SP WIDTH="17" VPOS="1345" HPOS="593"/>
							<String ID="string_244" HPOS="610" VPOS="1347" WIDTH="9" HEIGHT="22" WC="0.93" CONTENT="$"/><SP WIDTH="18" VPOS="1347" HPOS="619"/>
							<String ID="string_245" HPOS="637" VPOS="1346" WIDTH="11" HEIGHT="18" WC="0.26" CONTENT="4"/><SP WIDTH="16" VPOS="1346" HPOS="648"/>
							<String ID="string_246" HPOS="664" VPOS="1346" WIDTH="6" HEIGHT="18" WC="0.26" CONTENT="i"/><SP WIDTH="19" VPOS="1346" HPOS="670"/>
							<String ID="string_247" HPOS="689" VPOS="1345" WIDTH="166" HEIGHT="26" WC="0.93" CONTENT="propositionen,"/><SP WIDTH="20" VPOS="1345" HPOS="855"/>
							<String ID="string_248" HPOS="875" VPOS="1347" WIDTH="56" HEIGHT="17" WC="0.95" CONTENT="utom"/>
						</TextLine>
						<TextLine ID="line_33" HPOS="286" VPOS="1379" WIDTH="437" HEIGHT="26">
							<String ID="string_249" HPOS="286" VPOS="1381" WIDTH="30" HEIGHT="17" WC="0.96" CONTENT="att"/><SP WIDTH="15" VPOS="1381" HPOS="316"/>
							<String ID="string_250" HPOS="331" VPOS="1381" WIDTH="29" HEIGHT="17" WC="0.93" CONTENT="ett"/><SP WIDTH="16" VPOS="1381" HPOS="360"/>
							<String ID="string_251" HPOS="376" VPOS="1379" WIDTH="116" HEIGHT="26" WC="0.91" CONTENT="sälydande"/><SP WIDTH="18" VPOS="1379" HPOS="492"/>
							<String ID="string_252" HPOS="510" VPOS="1381" WIDTH="91" HEIGHT="18" WC="0.93" CONTENT="moment"/><SP WIDTH="15" VPOS="1381" HPOS="601"/>
							<String ID="string_253" HPOS="616" VPOS="1379" WIDTH="107" HEIGHT="26" WC="0.92" CONTENT="tillägges:"/>
						</TextLine>
					</TextBlock>
					<TextBlock ID="block_5" HPOS="279" VPOS="1417" WIDTH="655" HEIGHT="96">
						<TextLine ID="line_34" HPOS="353" VPOS="1417" WIDTH="579" HEIGHT="28">
							<String ID="string_254" HPOS="353" VPOS="1418" WIDTH="66" HEIGHT="20" WC="0.85" CONTENT="Huru"/><SP WIDTH="23" VPOS="1418" HPOS="419"/>
							<String ID="string_255" HPOS="442" VPOS="1418" WIDTH="104" HEIGHT="27" WC="0.79" CONTENT="rättighet"/><SP WIDTH="22" VPOS="1418" HPOS="546"/>
							<String ID="string_256" HPOS="568" VPOS="1421" WIDTH="32" HEIGHT="18" WC="0.93" CONTENT="att"/><SP WIDTH="20" VPOS="1421" HPOS="600"/>
							<String ID="string_257" HPOS="620" VPOS="1417" WIDTH="108" HEIGHT="21" WC="0.92" CONTENT="utskänka"/><SP WIDTH="23" VPOS="1417" HPOS="728"/>
							<String ID="string_258" HPOS="751" VPOS="1418" WIDTH="21" HEIGHT="19" WC="0.94" CONTENT="öl"/><SP WIDTH="18" VPOS="1418" HPOS="772"/>
							<String ID="string_259" HPOS="790" VPOS="1417" WIDTH="53" HEIGHT="20" WC="0.93" CONTENT="eller"/><SP WIDTH="18" VPOS="1417" HPOS="843"/>
							<String ID="string_260" HPOS="861" VPOS="1417" WIDTH="71" HEIGHT="21" WC="0.96" CONTENT="andra"/>
						</TextLine>
						<TextLine ID="line_35" HPOS="279" VPOS="1451" WIDTH="655" HEIGHT="28">
							<String ID="string_261" HPOS="279" VPOS="1453" WIDTH="64" HEIGHT="26" WC="0.88" CONTENT="jästa"/><SP WIDTH="15" VPOS="1453" HPOS="343"/>
							<String ID="string_262" HPOS="358" VPOS="1451" WIDTH="90" HEIGHT="28" WC="0.91" CONTENT="drycker"/><SP WIDTH="11" VPOS="1451" HPOS="448"/>
							<String ID="string_263" HPOS="459" VPOS="1452" WIDTH="136" HEIGHT="27" WC="0.90" CONTENT="förvärfvas,"/><SP WIDTH="20" VPOS="1452" HPOS="595"/>
							<String ID="string_264" HPOS="615" VPOS="1451" WIDTH="37" HEIGHT="21" WC="0.93" CONTENT="och"/><SP WIDTH="19" VPOS="1451" HPOS="652"/>
							<String ID="string_265" HPOS="671" VPOS="1451" WIDTH="56" HEIGHT="21" WC="0.91" CONTENT="hvad"/><SP WIDTH="14" VPOS="1451" HPOS="727"/>
							<String ID="string_266" HPOS="741" VPOS="1451" WIDTH="74" HEIGHT="21" WC="0.92" CONTENT="dervid"/><SP WIDTH="18" VPOS="1451" HPOS="815"/>
							<String ID="string_267" HPOS="833" VPOS="1452" WIDTH="59" HEIGHT="27" WC="0.92" CONTENT="eljest"/><SP WIDTH="16" VPOS="1452" HPOS="892"/>
							<String ID="string_268" HPOS="908" VPOS="1453" WIDTH="26" HEIGHT="20" WC="0.96" CONTENT="är"/>
						</TextLine>
						<TextLine ID="line_36" HPOS="284" VPOS="1485" WIDTH="527" HEIGHT="28">
							<String ID="string_269" HPOS="284" VPOS="1488" WIDTH="33" HEIGHT="18" WC="0.93" CONTENT="att"/><SP WIDTH="15" VPOS="1488" HPOS="317"/>
							<String ID="string_270" HPOS="332" VPOS="1486" WIDTH="106" HEIGHT="27" WC="0.90" CONTENT="iakttaga,"/><SP WIDTH="17" VPOS="1486" HPOS="438"/>
							<String ID="string_271" HPOS="455" VPOS="1486" WIDTH="72" HEIGHT="21" WC="0.91" CONTENT="derom"/><SP WIDTH="15" VPOS="1486" HPOS="527"/>
							<String ID="string_272" HPOS="542" VPOS="1488" WIDTH="26" HEIGHT="18" WC="0.93" CONTENT="är"/><SP WIDTH="15" VPOS="1488" HPOS="568"/>
							<String ID="string_273" HPOS="583" VPOS="1485" WIDTH="104" HEIGHT="21" WC="0.92" CONTENT="särskildt"/><SP WIDTH="15" VPOS="1485" HPOS="687"/>
							<String ID="string_274" HPOS="702" VPOS="1485" WIDTH="109" HEIGHT="28" WC="0.92" CONTENT="stadgadt,"/>
						</TextLine>
					</TextBlock>
				</ComposedBlock>
			</PrintSpace>
		</Page>
	</Layout>
</alto>
