1142 1786
879 176 33 17 391

354 234 109 20 Finlands
478 234 111 21 Stånders
605 236 161 27 underdåniga
781 243 51 15 svar
847 238 6 20 i
869 239 66 20 anled-

320 268 45 25 ning
383 268 22 20 af
420 268 56 20 Hans
492 268 134 27 Kejserliga
641 270 118 26 Majestäts
780 271 69 26 Nådiga
864 278 71 20 propo-

323 302 65 24 sition,
410 308 30 14 om
459 302 107 26 antagande
584 303 22 20 af
618 309 24 14 en
657 304 112 26 författning
785 306 99 26 angående
899 312 35 14 un-

320 336 82 26 derpant
423 336 6 19 i
448 336 229 28 jernvägsanläggningar
700 339 42 19 med
761 339 65 21 dertill
848 340 86 20 hörande

320 370 38 20 fast
374 370 35 20 och
424 370 127 26 lösegendom.

184 421 202 27 Stormäktigste,
402 421 193 27 Allernädigste
607 423 104 26 Kejsare
726 424 44 20 och
785 425 149 20 Storfurste!

252 472 10 20 I
287 472 138 20 betraktande
450 474 19 25 ej
494 474 81 19 mindre
598 474 65 26 deraf,
684 477 30 17 att
728 475 98 26 gällande
842 476 91 26 lagstad-

185 506 84 26 ganden
293 513 34 13 om
349 507 124 26 inteckning
488 508 6 18 i
513 508 40 19 fast
575 508 103 27 egendom
694 509 48 20 icke
757 512 36 17 äro
810 510 125 26 tillämpliga

185 540 27 26 på
230 541 90 26 jernväg
343 541 40 19 och
406 541 69 20 dertill
495 542 93 20 hörande
612 542 161 28 anläggningar,
788 546 26 17 än
831 544 61 19 deraf
905 546 30 18 att

184 577 94 23 panträtt
286 575 6 19 i
299 575 91 26 jernväg
402 576 94 26 tillhörig
505 577 95 19 materiel
609 577 39 20 och
663 584 69 13 annan
742 578 136 26 lösegendom
887 579 48 19 icke

185 608 42 20 kan
250 609 138 19 tillerkännas
403 610 99 26 gällande
517 610 62 26 kraft,
595 611 27 19 då
637 610 133 27 långifvaren
789 613 18 24 ej
825 612 37 19 har
884 618 49 20 pan-

185 645 35 17 ten
236 643 7 19 i
258 643 100 26 handom,
374 645 52 18 samt
442 644 89 20 emedan
547 644 61 20 dessa
623 644 136 26 olägenheter
771 646 66 19 måste
852 646 7 19 i
875 646 59 26 bety-

186 677 69 19 dande
270 678 53 25 grad
339 678 89 19 inverka
442 678 27 26 på
483 678 135 26 möjligheten
635 678 32 20 för
683 679 90 20 enskilte
789 686 100 19 personer
905 682 30 18 att

186 710 91 27 upplåna
299 712 118 26 penningar
440 712 31 19 för
490 712 257 27 jernvägsanläggningar
762 714 7 18 i
784 714 89 19 Finland
895 714 39 19 och

184 746 28 26 på
234 745 97 20 vilkoren
354 746 32 19 för
408 746 73 25 dylika
501 746 41 26 lån,
558 746 37 20 har
609 747 78 19 Eders
703 746 144 28 Kejserliga
861 748 73 25 Maje-

187 782 56 22 stät,
259 780 7 19 i
285 780 55 26 syfte
363 782 29 17 att
415 780 119 20 underlätta
554 781 125 25 jernvägars
701 781 132 26 anläggande
857 787 77 20 genom

186 814 102 19 enskiltes
312 814 81 26 ätgärd,
414 814 66 25 jemte
502 814 69 26 Nädig
594 814 129 26 proposition
747 814 90 26 förelagt
851 814 84 20 landets

186 848 35 19 vid
244 848 144 19 innevarande
406 848 100 26 landtdag
522 848 126 20 församlade
664 848 89 20 Ständer
768 848 32 20 till
815 848 120 26 antagande

186 884 30 17 ett
238 882 79 25 förslag
340 882 30 19 till
386 882 123 25 förordning
524 882 109 25 angäende
644 882 117 25 underpant
775 882 7 19 i
795 883 139 25 jernvägsan-

186 915 128 26 läggningar
336 916 8 18 i
365 915 89 20 Finland
478 916 39 19 och
540 915 30 20 till
594 916 47 19 dem
665 916 94 20 hörande
781 916 41 19 fast
845 916 39 19 och
904 915 31 20 lös

187 950 111 26 egendom.
939 974 5 5 N

255 983 164 27 Ifrägavarande
434 984 115 26 lagförslag
564 984 87 26 åsyftar,
667 984 66 26 enligt
748 984 54 19 hvad
818 983 119 21 Ständerna

187 1018 62 19 deraf
269 1018 109 25 inhemtat,
401 1020 30 17 att
446 1019 6 18 i
468 1018 46 19 värt
532 1019 60 19 lands
608 1019 201 25 kreditlagstiftning
825 1017 69 20 införa
909 1025 26 12 en

187 1051 129 27 fullkomligt
332 1059 28 19 ny
376 1052 88 26 princip,
475 1052 6 19 i
494 1052 35 19 det
544 1052 115 19 detsamma
675 1052 137 19 tillförsäkrar
827 1057 108 20 personer,

188 1093 44 13 som
249 1088 43 17 mot
307 1084 141 27 obligationer
464 1086 51 19 eller
530 1086 65 19 andra
610 1086 139 20 förbindelser
764 1085 113 20 försträckt
893 1091 42 14 me-

188 1121 34 19 del
244 1120 29 19 till
294 1119 109 20 utförande
422 1120 24 19 af
459 1119 210 27 jernvägsbyggnad,
685 1121 30 18 ett
730 1121 42 24 tyst
787 1119 97 26 generelt
899 1119 37 26 hy-

189 1154 184 27 pothek
275 1149 15 36 i
302 1154 69 27 samma
389 1154 90 26 jernväg
495 1154 47 19 med
558 1154 28 19 all
601 1153 70 20 dertill
686 1153 94 20 hörande
795 1153 41 19 fast
851 1153 40 19 och
906 1153 31 18 lös

188 1188 110 26 egendom.
329 1188 143 19 Förmonsrätt
496 1187 85 19 framför
604 1187 61 19 desse
683 1187 171 26 fordringsegare
869 1186 68 20 skulle

189 1222 124 26 visserligen
335 1221 117 20 tillkomma
467 1221 27 20 de
510 1221 34 20 vid
558 1222 117 25 jernvägen
691 1221 103 20 anställde
811 1221 126 25 tjenstemän

189 1257 39 20 och
247 1256 103 25 arbetare,
366 1256 31 19 för
412 1255 92 26 löpande
519 1255 55 20 ärets
589 1255 139 20 innestäende
744 1255 124 26 aflöningar,
885 1255 54 18 samt

188 1291 82 19 kronan
293 1290 39 19 och
348 1289 128 20 kommunen
493 1289 31 19 för
540 1289 26 19 de
581 1289 46 19 frän
640 1290 117 25 jernvägen
773 1288 119 27 utgäende,
902 1294 36 13 un-

189 1325 37 19 der
250 1330 80 14 samma
344 1324 30 19 tid
390 1323 31 20 till
438 1323 107 26 betalning
561 1323 99 19 förfallna
675 1323 88 26 utlagor.
793 1323 49 18 Men
861 1321 26 20 dä
903 1327 35 13 en-

190 1360 46 19 dast
251 1358 137 20 innehafvare
404 1357 22 20 af
440 1357 137 20 förenämnda
593 1357 140 26 obligationer
748 1357 39 19 och
799 1355 140 20 förbindelser

190 1393 54 26 egde
264 1394 41 17 rätt
320 1394 30 17 att
365 1397 77 21 genom
459 1391 194 26 utmätningstväng
669 1393 52 24 göra
735 1391 46 19 sina
796 1389 142 26 fordringsan-

190 1427 64 26 spräk
276 1426 106 26 gällande,
404 1425 24 20 sä
443 1425 68 20 skulle
526 1425 40 20 den
583 1425 67 26 öfrige
666 1425 62 19 ofvan
745 1423 138 27 uppräknade
898 1423 41 19 for-

191 1461 137 26 dringsegare
351 1459 88 26 tillagda
461 1459 136 20 förmonsrätt
612 1459 6 20 i
635 1459 74 25 sjelfva
725 1458 75 20 verket
814 1457 48 20 icke
878 1457 63 20 hafva

192 1494 69 26 nägon
278 1493 108 27 synnerlig
403 1492 117 27 betydelse.
