1142 1786
241 157 35 16 514

218 219 188 26 röstberättigades
422 217 109 27 afstyrkan
547 217 93 20 beslutas
656 217 93 20 hvarken
768 217 30 19 till
819 217 118 20 inrättande
953 215 23 20 af

220 253 198 26 försäljningsställe
442 252 52 19 eller
516 251 30 20 till
567 251 122 26 förändring
705 251 23 19 af
741 251 57 26 läget
812 251 32 20 för
860 253 29 18 ett
904 250 70 27 dylikt

220 288 67 25 ställe,
304 288 18 25 ej
340 287 66 19 heller
422 287 30 18 till
468 285 155 26 förminskning
639 285 22 19 af
675 285 40 19 den
732 285 118 26 föreslagna
869 285 103 19 skatten.”

290 321 58 20 ”Den
372 320 84 26 längsta
478 320 36 25 tid,
538 319 31 19 för
592 319 86 19 hvilken
695 318 210 26 minutförsäljnings-
922 318 52 20 eller

220 355 200 25 utskänkningsrätt
440 354 32 19 får
494 354 96 25 beviljas,
612 356 23 16 är
658 352 35 20 två
711 352 22 20 år
753 353 6 19 i
780 353 81 23 sender,
881 353 38 19 och
940 352 33 19 må

220 390 71 20 denna
312 388 102 26 rättighet
436 388 95 26 upplåtas
550 388 21 19 åt
586 387 31 20 för
633 387 120 19 ändamålet
772 386 149 27 organiserade
937 386 35 20 bo-

220 425 36 25 lag
272 424 51 19 eller
340 422 20 20 åt
376 422 78 20 sådana
470 422 96 20 enskilda
580 427 107 20 personer,
705 421 72 19 hvilka
792 423 35 17 äro
843 420 130 26 välfrejdade

222 458 38 20 och
278 457 113 25 välkände,
414 456 48 20 icke
485 456 50 19 idka
558 462 68 13 annan
650 455 21 19 af
696 455 89 25 burskap
809 455 50 19 eller
875 454 100 20 särskildt

221 492 93 20 tillstånd
333 491 105 20 beroende
454 490 76 20 handel
546 490 51 19 eller
613 489 118 20 handtverk
746 489 38 19 och
801 490 18 24 ej
837 489 65 19 heller
921 488 51 20 kun-

221 533 28 13 na
264 525 99 20 hänföras
378 525 33 19 till
428 524 54 25 dem,
498 530 44 14 som
558 524 67 26 enligt
640 526 10 21 $
667 524 11 19 6
695 526 35 16 äro
746 523 110 25 förbjudne
872 525 29 17 att
913 523 60 19 brän-

221 559 187 26 vinstillverkning
424 559 77 19 utöfva.
530 558 92 22 Enhvar,
639 564 43 13 som
702 558 143 25 försäljnings-
869 557 52 20 eller
943 558 30 18 ut-

222 594 176 25 skänkningsrätt
414 593 96 25 ansöker,
527 599 48 13 vare
591 592 86 26 skyldig
693 594 30 17 att
743 592 30 18 för
791 592 110 25 Magistrat
923 591 51 19 eller

222 628 150 26 Ordningsrätt
388 627 100 26 uppgifva
502 633 33 13 om
552 626 40 19 han
609 626 50 26 sjelf
677 625 52 20 skall
753 625 118 26 ombesörja
893 625 80 25 försälj-

223 662 79 26 ningen
319 662 58 24 eller,
393 661 7 19 i
417 662 83 18 motsatt
516 660 42 25 fall,
581 660 21 19 ät
624 660 61 19 hvem
702 660 39 18 han
758 659 36 19 vill
810 659 91 19 anförtro
920 660 53 18 före-

222 695 254 25 ständarebefattningen.
506 694 29 20 Pä
555 693 156 20 ofvannämnda
733 693 70 20 lokala
826 693 148 26 myndigheter

223 730 125 19 ankommer
363 729 65 19 sedan
444 730 31 18 att
490 728 35 20 det
540 728 74 26 gjorda
629 727 92 20 anbudet
736 727 73 26 pröfva
825 728 39 18 och
883 727 90 19 detsam-

224 770 40 20 ma,
281 763 47 20 med
344 762 100 20 afseende
457 762 79 26 jemväl
552 762 12 19 &
579 761 58 19 säväl
653 761 119 20 sökandens
792 768 44 12 som
859 762 40 19 den
923 768 50 19 upp-

222 798 60 26 gifna
297 797 171 19 föreständarens
483 796 130 26 lämplighet,
629 797 79 25 antaga
724 796 51 19 eller
790 795 110 20 förkasta”.

293 830 105 27 ”Uppstär
414 830 22 20 af
450 837 27 13 en
492 830 52 20 eller
559 836 68 13 annan
643 830 115 26 anledning
781 829 58 27 fråga
861 836 33 13 om
919 830 54 25 flytt-

224 866 52 26 ning
291 865 23 19 af
327 864 196 26 försäljningsställe
546 864 52 19 eller
613 863 86 26 ombyte
719 864 23 19 af
755 864 150 24 föreständare,
921 863 53 19 skall

224 899 72 20 derom
320 898 94 20 anmälas
438 898 38 19 hos
499 898 68 19 lokala
591 897 111 26 styrelsen,
725 903 43 14 som
792 897 53 20 efter
865 903 109 20 noggrann

224 933 100 26 pröfning
346 932 24 20 af
390 932 207 26 omständigheterna
619 937 50 20 eger
693 933 29 17 att
744 931 69 20 dertill
834 931 71 20 bifalla
924 931 51 19 eller

223 967 68 20 icke”.

293 1000 94 20 PAflider
403 1000 47 25 den,
467 1006 43 13 som
526 1000 88 19 innehar
630 999 40 20 slik
689 999 182 26 försäljningsrätt,
890 999 34 20 mä
939 1002 35 16 nä-

224 1035 76 26 ringen
316 1035 31 19 för
363 1034 234 26 sterbbusdelegarenes
613 1033 91 27 räkning
725 1033 110 26 bedrifvas,
856 1033 65 20 under
937 1033 37 19 vil-

225 1069 39 20 kor
279 1071 30 17 att
324 1069 72 19 derom
412 1068 38 19 hos
466 1068 70 19 lokala
550 1068 103 26 styrelsen
667 1067 93 20 anmäles
771 1067 40 20 och
823 1067 151 20 föreståndare-

225 1103 146 26 befattningen
388 1102 104 19 anförtros
507 1102 21 19 åt
543 1102 98 26 godkänd
658 1101 96 26 person”.

294 1133 78 23 ”Öfver
386 1136 42 19 alla
443 1136 124 20 hithörande
586 1136 70 25 frågor
677 1135 23 20 af
716 1135 109 26 Magistrat
848 1135 51 20 eller
923 1134 52 20 Ord-

226 1171 104 25 ningsrätt
344 1170 79 19 fattade
440 1169 67 20 beslut
523 1170 39 19 och
578 1170 101 26 vidtagna
694 1169 98 26 åtgärder
811 1169 72 19 kunna
900 1169 76 19 besvär

224 1204 7 19 i
248 1204 72 25 vanlig
336 1204 90 25 ordning
442 1204 83 19 anföras
540 1204 38 19 hos
593 1203 162 26 Länestyrelsen
772 1202 38 20 och
827 1202 71 20 vidare
909 1203 7 19 i
928 1202 47 26 Kej-

224 1238 78 27 serliga
317 1238 103 20 Senatens
434 1237 119 20 Ekonomie
568 1237 170 27 Departement”.

293 1271 114 27 Vällofliga
422 1272 177 26 Borgareståndet
610 1273 37 18 har
656 1272 108 19 förordnat
775 1273 29 18 att
814 1271 161 26 ifrågavarande

224 1309 10 22 $
250 1306 68 20 skulle
335 1305 137 20 underkastas
488 1306 64 19 sådan
569 1306 113 20 förändrad
697 1306 119 25 redaktion,
839 1312 45 13 som
907 1305 68 20 föran-

224 1341 75 19 leddes
314 1340 23 19 af
350 1340 26 19 de
392 1340 7 19 i
415 1341 10 22 $
441 1341 25 19 45
484 1340 98 26 vidtagna
599 1341 119 25 ändringar,
735 1340 108 19 hvarutom
859 1340 7 18 i
883 1339 69 20 denna
967 1342 10 21 $

225 1374 65 19 borde
305 1374 79 19 införas
400 1373 111 20 enahanda
526 1375 41 18 rätt
581 1375 32 18 för
629 1374 157 19 stadskommun
803 1375 30 17 att
858 1376 65 23 vägra
946 1373 30 20 bi-

225 1408 34 20 fall
277 1408 30 19 till
323 1408 119 19 inrättande
459 1409 23 18 af
498 1408 169 26 utminuterings-
693 1408 38 19 och
754 1407 223 26 utskänkningsställe,

224 1449 44 12 som
286 1441 69 20 blifvit
370 1442 161 19 landskommun
551 1442 138 20 förbehållen.

292 1475 138 20 Hedervärda
444 1476 165 25 Bondeståndet,
625 1482 43 13 som
685 1475 96 26 godkänt
795 1475 65 19 första
882 1475 39 19 och
941 1481 36 13 an-
