1142 1786
857 170 33 18 195

163 233 124 26 härigenom
304 231 137 26 uppkommit,
458 232 89 19 emedan
563 239 25 12 en
607 234 72 24 sträng
697 232 134 27 tillämpning
846 233 23 20 af
881 233 29 20 la-

164 273 51 20 gens
231 265 74 21 förbud
322 265 67 20 skulle
404 266 6 19 i
428 265 60 20 dessa
504 266 35 19 fall
554 266 63 19 hafva
631 266 150 20 åstadkommit
796 267 60 26 långt
869 274 42 13 me-

164 308 24 12 ra
210 300 57 25 ondt,
291 302 26 17 än
332 300 73 26 lagens
422 300 161 19 öfverträdande
602 300 81 19 kunnat
697 300 64 20 hafva
775 300 31 20 till
823 300 89 27 påföljd;

165 335 39 19 och
228 334 122 26 härigenom
374 334 37 19 har
434 334 109 20 efterhand
563 336 30 18 ett
612 334 89 19 allmänt
718 336 57 18 emot
794 334 68 27 tydlig
877 335 35 26 lag

166 368 106 20 stridande
290 367 106 20 rättsbruk
414 368 138 26 uppkommit,
572 368 83 19 hvilket
671 368 66 20 redan
751 368 8 19 i
774 368 40 20 och
833 368 32 20 för
880 369 32 26 sig

165 403 89 19 innebär
269 404 30 18 ett
314 402 190 26 missförhållande,
520 408 43 14 som
579 402 95 26 påkallar
689 402 91 20 rättelse.

234 436 72 20 Skulle
324 436 7 19 i
346 436 96 26 Finland,
466 436 88 20 likasom
574 436 7 19 i
597 436 77 26 många
696 436 66 20 andra
784 436 79 28 länder,
887 444 26 13 en

166 470 89 20 särskild
272 470 156 26 advokatkorps
444 470 64 19 redan
524 470 75 19 hunnit
614 470 133 26 uppkomma,
765 470 23 20 så
806 477 49 13 vore
871 471 42 26 det,

166 505 67 26 enligt
251 504 117 20 Utskottets
388 504 70 25 tanke,
477 502 107 27 sjelftallet
602 506 30 17 att
651 504 142 26 nyssnämnda
809 505 104 20 missbruk

167 539 65 19 borde
248 538 141 20 förekommas
406 538 39 19 och
461 538 72 26 lagens
549 537 73 20 förbud
643 538 158 26 upprätthållas,
825 539 88 20 emedan

168 579 24 14 en
210 573 136 25 tjenstemans
369 572 110 26 sysslande
502 571 47 20 med
572 571 117 20 advokatur
707 572 47 20 icke
773 573 55 20 lärer
843 573 72 20 kunna

167 606 69 26 undgå
251 608 30 18 att
296 606 6 19 i
318 605 108 27 åtskilliga
440 605 36 20 fall
492 611 51 13 vara
558 605 88 26 menligt
661 606 100 26 antingen
773 606 31 20 för
817 607 98 25 tjensten,

168 640 51 20 eller
242 640 32 20 för
296 640 171 20 hufvudmannen
483 640 7 18 i
506 639 144 26 rättegången,
674 640 51 19 eller
748 640 39 20 ock
808 640 32 20 för
855 641 59 19 hvar-

168 675 56 19 dera.
255 674 47 20 Men
326 674 26 19 då
375 674 61 20 dessa
458 674 137 26 olägenheter
610 673 82 20 ändock
709 676 36 18 äro
760 674 49 20 vida
827 674 88 26 mindre,

145 708 5 4 *
168 712 25 16 än
211 709 33 25 de,
270 714 44 14 som
338 708 32 19 för
391 708 142 19 allmänheten
556 707 68 20 skulle
647 707 74 27 uppstå
741 708 128 26 derigenom,
886 711 31 17 att

168 745 70 23 parter
254 742 123 20 beröfvades
393 742 83 20 bistånd
491 743 43 24 just
548 742 23 19 af
584 742 54 25 dem,
654 741 71 20 hvilka
740 742 7 19 i
763 742 25 20 de
804 742 60 21 flesta
879 742 36 20 fall

168 779 36 17 äro
220 776 26 20 de
262 776 54 19 ende
332 776 133 26 sakkunnige
481 782 106 20 personer,
603 776 21 19 åt
639 776 72 19 hvilka
730 776 25 20 de
775 776 48 20 med
842 777 73 20 förtro-

169 810 53 20 ende
246 810 72 19 kunna
340 810 129 19 öfverlemna
492 810 119 19 utförandet
633 810 23 19 af
671 810 46 19 sina
736 810 141 27 rättegångar,
894 811 23 19 så

168 850 62 13 anser
245 844 107 19 Utskottet
368 844 44 19 häri
428 844 59 26 ligga
502 846 29 18 ett
546 844 76 26 vigtigt
637 844 46 19 skäl
699 846 30 17 att
748 844 122 27 tillsvidare,
887 846 28 19 el-

168 878 31 19 ler
215 878 41 19 tills
272 880 29 17 att
317 884 26 13 en
360 878 88 19 särskild
465 878 171 26 sakförarekorps
657 878 74 19 hunnit
750 879 7 18 i
775 878 72 20 landet
865 886 51 19 upp-

170 912 90 25 komma,
285 911 75 27 frångå
382 912 73 26 lagens
478 912 161 27 ifrågavarande
662 911 81 27 förbud,
765 915 54 17 samt
835 913 82 20 derföre

170 946 64 19 också
257 946 115 19 tillsvidare
393 946 106 26 upphäfva
521 953 25 13 en
569 947 42 26 lag,
630 953 44 13 som
695 946 48 20 icke
757 946 82 20 kunnat
855 947 62 20 efter-

170 980 72 19 lefvas.

238 1013 9 20 I
263 1013 68 20 likhet
354 1014 46 19 med
425 1013 40 20 den
485 1013 83 27 Nådiga
583 1014 156 26 propositionen
756 1021 61 13 anser
832 1015 85 20 Utskot-

170 1050 30 17 tet
214 1047 65 26 något
302 1047 45 20 skäl
371 1048 18 25 ej
413 1047 67 20 finnas
503 1049 29 18 att
554 1048 73 19 härvid
651 1050 51 24 göra
719 1050 30 17 ett
764 1048 106 27 undantag
886 1049 31 19 för

171 1081 161 26 uppbördsmän,
356 1081 51 20 eller
430 1083 30 18 att
478 1082 6 19 i
504 1082 107 26 lagtexten
630 1082 73 26 intaga
720 1084 30 17 ett
765 1082 102 20 förbehåll
884 1089 33 13 om

170 1116 92 19 förmans
278 1115 104 26 tillåtelse,
399 1115 51 20 eller
468 1117 30 18 ett
516 1115 75 20 förbud
609 1116 32 19 för
657 1116 124 25 tjensteman
795 1118 31 17 att
841 1122 76 20 genom

170 1149 117 20 advokatur
303 1150 114 19 försumma
428 1149 45 20 sina
484 1149 214 27 tjensteåligganden;
714 1149 88 20 emedan
815 1150 41 26 det,
867 1150 50 20 ock-

171 1183 22 20 så
208 1183 80 19 sådana
304 1183 157 26 bestämningar
476 1183 89 26 förutan,
581 1186 22 17 är
614 1183 112 25 sjelffallet,
742 1185 29 18 att
781 1184 91 25 tjensten
881 1184 38 20 bör

170 1218 6 19 i
193 1217 87 20 främsta
302 1219 90 18 rummet
415 1217 77 20 skötas.
523 1218 48 19 Men
591 1218 89 19 emedan
697 1217 63 20 orden
777 1217 142 27 ”Konungens

171 1251 106 26 betjente”
292 1251 7 19 i
316 1251 12 20 2
344 1253 10 22 $
374 1252 22 19 15
412 1251 48 26 kap.
476 1252 25 19 R.
517 1252 29 25 B.,
563 1251 67 20 såsom
647 1251 184 26 ofvanäberopade
842 1252 76 26 Kongl.

171 1285 122 20 Resolution
317 1285 23 20 af
361 1285 40 20 den
427 1286 23 19 16
474 1285 95 20 Oktober
593 1285 52 20 1723
668 1286 68 26 gifver
755 1286 34 19 vid
805 1286 114 25 handen,
908 1281 14 35 i

175 1320 51 19 1734
242 1319 34 20 års
291 1319 35 26 lag
340 1319 98 20 utmärka
452 1319 59 26 lägre
527 1319 165 20 administrative
715 1320 126 25 tjenstemän
859 1321 5 19 i
882 1320 37 20 all-

173 1353 91 26 mänhet,
277 1353 39 20 och
332 1353 54 21 icke,
396 1353 54 20 blott
465 1353 84 26 sådane,
565 1359 44 14 som
625 1360 27 13 nu
668 1354 31 19 för
715 1353 56 20 tiden
781 1353 67 20 kallas
858 1353 61 20 ”kro-

173 1387 141 26 nobetjente”,
337 1387 37 19 har
397 1387 107 20 Utskottet
526 1387 30 19 till
579 1389 96 18 närmare
701 1387 218 21 öfverensstämmelse

172 1421 86 20 härmed
282 1421 74 19 ändrat
379 1421 40 19 den
435 1421 7 18 i
458 1421 157 26 propositionen
638 1421 121 26 föreslagna
780 1421 97 26 lydelsen
900 1421 23 20 af

172 1455 50 19 sista
245 1456 115 18 momentet
374 1455 7 18 i
397 1455 12 19 2
426 1456 9 22 $
453 1455 24 19 15
494 1454 48 26 kap.
558 1454 23 19 R.
602 1455 30 25 B.,
655 1455 55 19 helst
732 1455 60 25 eljest
815 1455 36 20 det
873 1455 47 20 med

172 1488 40 20 den
228 1488 83 26 Nädiga
326 1488 158 26 propositionen
501 1488 95 26 åsyftade
615 1488 98 20 ändamål
731 1488 47 20 icke
797 1494 50 14 vore
869 1495 51 13 vun-
