<?xml version="1.0" encoding="UTF-8"?>
<alto xmlns="http://www.loc.gov/standards/alto/ns-v3#" xmlns:xlink="http://www.w3.org/1999/xlink" xmlns:xsi="http://www.w3.org/2001/XMLSchema-instance" xsi:schemaLocation="http://www.loc.gov/standards/alto/ns-v3# http://www.loc.gov/alto/v3/alto-3-0.xsd">
	<Description>
		<MeasurementUnit>pixel</MeasurementUnit>
		<sourceImageInformation>
			<fileName>/tmp/tess_x1siw6vl_input.PNG</fileName>
		</sourceImageInformation>
		<OCRProcessing ID="OCR_0">
			<ocrProcessingStep>
				<processingSoftware>
					<softwareName>tesseract 5.3.4</softwareName>
				</processingSoftware>
			</ocrProcessingStep>
		</OCRProcessing>
	</Description>
	<Layout>
		<Page WIDTH="1142" HEIGHT="1786" PHYSICAL_IMG_NR="0" ID="page_0">
			<PrintSpace HPOS="0" VPOS="0" WIDTH="1142" HEIGHT="1786">
				<GraphicalElement ID="cblock_0" HPOS="30" VPOS="38" WIDTH="4" HEIGHT="325"></GraphicalElement >
				<ComposedBlock ID="cblock_1" HPOS="871" VPOS="167" WIDTH="32" HEIGHT="18">
					<TextBlock ID="block_0" HPOS="871" VPOS="167" WIDTH="32" HEIGHT="18">
						<TextLine ID="line_0" HPOS="871" VPOS="167" WIDTH="32" HEIGHT="18">
							<String ID="string_0" HPOS="871" VPOS="167" WIDTH="32" HEIGHT="18" WC="0.96" CONTENT="367"/>
						</TextLine>
					</TextBlock>
				</ComposedBlock>
				<ComposedBlock ID="cblock_2" HPOS="274" VPOS="229" WIDTH="654" HEIGHT="157">
					<TextBlock ID="block_1" HPOS="274" VPOS="229" WIDTH="654" HEIGHT="157">
						<TextLine ID="line_1" HPOS="280" VPOS="229" WIDTH="648" HEIGHT="28">
							<String ID="string_1" HPOS="280" VPOS="230" WIDTH="130" HEIGHT="27" WC="0.96" CONTENT="behandling"/><SP WIDTH="16" VPOS="230" HPOS="410"/>
							<String ID="string_2" HPOS="426" VPOS="230" WIDTH="30" HEIGHT="27" WC="0.93" CONTENT="af"/><SP WIDTH="10" VPOS="230" HPOS="456"/>
							<String ID="string_3" HPOS="466" VPOS="229" WIDTH="142" HEIGHT="25" WC="0.90" CONTENT="Häradsrätt,"/><SP WIDTH="17" VPOS="229" HPOS="608"/>
							<String ID="string_4" HPOS="625" VPOS="229" WIDTH="84" HEIGHT="21" WC="0.93" CONTENT="hvarest"/><SP WIDTH="16" VPOS="229" HPOS="709"/>
							<String ID="string_5" HPOS="725" VPOS="229" WIDTH="85" HEIGHT="26" WC="0.91" CONTENT="enhvar,"/><SP WIDTH="19" VPOS="229" HPOS="810"/>
							<String ID="string_6" HPOS="829" VPOS="237" WIDTH="44" HEIGHT="13" WC="0.92" CONTENT="som"/><SP WIDTH="19" VPOS="237" HPOS="873"/>
							<String ID="string_7" HPOS="892" VPOS="237" WIDTH="36" HEIGHT="13" WC="0.89" CONTENT="sa-"/>
						</TextLine>
						<TextLine ID="line_2" HPOS="280" VPOS="263" WIDTH="648" HEIGHT="28">
							<String ID="string_8" HPOS="280" VPOS="263" WIDTH="40" HEIGHT="22" WC="0.96" CONTENT="ken"/><SP WIDTH="15" VPOS="263" HPOS="320"/>
							<String ID="string_9" HPOS="335" VPOS="264" WIDTH="43" HEIGHT="21" WC="0.93" CONTENT="kan"/><SP WIDTH="16" VPOS="264" HPOS="378"/>
							<String ID="string_10" HPOS="394" VPOS="265" WIDTH="64" HEIGHT="26" WC="0.92" CONTENT="angå,"/><SP WIDTH="16" VPOS="265" HPOS="458"/>
							<String ID="string_11" HPOS="474" VPOS="264" WIDTH="55" HEIGHT="27" WC="0.93" CONTENT="efter"/><SP WIDTH="19" VPOS="264" HPOS="529"/>
							<String ID="string_12" HPOS="548" VPOS="264" WIDTH="99" HEIGHT="27" WC="0.91" CONTENT="ågången"/><SP WIDTH="20" VPOS="264" HPOS="647"/>
							<String ID="string_13" HPOS="667" VPOS="263" WIDTH="88" HEIGHT="21" WC="0.93" CONTENT="kallelse"/><SP WIDTH="22" VPOS="263" HPOS="755"/>
							<String ID="string_14" HPOS="777" VPOS="264" WIDTH="82" HEIGHT="21" WC="0.91" CONTENT="lemnas"/><SP WIDTH="23" VPOS="264" HPOS="859"/>
							<String ID="string_15" HPOS="882" VPOS="264" WIDTH="46" HEIGHT="21" WC="0.92" CONTENT="till-"/>
						</TextLine>
						<TextLine ID="line_3" HPOS="274" VPOS="297" WIDTH="653" HEIGHT="28">
							<String ID="string_16" HPOS="274" VPOS="298" WIDTH="58" HEIGHT="26" WC="0.82" CONTENT="fälle"/><SP WIDTH="19" VPOS="298" HPOS="332"/>
							<String ID="string_17" HPOS="351" VPOS="300" WIDTH="32" HEIGHT="18" WC="0.93" CONTENT="att"/><SP WIDTH="23" VPOS="300" HPOS="383"/>
							<String ID="string_18" HPOS="406" VPOS="299" WIDTH="46" HEIGHT="19" WC="0.93" CONTENT="deri"/><SP WIDTH="22" VPOS="299" HPOS="452"/>
							<String ID="string_19" HPOS="474" VPOS="299" WIDTH="33" HEIGHT="26" WC="0.96" CONTENT="sig"/><SP WIDTH="21" VPOS="299" HPOS="507"/>
							<String ID="string_20" HPOS="528" VPOS="300" WIDTH="72" HEIGHT="23" WC="0.93" CONTENT="yttra;"/><SP WIDTH="22" VPOS="300" HPOS="600"/>
							<String ID="string_21" HPOS="622" VPOS="297" WIDTH="103" HEIGHT="21" WC="0.92" CONTENT="skolande"/><SP WIDTH="28" VPOS="297" HPOS="725"/>
							<String ID="string_22" HPOS="753" VPOS="297" WIDTH="174" HEIGHT="21" WC="0.91" CONTENT="Häradsrättens"/>
						</TextLine>
						<TextLine ID="line_4" HPOS="276" VPOS="331" WIDTH="651" HEIGHT="28">
							<String ID="string_23" HPOS="276" VPOS="332" WIDTH="110" HEIGHT="27" WC="0.95" CONTENT="protokoll"/><SP WIDTH="23" VPOS="332" HPOS="386"/>
							<String ID="string_24" HPOS="409" VPOS="331" WIDTH="37" HEIGHT="21" WC="0.95" CONTENT="och"/><SP WIDTH="23" VPOS="331" HPOS="446"/>
							<String ID="string_25" HPOS="469" VPOS="331" WIDTH="133" HEIGHT="21" WC="0.95" CONTENT="betänkande"/><SP WIDTH="15" VPOS="331" HPOS="602"/>
							<String ID="string_26" HPOS="617" VPOS="332" WIDTH="8" HEIGHT="20" WC="0.96" CONTENT="i"/><SP WIDTH="15" VPOS="332" HPOS="625"/>
							<String ID="string_27" HPOS="640" VPOS="332" WIDTH="65" HEIGHT="20" WC="0.96" CONTENT="målet"/><SP WIDTH="24" VPOS="332" HPOS="705"/>
							<String ID="string_28" HPOS="729" VPOS="332" WIDTH="34" HEIGHT="20" WC="0.95" CONTENT="till"/><SP WIDTH="24" VPOS="332" HPOS="763"/>
							<String ID="string_29" HPOS="787" VPOS="332" WIDTH="140" HEIGHT="21" WC="0.95" CONTENT="Guvernören"/>
						</TextLine>
						<TextLine ID="line_5" HPOS="280" VPOS="366" WIDTH="112" HEIGHT="20">
							<String ID="string_30" HPOS="280" VPOS="366" WIDTH="112" HEIGHT="20" WC="0.96" CONTENT="insändas."/>
						</TextLine>
					</TextBlock>
				</ComposedBlock>
				<ComposedBlock ID="cblock_3" HPOS="276" VPOS="412" WIDTH="651" HEIGHT="243">
					<TextBlock ID="block_2" HPOS="525" VPOS="412" WIDTH="49" HEIGHT="26">
						<TextLine ID="line_6" HPOS="525" VPOS="412" WIDTH="49" HEIGHT="26">
							<String ID="string_31" HPOS="525" VPOS="412" WIDTH="15" HEIGHT="26" WC="0.90" CONTENT="$"/><SP WIDTH="15" VPOS="412" HPOS="540"/>
							<String ID="string_32" HPOS="555" VPOS="413" WIDTH="19" HEIGHT="19" WC="0.96" CONTENT="4."/>
						</TextLine>
					</TextBlock>
					<TextBlock ID="block_3" HPOS="276" VPOS="452" WIDTH="651" HEIGHT="203">
						<TextLine ID="line_7" HPOS="347" VPOS="452" WIDTH="580" HEIGHT="32">
							<String ID="string_33" HPOS="347" VPOS="452" WIDTH="33" HEIGHT="25" WC="0.96" CONTENT="Är"/><SP WIDTH="22" VPOS="452" HPOS="380"/>
							<String ID="string_34" HPOS="402" VPOS="457" WIDTH="102" HEIGHT="27" WC="0.95" CONTENT="missnöje"/><SP WIDTH="21" VPOS="457" HPOS="504"/>
							<String ID="string_35" HPOS="525" VPOS="459" WIDTH="43" HEIGHT="18" WC="0.96" CONTENT="mot"/><SP WIDTH="25" VPOS="459" HPOS="568"/>
							<String ID="string_36" HPOS="593" VPOS="457" WIDTH="144" HEIGHT="27" WC="0.92" CONTENT="värderingen"/><SP WIDTH="15" VPOS="457" HPOS="737"/>
							<String ID="string_37" HPOS="752" VPOS="458" WIDTH="104" HEIGHT="24" WC="0.92" CONTENT="anmäldt,"/><SP WIDTH="19" VPOS="458" HPOS="856"/>
							<String ID="string_38" HPOS="875" VPOS="457" WIDTH="52" HEIGHT="27" WC="0.91" CONTENT="för-"/>
						</TextLine>
						<TextLine ID="line_8" HPOS="280" VPOS="490" WIDTH="647" HEIGHT="28">
							<String ID="string_39" HPOS="280" VPOS="491" WIDTH="66" HEIGHT="20" WC="0.92" CONTENT="ordne"/><SP WIDTH="18" VPOS="491" HPOS="346"/>
							<String ID="string_40" HPOS="364" VPOS="490" WIDTH="139" HEIGHT="22" WC="0.96" CONTENT="Guvernören"/><SP WIDTH="16" VPOS="490" HPOS="503"/>
							<String ID="string_41" HPOS="519" VPOS="491" WIDTH="35" HEIGHT="20" WC="0.93" CONTENT="till"/><SP WIDTH="15" VPOS="491" HPOS="554"/>
							<String ID="string_42" HPOS="569" VPOS="491" WIDTH="140" HEIGHT="20" WC="0.92" CONTENT="anställande"/><SP WIDTH="18" VPOS="491" HPOS="709"/>
							<String ID="string_43" HPOS="727" VPOS="491" WIDTH="30" HEIGHT="27" WC="0.96" CONTENT="af"/><SP WIDTH="16" VPOS="491" HPOS="757"/>
							<String ID="string_44" HPOS="773" VPOS="491" WIDTH="96" HEIGHT="21" WC="0.91" CONTENT="särskild"/><SP WIDTH="22" VPOS="491" HPOS="869"/>
							<String ID="string_45" HPOS="891" VPOS="498" WIDTH="36" HEIGHT="14" WC="0.89" CONTENT="ex-"/>
						</TextLine>
						<TextLine ID="line_9" HPOS="276" VPOS="524" WIDTH="651" HEIGHT="28">
							<String ID="string_46" HPOS="276" VPOS="526" WIDTH="199" HEIGHT="26" WC="0.86" CONTENT="propriationssyn,"/><SP WIDTH="17" VPOS="526" HPOS="475"/>
							<String ID="string_47" HPOS="492" VPOS="528" WIDTH="32" HEIGHT="18" WC="0.93" CONTENT="att"/><SP WIDTH="10" VPOS="528" HPOS="524"/>
							<String ID="string_48" HPOS="534" VPOS="527" WIDTH="113" HEIGHT="25" WC="0.87" CONTENT="förrättas"/><SP WIDTH="16" VPOS="527" HPOS="647"/>
							<String ID="string_49" HPOS="663" VPOS="525" WIDTH="8" HEIGHT="20" WC="0.96" CONTENT="i"/><SP WIDTH="14" VPOS="525" HPOS="671"/>
							<String ID="string_50" HPOS="685" VPOS="525" WIDTH="40" HEIGHT="20" WC="0.96" CONTENT="den"/><SP WIDTH="16" VPOS="525" HPOS="725"/>
							<String ID="string_51" HPOS="741" VPOS="525" WIDTH="94" HEIGHT="27" WC="0.96" CONTENT="ordning"/><SP WIDTH="18" VPOS="525" HPOS="835"/>
							<String ID="string_52" HPOS="853" VPOS="526" WIDTH="14" HEIGHT="20" WC="0.93" CONTENT="8"/><SP WIDTH="23" VPOS="526" HPOS="867"/>
							<String ID="string_53" HPOS="890" VPOS="524" WIDTH="37" HEIGHT="21" WC="0.95" CONTENT="och"/>
						</TextLine>
						<TextLine ID="line_10" HPOS="279" VPOS="559" WIDTH="648" HEIGHT="28">
							<String ID="string_54" HPOS="279" VPOS="560" WIDTH="13" HEIGHT="20" WC="0.88" CONTENT="9"/><SP WIDTH="14" VPOS="560" HPOS="292"/>
							<String ID="string_55" HPOS="306" VPOS="559" WIDTH="30" HEIGHT="28" WC="0.88" CONTENT="$$"/><SP WIDTH="16" VPOS="559" HPOS="336"/>
							<String ID="string_56" HPOS="352" VPOS="560" WIDTH="32" HEIGHT="20" WC="0.90" CONTENT="uti"/><SP WIDTH="16" VPOS="560" HPOS="384"/>
							<String ID="string_57" HPOS="400" VPOS="559" WIDTH="166" HEIGHT="28" WC="0.90" CONTENT="Förordningen"/><SP WIDTH="15" VPOS="559" HPOS="566"/>
							<String ID="string_58" HPOS="581" VPOS="559" WIDTH="41" HEIGHT="21" WC="0.96" CONTENT="den"/><SP WIDTH="15" VPOS="559" HPOS="622"/>
							<String ID="string_59" HPOS="637" VPOS="561" WIDTH="30" HEIGHT="20" WC="0.96" CONTENT="12"/><SP WIDTH="11" VPOS="561" HPOS="667"/>
							<String ID="string_60" HPOS="678" VPOS="559" WIDTH="113" HEIGHT="21" WC="0.96" CONTENT="December"/><SP WIDTH="10" VPOS="559" HPOS="791"/>
							<String ID="string_61" HPOS="801" VPOS="561" WIDTH="58" HEIGHT="20" WC="0.93" CONTENT="1864"/><SP WIDTH="5" VPOS="561" HPOS="859"/>
							<String ID="string_62" HPOS="864" VPOS="559" WIDTH="63" HEIGHT="28" WC="0.93" CONTENT="före-"/>
						</TextLine>
						<TextLine ID="line_11" HPOS="278" VPOS="593" WIDTH="649" HEIGHT="27">
							<String ID="string_63" HPOS="278" VPOS="593" WIDTH="90" HEIGHT="27" WC="0.91" CONTENT="skrifva,"/><SP WIDTH="16" VPOS="593" HPOS="368"/>
							<String ID="string_64" HPOS="384" VPOS="593" WIDTH="90" HEIGHT="21" WC="0.96" CONTENT="hvarvid"/><SP WIDTH="16" VPOS="593" HPOS="474"/>
							<String ID="string_65" HPOS="490" VPOS="593" WIDTH="65" HEIGHT="21" WC="0.96" CONTENT="likväl"/><SP WIDTH="16" VPOS="593" HPOS="555"/>
							<String ID="string_66" HPOS="571" VPOS="594" WIDTH="75" HEIGHT="20" WC="0.93" CONTENT="endast"/><SP WIDTH="17" VPOS="594" HPOS="646"/>
							<String ID="string_67" HPOS="663" VPOS="593" WIDTH="165" HEIGHT="21" WC="0.95" CONTENT="bestämmandet"/><SP WIDTH="11" VPOS="593" HPOS="828"/>
							<String ID="string_68" HPOS="839" VPOS="593" WIDTH="29" HEIGHT="27" WC="0.93" CONTENT="af"/><SP WIDTH="10" VPOS="593" HPOS="868"/>
							<String ID="string_69" HPOS="878" VPOS="598" WIDTH="49" HEIGHT="16" WC="0.87" CONTENT="vär-"/>
						</TextLine>
						<TextLine ID="line_12" HPOS="280" VPOS="627" WIDTH="293" HEIGHT="28">
							<String ID="string_70" HPOS="280" VPOS="627" WIDTH="34" HEIGHT="21" WC="0.95" CONTENT="det"/><SP WIDTH="15" VPOS="627" HPOS="314"/>
							<String ID="string_71" HPOS="329" VPOS="628" WIDTH="35" HEIGHT="20" WC="0.96" CONTENT="mä"/><SP WIDTH="15" VPOS="628" HPOS="364"/>
							<String ID="string_72" HPOS="379" VPOS="627" WIDTH="83" HEIGHT="21" WC="0.96" CONTENT="komma"/><SP WIDTH="16" VPOS="627" HPOS="462"/>
							<String ID="string_73" HPOS="478" VPOS="628" WIDTH="8" HEIGHT="19" WC="0.93" CONTENT="i"/><SP WIDTH="10" VPOS="628" HPOS="486"/>
							<String ID="string_74" HPOS="496" VPOS="627" WIDTH="77" HEIGHT="28" WC="0.95" CONTENT="fråga."/>
						</TextLine>
					</TextBlock>
				</ComposedBlock>
				<ComposedBlock ID="cblock_4" HPOS="272" VPOS="679" WIDTH="659" HEIGHT="414">
					<TextBlock ID="block_4" HPOS="524" VPOS="679" WIDTH="51" HEIGHT="26">
						<TextLine ID="line_13" HPOS="524" VPOS="679" WIDTH="51" HEIGHT="26">
							<String ID="string_75" HPOS="524" VPOS="679" WIDTH="16" HEIGHT="26" WC="0.83" CONTENT="$"/><SP WIDTH="14" VPOS="679" HPOS="540"/>
							<String ID="string_76" HPOS="554" VPOS="679" WIDTH="21" HEIGHT="20" WC="0.90" CONTENT="5."/>
						</TextLine>
					</TextBlock>
					<TextBlock ID="block_5" HPOS="272" VPOS="724" WIDTH="659" HEIGHT="369">
						<TextLine ID="line_14" HPOS="349" VPOS="724" WIDTH="578" HEIGHT="28">
							<String ID="string_77" HPOS="349" VPOS="724" WIDTH="71" HEIGHT="20" WC="0.93" CONTENT="Sedan"/><SP WIDTH="15" VPOS="724" HPOS="420"/>
							<String ID="string_78" HPOS="435" VPOS="724" WIDTH="135" HEIGHT="27" WC="0.91" CONTENT="sakegarene,"/><SP WIDTH="17" VPOS="724" HPOS="570"/>
							<String ID="string_79" HPOS="587" VPOS="730" WIDTH="32" HEIGHT="14" WC="0.96" CONTENT="om"/><SP WIDTH="16" VPOS="730" HPOS="619"/>
							<String ID="string_80" HPOS="635" VPOS="724" WIDTH="25" HEIGHT="20" WC="0.93" CONTENT="sä"/><SP WIDTH="16" VPOS="724" HPOS="660"/>
							<String ID="string_81" HPOS="676" VPOS="724" WIDTH="74" HEIGHT="28" WC="0.91" CONTENT="nödigt"/><SP WIDTH="12" VPOS="724" HPOS="750"/>
							<String ID="string_82" HPOS="762" VPOS="724" WIDTH="97" HEIGHT="27" WC="0.92" CONTENT="pröfvas,"/><SP WIDTH="16" VPOS="724" HPOS="859"/>
							<String ID="string_83" HPOS="875" VPOS="724" WIDTH="52" HEIGHT="27" WC="0.77" CONTENT="blif-"/>
						</TextLine>
						<TextLine ID="line_15" HPOS="278" VPOS="758" WIDTH="648" HEIGHT="28">
							<String ID="string_84" HPOS="278" VPOS="759" WIDTH="30" HEIGHT="20" WC="0.96" CONTENT="vit"/><SP WIDTH="15" VPOS="759" HPOS="308"/>
							<String ID="string_85" HPOS="323" VPOS="759" WIDTH="127" HEIGHT="27" WC="0.96" CONTENT="ytterligare"/><SP WIDTH="15" VPOS="759" HPOS="450"/>
							<String ID="string_86" HPOS="465" VPOS="758" WIDTH="71" HEIGHT="26" WC="0.93" CONTENT="hörde,"/><SP WIDTH="16" VPOS="758" HPOS="536"/>
							<String ID="string_87" HPOS="552" VPOS="758" WIDTH="57" HEIGHT="27" WC="0.91" CONTENT="gijve"/><SP WIDTH="18" VPOS="758" HPOS="609"/>
							<String ID="string_88" HPOS="627" VPOS="758" WIDTH="138" HEIGHT="21" WC="0.91" CONTENT="Guvernören"/><SP WIDTH="19" VPOS="758" HPOS="765"/>
							<String ID="string_89" HPOS="784" VPOS="759" WIDTH="8" HEIGHT="20" WC="0.92" CONTENT="i"/><SP WIDTH="19" VPOS="759" HPOS="792"/>
							<String ID="string_90" HPOS="811" VPOS="759" WIDTH="66" HEIGHT="21" WC="0.92" CONTENT="mälet"/><SP WIDTH="14" VPOS="759" HPOS="877"/>
							<String ID="string_91" HPOS="891" VPOS="762" WIDTH="35" HEIGHT="18" WC="0.92" CONTENT="ut-"/>
						</TextLine>
						<TextLine ID="line_16" HPOS="278" VPOS="792" WIDTH="653" HEIGHT="28">
							<String ID="string_92" HPOS="278" VPOS="793" WIDTH="54" HEIGHT="27" WC="0.93" CONTENT="slag,"/><SP WIDTH="24" VPOS="793" HPOS="332"/>
							<String ID="string_93" HPOS="356" VPOS="792" WIDTH="84" HEIGHT="26" WC="0.92" CONTENT="hvilket,"/><SP WIDTH="24" VPOS="792" HPOS="440"/>
							<String ID="string_94" HPOS="464" VPOS="793" WIDTH="8" HEIGHT="20" WC="0.93" CONTENT="i"/><SP WIDTH="22" VPOS="793" HPOS="472"/>
							<String ID="string_95" HPOS="494" VPOS="792" WIDTH="101" HEIGHT="21" WC="0.92" CONTENT="händelse"/><SP WIDTH="22" VPOS="792" HPOS="595"/>
							<String ID="string_96" HPOS="617" VPOS="793" WIDTH="41" HEIGHT="20" WC="0.96" CONTENT="den"/><SP WIDTH="15" VPOS="793" HPOS="658"/>
							<String ID="string_97" HPOS="673" VPOS="792" WIDTH="131" HEIGHT="28" WC="0.96" CONTENT="föreslagna"/><SP WIDTH="15" VPOS="792" HPOS="804"/>
							<String ID="string_98" HPOS="819" VPOS="797" WIDTH="67" HEIGHT="23" WC="0.96" CONTENT="vägen"/><SP WIDTH="15" VPOS="797" HPOS="886"/>
							<String ID="string_99" HPOS="901" VPOS="793" WIDTH="30" HEIGHT="27" WC="0.96" CONTENT="af"/>
						</TextLine>
						<TextLine ID="line_17" HPOS="278" VPOS="826" WIDTH="647" HEIGHT="28">
							<String ID="string_100" HPOS="278" VPOS="826" WIDTH="77" HEIGHT="21" WC="0.92" CONTENT="honom"/><SP WIDTH="18" VPOS="826" HPOS="355"/>
							<String ID="string_101" HPOS="373" VPOS="827" WIDTH="125" HEIGHT="27" WC="0.94" CONTENT="fastställes"/><SP WIDTH="16" VPOS="827" HPOS="498"/>
							<String ID="string_102" HPOS="514" VPOS="827" WIDTH="34" HEIGHT="21" WC="0.93" CONTENT="till"/><SP WIDTH="15" VPOS="827" HPOS="548"/>
							<String ID="string_103" HPOS="563" VPOS="827" WIDTH="142" HEIGHT="27" WC="0.93" CONTENT="anläggning,"/><SP WIDTH="10" VPOS="827" HPOS="705"/>
							<String ID="string_104" HPOS="715" VPOS="828" WIDTH="81" HEIGHT="26" WC="0.92" CONTENT="jemväl"/><SP WIDTH="16" VPOS="828" HPOS="796"/>
							<String ID="string_105" HPOS="812" VPOS="827" WIDTH="37" HEIGHT="21" WC="0.93" CONTENT="bör"/><SP WIDTH="15" VPOS="827" HPOS="849"/>
							<String ID="string_106" HPOS="864" VPOS="828" WIDTH="61" HEIGHT="20" WC="0.92" CONTENT="inne-"/>
						</TextLine>
						<TextLine ID="line_18" HPOS="273" VPOS="860" WIDTH="651" HEIGHT="28">
							<String ID="string_107" HPOS="273" VPOS="860" WIDTH="63" HEIGHT="28" WC="0.89" CONTENT="fatta"/><SP WIDTH="11" VPOS="860" HPOS="336"/>
							<String ID="string_108" HPOS="347" VPOS="860" WIDTH="119" HEIGHT="28" WC="0.95" CONTENT="föreskrift"/><SP WIDTH="16" VPOS="860" HPOS="466"/>
							<String ID="string_109" HPOS="482" VPOS="868" WIDTH="32" HEIGHT="14" WC="0.93" CONTENT="om"/><SP WIDTH="16" VPOS="868" HPOS="514"/>
							<String ID="string_110" HPOS="530" VPOS="863" WIDTH="78" HEIGHT="25" WC="0.96" CONTENT="vägens"/><SP WIDTH="15" VPOS="863" HPOS="608"/>
							<String ID="string_111" HPOS="623" VPOS="861" WIDTH="127" HEIGHT="27" WC="0.96" CONTENT="sträckning"/><SP WIDTH="15" VPOS="861" HPOS="750"/>
							<String ID="string_112" HPOS="765" VPOS="861" WIDTH="37" HEIGHT="21" WC="0.93" CONTENT="och"/><SP WIDTH="15" VPOS="861" HPOS="802"/>
							<String ID="string_113" HPOS="817" VPOS="862" WIDTH="67" HEIGHT="20" WC="0.93" CONTENT="bredd"/><SP WIDTH="14" VPOS="862" HPOS="884"/>
							<String ID="string_114" HPOS="898" VPOS="868" WIDTH="26" HEIGHT="14" WC="0.96" CONTENT="m."/>
						</TextLine>
						<TextLine ID="line_19" HPOS="278" VPOS="895" WIDTH="647" HEIGHT="27">
							<String ID="string_115" HPOS="278" VPOS="902" WIDTH="34" HEIGHT="18" WC="0.90" CONTENT="m.,"/><SP WIDTH="17" VPOS="902" HPOS="312"/>
							<String ID="string_116" HPOS="329" VPOS="895" WIDTH="108" HEIGHT="26" WC="0.93" CONTENT="äfvensom"/><SP WIDTH="16" VPOS="895" HPOS="437"/>
							<String ID="string_117" HPOS="453" VPOS="896" WIDTH="13" HEIGHT="19" WC="0.86" CONTENT="ä"/><SP WIDTH="16" VPOS="896" HPOS="466"/>
							<String ID="string_118" HPOS="482" VPOS="895" WIDTH="72" HEIGHT="21" WC="0.96" CONTENT="hvilka"/><SP WIDTH="14" VPOS="895" HPOS="554"/>
							<String ID="string_119" HPOS="568" VPOS="897" WIDTH="78" HEIGHT="25" WC="0.96" CONTENT="vägens"/><SP WIDTH="16" VPOS="897" HPOS="646"/>
							<String ID="string_120" HPOS="662" VPOS="895" WIDTH="110" HEIGHT="27" WC="0.96" CONTENT="byggande"/><SP WIDTH="18" VPOS="895" HPOS="772"/>
							<String ID="string_121" HPOS="790" VPOS="895" WIDTH="37" HEIGHT="20" WC="0.93" CONTENT="och"/><SP WIDTH="19" VPOS="895" HPOS="827"/>
							<String ID="string_122" HPOS="846" VPOS="895" WIDTH="79" HEIGHT="21" WC="0.90" CONTENT="under-"/>
						</TextLine>
						<TextLine ID="line_20" HPOS="278" VPOS="929" WIDTH="647" HEIGHT="26">
							<String ID="string_123" HPOS="278" VPOS="929" WIDTH="47" HEIGHT="21" WC="0.96" CONTENT="håll"/><SP WIDTH="15" VPOS="929" HPOS="325"/>
							<String ID="string_124" HPOS="340" VPOS="929" WIDTH="56" HEIGHT="20" WC="0.93" CONTENT="skall"/><SP WIDTH="16" VPOS="929" HPOS="396"/>
							<String ID="string_125" HPOS="412" VPOS="929" WIDTH="119" HEIGHT="26" WC="0.89" CONTENT="ankomma,"/><SP WIDTH="17" VPOS="929" HPOS="531"/>
							<String ID="string_126" HPOS="548" VPOS="930" WIDTH="70" HEIGHT="20" WC="0.96" CONTENT="såsom"/><SP WIDTH="16" VPOS="930" HPOS="618"/>
							<String ID="string_127" HPOS="634" VPOS="929" WIDTH="37" HEIGHT="20" WC="0.96" CONTENT="ock"/><SP WIDTH="15" VPOS="929" HPOS="671"/>
							<String ID="string_128" HPOS="686" VPOS="930" WIDTH="57" HEIGHT="20" WC="0.93" CONTENT="inom"/><SP WIDTH="16" VPOS="930" HPOS="743"/>
							<String ID="string_129" HPOS="759" VPOS="929" WIDTH="54" HEIGHT="21" WC="0.95" CONTENT="hvad"/><SP WIDTH="21" VPOS="929" HPOS="813"/>
							<String ID="string_130" HPOS="834" VPOS="930" WIDTH="32" HEIGHT="20" WC="0.93" CONTENT="tid"/><SP WIDTH="19" VPOS="930" HPOS="866"/>
							<String ID="string_131" HPOS="885" VPOS="937" WIDTH="40" HEIGHT="13" WC="0.91" CONTENT="an-"/>
						</TextLine>
						<TextLine ID="line_21" HPOS="279" VPOS="963" WIDTH="646" HEIGHT="28">
							<String ID="string_132" HPOS="279" VPOS="963" WIDTH="131" HEIGHT="28" WC="0.90" CONTENT="läggningen"/><SP WIDTH="23" VPOS="963" HPOS="410"/>
							<String ID="string_133" HPOS="433" VPOS="963" WIDTH="69" HEIGHT="28" WC="0.90" CONTENT="deraf"/><SP WIDTH="18" VPOS="963" HPOS="502"/>
							<String ID="string_134" HPOS="520" VPOS="963" WIDTH="37" HEIGHT="21" WC="0.94" CONTENT="bör"/><SP WIDTH="22" VPOS="963" HPOS="557"/>
							<String ID="string_135" HPOS="579" VPOS="970" WIDTH="54" HEIGHT="14" WC="0.93" CONTENT="vara"/><SP WIDTH="17" VPOS="970" HPOS="633"/>
							<String ID="string_136" HPOS="650" VPOS="963" WIDTH="81" HEIGHT="27" WC="0.91" CONTENT="utförd,"/><SP WIDTH="17" VPOS="963" HPOS="731"/>
							<String ID="string_137" HPOS="748" VPOS="966" WIDTH="55" HEIGHT="18" WC="0.96" CONTENT="samt"/><SP WIDTH="15" VPOS="966" HPOS="803"/>
							<String ID="string_138" HPOS="818" VPOS="964" WIDTH="9" HEIGHT="20" WC="0.93" CONTENT="i"/><SP WIDTH="14" VPOS="964" HPOS="827"/>
							<String ID="string_139" HPOS="841" VPOS="963" WIDTH="84" HEIGHT="22" WC="0.91" CONTENT="hvilken"/>
						</TextLine>
						<TextLine ID="line_22" HPOS="278" VPOS="997" WIDTH="647" HEIGHT="28">
							<String ID="string_140" HPOS="278" VPOS="997" WIDTH="95" HEIGHT="27" WC="0.93" CONTENT="ordning"/><SP WIDTH="15" VPOS="997" HPOS="373"/>
							<String ID="string_141" HPOS="388" VPOS="997" WIDTH="148" HEIGHT="28" WC="0.92" CONTENT="ersättningen"/><SP WIDTH="10" VPOS="997" HPOS="536"/>
							<String ID="string_142" HPOS="546" VPOS="997" WIDTH="41" HEIGHT="27" WC="0.92" CONTENT="för"/><SP WIDTH="15" VPOS="997" HPOS="587"/>
							<String ID="string_143" HPOS="602" VPOS="997" WIDTH="74" HEIGHT="21" WC="0.91" CONTENT="dertill"/><SP WIDTH="15" VPOS="997" HPOS="676"/>
							<String ID="string_144" HPOS="691" VPOS="997" WIDTH="104" HEIGHT="27" WC="0.92" CONTENT="afträdda"/><SP WIDTH="14" VPOS="997" HPOS="795"/>
							<String ID="string_145" HPOS="809" VPOS="1005" WIDTH="50" HEIGHT="20" WC="0.92" CONTENT="egor"/><SP WIDTH="10" VPOS="1005" HPOS="859"/>
							<String ID="string_146" HPOS="869" VPOS="997" WIDTH="56" HEIGHT="22" WC="0.97" CONTENT="skall"/>
						</TextLine>
						<TextLine ID="line_23" HPOS="279" VPOS="1031" WIDTH="646" HEIGHT="28">
							<String ID="string_147" HPOS="279" VPOS="1031" WIDTH="111" HEIGHT="28" WC="0.91" CONTENT="erläggas;"/><SP WIDTH="15" VPOS="1031" HPOS="390"/>
							<String ID="string_148" HPOS="405" VPOS="1031" WIDTH="113" HEIGHT="21" WC="0.91" CONTENT="hvarutom"/><SP WIDTH="10" VPOS="1031" HPOS="518"/>
							<String ID="string_149" HPOS="528" VPOS="1031" WIDTH="138" HEIGHT="28" WC="0.96" CONTENT="fullständig"/><SP WIDTH="15" VPOS="1031" HPOS="666"/>
							<String ID="string_150" HPOS="681" VPOS="1032" WIDTH="115" HEIGHT="27" WC="0.96" CONTENT="anvisning"/><SP WIDTH="15" VPOS="1032" HPOS="796"/>
							<String ID="string_151" HPOS="811" VPOS="1039" WIDTH="33" HEIGHT="14" WC="0.96" CONTENT="om"/><SP WIDTH="17" VPOS="1039" HPOS="844"/>
							<String ID="string_152" HPOS="861" VPOS="1034" WIDTH="64" HEIGHT="19" WC="0.95" CONTENT="sättet"/>
						</TextLine>
						<TextLine ID="line_24" HPOS="272" VPOS="1065" WIDTH="387" HEIGHT="28">
							<String ID="string_153" HPOS="272" VPOS="1065" WIDTH="42" HEIGHT="27" WC="0.90" CONTENT="för"/><SP WIDTH="16" VPOS="1065" HPOS="314"/>
							<String ID="string_154" HPOS="330" VPOS="1065" WIDTH="202" HEIGHT="28" WC="0.92" CONTENT="ändringssökande"/><SP WIDTH="14" VPOS="1065" HPOS="532"/>
							<String ID="string_155" HPOS="546" VPOS="1066" WIDTH="113" HEIGHT="21" WC="0.96" CONTENT="meddelas."/>
						</TextLine>
					</TextBlock>
				</ComposedBlock>
				<ComposedBlock ID="cblock_5" HPOS="272" VPOS="1117" WIDTH="653" HEIGHT="174">
					<TextBlock ID="block_6" HPOS="523" VPOS="1117" WIDTH="50" HEIGHT="27">
						<TextLine ID="line_25" HPOS="523" VPOS="1117" WIDTH="50" HEIGHT="27">
							<String ID="string_156" HPOS="523" VPOS="1117" WIDTH="15" HEIGHT="27" WC="0.92" CONTENT="$"/><SP WIDTH="16" VPOS="1117" HPOS="538"/>
							<String ID="string_157" HPOS="554" VPOS="1119" WIDTH="19" HEIGHT="19" WC="0.96" CONTENT="6."/>
						</TextLine>
					</TextBlock>
					<TextBlock ID="block_7" HPOS="272" VPOS="1162" WIDTH="653" HEIGHT="129">
						<TextLine ID="line_26" HPOS="351" VPOS="1162" WIDTH="574" HEIGHT="29">
							<String ID="string_158" HPOS="351" VPOS="1162" WIDTH="83" HEIGHT="21" WC="0.91" CONTENT="Varder"/><SP WIDTH="15" VPOS="1162" HPOS="434"/>
							<String ID="string_159" HPOS="449" VPOS="1169" WIDTH="75" HEIGHT="20" WC="0.93" CONTENT="genom"/><SP WIDTH="18" VPOS="1169" HPOS="524"/>
							<String ID="string_160" HPOS="542" VPOS="1163" WIDTH="150" HEIGHT="20" WC="0.92" CONTENT="Guvernörens"/><SP WIDTH="18" VPOS="1163" HPOS="692"/>
							<String ID="string_161" HPOS="710" VPOS="1163" WIDTH="73" HEIGHT="27" WC="0.88" CONTENT="utslag"/><SP WIDTH="20" VPOS="1163" HPOS="783"/>
							<String ID="string_162" HPOS="803" VPOS="1163" WIDTH="122" HEIGHT="28" WC="0.94" CONTENT="ersättning"/>
						</TextLine>
						<TextLine ID="line_27" HPOS="272" VPOS="1196" WIDTH="653" HEIGHT="27">
							<String ID="string_163" HPOS="272" VPOS="1196" WIDTH="42" HEIGHT="27" WC="0.84" CONTENT="för"/><SP WIDTH="15" VPOS="1196" HPOS="314"/>
							<String ID="string_164" HPOS="329" VPOS="1196" WIDTH="157" HEIGHT="27" WC="0.28" CONTENT="exnproprierad"/><SP WIDTH="13" VPOS="1196" HPOS="486"/>
							<String ID="string_165" HPOS="499" VPOS="1196" WIDTH="63" HEIGHT="20" WC="0.96" CONTENT="mark"/><SP WIDTH="15" VPOS="1196" HPOS="562"/>
							<String ID="string_166" HPOS="577" VPOS="1196" WIDTH="52" HEIGHT="20" WC="0.92" CONTENT="eller"/><SP WIDTH="16" VPOS="1196" HPOS="629"/>
							<String ID="string_167" HPOS="645" VPOS="1196" WIDTH="36" HEIGHT="20" WC="0.96" CONTENT="ock"/><SP WIDTH="15" VPOS="1196" HPOS="681"/>
							<String ID="string_168" HPOS="696" VPOS="1203" WIDTH="75" HEIGHT="13" WC="0.93" CONTENT="annan"/><SP WIDTH="14" VPOS="1203" HPOS="771"/>
							<String ID="string_169" HPOS="785" VPOS="1196" WIDTH="93" HEIGHT="21" WC="0.96" CONTENT="kostnad"/><SP WIDTH="10" VPOS="1196" HPOS="878"/>
							<String ID="string_170" HPOS="888" VPOS="1196" WIDTH="37" HEIGHT="26" WC="0.96" CONTENT="för"/>
						</TextLine>
						<TextLine ID="line_28" HPOS="277" VPOS="1230" WIDTH="648" HEIGHT="28">
							<String ID="string_171" HPOS="277" VPOS="1234" WIDTH="77" HEIGHT="24" WC="0.92" CONTENT="vägens"/><SP WIDTH="16" VPOS="1234" HPOS="354"/>
							<String ID="string_172" HPOS="370" VPOS="1230" WIDTH="111" HEIGHT="28" WC="0.96" CONTENT="byggande"/><SP WIDTH="16" VPOS="1230" HPOS="481"/>
							<String ID="string_173" HPOS="497" VPOS="1230" WIDTH="37" HEIGHT="21" WC="0.93" CONTENT="och"/><SP WIDTH="15" VPOS="1230" HPOS="534"/>
							<String ID="string_174" HPOS="549" VPOS="1230" WIDTH="117" HEIGHT="21" WC="0.90" CONTENT="underhäll"/><SP WIDTH="18" VPOS="1230" HPOS="666"/>
							<String ID="string_175" HPOS="684" VPOS="1232" WIDTH="85" HEIGHT="19" WC="0.92" CONTENT="kronan"/><SP WIDTH="22" VPOS="1232" HPOS="769"/>
							<String ID="string_176" HPOS="791" VPOS="1230" WIDTH="72" HEIGHT="27" WC="0.90" CONTENT="älagd,"/><SP WIDTH="24" VPOS="1230" HPOS="863"/>
							<String ID="string_177" HPOS="887" VPOS="1230" WIDTH="38" HEIGHT="21" WC="0.96" CONTENT="bör"/>
						</TextLine>
						<TextLine ID="line_29" HPOS="277" VPOS="1264" WIDTH="647" HEIGHT="27">
							<String ID="string_178" HPOS="277" VPOS="1265" WIDTH="94" HEIGHT="26" WC="0.93" CONTENT="utslaget"/><SP WIDTH="10" VPOS="1265" HPOS="371"/>
							<String ID="string_179" HPOS="381" VPOS="1264" WIDTH="125" HEIGHT="21" WC="0.59" CONTENT="hemställas"/><SP WIDTH="13" VPOS="1264" HPOS="506"/>
							<String ID="string_180" HPOS="519" VPOS="1264" WIDTH="103" HEIGHT="21" WC="0.92" CONTENT="Senatens"/><SP WIDTH="10" VPOS="1264" HPOS="622"/>
							<String ID="string_181" HPOS="632" VPOS="1264" WIDTH="117" HEIGHT="21" WC="0.92" CONTENT="Ekonomie"/><SP WIDTH="10" VPOS="1264" HPOS="749"/>
							<String ID="string_182" HPOS="759" VPOS="1264" WIDTH="165" HEIGHT="27" WC="0.91" CONTENT="Departements"/>
						</TextLine>
					</TextBlock>
				</ComposedBlock>
				<ComposedBlock ID="cblock_6" HPOS="273" VPOS="1298" WIDTH="299" HEIGHT="79">
					<TextBlock ID="block_8" HPOS="273" VPOS="1298" WIDTH="299" HEIGHT="79">
						<TextLine ID="line_30" HPOS="273" VPOS="1298" WIDTH="115" HEIGHT="27">
							<String ID="string_183" HPOS="273" VPOS="1298" WIDTH="115" HEIGHT="27" WC="0.91" CONTENT="pröfning."/>
						</TextLine>
						<TextLine ID="line_31" HPOS="522" VPOS="1350" WIDTH="50" HEIGHT="27">
							<String ID="string_184" HPOS="522" VPOS="1350" WIDTH="16" HEIGHT="27" WC="0.81" CONTENT="8"/><SP WIDTH="14" VPOS="1350" HPOS="538"/>
							<String ID="string_185" HPOS="552" VPOS="1351" WIDTH="20" HEIGHT="20" WC="0.53" CONTENT="&gt;."/>
						</TextLine>
					</TextBlock>
				</ComposedBlock>
				<ComposedBlock ID="cblock_7" HPOS="275" VPOS="1390" WIDTH="650" HEIGHT="134">
					<TextBlock ID="block_9" HPOS="275" VPOS="1390" WIDTH="650" HEIGHT="134">
						<TextLine ID="line_32" HPOS="344" VPOS="1390" WIDTH="581" HEIGHT="33">
							<String ID="string_186" HPOS="344" VPOS="1390" WIDTH="34" HEIGHT="25" WC="0.93" CONTENT="Är"/><SP WIDTH="15" VPOS="1390" HPOS="378"/>
							<String ID="string_187" HPOS="393" VPOS="1395" WIDTH="99" HEIGHT="20" WC="0.93" CONTENT="markens"/><SP WIDTH="24" VPOS="1395" HPOS="492"/>
							<String ID="string_188" HPOS="516" VPOS="1395" WIDTH="115" HEIGHT="27" WC="0.90" CONTENT="afträdare"/><SP WIDTH="19" VPOS="1395" HPOS="631"/>
							<String ID="string_189" HPOS="650" VPOS="1395" WIDTH="105" HEIGHT="28" WC="0.96" CONTENT="missnöjd"/><SP WIDTH="14" VPOS="1395" HPOS="755"/>
							<String ID="string_190" HPOS="769" VPOS="1395" WIDTH="47" HEIGHT="21" WC="0.96" CONTENT="med"/><SP WIDTH="17" VPOS="1395" HPOS="816"/>
							<String ID="string_191" HPOS="833" VPOS="1396" WIDTH="42" HEIGHT="20" WC="0.96" CONTENT="den"/><SP WIDTH="14" VPOS="1396" HPOS="875"/>
							<String ID="string_192" HPOS="889" VPOS="1396" WIDTH="36" HEIGHT="20" WC="0.96" CONTENT="vid"/>
						</TextLine>
						<TextLine ID="line_33" HPOS="276" VPOS="1429" WIDTH="649" HEIGHT="28">
							<String ID="string_193" HPOS="276" VPOS="1429" WIDTH="216" HEIGHT="27" WC="0.59" CONTENT="expropriationssyn"/><SP WIDTH="15" VPOS="1429" HPOS="492"/>
							<String ID="string_194" HPOS="507" VPOS="1429" WIDTH="131" HEIGHT="20" WC="0.96" CONTENT="verkställda"/><SP WIDTH="16" VPOS="1429" HPOS="638"/>
							<String ID="string_195" HPOS="654" VPOS="1429" WIDTH="148" HEIGHT="27" WC="0.96" CONTENT="värderingen,"/><SP WIDTH="15" VPOS="1429" HPOS="802"/>
							<String ID="string_196" HPOS="817" VPOS="1430" WIDTH="52" HEIGHT="20" WC="0.93" CONTENT="eller"/><SP WIDTH="8" VPOS="1430" HPOS="869"/>
							<String ID="string_197" HPOS="877" VPOS="1430" WIDTH="48" HEIGHT="27" WC="0.92" CONTENT="fin-"/>
						</TextLine>
						<TextLine ID="line_34" HPOS="276" VPOS="1463" WIDTH="648" HEIGHT="27">
							<String ID="string_198" HPOS="276" VPOS="1469" WIDTH="38" HEIGHT="14" WC="0.92" CONTENT="ner"/><SP WIDTH="17" VPOS="1469" HPOS="314"/>
							<String ID="string_199" HPOS="331" VPOS="1463" WIDTH="93" HEIGHT="20" WC="0.92" CONTENT="Senaten"/><SP WIDTH="14" VPOS="1463" HPOS="424"/>
							<String ID="string_200" HPOS="438" VPOS="1464" WIDTH="37" HEIGHT="20" WC="0.93" CONTENT="vid"/><SP WIDTH="11" VPOS="1464" HPOS="475"/>
							<String ID="string_201" HPOS="486" VPOS="1463" WIDTH="135" HEIGHT="27" WC="0.92" CONTENT="pröfningen"/><SP WIDTH="26" VPOS="1463" HPOS="621"/>
							<String ID="string_202" HPOS="647" VPOS="1463" WIDTH="29" HEIGHT="27" WC="0.95" CONTENT="af"/><SP WIDTH="17" VPOS="1463" HPOS="676"/>
							<String ID="string_203" HPOS="693" VPOS="1463" WIDTH="35" HEIGHT="21" WC="0.93" CONTENT="det"/><SP WIDTH="15" VPOS="1463" HPOS="728"/>
							<String ID="string_204" HPOS="743" VPOS="1463" WIDTH="128" HEIGHT="21" WC="0.92" CONTENT="hemställda"/><SP WIDTH="18" VPOS="1463" HPOS="871"/>
							<String ID="string_205" HPOS="889" VPOS="1466" WIDTH="35" HEIGHT="18" WC="0.92" CONTENT="ut-"/>
						</TextLine>
						<TextLine ID="line_35" HPOS="275" VPOS="1496" WIDTH="649" HEIGHT="28">
							<String ID="string_206" HPOS="275" VPOS="1497" WIDTH="69" HEIGHT="27" WC="0.91" CONTENT="slaget"/><SP WIDTH="22" VPOS="1497" HPOS="344"/>
							<String ID="string_207" HPOS="366" VPOS="1497" WIDTH="34" HEIGHT="21" WC="0.93" CONTENT="det"/><SP WIDTH="22" VPOS="1497" HPOS="400"/>
							<String ID="string_208" HPOS="422" VPOS="1498" WIDTH="72" HEIGHT="20" WC="0.88" CONTENT="äsatta"/><SP WIDTH="24" VPOS="1498" HPOS="494"/>
							<String ID="string_209" HPOS="518" VPOS="1498" WIDTH="73" HEIGHT="20" WC="0.92" CONTENT="värdet"/><SP WIDTH="16" VPOS="1498" HPOS="591"/>
							<String ID="string_210" HPOS="607" VPOS="1497" WIDTH="41" HEIGHT="27" WC="0.96" CONTENT="för"/><SP WIDTH="20" VPOS="1497" HPOS="648"/>
							<String ID="string_211" HPOS="668" VPOS="1498" WIDTH="39" HEIGHT="20" WC="0.96" CONTENT="den"/><SP WIDTH="16" VPOS="1498" HPOS="707"/>
							<String ID="string_212" HPOS="723" VPOS="1496" WIDTH="68" HEIGHT="26" WC="0.96" CONTENT="mark,"/><SP WIDTH="16" VPOS="1496" HPOS="791"/>
							<String ID="string_213" HPOS="807" VPOS="1504" WIDTH="44" HEIGHT="13" WC="0.96" CONTENT="som"/><SP WIDTH="16" VPOS="1504" HPOS="851"/>
							<String ID="string_214" HPOS="867" VPOS="1496" WIDTH="57" HEIGHT="22" WC="0.96" CONTENT="skall"/>
						</TextLine>
					</TextBlock>
				</ComposedBlock>
				<GraphicalElement ID="cblock_8" HPOS="1140" VPOS="1459" WIDTH="2" HEIGHT="305"></GraphicalElement >
			</PrintSpace>
		</Page>
	</Layout>
</alto>
