1142 1786
232 215 84 26 gående
332 214 88 26 behörig
436 213 90 20 domstol
546 213 31 20 för
597 212 136 27 upptagande
748 213 23 19 af
785 212 144 26 hvarjehanda
945 212 40 19 mål

232 249 91 19 rörande
338 248 120 25 frälsemän,
479 248 37 19 har
536 247 56 20 Hans
608 246 119 27 Kejserliga
743 245 98 28 Majestät
856 246 45 20 låtit
917 247 40 19 den
975 248 10 17 4

232 282 122 20 November
371 283 53 19 1867
441 282 125 24 förordning
581 281 5 19 i
603 283 74 18 ämnet
690 280 56 26 utgå.

302 317 40 19 9:0.
373 316 47 20 Med
437 316 128 20 Ständernas
581 315 58 20 bifall
655 315 40 19 och
711 314 111 26 samtycke
833 315 29 19 uti
873 315 113 20 aflemnadt

233 358 47 13 svar
296 351 13 19 å
324 351 58 19 Hans
397 350 120 26 Kejserliga
533 350 106 25 Majestäts
656 349 31 19 till
703 349 46 19 dem
763 349 79 19 aflåtna
853 349 76 27 nådiga
939 356 46 20 pro-

234 386 91 26 position
341 385 7 19 i
364 387 77 23 ämnet,
463 385 37 19 har
519 384 57 20 Hans
596 383 119 27 Kejserliga
734 383 98 26 Majestät
852 380 40 23 den
913 384 11 19 9
945 384 40 20 De-

234 419 85 20 cember
336 420 54 18 1867
408 419 46 19 låtit
467 418 82 20 utfärda
559 418 89 26 förnyad
660 417 131 27 förordning,
803 418 110 26 angående
924 421 62 17 stem-

235 453 216 27 pelpappersafgiften
467 453 7 19 i
490 452 97 26 Finland,
602 454 31 18 att
648 452 63 19 lända
727 452 32 19 till
779 452 138 20 efterrättelse
934 452 52 20 ifrån

236 488 39 19 den
294 488 9 19 1
320 488 87 19 Januari
427 488 52 19 1868
495 486 54 20 intill
566 486 106 26 utgången
689 486 23 19 af
725 485 22 20 år
765 486 60 26 1872,
841 486 86 20 såframt
940 487 47 19 icke

236 529 28 19 ny
281 521 300 27 stempelpappersbevillning
600 520 146 20 dessförinnan
763 520 76 20 varder
855 520 23 20 af
891 521 96 20 Ständer-

236 563 27 13 na
278 556 110 20 fastställd.
420 555 94 21 Särskild
531 554 131 27 proposition
683 554 72 20 härom
771 554 97 21 kommer
883 557 30 18 att
928 556 58 20 Stän-

236 591 66 19 derna
318 590 34 20 vid
368 591 70 19 denna
454 590 100 26 landtdag
570 589 126 26 föreläggas.

306 624 52 20 10:0.
389 624 9 20 I
414 624 96 26 enlighet
526 623 46 20 med
593 623 128 20 Ständernas
741 622 147 28 underdåniga
903 624 84 26 tillstyr-

236 658 41 20 kan
294 658 29 20 uti
339 658 115 20 aflemnadt
469 664 47 14 svar
532 658 12 20 å
559 664 26 14 en
601 658 23 19 af
637 657 57 19 Hans
711 657 120 27 Kejserliga
845 658 97 25 Majestät
957 659 31 19 till

236 692 46 20 dem
304 692 77 20 aflåten
402 692 133 26 underdånig
554 692 130 26 proposition
700 692 7 18 i
722 693 73 18 ämnet
814 691 37 20 har
866 692 57 20 Hans
939 693 48 26 Kej-

236 726 79 27 serliga
337 726 98 26 Majestät
456 726 48 20 låtit
522 726 41 20 den
583 726 27 20 20
625 725 86 20 Januari
734 726 54 19 1868
809 726 82 20 utfärda
910 726 78 20 förord-

238 760 56 26 ning,
314 760 112 27 angående
444 767 77 13 ansvar
536 760 12 20 å
564 760 47 26 den,
632 766 44 14 som
693 760 5 19 i
715 760 87 26 svikligt
818 760 55 26 syfte
888 761 101 20 antänder

238 796 48 25 eget
302 794 38 20 hus
355 794 53 20 eller
422 801 70 13 annan
509 795 31 19 sin
556 794 111 26 egendom.

309 829 51 19 11:o.
391 829 9 19 I
416 829 219 20 öfverensstämmelse
651 828 48 20 med
716 828 55 20 hvad
787 828 118 20 Ständerna
916 830 73 20 under-

239 862 84 27 dånigst
344 863 102 26 tillstyrkt
466 864 6 18 i
492 863 115 26 anledning
626 863 23 19 af
666 863 57 19 Hans
744 862 119 27 Kejserliga
884 864 107 26 Majestäts

238 896 31 19 till
285 896 47 20 dem
349 897 81 26 afgifna
446 897 78 26 nådiga
539 897 136 26 proposition,
695 896 112 27 angående
823 897 26 20 de
866 899 125 26 rättigheter

238 930 40 19 och
301 930 153 27 skyldigheter,
478 937 45 14 som
547 931 116 20 tillkomma
686 931 90 19 embets-
797 931 39 20 och
857 932 133 26 tjenstemän,

240 964 82 20 hvilkas
344 965 142 27 befattningar
507 965 105 26 indragas,
629 965 36 20 har
681 965 57 20 Hans
757 965 120 27 Kejserliga
896 967 95 26 Majestät

240 997 40 20 den
296 998 12 19 3
324 998 101 21 Februari
442 999 54 20 1868
512 999 46 20 låtit
574 999 81 20 utfärda
671 999 124 26 förordning
811 1000 6 19 i
833 1002 76 18 ämnet.

310 1033 53 20 12:o.
393 1033 59 20 Efter
472 1034 36 19 det
526 1033 119 20 Ständerna
664 1033 28 20 uti
712 1033 115 20 aflemnadt
845 1040 48 14 svar
907 1035 13 19 å
935 1035 56 20 Hans

241 1067 118 27 Kejserliga
374 1068 108 26 Majestäts
498 1067 77 27 nådiga
589 1067 138 26 proposition,
747 1067 112 27 angående
874 1069 81 20 inlösen
971 1071 24 19 af

240 1101 193 27 donationsgodsen
450 1102 6 19 i
473 1101 99 26 Wiborgs
592 1101 39 20 och
652 1101 30 20 S:t
697 1101 88 20 Michels
806 1101 41 26 län,
862 1103 85 26 anmält,
963 1106 30 17 att

241 1136 26 19 de
282 1136 7 19 i
305 1135 118 21 hufvudsak
444 1136 81 26 antagit
544 1135 65 27 sagde
629 1136 137 25 proposition,
782 1135 66 21 likväl
865 1137 46 20 med
928 1138 65 27 några

241 1169 73 20 dervid
334 1169 121 27 föreslagna
470 1170 113 26 ändringar
599 1170 39 19 och
654 1170 81 26 tillägg,
749 1172 55 17 samt
815 1170 118 21 Ständerna
946 1173 45 19 der-

238 1204 67 25 jemte
327 1204 49 19 icke
399 1204 90 20 allenast
512 1204 94 26 anhållit,
629 1204 36 20 det
683 1204 58 19 Hans
762 1204 120 27 Kejserliga
896 1205 97 27 Majestät

241 1238 81 20 täcktes
338 1239 6 18 i
361 1238 66 20 nåder
446 1239 101 19 förordna
562 1238 30 19 till
608 1238 129 27 vidtagande
753 1239 23 19 af
789 1239 44 20 alla
847 1239 26 20 de
889 1239 104 29 åtgärder,

241 1279 44 13 som
306 1273 23 19 af
346 1273 62 19 deras
430 1272 140 20 omförmälda
593 1272 68 20 beslut
683 1272 135 20 föranleddes
841 1273 39 20 och
903 1274 6 19 i
930 1275 63 27 öfrigt

242 1307 71 19 kunde
337 1307 32 19 för
394 1307 132 28 ändamålets
552 1307 107 19 vinnande
684 1306 66 20 blifva
775 1306 86 27 nödiga,
885 1310 48 17 utan
953 1309 39 20 ock

243 1341 117 26 framställt,
376 1343 37 23 att,
433 1341 2 19 i
451 1341 101 20 händelse
568 1341 26 20 de
610 1341 89 20 sålunda
713 1341 46 19 utaf
768 1340 125 27 Ständerna,
904 1342 89 21 förnäm-

242 1375 87 26 ligast
323 1370 14 36 i
352 1375 220 20 öfverensstämmelse
596 1375 47 20 med
667 1375 40 20 den
731 1374 79 27 nådiga
829 1376 164 26 propositionen,

243 1409 114 26 tillstyrkta
379 1409 128 26 åtgärderna
529 1409 48 20 icke
601 1409 67 20 skulle
688 1409 57 20 inom
765 1409 106 26 förloppet
889 1410 23 19 af
927 1411 29 20 tio
971 1411 23 21 år

243 1443 53 20 efter
312 1443 100 20 beslutets
428 1443 94 20 fattande
537 1443 64 20 hafva
616 1443 43 20 ledt
674 1443 31 20 till
721 1445 30 18 ett
767 1443 132 27 fullständigt
909 1451 85 20 genom-

243 1477 87 20 förande
345 1478 23 19 af
382 1477 232 21 donationsböndernes
630 1477 105 26 befrielse,
751 1477 58 19 Hans
823 1477 118 27 Kejserliga
952 1480 42 20 Ma-
