<?xml version="1.0" encoding="UTF-8"?>
<alto xmlns="http://www.loc.gov/standards/alto/ns-v3#" xmlns:xlink="http://www.w3.org/1999/xlink" xmlns:xsi="http://www.w3.org/2001/XMLSchema-instance" xsi:schemaLocation="http://www.loc.gov/standards/alto/ns-v3# http://www.loc.gov/alto/v3/alto-3-0.xsd">
	<Description>
		<MeasurementUnit>pixel</MeasurementUnit>
		<sourceImageInformation>
			<fileName>/tmp/tess_grw36xtl_input.PNG</fileName>
		</sourceImageInformation>
		<OCRProcessing ID="OCR_0">
			<ocrProcessingStep>
				<processingSoftware>
					<softwareName>tesseract 5.3.4</softwareName>
				</processingSoftware>
			</ocrProcessingStep>
		</OCRProcessing>
	</Description>
	<Layout>
		<Page WIDTH="1142" HEIGHT="1786" PHYSICAL_IMG_NR="0" ID="page_0">
			<PrintSpace HPOS="0" VPOS="0" WIDTH="1142" HEIGHT="1786">
				<ComposedBlock ID="cblock_0" HPOS="394" VPOS="443" WIDTH="613" HEIGHT="129">
					<TextBlock ID="block_0" HPOS="394" VPOS="443" WIDTH="613" HEIGHT="129">
						<TextLine ID="line_0" HPOS="428" VPOS="443" WIDTH="578" HEIGHT="26">
							<String ID="string_0" HPOS="428" VPOS="444" WIDTH="57" HEIGHT="20" WC="0.96" CONTENT="Hans"/><SP WIDTH="15" VPOS="444" HPOS="485"/>
							<String ID="string_1" HPOS="500" VPOS="443" WIDTH="136" HEIGHT="26" WC="0.96" CONTENT="Kejserliga"/><SP WIDTH="15" VPOS="443" HPOS="636"/>
							<String ID="string_2" HPOS="651" VPOS="443" WIDTH="119" HEIGHT="26" WC="0.93" CONTENT="Majestäts"/><SP WIDTH="19" VPOS="443" HPOS="770"/>
							<String ID="string_3" HPOS="789" VPOS="443" WIDTH="87" HEIGHT="26" WC="0.89" CONTENT="Nådiga"/><SP WIDTH="18" VPOS="443" HPOS="876"/>
							<String ID="string_4" HPOS="894" VPOS="443" WIDTH="112" HEIGHT="26" WC="0.93" CONTENT="proposi-"/>
						</TextLine>
						<TextLine ID="line_1" HPOS="394" VPOS="478" WIDTH="613" HEIGHT="25">
							<String ID="string_5" HPOS="394" VPOS="478" WIDTH="52" HEIGHT="20" WC="0.95" CONTENT="tion"/><SP WIDTH="15" VPOS="478" HPOS="446"/>
							<String ID="string_6" HPOS="461" VPOS="478" WIDTH="30" HEIGHT="19" WC="0.95" CONTENT="till"/><SP WIDTH="16" VPOS="478" HPOS="491"/>
							<String ID="string_7" HPOS="507" VPOS="478" WIDTH="86" HEIGHT="20" WC="0.91" CONTENT="Finlands"/><SP WIDTH="16" VPOS="478" HPOS="593"/>
							<String ID="string_8" HPOS="609" VPOS="478" WIDTH="86" HEIGHT="25" WC="0.91" CONTENT="Stånder,"/><SP WIDTH="16" VPOS="478" HPOS="695"/>
							<String ID="string_9" HPOS="711" VPOS="484" WIDTH="30" HEIGHT="13" WC="0.96" CONTENT="om"/><SP WIDTH="18" VPOS="484" HPOS="741"/>
							<String ID="string_10" HPOS="759" VPOS="478" WIDTH="106" HEIGHT="25" WC="0.95" CONTENT="antagande"/><SP WIDTH="19" VPOS="478" HPOS="865"/>
							<String ID="string_11" HPOS="884" VPOS="478" WIDTH="22" HEIGHT="19" WC="0.96" CONTENT="af"/><SP WIDTH="15" VPOS="478" HPOS="906"/>
							<String ID="string_12" HPOS="921" VPOS="483" WIDTH="23" HEIGHT="14" WC="0.93" CONTENT="en"/><SP WIDTH="19" VPOS="483" HPOS="944"/>
							<String ID="string_13" HPOS="963" VPOS="478" WIDTH="44" HEIGHT="19" WC="0.92" CONTENT="För-"/>
						</TextLine>
						<TextLine ID="line_2" HPOS="394" VPOS="511" WIDTH="613" HEIGHT="27">
							<String ID="string_14" HPOS="394" VPOS="512" WIDTH="84" HEIGHT="26" WC="0.96" CONTENT="ordning"/><SP WIDTH="14" VPOS="512" HPOS="478"/>
							<String ID="string_15" HPOS="492" VPOS="512" WIDTH="97" HEIGHT="25" WC="0.96" CONTENT="angående"/><SP WIDTH="16" VPOS="512" HPOS="589"/>
							<String ID="string_16" HPOS="605" VPOS="512" WIDTH="88" HEIGHT="20" WC="0.96" CONTENT="närmare"/><SP WIDTH="14" VPOS="512" HPOS="693"/>
							<String ID="string_17" HPOS="707" VPOS="511" WIDTH="142" HEIGHT="21" WC="0.92" CONTENT="bestämmande"/><SP WIDTH="14" VPOS="511" HPOS="849"/>
							<String ID="string_18" HPOS="863" VPOS="512" WIDTH="22" HEIGHT="19" WC="0.93" CONTENT="af"/><SP WIDTH="13" VPOS="512" HPOS="885"/>
							<String ID="string_19" HPOS="898" VPOS="511" WIDTH="109" HEIGHT="21" WC="0.91" CONTENT="löftesmans"/>
						</TextLine>
						<TextLine ID="line_3" HPOS="394" VPOS="546" WIDTH="194" HEIGHT="26">
							<String ID="string_20" HPOS="394" VPOS="546" WIDTH="194" HEIGHT="26" WC="0.91" CONTENT="ansvarsskyldighet."/>
						</TextLine>
					</TextBlock>
				</ComposedBlock>
				<ComposedBlock ID="cblock_1" HPOS="258" VPOS="608" WIDTH="754" HEIGHT="910">
					<TextBlock ID="block_1" HPOS="258" VPOS="608" WIDTH="754" HEIGHT="910">
						<TextLine ID="line_4" HPOS="326" VPOS="608" WIDTH="680" HEIGHT="27">
							<String ID="string_21" HPOS="326" VPOS="609" WIDTH="46" HEIGHT="19" WC="0.96" CONTENT="Den"/><SP WIDTH="16" VPOS="609" HPOS="372"/>
							<String ID="string_22" HPOS="388" VPOS="610" WIDTH="86" HEIGHT="25" WC="0.92" CONTENT="stränga"/><SP WIDTH="14" VPOS="610" HPOS="474"/>
							<String ID="string_23" HPOS="488" VPOS="608" WIDTH="215" HEIGHT="26" WC="0.91" CONTENT="ansvarsskyldighet,"/><SP WIDTH="16" VPOS="608" HPOS="703"/>
							<String ID="string_24" HPOS="719" VPOS="614" WIDTH="44" HEIGHT="14" WC="0.96" CONTENT="som"/><SP WIDTH="16" VPOS="614" HPOS="763"/>
							<String ID="string_25" HPOS="779" VPOS="608" WIDTH="35" HEIGHT="20" WC="0.93" CONTENT="vid"/><SP WIDTH="19" VPOS="608" HPOS="814"/>
							<String ID="string_26" HPOS="833" VPOS="608" WIDTH="150" HEIGHT="26" WC="0.90" CONTENT="penningelån,"/><SP WIDTH="16" VPOS="608" HPOS="983"/>
							<String ID="string_27" HPOS="999" VPOS="609" WIDTH="7" HEIGHT="19" WC="0.97" CONTENT="i"/>
						</TextLine>
						<TextLine ID="line_5" HPOS="258" VPOS="642" WIDTH="747" HEIGHT="28">
							<String ID="string_28" HPOS="258" VPOS="644" WIDTH="116" HEIGHT="26" WC="0.96" CONTENT="synnerhet"/><SP WIDTH="14" VPOS="644" HPOS="374"/>
							<String ID="string_29" HPOS="388" VPOS="645" WIDTH="57" HEIGHT="18" WC="0.93" CONTENT="emot"/><SP WIDTH="16" VPOS="645" HPOS="445"/>
							<String ID="string_30" HPOS="461" VPOS="642" WIDTH="171" HEIGHT="27" WC="0.91" CONTENT="proprieborgen,"/><SP WIDTH="19" VPOS="642" HPOS="632"/>
							<String ID="string_31" HPOS="651" VPOS="642" WIDTH="82" HEIGHT="26" WC="0.93" CONTENT="åligger"/><SP WIDTH="16" VPOS="642" HPOS="733"/>
							<String ID="string_32" HPOS="749" VPOS="642" WIDTH="120" HEIGHT="26" WC="0.92" CONTENT="löftesman,"/><SP WIDTH="24" VPOS="642" HPOS="869"/>
							<String ID="string_33" HPOS="893" VPOS="642" WIDTH="37" HEIGHT="20" WC="0.96" CONTENT="har"/><SP WIDTH="15" VPOS="642" HPOS="930"/>
							<String ID="string_34" HPOS="945" VPOS="643" WIDTH="7" HEIGHT="19" WC="0.93" CONTENT="i"/><SP WIDTH="16" VPOS="643" HPOS="952"/>
							<String ID="string_35" HPOS="968" VPOS="643" WIDTH="37" HEIGHT="19" WC="0.92" CONTENT="all-"/>
						</TextLine>
						<TextLine ID="line_6" HPOS="259" VPOS="676" WIDTH="746" HEIGHT="27">
							<String ID="string_36" HPOS="259" VPOS="678" WIDTH="85" HEIGHT="19" WC="0.92" CONTENT="mänhet"/><SP WIDTH="24" VPOS="678" HPOS="344"/>
							<String ID="string_37" HPOS="368" VPOS="677" WIDTH="72" HEIGHT="20" WC="0.92" CONTENT="beredt"/><SP WIDTH="22" VPOS="677" HPOS="440"/>
							<String ID="string_38" HPOS="462" VPOS="684" WIDTH="27" HEIGHT="12" WC="0.95" CONTENT="en"/><SP WIDTH="22" VPOS="684" HPOS="489"/>
							<String ID="string_39" HPOS="511" VPOS="677" WIDTH="74" HEIGHT="19" WC="0.96" CONTENT="lättare"/><SP WIDTH="20" VPOS="677" HPOS="585"/>
							<String ID="string_40" HPOS="605" VPOS="678" WIDTH="62" HEIGHT="24" WC="0.96" CONTENT="utväg"/><SP WIDTH="16" VPOS="678" HPOS="667"/>
							<String ID="string_41" HPOS="683" VPOS="678" WIDTH="30" HEIGHT="18" WC="0.96" CONTENT="att"/><SP WIDTH="15" VPOS="678" HPOS="713"/>
							<String ID="string_42" HPOS="728" VPOS="676" WIDTH="80" HEIGHT="20" WC="0.96" CONTENT="erhålla"/><SP WIDTH="15" VPOS="676" HPOS="808"/>
							<String ID="string_43" HPOS="823" VPOS="676" WIDTH="35" HEIGHT="20" WC="0.96" CONTENT="lån"/><SP WIDTH="16" VPOS="676" HPOS="858"/>
							<String ID="string_44" HPOS="874" VPOS="678" WIDTH="57" HEIGHT="18" WC="0.96" CONTENT="emot"/><SP WIDTH="16" VPOS="678" HPOS="931"/>
							<String ID="string_45" HPOS="947" VPOS="677" WIDTH="58" HEIGHT="26" WC="0.95" CONTENT="dylik"/>
						</TextLine>
						<TextLine ID="line_7" HPOS="259" VPOS="710" WIDTH="748" HEIGHT="27">
							<String ID="string_46" HPOS="259" VPOS="712" WIDTH="105" HEIGHT="25" WC="0.96" CONTENT="säkerhet,"/><SP WIDTH="16" VPOS="712" HPOS="364"/>
							<String ID="string_47" HPOS="380" VPOS="718" WIDTH="47" HEIGHT="13" WC="0.96" CONTENT="men"/><SP WIDTH="16" VPOS="718" HPOS="427"/>
							<String ID="string_48" HPOS="443" VPOS="711" WIDTH="87" HEIGHT="20" WC="0.96" CONTENT="sålunda"/><SP WIDTH="15" VPOS="711" HPOS="530"/>
							<String ID="string_49" HPOS="545" VPOS="711" WIDTH="37" HEIGHT="20" WC="0.96" CONTENT="har"/><SP WIDTH="16" VPOS="711" HPOS="582"/>
							<String ID="string_50" HPOS="598" VPOS="710" WIDTH="39" HEIGHT="20" WC="0.96" CONTENT="ock"/><SP WIDTH="17" VPOS="710" HPOS="637"/>
							<String ID="string_51" HPOS="654" VPOS="711" WIDTH="158" HEIGHT="26" WC="0.95" CONTENT="lagstiftningen"/><SP WIDTH="18" VPOS="711" HPOS="812"/>
							<String ID="string_52" HPOS="830" VPOS="711" WIDTH="91" HEIGHT="26" WC="0.96" CONTENT="bidragit"/><SP WIDTH="17" VPOS="711" HPOS="921"/>
							<String ID="string_53" HPOS="938" VPOS="711" WIDTH="31" HEIGHT="19" WC="0.96" CONTENT="till"/><SP WIDTH="12" VPOS="711" HPOS="969"/>
							<String ID="string_54" HPOS="981" VPOS="718" WIDTH="26" HEIGHT="12" WC="0.96" CONTENT="en"/>
						</TextLine>
						<TextLine ID="line_8" HPOS="260" VPOS="740" WIDTH="748" HEIGHT="32">
							<String ID="string_55" HPOS="260" VPOS="746" WIDTH="63" HEIGHT="20" WC="0.96" CONTENT="bland"/><SP WIDTH="23" VPOS="746" HPOS="323"/>
							<String ID="string_56" HPOS="346" VPOS="746" WIDTH="26" HEIGHT="19" WC="0.95" CONTENT="de"/><SP WIDTH="23" VPOS="746" HPOS="372"/>
							<String ID="string_57" HPOS="395" VPOS="745" WIDTH="61" HEIGHT="20" WC="0.96" CONTENT="flesta"/><SP WIDTH="15" VPOS="745" HPOS="456"/>
							<String ID="string_58" HPOS="471" VPOS="745" WIDTH="180" HEIGHT="20" WC="0.96" CONTENT="samhällsklasser"/><SP WIDTH="14" VPOS="745" HPOS="651"/>
							<String ID="string_59" HPOS="665" VPOS="745" WIDTH="45" HEIGHT="19" WC="0.96" CONTENT="vidt"/><SP WIDTH="15" VPOS="745" HPOS="710"/>
							<String ID="string_60" HPOS="725" VPOS="740" WIDTH="102" HEIGHT="24" WC="0.96" CONTENT="utsträckt"/><SP WIDTH="18" VPOS="740" HPOS="827"/>
							<String ID="string_61" HPOS="845" VPOS="745" WIDTH="163" HEIGHT="27" WC="0.96" CONTENT="skuldsättning,"/>
						</TextLine>
						<TextLine ID="line_9" HPOS="260" VPOS="778" WIDTH="747" HEIGHT="27">
							<String ID="string_62" HPOS="260" VPOS="780" WIDTH="62" HEIGHT="19" WC="0.93" CONTENT="hvars"/><SP WIDTH="15" VPOS="780" HPOS="322"/>
							<String ID="string_63" HPOS="337" VPOS="779" WIDTH="151" HEIGHT="26" WC="0.92" CONTENT="öfverklagade"/><SP WIDTH="16" VPOS="779" HPOS="488"/>
							<String ID="string_64" HPOS="504" VPOS="779" WIDTH="39" HEIGHT="19" WC="0.97" CONTENT="och"/><SP WIDTH="23" VPOS="779" HPOS="543"/>
							<String ID="string_65" HPOS="566" VPOS="779" WIDTH="23" HEIGHT="19" WC="0.96" CONTENT="af"/><SP WIDTH="12" VPOS="779" HPOS="589"/>
							<String ID="string_66" HPOS="601" VPOS="779" WIDTH="145" HEIGHT="19" WC="0.93" CONTENT="erfarenheten"/><SP WIDTH="18" VPOS="779" HPOS="746"/>
							<String ID="string_67" HPOS="764" VPOS="778" WIDTH="120" HEIGHT="20" WC="0.91" CONTENT="vitsordade"/><SP WIDTH="21" VPOS="778" HPOS="884"/>
							<String ID="string_68" HPOS="905" VPOS="779" WIDTH="102" HEIGHT="26" WC="0.95" CONTENT="påföljder"/>
						</TextLine>
						<TextLine ID="line_10" HPOS="260" VPOS="813" WIDTH="747" HEIGHT="27">
							<String ID="string_69" HPOS="260" VPOS="814" WIDTH="54" HEIGHT="19" WC="0.96" CONTENT="visat"/><SP WIDTH="14" VPOS="814" HPOS="314"/>
							<String ID="string_70" HPOS="328" VPOS="814" WIDTH="33" HEIGHT="26" WC="0.96" CONTENT="sig"/><SP WIDTH="15" VPOS="814" HPOS="361"/>
							<String ID="string_71" HPOS="376" VPOS="814" WIDTH="59" HEIGHT="19" WC="0.96" CONTENT="desto"/><SP WIDTH="17" VPOS="814" HPOS="435"/>
							<String ID="string_72" HPOS="452" VPOS="820" WIDTH="44" HEIGHT="13" WC="0.90" CONTENT="mer"/><SP WIDTH="15" VPOS="820" HPOS="496"/>
							<String ID="string_73" HPOS="511" VPOS="813" WIDTH="127" HEIGHT="26" WC="0.90" CONTENT="förderfliga,"/><SP WIDTH="16" VPOS="813" HPOS="638"/>
							<String ID="string_74" HPOS="654" VPOS="819" WIDTH="44" HEIGHT="14" WC="0.91" CONTENT="som"/><SP WIDTH="16" VPOS="819" HPOS="698"/>
							<String ID="string_75" HPOS="714" VPOS="813" WIDTH="157" HEIGHT="25" WC="0.91" CONTENT="verkningarne"/><SP WIDTH="15" VPOS="813" HPOS="871"/>
							<String ID="string_76" HPOS="886" VPOS="813" WIDTH="23" HEIGHT="19" WC="0.93" CONTENT="af"/><SP WIDTH="14" VPOS="813" HPOS="909"/>
							<String ID="string_77" HPOS="923" VPOS="813" WIDTH="84" HEIGHT="25" WC="0.90" CONTENT="borges-"/>
						</TextLine>
						<TextLine ID="line_11" HPOS="260" VPOS="847" WIDTH="747" HEIGHT="26">
							<String ID="string_78" HPOS="260" VPOS="847" WIDTH="140" HEIGHT="20" WC="0.96" CONTENT="förbindelser"/><SP WIDTH="22" VPOS="847" HPOS="400"/>
							<String ID="string_79" HPOS="422" VPOS="847" WIDTH="48" HEIGHT="20" WC="0.61" CONTENT="icke"/><SP WIDTH="23" VPOS="847" HPOS="470"/>
							<String ID="string_80" HPOS="493" VPOS="847" WIDTH="65" HEIGHT="19" WC="0.93" CONTENT="sällan"/><SP WIDTH="17" VPOS="847" HPOS="558"/>
							<String ID="string_81" HPOS="575" VPOS="847" WIDTH="88" HEIGHT="19" WC="0.96" CONTENT="drabbat"/><SP WIDTH="14" VPOS="847" HPOS="663"/>
							<String ID="string_82" HPOS="677" VPOS="847" WIDTH="62" HEIGHT="19" WC="0.92" CONTENT="äfven"/><SP WIDTH="16" VPOS="847" HPOS="739"/>
							<String ID="string_83" HPOS="755" VPOS="847" WIDTH="124" HEIGHT="19" WC="0.92" CONTENT="löftesmäns"/><SP WIDTH="15" VPOS="847" HPOS="879"/>
							<String ID="string_84" HPOS="894" VPOS="847" WIDTH="113" HEIGHT="26" WC="0.92" CONTENT="arfvingar."/>
						</TextLine>
						<TextLine ID="line_12" HPOS="260" VPOS="880" WIDTH="748" HEIGHT="28">
							<String ID="string_85" HPOS="260" VPOS="881" WIDTH="32" HEIGHT="19" WC="0.96" CONTENT="Då"/><SP WIDTH="15" VPOS="881" HPOS="292"/>
							<String ID="string_86" HPOS="307" VPOS="888" WIDTH="25" HEIGHT="13" WC="0.95" CONTENT="en"/><SP WIDTH="24" VPOS="888" HPOS="332"/>
							<String ID="string_87" HPOS="356" VPOS="881" WIDTH="123" HEIGHT="26" WC="0.96" CONTENT="förändring"/><SP WIDTH="24" VPOS="881" HPOS="479"/>
							<String ID="string_88" HPOS="503" VPOS="882" WIDTH="23" HEIGHT="18" WC="0.96" CONTENT="af"/><SP WIDTH="20" VPOS="882" HPOS="526"/>
							<String ID="string_89" HPOS="546" VPOS="882" WIDTH="69" HEIGHT="19" WC="0.96" CONTENT="denna"/><SP WIDTH="23" VPOS="882" HPOS="615"/>
							<String ID="string_90" HPOS="638" VPOS="881" WIDTH="131" HEIGHT="27" WC="0.95" CONTENT="lagstiftning"/><SP WIDTH="19" VPOS="881" HPOS="769"/>
							<String ID="string_91" HPOS="788" VPOS="880" WIDTH="61" HEIGHT="20" WC="0.96" CONTENT="alltså"/><SP WIDTH="21" VPOS="880" HPOS="849"/>
							<String ID="string_92" HPOS="870" VPOS="883" WIDTH="72" HEIGHT="23" WC="0.96" CONTENT="syntes"/><SP WIDTH="15" VPOS="883" HPOS="942"/>
							<String ID="string_93" HPOS="957" VPOS="888" WIDTH="51" HEIGHT="13" WC="0.96" CONTENT="vara"/>
						</TextLine>
						<TextLine ID="line_13" HPOS="260" VPOS="915" WIDTH="747" HEIGHT="26">
							<String ID="string_94" HPOS="260" VPOS="915" WIDTH="100" HEIGHT="26" WC="0.91" CONTENT="behöflig,"/><SP WIDTH="17" VPOS="915" HPOS="360"/>
							<String ID="string_95" HPOS="377" VPOS="922" WIDTH="47" HEIGHT="13" WC="0.92" CONTENT="men"/><SP WIDTH="16" VPOS="922" HPOS="424"/>
							<String ID="string_96" HPOS="440" VPOS="915" WIDTH="267" HEIGHT="26" WC="0.91" CONTENT="penningeförlägenheten"/><SP WIDTH="17" VPOS="915" HPOS="707"/>
							<String ID="string_97" HPOS="724" VPOS="915" WIDTH="6" HEIGHT="19" WC="0.96" CONTENT="i"/><SP WIDTH="16" VPOS="915" HPOS="730"/>
							<String ID="string_98" HPOS="746" VPOS="915" WIDTH="72" HEIGHT="20" WC="0.96" CONTENT="landet"/><SP WIDTH="15" VPOS="915" HPOS="818"/>
							<String ID="string_99" HPOS="833" VPOS="915" WIDTH="66" HEIGHT="19" WC="0.96" CONTENT="likväl"/><SP WIDTH="21" VPOS="915" HPOS="899"/>
							<String ID="string_100" HPOS="920" VPOS="915" WIDTH="87" HEIGHT="20" WC="0.96" CONTENT="manade"/>
						</TextLine>
						<TextLine ID="line_14" HPOS="260" VPOS="949" WIDTH="748" HEIGHT="26">
							<String ID="string_101" HPOS="260" VPOS="951" WIDTH="30" HEIGHT="17" WC="0.93" CONTENT="att"/><SP WIDTH="21" VPOS="951" HPOS="290"/>
							<String ID="string_102" HPOS="311" VPOS="949" WIDTH="73" HEIGHT="19" WC="0.92" CONTENT="dervid"/><SP WIDTH="24" VPOS="949" HPOS="384"/>
							<String ID="string_103" HPOS="408" VPOS="949" WIDTH="46" HEIGHT="20" WC="0.96" CONTENT="med"/><SP WIDTH="24" VPOS="949" HPOS="454"/>
							<String ID="string_104" HPOS="478" VPOS="949" WIDTH="118" HEIGHT="20" WC="0.96" CONTENT="varsamhet"/><SP WIDTH="21" VPOS="949" HPOS="596"/>
							<String ID="string_105" HPOS="617" VPOS="949" WIDTH="26" HEIGHT="26" WC="0.96" CONTENT="gå"/><SP WIDTH="15" VPOS="949" HPOS="643"/>
							<String ID="string_106" HPOS="658" VPOS="949" WIDTH="93" HEIGHT="26" WC="0.93" CONTENT="tillväga,"/><SP WIDTH="16" VPOS="949" HPOS="751"/>
							<String ID="string_107" HPOS="767" VPOS="949" WIDTH="105" HEIGHT="19" WC="0.92" CONTENT="förelades"/><SP WIDTH="19" VPOS="949" HPOS="872"/>
							<String ID="string_108" HPOS="891" VPOS="949" WIDTH="117" HEIGHT="20" WC="0.92" CONTENT="Ständerna"/>
						</TextLine>
						<TextLine ID="line_15" HPOS="261" VPOS="983" WIDTH="746" HEIGHT="26">
							<String ID="string_109" HPOS="261" VPOS="983" WIDTH="35" HEIGHT="19" WC="0.96" CONTENT="vid"/><SP WIDTH="19" VPOS="983" HPOS="296"/>
							<String ID="string_110" HPOS="315" VPOS="983" WIDTH="51" HEIGHT="20" WC="0.96" CONTENT="1867"/><SP WIDTH="17" VPOS="983" HPOS="366"/>
							<String ID="string_111" HPOS="383" VPOS="983" WIDTH="33" HEIGHT="19" WC="0.93" CONTENT="års"/><SP WIDTH="15" VPOS="983" HPOS="416"/>
							<String ID="string_112" HPOS="431" VPOS="983" WIDTH="101" HEIGHT="26" WC="0.92" CONTENT="landtdag"/><SP WIDTH="16" VPOS="983" HPOS="532"/>
							<String ID="string_113" HPOS="548" VPOS="989" WIDTH="25" HEIGHT="13" WC="0.93" CONTENT="en"/><SP WIDTH="16" VPOS="989" HPOS="573"/>
							<String ID="string_114" HPOS="589" VPOS="983" WIDTH="69" HEIGHT="26" WC="0.91" CONTENT="Nådig"/><SP WIDTH="15" VPOS="983" HPOS="658"/>
							<String ID="string_115" HPOS="673" VPOS="983" WIDTH="130" HEIGHT="26" WC="0.96" CONTENT="proposition"/><SP WIDTH="17" VPOS="983" HPOS="803"/>
							<String ID="string_116" HPOS="820" VPOS="983" WIDTH="47" HEIGHT="19" WC="0.96" CONTENT="med"/><SP WIDTH="17" VPOS="983" HPOS="867"/>
							<String ID="string_117" HPOS="884" VPOS="983" WIDTH="77" HEIGHT="26" WC="0.96" CONTENT="förslag"/><SP WIDTH="16" VPOS="983" HPOS="961"/>
							<String ID="string_118" HPOS="977" VPOS="983" WIDTH="30" HEIGHT="19" WC="0.96" CONTENT="till"/>
						</TextLine>
						<TextLine ID="line_16" HPOS="260" VPOS="1017" WIDTH="749" HEIGHT="26">
							<String ID="string_119" HPOS="260" VPOS="1017" WIDTH="123" HEIGHT="26" WC="0.96" CONTENT="förordning"/><SP WIDTH="15" VPOS="1017" HPOS="383"/>
							<String ID="string_120" HPOS="398" VPOS="1017" WIDTH="175" HEIGHT="26" WC="0.96" CONTENT="hufvudsakligen"/><SP WIDTH="17" VPOS="1017" HPOS="573"/>
							<String ID="string_121" HPOS="590" VPOS="1017" WIDTH="6" HEIGHT="18" WC="0.96" CONTENT="i"/><SP WIDTH="15" VPOS="1017" HPOS="596"/>
							<String ID="string_122" HPOS="611" VPOS="1017" WIDTH="103" HEIGHT="22" WC="0.96" CONTENT="ändamål,"/><SP WIDTH="17" VPOS="1017" HPOS="714"/>
							<String ID="string_123" HPOS="731" VPOS="1019" WIDTH="29" HEIGHT="17" WC="0.96" CONTENT="att"/><SP WIDTH="15" VPOS="1019" HPOS="760"/>
							<String ID="string_124" HPOS="775" VPOS="1017" WIDTH="114" HEIGHT="26" WC="0.96" CONTENT="lämpligen"/><SP WIDTH="16" VPOS="1017" HPOS="889"/>
							<String ID="string_125" HPOS="905" VPOS="1017" WIDTH="104" HEIGHT="26" WC="0.96" CONTENT="begränsa"/>
						</TextLine>
						<TextLine ID="line_17" HPOS="260" VPOS="1050" WIDTH="748" HEIGHT="27">
							<String ID="string_126" HPOS="260" VPOS="1051" WIDTH="58" HEIGHT="19" WC="0.96" CONTENT="tiden"/><SP WIDTH="23" VPOS="1051" HPOS="318"/>
							<String ID="string_127" HPOS="341" VPOS="1051" WIDTH="31" HEIGHT="19" WC="0.93" CONTENT="för"/><SP WIDTH="23" VPOS="1051" HPOS="372"/>
							<String ID="string_128" HPOS="395" VPOS="1051" WIDTH="122" HEIGHT="20" WC="0.92" CONTENT="löftesmans"/><SP WIDTH="18" VPOS="1051" HPOS="517"/>
							<String ID="string_129" HPOS="535" VPOS="1051" WIDTH="140" HEIGHT="26" WC="0.92" CONTENT="ansvarighet."/><SP WIDTH="31" VPOS="1051" HPOS="675"/>
							<String ID="string_130" HPOS="706" VPOS="1050" WIDTH="35" HEIGHT="20" WC="0.94" CONTENT="Uti"/><SP WIDTH="15" VPOS="1050" HPOS="741"/>
							<String ID="string_131" HPOS="756" VPOS="1050" WIDTH="35" HEIGHT="19" WC="0.93" CONTENT="sitt"/><SP WIDTH="16" VPOS="1050" HPOS="791"/>
							<String ID="string_132" HPOS="807" VPOS="1050" WIDTH="50" HEIGHT="20" WC="0.92" CONTENT="härå"/><SP WIDTH="20" VPOS="1050" HPOS="857"/>
							<String ID="string_133" HPOS="877" VPOS="1051" WIDTH="78" HEIGHT="26" WC="0.92" CONTENT="afgifna"/><SP WIDTH="17" VPOS="1051" HPOS="955"/>
							<String ID="string_134" HPOS="972" VPOS="1057" WIDTH="36" HEIGHT="13" WC="0.93" CONTENT="un-"/>
						</TextLine>
						<TextLine ID="line_18" HPOS="261" VPOS="1084" WIDTH="748" HEIGHT="27">
							<String ID="string_135" HPOS="261" VPOS="1084" WIDTH="117" HEIGHT="27" WC="0.90" CONTENT="derdåniga"/><SP WIDTH="14" VPOS="1084" HPOS="378"/>
							<String ID="string_136" HPOS="392" VPOS="1091" WIDTH="47" HEIGHT="13" WC="0.92" CONTENT="svar"/><SP WIDTH="16" VPOS="1091" HPOS="439"/>
							<String ID="string_137" HPOS="455" VPOS="1085" WIDTH="96" HEIGHT="20" WC="0.91" CONTENT="förmälte"/><SP WIDTH="15" VPOS="1085" HPOS="551"/>
							<String ID="string_138" HPOS="566" VPOS="1085" WIDTH="123" HEIGHT="25" WC="0.90" CONTENT="Ständerna,"/><SP WIDTH="17" VPOS="1085" HPOS="689"/>
							<String ID="string_139" HPOS="706" VPOS="1086" WIDTH="29" HEIGHT="18" WC="0.96" CONTENT="att"/><SP WIDTH="16" VPOS="1086" HPOS="735"/>
							<String ID="string_140" HPOS="751" VPOS="1085" WIDTH="46" HEIGHT="19" WC="0.96" CONTENT="dem"/><SP WIDTH="17" VPOS="1085" HPOS="797"/>
							<String ID="string_141" HPOS="814" VPOS="1085" WIDTH="91" HEIGHT="19" WC="0.93" CONTENT="emellan"/><SP WIDTH="16" VPOS="1085" HPOS="905"/>
							<String ID="string_142" HPOS="921" VPOS="1085" WIDTH="88" HEIGHT="26" WC="0.91" CONTENT="stridiga"/>
						</TextLine>
						<TextLine ID="line_19" HPOS="261" VPOS="1117" WIDTH="747" HEIGHT="28">
							<String ID="string_143" HPOS="261" VPOS="1117" WIDTH="77" HEIGHT="26" WC="0.91" CONTENT="åsigter"/><SP WIDTH="15" VPOS="1117" HPOS="338"/>
							<String ID="string_144" HPOS="353" VPOS="1119" WIDTH="6" HEIGHT="18" WC="0.96" CONTENT="i"/><SP WIDTH="16" VPOS="1119" HPOS="359"/>
							<String ID="string_145" HPOS="375" VPOS="1118" WIDTH="65" HEIGHT="20" WC="0.93" CONTENT="saken"/><SP WIDTH="16" VPOS="1118" HPOS="440"/>
							<String ID="string_146" HPOS="456" VPOS="1121" WIDTH="82" HEIGHT="24" WC="0.92" CONTENT="yppats,"/><SP WIDTH="16" VPOS="1121" HPOS="538"/>
							<String ID="string_147" HPOS="554" VPOS="1122" WIDTH="50" HEIGHT="17" WC="0.93" CONTENT="enär"/><SP WIDTH="15" VPOS="1122" HPOS="604"/>
							<String ID="string_148" HPOS="619" VPOS="1119" WIDTH="156" HEIGHT="20" WC="0.91" CONTENT="Presteståndet"/><SP WIDTH="12" VPOS="1119" HPOS="775"/>
							<String ID="string_149" HPOS="787" VPOS="1119" WIDTH="96" HEIGHT="26" WC="0.93" CONTENT="godkänt"/><SP WIDTH="10" VPOS="1119" HPOS="883"/>
							<String ID="string_150" HPOS="893" VPOS="1119" WIDTH="64" HEIGHT="26" WC="0.90" CONTENT="sagde"/><SP WIDTH="12" VPOS="1119" HPOS="957"/>
							<String ID="string_151" HPOS="969" VPOS="1119" WIDTH="39" HEIGHT="19" WC="0.93" CONTENT="för-"/>
						</TextLine>
						<TextLine ID="line_20" HPOS="261" VPOS="1151" WIDTH="747" HEIGHT="28">
							<String ID="string_152" HPOS="261" VPOS="1151" WIDTH="180" HEIGHT="28" WC="0.91" CONTENT="fattningsförslag"/><SP WIDTH="23" VPOS="1151" HPOS="441"/>
							<String ID="string_153" HPOS="464" VPOS="1153" WIDTH="46" HEIGHT="19" WC="0.95" CONTENT="med"/><SP WIDTH="24" VPOS="1153" HPOS="510"/>
							<String ID="string_154" HPOS="534" VPOS="1153" WIDTH="55" HEIGHT="20" WC="0.96" CONTENT="vissa"/><SP WIDTH="21" VPOS="1153" HPOS="589"/>
							<String ID="string_155" HPOS="610" VPOS="1153" WIDTH="115" HEIGHT="26" WC="0.96" CONTENT="ändringar"/><SP WIDTH="19" VPOS="1153" HPOS="725"/>
							<String ID="string_156" HPOS="744" VPOS="1153" WIDTH="39" HEIGHT="20" WC="0.96" CONTENT="och"/><SP WIDTH="17" VPOS="1153" HPOS="783"/>
							<String ID="string_157" HPOS="800" VPOS="1153" WIDTH="80" HEIGHT="26" WC="0.96" CONTENT="tillägg,"/><SP WIDTH="16" VPOS="1153" HPOS="880"/>
							<String ID="string_158" HPOS="896" VPOS="1159" WIDTH="47" HEIGHT="14" WC="0.93" CONTENT="men"/><SP WIDTH="16" VPOS="1159" HPOS="943"/>
							<String ID="string_159" HPOS="959" VPOS="1153" WIDTH="49" HEIGHT="20" WC="0.93" CONTENT="Rid-"/>
						</TextLine>
						<TextLine ID="line_21" HPOS="262" VPOS="1186" WIDTH="747" HEIGHT="27">
							<String ID="string_160" HPOS="262" VPOS="1186" WIDTH="113" HEIGHT="26" WC="0.92" CONTENT="derskapet"/><SP WIDTH="21" VPOS="1186" HPOS="375"/>
							<String ID="string_161" HPOS="396" VPOS="1187" WIDTH="39" HEIGHT="19" WC="0.92" CONTENT="och"/><SP WIDTH="25" VPOS="1187" HPOS="435"/>
							<String ID="string_162" HPOS="460" VPOS="1187" WIDTH="67" HEIGHT="19" WC="0.92" CONTENT="Adeln"/><SP WIDTH="23" VPOS="1187" HPOS="527"/>
							<String ID="string_163" HPOS="550" VPOS="1189" WIDTH="53" HEIGHT="17" WC="0.91" CONTENT="samt"/><SP WIDTH="22" VPOS="1189" HPOS="603"/>
							<String ID="string_164" HPOS="625" VPOS="1187" WIDTH="101" HEIGHT="26" WC="0.91" CONTENT="Borgare-"/><SP WIDTH="16" VPOS="1187" HPOS="726"/>
							<String ID="string_165" HPOS="742" VPOS="1187" WIDTH="39" HEIGHT="19" WC="0.93" CONTENT="och"/><SP WIDTH="19" VPOS="1187" HPOS="781"/>
							<String ID="string_166" HPOS="800" VPOS="1186" WIDTH="162" HEIGHT="20" WC="0.92" CONTENT="Bondestånden"/><SP WIDTH="17" VPOS="1186" HPOS="962"/>
							<String ID="string_167" HPOS="979" VPOS="1187" WIDTH="30" HEIGHT="19" WC="0.92" CONTENT="till"/>
						</TextLine>
						<TextLine ID="line_22" HPOS="262" VPOS="1220" WIDTH="746" HEIGHT="27">
							<String ID="string_168" HPOS="262" VPOS="1220" WIDTH="116" HEIGHT="19" WC="0.96" CONTENT="detsamma"/><SP WIDTH="23" VPOS="1220" HPOS="378"/>
							<String ID="string_169" HPOS="401" VPOS="1220" WIDTH="48" HEIGHT="20" WC="0.90" CONTENT="icke"/><SP WIDTH="24" VPOS="1220" HPOS="449"/>
							<String ID="string_170" HPOS="473" VPOS="1221" WIDTH="81" HEIGHT="20" WC="0.90" CONTENT="bifallit."/><SP WIDTH="30" VPOS="1221" HPOS="554"/>
							<String ID="string_171" HPOS="584" VPOS="1221" WIDTH="79" HEIGHT="20" WC="0.92" CONTENT="Dervid"/><SP WIDTH="24" VPOS="1221" HPOS="663"/>
							<String ID="string_172" HPOS="687" VPOS="1221" WIDTH="44" HEIGHT="20" WC="0.96" CONTENT="blef"/><SP WIDTH="20" VPOS="1221" HPOS="731"/>
							<String ID="string_173" HPOS="751" VPOS="1220" WIDTH="23" HEIGHT="21" WC="0.92" CONTENT="af"/><SP WIDTH="20" VPOS="1220" HPOS="774"/>
							<String ID="string_174" HPOS="794" VPOS="1220" WIDTH="155" HEIGHT="27" WC="0.91" CONTENT="Ridderskapet"/><SP WIDTH="20" VPOS="1220" HPOS="949"/>
							<String ID="string_175" HPOS="969" VPOS="1222" WIDTH="39" HEIGHT="19" WC="0.96" CONTENT="och"/>
						</TextLine>
						<TextLine ID="line_23" HPOS="261" VPOS="1253" WIDTH="747" HEIGHT="28">
							<String ID="string_176" HPOS="261" VPOS="1253" WIDTH="69" HEIGHT="20" WC="0.91" CONTENT="Adeln"/><SP WIDTH="24" VPOS="1253" HPOS="330"/>
							<String ID="string_177" HPOS="354" VPOS="1256" WIDTH="53" HEIGHT="17" WC="0.93" CONTENT="samt"/><SP WIDTH="22" VPOS="1256" HPOS="407"/>
							<String ID="string_178" HPOS="429" VPOS="1255" WIDTH="176" HEIGHT="26" WC="0.92" CONTENT="Borgareståndet"/><SP WIDTH="20" VPOS="1255" HPOS="605"/>
							<String ID="string_179" HPOS="625" VPOS="1255" WIDTH="90" HEIGHT="25" WC="0.90" CONTENT="anfördt,"/><SP WIDTH="16" VPOS="1255" HPOS="715"/>
							<String ID="string_180" HPOS="731" VPOS="1257" WIDTH="30" HEIGHT="17" WC="0.96" CONTENT="att"/><SP WIDTH="16" VPOS="1257" HPOS="761"/>
							<String ID="string_181" HPOS="777" VPOS="1255" WIDTH="40" HEIGHT="19" WC="0.96" CONTENT="den"/><SP WIDTH="17" VPOS="1255" HPOS="817"/>
							<String ID="string_182" HPOS="834" VPOS="1255" WIDTH="119" HEIGHT="25" WC="0.93" CONTENT="föreslagna"/><SP WIDTH="15" VPOS="1255" HPOS="953"/>
							<String ID="string_183" HPOS="968" VPOS="1255" WIDTH="40" HEIGHT="20" WC="0.93" CONTENT="för-"/>
						</TextLine>
						<TextLine ID="line_24" HPOS="262" VPOS="1287" WIDTH="750" HEIGHT="26">
							<String ID="string_184" HPOS="262" VPOS="1287" WIDTH="117" HEIGHT="26" WC="0.96" CONTENT="ordningen"/><SP WIDTH="17" VPOS="1287" HPOS="379"/>
							<String ID="string_185" HPOS="396" VPOS="1288" WIDTH="66" HEIGHT="19" WC="0.96" CONTENT="under"/><SP WIDTH="16" VPOS="1288" HPOS="462"/>
							<String ID="string_186" HPOS="478" VPOS="1289" WIDTH="119" HEIGHT="19" WC="0.93" CONTENT="dåvarande"/><SP WIDTH="16" VPOS="1289" HPOS="597"/>
							<String ID="string_187" HPOS="613" VPOS="1288" WIDTH="218" HEIGHT="20" WC="0.92" CONTENT="kreditförhållanden"/><SP WIDTH="17" VPOS="1288" HPOS="831"/>
							<String ID="string_188" HPOS="848" VPOS="1288" WIDTH="48" HEIGHT="20" WC="0.87" CONTENT="icke"/><SP WIDTH="20" VPOS="1288" HPOS="896"/>
							<String ID="string_189" HPOS="916" VPOS="1295" WIDTH="49" HEIGHT="13" WC="0.95" CONTENT="vore"/><SP WIDTH="24" VPOS="1295" HPOS="965"/>
							<String ID="string_190" HPOS="989" VPOS="1289" WIDTH="23" HEIGHT="20" WC="0.96" CONTENT="af"/>
						</TextLine>
						<TextLine ID="line_25" HPOS="262" VPOS="1321" WIDTH="747" HEIGHT="28">
							<String ID="string_191" HPOS="262" VPOS="1321" WIDTH="100" HEIGHT="20" WC="0.91" CONTENT="behofvet"/><SP WIDTH="14" VPOS="1321" HPOS="362"/>
							<String ID="string_192" HPOS="376" VPOS="1321" WIDTH="106" HEIGHT="27" WC="0.96" CONTENT="påkallad,"/><SP WIDTH="22" VPOS="1321" HPOS="482"/>
							<String ID="string_193" HPOS="504" VPOS="1323" WIDTH="65" HEIGHT="25" WC="0.96" CONTENT="jemte"/><SP WIDTH="16" VPOS="1323" HPOS="569"/>
							<String ID="string_194" HPOS="585" VPOS="1323" WIDTH="36" HEIGHT="19" WC="0.93" CONTENT="det"/><SP WIDTH="14" VPOS="1323" HPOS="621"/>
							<String ID="string_195" HPOS="635" VPOS="1322" WIDTH="177" HEIGHT="27" WC="0.91" CONTENT="Borgareståndet"/><SP WIDTH="15" VPOS="1322" HPOS="812"/>
							<String ID="string_196" HPOS="827" VPOS="1322" WIDTH="72" HEIGHT="20" WC="0.96" CONTENT="anhöll"/><SP WIDTH="18" VPOS="1322" HPOS="899"/>
							<String ID="string_197" HPOS="917" VPOS="1324" WIDTH="30" HEIGHT="18" WC="0.96" CONTENT="att"/><SP WIDTH="15" VPOS="1324" HPOS="947"/>
							<String ID="string_198" HPOS="962" VPOS="1323" WIDTH="47" HEIGHT="20" WC="0.96" CONTENT="hela"/>
						</TextLine>
						<TextLine ID="line_26" HPOS="262" VPOS="1355" WIDTH="746" HEIGHT="28">
							<String ID="string_199" HPOS="262" VPOS="1355" WIDTH="88" HEIGHT="26" WC="0.96" CONTENT="kapitlet"/><SP WIDTH="24" VPOS="1355" HPOS="350"/>
							<String ID="string_200" HPOS="374" VPOS="1361" WIDTH="34" HEIGHT="14" WC="0.96" CONTENT="om"/><SP WIDTH="22" VPOS="1361" HPOS="408"/>
							<String ID="string_201" HPOS="430" VPOS="1358" WIDTH="51" HEIGHT="23" WC="0.96" CONTENT="pant"/><SP WIDTH="15" VPOS="1358" HPOS="481"/>
							<String ID="string_202" HPOS="496" VPOS="1356" WIDTH="39" HEIGHT="19" WC="0.96" CONTENT="och"/><SP WIDTH="19" VPOS="1356" HPOS="535"/>
							<String ID="string_203" HPOS="554" VPOS="1357" WIDTH="79" HEIGHT="26" WC="0.95" CONTENT="borgen"/><SP WIDTH="16" VPOS="1357" HPOS="633"/>
							<String ID="string_204" HPOS="649" VPOS="1357" WIDTH="6" HEIGHT="18" WC="0.93" CONTENT="i"/><SP WIDTH="16" VPOS="1357" HPOS="655"/>
							<String ID="string_205" HPOS="671" VPOS="1356" WIDTH="172" HEIGHT="20" WC="0.90" CONTENT="Handelsbalken"/><SP WIDTH="16" VPOS="1356" HPOS="843"/>
							<String ID="string_206" HPOS="859" VPOS="1355" WIDTH="64" HEIGHT="20" WC="0.91" CONTENT="måtte"/><SP WIDTH="19" VPOS="1355" HPOS="923"/>
							<String ID="string_207" HPOS="942" VPOS="1363" WIDTH="66" HEIGHT="14" WC="0.91" CONTENT="omar-"/>
						</TextLine>
						<TextLine ID="line_27" HPOS="261" VPOS="1388" WIDTH="747" HEIGHT="27">
							<String ID="string_208" HPOS="261" VPOS="1388" WIDTH="59" HEIGHT="20" WC="0.96" CONTENT="betas"/><SP WIDTH="23" VPOS="1388" HPOS="320"/>
							<String ID="string_209" HPOS="343" VPOS="1389" WIDTH="39" HEIGHT="19" WC="0.96" CONTENT="och"/><SP WIDTH="24" VPOS="1389" HPOS="382"/>
							<String ID="string_210" HPOS="406" VPOS="1391" WIDTH="46" HEIGHT="24" WC="0.96" CONTENT="nytt"/><SP WIDTH="23" VPOS="1391" HPOS="452"/>
							<String ID="string_211" HPOS="475" VPOS="1389" WIDTH="112" HEIGHT="26" WC="0.96" CONTENT="lagförslag"/><SP WIDTH="22" VPOS="1389" HPOS="587"/>
							<String ID="string_212" HPOS="609" VPOS="1390" WIDTH="7" HEIGHT="19" WC="0.96" CONTENT="i"/><SP WIDTH="19" VPOS="1390" HPOS="616"/>
							<String ID="string_213" HPOS="635" VPOS="1390" WIDTH="74" HEIGHT="19" WC="0.96" CONTENT="sådant"/><SP WIDTH="16" VPOS="1390" HPOS="709"/>
							<String ID="string_214" HPOS="725" VPOS="1390" WIDTH="99" HEIGHT="19" WC="0.92" CONTENT="afseende"/><SP WIDTH="16" VPOS="1390" HPOS="824"/>
							<String ID="string_215" HPOS="840" VPOS="1390" WIDTH="118" HEIGHT="20" WC="0.91" CONTENT="Ständerna"/><SP WIDTH="15" VPOS="1390" HPOS="958"/>
							<String ID="string_216" HPOS="973" VPOS="1391" WIDTH="35" HEIGHT="20" WC="0.96" CONTENT="vid"/>
						</TextLine>
						<TextLine ID="line_28" HPOS="261" VPOS="1423" WIDTH="748" HEIGHT="27">
							<String ID="string_217" HPOS="261" VPOS="1423" WIDTH="168" HEIGHT="26" WC="0.91" CONTENT="nästpåföljande"/><SP WIDTH="15" VPOS="1423" HPOS="429"/>
							<String ID="string_218" HPOS="444" VPOS="1423" WIDTH="101" HEIGHT="27" WC="0.90" CONTENT="landtdag"/><SP WIDTH="15" VPOS="1423" HPOS="545"/>
							<String ID="string_219" HPOS="560" VPOS="1423" WIDTH="125" HEIGHT="27" WC="0.90" CONTENT="föreläggas."/><SP WIDTH="31" VPOS="1423" HPOS="685"/>
							<String ID="string_220" HPOS="716" VPOS="1424" WIDTH="158" HEIGHT="20" WC="0.90" CONTENT="Bondeståndet"/><SP WIDTH="20" VPOS="1424" HPOS="874"/>
							<String ID="string_221" HPOS="894" VPOS="1424" WIDTH="49" HEIGHT="19" WC="0.96" CONTENT="fann"/><SP WIDTH="22" VPOS="1424" HPOS="943"/>
							<String ID="string_222" HPOS="965" VPOS="1425" WIDTH="44" HEIGHT="20" WC="0.96" CONTENT="åter"/>
						</TextLine>
						<TextLine ID="line_29" HPOS="260" VPOS="1457" WIDTH="749" HEIGHT="27">
							<String ID="string_223" HPOS="260" VPOS="1457" WIDTH="32" HEIGHT="18" WC="0.95" CONTENT="för"/><SP WIDTH="23" VPOS="1457" HPOS="292"/>
							<String ID="string_224" HPOS="315" VPOS="1457" WIDTH="31" HEIGHT="18" WC="0.96" CONTENT="sin"/><SP WIDTH="24" VPOS="1457" HPOS="346"/>
							<String ID="string_225" HPOS="370" VPOS="1457" WIDTH="33" HEIGHT="19" WC="0.96" CONTENT="del"/><SP WIDTH="24" VPOS="1457" HPOS="403"/>
							<String ID="string_226" HPOS="427" VPOS="1457" WIDTH="40" HEIGHT="19" WC="0.95" CONTENT="den"/><SP WIDTH="23" VPOS="1457" HPOS="467"/>
							<String ID="string_227" HPOS="490" VPOS="1457" WIDTH="120" HEIGHT="26" WC="0.90" CONTENT="föreslagna"/><SP WIDTH="22" VPOS="1457" HPOS="610"/>
							<String ID="string_228" HPOS="632" VPOS="1457" WIDTH="185" HEIGHT="27" WC="0.90" CONTENT="lagförändringen"/><SP WIDTH="20" VPOS="1457" HPOS="817"/>
							<String ID="string_229" HPOS="837" VPOS="1458" WIDTH="48" HEIGHT="19" WC="0.95" CONTENT="icke"/><SP WIDTH="18" VPOS="1458" HPOS="885"/>
							<String ID="string_230" HPOS="903" VPOS="1465" WIDTH="50" HEIGHT="14" WC="0.92" CONTENT="vara"/><SP WIDTH="16" VPOS="1465" HPOS="953"/>
							<String ID="string_231" HPOS="969" VPOS="1460" WIDTH="40" HEIGHT="19" WC="0.92" CONTENT="till-"/>
						</TextLine>
						<TextLine ID="line_30" HPOS="261" VPOS="1490" WIDTH="748" HEIGHT="28">
							<String ID="string_232" HPOS="261" VPOS="1490" WIDTH="159" HEIGHT="20" WC="0.92" CONTENT="fredsställande"/><SP WIDTH="16" VPOS="1490" HPOS="420"/>
							<String ID="string_233" HPOS="436" VPOS="1490" WIDTH="39" HEIGHT="21" WC="0.96" CONTENT="och"/><SP WIDTH="16" VPOS="1490" HPOS="475"/>
							<String ID="string_234" HPOS="491" VPOS="1491" WIDTH="70" HEIGHT="19" WC="0.93" CONTENT="anhöll"/><SP WIDTH="17" VPOS="1491" HPOS="561"/>
							<String ID="string_235" HPOS="578" VPOS="1491" WIDTH="82" HEIGHT="19" WC="0.92" CONTENT="derföre"/><SP WIDTH="16" VPOS="1491" HPOS="660"/>
							<String ID="string_236" HPOS="676" VPOS="1497" WIDTH="34" HEIGHT="14" WC="0.97" CONTENT="om"/><SP WIDTH="16" VPOS="1497" HPOS="710"/>
							<String ID="string_237" HPOS="726" VPOS="1498" WIDTH="29" HEIGHT="20" WC="0.96" CONTENT="ny"/><SP WIDTH="15" VPOS="1498" HPOS="755"/>
							<String ID="string_238" HPOS="770" VPOS="1492" WIDTH="131" HEIGHT="26" WC="0.95" CONTENT="proposition"/><SP WIDTH="10" VPOS="1492" HPOS="901"/>
							<String ID="string_239" HPOS="911" VPOS="1492" WIDTH="31" HEIGHT="20" WC="0.93" CONTENT="till"/><SP WIDTH="12" VPOS="1492" HPOS="942"/>
							<String ID="string_240" HPOS="954" VPOS="1496" WIDTH="55" HEIGHT="17" WC="0.91" CONTENT="näst-"/>
						</TextLine>
					</TextBlock>
				</ComposedBlock>
			</PrintSpace>
		</Page>
	</Layout>
</alto>
