<?xml version="1.0" encoding="UTF-8"?>
<alto xmlns="http://www.loc.gov/standards/alto/ns-v3#" xmlns:xlink="http://www.w3.org/1999/xlink" xmlns:xsi="http://www.w3.org/2001/XMLSchema-instance" xsi:schemaLocation="http://www.loc.gov/standards/alto/ns-v3# http://www.loc.gov/alto/v3/alto-3-0.xsd">
	<Description>
		<MeasurementUnit>pixel</MeasurementUnit>
		<sourceImageInformation>
			<fileName>/tmp/tess_wsovcjwo_input.PNG</fileName>
		</sourceImageInformation>
		<OCRProcessing ID="OCR_0">
			<ocrProcessingStep>
				<processingSoftware>
					<softwareName>tesseract 5.3.4</softwareName>
				</processingSoftware>
			</ocrProcessingStep>
		</OCRProcessing>
	</Description>
	<Layout>
		<Page WIDTH="1142" HEIGHT="1786" PHYSICAL_IMG_NR="0" ID="page_0">
			<PrintSpace HPOS="0" VPOS="0" WIDTH="1142" HEIGHT="1786">
				<ComposedBlock ID="cblock_0" HPOS="869" VPOS="69" WIDTH="33" HEIGHT="18">
					<TextBlock ID="block_0" HPOS="869" VPOS="69" WIDTH="33" HEIGHT="18">
						<TextLine ID="line_0" HPOS="869" VPOS="69" WIDTH="33" HEIGHT="18">
							<String ID="string_0" HPOS="869" VPOS="69" WIDTH="33" HEIGHT="18" WC="0.94" CONTENT="237"/>
						</TextLine>
					</TextBlock>
				</ComposedBlock>
				<ComposedBlock ID="cblock_1" HPOS="167" VPOS="132" WIDTH="760" HEIGHT="1292">
					<TextBlock ID="block_1" HPOS="168" VPOS="132" WIDTH="759" HEIGHT="985">
						<TextLine ID="line_1" HPOS="172" VPOS="132" WIDTH="753" HEIGHT="29">
							<String ID="string_1" HPOS="172" VPOS="133" WIDTH="120" HEIGHT="28" WC="0.95" CONTENT="tillgångar."/><SP WIDTH="15" VPOS="133" HPOS="292"/>
							<String ID="string_2" HPOS="307" VPOS="133" WIDTH="51" HEIGHT="20" WC="0.96" CONTENT="Icke"/><SP WIDTH="16" VPOS="133" HPOS="358"/>
							<String ID="string_3" HPOS="374" VPOS="132" WIDTH="67" HEIGHT="20" WC="0.96" CONTENT="heller"/><SP WIDTH="15" VPOS="132" HPOS="441"/>
							<String ID="string_4" HPOS="456" VPOS="132" WIDTH="41" HEIGHT="19" WC="0.96" CONTENT="kan"/><SP WIDTH="17" VPOS="132" HPOS="497"/>
							<String ID="string_5" HPOS="514" VPOS="132" WIDTH="107" HEIGHT="20" WC="0.96" CONTENT="Utskottet"/><SP WIDTH="14" VPOS="132" HPOS="621"/>
							<String ID="string_6" HPOS="635" VPOS="132" WIDTH="114" HEIGHT="20" WC="0.93" CONTENT="instämma"/><SP WIDTH="11" VPOS="132" HPOS="749"/>
							<String ID="string_7" HPOS="760" VPOS="133" WIDTH="51" HEIGHT="25" WC="0.91" CONTENT="deri,"/><SP WIDTH="17" VPOS="133" HPOS="811"/>
							<String ID="string_8" HPOS="828" VPOS="135" WIDTH="30" HEIGHT="18" WC="0.93" CONTENT="att"/><SP WIDTH="10" VPOS="135" HPOS="858"/>
							<String ID="string_9" HPOS="868" VPOS="133" WIDTH="57" HEIGHT="26" WC="0.92" CONTENT="gäld,"/>
						</TextLine>
						<TextLine ID="line_2" HPOS="173" VPOS="166" WIDTH="752" HEIGHT="28">
							<String ID="string_10" HPOS="173" VPOS="175" WIDTH="43" HEIGHT="14" WC="0.93" CONTENT="som"/><SP WIDTH="16" VPOS="175" HPOS="216"/>
							<String ID="string_11" HPOS="232" VPOS="168" WIDTH="88" HEIGHT="26" WC="0.92" CONTENT="ådrages"/><SP WIDTH="16" VPOS="168" HPOS="320"/>
							<String ID="string_12" HPOS="336" VPOS="173" WIDTH="76" HEIGHT="20" WC="0.93" CONTENT="genom"/><SP WIDTH="17" VPOS="173" HPOS="412"/>
							<String ID="string_13" HPOS="429" VPOS="166" WIDTH="220" HEIGHT="26" WC="0.91" CONTENT="borgensförbindelse"/><SP WIDTH="12" VPOS="166" HPOS="649"/>
							<String ID="string_14" HPOS="661" VPOS="167" WIDTH="24" HEIGHT="19" WC="0.96" CONTENT="af"/><SP WIDTH="8" VPOS="167" HPOS="685"/>
							<String ID="string_15" HPOS="693" VPOS="169" WIDTH="30" HEIGHT="17" WC="0.96" CONTENT="ett"/><SP WIDTH="10" VPOS="169" HPOS="723"/>
							<String ID="string_16" HPOS="733" VPOS="166" WIDTH="52" HEIGHT="20" WC="0.96" CONTENT="eller"/><SP WIDTH="11" VPOS="166" HPOS="785"/>
							<String ID="string_17" HPOS="796" VPOS="169" WIDTH="64" HEIGHT="18" WC="0.96" CONTENT="annat"/><SP WIDTH="11" VPOS="169" HPOS="860"/>
							<String ID="string_18" HPOS="871" VPOS="167" WIDTH="54" HEIGHT="26" WC="0.96" CONTENT="slag,"/>
						</TextLine>
						<TextLine ID="line_3" HPOS="173" VPOS="200" WIDTH="750" HEIGHT="28">
							<String ID="string_19" HPOS="173" VPOS="203" WIDTH="96" HEIGHT="25" WC="0.96" CONTENT="skäligen"/><SP WIDTH="20" VPOS="203" HPOS="269"/>
							<String ID="string_20" HPOS="289" VPOS="201" WIDTH="41" HEIGHT="20" WC="0.94" CONTENT="kan"/><SP WIDTH="20" VPOS="201" HPOS="330"/>
							<String ID="string_21" HPOS="350" VPOS="201" WIDTH="103" HEIGHT="20" WC="0.95" CONTENT="likställas"/><SP WIDTH="16" VPOS="201" HPOS="453"/>
							<String ID="string_22" HPOS="469" VPOS="200" WIDTH="52" HEIGHT="20" WC="0.96" CONTENT="eller"/><SP WIDTH="16" VPOS="200" HPOS="521"/>
							<String ID="string_23" HPOS="537" VPOS="207" WIDTH="37" HEIGHT="13" WC="0.93" CONTENT="ens"/><SP WIDTH="13" VPOS="207" HPOS="574"/>
							<String ID="string_24" HPOS="587" VPOS="201" WIDTH="101" HEIGHT="25" WC="0.92" CONTENT="jemföras"/><SP WIDTH="20" VPOS="201" HPOS="688"/>
							<String ID="string_25" HPOS="708" VPOS="201" WIDTH="48" HEIGHT="20" WC="0.96" CONTENT="med"/><SP WIDTH="17" VPOS="201" HPOS="756"/>
							<String ID="string_26" HPOS="773" VPOS="201" WIDTH="65" HEIGHT="20" WC="0.92" CONTENT="böter."/><SP WIDTH="31" VPOS="201" HPOS="838"/>
							<String ID="string_27" HPOS="869" VPOS="201" WIDTH="54" HEIGHT="20" WC="0.86" CONTENT="Gäld"/>
						</TextLine>
						<TextLine ID="line_4" HPOS="172" VPOS="234" WIDTH="755" HEIGHT="27">
							<String ID="string_28" HPOS="172" VPOS="237" WIDTH="32" HEIGHT="20" WC="0.96" CONTENT="för"/><SP WIDTH="23" VPOS="237" HPOS="204"/>
							<String ID="string_29" HPOS="227" VPOS="237" WIDTH="60" HEIGHT="19" WC="0.96" CONTENT="böter"/><SP WIDTH="20" VPOS="237" HPOS="287"/>
							<String ID="string_30" HPOS="307" VPOS="236" WIDTH="37" HEIGHT="19" WC="0.96" CONTENT="har"/><SP WIDTH="16" VPOS="236" HPOS="344"/>
							<String ID="string_31" HPOS="360" VPOS="235" WIDTH="31" HEIGHT="20" WC="0.96" CONTENT="sin"/><SP WIDTH="15" VPOS="235" HPOS="391"/>
							<String ID="string_32" HPOS="406" VPOS="235" WIDTH="62" HEIGHT="20" WC="0.95" CONTENT="orsak"/><SP WIDTH="17" VPOS="235" HPOS="468"/>
							<String ID="string_33" HPOS="485" VPOS="235" WIDTH="6" HEIGHT="19" WC="0.96" CONTENT="i"/><SP WIDTH="17" VPOS="235" HPOS="491"/>
							<String ID="string_34" HPOS="508" VPOS="241" WIDTH="25" HEIGHT="13" WC="0.96" CONTENT="en"/><SP WIDTH="17" VPOS="241" HPOS="533"/>
							<String ID="string_35" HPOS="550" VPOS="235" WIDTH="108" HEIGHT="26" WC="0.96" CONTENT="handling,"/><SP WIDTH="16" VPOS="235" HPOS="658"/>
							<String ID="string_36" HPOS="674" VPOS="241" WIDTH="43" HEIGHT="14" WC="0.96" CONTENT="som"/><SP WIDTH="17" VPOS="241" HPOS="717"/>
							<String ID="string_37" HPOS="734" VPOS="235" WIDTH="62" HEIGHT="26" WC="0.96" CONTENT="lagen"/><SP WIDTH="19" VPOS="235" HPOS="796"/>
							<String ID="string_38" HPOS="815" VPOS="235" WIDTH="35" HEIGHT="20" WC="0.96" CONTENT="vid"/><SP WIDTH="17" VPOS="235" HPOS="850"/>
							<String ID="string_39" HPOS="867" VPOS="234" WIDTH="60" HEIGHT="21" WC="0.96" CONTENT="straff"/>
						</TextLine>
						<TextLine ID="line_5" HPOS="172" VPOS="269" WIDTH="752" HEIGHT="28">
							<String ID="string_40" HPOS="172" VPOS="271" WIDTH="112" HEIGHT="26" WC="0.93" CONTENT="förbjudit;"/><SP WIDTH="16" VPOS="271" HPOS="284"/>
							<String ID="string_41" HPOS="300" VPOS="269" WIDTH="55" HEIGHT="27" WC="0.93" CONTENT="gäld,"/><SP WIDTH="16" VPOS="269" HPOS="355"/>
							<String ID="string_42" HPOS="371" VPOS="276" WIDTH="45" HEIGHT="13" WC="0.95" CONTENT="som"/><SP WIDTH="16" VPOS="276" HPOS="416"/>
							<String ID="string_43" HPOS="432" VPOS="269" WIDTH="122" HEIGHT="19" WC="0.91" CONTENT="tillkommit"/><SP WIDTH="15" VPOS="269" HPOS="554"/>
							<String ID="string_44" HPOS="569" VPOS="269" WIDTH="7" HEIGHT="19" WC="0.96" CONTENT="i"/><SP WIDTH="16" VPOS="269" HPOS="576"/>
							<String ID="string_45" HPOS="592" VPOS="269" WIDTH="51" HEIGHT="26" WC="0.96" CONTENT="följd"/><SP WIDTH="16" VPOS="269" HPOS="643"/>
							<String ID="string_46" HPOS="659" VPOS="269" WIDTH="22" HEIGHT="20" WC="0.93" CONTENT="af"/><SP WIDTH="14" VPOS="269" HPOS="681"/>
							<String ID="string_47" HPOS="695" VPOS="269" WIDTH="229" HEIGHT="27" WC="0.92" CONTENT="borgensförbindelse,"/>
						</TextLine>
						<TextLine ID="line_6" HPOS="172" VPOS="302" WIDTH="751" HEIGHT="28">
							<String ID="string_48" HPOS="172" VPOS="305" WIDTH="38" HEIGHT="20" WC="0.93" CONTENT="har"/><SP WIDTH="15" VPOS="305" HPOS="210"/>
							<String ID="string_49" HPOS="225" VPOS="305" WIDTH="95" HEIGHT="19" WC="0.92" CONTENT="deremot"/><SP WIDTH="15" VPOS="305" HPOS="320"/>
							<String ID="string_50" HPOS="335" VPOS="304" WIDTH="32" HEIGHT="19" WC="0.96" CONTENT="sin"/><SP WIDTH="17" VPOS="304" HPOS="367"/>
							<String ID="string_51" HPOS="384" VPOS="303" WIDTH="67" HEIGHT="27" WC="0.96" CONTENT="grund"/><SP WIDTH="16" VPOS="303" HPOS="451"/>
							<String ID="string_52" HPOS="467" VPOS="303" WIDTH="6" HEIGHT="19" WC="0.96" CONTENT="i"/><SP WIDTH="16" VPOS="303" HPOS="473"/>
							<String ID="string_53" HPOS="489" VPOS="309" WIDTH="26" HEIGHT="13" WC="0.96" CONTENT="en"/><SP WIDTH="17" VPOS="309" HPOS="515"/>
							<String ID="string_54" HPOS="532" VPOS="302" WIDTH="53" HEIGHT="20" WC="0.91" CONTENT="både"/><SP WIDTH="16" VPOS="302" HPOS="585"/>
							<String ID="string_55" HPOS="601" VPOS="303" WIDTH="84" HEIGHT="27" WC="0.91" CONTENT="tillåtlig"/><SP WIDTH="16" VPOS="303" HPOS="685"/>
							<String ID="string_56" HPOS="701" VPOS="304" WIDTH="40" HEIGHT="20" WC="0.96" CONTENT="och"/><SP WIDTH="16" VPOS="304" HPOS="741"/>
							<String ID="string_57" HPOS="757" VPOS="303" WIDTH="81" HEIGHT="20" WC="0.93" CONTENT="tillåten"/><SP WIDTH="20" VPOS="303" HPOS="838"/>
							<String ID="string_58" HPOS="858" VPOS="304" WIDTH="65" HEIGHT="20" WC="0.92" CONTENT="hand-"/>
						</TextLine>
						<TextLine ID="line_7" HPOS="172" VPOS="337" WIDTH="751" HEIGHT="28">
							<String ID="string_59" HPOS="172" VPOS="338" WIDTH="50" HEIGHT="27" WC="0.96" CONTENT="ling."/><SP WIDTH="31" VPOS="338" HPOS="222"/>
							<String ID="string_60" HPOS="253" VPOS="338" WIDTH="97" HEIGHT="20" WC="0.95" CONTENT="Emellan"/><SP WIDTH="24" VPOS="338" HPOS="350"/>
							<String ID="string_61" HPOS="374" VPOS="338" WIDTH="60" HEIGHT="19" WC="0.95" CONTENT="dessa"/><SP WIDTH="18" VPOS="338" HPOS="434"/>
							<String ID="string_62" HPOS="452" VPOS="337" WIDTH="46" HEIGHT="26" WC="0.96" CONTENT="slag"/><SP WIDTH="18" VPOS="337" HPOS="498"/>
							<String ID="string_63" HPOS="516" VPOS="337" WIDTH="24" HEIGHT="19" WC="0.93" CONTENT="af"/><SP WIDTH="13" VPOS="337" HPOS="540"/>
							<String ID="string_64" HPOS="553" VPOS="337" WIDTH="49" HEIGHT="27" WC="0.92" CONTENT="gäld"/><SP WIDTH="17" VPOS="337" HPOS="602"/>
							<String ID="string_65" HPOS="619" VPOS="338" WIDTH="114" HEIGHT="20" WC="0.92" CONTENT="förefinnes"/><SP WIDTH="16" VPOS="338" HPOS="733"/>
							<String ID="string_66" HPOS="749" VPOS="338" WIDTH="82" HEIGHT="20" WC="0.96" CONTENT="således"/><SP WIDTH="16" VPOS="338" HPOS="831"/>
							<String ID="string_67" HPOS="847" VPOS="345" WIDTH="26" HEIGHT="13" WC="0.93" CONTENT="en"/><SP WIDTH="17" VPOS="345" HPOS="873"/>
							<String ID="string_68" HPOS="890" VPOS="342" WIDTH="33" HEIGHT="16" WC="0.91" CONTENT="vä-"/>
						</TextLine>
						<TextLine ID="line_8" HPOS="172" VPOS="371" WIDTH="751" HEIGHT="27">
							<String ID="string_69" HPOS="172" VPOS="373" WIDTH="92" HEIGHT="25" WC="0.91" CONTENT="sendtlig"/><SP WIDTH="16" VPOS="373" HPOS="264"/>
							<String ID="string_70" HPOS="280" VPOS="372" WIDTH="86" HEIGHT="20" WC="0.96" CONTENT="olikhet."/><SP WIDTH="31" VPOS="372" HPOS="366"/>
							<String ID="string_71" HPOS="397" VPOS="371" WIDTH="45" HEIGHT="20" WC="0.96" CONTENT="Och"/><SP WIDTH="16" VPOS="371" HPOS="442"/>
							<String ID="string_72" HPOS="458" VPOS="378" WIDTH="33" HEIGHT="13" WC="0.94" CONTENT="om"/><SP WIDTH="17" VPOS="378" HPOS="491"/>
							<String ID="string_73" HPOS="508" VPOS="371" WIDTH="64" HEIGHT="20" WC="0.96" CONTENT="också"/><SP WIDTH="15" VPOS="371" HPOS="572"/>
							<String ID="string_74" HPOS="587" VPOS="378" WIDTH="26" HEIGHT="13" WC="0.96" CONTENT="en"/><SP WIDTH="16" VPOS="378" HPOS="613"/>
							<String ID="string_75" HPOS="629" VPOS="372" WIDTH="42" HEIGHT="19" WC="0.96" CONTENT="viss"/><SP WIDTH="16" VPOS="372" HPOS="671"/>
							<String ID="string_76" HPOS="687" VPOS="372" WIDTH="68" HEIGHT="20" WC="0.96" CONTENT="likhet"/><SP WIDTH="15" VPOS="372" HPOS="755"/>
							<String ID="string_77" HPOS="770" VPOS="372" WIDTH="47" HEIGHT="20" WC="0.96" CONTENT="dem"/><SP WIDTH="16" VPOS="372" HPOS="817"/>
							<String ID="string_78" HPOS="833" VPOS="372" WIDTH="90" HEIGHT="20" WC="0.96" CONTENT="emellan"/>
						</TextLine>
						<TextLine ID="line_9" HPOS="172" VPOS="405" WIDTH="753" HEIGHT="29">
							<String ID="string_79" HPOS="172" VPOS="406" WIDTH="41" HEIGHT="20" WC="0.95" CONTENT="kan"/><SP WIDTH="17" VPOS="406" HPOS="213"/>
							<String ID="string_80" HPOS="230" VPOS="406" WIDTH="83" HEIGHT="26" WC="0.93" CONTENT="påvisas"/><SP WIDTH="16" VPOS="406" HPOS="313"/>
							<String ID="string_81" HPOS="329" VPOS="406" WIDTH="51" HEIGHT="26" WC="0.92" CONTENT="deri,"/><SP WIDTH="17" VPOS="406" HPOS="380"/>
							<String ID="string_82" HPOS="397" VPOS="408" WIDTH="30" HEIGHT="17" WC="0.96" CONTENT="att"/><SP WIDTH="15" VPOS="408" HPOS="427"/>
							<String ID="string_83" HPOS="442" VPOS="412" WIDTH="26" HEIGHT="13" WC="0.96" CONTENT="en"/><SP WIDTH="16" VPOS="412" HPOS="468"/>
							<String ID="string_84" HPOS="484" VPOS="405" WIDTH="107" HEIGHT="27" WC="0.88" CONTENT="ingången"/><SP WIDTH="20" VPOS="405" HPOS="591"/>
							<String ID="string_85" HPOS="611" VPOS="406" WIDTH="227" HEIGHT="26" WC="0.88" CONTENT="borgensförbindelse,"/><SP WIDTH="19" VPOS="406" HPOS="838"/>
							<String ID="string_86" HPOS="857" VPOS="407" WIDTH="68" HEIGHT="27" WC="0.96" CONTENT="enligt"/>
						</TextLine>
						<TextLine ID="line_10" HPOS="172" VPOS="440" WIDTH="751" HEIGHT="27">
							<String ID="string_87" HPOS="172" VPOS="440" WIDTH="79" HEIGHT="26" WC="0.95" CONTENT="regeln,"/><SP WIDTH="21" VPOS="440" HPOS="251"/>
							<String ID="string_88" HPOS="272" VPOS="440" WIDTH="48" HEIGHT="20" WC="0.86" CONTENT="icke"/><SP WIDTH="16" VPOS="440" HPOS="320"/>
							<String ID="string_89" HPOS="336" VPOS="440" WIDTH="52" HEIGHT="20" WC="0.92" CONTENT="ökar"/><SP WIDTH="16" VPOS="440" HPOS="388"/>
							<String ID="string_90" HPOS="404" VPOS="440" WIDTH="141" HEIGHT="26" WC="0.57" CONTENT="tillgångarne"/><SP WIDTH="19" VPOS="440" HPOS="545"/>
							<String ID="string_91" HPOS="564" VPOS="441" WIDTH="6" HEIGHT="18" WC="0.93" CONTENT="i"/><SP WIDTH="16" VPOS="441" HPOS="570"/>
							<String ID="string_92" HPOS="586" VPOS="440" WIDTH="165" HEIGHT="20" WC="0.90" CONTENT="löftesmannens"/><SP WIDTH="16" VPOS="440" HPOS="751"/>
							<String ID="string_93" HPOS="767" VPOS="440" WIDTH="34" HEIGHT="26" WC="0.95" CONTENT="bo,"/><SP WIDTH="19" VPOS="440" HPOS="801"/>
							<String ID="string_94" HPOS="820" VPOS="440" WIDTH="27" HEIGHT="27" WC="0.96" CONTENT="på"/><SP WIDTH="14" VPOS="440" HPOS="847"/>
							<String ID="string_95" HPOS="861" VPOS="443" WIDTH="41" HEIGHT="17" WC="0.96" CONTENT="sätt"/><SP WIDTH="15" VPOS="443" HPOS="902"/>
							<String ID="string_96" HPOS="917" VPOS="442" WIDTH="6" HEIGHT="18" WC="0.96" CONTENT="i"/>
						</TextLine>
						<TextLine ID="line_11" HPOS="172" VPOS="474" WIDTH="751" HEIGHT="26">
							<String ID="string_97" HPOS="172" VPOS="475" WIDTH="42" HEIGHT="19" WC="0.93" CONTENT="den"/><SP WIDTH="15" VPOS="475" HPOS="214"/>
							<String ID="string_98" HPOS="229" VPOS="474" WIDTH="84" HEIGHT="26" WC="0.91" CONTENT="Nådiga"/><SP WIDTH="22" VPOS="474" HPOS="313"/>
							<String ID="string_99" HPOS="335" VPOS="474" WIDTH="157" HEIGHT="26" WC="0.95" CONTENT="propositionen"/><SP WIDTH="24" VPOS="474" HPOS="492"/>
							<String ID="string_100" HPOS="516" VPOS="474" WIDTH="61" HEIGHT="20" WC="0.95" CONTENT="äfven"/><SP WIDTH="24" VPOS="474" HPOS="577"/>
							<String ID="string_101" HPOS="601" VPOS="474" WIDTH="131" HEIGHT="26" WC="0.94" CONTENT="framhållits,"/><SP WIDTH="24" VPOS="474" HPOS="732"/>
							<String ID="string_102" HPOS="756" VPOS="475" WIDTH="23" HEIGHT="19" WC="0.96" CONTENT="så"/><SP WIDTH="22" VPOS="475" HPOS="779"/>
							<String ID="string_103" HPOS="801" VPOS="478" WIDTH="23" HEIGHT="16" WC="0.93" CONTENT="är"/><SP WIDTH="16" VPOS="478" HPOS="824"/>
							<String ID="string_104" HPOS="840" VPOS="475" WIDTH="83" HEIGHT="19" WC="0.91" CONTENT="nästbe-"/>
						</TextLine>
						<TextLine ID="line_12" HPOS="172" VPOS="508" WIDTH="753" HEIGHT="27">
							<String ID="string_105" HPOS="172" VPOS="508" WIDTH="62" HEIGHT="21" WC="0.91" CONTENT="rörda"/><SP WIDTH="15" VPOS="508" HPOS="234"/>
							<String ID="string_106" HPOS="249" VPOS="508" WIDTH="163" HEIGHT="27" WC="0.95" CONTENT="omständighet,"/><SP WIDTH="17" VPOS="508" HPOS="412"/>
							<String ID="string_107" HPOS="429" VPOS="508" WIDTH="66" HEIGHT="27" WC="0.96" CONTENT="enligt"/><SP WIDTH="15" VPOS="508" HPOS="495"/>
							<String ID="string_108" HPOS="510" VPOS="508" WIDTH="117" HEIGHT="20" WC="0.96" CONTENT="Utskottets"/><SP WIDTH="17" VPOS="508" HPOS="627"/>
							<String ID="string_109" HPOS="644" VPOS="508" WIDTH="70" HEIGHT="27" WC="0.95" CONTENT="tanke,"/><SP WIDTH="19" VPOS="508" HPOS="714"/>
							<String ID="string_110" HPOS="733" VPOS="508" WIDTH="48" HEIGHT="20" WC="0.91" CONTENT="icke"/><SP WIDTH="21" VPOS="508" HPOS="781"/>
							<String ID="string_111" HPOS="802" VPOS="509" WIDTH="85" HEIGHT="25" WC="0.91" CONTENT="förtjent"/><SP WIDTH="16" VPOS="509" HPOS="887"/>
							<String ID="string_112" HPOS="903" VPOS="509" WIDTH="22" HEIGHT="19" WC="0.95" CONTENT="af"/>
						</TextLine>
						<TextLine ID="line_13" HPOS="172" VPOS="542" WIDTH="752" HEIGHT="28">
							<String ID="string_113" HPOS="172" VPOS="543" WIDTH="36" HEIGHT="20" WC="0.96" CONTENT="det"/><SP WIDTH="22" VPOS="543" HPOS="208"/>
							<String ID="string_114" HPOS="230" VPOS="543" WIDTH="106" HEIGHT="26" WC="0.96" CONTENT="afseende,"/><SP WIDTH="23" VPOS="543" HPOS="336"/>
							<String ID="string_115" HPOS="359" VPOS="549" WIDTH="44" HEIGHT="13" WC="0.96" CONTENT="som"/><SP WIDTH="24" VPOS="549" HPOS="403"/>
							<String ID="string_116" HPOS="427" VPOS="543" WIDTH="40" HEIGHT="19" WC="0.92" CONTENT="den"/><SP WIDTH="25" VPOS="543" HPOS="467"/>
							<String ID="string_117" HPOS="492" VPOS="542" WIDTH="83" HEIGHT="27" WC="0.92" CONTENT="Nådiga"/><SP WIDTH="22" VPOS="542" HPOS="575"/>
							<String ID="string_118" HPOS="597" VPOS="544" WIDTH="156" HEIGHT="25" WC="0.96" CONTENT="propositionen"/><SP WIDTH="24" VPOS="544" HPOS="753"/>
							<String ID="string_119" HPOS="777" VPOS="543" WIDTH="74" HEIGHT="27" WC="0.96" CONTENT="tyckes"/><SP WIDTH="22" VPOS="543" HPOS="851"/>
							<String ID="string_120" HPOS="873" VPOS="544" WIDTH="51" HEIGHT="26" WC="0.94" CONTENT="vilja"/>
						</TextLine>
						<TextLine ID="line_14" HPOS="173" VPOS="577" WIDTH="750" HEIGHT="27">
							<String ID="string_121" HPOS="173" VPOS="578" WIDTH="62" HEIGHT="19" WC="0.93" CONTENT="hafva"/><SP WIDTH="15" VPOS="578" HPOS="235"/>
							<String ID="string_122" HPOS="250" VPOS="577" WIDTH="73" HEIGHT="20" WC="0.92" CONTENT="dervid"/><SP WIDTH="17" VPOS="577" HPOS="323"/>
							<String ID="string_123" HPOS="340" VPOS="577" WIDTH="83" HEIGHT="20" WC="0.92" CONTENT="fästadt."/><SP WIDTH="31" VPOS="577" HPOS="423"/>
							<String ID="string_124" HPOS="454" VPOS="577" WIDTH="31" HEIGHT="26" WC="0.96" CONTENT="Ty"/><SP WIDTH="21" VPOS="577" HPOS="485"/>
							<String ID="string_125" HPOS="506" VPOS="577" WIDTH="96" HEIGHT="26" WC="0.96" CONTENT="tillägger"/><SP WIDTH="20" VPOS="577" HPOS="602"/>
							<String ID="string_126" HPOS="622" VPOS="584" WIDTH="46" HEIGHT="13" WC="0.93" CONTENT="man"/><SP WIDTH="18" VPOS="584" HPOS="668"/>
							<String ID="string_127" HPOS="686" VPOS="578" WIDTH="64" HEIGHT="25" WC="0.91" CONTENT="sagde"/><SP WIDTH="16" VPOS="578" HPOS="750"/>
							<String ID="string_128" HPOS="766" VPOS="578" WIDTH="157" HEIGHT="26" WC="0.96" CONTENT="omständighet"/>
						</TextLine>
						<TextLine ID="line_15" HPOS="173" VPOS="610" WIDTH="748" HEIGHT="27">
							<String ID="string_129" HPOS="173" VPOS="611" WIDTH="125" HEIGHT="26" WC="0.96" CONTENT="betydelsen"/><SP WIDTH="23" VPOS="611" HPOS="298"/>
							<String ID="string_130" HPOS="321" VPOS="611" WIDTH="23" HEIGHT="19" WC="0.96" CONTENT="af"/><SP WIDTH="20" VPOS="611" HPOS="344"/>
							<String ID="string_131" HPOS="364" VPOS="613" WIDTH="29" HEIGHT="17" WC="0.93" CONTENT="ett"/><SP WIDTH="22" VPOS="613" HPOS="393"/>
							<String ID="string_132" HPOS="415" VPOS="611" WIDTH="159" HEIGHT="26" WC="0.90" CONTENT="hufvudsakligt"/><SP WIDTH="20" VPOS="611" HPOS="574"/>
							<String ID="string_133" HPOS="594" VPOS="610" WIDTH="51" HEIGHT="26" WC="0.96" CONTENT="skäl,"/><SP WIDTH="21" VPOS="610" HPOS="645"/>
							<String ID="string_134" HPOS="666" VPOS="611" WIDTH="23" HEIGHT="19" WC="0.93" CONTENT="så"/><SP WIDTH="15" VPOS="611" HPOS="689"/>
							<String ID="string_135" HPOS="704" VPOS="612" WIDTH="84" HEIGHT="20" WC="0.92" CONTENT="kräfver"/><SP WIDTH="16" VPOS="612" HPOS="788"/>
							<String ID="string_136" HPOS="804" VPOS="612" WIDTH="40" HEIGHT="19" WC="0.91" CONTENT="den"/><SP WIDTH="17" VPOS="612" HPOS="844"/>
							<String ID="string_137" HPOS="861" VPOS="612" WIDTH="60" HEIGHT="25" WC="0.91" CONTENT="följd-"/>
						</TextLine>
						<TextLine ID="line_16" HPOS="171" VPOS="645" WIDTH="752" HEIGHT="27">
							<String ID="string_138" HPOS="171" VPOS="646" WIDTH="109" HEIGHT="26" WC="0.96" CONTENT="riktighet,"/><SP WIDTH="19" VPOS="646" HPOS="280"/>
							<String ID="string_139" HPOS="299" VPOS="652" WIDTH="43" HEIGHT="12" WC="0.96" CONTENT="som"/><SP WIDTH="21" VPOS="652" HPOS="342"/>
							<String ID="string_140" HPOS="363" VPOS="648" WIDTH="22" HEIGHT="16" WC="0.93" CONTENT="är"/><SP WIDTH="20" VPOS="648" HPOS="385"/>
							<String ID="string_141" HPOS="405" VPOS="645" WIDTH="128" HEIGHT="26" WC="0.90" CONTENT="oeftergiflig"/><SP WIDTH="20" VPOS="645" HPOS="533"/>
							<String ID="string_142" HPOS="553" VPOS="645" WIDTH="7" HEIGHT="19" WC="0.96" CONTENT="i"/><SP WIDTH="15" VPOS="645" HPOS="560"/>
							<String ID="string_143" HPOS="575" VPOS="645" WIDTH="29" HEIGHT="19" WC="0.96" CONTENT="all"/><SP WIDTH="15" VPOS="645" HPOS="604"/>
							<String ID="string_144" HPOS="619" VPOS="646" WIDTH="52" HEIGHT="19" WC="0.96" CONTENT="sund"/><SP WIDTH="17" VPOS="646" HPOS="671"/>
							<String ID="string_145" HPOS="688" VPOS="646" WIDTH="38" HEIGHT="19" WC="0.96" CONTENT="och"/><SP WIDTH="17" VPOS="646" HPOS="726"/>
							<String ID="string_146" HPOS="743" VPOS="646" WIDTH="26" HEIGHT="26" WC="0.96" CONTENT="på"/><SP WIDTH="16" VPOS="646" HPOS="769"/>
							<String ID="string_147" HPOS="785" VPOS="646" WIDTH="138" HEIGHT="26" WC="0.96" CONTENT="genomförda"/>
						</TextLine>
						<TextLine ID="line_17" HPOS="171" VPOS="679" WIDTH="751" HEIGHT="27">
							<String ID="string_148" HPOS="171" VPOS="680" WIDTH="136" HEIGHT="26" WC="0.96" CONTENT="grundsatser"/><SP WIDTH="24" VPOS="680" HPOS="307"/>
							<String ID="string_149" HPOS="331" VPOS="679" WIDTH="70" HEIGHT="27" WC="0.95" CONTENT="byggd"/><SP WIDTH="23" VPOS="679" HPOS="401"/>
							<String ID="string_150" HPOS="424" VPOS="679" WIDTH="138" HEIGHT="27" WC="0.96" CONTENT="lagstiftning,"/><SP WIDTH="23" VPOS="679" HPOS="562"/>
							<String ID="string_151" HPOS="585" VPOS="682" WIDTH="30" HEIGHT="17" WC="0.96" CONTENT="att"/><SP WIDTH="22" VPOS="682" HPOS="615"/>
							<String ID="string_152" HPOS="637" VPOS="680" WIDTH="40" HEIGHT="20" WC="0.96" CONTENT="den"/><SP WIDTH="25" VPOS="680" HPOS="677"/>
							<String ID="string_153" HPOS="702" VPOS="686" WIDTH="41" HEIGHT="20" WC="0.94" CONTENT="nya"/><SP WIDTH="18" VPOS="686" HPOS="743"/>
							<String ID="string_154" HPOS="761" VPOS="680" WIDTH="110" HEIGHT="26" WC="0.93" CONTENT="grundsats"/><SP WIDTH="17" VPOS="680" HPOS="871"/>
							<String ID="string_155" HPOS="888" VPOS="680" WIDTH="34" HEIGHT="20" WC="0.92" CONTENT="be-"/>
						</TextLine>
						<TextLine ID="line_18" HPOS="171" VPOS="714" WIDTH="752" HEIGHT="26">
							<String ID="string_156" HPOS="171" VPOS="714" WIDTH="103" HEIGHT="20" WC="0.93" CONTENT="träffande"/><SP WIDTH="25" VPOS="714" HPOS="274"/>
							<String ID="string_157" HPOS="299" VPOS="714" WIDTH="141" HEIGHT="26" WC="0.92" CONTENT="borgenärens"/><SP WIDTH="24" VPOS="714" HPOS="440"/>
							<String ID="string_158" HPOS="464" VPOS="716" WIDTH="41" HEIGHT="17" WC="0.95" CONTENT="rätt"/><SP WIDTH="21" VPOS="716" HPOS="505"/>
							<String ID="string_159" HPOS="526" VPOS="714" WIDTH="30" HEIGHT="19" WC="0.96" CONTENT="till"/><SP WIDTH="23" VPOS="714" HPOS="556"/>
							<String ID="string_160" HPOS="579" VPOS="714" WIDTH="109" HEIGHT="26" WC="0.96" CONTENT="betalning"/><SP WIDTH="23" VPOS="714" HPOS="688"/>
							<String ID="string_161" HPOS="711" VPOS="721" WIDTH="23" HEIGHT="12" WC="0.93" CONTENT="ur"/><SP WIDTH="16" VPOS="721" HPOS="734"/>
							<String ID="string_162" HPOS="750" VPOS="714" WIDTH="76" HEIGHT="19" WC="0.92" CONTENT="afträdt"/><SP WIDTH="16" VPOS="714" HPOS="826"/>
							<String ID="string_163" HPOS="842" VPOS="714" WIDTH="33" HEIGHT="26" WC="0.95" CONTENT="bo,"/><SP WIDTH="16" VPOS="714" HPOS="875"/>
							<String ID="string_164" HPOS="891" VPOS="714" WIDTH="32" HEIGHT="19" WC="0.96" CONTENT="för"/>
						</TextLine>
						<TextLine ID="line_19" HPOS="170" VPOS="747" WIDTH="753" HEIGHT="27">
							<String ID="string_165" HPOS="170" VPOS="748" WIDTH="87" HEIGHT="20" WC="0.96" CONTENT="hvilken"/><SP WIDTH="18" VPOS="748" HPOS="257"/>
							<String ID="string_166" HPOS="275" VPOS="755" WIDTH="28" HEIGHT="12" WC="0.95" CONTENT="nu"/><SP WIDTH="16" VPOS="755" HPOS="303"/>
							<String ID="string_167" HPOS="319" VPOS="748" WIDTH="68" HEIGHT="19" WC="0.95" CONTENT="skulle"/><SP WIDTH="16" VPOS="748" HPOS="387"/>
							<String ID="string_168" HPOS="403" VPOS="747" WIDTH="71" HEIGHT="27" WC="0.95" CONTENT="brytas"/><SP WIDTH="16" VPOS="747" HPOS="474"/>
							<String ID="string_169" HPOS="490" VPOS="750" WIDTH="48" HEIGHT="24" WC="0.96" CONTENT="väg,"/><SP WIDTH="24" VPOS="750" HPOS="538"/>
							<String ID="string_170" HPOS="562" VPOS="748" WIDTH="91" HEIGHT="20" WC="0.95" CONTENT="erhåller"/><SP WIDTH="21" VPOS="748" HPOS="653"/>
							<String ID="string_171" HPOS="674" VPOS="748" WIDTH="147" HEIGHT="26" WC="0.96" CONTENT="tillämplighet"/><SP WIDTH="18" VPOS="748" HPOS="821"/>
							<String ID="string_172" HPOS="839" VPOS="748" WIDTH="28" HEIGHT="26" WC="0.96" CONTENT="på"/><SP WIDTH="15" VPOS="748" HPOS="867"/>
							<String ID="string_173" HPOS="882" VPOS="748" WIDTH="41" HEIGHT="20" WC="0.95" CONTENT="alla"/>
						</TextLine>
						<TextLine ID="line_20" HPOS="173" VPOS="782" WIDTH="750" HEIGHT="27">
							<String ID="string_174" HPOS="173" VPOS="784" WIDTH="26" HEIGHT="19" WC="0.96" CONTENT="de"/><SP WIDTH="15" VPOS="784" HPOS="199"/>
							<String ID="string_175" HPOS="214" VPOS="790" WIDTH="24" HEIGHT="13" WC="0.93" CONTENT="en"/><SP WIDTH="25" VPOS="790" HPOS="238"/>
							<String ID="string_176" HPOS="263" VPOS="782" WIDTH="137" HEIGHT="27" WC="0.91" CONTENT="gäldbunden"/><SP WIDTH="23" VPOS="782" HPOS="400"/>
							<String ID="string_177" HPOS="423" VPOS="788" WIDTH="88" HEIGHT="20" WC="0.92" CONTENT="persons"/><SP WIDTH="23" VPOS="788" HPOS="511"/>
							<String ID="string_178" HPOS="534" VPOS="782" WIDTH="209" HEIGHT="26" WC="0.91" CONTENT="skuldförbindelser,"/><SP WIDTH="23" VPOS="782" HPOS="743"/>
							<String ID="string_179" HPOS="766" VPOS="783" WIDTH="6" HEIGHT="19" WC="0.95" CONTENT="i"/><SP WIDTH="23" VPOS="783" HPOS="772"/>
							<String ID="string_180" HPOS="795" VPOS="782" WIDTH="100" HEIGHT="20" WC="0.93" CONTENT="afseende"/><SP WIDTH="16" VPOS="782" HPOS="895"/>
							<String ID="string_181" HPOS="911" VPOS="783" WIDTH="12" HEIGHT="19" WC="0.91" CONTENT="å"/>
						</TextLine>
						<TextLine ID="line_21" HPOS="171" VPOS="816" WIDTH="752" HEIGHT="26">
							<String ID="string_182" HPOS="171" VPOS="817" WIDTH="73" HEIGHT="20" WC="0.96" CONTENT="hvilka"/><SP WIDTH="15" VPOS="817" HPOS="244"/>
							<String ID="string_183" HPOS="259" VPOS="819" WIDTH="30" HEIGHT="18" WC="0.96" CONTENT="ett"/><SP WIDTH="15" VPOS="819" HPOS="289"/>
							<String ID="string_184" HPOS="304" VPOS="816" WIDTH="113" HEIGHT="20" WC="0.95" CONTENT="enahanda"/><SP WIDTH="15" VPOS="816" HPOS="417"/>
							<String ID="string_185" HPOS="432" VPOS="816" WIDTH="179" HEIGHT="26" WC="0.95" CONTENT="sakförhållande,"/><SP WIDTH="16" VPOS="816" HPOS="611"/>
							<String ID="string_186" HPOS="627" VPOS="816" WIDTH="52" HEIGHT="20" WC="0.96" CONTENT="eller"/><SP WIDTH="15" VPOS="816" HPOS="679"/>
							<String ID="string_187" HPOS="694" VPOS="818" WIDTH="29" HEIGHT="18" WC="0.96" CONTENT="att"/><SP WIDTH="17" VPOS="818" HPOS="723"/>
							<String ID="string_188" HPOS="740" VPOS="816" WIDTH="25" HEIGHT="20" WC="0.96" CONTENT="de"/><SP WIDTH="16" VPOS="816" HPOS="765"/>
							<String ID="string_189" HPOS="781" VPOS="816" WIDTH="47" HEIGHT="20" WC="0.96" CONTENT="icke"/><SP WIDTH="21" VPOS="816" HPOS="828"/>
							<String ID="string_190" HPOS="849" VPOS="817" WIDTH="74" HEIGHT="19" WC="0.94" CONTENT="tillfört"/>
						</TextLine>
						<TextLine ID="line_22" HPOS="171" VPOS="850" WIDTH="751" HEIGHT="28">
							<String ID="string_191" HPOS="171" VPOS="852" WIDTH="141" HEIGHT="26" WC="0.92" CONTENT="gäldenärens"/><SP WIDTH="26" VPOS="852" HPOS="312"/>
							<String ID="string_192" HPOS="338" VPOS="851" WIDTH="26" HEIGHT="19" WC="0.96" CONTENT="bo"/><SP WIDTH="24" VPOS="851" HPOS="364"/>
							<String ID="string_193" HPOS="388" VPOS="850" WIDTH="69" HEIGHT="26" WC="0.64" CONTENT="någon"/><SP WIDTH="25" VPOS="850" HPOS="457"/>
							<String ID="string_194" HPOS="482" VPOS="850" WIDTH="82" HEIGHT="27" WC="0.95" CONTENT="verklig"/><SP WIDTH="15" VPOS="850" HPOS="564"/>
							<String ID="string_195" HPOS="579" VPOS="851" WIDTH="74" HEIGHT="22" WC="0.96" CONTENT="fördel,"/><SP WIDTH="16" VPOS="851" HPOS="653"/>
							<String ID="string_196" HPOS="669" VPOS="850" WIDTH="40" HEIGHT="20" WC="0.93" CONTENT="kan"/><SP WIDTH="17" VPOS="850" HPOS="709"/>
							<String ID="string_197" HPOS="726" VPOS="851" WIDTH="154" HEIGHT="26" WC="0.91" CONTENT="ådagaläggas;"/><SP WIDTH="16" VPOS="851" HPOS="880"/>
							<String ID="string_198" HPOS="896" VPOS="857" WIDTH="26" HEIGHT="13" WC="0.96" CONTENT="en"/>
						</TextLine>
						<TextLine ID="line_23" HPOS="170" VPOS="885" WIDTH="753" HEIGHT="27">
							<String ID="string_199" HPOS="170" VPOS="885" WIDTH="226" HEIGHT="27" WC="0.89" CONTENT="lagstiftningsåtgärd,"/><SP WIDTH="24" VPOS="885" HPOS="396"/>
							<String ID="string_200" HPOS="420" VPOS="885" WIDTH="38" HEIGHT="19" WC="0.95" CONTENT="den"/><SP WIDTH="24" VPOS="885" HPOS="458"/>
							<String ID="string_201" HPOS="482" VPOS="885" WIDTH="109" HEIGHT="19" WC="0.95" CONTENT="Utskottet"/><SP WIDTH="22" VPOS="885" HPOS="591"/>
							<String ID="string_202" HPOS="613" VPOS="885" WIDTH="123" HEIGHT="26" WC="0.96" CONTENT="härigenom"/><SP WIDTH="19" VPOS="885" HPOS="736"/>
							<String ID="string_203" HPOS="755" VPOS="885" WIDTH="48" HEIGHT="19" WC="0.96" CONTENT="icke"/><SP WIDTH="20" VPOS="885" HPOS="803"/>
							<String ID="string_204" HPOS="823" VPOS="885" WIDTH="55" HEIGHT="19" WC="0.96" CONTENT="velat"/><SP WIDTH="18" VPOS="885" HPOS="878"/>
							<String ID="string_205" HPOS="896" VPOS="885" WIDTH="27" HEIGHT="26" WC="0.96" CONTENT="på"/>
						</TextLine>
						<TextLine ID="line_24" HPOS="170" VPOS="919" WIDTH="751" HEIGHT="28">
							<String ID="string_206" HPOS="170" VPOS="920" WIDTH="64" HEIGHT="27" WC="0.96" CONTENT="något"/><SP WIDTH="16" VPOS="920" HPOS="234"/>
							<String ID="string_207" HPOS="250" VPOS="920" WIDTH="31" HEIGHT="19" WC="0.96" CONTENT="vis"/><SP WIDTH="16" VPOS="920" HPOS="281"/>
							<String ID="string_208" HPOS="297" VPOS="920" WIDTH="92" HEIGHT="19" WC="0.92" CONTENT="förorda."/><SP WIDTH="19" VPOS="920" HPOS="389"/>
							<String ID="string_209" HPOS="408" VPOS="931" WIDTH="17" HEIGHT="2" WC="0.90" CONTENT="—"/><SP WIDTH="23" VPOS="931" HPOS="425"/>
							<String ID="string_210" HPOS="448" VPOS="919" WIDTH="108" HEIGHT="20" WC="0.96" CONTENT="Utskottet"/><SP WIDTH="23" VPOS="919" HPOS="556"/>
							<String ID="string_211" HPOS="579" VPOS="919" WIDTH="67" HEIGHT="19" WC="0.95" CONTENT="finner"/><SP WIDTH="23" VPOS="919" HPOS="646"/>
							<String ID="string_212" HPOS="669" VPOS="919" WIDTH="31" HEIGHT="26" WC="0.96" CONTENT="sig"/><SP WIDTH="23" VPOS="919" HPOS="700"/>
							<String ID="string_213" HPOS="723" VPOS="919" WIDTH="38" HEIGHT="19" WC="0.93" CONTENT="allt"/><SP WIDTH="19" VPOS="919" HPOS="761"/>
							<String ID="string_214" HPOS="780" VPOS="919" WIDTH="83" HEIGHT="20" WC="0.91" CONTENT="derföre"/><SP WIDTH="17" VPOS="919" HPOS="863"/>
							<String ID="string_215" HPOS="880" VPOS="919" WIDTH="41" HEIGHT="19" WC="0.91" CONTENT="för-"/>
						</TextLine>
						<TextLine ID="line_25" HPOS="170" VPOS="953" WIDTH="750" HEIGHT="26">
							<String ID="string_216" HPOS="170" VPOS="955" WIDTH="79" HEIGHT="19" WC="0.90" CONTENT="anlåtet"/><SP WIDTH="15" VPOS="955" HPOS="249"/>
							<String ID="string_217" HPOS="264" VPOS="956" WIDTH="30" HEIGHT="18" WC="0.93" CONTENT="att"/><SP WIDTH="16" VPOS="956" HPOS="294"/>
							<String ID="string_218" HPOS="310" VPOS="953" WIDTH="155" HEIGHT="20" WC="0.90" CONTENT="vördsammast"/><SP WIDTH="15" VPOS="953" HPOS="465"/>
							<String ID="string_219" HPOS="480" VPOS="953" WIDTH="84" HEIGHT="25" WC="0.96" CONTENT="föreslå,"/><SP WIDTH="16" VPOS="953" HPOS="564"/>
							<String ID="string_220" HPOS="580" VPOS="955" WIDTH="28" HEIGHT="17" WC="0.96" CONTENT="att"/><SP WIDTH="17" VPOS="955" HPOS="608"/>
							<String ID="string_221" HPOS="625" VPOS="953" WIDTH="11" HEIGHT="19" WC="0.93" CONTENT="6"/><SP WIDTH="17" VPOS="953" HPOS="636"/>
							<String ID="string_222" HPOS="653" VPOS="954" WIDTH="10" HEIGHT="23" WC="0.93" CONTENT="$"/><SP WIDTH="16" VPOS="954" HPOS="663"/>
							<String ID="string_223" HPOS="679" VPOS="953" WIDTH="6" HEIGHT="19" WC="0.96" CONTENT="i"/><SP WIDTH="16" VPOS="953" HPOS="685"/>
							<String ID="string_224" HPOS="701" VPOS="953" WIDTH="160" HEIGHT="26" WC="0.90" CONTENT="ifrågavarande"/><SP WIDTH="19" VPOS="953" HPOS="861"/>
							<String ID="string_225" HPOS="880" VPOS="953" WIDTH="40" HEIGHT="20" WC="0.90" CONTENT="för-"/>
						</TextLine>
						<TextLine ID="line_26" HPOS="169" VPOS="987" WIDTH="752" HEIGHT="28">
							<String ID="string_226" HPOS="169" VPOS="988" WIDTH="182" HEIGHT="27" WC="0.90" CONTENT="fattningsförslag"/><SP WIDTH="15" VPOS="988" HPOS="351"/>
							<String ID="string_227" HPOS="366" VPOS="987" WIDTH="50" HEIGHT="21" WC="0.86" CONTENT="icke"/><SP WIDTH="16" VPOS="987" HPOS="416"/>
							<String ID="string_228" HPOS="432" VPOS="987" WIDTH="68" HEIGHT="20" WC="0.95" CONTENT="skulle"/><SP WIDTH="15" VPOS="987" HPOS="500"/>
							<String ID="string_229" HPOS="515" VPOS="987" WIDTH="23" HEIGHT="20" WC="0.93" CONTENT="af"/><SP WIDTH="14" VPOS="987" HPOS="538"/>
							<String ID="string_230" HPOS="552" VPOS="987" WIDTH="119" HEIGHT="20" WC="0.92" CONTENT="Ständerna"/><SP WIDTH="15" VPOS="987" HPOS="671"/>
							<String ID="string_231" HPOS="686" VPOS="987" WIDTH="129" HEIGHT="26" WC="0.96" CONTENT="godkännas,"/><SP WIDTH="16" VPOS="987" HPOS="815"/>
							<String ID="string_232" HPOS="831" VPOS="989" WIDTH="54" HEIGHT="17" WC="0.96" CONTENT="samt"/><SP WIDTH="11" VPOS="989" HPOS="885"/>
							<String ID="string_233" HPOS="896" VPOS="987" WIDTH="25" HEIGHT="20" WC="0.96" CONTENT="de"/>
						</TextLine>
						<TextLine ID="line_27" HPOS="169" VPOS="1021" WIDTH="752" HEIGHT="28">
							<String ID="string_234" HPOS="169" VPOS="1022" WIDTH="133" HEIGHT="21" WC="0.94" CONTENT="återstående"/><SP WIDTH="16" VPOS="1022" HPOS="302"/>
							<String ID="string_235" HPOS="318" VPOS="1024" WIDTH="21" HEIGHT="22" WC="0.94" CONTENT="$$"/><SP WIDTH="16" VPOS="1024" HPOS="339"/>
							<String ID="string_236" HPOS="355" VPOS="1022" WIDTH="6" HEIGHT="19" WC="0.96" CONTENT="i"/><SP WIDTH="16" VPOS="1022" HPOS="361"/>
							<String ID="string_237" HPOS="377" VPOS="1022" WIDTH="109" HEIGHT="27" WC="0.96" CONTENT="förslaget,"/><SP WIDTH="16" VPOS="1022" HPOS="486"/>
							<String ID="string_238" HPOS="502" VPOS="1022" WIDTH="23" HEIGHT="19" WC="0.96" CONTENT="så"/><SP WIDTH="15" VPOS="1022" HPOS="525"/>
							<String ID="string_239" HPOS="540" VPOS="1021" WIDTH="45" HEIGHT="20" WC="0.96" CONTENT="vidt"/><SP WIDTH="16" VPOS="1021" HPOS="585"/>
							<String ID="string_240" HPOS="601" VPOS="1021" WIDTH="26" HEIGHT="20" WC="0.93" CONTENT="de"/><SP WIDTH="16" VPOS="1021" HPOS="627"/>
							<String ID="string_241" HPOS="643" VPOS="1021" WIDTH="95" HEIGHT="20" WC="0.91" CONTENT="befinnas"/><SP WIDTH="19" VPOS="1021" HPOS="738"/>
							<String ID="string_242" HPOS="757" VPOS="1021" WIDTH="113" HEIGHT="26" WC="0.91" CONTENT="antagliga,"/><SP WIDTH="21" VPOS="1021" HPOS="870"/>
							<String ID="string_243" HPOS="891" VPOS="1028" WIDTH="30" HEIGHT="13" WC="0.92" CONTENT="er-"/>
						</TextLine>
						<TextLine ID="line_28" HPOS="168" VPOS="1055" WIDTH="752" HEIGHT="27">
							<String ID="string_244" HPOS="168" VPOS="1057" WIDTH="57" HEIGHT="19" WC="0.96" CONTENT="hålla"/><SP WIDTH="23" VPOS="1057" HPOS="225"/>
							<String ID="string_245" HPOS="248" VPOS="1057" WIDTH="40" HEIGHT="20" WC="0.96" CONTENT="den"/><SP WIDTH="24" VPOS="1057" HPOS="288"/>
							<String ID="string_246" HPOS="312" VPOS="1056" WIDTH="130" HEIGHT="20" WC="0.96" CONTENT="förändrade"/><SP WIDTH="22" VPOS="1056" HPOS="442"/>
							<String ID="string_247" HPOS="464" VPOS="1056" WIDTH="205" HEIGHT="26" WC="0.96" CONTENT="ordningsnummer,"/><SP WIDTH="24" VPOS="1056" HPOS="669"/>
							<String ID="string_248" HPOS="693" VPOS="1062" WIDTH="43" HEIGHT="13" WC="0.96" CONTENT="som"/><SP WIDTH="27" VPOS="1062" HPOS="736"/>
							<String ID="string_249" HPOS="763" VPOS="1055" WIDTH="61" HEIGHT="20" WC="0.95" CONTENT="deraf"/><SP WIDTH="17" VPOS="1055" HPOS="824"/>
							<String ID="string_250" HPOS="841" VPOS="1055" WIDTH="38" HEIGHT="20" WC="0.96" CONTENT="blir"/><SP WIDTH="16" VPOS="1055" HPOS="879"/>
							<String ID="string_251" HPOS="895" VPOS="1062" WIDTH="25" HEIGHT="13" WC="0.96" CONTENT="en"/>
						</TextLine>
						<TextLine ID="line_29" HPOS="169" VPOS="1091" WIDTH="58" HEIGHT="26">
							<String ID="string_252" HPOS="169" VPOS="1091" WIDTH="58" HEIGHT="26" WC="0.96" CONTENT="följd."/>
						</TextLine>
					</TextBlock>
					<TextBlock ID="block_2" HPOS="167" VPOS="1123" WIDTH="756" HEIGHT="234">
						<TextLine ID="line_30" HPOS="237" VPOS="1123" WIDTH="684" HEIGHT="27">
							<String ID="string_253" HPOS="237" VPOS="1123" WIDTH="60" HEIGHT="22" WC="0.95" CONTENT="Hvad"/><SP WIDTH="17" VPOS="1123" HPOS="297"/>
							<String ID="string_254" HPOS="314" VPOS="1125" WIDTH="11" HEIGHT="19" WC="0.90" CONTENT="7"/><SP WIDTH="17" VPOS="1125" HPOS="325"/>
							<String ID="string_255" HPOS="342" VPOS="1127" WIDTH="9" HEIGHT="22" WC="0.90" CONTENT="$"/><SP WIDTH="16" VPOS="1127" HPOS="351"/>
							<String ID="string_256" HPOS="367" VPOS="1125" WIDTH="6" HEIGHT="19" WC="0.91" CONTENT="i"/><SP WIDTH="18" VPOS="1125" HPOS="373"/>
							<String ID="string_257" HPOS="391" VPOS="1124" WIDTH="236" HEIGHT="26" WC="0.90" CONTENT="författningsförslaget"/><SP WIDTH="26" VPOS="1124" HPOS="627"/>
							<String ID="string_258" HPOS="653" VPOS="1123" WIDTH="124" HEIGHT="26" WC="0.96" CONTENT="innehåller,"/><SP WIDTH="22" VPOS="1123" HPOS="777"/>
							<String ID="string_259" HPOS="799" VPOS="1130" WIDTH="63" HEIGHT="19" WC="0.93" CONTENT="synes"/><SP WIDTH="24" VPOS="1130" HPOS="862"/>
							<String ID="string_260" HPOS="886" VPOS="1123" WIDTH="35" HEIGHT="20" WC="0.92" CONTENT="Ut-"/>
						</TextLine>
						<TextLine ID="line_31" HPOS="168" VPOS="1157" WIDTH="754" HEIGHT="28">
							<String ID="string_261" HPOS="168" VPOS="1159" WIDTH="79" HEIGHT="20" WC="0.96" CONTENT="skottet"/><SP WIDTH="22" VPOS="1159" HPOS="247"/>
							<String ID="string_262" HPOS="269" VPOS="1159" WIDTH="71" HEIGHT="19" WC="0.89" CONTENT="kunna"/><SP WIDTH="23" VPOS="1159" HPOS="340"/>
							<String ID="string_263" HPOS="363" VPOS="1158" WIDTH="130" HEIGHT="27" WC="0.89" CONTENT="följdriktigt"/><SP WIDTH="23" VPOS="1158" HPOS="493"/>
							<String ID="string_264" HPOS="516" VPOS="1158" WIDTH="97" HEIGHT="20" WC="0.96" CONTENT="härledas"/><SP WIDTH="22" VPOS="1158" HPOS="613"/>
							<String ID="string_265" HPOS="635" VPOS="1165" WIDTH="24" HEIGHT="12" WC="0.95" CONTENT="ur"/><SP WIDTH="20" VPOS="1165" HPOS="659"/>
							<String ID="string_266" HPOS="679" VPOS="1157" WIDTH="35" HEIGHT="20" WC="0.93" CONTENT="det"/><SP WIDTH="21" VPOS="1157" HPOS="714"/>
							<String ID="string_267" HPOS="735" VPOS="1157" WIDTH="44" HEIGHT="20" WC="0.91" CONTENT="deri"/><SP WIDTH="16" VPOS="1157" HPOS="779"/>
							<String ID="string_268" HPOS="795" VPOS="1158" WIDTH="127" HEIGHT="19" WC="0.96" CONTENT="omnämnda"/>
						</TextLine>
						<TextLine ID="line_32" HPOS="169" VPOS="1191" WIDTH="753" HEIGHT="28">
							<String ID="string_269" HPOS="169" VPOS="1193" WIDTH="57" HEIGHT="26" WC="0.90" CONTENT="aftal,"/><SP WIDTH="23" VPOS="1193" HPOS="226"/>
							<String ID="string_270" HPOS="249" VPOS="1193" WIDTH="39" HEIGHT="20" WC="0.96" CONTENT="och"/><SP WIDTH="24" VPOS="1193" HPOS="288"/>
							<String ID="string_271" HPOS="312" VPOS="1193" WIDTH="35" HEIGHT="19" WC="0.96" CONTENT="det"/><SP WIDTH="20" VPOS="1193" HPOS="347"/>
							<String ID="string_272" HPOS="367" VPOS="1192" WIDTH="123" HEIGHT="26" WC="0.93" CONTENT="föreslagna"/><SP WIDTH="20" VPOS="1192" HPOS="490"/>
							<String ID="string_273" HPOS="510" VPOS="1192" WIDTH="99" HEIGHT="26" WC="0.90" CONTENT="lagbudet"/><SP WIDTH="16" VPOS="1192" HPOS="609"/>
							<String ID="string_274" HPOS="625" VPOS="1192" WIDTH="82" HEIGHT="20" WC="0.96" CONTENT="således"/><SP WIDTH="16" VPOS="1192" HPOS="707"/>
							<String ID="string_275" HPOS="723" VPOS="1191" WIDTH="47" HEIGHT="20" WC="0.94" CONTENT="icke"/><SP WIDTH="17" VPOS="1191" HPOS="770"/>
							<String ID="string_276" HPOS="787" VPOS="1197" WIDTH="48" HEIGHT="13" WC="0.96" CONTENT="vara"/><SP WIDTH="15" VPOS="1197" HPOS="835"/>
							<String ID="string_277" HPOS="850" VPOS="1191" WIDTH="23" HEIGHT="19" WC="0.93" CONTENT="af"/><SP WIDTH="14" VPOS="1191" HPOS="873"/>
							<String ID="string_278" HPOS="887" VPOS="1194" WIDTH="35" HEIGHT="16" WC="0.91" CONTENT="nö-"/>
						</TextLine>
						<TextLine ID="line_33" HPOS="168" VPOS="1226" WIDTH="755" HEIGHT="27">
							<String ID="string_279" HPOS="168" VPOS="1228" WIDTH="48" HEIGHT="20" WC="0.96" CONTENT="den."/><SP WIDTH="31" VPOS="1228" HPOS="216"/>
							<String ID="string_280" HPOS="247" VPOS="1227" WIDTH="47" HEIGHT="20" WC="0.96" CONTENT="Men"/><SP WIDTH="25" VPOS="1227" HPOS="294"/>
							<String ID="string_281" HPOS="319" VPOS="1227" WIDTH="27" HEIGHT="20" WC="0.96" CONTENT="då"/><SP WIDTH="22" VPOS="1227" HPOS="346"/>
							<String ID="string_282" HPOS="368" VPOS="1227" WIDTH="36" HEIGHT="20" WC="0.93" CONTENT="det"/><SP WIDTH="22" VPOS="1227" HPOS="404"/>
							<String ID="string_283" HPOS="426" VPOS="1226" WIDTH="114" HEIGHT="21" WC="0.91" CONTENT="anmärkta"/><SP WIDTH="22" VPOS="1226" HPOS="540"/>
							<String ID="string_284" HPOS="562" VPOS="1226" WIDTH="125" HEIGHT="27" WC="0.91" CONTENT="stadgandet"/><SP WIDTH="17" VPOS="1226" HPOS="687"/>
							<String ID="string_285" HPOS="704" VPOS="1226" WIDTH="48" HEIGHT="20" WC="0.96" CONTENT="icke"/><SP WIDTH="16" VPOS="1226" HPOS="752"/>
							<String ID="string_286" HPOS="768" VPOS="1226" WIDTH="40" HEIGHT="19" WC="0.96" CONTENT="kan"/><SP WIDTH="21" VPOS="1226" HPOS="808"/>
							<String ID="string_287" HPOS="829" VPOS="1226" WIDTH="94" HEIGHT="19" WC="0.96" CONTENT="medföra"/>
						</TextLine>
						<TextLine ID="line_34" HPOS="168" VPOS="1259" WIDTH="755" HEIGHT="29">
							<String ID="string_288" HPOS="168" VPOS="1262" WIDTH="69" HEIGHT="26" WC="0.96" CONTENT="någon"/><SP WIDTH="17" VPOS="1262" HPOS="237"/>
							<String ID="string_289" HPOS="254" VPOS="1261" WIDTH="119" HEIGHT="27" WC="0.96" CONTENT="olägenhet,"/><SP WIDTH="21" VPOS="1261" HPOS="373"/>
							<String ID="string_290" HPOS="394" VPOS="1264" WIDTH="49" HEIGHT="17" WC="0.93" CONTENT="utan"/><SP WIDTH="21" VPOS="1264" HPOS="443"/>
							<String ID="string_291" HPOS="464" VPOS="1261" WIDTH="100" HEIGHT="20" WC="0.92" CONTENT="fastmera"/><SP WIDTH="20" VPOS="1261" HPOS="564"/>
							<String ID="string_292" HPOS="584" VPOS="1267" WIDTH="49" HEIGHT="13" WC="0.93" CONTENT="vara"/><SP WIDTH="20" VPOS="1267" HPOS="633"/>
							<String ID="string_293" HPOS="653" VPOS="1261" WIDTH="79" HEIGHT="26" WC="0.92" CONTENT="egnadt"/><SP WIDTH="15" VPOS="1261" HPOS="732"/>
							<String ID="string_294" HPOS="747" VPOS="1262" WIDTH="30" HEIGHT="17" WC="0.93" CONTENT="att"/><SP WIDTH="15" VPOS="1262" HPOS="777"/>
							<String ID="string_295" HPOS="792" VPOS="1259" WIDTH="131" HEIGHT="26" WC="0.92" CONTENT="undanrödja"/>
						</TextLine>
						<TextLine ID="line_35" HPOS="168" VPOS="1293" WIDTH="755" HEIGHT="30">
							<String ID="string_296" HPOS="168" VPOS="1297" WIDTH="100" HEIGHT="26" WC="0.91" CONTENT="möjligen"/><SP WIDTH="17" VPOS="1297" HPOS="268"/>
							<String ID="string_297" HPOS="285" VPOS="1296" WIDTH="93" HEIGHT="20" WC="0.93" CONTENT="rädande"/><SP WIDTH="16" VPOS="1296" HPOS="378"/>
							<String ID="string_298" HPOS="394" VPOS="1295" WIDTH="137" HEIGHT="26" WC="0.88" CONTENT="tvifvelsmäl,"/><SP WIDTH="17" VPOS="1295" HPOS="531"/>
							<String ID="string_299" HPOS="548" VPOS="1295" WIDTH="37" HEIGHT="20" WC="0.93" CONTENT="har"/><SP WIDTH="15" VPOS="1295" HPOS="585"/>
							<String ID="string_300" HPOS="600" VPOS="1295" WIDTH="108" HEIGHT="20" WC="0.93" CONTENT="Utskottet"/><SP WIDTH="13" VPOS="1295" HPOS="708"/>
							<String ID="string_301" HPOS="721" VPOS="1294" WIDTH="47" HEIGHT="20" WC="0.88" CONTENT="icke"/><SP WIDTH="12" VPOS="1294" HPOS="768"/>
							<String ID="string_302" HPOS="780" VPOS="1294" WIDTH="62" HEIGHT="19" WC="0.96" CONTENT="bort"/><SP WIDTH="-4" VPOS="1294" HPOS="842"/>
							<String ID="string_303" HPOS="838" VPOS="1289" WIDTH="10" HEIGHT="38" WC="0.96" CONTENT="i"/><SP WIDTH="6" VPOS="1289" HPOS="848"/>
							<String ID="string_304" HPOS="854" VPOS="1293" WIDTH="69" HEIGHT="20" WC="0.96" CONTENT="denna"/>
						</TextLine>
						<TextLine ID="line_36" HPOS="167" VPOS="1329" WIDTH="482" HEIGHT="28">
							<String ID="string_305" HPOS="167" VPOS="1332" WIDTH="33" HEIGHT="19" WC="0.93" CONTENT="del"/><SP WIDTH="16" VPOS="1332" HPOS="200"/>
							<String ID="string_306" HPOS="216" VPOS="1331" WIDTH="96" HEIGHT="26" WC="0.92" CONTENT="afstyrka"/><SP WIDTH="15" VPOS="1331" HPOS="312"/>
							<String ID="string_307" HPOS="327" VPOS="1331" WIDTH="40" HEIGHT="19" WC="0.93" CONTENT="den"/><SP WIDTH="16" VPOS="1331" HPOS="367"/>
							<String ID="string_308" HPOS="383" VPOS="1330" WIDTH="83" HEIGHT="27" WC="0.92" CONTENT="Nädiga"/><SP WIDTH="16" VPOS="1330" HPOS="466"/>
							<String ID="string_309" HPOS="482" VPOS="1329" WIDTH="167" HEIGHT="27" WC="0.96" CONTENT="propositionen."/>
						</TextLine>
					</TextBlock>
					<TextBlock ID="block_3" HPOS="168" VPOS="1363" WIDTH="755" HEIGHT="61">
						<TextLine ID="line_37" HPOS="237" VPOS="1363" WIDTH="686" HEIGHT="27">
							<String ID="string_310" HPOS="237" VPOS="1365" WIDTH="117" HEIGHT="19" WC="0.91" CONTENT="Enahanda"/><SP WIDTH="22" VPOS="1365" HPOS="354"/>
							<String ID="string_311" HPOS="376" VPOS="1367" WIDTH="29" HEIGHT="23" WC="0.89" CONTENT="är,"/><SP WIDTH="24" VPOS="1367" HPOS="405"/>
							<String ID="string_312" HPOS="429" VPOS="1365" WIDTH="67" HEIGHT="25" WC="0.92" CONTENT="enligt"/><SP WIDTH="26" VPOS="1365" HPOS="496"/>
							<String ID="string_313" HPOS="522" VPOS="1364" WIDTH="117" HEIGHT="20" WC="0.92" CONTENT="Utskottets"/><SP WIDTH="28" VPOS="1364" HPOS="639"/>
							<String ID="string_314" HPOS="667" VPOS="1363" WIDTH="92" HEIGHT="26" WC="0.93" CONTENT="mening,"/><SP WIDTH="24" VPOS="1363" HPOS="759"/>
							<String ID="string_315" HPOS="783" VPOS="1363" WIDTH="140" HEIGHT="19" WC="0.92" CONTENT="förhällandet"/>
						</TextLine>
						<TextLine ID="line_38" HPOS="168" VPOS="1397" WIDTH="755" HEIGHT="27">
							<String ID="string_316" HPOS="168" VPOS="1400" WIDTH="46" HEIGHT="19" WC="0.96" CONTENT="med"/><SP WIDTH="16" VPOS="1400" HPOS="214"/>
							<String ID="string_317" HPOS="230" VPOS="1399" WIDTH="35" HEIGHT="20" WC="0.88" CONTENT="det"/><SP WIDTH="15" VPOS="1399" HPOS="265"/>
							<String ID="string_318" HPOS="280" VPOS="1399" WIDTH="6" HEIGHT="19" WC="0.88" CONTENT="i"/><SP WIDTH="16" VPOS="1399" HPOS="286"/>
							<String ID="string_319" HPOS="302" VPOS="1399" WIDTH="12" HEIGHT="19" WC="0.91" CONTENT="8"/><SP WIDTH="17" VPOS="1399" HPOS="314"/>
							<String ID="string_320" HPOS="331" VPOS="1401" WIDTH="10" HEIGHT="22" WC="0.91" CONTENT="$"/><SP WIDTH="16" VPOS="1401" HPOS="341"/>
							<String ID="string_321" HPOS="357" VPOS="1398" WIDTH="177" HEIGHT="21" WC="0.93" CONTENT="förekommande"/><SP WIDTH="19" VPOS="1398" HPOS="534"/>
							<String ID="string_322" HPOS="553" VPOS="1398" WIDTH="133" HEIGHT="26" WC="0.92" CONTENT="stadgandet,"/><SP WIDTH="23" VPOS="1398" HPOS="686"/>
							<String ID="string_323" HPOS="709" VPOS="1397" WIDTH="126" HEIGHT="20" WC="0.93" CONTENT="åtminstone"/><SP WIDTH="20" VPOS="1397" HPOS="835"/>
							<String ID="string_324" HPOS="855" VPOS="1397" WIDTH="68" HEIGHT="19" WC="0.92" CONTENT="sävidt"/>
						</TextLine>
					</TextBlock>
				</ComposedBlock>
			</PrintSpace>
		</Page>
	</Layout>
</alto>
