1142 1786
252 152 34 18 138

681 217 116 26 Transport

229 279 20 25 o)
272 271 20 26 Ä
312 278 122 26 anslaget
454 279 42 19 till
520 279 275 25 fyrinrättningarne:

230 323 123 20 Kostnaden
369 324 31 19 för
411 324 121 19 inrättande
542 324 23 19 af
574 329 25 15 en
611 324 76 26 fyrbäk
699 324 27 26 pä
737 316 59 28 Skäl-

299 357 49 20 skär
364 358 6 18 i
386 357 62 20 södra
468 358 98 24 Ovarken
585 358 40 19 och
641 359 30 18 ett
692 358 105 26 fyrfartyg

299 391 13 19 &
327 391 79 26 Snipan
422 392 7 18 i
446 398 62 14 norra
524 391 99 25 Ovarken
757 406 4 4 .

243 442 24 27 d)
283 436 19 26 Å
322 442 123 27 anslaget
467 443 43 19 till
530 442 253 21 kommunikations-

346 477 146 19 anstalters
507 476 161 20 inrättande:

230 524 69 19 Ränta
315 522 12 20 å
344 523 53 19 1865
414 522 33 20 års
462 522 111 20 inhemska
585 522 136 26 jernvägslån
732 522 65 26 jemte

299 556 143 21 kostnaderne
452 556 32 21 för
495 556 178 27 obligationernes
682 556 114 27 tryckning

230 591 68 19 Ränta
314 591 13 19 å
341 591 77 23 medel,
434 591 119 25 upplånade
569 591 31 19 för
611 591 81 19 inlösen
704 591 23 19 af
736 591 60 19 brän-

299 624 263 27 vinsbränningsredskap,
588 626 29 18 att
644 624 23 20 af
687 624 109 20 bränvins-

298 658 83 20 skatten
398 660 95 25 ersättas,
516 658 65 27 enligt
603 658 56 20 Hans
679 658 120 26 Kejserliga

299 692 107 26 Majestäts
428 692 84 27 Nådiga
537 692 141 20 förordnande
704 692 40 20 den
771 692 27 20 22

301 726 54 20 Mars
372 727 22 23 (3
410 726 72 26 April)
504 726 51 20 1868

713 766 86 20 Summa

814 216 116 26 1,107,077:
947 217 32 19 97.

838 392 93 25 194,659:
949 392 31 19 11.

837 556 94 26 179,644:
950 557 31 19 14.

850 726 82 24 90,180:
950 738 20 2 —

816 766 116 26 1,571,561:
949 766 32 20 22.

300 812 106 19 Afräknas
430 812 137 19 nästnämnde
593 818 81 12 summa
694 811 46 19 från
764 811 217 27 bevillningsfondens

231 846 123 19 debiterade
370 846 122 25 inkomster,
509 848 59 24 utgör
583 845 90 19 fondens
689 845 123 26 behållning
827 846 35 18 vid
882 846 51 19 1870
948 846 33 19 års

230 879 80 26 utgäng
328 880 111 24 1,837,266
455 879 59 20 mark
530 880 27 19 98
573 879 71 26 penni.

299 913 31 19 Af
343 913 70 20 denna
429 913 121 26 behållning
567 913 37 19 bör
619 912 66 20 likväl
702 919 131 13 reserveras:

231 953 26 25 a)
273 952 120 20 äterstoden
410 953 23 19 af
446 953 42 25 det,
504 953 67 25 enligt
585 952 85 26 Nädiga
680 952 118 26 Kungörel-

300 993 62 13 serna
384 987 41 19 den
444 987 13 20 2
473 987 55 19 Mars
553 987 52 19 1865
629 986 39 19 och
685 987 12 18 4
712 985 86 20 Januari

301 1021 61 25 1868,
378 1021 32 19 för
425 1021 49 19 ären
494 1021 51 19 1865
562 1020 30 19 till
610 1020 54 19 1870
680 1019 46 20 med
746 1019 52 20 inal-

300 1055 30 19 les
348 1055 112 25 1,920,000
476 1054 58 19 mark
552 1054 105 26 beviljade
677 1054 74 26 anslag
767 1055 32 18 för

301 1084 209 35 folkskoleväsendet
615 1103 4 4 4

231 1121 22 27 0)
269 1122 120 20 återstoden
406 1123 24 19 af
442 1123 42 25 det,
500 1123 66 26 enligt
580 1103 83 46 Nådiga
681 1099 118 54 Kungörel-

300 1163 36 12 sen
353 1157 41 19 den
411 1157 13 19 2
439 1157 55 19 Mars
510 1157 54 20 1865
576 1157 47 20 med
635 1157 90 24 702,890
737 1156 60 20 mark

301 1190 105 26 beviljade
423 1191 74 25 anslag
512 1191 32 19 för
564 1191 107 25 åtskilliga
690 1190 107 26 fyrinrätt-

301 1225 82 26 ningar,
400 1224 126 28 uppgående
542 1224 65 27 sagde
623 1224 99 26 återstod,
739 1224 61 20 deraf

300 1265 26 13 en
343 1258 34 20 del
392 1259 66 19 redan
471 1259 132 20 förskottsvis
619 1259 137 19 utanordnats
767 1258 32 19 för

300 1292 67 20 under
391 1292 100 27 byggnad
514 1293 92 20 varande
629 1299 43 19 nya
691 1292 108 26 fyrinrätt-

301 1327 82 26 ningar,
399 1327 32 18 till
544 1342 4 4 ä

233 1360 20 26 c)
269 1360 82 26 olyftad
367 1363 61 17 ränta
443 1361 13 19 &
473 1362 52 19 1865
541 1361 33 20 års
579 1342 146 45 jemnvsgalan

715 1400 86 20 Summa

792 1103 3 4 -
815 1089 115 25 1,126,136:
947 1089 33 20 64.

836 1327 96 25 508,230:
949 1328 33 19 89.

854 1361 79 25 16,308:
949 1373 27 2 —

817 1401 116 25 1,650,675:
949 1401 34 24 53,

232 1445 7 19 i
254 1445 52 26 följd
329 1445 77 20 hvaraf
428 1420 218 53 bevillningsfondens
669 1445 120 27 disponibla
805 1445 88 27 tillgång
913 1446 31 19 till
960 1446 23 20 år

235 1479 50 20 1871
304 1480 61 25 utgör
382 1479 88 27 186,591
488 1480 59 20 mark
564 1481 25 18 45
601 1480 70 26 penni,
683 1479 82 20 hvartill
777 1479 84 20 komma
871 1479 27 19 de
907 1480 75 25 90,180
