1142 1786
264 161 22 16 12

232 231 69 13 mans-
318 224 40 20 och
373 223 373 27 häradshöfdingetingsgästningens
761 223 123 26 utgörande,
896 218 85 31 anmält,

232 261 30 18 att
277 259 123 25 Ständerna,
415 258 27 27 på
458 258 68 20 tillika
541 258 126 20 framhållna
682 257 52 26 skäl,
750 257 47 20 icke
813 257 82 20 kunnat
905 259 77 24 antaga

232 293 41 20 def
290 293 77 26 nådiga
382 293 157 25 propositionen
560 291 127 21 oförändrad
704 294 47 17 utan
767 291 32 20 för
814 292 31 18 sin
862 292 33 19 del
913 291 67 20 beslu-

232 328 25 18 tit
272 333 26 13 en
315 326 123 27 författning
452 327 7 19 i
475 328 77 24 ämnet,
567 332 45 14 som
629 317 67 29 finnes
711 326 6 19 i
733 326 128 19 Ständernas
877 325 106 20 svarsbref

232 361 94 26 intagen,
347 361 37 19 har
399 360 57 20 Hans
475 360 118 26 Kejserliga
608 360 97 26 Majestät
719 360 48 19 icke
782 360 57 19 velat
853 359 128 20 Ständernas

232 394 140 21 omförmälda
394 394 213 27 författningsförslag
630 394 103 20 fastställa
755 396 48 18 utan
823 394 108 26 förklarat,
952 396 30 17 att

232 429 75 26 frägan
327 435 33 14 om
381 436 41 19 nya
441 429 194 27 lagbestämningar
651 429 5 19 i
673 430 70 18 ämnet
764 429 83 19 komme
863 430 30 18 att
907 428 73 20 tillsvi-

232 463 52 20 dare
300 463 87 20 förfalla.

302 497 55 20 22:0.
387 497 58 19 Efter
460 497 36 20 det
510 497 57 20 Hans
583 497 119 26 Kejserliga
719 497 97 26 Majestät
831 497 46 20 låtit
892 497 89 26 föreläg-

233 537 27 20 ga
276 531 118 20 Ständerna
409 531 64 27 nädig
489 532 136 26 proposition,
646 532 144 19 innefattande
806 531 79 27 förslag
901 531 30 20 till
947 532 36 19 tvä

233 565 71 20 skilda
319 565 153 27 förordningar,
487 565 118 27 angående,
621 566 41 19 den
679 573 40 12 ena
734 565 143 20 dödsstraffets
894 565 87 27 upphäf-

234 599 69 20 vande
319 599 31 20 för
366 600 55 19 vissa
436 599 54 20 brott
506 602 54 17 samt
577 600 90 26 ändring
682 600 23 19 af
718 600 106 19 allmänna
839 600 73 26 lagens
927 599 54 20 stad-

233 633 85 27 ganden
335 634 6 18 i
358 633 106 27 åtskilliga
479 634 43 25 fall,
538 634 38 20 och
592 634 40 19 den
649 634 65 20 andra
729 633 131 20 afskaffande
875 634 24 19 af
910 633 71 20 åtskil-

234 668 43 26 liga
293 668 6 19 i
315 668 34 26 lag
365 670 77 17 utsatta
456 667 114 21 straffarter
586 668 39 20 och
642 668 61 20 deras
718 668 119 20 ersättande
854 674 76 20 genom
946 674 34 13 an-

234 702 38 20 dra
287 701 61 21 straff
361 704 53 18 samt
430 702 51 20 huru
496 702 88 20 förfaras
600 702 54 20 skall
670 702 34 20 vid
719 702 70 20 böters
800 702 133 26 förvandling
943 702 38 19 och

234 736 198 27 sammanläggning
448 736 23 20 af
484 736 57 20 olika
562 736 61 20 straff
644 736 46 20 med
712 742 63 19 mera,
795 736 108 20 äfvensom
923 736 58 20 Stän-

235 770 67 20 derna
321 770 29 20 uti
369 766 115 24 aflemnadt
503 777 47 13 svar
567 771 13 19 &
595 770 90 20 berörda
705 770 78 27 nädiga
801 771 129 25 proposition
947 776 34 14 an-

235 804 57 25 mält,
308 806 30 18 att
353 804 65 26 sagde
434 804 146 27 förordningar
598 805 49 20 icke
667 805 80 19 kunnat
765 804 140 20 oförändrade
925 806 56 18 anta-

234 845 38 20 gas
288 838 23 20 af
324 837 125 27 Ständerna,
472 845 44 13 som
536 838 32 20 för
587 839 32 19 sin
641 839 33 20 del
696 839 68 20 tillika
778 834 113 31 Yöreslagit
913 845 68 13 annan

235 872 82 27 lydelse
337 872 32 20 för
389 873 55 19 vissa
466 874 28 18 uti
518 873 107 20 desamma
648 873 173 20 förekommande
844 873 137 26 stadganden,

235 907 37 19 har
287 906 58 20 Hans
364 906 119 27 Kejserliga
503 907 97 26 Majestät
618 907 69 20 täckts
702 908 6 19 i
725 907 64 20 nåder
809 907 51 26 gilla
879 907 39 20 och
934 907 48 19 fast-

234 940 62 20 ställa
318 941 36 19 två
376 941 6 18 i
402 941 218 20 öfverensstämmelse
643 943 46 18 med
712 941 128 21 Ständernas
863 941 120 26 tillstyrkan

235 975 118 28 uppgjorda
368 975 77 26 förslag
461 975 31 20 till
508 975 156 20 ofvannämnda
682 976 147 26 förordningar
848 978 53 17 samt
917 975 67 20 tilläta

235 1008 94 21 Senaten
344 1011 31 17 att
390 1009 108 20 desamma
516 1010 7 19 i
543 1010 71 26 vanlig
637 1010 90 27 ordning
750 1009 83 20 utfärda
851 1010 47 25 och,
918 1009 64 20 sedan

235 1043 226 26 fängelseanstalterna
480 1043 38 20 och
534 1043 129 27 fängvärden
679 1044 6 19 i
700 1043 72 21 landet
787 1043 74 20 hunnit
876 1043 106 26 iordning-

235 1077 71 20 ställas
322 1077 40 20 och
378 1077 80 26 lämpas
478 1078 52 19 efter
550 1078 35 19 det
604 1084 41 20 nya
660 1077 267 27 tukthus-straffsystemets
943 1077 40 20 for-

235 1112 92 26 dringar,
343 1113 77 18 utsätta
435 1111 57 20 tiden
509 1111 31 20 för
556 1112 64 27 sagde
636 1112 159 26 förordningars
811 1111 101 20 trädande
922 1111 6 20 i
940 1111 42 27 gäl-

236 1146 62 19 lande
313 1145 62 20 kraft.
405 1145 67 20 Dessa
486 1145 147 28 författningar
648 1146 63 19 hafva
726 1146 54 19 dock
796 1148 56 17 ännu
867 1145 49 20 icke
931 1145 52 20 kun-

236 1182 36 17 nat
294 1179 99 26 utfärdas,
413 1180 23 19 af
453 1179 62 20 orsak
536 1181 30 19 att
585 1180 32 20 för
636 1179 176 27 genomförandet
826 1180 24 19 af
863 1179 40 20 den
920 1179 64 27 nödig

235 1214 95 20 ansedda
344 1213 104 20 reformen
465 1214 7 19 i
488 1214 198 27 fängelseväsendet
701 1214 68 20 dertill
785 1213 120 27 disponibla
916 1213 68 20 medel

237 1248 83 24 brustit;
336 1248 96 19 hvarföre
448 1248 69 26 någon
533 1255 68 13 annan
618 1248 74 27 åtgärd
707 1249 22 19 af
743 1245 58 22 mera
813 1248 125 26 ingripande
949 1247 34 20 be-

236 1282 83 26 tydelse
342 1282 104 20 härintills
468 1282 47 20 icke
535 1282 80 19 kunnat
635 1282 102 27 vidtagas,
753 1284 26 17 än
795 1283 36 24 att,
847 1281 64 20 sedan
928 1281 57 20 Hans

236 1316 119 26 Kejserliga
374 1315 103 26 Majestät,
493 1316 27 26 pä
538 1316 102 19 Senatens
660 1315 145 27 underdäniga
824 1315 161 27 framställning,

236 1350 67 20 under
319 1349 41 20 den
377 1352 23 24 8,
419 1350 41 25 Maj
479 1350 51 19 1869
547 1349 76 25 tillåtit,
639 1351 30 18 att
683 1349 75 20 inalles
774 1349 90 26 310,000
876 1349 59 20 mark
947 1349 36 20 fin-

236 1391 27 20 ge
278 1391 24 12 ur
318 1383 106 20 allmänna
443 1383 69 20 medel
532 1383 65 20 under
618 1383 110 26 loppet.af
741 1386 31 17 tre
787 1383 33 20 ärs
836 1383 30 20 tid
882 1383 103 20 utbetalas

236 1419 6 18 i
258 1417 100 21 afseende
378 1417 12 20 å
409 1417 215 26 tillvägabringandet
643 1417 23 20 af
679 1417 78 27 nödiga
773 1417 124 28 byggnader
912 1417 31 20 för
959 1424 25 13 en

236 1451 204 26 tukthusinrättning
456 1451 34 20 vid
506 1451 136 27 Kronoborgs
662 1451 55 26 slott,
735 1451 62 20 dessa
814 1451 86 20 arbeten
918 1451 68 20 blifvit

236 1487 7 19 i
259 1485 94 28 enlighet
369 1485 86 21 dermed
472 1485 65 21 under
552 1485 50 21 ären
625 1485 60 26 1869,
703 1485 53 20 1870
771 1485 40 19 och
828 1485 50 19 1871
897 1485 88 27 utförda,
