1142 1786
872 169 34 18 373

283 230 66 20 ordne
367 230 140 20 Guvernören
523 230 35 20 till
572 230 140 21 anställande
731 230 29 27 af
777 230 96 21 särskild
895 237 36 14 ex-

280 264 199 27 propriationssyn,
495 266 33 18 att
538 265 113 26 jörrättas
667 264 8 20 i
689 264 41 20 den
745 264 94 27 ordning
857 265 14 19 8
894 263 37 21 och

283 299 13 19 9
310 298 30 26 $$
355 298 33 20 uti
404 297 166 27 Förordningen
585 297 41 21 den
641 299 30 20 12
682 297 113 21 December
806 299 58 19 1864
868 297 64 27 före-

283 331 89 27 skrifva,
388 331 90 21 hvarvid
494 330 66 22 likväl
575 332 76 20 endast
667 331 166 22 bestämmandet
844 331 29 27 af
883 335 50 17 vär-

284 365 34 21 det
334 365 34 21 mä
384 364 83 21 komma
482 364 9 20 i
500 364 78 28 fräga.

530 416 15 26 $
560 416 20 20 5.

354 460 72 22 Sedan
440 460 135 28 sakegarene,
592 467 33 14 om
641 461 24 20 sä
681 460 76 28 nödigt
768 461 97 27 pröfvas,
882 461 51 26 blif-

286 496 29 20 vit
330 495 127 27 ytterligare
472 494 71 26 hörde,
558 495 58 27 gijve
633 494 139 22 Guvernören
791 496 8 19 i
819 495 64 21 mälet
899 497 35 18 ut-

284 530 55 26 slag,
362 528 85 26 hvilket,
470 529 8 19 i
500 528 102 21 händelse
624 528 41 21 den
680 528 132 28 föreslagna
827 532 66 24 vägen
908 529 31 27 af

285 563 76 21 honom
379 562 126 28 fastställes
520 563 35 20 till
570 562 142 29 anläggning,
721 563 83 28 jemväl
819 563 38 21 bör
871 563 62 21 inne-

282 597 63 27 jatta
355 596 120 28 föreskrift
490 604 33 14 om
538 598 78 26 vägens
631 596 127 28 sträckning
773 597 37 21 och
825 597 66 20 bredd
906 603 27 14 m.

286 638 33 19 m.,
336 630 109 28 äfvensom
460 631 14 20 å
489 630 72 21 hvilka
575 632 78 26 vägens
669 630 110 28 byggande
797 630 38 22 och
853 630 80 21 under-

288 665 46 21 håll
348 664 57 22 skall
420 664 120 26 ankomma,
556 665 71 20 såsom
643 664 36 21 ock
694 665 58 21 inom
767 665 55 21 hvad
842 665 33 20 tid
893 672 41 13 an-

287 699 132 27 läggningen
442 698 68 28 deraf
528 698 38 21 bör
587 706 54 13 vara
659 698 81 28 utförd,
756 701 56 19 samt
828 700 8 19 i
851 698 84 26 hvilken

287 733 94 27 ordning
397 733 147 27 ersättningen
555 732 41 28 för
611 732 74 21 dertill
700 732 104 28 afträdda
818 740 50 20 egor
878 732 57 21 skall

288 767 112 27 erläggas;
414 766 113 21 hvarutom
537 766 138 28 fullständig
690 767 116 27 anvisning
820 773 34 15 om
872 768 64 19 sättet

282 800 42 28 för
340 800 201 28 ändringssökande
555 800 113 22 meddelas.

534 852 15 26 $
564 853 20 19 6.

362 890 84 27 Varder
460 903 75 21 genom
552 896 151 21 Guvernörens
721 897 73 27 utslag
814 897 123 26 ersättning

284 931 40 27 för
340 931 158 27 exproprierad
512 930 62 21 mark
589 931 52 20 eller
656 929 37 22 ock
707 937 75 14 annan
797 930 93 21 kostnad
899 930 38 26 för

290 969 76 24 vägens
382 965 112 28 byggande
509 964 37 21 och
561 964 116 21 underhåll
697 965 84 20 kronan
803 963 73 28 älagd,
899 963 38 20 bör

289 999 91 27 utslaget
391 999 126 21 hemställas
529 998 106 21 Senatens
645 997 118 22 Ekonomie
772 998 165 27 Departements

287 1033 114 27 pröfning.

536 1083 15 27 $
566 1085 20 19 7.

360 1124 34 25 Är
408 1128 100 21 markens
530 1128 115 27 afirädare
664 1128 105 28 missnöjd
783 1127 48 22 med
848 1127 41 21 den
904 1127 36 21 vid

291 1163 217 27 expropriationssyn
522 1162 131 21 verkställda
669 1162 148 27 värderingen,
832 1161 52 21 eller
893 1161 47 28 fin-

293 1204 37 13 ner
346 1196 94 21 Senaten
454 1196 36 21 vid
502 1196 135 28 pröfningen
661 1196 30 27 af
708 1196 34 21 det
757 1195 129 21 hemställda
905 1197 35 18 ut-

292 1231 68 28 slaget
382 1230 35 21 det
440 1231 73 20 äsatta
535 1230 73 22 värdet
623 1230 41 27 för
683 1230 40 21 den
738 1229 68 26 mark,
822 1236 45 14 som
882 1228 58 21 skall

292 1265 108 27 afträdas,
418 1264 35 23 för
468 1265 56 27 högt,
534 1264 103 28 förfares
652 1265 47 20 med
718 1265 88 20 ärendet
830 1263 67 27 enligt
913 1264 28 19 13

293 1299 36 20 och
352 1298 153 28 efterföljande
526 1299 30 27 $$
571 1299 8 20 i
591 1299 150 26 förenämnda
760 1297 141 27 Förordning
916 1296 30 23 af

294 1333 40 20 den
350 1334 30 20 12
394 1333 114 20 December
523 1334 64 20 1864.

261 1379 98 20 Finlands
375 1379 89 20 Ständer
479 1379 120 19 framhärda
615 1381 39 17 etc.

261 1413 137 26 Helsingfors,
414 1413 40 20 den
472 1413 25 20 12
512 1413 49 20 Juni
579 1413 60 20 1872.
