1142 1786
871 174 32 18 375

347 237 66 26 ”Den,
429 243 44 14 som
489 237 32 20 för
536 237 58 20 olika
611 237 54 20 brott
676 237 112 27 undergätt
796 237 129 28 ransakning

279 271 34 20 vid
330 271 50 20 flere
396 271 121 25 domstolar,
534 271 33 20 mä
582 271 98 26 slutligen
698 272 72 19 dömas
785 271 23 20 af
821 272 40 19 den
877 274 46 21 rätt,

278 306 37 19 der
337 305 39 19 han
398 305 38 19 sist
451 305 98 26 lagföres,
565 306 48 18 utan
630 306 101 20 afseende
747 306 27 26 pä
789 306 84 20 hvarest
889 306 35 19 det

278 339 79 27 gröfsta
372 339 78 20 brottet
465 339 65 19 timat.

346 373 71 26 Yppar
440 374 38 25 sig,
502 373 99 26 antingen
625 380 75 19 genom
719 380 54 20 egen
794 374 129 20 bekännelse

278 407 51 20 eller
344 407 138 25 annorlunda,
498 408 30 18 att
543 413 24 13 en
584 413 83 20 person,
684 414 43 13 som
737 408 31 19 för
780 408 65 26 mord,
865 408 59 26 dråp,

276 441 45 25 rän,
345 441 52 19 stöld
422 441 50 19 eller
495 442 63 18 annat
580 441 55 26 groft
658 441 54 20 brott
732 441 67 20 blifvit
817 442 8 19 i
843 442 78 20 allmän

276 475 136 20 straffanstalt
426 475 27 26 pä
462 475 78 26 längre
556 475 51 19 eller
622 475 84 20 kortare
722 476 29 19 tid
767 476 70 25 insatt,
857 476 64 18 innan

277 510 40 19 han
341 510 62 19 dömd
429 509 47 26 blef,
494 509 70 27 begätt
579 511 65 18 annat
661 510 60 24 brott,
737 510 30 19 för
783 510 82 19 hvilket
879 510 41 18 han

276 546 55 16 ännu
347 544 19 25 ej
384 543 110 26 undergätt
509 543 135 27 ransakning,
661 543 34 20 mä
711 544 39 19 han
767 544 18 25 ej
806 544 31 18 till
856 543 63 20 sädan

276 577 139 26 ransaknings
431 577 148 26 undergäende
603 578 139 19 öfverlemnas
762 578 6 19 i
784 584 68 13 annan
870 578 49 19 hän-

277 611 58 19 delse
351 614 25 16 än
393 613 35 22 att,
445 611 53 19 efter
513 611 107 19 inhemtad
636 611 128 26 upplysning
783 618 33 12 om
834 611 87 20 brottets

277 645 125 25 verklighet,
426 645 149 26 mälseganden
599 645 35 19 det
657 645 87 25 fordrar,
768 645 51 19 eller
835 645 40 19 ock
890 647 30 18 att

276 679 40 20 den
340 679 120 26 brottsliges
483 679 90 19 fällande
593 679 31 19 för
639 686 79 13 samma
735 679 53 19 brott
803 679 68 20 skulle
887 679 32 19 för

276 714 76 18 honom
376 713 93 19 medföra
492 713 91 26 förhöjdt
603 720 82 19 ansvar,
701 713 51 20 eller
767 713 71 26 troligt
857 720 62 19 synes

275 750 29 16 att
320 747 154 25 ransakningen
498 747 68 19 skulle
588 748 48 19 leda
655 748 30 18 till
702 747 99 26 upptäekt
817 748 22 18 af
853 748 66 19 andra

276 782 5 18 i
299 782 77 19 brottet
391 782 99 25 möjligen
506 781 125 20 invecklade
646 788 107 19 personer,
773 781 80 20 hvilket
875 782 44 24 allt,

276 816 45 20 med
346 816 106 25 undantag
475 816 22 18 af
518 816 35 19 det
568 815 43 26 fall,
631 815 26 20 dä
673 815 148 26 mälseganden
837 815 82 20 fordrar

275 850 130 26 ransakning
420 850 39 19 och
475 850 39 19 den
531 850 131 26 följaktligen
679 849 139 26 ovilkorligen
831 848 37 20 bör
879 856 40 19 ega

274 891 51 18 rum,
342 884 33 19 mä
390 884 50 19 bero
457 883 26 26 pä
498 883 158 20 vederbörande
673 884 92 18 Hofrätts
783 883 105 26 pröfning.

342 914 30 23 Är
387 918 68 26 nägon
472 917 31 20 för
520 917 104 26 begänget
641 917 54 20 brott
705 917 22 19 af
737 917 87 19 domstol
838 917 79 19 ansedd

274 952 95 19 förfallen
394 951 52 20 eller
468 951 62 20 dömd
554 951 31 19 till
613 951 74 26 högsta
710 950 132 27 kroppsplikt
866 951 51 19 eller

273 986 131 19 straffarbete
427 986 31 19 för
480 985 99 25 lifstiden,
602 985 39 20 och
656 991 68 20 yppar
739 985 30 26 sig
788 984 67 20 under
870 991 45 12 ran-

272 1020 118 25 sakningen
416 1019 50 20 eller
490 1019 63 20 sedan
570 1019 67 26 utslag
652 1019 6 19 i
675 1019 64 19 saken
757 1018 115 20 meddelats
887 1019 30 18 att

272 1055 40 18 han
326 1053 80 26 jemväl
422 1053 12 20 &
448 1059 68 14 annan
532 1055 33 18 ort
581 1053 71 26 begätt
669 1053 60 25 brott,
741 1053 30 19 för
782 1052 81 19 hvilket
875 1051 42 20 han

271 1091 56 17 ännu
343 1089 19 24 ej
378 1087 112 26 undergätt
504 1087 48 25 åtal,
568 1087 60 19 skola
643 1087 151 26 upplysningar
810 1093 33 12 om
860 1086 57 19 detta

272 1123 65 19 brotts
354 1121 115 26 verklighet
494 1121 38 20 och
550 1121 144 19 beskaffenhet
713 1121 64 25 jemte
799 1119 116 27 mälsegan-

271 1157 52 18 dens
346 1155 98 27 yttrande
465 1155 111 26 infordras,
595 1155 38 19 och
654 1155 81 26 åligger
751 1155 34 19 det
801 1154 40 19 den
857 1154 57 19 dom-

271 1190 46 25 stol,
341 1190 27 26 på
390 1189 62 19 hvars
475 1189 157 26 handläggning
655 1189 65 19 saken
740 1188 129 21 ankommer,
885 1190 31 17 att

271 1224 91 20 derefter
379 1223 115 20 bestämma
516 1229 33 14 om
573 1223 72 20 vidare
665 1222 128 27 ransakning
812 1222 33 19 må
861 1222 53 20 före-

270 1260 66 23 tagas,
360 1257 52 20 eller
432 1264 32 13 om
482 1257 40 20 den
539 1257 108 26 brottslige
664 1257 37 19 bör
717 1258 73 25 genast
807 1256 107 20 befordras

270 1292 30 19 till
316 1292 36 19 det
367 1291 63 25 straff,
448 1291 82 19 hvartill
546 1291 40 19 han
603 1291 64 20 redan
683 1293 78 17 ansetts
777 1290 96 20 förfallen
886 1290 28 19 el-

269 1326 30 19 ler
315 1325 68 20 blifvit
398 1325 70 19 dömd.
497 1325 25 26 Ej
539 1325 33 19 mä
587 1325 128 26 ransakning
731 1331 33 13 om
780 1324 36 20 det
829 1324 84 26 yppade

270 1361 76 18 brottet
369 1359 111 26 företagas,
503 1361 48 17 utan
575 1359 22 19 sä
620 1361 23 17 är
665 1361 30 17 att
713 1358 150 27 mälseganden
879 1358 36 19 det

268 1394 81 19 fordrar
372 1393 52 20 eller
446 1395 30 18 att
498 1393 50 20 derä
566 1393 67 19 skulle
649 1393 50 26 följa
714 1393 65 26 högre
795 1398 76 13 ansvar
886 1395 27 16 än

267 1428 42 25 det,
333 1427 83 20 hvartill
439 1427 40 20 den
502 1427 109 26 brottslige
633 1427 65 20 redan
719 1428 78 18 ansetts
816 1425 97 20 förfallen

268 1462 52 19 eller
342 1462 69 20 blifvit
433 1461 70 26 dömd,
526 1461 51 20 eller
595 1467 70 14 annan
682 1461 89 19 domstol
790 1460 65 26 yrkar
871 1460 41 19 den

268 1496 120 26 brottsliges
410 1496 134 25 inställande,
567 1495 51 20 eller
641 1494 40 20 ock
704 1494 115 26 anledning
842 1496 23 17 är
880 1493 31 20 till
