1142 1786
867 161 33 16 345

172 223 76 20 reform
273 223 22 20 af
314 223 48 20 vida
378 225 66 17 större
461 222 116 27 betydelse,
594 223 107 19 lemnades
717 223 142 26 obegagnadt.
891 224 30 27 Ty

173 257 99 26 ständiga
287 257 148 24 häradsrätter,
452 257 98 19 försedda
565 263 24 13 en
607 257 52 19 hvar
671 257 46 20 med
729 263 25 14 en
766 257 55 20 enda
832 258 31 19 för
875 258 48 20 hela

173 291 115 26 domsagan
308 297 123 20 gemensam
448 291 109 25 tingsstad,
573 291 40 19 och
629 291 22 19 af
665 291 72 19 hvilka
752 293 169 19 sammanträden

174 325 66 19 hölles
256 325 128 19 åtminstone
400 331 25 13 en
442 325 56 26 gång
513 325 7 19 i
536 324 111 26 månaden,
663 325 46 20 med
722 326 106 27 undantag
839 327 23 19 af
873 334 48 13 som-

174 359 172 20 marmånaderna
368 359 38 20 och
420 358 97 27 jultiden,
534 358 67 20 skulle
617 359 113 27 onekligen
747 360 49 20 vida
813 361 74 27 bättre,
896 364 25 17 än

174 393 164 20 ambulatoriska
362 393 141 19 häradsrätter
527 393 46 19 med
597 395 32 17 tre
651 393 31 19 till
699 394 46 26 fyra
760 394 44 26 ting
820 402 33 13 om
871 396 51 26 året,

175 430 104 18 motsvara
305 428 68 19 tidens
402 427 64 19 behof
487 427 23 19 af
533 434 25 12 en
581 427 174 26 skyndsammare
778 429 143 28 lagskipning.

174 462 71 20 Skulle
269 462 101 26 derjemte
394 461 131 27 tingsstaden
546 462 53 18 efter
615 462 136 26 möjligheten
768 463 107 27 förläggas
891 465 29 19 till

174 496 78 20 midten
268 496 22 20 af
304 496 114 26 domsagan
435 498 54 17 samt
504 496 193 26 häradshöfdingen
714 496 107 28 förpligtas
837 500 30 18 att
877 498 43 20 haf-

175 537 25 13 va
222 531 32 19 sin
272 530 72 20 bostad
360 530 12 19 å
388 529 75 26 sjelfva
482 529 129 26 tingsstaden
627 530 51 19 eller
693 530 7 20 i
716 530 47 20 dess
779 532 74 20 närhet
868 536 54 16 samt

174 567 28 17 att
220 564 62 20 äfven
298 564 37 21 der
352 564 82 19 förvara
450 564 126 26 domsagans
592 564 67 26 arkiv,
676 564 23 20 så
714 565 67 20 skulle
797 567 123 26 härigenom

175 599 26 19 de
217 599 61 19 svåra
293 598 137 26 olägenheter
446 598 38 19 och
501 598 118 19 rättsvådor
636 598 71 20 kunna
723 600 109 26 undvikas,
849 601 72 21 hvilka

175 640 26 12 nu
217 634 18 24 ej
254 633 65 19 sällan
336 632 74 26 uppstå
426 632 128 26 derigenom,
570 634 30 18 att
616 632 189 28 häradshöfdingen
823 636 18 25 ej
859 635 40 20 kan
914 636 7 19 i

174 668 92 19 hemmet
289 666 99 20 anträffas
412 667 22 19 af
455 673 107 19 personer,
585 666 78 26 hvilka,
687 667 106 27 okunniga
815 676 33 13 om
869 670 52 19 hans

175 701 97 20 frånvaro
288 701 12 19 å
316 701 68 26 någon
407 700 189 27 förrättningsresa,
612 701 91 20 anlända
719 702 30 19 till
765 702 50 20 hans
831 704 92 20 hemvist

174 735 30 20 för
228 738 30 16 att
280 735 44 19 utfå
347 735 63 26 något
429 735 31 19 för
476 735 48 19 dem
541 735 74 26 nödigt
631 736 58 19 bevis
705 736 50 20 eller
771 743 68 14 annan
856 738 63 20 hand-

174 770 51 25 ling,
248 769 52 20 eller
323 769 122 26 derigenom
468 770 30 18 att
518 769 192 27 häradshöfdingen
727 770 47 20 icke
789 771 41 20 kan
848 772 30 20 till
895 772 26 21 de

174 803 220 27 förrättningsställen,
410 803 12 19 å
438 803 72 19 hvilka
526 803 39 19 han
582 803 71 20 kunde
670 804 76 26 träffas,
758 806 93 20 medföra
863 806 58 20 dom-

174 845 77 19 sagans
266 838 67 24 arkiv,
349 838 89 19 likasom
455 837 39 20 ock
512 838 129 26 derigenom,
657 840 30 18 att
702 838 97 21 domaren
816 840 47 20 icke
879 842 41 19 kan

174 879 37 13 ens
228 873 30 19 till
275 873 72 26 tingen
364 872 97 25 medtaga
476 872 42 19 alla
535 872 25 19 de
577 872 255 28 författningssamlingar,
848 876 73 19 hvilka

174 907 36 19 der
234 906 71 19 kunna
328 906 30 19 för
382 906 75 19 honom
480 906 64 19 blifva
562 906 105 26 behöfliga
682 907 32 19 för
729 909 30 18 ett
774 908 102 27 lagenligt
891 910 29 19 af-

174 940 92 27 görande
282 940 24 19 af
320 940 40 19 mål
376 940 44 19 utaf
435 940 81 19 mindre
533 940 70 26 vanlig
619 940 152 21 beskaffenhet.
796 942 73 27 Enligt
883 944 37 19 Ut-

176 974 88 20 skottets
288 974 63 20 tanke
375 974 64 20 borde
456 981 25 12 en
498 974 64 20 sådan
579 975 122 26 förändring
716 975 23 20 af
753 976 168 23 häradsrätterna

174 1009 30 19 till
227 1002 137 33 permanenta
388 1008 113 20 domstolar
525 1009 70 19 kunna
619 1011 48 17 utan
683 1010 108 27 syunerlig
807 1011 114 27 olägenhet

175 1043 31 19 för
223 1042 149 27 befolkningen
389 1043 135 26 genomföras
540 1043 6 18 i
562 1043 43 19 alla
621 1043 25 20 de
663 1043 116 27 domsagor,
797 1045 72 20 hvilka
883 1053 36 13 an-

173 1077 71 26 tingen
265 1076 65 20 redan
350 1083 26 12 nu
393 1076 113 20 innehafva
523 1077 50 19 eller
589 1083 75 20 genom
681 1078 104 26 reglering
801 1079 70 20 kunde
888 1087 31 13 er-

174 1111 55 19 hålla
252 1111 35 19 det
309 1110 91 26 omfång,
423 1112 30 17 att
474 1110 105 20 afståndet
603 1111 43 20 från
668 1111 148 27 domsagornas
831 1115 90 24 yttersta

174 1147 86 24 gränser
276 1144 31 19 till
323 1144 39 20 den
374 1145 6 18 i
393 1145 78 19 midten
488 1145 96 26 förlagda
601 1145 130 26 tingsstaden
743 1147 18 25 ej
773 1146 69 21 blefve
853 1150 67 19 större

173 1181 26 17 än
216 1179 52 25 fyra,
285 1179 40 19 fem
341 1179 51 19 eller
408 1179 61 26 högst
484 1185 37 13 sex
538 1179 42 19 mil.

242 1212 37 20 Att
302 1218 25 14 en
352 1212 64 20 sådan
440 1212 76 20 reform
534 1212 82 20 komme
632 1215 30 17 att
677 1213 85 27 påkalla
777 1214 61 21 äfven
855 1216 65 27 några

174 1253 42 20 nya
239 1247 155 26 bestämningar
416 1247 110 26 angående
551 1247 111 26 nämnden,
686 1248 92 26 hvilken,
802 1250 67 27 enligt
884 1251 35 20 Ut-

174 1281 88 20 skottets
286 1281 70 26 tanke,
372 1281 65 20 borde
453 1281 25 28 få
489 1281 127 20 distriktsvis
633 1281 65 27 väljas
714 1283 23 18 af
750 1283 25 19 de
792 1283 30 20 till
839 1284 80 21 domsa-

173 1322 67 20 gorna
263 1315 93 20 hörande
370 1315 154 20 kommunerna
540 1318 52 17 samt
609 1322 48 13 vara
673 1316 86 27 skyldig
775 1319 29 18 att
819 1318 53 20 efter
888 1322 33 17 tur

173 1350 116 25 tjenstgöra
313 1350 34 19 vid
368 1349 179 20 häradsrätternas
563 1351 176 25 sammanträden,
755 1357 62 20 synes
834 1353 85 20 Utskot-

173 1386 30 17 tet
219 1390 49 13 vara
283 1383 111 26 sjelffallet.
641 1407 2 2 N

241 1417 31 20 En
297 1420 95 17 närmare
411 1417 112 26 utreduing
540 1418 56 19 såväl
613 1419 79 25 härom,
708 1425 44 14 som
769 1420 110 27 angående
894 1423 26 20 de

173 1451 118 26 domsagor,
307 1451 7 19 i
330 1451 72 20 hvilka
423 1458 127 18 permanens
573 1452 64 20 redan
661 1459 27 13 nu
712 1453 69 20 kunde
800 1454 118 22 åstadkom-

175 1491 51 20 mas,
249 1485 39 19 och
312 1485 54 26 dem,
382 1486 6 18 i
404 1485 73 20 hvilka
500 1492 25 13 en
550 1486 64 20 sådan
634 1487 47 19 icke
705 1490 56 16 ännu
785 1494 48 14 vore
850 1490 72 28 möjlig
