1142 1786
866 157 33 18 407

172 220 96 19 farenhet
289 220 71 19 kunna
383 221 6 18 i
412 220 66 20 saken
502 221 64 19 uttala
588 221 31 20 sin
643 221 90 26 mening.
752 232 23 3 —
792 221 128 26 Härigenom

172 253 74 26 skulle,
270 254 68 19 såvidt
358 255 37 26 jag
418 254 82 26 förstår,
521 255 37 19 allt
573 255 85 24 vinnas;
674 255 5 18 i
696 254 36 20 det
747 256 30 18 att
792 255 128 19 Ständernes

172 290 41 17 rätt
228 290 30 17 att
272 291 49 23 taga
336 289 34 19 del
386 289 6 19 i
410 289 165 19 bestämmandet
590 289 23 19 af
625 295 26 13 en
670 288 67 26 afgift,
762 295 44 13 som
830 289 90 19 drabbar

173 323 48 19 hela
236 322 78 26 landet,
330 322 12 20 &
358 329 40 13 ena
412 322 60 20 sidan
488 329 50 13 vore
554 322 99 26 bevarad,
676 322 39 20 och
735 322 97 20 städerne
853 323 12 19 &
880 324 39 19 den

173 357 65 20 andra
254 356 153 27 tillskyndades
422 356 42 20 alla
479 356 26 20 de
521 356 96 25 fördelar,
633 362 44 14 som
694 358 30 18 ett
739 356 87 21 enklare
846 357 74 20 beräk-

173 391 70 26 nings-
259 391 39 20 och
314 390 149 27 uppbördssätt
478 390 155 26 otvifvelaktigt
649 390 99 20 medföra.

240 425 72 20 Skulle
335 425 58 19 detta
415 424 78 26 förslag
515 424 63 19 vinna
601 424 25 20 de
648 431 54 19 resp.
725 424 104 20 Ståndens
855 425 66 26 bifall,

172 459 59 20 torde
254 459 87 20 ärendet
366 459 50 20 böra
438 458 133 20 återförvisas
594 458 30 20 till
651 465 27 19 ny
703 458 128 27 behandling
853 459 7 19 i
884 459 36 19 Ut-

172 493 84 20 skottet.

342 669 243 20 Ekonomiutskottets
600 668 149 21 betänkande
765 670 30 19 N:o
810 670 12 19 3
837 669 7 20 i
855 669 66 21 anled-

309 704 45 26 ning
374 704 22 19 af
412 704 60 19 Hans
490 703 135 27 Kejserliga
644 703 120 27 Majestäts
787 704 70 26 Nådiga
876 710 46 20 pro-

309 738 90 26 position,
422 738 98 26 angående
543 738 81 26 ändring
642 738 21 20 af
679 738 86 26 grunden
785 738 30 20 för
830 738 91 26 tolagsaf-

311 772 70 26 giftens
396 772 130 20 beräknande.

242 835 40 20 Vid
298 835 152 26 föredragning
466 834 22 20 af
501 834 219 20 Ekonomiutskottets
736 835 40 19 den
793 835 27 19 22
831 834 90 20 förlidne

173 870 99 20 Februari
289 869 59 26 gifna
364 868 133 21 betänkande
513 869 6 19 i
535 868 115 26 anledning
665 868 22 20 af
701 869 137 19 förenämnda
857 869 64 19 Nådi-

173 911 27 19 ga
215 903 137 26 proposition,
368 903 63 20 hafva
446 902 98 26 samtliga
559 902 92 19 Stånden
668 902 31 19 till
714 902 208 20 Ekonomiutskottet

174 937 161 20 återremitterat
350 937 93 25 ärendet,
466 937 40 19 uch
521 937 26 19 då
566 936 107 20 Utskottet
688 937 23 19 af
724 936 64 20 sådan
805 937 114 26 anledning

175 978 25 13 nu
217 971 31 20 till
264 971 88 26 förnyad
370 971 129 26 behandling
514 971 98 26 företagit
627 971 122 25 detsamma,
767 971 38 19 har
816 971 107 20 Utskottet

174 1005 74 25 funnit,
263 1007 30 18 att
308 1005 26 20 de
350 1005 104 20 särskilda
470 1005 99 25 Stånden,
586 1005 47 20 med
649 1005 107 26 undantag
771 1005 22 19 af
802 1005 121 26 Höglofliga

173 1039 155 26 Ridderskapet
344 1039 39 20 och
400 1039 75 26 Adeln,
496 1039 107 20 förordnat
623 1041 29 18 att
669 1039 142 20 betänkandet
827 1039 6 19 i
849 1039 72 26 frågan

175 1073 63 20 borde
254 1073 23 20 af
291 1073 107 20 Utskottet
413 1073 119 20 omarbetas
547 1073 6 19 i
569 1073 94 26 enlighet
682 1073 47 20 med
749 1073 107 19 Professor
875 1072 47 21 Cle-

175 1114 35 13 ves
226 1107 34 20 vid
277 1107 117 20 Utskottets
411 1107 133 26 förstafgifna
555 1107 133 20 betänkande
699 1107 76 26 fogade
786 1107 137 26 reservation,

174 1142 59 19 hvari
249 1141 95 20 förordas
367 1141 169 26 tolagsafgiftens
558 1141 135 20 beräknande
718 1141 66 26 enligt
803 1141 38 20 den
859 1141 7 19 i
882 1141 40 20 den

173 1176 83 26 Nådiga
271 1175 157 27 propositionen
445 1175 120 26 föreslagna
579 1175 74 26 grund,
670 1175 19 19 d.
706 1182 18 12 v.
740 1182 17 13 s.
773 1176 6 18 i
799 1176 89 25 procent
903 1175 22 19 af

173 1210 116 25 tullsatsen,
313 1216 48 13 men
384 1209 75 20 endast
480 1209 54 19 intill
555 1209 105 26 utgången
677 1209 22 19 af
713 1209 22 20 år
753 1209 60 26 1877,
829 1209 94 19 hvarför-

173 1245 64 19 innan
262 1244 118 19 Ständerna
402 1243 44 20 åter
466 1243 86 20 komma
567 1245 30 18 att
611 1243 157 20 sammanträda
783 1243 39 20 och
841 1243 82 20 således

173 1278 27 27 på
215 1278 67 27 grund
299 1278 23 19 af
335 1277 89 26 förnyad
440 1277 69 26 Nådig
525 1277 129 26 proposition
670 1279 53 18 samt
739 1277 118 20 emellertid
873 1283 49 12 vun-

175 1319 40 12 nen
232 1311 120 20 erfarenhet
367 1311 71 20 kunna
453 1311 7 20 i
476 1311 66 20 saken
558 1312 64 19 uttala
637 1312 39 26 sig.

241 1346 48 19 Med
304 1346 100 20 afseende
420 1345 51 20 härå
486 1346 40 19 och
542 1345 25 20 då
583 1345 90 20 flertalet
687 1345 24 20 af
724 1345 26 20 de
766 1345 73 25 talare,
851 1344 72 19 hvilka

173 1381 35 19 vid
231 1381 97 19 ärendets
353 1380 128 26 behandling
504 1380 38 19 hos
566 1379 119 27 Höglofliga
708 1379 155 25 Ridderskapet
884 1379 39 19 och

172 1415 69 19 Adeln
261 1415 105 26 uppträdt,
388 1414 78 26 jemväl
490 1414 92 20 förordat
606 1414 87 20 berörde
709 1414 130 20 reservation
855 1413 67 20 såsom

172 1449 67 26 grund
256 1449 31 19 för
303 1448 117 20 Utskottets
437 1448 103 26 förnyade
560 1448 135 26 behandling,
718 1448 37 26 går
774 1447 107 20 Utskottet
895 1449 30 17 att

173 1483 6 19 i
196 1483 94 25 enlighet
305 1483 87 19 härmed
408 1482 81 26 afgifva
504 1484 47 24 nytt
566 1482 134 20 betänkande
715 1482 7 19 i
737 1481 73 21 saken.
