1142 1786
851 168 34 17 523

156 232 80 24 mark”,
258 232 108 19 äfvensom
390 233 30 17 att
442 231 27 26 pä
492 231 65 19 andra
579 231 74 19 ställen
673 231 6 19 i
699 231 150 26 författningen
867 232 39 19 den

155 266 117 20 fastställda
296 265 100 20 latituden
423 265 63 20 borde
510 265 119 20 förutsättas
649 265 79 26 jemväl
746 265 34 20 vid
799 265 60 27 fråga
874 272 32 13 om

156 300 70 20 böters
243 299 143 26 fördubbling,
404 299 38 19 och
459 299 76 25 denna,
550 299 31 19 till
601 299 106 19 vinnande
731 299 22 19 af
775 299 64 26 nödig
861 299 46 26 tyd-

155 334 73 26 lighet,
244 334 73 25 hvarje
333 333 56 26 gång
405 332 131 27 fullständigt
552 333 112 25 uttryckas.

225 368 39 20 Det
279 368 6 19 i
302 370 10 22 $
328 368 26 18 78
370 367 23 19 af
406 367 137 26 Högvördiga
558 368 79 18 Preste-
658 367 39 19 och
721 367 114 27 Vällofliga
857 368 48 19 Bor-

154 402 141 26 gareständen
319 401 111 20 anmärkta
450 401 90 26 tryckfel
563 402 22 23 ”S
609 401 45 26 72”,
670 408 44 13 som
739 402 110 26 rätteligen
870 402 37 20 bör

155 436 49 20 heta
220 436 22 24 ”S
259 436 45 25 777,
322 436 58 19 torde
396 435 20 19 få
432 438 70 17 rättas.

224 470 140 19 Alldenstund
386 470 96 26 samtlige
505 470 92 19 Stånden
621 469 102 20 förkastat
739 476 61 12 mom.
820 469 24 26 a)
860 469 46 23 af
895 465 15 35 $

156 504 32 26 45,
204 504 60 19 hvari
280 504 112 20 Städernas
409 504 120 19 handlande
546 504 120 26 berättigats
687 505 30 18 att
739 504 84 25 försälja
846 503 59 20 brän-

156 538 34 20 vin
207 538 5 20 i
229 538 61 26 parti,
305 538 60 19 torde
382 540 9 22 $
407 538 26 19 79
451 537 51 20 böra
517 537 80 20 erhålla
612 538 93 25 följande
721 537 91 26 lydelse:

316 571 252 21 ”Bränvinstillverkare
584 571 52 21 eller
655 571 122 20 distillatör
789 578 45 13 som
845 571 61 20 miss-

258 605 95 21 brukar”
366 612 17 13 o.
392 612 16 13 s.
418 612 17 13 v.
445 606 67 26 enligt
516 605 111 27 förslaget
639 605 59 20 intill
709 605 40 20 den
760 606 93 26 mening,
861 611 45 13 som

258 639 108 27 begynner
387 639 49 21 med
458 640 67 20 orden
547 639 142 27 ”öfverträda
712 638 125 21 tillverkare
853 638 53 20 eller

258 673 135 21 distillatöv”
409 673 87 21 hvilken
510 674 86 27 mening
611 673 69 21 skulle
696 673 70 27 blifva
784 673 25 20 sä
829 672 77 28 lydan-

258 707 36 20 de:
308 702 150 32 ”Öfverträda
474 707 123 21 tillverkare
616 708 52 20 eller
686 707 121 21 distillatör
826 706 57 21 hvad
899 707 8 19 i

256 741 31 27 $$
309 742 35 24 56,
367 742 28 20 57
417 741 39 21 och
474 742 28 20 64
517 744 27 18 är
554 741 166 27 föreskrifvet”,
736 748 17 13 0.
769 748 16 13 s.
801 748 18 13 v.
839 741 67 27 enligt

252 774 118 28 förslaget.

451 843 111 20 Artikeln
579 843 28 20 VI.

223 905 137 26 Högvördiga
383 905 166 20 Presteståndets
572 905 65 20 under
660 907 9 22 $
693 905 26 19 89
743 905 78 20 fattade
838 905 66 20 beslut

154 973 142 26 nobetjente”,
312 973 66 26 torde,
394 973 68 20 såsom
479 973 22 19 af
514 975 64 17 annat
593 973 64 19 Stånd
674 973 47 19 icke
737 973 130 26 understödt,
885 973 20 20 få

154 1007 88 19 förfalla.

222 1043 10 21 S
248 1041 27 19 92
294 1043 22 16 är
334 1040 22 20 af
377 1041 121 26 Höglofliga
520 1041 153 26 Ridderskapet
697 1041 39 20 och
759 1041 69 20 Adeln
851 1044 54 17 samt

153 1075 138 26 Högvördiga
306 1075 158 19 Presteständet
478 1077 90 24 antagen
585 1075 7 19 i
608 1075 94 26 enlighet
719 1075 46 20 med
782 1075 40 19 den
841 1075 64 20 Nädi-

153 1115 27 20 ga
196 1109 165 26 propositionen,
378 1109 53 19 dock
448 1109 22 18 sä
486 1111 30 17 att
531 1109 130 19 sistnämnda
683 1109 65 19 Ständ
771 1109 134 20 omformule-

153 1145 31 17 rat
201 1143 63 19 första
281 1143 111 26 meningen
410 1143 30 19 till
456 1143 93 26 följande
564 1143 81 26 lydelse
661 1143 107 26 nemligen
788 1143 117 26 ”förbryter

153 1177 32 25 sig
201 1177 72 19 hustru
289 1179 57 17 emot
362 1177 53 19 hvad
431 1177 6 19 i
454 1177 69 19 denna
539 1177 121 26 förordning
676 1179 23 17 är
718 1177 105 25 stadgadt,
846 1177 60 19 skola

153 1210 55 20 både
225 1217 90 13 mannen
332 1211 38 19 och
388 1211 40 19 hon
446 1211 30 19 för
492 1211 139 26 förbrytelsen
648 1211 60 19 fällas
725 1211 30 19 till
778 1217 81 19 ansvar,
883 1211 22 19 sä

153 1245 62 19 framt
231 1245 46 19 fullt
293 1245 58 20 bevis
368 1245 82 26 företes,
467 1247 30 18 att
512 1245 41 20 den
569 1245 56 20 skett
641 1245 47 20 med
704 1245 52 20 hans
777 1245 127 26 begifvande

153 1279 52 19 eller
222 1279 95 26 vetskap,
333 1279 7 19 i
355 1285 69 13 annan
441 1279 101 20 händelse
558 1282 21 16 är
595 1279 75 20 endast
690 1279 87 20 hustrun
800 1279 103 20 underka-

152 1313 45 20 stad
222 1313 25 19 de
271 1313 109 26 påföljder,
404 1319 43 13 som
469 1314 66 18 finnas
551 1313 32 19 för
597 1313 141 26 förbrytelsen
755 1316 82 21 utsatta,
857 1321 46 12 men

153 1353 90 13 mannen
267 1347 95 20 deremot
385 1347 44 19 frän
454 1347 37 19 allt
505 1353 76 14 ansvar
597 1347 43 20 fri”.
670 1348 49 19 Med
734 1348 100 20 afseende
854 1349 51 19 härä

152 1381 39 19 och
204 1381 67 26 jemte
287 1381 35 19 det
345 1381 39 19 den
408 1381 22 19 af
447 1381 136 26 Högvördiga
605 1382 157 19 Presteständet
785 1383 120 26 föreslagna

151 1415 91 25 ändring
258 1415 22 18 af
294 1415 64 19 första
373 1415 113 26 meningen
503 1416 29 19 uti
548 1415 159 26 ifrägavarande
724 1418 17 23 $,
757 1416 67 19 säsom
837 1417 20 18 af
868 1417 35 18 nä-

150 1451 37 24 got
209 1450 65 18 annat
297 1448 65 20 Ständ
384 1449 48 20 icke
455 1449 134 26 understödd,
614 1450 59 20 torde
697 1450 50 20 böra
767 1450 89 25 förfalla,
872 1450 31 19 fär
