1142 1786
875 165 34 18 573

277 231 59 27 fallt
353 229 161 28 förbrytelsens
539 229 106 27 begående
663 229 54 20 eller
732 229 41 20 den
793 229 140 20 annorlunda

278 265 106 26 främjat,
401 264 13 20 å
429 265 44 20 sätt
488 270 52 21 nyss
555 263 65 27 sagdt
635 264 32 23 är,
687 269 92 14 ansvare
799 263 41 20 den
855 262 78 21 brotts-

284 299 42 27 lige
342 304 72 14 ensam
424 297 42 28 för
481 297 181 27 öfverträdelsen,
678 297 71 19 derest
767 297 22 25 ej
808 302 75 14 annan
898 295 37 21 ho-

282 339 50 14 nom
347 332 76 20 dervid
439 331 83 21 biträdt
538 330 38 21 och
587 329 42 27 för
649 330 70 20 sådan
736 329 133 27 delaktighet
879 330 57 26 jem-

282 366 37 20 väl
333 367 60 26 gjort
408 366 34 26 sig
458 365 35 20 till
508 371 80 14 ansvar
599 363 120 28 förfallen.

575 421 16 27 $
605 421 34 20 93.

352 467 16 20 I
380 466 47 21 alla
442 466 26 21 de
478 466 50 27 fall
542 466 29 20 då
586 466 47 20 åtal
647 467 63 25 göres
721 464 42 27 för
778 465 75 28 oloflig
869 465 66 21 brän-

284 500 192 28 vinsförsäljning,
492 500 44 20 kan
551 499 101 27 köparen,
667 502 55 18 utan
733 499 78 21 hinder
821 499 30 27 af
861 500 72 20 denna

285 536 35 20 sin
336 534 112 28 egenskap,
464 534 25 20 så
498 534 74 27 framt
587 533 43 21 han
641 532 42 28 för
697 533 71 27 öfrigt
778 533 75 27 finnes
875 533 58 27 ojäf-

284 571 36 26 vig
336 569 39 20 och
398 568 97 21 särskild
517 567 115 28 angifvare
647 567 113 27 uppträdt,
776 567 105 27 åberopas
897 568 36 20 till

284 604 68 20 vittne
367 602 39 21 och
420 602 72 20 såsom
506 601 71 21 sådan
591 601 98 27 edeligen
705 600 71 22 höras.

577 658 16 27 $
607 659 34 19 94.

353 704 53 20 Alla
421 704 9 20 i
445 704 71 20 denna
531 702 140 28 Förordning
687 703 107 27 stadgade
805 702 59 22 böter
871 703 62 20 skola

285 740 88 26 uttagas
389 737 30 27 af
430 738 41 20 den
486 736 122 28 sakfälldes
623 737 102 27 egendom
740 737 9 20 i
765 737 40 20 löst
821 737 38 21 och
875 737 57 27 fast,

284 772 26 21 så
325 772 61 27 långt
402 772 94 26 tillgång
506 770 81 28 finnes,
602 772 56 19 samt
668 770 148 28 förvandling
831 778 39 20 ega
885 778 48 14 rum

285 806 77 20 endast
373 805 42 27 för
430 805 42 25 det,
488 811 44 14 som
548 804 76 21 dervid
639 804 46 20 icke
706 804 69 27 utfås.
804 804 71 22 Dessa
899 804 34 21 bö-

286 842 38 22 ter,
339 840 72 20 såvidt
427 839 25 21 de
467 839 59 27 utgå,
538 838 103 27 fördelas
657 838 101 26 sålunda,
781 841 32 19 att
836 839 36 21 två
891 841 42 18 tre-

286 874 101 27 djedelar
403 872 70 27 deraf
485 872 93 27 tillfalla
593 872 121 27 åklagaren
730 872 38 21 och
783 880 26 13 en
825 873 108 26 tredjedel

285 907 138 28 angifvaren,
447 907 29 20 då
498 906 26 21 de
546 909 130 24 gemensamt
699 907 62 20 åtala
775 906 157 28 förbrytelsen,

284 948 48 14 men
347 941 120 27 åklagaren
482 940 94 25 odeladt,
593 940 29 21 då
637 940 44 21 han
696 947 73 14 ensam
784 940 63 27 utför
861 941 72 20 målet.

284 975 34 21 På
333 974 116 21 enahanda
470 976 45 19 sätt
524 973 103 28 förfares
650 973 64 28 äfven
735 974 49 21 med
805 975 77 20 värdet
891 974 43 27 för

280 1008 120 27 förbruten
414 1008 100 27 redskap,
531 1008 91 21 bränvin
638 1007 38 21 och
691 1011 69 18 annat
774 1008 61 27 gods,
855 1009 8 20 i
879 1008 54 21 hvil-

284 1042 35 21 ket
335 1041 99 28 afseende
450 1042 32 21 all
496 1042 71 21 sådan
582 1042 102 27 egendom
699 1041 38 21 bör
751 1049 75 20 genom
842 1042 91 27 åklaga-

283 1083 51 14 rens
344 1075 92 28 försorg
452 1077 13 19 å
480 1076 99 27 offentlig
595 1075 89 21 auktion
694 1075 113 28 försäljas
817 1078 56 18 samt
880 1082 54 20 pro-

285 1110 87 21 tokollet
388 1109 100 28 deröfver
503 1109 37 21 hos
556 1110 119 20 domstolen
684 1109 91 28 företes,
787 1110 32 27 på
835 1109 35 21 det
881 1109 53 21 auk-

285 1144 175 27 tionsskillingen
475 1144 35 20 må
525 1143 73 21 kunna
609 1144 8 20 i
627 1143 184 28 saköreslängden
822 1143 36 21 till
871 1143 63 20 redo-

283 1179 88 26 visning
385 1180 116 25 upptagas.

575 1234 15 27 $
608 1234 35 20 95.

352 1279 66 21 Hvad
440 1279 29 27 af
487 1279 64 25 böter,
572 1285 45 14 som
632 1279 9 20 i
655 1279 74 27 grund
751 1279 29 28 af
796 1280 16 26 $
833 1281 29 20 68
880 1280 53 20 ådö-

283 1321 53 18 mas,
352 1313 46 21 icke
413 1313 72 27 utgår,
501 1312 58 21 skall
568 1312 135 27 förvandlas
723 1313 35 21 till
771 1313 104 28 fängelse
893 1320 40 14 un-

284 1348 39 21 der
334 1347 106 28 följande
456 1347 43 20 tid:

283 1382 46 20 För
344 1381 60 21 böter
419 1381 35 20 till
470 1380 38 21 och
522 1381 49 20 med
581 1380 79 27 femtio
679 1381 63 20 mark
775 1397 4 4 .
809 1382 28 19 14
853 1381 78 28 dagar,

279 1415 58 27 från
348 1415 78 27 femtio
440 1415 34 20 till
486 1414 39 21 och
533 1415 48 20 med
591 1415 118 20 etthundra
719 1415 62 20 mark
809 1416 29 21 20
881 1431 11 10 ,

306 1465 10 10 »
352 1449 118 20 etthundra
486 1449 35 20 till
540 1448 38 21 och
595 1449 48 20 med
663 1449 117 20 etthundra

346 1482 78 28 Jemtio
439 1483 63 20 mark
530 1498 5 4 .
565 1498 40 4 ss
636 1497 5 5 .
671 1498 5 4 <
707 1497 39 6 <.
777 1497 4 5 +
811 1483 28 20 30
882 1498 10 11 ,
