1142 1786
236 158 34 17 440

527 223 92 20 Artikel
634 223 27 21 11.

284 274 42 20 Om
348 275 90 25 tillsyn
459 274 42 20 vid
521 274 125 20 bränvins
665 274 172 26 tillverkning
852 275 47 20 och

507 314 169 26 distillering.

562 378 10 22 $
588 376 33 20 23.

286 421 40 20 Vid
349 421 74 27 hvarje
447 422 98 20 bränneri
568 422 61 26 skall,
652 422 27 20 då
698 422 87 20 bränvin
807 422 36 20 der
859 422 109 20 tillverkas

218 456 52 20 eller
292 456 120 26 distilleras,
436 462 50 14 vara
508 456 90 20 anställd
622 462 25 14 en
671 456 123 25 kontrollör,
817 456 38 20 der
878 457 19 25 ej
917 456 51 20 flere

218 490 124 20 brännerier
358 490 71 20 kunna
444 490 66 20 under
526 490 83 26 uppsigt
625 490 22 20 af
661 497 24 13 en
707 497 121 19 gemensam
852 490 117 20 koutrollör

216 524 79 20 ställas.
325 524 156 26 Kontrollören,
497 530 45 14 som
558 524 23 20 af
594 524 145 26 Länestyrelse
751 527 88 24 antages
851 525 31 19 för
896 524 72 26 hvarje

218 558 83 26 termin,
317 558 105 20 derunder
439 558 238 27 bränvinstillverkning
697 561 24 17 är
736 558 89 27 tillåten,
843 558 90 21 erhåller
949 559 22 20 af

218 592 82 20 kronan
316 593 78 19 arvode
410 593 47 19 med
475 593 62 19 minst
552 593 43 19 åtta
611 593 38 19 och
666 593 61 26 högst
743 593 28 19 tio
791 593 58 19 mark
869 593 32 19 för
917 593 51 26 dyg-

218 628 42 24 net,
276 626 86 20 hvarom
378 626 154 27 Länestyrelse,
549 627 46 19 med
611 627 100 19 afseende
727 626 12 20 å
755 627 35 20 det
806 627 31 19 för
848 626 121 21 bränneriet

219 660 107 27 medgifna
348 660 227 27 tillverkningsbelopp
599 661 39 19 och
661 661 65 19 andra
748 661 152 25 förhållanden,
920 668 49 20 eger

218 697 97 17 närmare
338 694 124 26 bestämma,
485 697 53 18 samt
560 695 23 20 af
604 695 244 26 bränvinstillverkaren,
870 697 49 18 utan
938 702 30 13 er-

218 729 100 26 sättning,
342 729 152 26 husmanskost,
516 730 66 25 jemte
605 729 84 26 enskilt,
711 730 122 25 möbleradt,
849 729 121 26 anständigt

220 763 136 27 boningsrum
373 763 46 20 med
436 766 78 23 värme,
530 764 46 26 ljus,
593 764 130 26 uppassning
738 764 39 19 och
801 763 78 27 nödiga
901 763 68 19 tillbe-

218 796 45 26 hör,
279 796 13 20 å
308 797 71 20 stället
394 798 37 19 der
447 798 121 20 bränneriet
583 800 23 17 är
626 798 91 26 beläget.
751 798 110 19 Dessutom
886 798 83 19 berätti-

218 837 38 21 gas
272 831 117 20 kontrollör
406 833 30 18 att
452 832 80 26 åtnjuta
548 832 115 26 skjutslega
679 831 39 20 och
735 831 182 27 dagtraktamente
934 838 35 12 en-

218 866 39 26 ligt
274 866 87 20 åttonde
377 866 84 20 klassen
477 866 7 20 i
501 866 98 26 gällande
615 866 186 26 resereglemente,
817 866 31 19 för
864 866 44 19 färd
925 865 45 20 från

220 899 91 20 hemvist
334 900 56 19 inom
413 899 59 21 länet
494 900 57 25 eller,
570 907 34 12 om
625 900 40 19 han
685 900 94 19 derutom
796 903 23 16 är
835 900 74 25 bosatt,
925 899 45 20 från

219 933 69 20 dettas
304 936 63 23 gräns
384 933 31 20 till
431 933 121 21 bränneriet
567 934 40 20 och
622 934 44 20 lika
681 933 94 21 tillbaka.

566 993 10 22 s
592 991 34 19 24.

288 1035 67 20 Innan
379 1035 117 20 kontrollör
515 1036 30 19 sin
566 1036 118 26 befattning
704 1035 109 26 tillträder,
834 1036 36 20 bör
885 1036 41 19 han
943 1036 29 19 af-

220 1070 62 26 lägga
298 1070 105 26 tjensteed
418 1071 102 26 antingen
536 1070 55 20 inför
606 1070 147 26 Länestyrelse
773 1070 52 19 eller
843 1070 109 26 Magistrat
967 1071 5 18 i

222 1106 105 18 närmaste
351 1104 53 26 stad,
427 1106 55 18 samt
504 1105 22 19 af
547 1104 161 27 Länestyrelsen
725 1104 65 19 förses
806 1104 47 19 med
871 1104 32 19 för
919 1110 55 19 syss-

220 1138 83 19 landets
319 1138 164 20 handhafvande
500 1138 76 27 nödiga
595 1138 30 20 läs
646 1139 39 19 och
708 1138 266 26 profningsinstrumenter,

224 1172 72 20 hvilka
311 1172 27 26 pä
354 1172 92 20 kronans
462 1172 117 20 bekostnad
595 1172 114 20 anskaffas.
739 1172 120 20 Kontrollör
870 1171 37 20 bör
921 1172 53 25 jem-

221 1206 34 19 väl
280 1206 23 19 af
323 1206 163 26 Länestyrelsen
510 1206 79 20 erhälla
613 1206 83 20 afskrift
719 1206 21 20 af
757 1206 35 20 det
808 1205 106 25 kontrakt,
931 1212 43 13 som

222 1240 70 20 blifvit
307 1240 99 19 afslutadt
422 1241 48 19 med
486 1241 40 19 den
544 1240 229 26 bränvinstillverkare,
790 1240 34 19 vid
841 1240 62 19 hvars
915 1239 60 21 brän-

223 1275 45 18 neri
284 1274 41 20 han
340 1277 24 17 är
379 1274 97 20 anställd.

569 1333 10 22 s
595 1331 34 19 25.

292 1375 30 20 De
339 1375 88 21 sälunda
442 1376 161 20 tillförordnade
618 1376 141 20 kontrollörer
774 1375 118 26 underlyda
903 1371 73 24 Öfver-

222 1409 153 26 kontrollören,
391 1416 45 13 som
453 1410 38 20 bör
508 1410 54 20 vaka
578 1410 97 20 deröfver
690 1412 30 18 att
735 1410 26 19 de
777 1409 142 20 förstnämnde
931 1410 46 19 sina

224 1443 147 27 skyldigheter
387 1444 143 27 omsorgsfullt
546 1445 39 19 och
601 1445 74 26 riktigt
689 1444 90 27 fullgöra
795 1445 53 18 samt
867 1443 63 20 äfven
946 1443 32 19 för

228 1478 65 26 öfrigt
308 1478 54 19 tillse
378 1480 30 18 att
423 1478 70 20 denna
509 1479 134 26 författnings
659 1478 130 20 föreskrifter
799 1484 32 13 om
841 1477 138 26 tillverkning
