1142 1786
871 171 33 18 383

278 233 88 20 tukthus
378 232 41 27 för
438 231 98 27 lifstiden
555 233 51 20 eller
627 232 76 28 högsta
725 232 143 28 kroppsplikt,
889 233 37 21 och

276 273 69 21 yppas
361 267 34 20 det
410 266 73 27 sedan,
499 269 33 18 att
547 266 43 21 han
606 266 154 27 dessförinnan
776 267 71 27 begått
863 267 62 26 brott,

273 300 41 26 för
334 300 78 21 hvilket
430 300 44 21 han
493 302 61 18 ännu
575 300 45 20 icke
637 300 62 21 stälts
719 300 69 21 under
803 301 78 25 tilltal;
897 301 28 20 då

276 334 58 21 skall
352 334 138 21 Guvernören
507 334 7 20 i
530 334 34 21 det
579 334 44 26 län,
639 334 38 21 der
692 334 41 21 den
749 334 109 28 brottslige
877 334 48 21 hål-

277 369 29 20 les
322 368 87 26 häktad,
426 368 66 21 ehvad
503 368 35 21 det
548 368 79 28 utslag,
638 368 136 28 hvarigenom
785 369 66 27 sagde
860 369 69 27 straff

276 402 77 21 honom
369 402 89 26 ådömts,
474 402 78 21 vunnit
567 402 51 27 laga
633 402 61 27 kraft
709 402 52 21 eller
779 402 49 26 icke,
848 405 77 25 genast

277 437 89 20 anmäla
381 436 65 21 saken
466 436 37 21 hos
523 436 41 21 den
582 436 99 27 Hofrätt,
699 436 58 21 inom
777 436 64 21 hvars
865 437 60 21 dom-

277 472 61 26 värjo
353 470 44 22 han
413 471 75 25 dömts,
504 473 56 19 samt
572 470 131 28 införskafa
713 471 162 27 upplysningar
883 478 40 14 an-

276 505 82 27 gående
372 505 35 21 det
421 505 85 27 yppade
522 504 87 22 brottets
624 504 115 28 verklighet
755 504 36 21 och
807 504 117 28 beskaffen-

275 539 35 21 het
328 538 108 28 äfvensom
458 538 163 28 målsegandens
646 538 111 29 yttrande;
779 538 108 28 hvarefter
911 540 12 19 å

275 573 120 27 Hofrätten
410 573 123 21 ankommer
551 575 38 23 att,
608 573 8 20 i
635 572 93 28 enlighet
747 573 46 21 med
811 573 26 21 de
853 580 70 20 grun-

276 608 38 20 der
329 607 41 21 här
385 606 65 24 ofvan
469 609 39 19 äro
526 607 101 27 nämnda,
652 606 121 27 bestämma,
793 614 33 14 om
849 607 74 21 vidare

275 641 163 27 undersökning
453 641 112 27 angående
574 648 83 14 samma
671 640 56 22 brott
735 640 112 28 företagas
858 641 64 21 skall.

280 676 75 27 Yppar
377 677 33 25 sig
432 676 104 27 antingen
558 682 75 20 genom
655 682 49 20 egen
727 674 124 22 bekännelse
871 675 52 21 eller

275 709 147 26 annorlunda,
438 712 32 18 att
487 710 79 27 någon,
583 716 44 14 som
640 709 41 27 för
703 709 67 26 mord,
789 709 62 27 dråp,
873 710 48 25 rån,

274 744 58 20 stöld
354 744 52 20 eller
420 746 69 18 annat
511 743 60 28 groft
594 744 56 29 brott
666 743 70 27 blifvit
751 744 8 19 i
773 743 149 27 strafanstalt

272 778 32 26 på
320 778 76 26 längre
411 778 51 20 eller
476 777 88 21 kortare
579 778 32 20 tid
626 778 74 25 insatt,
714 778 70 20 innan
798 777 45 21 han
858 777 64 21 dömd

274 811 48 27 blef,
341 810 102 28 föröfoat
465 814 69 18 annat
558 812 61 25 brott,
637 811 42 27 för
700 811 78 21 hvilket
795 811 45 21 han
861 813 60 19 ännu

275 845 43 21 icke
334 846 117 27 undergått
466 846 147 27 ransakning;
627 853 50 13 vare
693 846 36 27 lag
744 852 89 14 samma.

345 874 64 32 Öfver
426 880 126 27 förvägrad
573 880 136 27 ransakning
728 880 35 20 må
777 880 9 20 i
801 880 62 20 dessa
874 879 47 26 fall

274 913 40 20 den
330 913 110 28 brottslige
455 914 19 27 ej
492 913 72 28 klaga.

240 959 100 19 Finlands
356 959 89 20 Ständer
461 959 120 20 framhärda
596 961 39 18 etc.

239 993 139 26 Helsingfors,
394 993 39 20 den
452 994 22 19 11
492 993 49 20 Juni
560 994 58 19 1872.
