1142 1786
869 155 34 18 441

178 222 39 20 och
234 221 126 26 distillering
376 221 23 20 af
412 221 88 20 bränvin
515 220 48 20 icke
581 220 137 27 öfverträdas,
737 221 110 20 äfvensom
865 221 62 20 hafva

176 255 103 21 inseende
295 255 58 20 öfver
369 255 35 20 det
419 255 12 20 å
446 254 102 27 nederlag
563 255 77 19 insatta
657 254 93 21 bränvin.

521 313 10 22 5
546 311 34 19 26.

245 358 41 19 För
302 357 72 26 hvarje
390 356 24 20 af
427 356 26 20 de
469 348 284 39 Öfverkontrollörsdistrikt,
773 357 59 21 hvari
848 357 79 22 landet,

177 393 7 19 i
200 391 100 21 afseende
316 391 12 19 &
344 391 39 19 den
400 390 71 26 tillsyn
488 397 50 19 nyss
554 390 123 20 omförmäld
694 394 22 17 är
731 391 39 20 och
791 392 53 20 efter
862 392 64 20 Sena-

178 428 46 18 tens
239 425 117 20 Ekonomie
372 425 162 26 Departements
549 424 98 27 pröfning
663 424 38 20 bör
711 425 89 27 indelas,
815 425 113 21 tillförord-

179 466 37 14 nas
231 460 22 20 af
268 459 95 20 bemälde
386 459 152 26 Departement
560 465 25 13 en
609 455 188 30 Öfverkontrollör,
819 460 61 19 hvars
896 466 31 13 ar-

179 494 53 20 vode
249 494 39 20 och
303 493 265 27 resekostnadsersättning
584 493 68 19 tillika
670 493 133 21 bestämmes,

524 552 10 23 8
550 550 34 20 27.

250 595 120 21 Kontrollör
385 595 53 20 skall
457 595 82 20 infinna
558 595 31 26 sig
608 595 35 20 vid
662 595 106 26 bränneri,
785 596 36 20 der
837 596 40 20 han
893 602 36 14 an-

180 630 62 20 ställd
258 630 74 25 blifvit,
349 629 121 27 fyratioätta
485 630 82 19 timmar
583 629 68 20 förrän
664 629 265 27 bränvinstillverkningen

181 664 97 27 vidtager
292 664 40 20 och
348 664 101 26 derjemte
466 670 50 14 vara
532 664 83 19 försedd
632 664 46 19 med
695 664 35 20 det
745 664 32 20 för
799 664 77 20 honom
899 665 30 18 ut-

180 698 86 20 färdade
282 698 141 20 förordnande
439 700 29 18 att
484 698 99 26 tillsynen
600 698 36 19 der
652 698 126 19 handhafva.
801 698 48 19 Ifall
864 697 65 20 sädan

182 732 126 27 besigtning,
325 738 43 14 som
384 732 7 19 i
407 734 9 22 $
435 732 24 19 10
475 732 84 26 stadgas
575 732 90 26 föregätt
680 732 40 20 och
740 732 120 20 bränneriet
883 732 46 20 der-

181 766 34 20 vid
240 766 78 20 funnits
340 766 102 20 inrättadt
463 766 7 19 i
494 766 93 26 enlighet
610 766 47 19 med
677 766 98 26 gällande
791 766 138 25 föreskrifter,

182 800 118 20 undersöke
316 800 117 20 kontrollör
448 802 120 24 noggrannt
583 806 32 14 om
633 800 94 20 deremot
737 801 108 19 stridande
856 800 73 27 ätgärd

182 834 52 20 eller
250 834 69 26 någon
336 834 122 26 förändring
474 834 6 20 i
496 834 117 26 redskapen
630 834 119 20 sedermera
767 835 106 26 vidtagits.
891 834 39 20 Be-

180 869 68 19 finnes
264 869 121 19 densamma
401 868 127 20 fortfarande
544 868 199 26 författningsenlig,
767 869 97 19 meddele
882 868 48 25 han,

182 901 22 20 så
220 905 58 16 snart
301 902 206 26 tillverkningstiden
530 901 82 26 infallit,
635 901 93 20 tillstånd
751 904 30 17 att
803 902 72 19 utöfva
890 902 40 19 till-

182 936 251 26 verkningsrättigheten,
449 938 54 17 samt
521 935 55 20 hålle
595 935 90 20 derefter
703 938 89 18 rummet
815 936 31 19 för
869 936 60 26 sprit-

181 969 79 20 hållare
284 969 22 20 så
328 969 72 20 säkert
422 970 38 19 och
480 969 141 27 omsorgsfullt
638 969 102 26 tillslutet,
759 972 29 17 att
803 970 81 26 olofligt
900 970 30 19 in-

182 1003 59 20 träde
257 1003 30 20 dit
302 1003 48 20 icke
366 1003 42 20 kan
424 1004 37 19 ske
479 1006 47 17 utan
543 1004 74 19 sådant
632 1003 133 27 tillgörande,
781 1010 44 13 som
837 1003 93 20 kontrol-

180 1038 32 19 lör
228 1038 18 25 ej
262 1038 63 25 gitter
341 1037 81 20 hindra.
453 1037 73 20 Skulle
548 1038 40 19 slik
608 1038 119 27 besigtning
743 1038 47 20 icke
806 1038 55 19 förut
881 1044 51 13 vara

183 1071 121 26 verkställd,
327 1072 96 19 förrättas
446 1072 121 20 densamma
591 1072 12 19 &
625 1072 134 20 föreskrifvet
775 1074 46 18 sätt.
852 1072 79 20 Dervid

182 1105 54 20 skall
252 1105 116 20 kontrollör
376 1106 60 19 öfver
445 1106 120 20 bränneriet
573 1107 84 19 författa
669 1107 121 26 fullständig
800 1106 133 26 beskrifning

181 1140 7 19 i
204 1139 46 26 fyra
262 1139 116 26 exemplar,
399 1140 71 20 hvilka
484 1141 22 19 af
516 1141 83 25 honom,
623 1141 47 19 dess
686 1141 147 19 förutnämnde
850 1140 81 20 biträde

182 1173 40 19 och
245 1173 237 20 bränvinstillverkaren
506 1174 52 20 eller
581 1174 79 20 dennes
677 1174 77 20 ombud
770 1174 161 20 undertecknas.

183 1207 30 19 Af
234 1207 62 19 dessa
320 1207 256 27 besigtningsinstrument
600 1208 36 19 bör
659 1208 116 20 kontrollör
791 1211 49 17 utan
860 1208 73 19 tidsut-

183 1241 61 26 drägt
259 1241 89 20 insända
363 1242 31 19 till
409 1242 161 26 Länestyrelsen
586 1242 39 20 och
641 1239 209 24 Öfverkontrollören
872 1243 59 19 hvar-

184 1275 50 20 dera
249 1277 29 18 ett
294 1275 116 26 exemplar,
426 1283 47 13 men
489 1277 23 19 af
526 1277 25 19 de
567 1277 68 26 öfriga
651 1277 82 19 förvare
751 1277 41 19 han
811 1277 39 20 och
872 1277 60 19 brän-

184 1309 185 20 vinstillverkaren
386 1310 52 19 hvar
453 1310 41 19 sitt.
525 1310 27 20 Sä
567 1312 56 18 snart
639 1311 238 26 bränvinstillverkning
889 1311 44 19 vid-

184 1345 60 24 tager
266 1343 52 20 eller
340 1343 102 27 afbrytes,
465 1347 51 23 göre
535 1345 142 19 kontrollören
694 1345 72 20 derom
782 1345 97 20 anmälan
896 1345 37 20 hos

183 1377 162 26 Länestyrelsen
361 1378 38 19 och
415 1374 215 24 Öfverkontrollören.

530 1437 10 22 $
556 1435 33 20 28.

251 1479 41 19 Det
314 1479 82 26 äligger
419 1480 117 19 kontrollör
558 1482 29 17 att
609 1480 66 19 under
697 1481 40 19 den
754 1481 30 19 tid
804 1480 130 20 bränneriets
