1142 1786
243 165 35 17 410

220 229 159 26 propositionen
396 228 120 26 föreslagna
530 227 125 20 förändrade
675 227 224 28 beräkningsgrunden
924 229 45 20 der-

220 263 32 20 för
267 263 70 23 gkulle
353 263 99 24 medföra,
469 262 41 19 kan
526 261 107 21 Utskottet
648 262 23 19 så
687 262 86 26 mycket
792 263 66 20 hellre
881 263 89 27 fullgöra

220 297 41 19 den
276 296 109 20 Utskottet
400 296 23 20 af
436 296 116 20 Ständerne
568 296 125 20 meddelade
712 297 142 26 föreskriften,
875 297 40 19 och
938 298 31 19 får

220 330 84 20 derföre
320 337 27 12 nu
363 330 152 20 vördsammast
537 329 84 20 förorda
643 330 40 19 den
702 330 83 26 Nådiga
800 331 169 25 propositionens

220 364 120 27 antagande
356 364 6 20 i
378 364 40 19 den
442 364 34 20 del
498 364 122 20 densamma
642 364 88 20 föreslår
749 364 169 27 tolagsafgiftens
934 366 34 20 be-

218 398 110 20 räknande
344 398 7 19 i
366 400 88 24 procent
468 398 24 20 af
504 398 107 20 tullsatsen
627 398 12 20 å
655 404 70 14 varan.

288 432 48 20 Men
360 432 32 26 då,
415 432 69 20 såsom
507 432 37 20 här
566 432 62 20 ofvan
645 433 70 25 visats,
731 432 157 27 tolagsafgiften
904 434 6 19 i
926 437 42 17 sär-

218 466 70 20 skilda
303 466 70 20 städer
388 466 32 20 för
436 466 130 20 närvarande
581 466 59 27 utgår
657 466 47 20 med
719 473 26 13 en
761 467 66 26 högre
845 469 88 24 procent
948 467 23 19 af

218 500 191 26 tullinkomsterna,
432 503 26 17 än
482 500 40 20 den
537 500 7 20 i
560 500 40 20 den
623 500 82 27 Nådiga
723 501 157 26 propositionen
899 501 67 20 såsom

220 535 113 19 maximum
350 534 125 27 föreslagna,
492 534 38 20 och
546 534 108 27 åtskilliga
669 534 69 20 städer
758 535 29 19 uti
811 535 122 20 förberörda
948 535 22 20 af

219 569 47 20 dem
283 569 80 26 afgifna
378 569 113 26 yttranden
504 569 79 26 jemväl
598 569 63 26 yrkat
676 571 31 18 att
722 569 19 20 få
761 569 93 20 beräkna
876 569 92 20 nämnda

218 603 62 27 afgift
295 603 53 19 efter
363 610 26 12 en
405 603 65 26 högre
485 605 92 24 procent,
593 609 62 13 anser
670 603 107 19 Utskottet
792 603 32 26 sig
844 603 51 20 böra
913 603 53 20 före-

218 637 32 19 slå
266 637 39 19 den
322 637 102 19 afvikelse
440 636 44 20 från
502 636 40 20 den
558 636 82 27 Nådiga
655 637 165 26 propositionen,
843 639 31 17 att
892 637 74 26 ifråga-

219 672 93 19 varande
328 672 114 19 maximum
459 671 63 19 måtte
538 673 87 24 antagas
641 671 29 19 till
687 672 13 18 4
715 673 88 24 procent
818 672 23 19 af
854 672 112 19 tullsatser-

219 712 33 19 ne,
268 706 89 19 emedan
381 706 61 19 dessa
464 705 80 20 städers
563 705 130 26 önskningar
709 706 38 19 och
764 705 66 20 behof
844 706 122 26 derigenom

218 740 6 19 i
241 740 35 19 det
292 742 104 17 närmaste
412 739 84 20 komme
511 741 30 17 att
557 739 121 26 tiligodoses
694 739 39 19 och
749 739 36 20 det
800 739 12 19 å
827 740 66 19 andra
907 740 59 19 sidan

218 774 45 19 åter
279 774 41 19 kan
337 775 93 25 antagas,
446 775 31 17 att
491 773 67 27 öfrige
575 773 76 25 städer,
663 772 86 20 oaktadt
760 773 69 20 denna
839 774 128 26 förhöjning,

218 807 66 20 likväl
306 807 61 20 skola
389 807 57 19 finna
461 807 31 19 sin
508 806 67 20 fördel
594 807 6 19 i
616 808 29 18 att
660 806 48 20 icke
724 808 70 25 stegra
810 807 156 27 tolagsafgiften

218 842 83 19 utöfver
316 842 48 19 dess
379 841 55 20 förra
451 841 75 26 belopp
542 841 39 19 och
597 840 108 20 städernes
722 841 96 26 verkliga
835 841 68 25 behof,
915 842 52 19 hvil-

218 876 36 19 ket
270 876 112 25 dessutom,
406 876 26 19 då
456 875 166 26 tolagstaxornes
644 875 144 19 fastställande
811 875 124 20 ankommer
955 876 13 19 å

218 909 120 27 Kejserliga
353 909 91 20 Senaten
460 909 7 19 i
483 909 71 26 hvarje
571 908 98 20 särskildt
684 908 37 20 fall
737 908 41 20 kan
793 909 135 26 förebyggas.

287 944 8 19 I
312 944 40 19 den
368 943 82 27 Nådiga
466 943 157 26 propositionen
640 942 87 20 föreslås
744 943 78 26 vidare,
845 945 30 18 att
891 943 76 26 tolags-

217 978 88 26 afgiften
322 977 67 20 skulle
406 977 48 26 utgå
470 977 30 20 till
515 977 45 19 lika
574 978 87 25 procent
676 977 23 19 af
712 977 65 19 tullen
793 977 12 19 &
817 977 53 20 både
884 977 82 19 inkom-

219 1012 76 20 mande
311 1012 39 19 och
367 1011 105 27 utgående
488 1017 70 19 varor;
574 1011 39 19 och
629 1011 26 19 då
671 1010 140 27 exporttullen
827 1011 7 19 i
853 1011 115 20 allmänhet

217 1049 23 17 är
255 1046 83 27 ganska
352 1046 61 26 ringa
428 1047 54 18 samt
497 1045 95 26 erlägges
607 1045 75 19 endast
697 1045 31 19 för
746 1045 38 20 ben
801 1045 40 20 och
852 1045 63 26 lump,
931 1052 35 13 an-

217 1087 34 14 ser
274 1080 108 20 Utskottet
403 1079 91 20 nämnda
509 1079 78 26 förslag
603 1079 50 19 böra
668 1079 131 26 godkännas,
819 1079 87 20 emedan
923 1079 43 20 det-

218 1121 81 14 samma
311 1115 79 26 jemväl
406 1115 7 19 i
428 1114 31 19 sin
477 1113 46 20 män
540 1114 67 25 tjenar
622 1113 30 19 till
669 1115 30 18 att
713 1113 98 20 förenkla
821 1114 100 26 afgiftens
932 1114 34 19 de-

219 1149 91 26 bitering
332 1149 39 19 och
395 1148 102 26 uppbörd,
520 1150 53 17 samt
595 1147 66 26 sagde
684 1147 61 26 afgift
766 1147 106 20 dessutom
889 1147 39 20 blir
944 1147 23 20 sä

218 1183 116 25 obetydlig,
357 1184 31 18 att
410 1182 40 19 den
474 1181 46 20 icke
538 1181 37 19 bör
594 1181 71 19 kunna
680 1181 89 19 inverka
784 1181 27 25 pä
827 1184 102 23 exporten
945 1182 24 19 af

219 1216 88 21 berörde
322 1216 94 20 artiklar.

286 1251 31 19 Af
330 1251 36 19 det
380 1249 53 26 skäl,
449 1256 43 13 som
509 1249 5 20 i
531 1249 39 20 den
587 1249 82 26 Nådiga
684 1249 160 26 propositionen
856 1249 66 20 finnes
931 1257 35 13 an-

216 1285 74 26 gifvet,
306 1291 61 14 anser
382 1283 106 21 Utskottet
504 1284 61 19 äfven
581 1286 30 17 att
625 1283 161 27 ifrågavarande
801 1283 62 27 afgift
882 1283 37 20 bör
935 1291 30 12 er-

217 1320 74 26 läggas
315 1319 31 19 till
368 1318 44 20 lika
432 1318 75 26 belopp
524 1318 22 19 af
560 1318 47 25 alla,
626 1324 45 13 som
686 1318 6 19 i
709 1317 108 20 städernes
833 1317 87 20 hamnar
936 1320 30 17 ut-

217 1353 85 20 klarera
324 1353 51 20 eller
398 1352 106 20 inklarera
520 1359 67 19 varor,
603 1352 54 19 helst
673 1354 30 17 ett
718 1351 107 27 undantag
841 1351 125 20 härutinnan

214 1387 80 26 jemväl
316 1387 31 19 till
371 1387 69 25 någon
464 1386 34 20 del
513 1386 68 20 skulle
597 1386 110 19 motverka
723 1385 40 20 den
779 1385 88 20 afsedda
882 1385 83 20 förenk-

216 1421 72 26 lingen
305 1421 6 19 i
327 1421 98 26 afgiftens
441 1421 118 26 debitering
575 1420 39 20 och
630 1419 102 27 uppbörd.

286 1455 94 20 Emedan
396 1455 98 19 städerne
510 1455 6 19 i
532 1454 114 20 allmänhet
661 1456 36 17 äro
712 1453 82 27 ganska
813 1453 58 20 olika
895 1453 71 20 betun-

217 1488 55 27 gade
290 1488 47 23 med
354 1488 149 28 inqvartering,
520 1488 59 21 torde
595 1488 42 26 det,
653 1488 26 28 på
694 1489 41 19 sätt
749 1487 7 21 i
772 1487 41 20 den
823 1487 84 27 Nådiga
919 1494 47 20 pro-
