1142 1786
228 166 34 18 452

207 231 64 24 uppte
292 229 58 19 bevis
368 228 60 20 öfver
442 229 36 19 det
493 228 23 19 af
529 228 47 19 dem
594 228 30 19 till
641 229 43 19 salu
701 229 72 19 hållna
788 229 121 20 bränvinets
926 236 31 12 ur-

206 269 86 20 sprung.

554 303 10 22 s
581 302 33 19 52.

276 347 132 23 Handlande,
429 346 85 24 hökare,
531 346 88 26 borgare
635 346 39 20 och
690 346 73 25 andra,
778 353 44 13 som
838 348 6 18 i
861 348 97 19 städerne

206 381 58 19 hålla
284 384 70 22 öppna
374 380 118 25 salubodar,
512 380 108 20 äfvensom
637 380 161 20 landthandlare
815 388 49 12 vare
881 382 76 24 förbju-

208 416 36 18 det
258 418 31 16 att
304 415 68 19 såsom
389 414 63 26 gåfva
468 414 29 20 till
514 414 102 26 förtäring
632 414 27 26 på
675 414 69 20 stället
760 414 92 20 utlemna
863 415 94 20 bränvin.

205 449 25 26 Ej
248 449 67 19 heller
332 448 33 20 må
380 448 12 20 å
407 448 91 26 apothek
516 448 87 20 bränvin
620 448 47 20 med
684 448 51 20 eller
750 450 49 18 utan
815 449 98 19 tillsatser
928 451 29 17 ut-

206 482 93 20 skänkas
315 482 31 20 för
362 484 30 18 att
407 482 37 20 der
460 482 94 20 förtäras.

554 540 10 22 S
581 538 33 21 53.

276 585 45 19 Allt
340 585 55 19 hvad
411 585 6 18 i
434 584 128 25 föregående
581 584 64 19 måtto
661 587 23 16 är
699 585 99 26 stadgadt
813 591 32 13 om
862 585 94 19 otillåten

205 619 126 26 försäljning
351 618 39 20 och
406 618 109 26 utdelning
530 618 24 19 af
567 618 87 19 bränvin
670 618 55 26 gälle
741 618 62 20 äfven
819 624 33 14 om
869 619 42 19 alla
926 618 31 20 så-

206 653 55 19 dana
283 652 141 26 blandningar
447 652 30 19 till
501 651 72 26 dryck,
594 652 29 18 uti
644 652 72 19 hvilka
737 652 86 20 bränvin
840 652 31 20 till
888 652 67 26 någon

204 686 152 26 hufvudsaklig
371 686 34 19 del
421 685 67 27 ingår,
504 685 109 19 äfvensom
630 686 5 18 i
651 686 100 20 afseende
768 686 12 19 &
795 686 67 20 andra
879 686 78 20 brända

205 721 52 19 eller
273 720 129 20 distillerade
418 720 30 18 in-
466 719 51 19 eller
533 719 111 19 utländska
659 720 150 26 spritdrycker,
825 720 67 19 såsom
905 727 51 18 rom,

206 754 87 26 konjak,
313 754 74 20 arrack
410 753 47 20 med
474 753 60 25 flere;
550 753 65 19 likväl
632 756 47 16 utan
695 760 70 13 annan
781 754 154 26 inskränkning
952 755 3 18 i

205 788 132 20 handlandes
353 790 40 17 rätt
408 789 30 18 att
453 787 85 26 försälja
553 787 138 19 nästnämnde
707 788 98 26 drycker,
817 791 25 16 än
854 790 30 18 att
895 788 61 19 dessa

206 822 52 20 böra
272 822 116 20 innehafva
403 822 40 19 den
460 822 6 18 i
482 823 10 22 $
508 822 26 19 55
551 821 126 20 föreskrifna
693 821 160 27 alkoholstyrka
863 824 54 18 samt
927 824 29 18 att

205 859 30 17 ett
250 856 53 20 halft
318 859 46 23 stop
381 859 23 16 är
420 856 35 19 det
471 856 76 18 minsta
563 855 83 26 belopp,
662 862 44 13 som
723 856 31 19 får
770 856 99 26 föryttras
880 856 39 20 och
930 856 27 26 på

205 890 65 19 sådan
290 890 68 26 grund
377 889 92 27 utgifvas
485 889 21 19 åt
520 889 101 26 köparen,
638 889 85 20 hvilken
739 890 48 19 icke
803 890 34 19 må
852 890 77 19 tillåtas
944 890 12 19 å

205 924 70 19 stället
290 923 79 20 förtära
385 923 52 20 eller
453 923 71 20 utdela
539 923 70 26 något.

553 981 10 22 $
579 981 34 18 54.

275 1025 33 20 Då
328 1025 128 26 tillverkare,
478 1025 27 26 på
520 1025 65 26 grund
603 1025 21 19 af
639 1025 119 26 medgifven
775 1027 40 18 rätt
830 1028 30 17 att
875 1026 30 20 till
922 1026 34 20 be-

206 1061 50 26 lopp
272 1061 22 19 af
309 1060 65 19 minst
390 1060 40 19 fem
447 1059 82 20 kannor
540 1059 88 26 föryttra
640 1059 95 26 bränvin,
746 1059 81 20 utöfvar
838 1060 65 20 sådan
916 1061 40 19 för-

204 1095 92 26 säljning
312 1095 6 18 i
334 1094 53 25 stad,
412 1093 33 20 må
468 1093 93 26 mätning
582 1093 23 19 af
623 1099 63 14 varan
707 1094 18 25 ej
743 1093 123 21 verkställas
882 1094 12 19 å
910 1097 46 24 torg

204 1129 52 19 eller
276 1130 56 25 gata,
353 1129 48 18 utan
422 1127 53 20 skall
495 1127 111 20 bränvinet
621 1127 75 20 afföras
713 1127 30 20 till
759 1127 90 26 köpares
865 1128 91 20 hemvist

204 1163 39 19 och
268 1162 37 20 der
328 1161 97 27 utgifvas,
448 1161 53 20 dock
522 1162 19 25 ej
563 1161 21 20 åt
599 1168 25 13 en
641 1161 52 20 hvar
709 1161 30 20 till
756 1161 81 20 mindre
853 1165 25 16 än
895 1169 59 19 nyss-

204 1196 93 19 nämnda
313 1196 83 26 belopp.
419 1195 72 20 Under
506 1196 115 26 påstående
637 1196 87 26 forsling
739 1195 52 20 eller
802 1195 11 20 å
825 1196 74 19 sådant
915 1196 40 19 till-

203 1230 69 27 fälligt
292 1230 157 26 upplagsställe,
470 1236 43 13 som
529 1230 6 19 i
552 1231 9 22 $
578 1230 26 19 64
625 1229 140 26 omförmäles,
785 1229 30 20 får
831 1229 87 20 bränvin
936 1231 18 25 ej

203 1264 103 26 försäljas.

552 1306 10 22 S
579 1305 33 19 55.

274 1349 100 26 Bränvin,
397 1355 43 14 som
465 1352 23 17 är
510 1349 73 20 försatt
606 1349 47 20 med
674 1349 65 26 något
757 1348 31 21 för
803 1349 73 20 helsan
893 1349 61 20 skad-

203 1383 39 26 ligt
265 1386 62 17 ämne
351 1383 51 20 eller
424 1383 48 20 icke
496 1385 22 17 är
540 1383 75 19 renadt
634 1383 44 19 från
695 1383 116 26 finkelolja,
827 1383 52 20 eller
895 1384 60 19 hvars

204 1417 74 26 styrka
292 1417 49 20 icke
357 1417 81 26 uppgår
454 1417 31 20 till
502 1417 62 20 minst
579 1417 117 26 fyratiosex
710 1419 97 24 procents
818 1417 137 24 alkoholhalt,

203 1452 35 19 vid
254 1451 80 20 femton
350 1451 88 26 graders
454 1454 71 17 värme
541 1451 12 20 å
568 1451 63 19 Celsii
643 1451 156 25 thermometer,
811 1457 48 14 vare
871 1451 30 20 till
913 1452 40 19 för-

203 1486 92 26 säljning
312 1485 114 25 förbjudet;
442 1485 91 20 derifrån
550 1485 65 19 likväl
631 1485 129 26 undantaget
776 1485 47 19 icke
837 1485 76 19 renadt
922 1485 31 20 rå-
