1142 1786
240 175 34 17 512

217 238 45 25 vin,
282 243 62 14 anser
364 237 108 20 Utskottet
492 237 32 26 sig
543 236 26 26 på
585 235 64 21 sådan
665 237 66 25 grund
749 236 51 20 böra
815 237 153 20 vördsammast

218 271 112 20 hemställa
345 273 29 18 att
390 270 137 27 Högvördiga
541 271 81 19 Preste-
639 270 39 20 och
691 271 136 20 Hedervärda
837 271 129 20 Bondestån-

218 305 40 20 den
275 304 57 26 ville,
349 304 48 20 med
413 304 129 26 frångående
558 304 23 20 af
593 304 46 19 sina
655 304 68 20 beslut
736 305 6 19 i
754 304 69 20 denna
838 304 41 26 del,
895 304 74 20 förena

218 340 32 26 sig
271 339 47 19 med
339 338 121 26 Höglofliga
476 338 155 26 Ridderskapet
646 338 39 20 och
701 338 68 20 Adeln
786 340 53 18 samt
854 338 115 26 Vällofliga

218 372 179 27 Borgareståndet
413 378 34 14 om
462 372 162 26 ifrågavarande
636 375 90 17 moment
739 372 5 20 i
756 372 117 20 Utskottets
885 373 83 26 förslag.

287 406 62 20 Mom.
370 406 30 24 d).
429 406 94 20 Emedan
547 406 96 26 samtlige
663 406 93 20 Stånden
777 406 95 24 beslutat,
893 409 30 17 att
938 409 29 17 ut-

219 440 121 26 skänkning
355 440 23 20 af
392 440 88 20 bränvin
496 440 57 27 finge
569 447 40 20 ega
624 447 51 19 rum,
692 440 73 20 endast
781 441 6 19 i
803 440 53 26 stad,
872 440 23 20 så
911 440 58 20 torde

217 476 7 19 i
240 474 118 21 Utskottets
379 474 78 27 förslag
476 475 52 20 efter
547 474 64 20 orden
628 475 36 19 ”af
678 474 140 20 utskänkare?
834 474 51 20 böra
901 474 68 26 tilläg-

220 515 38 21 gas
274 509 19 19 ”i
310 509 65 19 stad”.

288 543 9 19 I
313 543 51 20 sista
383 542 83 27 stycket
482 542 22 20 af
517 542 160 27 ifrågavarande
693 544 10 22 $
718 542 37 20 har
772 542 134 28 Högvördiga
921 544 48 19 Pre-

219 577 116 20 steståndet
357 577 85 20 beslutit
462 577 32 19 till
513 577 64 19 sådan
594 577 89 25 ändring
699 579 30 17 att
743 577 65 20 orden
825 577 31 26 ”ej
873 577 96 26 betingas

219 611 53 20 eller
288 611 100 19 utfästes”
404 610 68 20 skulle
488 610 82 26 utbytas
587 612 43 18 mot
645 608 106 22 Yhvarken
768 610 102 27 betingas,
883 611 88 19 utfästes

220 646 52 19 eller
288 645 137 26 emottages”,
441 644 86 20 hvilken
540 644 129 26 förändring,
681 644 66 20 såsom
759 644 90 20 ledande
861 645 30 19 till
904 648 67 16 större

220 679 107 27 tydlighet
342 678 87 20 föreslås
445 679 31 19 till
492 679 118 26 antagande
623 679 78 25 jemväl
718 679 22 19 af
749 679 26 19 de
787 679 68 26 öfriga
866 679 105 25 Ständen
963 674 12 36 ;

221 714 117 25 hvarjemte
360 713 108 20 Utskottet
488 715 68 17 ansett
575 713 64 19 orden
659 713 119 20 ”äfvensom
795 714 26 19 de
837 714 6 18 i
859 716 10 22 $
885 714 26 19 48
928 720 42 13 om-

221 748 92 19 nämnda
328 747 142 20 kosthällare”
488 748 64 19 böra
544 743 11 34 i
565 750 9 21 $
585 747 115 25 inskjutas;
716 748 39 19 och
771 747 66 20 skulle
849 748 123 19 densamma

220 782 7 18 i
243 782 51 26 följd
310 782 62 19 häraf
386 782 80 19 erhålla
482 781 92 26 följande
590 781 90 26 lydelse:

392 814 102 21 ”Handel
508 815 47 20 med
570 814 91 21 bränvin
676 815 35 20 må
726 814 73 21 idkas:

393 851 21 23 a)
435 848 29 28 af
483 849 53 25 dem,
560 855 44 14 som
623 848 117 27 innehafva
758 848 104 28 rättighet
880 851 33 18 att
929 849 44 20 till-

322 882 64 21 verka
404 883 52 20 eller
472 882 107 21 distillera
595 882 97 26 bränvin,
709 883 8 20 i
729 883 64 26 parti
807 882 30 27 af
847 883 68 20 minst
925 882 47 27 fem

324 917 97 26 kannor;

393 951 23 25 b)
436 950 45 21 lika
496 951 48 20 med
558 957 61 14 mom.
635 953 20 22 c)
671 951 8 20 i
699 950 115 21 Utskottets
830 951 143 25 betänkande;

393 987 21 22 €)
430 984 30 27 af
470 984 156 27 utskänkare,
617 980 9 36 i
635 985 56 26 stad,
707 985 84 26 suptals
806 991 18 14 o.
839 991 17 14 s.
871 992 18 13 v.
907 985 66 27 enligt

325 1018 150 21 betänkandet.

393 1053 105 20 Förutom
523 1053 58 20 desse
605 1055 57 18 samt
686 1052 133 28 gästgifvare
838 1053 32 26 pä
893 1052 80 25 landet,

326 1087 72 21 hvilka
407 1087 82 27 jemväl
500 1086 42 28 för
552 1086 123 27 framtiden
691 1087 116 20 bidehällas
823 1087 36 20 vid
869 1087 105 27 rättighe-

326 1124 34 18 ten
382 1123 33 18 att
438 1121 23 20 ät
483 1121 97 26 resande,
599 1127 45 14 som
660 1121 72 21 tillika
747 1121 76 27 intaga
838 1121 85 26 mältid,
938 1123 36 18 ut-

325 1155 84 21 skänka
425 1155 98 26 bränvin,
539 1155 108 27 äfvensom
660 1155 43 21 dei
712 1156 15 27 $
737 1157 29 19 48
777 1155 130 21 omnämnda
917 1155 58 21 kost-

325 1189 97 21 hållare?
438 1196 18 13 o.
472 1196 16 13 s.
504 1196 18 13 v.
538 1189 58 20 ända
619 1190 35 20 till
676 1190 32 26 ”ej
727 1189 96 27 betingas
843 1190 52 20 eller
915 1189 60 27 utfä-

326 1224 62 25 stes”,
404 1222 72 22 hvilka
492 1223 40 21 ord
547 1223 86 28 utbytas
643 1226 54 19 emot
707 1223 106 21 ”hvarken
824 1223 103 28 betingas,
940 1226 35 18 ut-

321 1257 73 28 fästes
409 1257 52 21 eller
476 1258 133 27 emottages”.

292 1295 10 22 $
319 1293 25 19 46
361 1295 23 16 är
399 1292 100 26 godkänd
516 1292 22 19 af
552 1292 121 26 Höglofliga
688 1292 155 26 Ridderskapet
853 1292 40 20 och
904 1292 69 20 Adeln

224 1327 74 19 endast
322 1327 48 19 med
393 1326 90 26 ändring
502 1326 23 19 af
541 1326 59 20 ordet
615 1326 118 20 ”fabriker”
749 1326 31 19 till
795 1325 123 21 ”fabriken”
934 1326 39 19 och

224 1361 22 19 af
266 1361 115 26 Vällofliga
403 1360 177 27 Borgareståndet
600 1361 46 19 med
666 1367 81 13 samma
761 1360 89 26 ändring
865 1359 109 20 äfvensom

224 1395 48 20 med
288 1395 133 20 uteslutande
437 1395 23 19 af
474 1395 64 19 orden
554 1395 59 26 ”torg
629 1395 71 26 eller”,
716 1394 72 20 hvilka
803 1394 37 20 ord
856 1394 67 26 enligt
933 1394 40 19 He-

224 1429 104 20 dervärda
350 1429 168 20 Bondeståndets
542 1429 67 20 beslut
629 1429 79 25 jemväl
728 1428 65 20 borde
811 1427 60 27 utgå;
887 1427 39 20 och
943 1427 31 20 får

224 1463 108 20 Utskottet
344 1463 66 26 jemte
427 1463 96 20 vördsam
540 1463 95 20 anmälan
653 1463 71 20 derom
740 1464 30 18 att
785 1462 60 19 ordet
855 1461 119 20 ”fabriker”

225 1498 92 26 grundar
340 1497 31 26 sig
392 1496 28 27 på
439 1499 30 18 ett
488 1497 90 26 tryckfel
597 1497 39 20 och
653 1496 37 21 bör
705 1497 48 19 heta
769 1496 130 26 ”fabriken”,
915 1496 57 20 hem-
