1142 1786
249 164 34 17 332

226 234 71 14 annan
313 229 47 24 rätt,
375 229 30 18 att
420 227 68 20 sakna
503 227 40 20 den
560 227 133 28 uppfattning
708 235 34 14 om
758 229 86 20 vittnets
859 231 117 26 trovärdig-

226 263 37 19 het
278 262 40 20 och
334 262 48 19 dess
399 261 123 20 berättelses
537 262 96 26 sanning,
649 269 44 13 som
714 263 74 20 vinnes
804 270 76 19 genom
897 265 78 25 sinnlig

226 296 145 20 förnimmelse
388 296 66 19 under
469 296 75 25 sjelfva
559 296 181 20 vittnesförhörets
755 297 139 27 anställande,
914 304 61 13 anser

226 330 109 20 Utskottet
358 330 32 26 sig
413 329 51 20 böra
487 330 37 19 hos
546 330 81 19 landets
651 330 88 20 Ständer
759 332 107 19 vördsamt
881 332 94 26 afstyrka

226 364 41 19 den
283 363 84 27 Nådiga
381 364 169 25 propositionens
566 364 126 26 antagande,
707 364 70 20 såvidt
795 365 3 19 i
814 365 123 20 densamma
952 369 22 16 är

225 398 76 22 afsedt,
317 399 31 18 att
363 398 37 23 4.$
420 398 22 18 17
459 397 48 27 kap.
523 398 24 19 R.
563 398 23 19 B.
597 398 56 26 finge
662 398 62 20 äfven
736 399 5 19 i
754 399 97 20 brottmål
862 396 112 34 tillämpas.

296 431 59 20 Hvad
371 431 65 20 sedan
453 431 98 21 beträffar
566 432 35 20 det
616 432 83 26 Nådiga
718 432 235 28 författningsförslaget
967 434 6 19 i

226 466 41 20 den
284 466 41 26 del,
350 465 115 20 detsamma
487 466 55 19 afser
560 466 115 26 förklaring
690 466 23 20 af
726 466 26 20 20
768 468 10 22 $
796 468 23 18 17
839 467 48 26 kap.
903 468 24 19 R.
944 468 29 25 B.,

225 500 52 20 eller
293 502 30 18 att
338 500 7 20 i
360 499 80 21 endera
454 502 84 24 partens
554 500 129 20 förfallolösa
706 502 85 18 utevaro
811 501 65 20 vittne
895 501 56 27 finge
967 502 6 18 i

225 534 100 20 brottmål
341 534 61 20 höras
418 534 34 19 vid
469 534 40 19 den
525 534 96 25 domstol,
637 534 38 20 hos
691 534 87 20 hvilken
795 535 63 19 målet
873 538 22 17 är
904 536 70 26 gjordt

224 569 124 26 anhängigt,
365 568 23 20 sä
403 575 61 13 anser
480 568 112 26 Utskottet,
608 569 6 19 i
630 568 217 21 öfverensstämmelse
860 570 46 19 med
919 570 54 19 hvad

225 602 108 20 Utskottet
348 602 63 20 ofvan
426 602 75 26 anfört,
517 604 30 18 att
562 602 61 20 äfven
640 603 6 19 i
662 602 34 20 det
712 603 43 26 fall,
771 603 26 19 dä
815 604 158 26 svarandepart,

225 637 53 19 efter
294 637 94 19 erhållen
405 636 47 26 laga
468 637 112 26 stemning,
597 636 44 20 från
657 639 68 17 rätten
742 639 47 18 utan
805 638 94 19 anmäldt
922 638 51 20 eller

225 672 66 19 kändt
307 671 68 19 förfall
392 670 110 26 uteblifvit,
519 671 46 19 med
582 671 76 20 vittnes
674 671 93 20 hörande
784 672 54 19 helst
855 672 62 20 borde
936 679 36 13 an-

224 706 32 19 stä
271 705 42 20 tills
329 707 30 18 att
374 705 116 19 svaranden
507 705 84 19 komme
607 705 108 20 tillstädes.
747 706 47 19 Men
813 706 88 20 emedan
926 707 45 19 vitt-

224 746 38 13 nes
278 740 93 19 hörande
387 740 5 18 i
409 739 127 20 svarandens
552 739 129 20 förfallolösa
703 741 85 18 utevaro
805 740 33 19 vid
855 740 40 19 den
915 740 57 20 dom-

224 774 46 25 stol,
287 774 37 19 der
340 773 63 19 målet
418 776 23 16 är
456 773 120 26 anhängigt,
592 773 47 20 icke
656 773 41 20 kan
714 773 95 20 medföra
824 774 23 19 sä
866 776 56 17 stora
938 774 34 20 vä-

224 808 44 25 dor,
284 814 45 13 som
346 807 62 20 ofvan
426 807 67 19 blifvit
514 807 93 26 antydda
630 807 31 19 för
678 807 35 19 det
727 807 44 26 fall,
785 809 32 17 att
836 808 65 19 vittne
917 808 56 26 finge

224 843 62 18 höras
310 842 62 19 äfven
397 841 33 19 vid
453 848 68 12 annan
541 843 40 17 rätt
600 844 26 16 än
643 841 36 19 der
696 841 63 20 mälet
774 841 121 26 behandlas,
911 848 62 14 anser

225 876 107 19 Utskottet
348 875 160 26 ifrägavarande
532 875 153 26 vittnesförhör,
709 875 137 26 hvarigenom
865 876 26 19 de
911 876 5 19 i
933 876 39 20 den

223 910 83 26 Nädiga
321 909 157 26 propositionen
497 909 87 19 berörda
599 909 136 26 olägenheter
754 909 139 26 aflägsnades,
917 910 55 19 dock

224 944 72 19 kunna
312 943 77 20 tillätas
406 943 33 19 vid
455 949 79 13 samma
550 943 95 25 domstol,
661 949 44 13 som
724 943 155 20 omhänderhar
899 943 74 20 mälets

224 977 137 26 behandling,
384 977 31 20 för
438 977 68 19 sävidt
528 977 116 19 domstolen
664 977 84 25 pröfvar
766 977 207 26 omständigheterna

224 1011 107 26 medgifva
346 1011 80 20 sädant.
457 1011 59 19 Dock
532 1017 61 13 anser
609 1011 113 25 Utskottet,
738 1011 27 26 pä
779 1011 7 19 i
797 1011 36 20 det
844 1011 129 26 föregäende

223 1046 95 25 antydda
334 1045 52 24 skäl,
402 1045 124 25 svaranden,
542 1045 6 18 i
565 1045 99 19 händelse
677 1045 148 20 vittnesförhör
837 1045 6 19 i
854 1045 51 20 hans
919 1045 53 20 frän-

223 1087 50 12 varo
290 1082 36 22 egt
341 1086 52 19 rum,
409 1079 107 20 äfvensom
536 1079 115 20 uteblifven
673 1079 105 26 klagande
800 1079 50 20 böra
866 1086 39 20 ega
921 1080 51 19 ovil-

224 1114 68 26 korlig
308 1113 101 27 rättighet
424 1115 29 18 att
469 1113 69 20 fordra
554 1113 85 20 vittnets
655 1113 92 20 hörande
764 1113 55 26 änyo
835 1114 7 19 i
858 1114 51 19 hans
926 1117 46 16 när-

223 1155 57 18 varo,
297 1148 116 25 hvarjemte
438 1147 35 20 det
496 1147 36 20 bör
549 1154 49 13 vara
618 1147 112 26 sjelffallet,
746 1149 30 18 att
791 1149 47 24 nytt
854 1147 118 20 vittnesför-

222 1183 38 19 hör
275 1183 5 18 i
298 1182 40 19 den
355 1181 111 19 uteblifnes
483 1184 86 16 närvaro
587 1181 36 19 bör
639 1181 105 25 anställas,
761 1187 31 13 om
809 1181 89 19 domstol
915 1181 56 26 pröf-

222 1222 36 13 var
275 1216 85 19 vittuets
376 1215 93 20 hörande
485 1215 55 26 ånyo
557 1216 5 19 i
579 1215 52 20 hans
647 1214 152 21 tillsiädesvaro
820 1215 136 26 nödvändigt.

290 1250 30 20 Pä
335 1250 61 19 dessa
411 1249 45 20 skäl
473 1249 29 20 fär
518 1250 107 19 Utskottet
641 1249 106 20 vördsamt
763 1249 82 26 föreslä,
867 1251 30 18 att
912 1249 59 20 Stän-

222 1285 67 19 derna
305 1284 71 25 mätte,
400 1284 46 19 med
470 1284 96 19 anmälan
583 1284 78 25 derom,
677 1285 31 18 att
723 1283 41 20 den
780 1283 83 27 Nädiga
879 1284 94 26 proposi-

221 1319 72 20 tionen
317 1318 47 20 icke
388 1318 79 19 kunnat
490 1318 125 19 oförändrad
639 1317 130 27 godkännas,
789 1318 32 19 för
837 1318 31 19 sin
884 1318 34 20 del
935 1318 34 20 be-

224 1353 54 19 sluta
294 1353 30 19 till
341 1352 92 26 följande
449 1351 116 27 förklaring
579 1352 23 19 af
616 1352 26 19 20
658 1354 9 21 $
686 1352 23 19 17
727 1351 48 26 kap.
791 1351 23 20 R.
831 1352 33 19 B.:

391 1385 65 21 Hvad
470 1387 29 20 20
514 1386 15 26 $
544 1387 29 20 17
591 1385 49 28 kap.
663 1385 26 21 R.
708 1385 33 26 B.,
765 1385 111 27 angående
894 1385 79 21 vittnes

322 1419 96 20 hörande
444 1419 6 20 i
468 1419 138 27 förfallolöst
632 1419 117 27 uteblifven
768 1421 65 25 parts
854 1419 119 26 frånvaro,

318 1453 150 27 föreskrifver,
483 1454 35 20 mä
528 1454 81 27 jemväl
626 1454 7 20 i
648 1453 101 21 brottmål
765 1453 110 27 tillämpas
891 1453 30 27 af
931 1453 40 21 den

323 1487 97 26 domstol,
436 1487 38 21 der
488 1487 66 21 saken
569 1489 27 19 är
611 1487 118 28 anhängig,
745 1487 95 27 såframt
853 1487 118 21 domstolen
