1142 1786
230 167 33 18 392

278 229 118 21 Ständerna
411 229 63 20 hafva
489 228 48 20 icke
553 228 96 20 förbisett
665 228 36 20 det
715 228 84 27 skäliga
814 228 51 26 deri,
875 229 30 19 att
913 228 48 25 den,

209 270 45 14 som
277 263 114 20 försträckt
414 263 260 26 anläggningskostnaden
699 263 31 19 för
753 263 30 19 ett
810 262 88 26 företag,
925 262 38 21 hör

210 304 41 20 ega
274 298 60 20 bästa
356 299 42 17 rätt
420 299 31 17 att
475 304 23 12 ur
521 297 40 19 den
577 297 7 19 i
600 297 39 19 och
662 296 31 20 för
716 296 105 26 företaget
840 296 123 20 anskaffade

211 332 145 26 egendomens
365 330 64 20 värde
438 330 82 20 erhålla
529 330 107 26 betalning
651 330 32 20 för
699 330 31 19 sin
746 330 91 20 fordran.
855 330 47 20 Men
912 336 51 20 upp-

212 366 71 19 ställes
300 365 56 19 detta
372 364 69 20 såsom
461 364 77 20 allmän
554 364 117 26 grundsats,
687 364 24 19 så
726 364 37 20 bör
779 364 126 26 följdriktigt
914 370 49 14 ena-

213 399 70 20 handa
299 398 163 27 betalningsrätt
476 398 91 20 tilldelas
583 398 62 20 äfven
662 398 53 26 dem,
731 404 44 13 som
792 398 26 26 på
830 398 70 20 kredit
908 398 55 20 leve-

213 435 56 18 rerat
285 432 94 20 materiel
396 432 23 20 af
432 432 143 26 hvarjehanda
593 432 52 26 slag,
665 432 47 26 och,
727 432 86 20 framför
825 432 73 26 öfrige,
910 432 54 26 dem,

214 474 45 12 som
275 467 6 19 i
297 467 56 25 hopp
370 473 33 13 om
420 466 118 26 ersättning
554 466 77 20 afträdt
644 466 47 26 jord
708 466 39 20 och
762 466 67 26 grund
840 466 30 19 till
879 466 86 26 anlägg-

215 502 87 26 ningen.
332 501 32 26 Ty
388 501 42 19 alla
452 500 62 20 dessa
536 500 71 20 kunna
629 500 48 19 med
701 502 26 18 än
747 502 66 18 större
829 500 45 19 skäl
890 503 26 17 än
933 500 32 25 de,

215 535 73 20 hvilka
311 537 43 17 mot
377 534 94 20 erhållne
487 534 139 26 obligationer
642 533 107 27 förskjutit
764 534 124 26 penningar,
905 540 61 14 anses

216 570 63 19 hafva
309 569 92 26 bidragit
430 569 32 19 till
489 569 292 26 anläggningskostnaderna.
818 569 149 19 Förenämnda

215 605 79 18 tvenne
316 603 45 25 slag
383 603 23 19 af
423 602 170 27 fordringsegare
608 602 138 20 tillerkänner
762 602 41 20 den
819 602 82 27 Nådiga
916 609 47 19 pro-

216 637 120 26 positionen
352 637 66 19 likväl
435 636 47 20 icke
498 637 90 19 allenast
604 636 47 20 icke
670 636 69 26 någon
758 636 140 26 förmonsrätt,
918 639 49 17 utan

217 671 88 27 betager
320 671 48 19 dem
384 671 62 19 äfven
464 670 136 27 möjligheten
616 672 30 18 att
663 670 46 20 med
725 672 40 18 rätt
781 670 31 20 till
828 671 137 26 utmätnings-

218 705 64 26 tvång
299 704 75 20 utsöka
388 705 47 19 sina
450 704 124 26 fordringar.
597 704 40 20 Det
653 704 42 20 kan
713 704 130 26 visserligen,
859 704 55 20 hvad
931 704 35 20 be-

217 738 73 20 träffar
308 738 56 26 dem,
379 745 44 13 som
439 739 31 19 för
484 738 260 27 jernvägsanläggningen
760 738 78 20 afträdt
855 738 65 26 mark,
936 738 30 20 in-

219 772 86 25 vändas,
322 774 30 18 att
367 772 67 26 enligt
447 772 98 26 gällande
556 772 204 26 expropriationslag
772 772 72 26 jorden
856 772 47 20 icke
913 772 54 20 från-

218 806 38 27 går
272 806 55 25 dem,
344 806 69 20 förrän
434 806 41 20 den
491 806 116 20 fastställda
622 806 225 26 ersättningssumman
863 807 104 26 erlägges.

220 840 48 20 Men
284 840 148 20 erfarenheten
449 840 34 20 vid
500 840 25 20 de
541 848 27 12 nu
584 840 65 20 under
664 840 99 26 byggnad
781 840 90 20 varande
887 841 84 25 privata

217 874 143 25 jernvägarne
376 874 38 20 har
430 874 54 20 visat
498 876 30 18 att
543 874 81 20 arbetet
639 874 107 26 påbörjats
762 874 39 20 och
811 875 126 19 emissionen
951 875 22 19 af

220 907 142 27 obligationer
385 908 89 26 vidtagit
490 903 95 31 tidigare,
601 911 26 16 än
643 908 70 26 någon
729 909 66 26 laglig
811 909 158 26 expropriation

221 942 31 19 för
268 942 32 26 sig
316 942 50 26 gått.
398 941 40 20 Om
454 943 103 25 företaget
571 942 65 19 sedan
652 942 48 20 icke
716 942 103 26 slutföres,
835 945 49 17 utan
900 943 70 26 afbry-

221 977 37 23 tes,
282 975 23 20 så
328 976 68 19 finnes
419 976 31 19 för
471 977 140 26 jordegarene
633 977 64 26 ingen
718 977 110 26 möjlighet
846 979 30 17 att
891 977 80 20 erhålla

222 1009 117 26 ersättning
362 1009 32 20 för
416 1009 41 20 den
478 1010 79 26 förlust,
573 1017 43 13 som
632 1017 75 20 genom
725 1011 34 19 det
774 1010 122 27 påbegynta
911 1011 60 20 arbe-

222 1045 30 18 tet
274 1043 47 20 dem
345 1044 143 26 tillskyndats.
518 1044 45 20 Och
578 1045 61 19 äfven
656 1051 33 13 om
706 1045 265 26 expropriationssumman

222 1077 98 26 erlägges
342 1078 39 19 och
407 1078 86 19 marken
516 1078 92 27 lagligen
633 1079 99 25 afträdes,
755 1079 22 19 så
793 1079 72 19 kunna
880 1079 92 20 derefter

223 1111 124 26 långvariga
373 1112 73 19 tvister
469 1119 33 12 om
526 1112 218 27 ersättningsanspräk
767 1113 90 19 emellan
881 1113 28 19 af-
933 1113 38 19 och

223 1145 115 20 tillträdare
361 1146 81 25 uppstå.
481 1147 40 19 Det
543 1147 88 19 tillskott
653 1147 7 19 i
685 1147 122 26 ersättning,
829 1153 44 13 som
896 1153 76 20 genom

224 1179 100 19 domstols
352 1180 51 19 eller
426 1180 56 26 gode
504 1183 58 17 mäns
585 1181 68 25 utslag
676 1181 99 25 möjligen
799 1181 41 19 kan
865 1181 106 19 tillerkän-

223 1220 37 13 nas
280 1213 136 26 jordegaren,
440 1214 76 20 saknar
540 1214 75 25 denne,
638 1214 67 27 enligt
727 1214 139 20 förevarande
891 1214 83 27 Nådiga

223 1247 138 26 proposition,
385 1247 28 20 all
436 1248 67 26 laglig
519 1250 62 23 utväg
596 1250 29 18 att
640 1255 76 20 genom
733 1248 194 27 utmätningstvång
944 1250 29 17 ut-

226 1281 119 20 bekomma.

292 1315 67 20 Dessa
370 1316 131 26 exempelvis
512 1316 87 20 anförda
608 1316 145 20 förhållanden
763 1316 138 26 ådagalägga,
911 1316 62 20 bland

224 1350 64 17 annat
304 1349 187 27 nödvändigheten
508 1351 22 19 af
543 1357 25 13 en
585 1351 45 19 utaf
643 1350 88 20 Monark
747 1351 40 19 och
803 1350 89 20 Ständer
903 1351 70 20 stiftad

224 1382 34 25 lag
270 1383 111 26 angående
396 1384 166 26 grundvilkoren
578 1385 35 19 vid
629 1385 160 19 koncessioners
806 1384 121 25 beviljande
943 1385 31 19 för

224 1416 98 19 enskilda
334 1417 191 28 jernvägsföretag.
556 1419 117 19 Ständerna
688 1419 63 19 hafva
763 1419 80 26 jemväl
859 1418 65 20 redan
939 1419 35 19 vid

224 1449 144 20 innevarande
391 1451 102 27 landtdag
516 1452 85 20 beslutit
623 1454 30 18 att
675 1453 31 18 till
729 1453 78 19 Eders
831 1452 144 27 Kejserliga

213 1495 5 4 -
226 1483 121 25 Majestät
368 1484 50 26 ingå
442 1486 47 18 med
505 1486 130 26 underdänig
651 1486 105 26 anhållan,
772 1488 30 17 att
817 1488 30 18 ett
862 1486 113 27 lagförslag
