1142 1786
247 158 35 17 364

226 221 120 26 positionen
363 220 82 25 dragas.
477 219 46 19 Men
544 218 27 19 då
594 218 64 26 något
679 218 98 26 yttrande
793 217 72 20 härom
882 217 47 20 icke
945 217 30 19 in-

227 255 54 19 flutit
296 255 7 18 i
319 254 129 19 Ständernas
471 259 47 13 svar
540 253 27 25 på
589 253 40 19 den
653 253 82 26 Nådiga
756 251 165 27 propositionen,
937 251 38 20 och

226 292 56 16 ännu
300 288 81 19 mindre
404 287 66 25 något
492 287 123 25 uttryckligt
633 287 116 25 stadgande
768 287 6 18 i
790 286 66 26 sagda
874 286 54 26 syfte
944 286 33 18 in-

227 323 63 25 tagits
306 322 6 19 i
329 322 75 26 sjelfva
428 321 156 25 författningen,
609 320 68 20 finner
691 320 152 26 Lagutskottet,
859 322 30 17 att
905 320 72 19 tvifvel

227 357 41 19 kan
286 356 63 19 hafva
364 356 99 26 uppstått,
480 355 101 19 huruvida
594 355 118 26 jordegare,
733 361 44 13 som
797 354 30 19 till
847 354 130 26 anläggning

228 391 22 19 af
264 390 77 20 allmän
359 390 103 26 landsväg
477 390 81 19 afträda
574 390 52 25 skog
642 390 39 18 och
697 388 89 24 utmark,
797 391 36 17 äro
846 388 131 26 berättigade

228 425 30 19 till
276 424 116 26 ersättning
409 424 76 19 derför.

298 459 48 19 Men
362 458 62 19 äfven
440 458 7 18 i
464 460 29 17 ett
508 459 64 17 annat
594 457 100 20 afseende
719 460 21 16 är
763 457 154 19 ofvanberörda
937 457 40 19 för-

228 494 91 25 ordning
335 493 22 19 af
371 492 40 20 den
431 492 23 19 12
471 491 116 20 December
611 492 53 18 1864
687 491 49 26 föga
758 491 112 26 tillämplig
892 492 6 18 i
918 491 60 26 fråga

229 535 33 12 om
280 526 124 20 afträdande
421 526 23 19 af
457 526 58 19 mark
532 525 31 19 till
579 526 130 26 anläggning
727 526 22 18 af
769 525 76 19 allmän
869 526 109 24 landsväg.

229 562 41 19 Det
294 562 58 19 heter
376 560 106 26 nemligen
503 560 5 19 i
525 560 47 19 dess
589 560 10 19 6
617 561 16 24 $,
649 561 31 18 att
695 559 156 26 expropriation
869 567 49 19 eger
933 566 44 13 rum

230 596 32 19 för
278 595 130 26 anläggning
424 594 23 19 af
461 593 150 25 försvarsverk,
627 594 52 24 stad,
696 593 68 22 kanal,
773 594 97 26 jernväg,
882 594 96 26 telegraf-

230 629 79 20 anstalt
331 629 52 19 eller
406 630 65 18 annat
493 628 76 26 vigtigt
585 627 155 25 statsändamål,
756 634 44 13 som
817 628 26 25 på
859 628 57 19 Hans
931 628 49 25 Kej-

231 664 79 23 serliga
325 663 108 25 Majestäts
449 664 49 24 eget
513 662 115 26 afgörande
644 662 129 19 ankommer.
805 662 46 19 Men
872 662 31 19 till
920 662 60 19 såbe-

231 697 96 21 skaffade
343 696 150 20 statsändamål
509 696 62 19 hafva
586 696 107 19 allmänna
703 696 126 26 landsvägar
843 696 48 20 icke
902 699 79 17 ansetts

232 733 20 19 hö
310 732 68 25 enligt
395 732 9 18 1
422 733 9 21 $
448 731 26 19 25
491 730 48 26 kap.
556 730 22 19 B.
595 730 22 20 B.
633 730 38 19 har
687 730 34 20 det
736 730 117 20 ankommit
864 730 27 26 på
901 730 79 20 Guver-

232 769 90 17 nörerne
338 767 30 18 att
384 765 81 19 besluta
480 771 33 13 om
530 764 130 26 anläggning
675 764 23 19 af
711 764 76 20 allmän
807 764 103 27 landsväg
929 765 52 19 efter

232 800 130 26 föregången
380 798 158 26 undersökning
555 799 32 19 vid
605 798 122 20 häradsrätt.
757 794 68 24 Äfven
842 798 53 20 ifrån
912 799 70 19 denna

232 834 110 26 synpunkt
357 833 68 19 finner
440 832 108 20 Utskottet
571 832 104 20 särskilda
695 833 129 26 stadganden
841 840 50 12 vara
909 833 22 19 af
945 836 36 17 nö-

233 868 48 25 den,
305 868 52 18 huru
381 867 88 19 förfaras
491 867 54 19 skall
565 867 35 20 vid
619 867 63 19 väckt
697 867 58 27 fråga
773 874 32 12 om
822 867 123 20 afträdande
961 868 23 18 af

234 902 58 19 mark
310 901 30 19 till
357 901 114 26 byggande
486 901 23 19 af
522 901 76 19 allmän
615 901 108 26 landsväg.

303 936 83 25 Nådiga
402 935 156 26 propositionen
575 935 78 26 åsyftar
669 937 30 18 att
714 935 67 20 införa
791 937 30 18 ett
832 935 99 20 likartadt
946 936 35 19 be-

235 971 155 25 handlingssätt
413 969 32 20 för
468 969 68 26 frågor
560 976 32 13 om
616 969 157 26 expropriation
789 969 22 20 af
825 969 58 20 mark
900 970 31 19 för
947 977 35 12 an-

235 1005 101 26 läggning
352 1004 23 19 af
389 1003 56 20 såväl
462 1003 76 20 allmän
555 1003 102 27 landsväg
667 1010 44 13 som
723 1007 39 23 väg
775 1003 30 20 för
816 1004 63 25 stads,
893 1005 90 19 sockens

235 1039 51 19 eller
310 1044 69 13 annan
404 1037 118 26 menighets
545 1037 69 20 behof.
645 1037 97 20 Rörande
758 1038 129 19 sistnämnda
903 1039 44 26 slag
964 1039 22 19 af

235 1076 63 23 vägar
321 1072 118 20 innehåller
462 1071 117 20 emellertid
603 1072 43 19 ofta
661 1072 90 19 nämnda
767 1071 122 27 förordning
907 1073 23 19 af
943 1073 40 19 den

238 1107 24 20 12
279 1107 118 19 December
415 1106 53 19 1864
484 1106 6 19 i
506 1107 67 18 7—11
591 1108 21 22 $$
629 1113 122 19 noggranna
772 1107 39 18 och
830 1107 47 18 fullt
894 1107 90 26 tillämp-

236 1142 43 25 liga
295 1141 138 26 stadganden.
450 1140 106 19 Utskottet
571 1146 62 13 anser
649 1140 35 19 det
699 1140 23 19 så
741 1141 86 26 mycket
838 1141 146 26 betänkligare

236 1178 30 16 att
290 1175 47 19 med
362 1174 116 19 innehållet
500 1174 23 19 af
536 1174 64 26 sagde
617 1176 21 22 $$
655 1174 84 26 vidtaga
755 1175 39 19 den
811 1175 86 19 afsedda
915 1175 68 19 förän-

236 1210 90 26 dringen
343 1208 39 20 och
399 1208 91 19 likställa
506 1208 129 26 anläggning
651 1208 22 19 af
694 1208 75 20 allmän
789 1208 102 27 landsväg
909 1210 39 19 och
965 1211 23 18 af

238 1247 40 22 väg
294 1243 31 19 för
342 1242 118 26 menighets
477 1242 67 25 behof,
562 1249 41 12 som
621 1243 36 18 det
673 1243 66 26 ligger
754 1243 6 19 i
777 1243 76 19 sakens
873 1246 66 21 natur,
955 1247 30 16 att

237 1277 82 20 olikhet
342 1277 66 19 måste
431 1276 112 19 förefinnas
559 1276 34 19 vid
611 1276 122 26 byggandet
751 1276 23 20 af
793 1277 102 20 hvardera
918 1278 67 26 slaget

237 1311 45 20 utaf
297 1314 70 23 vägar.
400 1310 39 19 Vid
456 1309 128 26 anläggning
599 1310 24 19 af
635 1310 77 19 allmän
728 1310 102 26 landsväg
845 1313 23 17 är
879 1312 105 25 nemligen

236 1345 89 25 kronan,
342 1345 31 18 för
388 1344 62 19 hvars
466 1343 89 26 räkning
571 1345 157 25 expropriation
744 1345 23 19 af
781 1345 57 19 mark
855 1345 55 26 sker,
927 1347 57 19 alltid

237 1380 111 25 sakegare,
364 1379 39 19 och
420 1378 70 26 frågor
506 1378 21 19 af
541 1378 57 19 detta
613 1379 44 25 slag
674 1379 65 19 måste
760 1379 70 19 derför
849 1379 137 21 underkastas

236 1413 142 20 föreskrifven
396 1412 128 26 behandling
540 1413 22 18 af
575 1413 158 19 vederbörande
750 1413 154 26 myndigheter.
936 1414 49 20 Der-

237 1450 57 17 emot
311 1447 70 19 kunna
397 1449 64 23 vägar
484 1447 31 19 för
538 1447 118 26 menighets
681 1447 64 19 behof
759 1447 80 26 byggas
855 1449 47 17 utan
923 1448 62 27 något

236 1481 126 27 tillgörande
378 1480 45 19 från
440 1481 175 19 auktoriteternas
631 1481 52 25 sida,
699 1481 44 19 ifall
759 1480 160 21 vederbörande
939 1483 46 19 sak-
