1142 1786
864 169 31 17 381

172 233 46 26 digt
239 235 23 17 är
284 235 30 17 att
333 232 52 19 hans
406 237 76 14 ansvar
498 231 53 20 skall
568 232 31 19 för
615 231 40 20 alla
671 231 166 26 förbrytelserna
852 232 26 25 på
893 238 26 13 en

172 267 56 26 gång
245 267 132 25 bestämmas,
393 265 39 20 och
448 268 30 17 att
493 268 95 17 närmare
605 265 68 20 blefve
691 265 98 27 stadgadt
808 266 52 19 huru
881 267 40 19 för-

173 300 55 20 faras
243 300 61 25 skall,
320 299 27 20 då
362 301 56 18 emot
433 299 77 26 någon,
526 305 43 14 som
587 299 68 20 blifvit
670 300 32 19 för
717 300 56 26 groft
791 300 56 20 brott
862 300 5 19 i
884 300 37 20 all-

174 337 46 17 män
242 333 136 20 straffanstalt
399 333 27 26 på
448 333 72 27 längre
543 333 51 20 eller
617 333 83 20 kortare
723 334 29 19 tid
775 334 70 26 insatt,
871 334 51 20 eller

173 369 69 19 dömts
265 368 51 20 eller
338 368 24 19 af
382 367 80 20 domsol
486 369 77 18 ansetts
581 368 96 19 förfallen
693 368 31 19 till
740 368 75 26 högsta
835 368 87 27 kropps-

175 402 55 27 plikt
244 402 52 20 eller
311 401 132 20 straffarbete
459 402 31 18 för
510 402 73 25 lifstid,
605 408 68 20 yppas
695 402 135 20 derförinnan
849 402 24 20 af
887 402 34 20 ho-

175 443 49 13 nom
240 436 106 26 begånget
362 436 61 25 brott,
439 436 85 19 hvarom
541 436 128 26 ransakning
685 436 18 26 ej
719 436 62 20 skett.

242 471 118 20 Ständerna
374 470 64 20 hafva
453 470 34 19 vid
503 470 156 26 öfvervägande
675 470 23 20 af
711 470 40 20 den
769 470 84 26 Nådiga
876 476 46 20 pro-

175 505 125 26 positionen,
316 504 66 20 under
397 504 157 26 godkännande
569 504 22 20 af
605 504 63 26 syftet
687 504 2 19 i
711 504 128 26 densamma,
855 506 67 18 ansett

176 539 66 26 några
250 538 146 26 förändringar
404 538 24 20 af
434 538 40 20 den
483 538 120 26 föreslagna
612 538 107 26 lagtexten
729 545 50 13 vara
791 539 23 19 af
825 539 99 20 behofvet

176 573 123 25 påkallade;
312 573 32 19 för
356 572 73 20 hvilka
442 572 118 20 Ständerna
577 573 85 25 utbedja
679 573 32 26 sig
726 575 30 17 att
771 573 20 20 få
810 573 114 26 redogöra:

245 607 63 25 Enär,
324 606 66 26 enligt
405 606 127 20 Ständernas
548 606 71 26 tanke,
641 607 50 19 sista
711 613 62 13 mom.
792 607 24 19 af
829 607 24 19 21
872 609 10 22 $
899 607 25 19 10

177 642 48 26 kap.
242 641 23 19 R.
281 641 23 19 B.
321 640 77 27 tydligt
420 640 123 26 innehåller,
566 642 36 24 att,
625 640 26 20 då
673 641 42 19 alla
734 641 144 26 förbrytelser,
893 642 32 18 för

178 675 72 20 hvilka
272 675 69 27 någon
364 674 91 26 tilltalas,
478 678 37 16 äro
531 675 66 26 ringa,
613 675 40 19 den
669 675 98 27 skyldige
783 676 54 19 skall
853 676 72 19 dömas

178 710 31 19 för
225 710 72 25 hvarje
320 709 65 20 sådan
408 709 37 20 der
469 709 122 20 densamma
610 709 62 26 skett,
688 712 48 17 utan
753 712 30 17 att
797 710 6 19 i
819 709 56 21 slika
890 709 35 20 fall

179 744 73 26 nödigt
275 746 22 17 är
320 745 30 18 att
372 743 51 19 hans
442 749 75 13 ansvar
536 743 32 19 för
584 743 41 20 alla
641 743 81 20 brotten
738 743 27 27 på
781 750 25 14 en
822 744 57 26 gång
895 746 30 17 ut-

178 780 70 21 sättes,
272 777 62 20 hafva
356 776 118 20 Ständerna
491 776 69 20 funnit
577 777 65 26 något
657 779 46 24 nytt
717 778 117 26 stadgande
853 778 72 19 härom

178 812 6 19 i
201 812 40 20 den
258 811 107 20 blifvande
381 811 151 26 författningen
548 810 47 20 icke
612 818 49 13 vara
677 811 107 27 behöfligt.

246 845 134 20 Beträffande
403 844 40 20 den
467 844 119 27 föreslagna
608 845 107 26 lagtexten
739 846 6 19 i
768 846 69 26 öfrigt,
864 846 63 20 hafva

178 879 118 20 Ständerna
311 880 69 18 ansett
395 879 123 19 densamma
533 879 31 19 för
579 879 105 20 vinnande
700 880 23 19 af
737 882 65 17 större
822 880 104 26 tydlighet

180 913 38 20 och
236 913 132 19 bestämdhet
383 912 51 20 böra
449 912 157 20 omformuleras
622 913 93 25 sålunda,
731 915 30 18 att
777 913 148 26 ordalydelsen

180 947 23 19 af
216 947 24 19 21
258 948 10 22 $
287 947 23 19 10
326 946 47 26 kap.
392 946 23 19 R.
431 946 23 20 B.
471 946 116 20 bibehålles
603 947 5 18 i
625 947 69 26 öfrigt,
710 949 55 18 utom
785 950 30 17 att
835 948 91 19 derifrån

180 980 100 20 uteslutes
302 980 44 19 från
363 981 13 18 2
392 986 62 14 mom.
478 980 60 19 ordet
557 980 134 20 ”enahanda”
711 981 38 20 och
766 981 48 20 hela
830 982 11 19 3
858 988 69 19 mom.,

180 1016 53 18 samt
249 1014 34 20 vid
299 1015 36 19 det
350 1014 88 19 sålunda
453 1014 93 20 ändrade
562 1015 125 26 lagrummet
702 1015 59 26 fogas
777 1016 80 26 tillägg,
868 1017 60 19 inne-

181 1048 93 20 fattande
290 1047 131 21 föreskrifter
436 1055 33 12 om
487 1048 53 19 hvad
564 1049 104 26 iakttagas
691 1049 53 20 skall
763 1049 74 28 främst
855 1050 6 19 i
877 1050 51 19 hän-

182 1083 56 19 delse
262 1082 35 19 det
319 1082 66 19 under
408 1082 129 27 ransakning
559 1083 110 26 angående
693 1083 147 27 missgerning,
863 1083 65 20 hvarå

182 1116 118 26 dödsstraff,
315 1116 75 26 högsta
406 1115 134 27 kroppsplikt
554 1117 52 20 eller
622 1117 84 20 tukthus
722 1117 32 20 för
769 1117 92 20 lifstiden
878 1117 50 26 följa

182 1151 48 25 kan,
245 1157 75 20 yppas,
336 1152 30 17 att
380 1150 40 19 den
437 1150 101 20 tilltalade
554 1151 71 26 begått
641 1153 64 18 annat
720 1151 61 26 brott,
796 1151 32 20 för
847 1151 82 20 hvilket

182 1185 39 19 han
238 1187 54 17 ännu
308 1183 48 21 icke
372 1184 54 19 varit
440 1184 88 26 lagförd,
544 1184 84 20 dernäst
643 1191 33 13 om
695 1185 40 19 slik
757 1185 100 25 upptäckt
879 1185 50 20 sker

182 1219 52 20 efter
249 1218 35 20 det
300 1218 64 27 något
379 1218 23 19 af
415 1219 91 19 nämnda
528 1218 61 20 straff
601 1218 64 21 redan
686 1219 242 27 missgerningsmannen

182 1253 88 25 ådömts,
286 1254 52 18 samt
353 1252 98 26 slutligen
467 1252 5 19 i
489 1252 36 20 fall
542 1252 35 20 det
591 1259 74 20 yppas,
685 1255 30 17 att
730 1253 76 26 någon,
830 1260 43 13 som
898 1253 32 20 för

182 1287 56 26 groft
253 1287 55 20 brott
323 1286 68 20 blifvit
406 1287 5 18 i
428 1286 136 20 straffanstalt
587 1287 69 24 insatt,
680 1287 134 20 derförinnan
840 1287 90 20 föröfvat

182 1323 64 18 annat
262 1321 60 19 brott.

251 1354 31 20 Då
296 1354 117 21 innehållet
427 1355 23 19 af
464 1355 57 20 såväl
537 1355 76 26 Kongl.
629 1355 85 20 Brefvet
729 1355 40 20 den
786 1355 12 19 2
809 1355 55 19 Mars
878 1355 52 19 1748

183 1395 44 14 som
243 1389 119 26 Kejserliga
377 1389 84 19 Brefvet
478 1389 40 20 den
535 1389 25 20 27
577 1389 94 20 Oktober
688 1389 53 20 1818
757 1389 85 20 komme
860 1391 30 17 att
900 1389 30 19 in-

183 1423 27 26 gå
225 1424 5 18 i
247 1423 39 19 den
303 1423 23 19 af
339 1423 117 19 Ständerna
468 1423 96 20 beslutna
574 1423 87 26 lagtext,
672 1429 43 14 som
728 1423 102 19 innebure
841 1423 90 26 ändring

182 1457 24 19 af
218 1457 24 19 21
261 1459 9 22 $
288 1457 25 19 10
329 1456 48 27 kap.
393 1457 24 19 R.
433 1457 30 25 B.,
487 1457 62 20 hafva
568 1457 117 20 Ständerna
699 1459 69 17 ansett
786 1457 58 19 detta
860 1457 49 19 böra
925 1457 5 18 i

182 1490 109 27 ingressen
307 1490 31 19 till
354 1490 40 20 den
412 1490 106 20 blifvande
535 1491 149 25 författningen
700 1491 103 26 angifvas.
