1142 1786
865 165 32 17 297

174 228 76 19 mande
266 227 59 20 ordet
341 226 179 20 ”Konsistorium?
541 226 78 25 kunna,
636 227 6 18 i
658 227 48 19 dess
729 227 196 27 sammanställning

175 261 47 20 med
238 261 60 20 ordet
314 260 168 26 ”Domkapitel”,
506 260 109 19 föranleda
638 260 112 20 osäkerhet
769 267 33 13 om
823 261 101 27 lagstifta-

173 302 47 13 rens
237 297 53 17 rätta
306 295 86 25 mening
408 296 59 24 samt,
483 294 32 19 till
532 294 173 20 förekommande
721 295 64 25 deraf,
801 295 69 27 utbytt
881 296 42 20 det-

172 336 80 13 samma
268 331 42 17 mot
326 328 60 20 ordet
401 328 346 20 ”Universitetetskonsistorium”,

241 363 94 19 Emedan
352 363 10 19 9
380 364 10 22 $
405 362 7 20 i
428 362 35 20 det
477 362 84 26 Nådiga
577 362 236 27 författningsförslaget
828 364 6 19 i
850 364 75 26 sjelfva

173 397 75 20 verket
269 396 88 20 innebär
380 396 103 19 särskilda
506 396 113 26 ändringar
640 396 23 19 af
676 396 54 20 hvad
747 397 12 19 2
777 398 39 18 och
833 398 12 19 5
861 400 22 22 $$
899 399 26 19 48

173 432 53 25 Kap.
243 431 27 19 M.
286 430 22 20 B.
325 433 53 17 samt
394 430 76 26 Kongl.
486 430 85 19 Brefvet
587 430 40 19 den
645 430 26 19 20
687 430 89 27 Augusti
790 432 52 20 1755
851 432 74 26 stadga

173 465 111 26 angående
300 464 152 26 skyldigheten
468 466 30 17 att
516 464 113 26 hembjuda
647 464 58 26 fynd,
724 465 150 26 eganderätten
895 466 31 19 till

174 499 74 26 fyndet
264 500 38 19 och
318 500 98 18 ansvaret
431 498 32 20 för
478 498 127 20 detsammas
625 498 169 26 undandöljande
813 500 52 20 eller
885 500 40 20 för-

176 534 136 26 skingrande,
334 532 88 20 föreslår
446 532 112 26 Utskottet,
581 534 30 18 att
627 539 25 13 en
669 533 83 19 erinran
769 534 71 20 derom
861 534 64 20 måtte

176 568 20 19 få
212 568 50 26 ingå
277 568 6 19 i
299 567 137 26 inledningen
452 567 31 19 till
500 567 40 19 den
559 566 106 20 blifvande
681 567 157 28 förordningen.

242 602 29 19 På
286 601 68 27 grund
370 601 23 19 af
406 600 54 20 hvad
475 600 106 20 Utskottet
596 600 38 20 här
649 600 75 26 anfört,
741 602 38 19 och
801 602 26 20 då
838 602 85 20 Utskot-

175 639 29 17 tet
219 636 6 19 i
241 636 64 26 öfrigt
320 636 18 25 ej
356 635 68 19 funnit
446 634 45 20 skäl
514 634 31 19 till
569 634 141 27 anmärkning
730 638 40 17 mot
792 636 35 20 det
842 637 83 27 Nådiga

175 670 107 26 förslaget,
298 669 31 20 får
346 669 106 20 Utskottet
467 668 153 20 vördsammast
636 669 114 26 tillstyrka:

346 722 32 18 att
397 719 83 21 landets
496 719 117 27 höglofliga
634 719 94 21 Ständer
745 720 55 26 ville,
824 722 47 20 med
885 729 41 14 an-

277 754 75 20 mälan
374 754 78 25 derom,
476 755 32 18 att
530 752 41 21 den
589 752 90 28 Nådiga
699 755 165 26 propositionen
881 756 45 20 icke

277 788 85 20 kunnat
378 787 136 27 oförändrad
526 786 134 28 godkännas,
674 786 41 28 för
733 788 35 20 sin
787 789 35 20 del
837 789 88 26 besluta,

277 822 47 20 med
346 822 96 26 ändring
464 821 56 27 af
510 816 17 39 2
535 822 15 26 $
564 822 30 20 48
614 820 59 28 Kap.
696 821 29 21 M.
743 822 27 20 B.
789 822 38 21 och
844 823 81 28 Kongl.

276 856 88 26 Brefvet
379 856 40 20 den
434 857 29 20 20
478 855 95 27 Augusti
587 856 60 20 1755
662 858 56 18 samt
733 856 30 27 af
773 857 13 20 5
798 851 14 33 $
821 858 30 20 48
866 858 57 27 Kap.

278 890 29 21 M.
323 890 33 25 B.,
372 890 8 19 i
395 889 55 20 hvad
465 890 41 19 den
522 890 71 26 angår
611 890 68 26 straj
689 889 42 27 för
746 890 62 26 brott,
826 897 45 15 som
890 899 37 14 ne-

277 923 92 28 danföre
384 925 98 24 nämnas,
498 923 36 21 till
549 930 26 14 en
589 923 130 28 sälydande:

204 998 167 27 Förordning
386 998 132 27 angående
527 997 127 27 forntida
673 997 225 23 minnesmärkens

364 1037 134 28 fredande
518 1037 42 21 och
580 1037 149 21 bevarande.

526 1101 12 19 1
554 1100 21 27 $.

346 1145 53 21 Alla
417 1145 65 28 fasta
499 1145 188 27 fornlemningar,
713 1146 52 20 eller
790 1147 75 20 ruiner
890 1147 37 21 och

278 1180 124 26 lemningar
417 1179 54 27 efter
485 1179 74 27 gamla
575 1179 84 27 borgar,
675 1179 58 26 slott,
744 1179 83 27 fästen,
841 1181 86 27 kyrkor,

277 1213 78 28 kapell,
372 1212 92 21 bönehus
480 1212 37 21 och
532 1212 72 21 andra
619 1212 108 28 märkliga
739 1214 112 28 offentliga
862 1215 65 28 bygg-

278 1248 74 25 nader,
368 1247 118 28 ättehögar,
498 1247 145 26 stenkummel,
655 1247 134 27 värdhällar,
803 1251 124 25 runstenar,

277 1281 97 22 stenkors
394 1281 37 21 och
454 1281 74 28 dylika
543 1281 87 26 värdar,
653 1282 71 20 säsom
739 1281 37 21 ock
791 1283 46 20 alla
855 1283 72 21 andra

278 1316 108 21 likartade
401 1315 172 21 minnesmärken
583 1315 59 28 frän
657 1315 86 28 fordna
763 1316 75 28 dagar,
858 1317 68 21 varda

277 1350 126 27 härigenom
419 1352 63 25 tagne
497 1350 69 20 under
582 1350 74 27 lagens
674 1349 58 28 hägn
750 1350 37 20 och
797 1350 30 27 jä
844 1351 83 22 således

278 1384 44 21 icke
338 1383 26 27 af
372 1383 92 28 jordens
480 1390 62 21 egare
558 1384 51 20 eller
624 1383 141 28 innehajfvare
781 1384 51 21 eller
849 1393 75 14 annan

274 1425 81 20 person
365 1418 130 27 förändras,
512 1417 79 22 rubbas
607 1418 52 21 eller
671 1418 114 27 förstöras
799 1419 69 21 under
885 1427 39 14 an-

279 1454 37 19 nat
332 1451 74 26 vilkor,
422 1453 29 19 än
466 1451 42 21 här
524 1452 70 21 nedan
609 1452 97 27 stadgas.
