1142 1786
872 160 33 17 323

172 224 66 26 enligt
262 223 117 20 Utskottets
402 222 61 26 åsigt,
489 228 25 13 en
539 222 72 26 möjlig
634 222 52 19 brist
700 222 28 26 på
743 223 65 20 sådan
825 224 99 19 omtanke

173 258 96 26 skäligen
285 257 55 26 icke,
356 257 66 19 under
437 255 121 20 nuvarande
578 256 153 27 förhållanden,
754 257 71 20 kunna
848 257 21 20 få
888 264 36 13 an-

173 294 59 24 tagas
248 291 39 20 och
311 291 57 26 gälla
391 290 68 20 såsom
483 290 65 19 motiv
572 290 31 19 för
626 292 29 18 ett
671 290 129 27 återgående
817 291 30 20 till
863 292 63 19 ofvan

174 325 95 27 antydda
284 324 153 27 obligatoriska
453 324 130 20 föreskrifter
598 324 7 19 i
623 324 53 19 1734
693 324 33 20 års
741 324 40 27 lag.
813 325 39 26 Ty,
869 327 55 18 utom

175 360 35 20 det
226 361 29 18 att
270 361 66 17 större
360 359 39 19 och
423 365 57 13 mera
503 358 70 26 spridd
593 358 97 26 kunskap
706 365 33 13 om
759 359 166 27 försäkringsvä-

175 394 73 20 sendet
274 394 38 19 och
337 393 47 19 dess
407 395 60 24 nytta
488 394 54 18 samt
558 392 50 20 flere
624 392 70 27 bolag,
714 398 44 15 som
775 393 88 27 erbjuda
881 394 46 20 sina

175 429 93 25 tjenster,
285 434 27 12 nu
328 427 121 26 förefinnas,
465 430 26 16 än
508 427 35 19 vid
559 427 58 19 tiden
633 427 31 19 för
679 427 107 20 allmänna
797 427 73 27 lagens
886 428 37 19 till-

176 462 76 25 komst,
268 461 60 26 skall,
345 461 65 27 enligt
425 461 117 20 Utskottets
558 461 60 26 åsigt,
635 468 26 12 en
677 461 150 27 tvångsåtgärd
846 462 23 19 af
887 462 40 19 den

176 496 153 25 beskaffenhet,
346 496 86 19 hvarom
448 496 38 19 här
502 498 22 17 är
540 495 65 27 fråga,
621 495 48 20 icke
688 496 70 26 undgå
777 498 30 17 att
826 496 26 26 på
870 496 57 20 mån-

177 533 35 24 get
235 530 42 20 håll
301 533 26 17 än
351 530 72 20 vidare
446 530 118 19 framalstra
586 530 39 19 och
648 530 41 19 öka
705 530 40 19 den
761 530 112 26 håglöshet
888 531 39 19 och

177 565 53 20 brist
245 564 27 27 på
288 564 97 25 initiativ,
409 564 72 20 hvilka
504 564 135 27 gemenligen
663 564 20 20 få
699 564 56 27 gälla
775 571 44 13 som
835 564 45 20 skäl
896 564 32 20 för

176 598 143 27 lagstiftarens
343 598 148 20 mellankomst
513 598 27 26 på
563 598 106 26 områden,
689 604 44 14 som
750 598 50 20 böra
819 605 52 13 vara
887 598 40 20 den

178 633 108 20 enskildes
302 638 84 20 omsorg
402 632 139 20 förbehållna.

247 666 32 20 Då
294 667 7 19 i
317 666 40 20 den
373 666 83 27 Nådiga
471 667 158 26 propositionen
645 670 23 16 är
684 667 120 26 föreslaget,
815 669 30 17 att
856 667 72 25 hvarje

179 701 100 20 kommun
302 701 28 26 på
352 701 78 26 landet,
454 702 100 26 antingen
578 708 71 13 ensam
673 702 52 19 eller
743 702 6 18 i
764 702 97 26 förening
881 701 47 19 med

180 736 66 20 andra
268 735 131 26 kommuner,
423 735 37 20 bör
483 735 56 20 inom
562 736 32 26 sig
621 735 56 20 bilda
700 735 229 26 brandstodsförening,

179 772 53 18 samt
246 772 30 17 att
292 770 72 26 hvarje
380 776 63 20 egare
459 769 51 20 eller
526 770 137 19 innehafvare
678 770 22 19 af
710 770 98 26 fastighet
821 769 107 20 derstädes

180 804 140 26 ovilkorligen
336 803 54 20 skall
406 803 85 20 tillhöra
506 804 100 26 antingen
623 804 63 19 sådan
703 804 96 26 förening
816 804 51 19 eller
879 803 50 20 ock-

180 838 22 20 så
217 844 69 13 annan
302 838 78 19 allmän
398 837 320 27 brandförsäkringsinrättning,
738 838 39 19 och
793 838 36 19 det
846 837 84 26 Nådiga

181 872 101 25 förslaget
297 871 81 20 således
394 878 51 13 vore
460 872 78 25 egnadt
554 873 30 18 att
599 872 162 25 tillvägabringa
779 871 150 20 inskränknin-

180 912 37 20 gar
232 906 7 19 i
255 906 41 19 den
312 905 164 20 kommunernes
492 905 39 20 och
548 905 25 20 de
589 905 97 20 enskilda
702 905 177 26 medborgarenes
891 905 39 19 fria

180 940 243 26 sjelfbestämningsrätt,
440 946 43 13 som
501 940 61 19 äfven
578 940 23 19 af
614 939 45 20 vårt
675 939 177 20 samhällsskick
843 935 10 35 i
867 939 64 26 öfrigt

181 974 103 27 betingas,
301 974 37 19 har
353 974 107 19 Utskottet
478 974 68 19 funnit
561 974 39 19 den
616 974 144 26 ifrägaställda
779 973 101 27 åtgärden
899 973 30 19 till

182 1009 45 19 sina
249 1008 173 27 hufvudgrunder
444 1009 103 19 innefatta
569 1010 30 17 ett
614 1010 46 25 steg
675 1008 89 20 tillbaka
779 1007 44 20 frän
843 1014 27 13 nu
886 1007 43 26 gäl-

182 1042 62 21 lande
259 1043 131 26 stadganden
406 1043 6 19 i
428 1045 77 18 ämnet.
535 1043 107 19 Utskottet
657 1049 61 13 anser
733 1043 32 25 sig
781 1041 82 20 derföre
882 1041 48 20 icke

182 1077 72 19 kunna
269 1076 105 26 tillstyrka
390 1075 58 21 bifall
464 1076 31 20 till
512 1077 34 19 det
562 1076 117 20 Ständerna
693 1077 7 18 i
716 1076 73 20 anförd
801 1075 64 20 måtto
877 1075 53 20 före-

181 1111 63 26 lagda
267 1111 242 26 författningsförslaget.
538 1111 36 19 Ett
597 1110 131 27 fullständigt
747 1109 148 26 upphäfvande
911 1109 23 19 af

182 1145 26 20 de
224 1145 110 20 anmärkta
357 1145 145 26 stadgandena
525 1145 6 19 i
551 1145 22 20 B.
594 1145 23 19 B.
640 1145 61 26 hade,
725 1144 65 26 enligt
812 1143 119 20 Utskottets

183 1181 91 24 mening,
298 1179 53 20 varit
374 1186 26 12 en
424 1179 80 27 åtgärd,
529 1186 43 13 som
592 1182 95 16 närmare
707 1179 161 19 öfverensstämt
883 1177 47 20 med

183 1220 27 13 nu
226 1213 92 20 rådande
335 1213 77 26 åsigter
428 1213 39 20 och
483 1213 152 19 förhållanden.
666 1213 47 19 Men
731 1212 26 20 då
771 1212 57 20 Hans
847 1212 83 26 Kejser-

184 1248 42 26 liga
241 1247 97 26 Majestät
353 1247 7 20 i
376 1248 118 19 motiverna
510 1248 30 19 till
556 1248 40 19 den
612 1247 83 27 Nådiga
714 1247 158 26 propositionen
891 1246 40 19 för-

183 1282 69 19 klarat
268 1282 57 19 tiden
341 1285 56 16 ännu
413 1281 47 20 icke
476 1289 51 12 vara
542 1282 49 20 inne
607 1284 30 17 att
645 1281 75 26 frångå
731 1281 40 20 den
783 1281 74 26 grund,
872 1280 59 19 hvar-

183 1317 27 25 på
225 1316 161 27 ifrågavarande
401 1315 84 27 Nådiga
501 1316 78 26 förslag
594 1318 23 17 är
633 1315 73 27 bygdt,
722 1315 39 20 och
777 1315 26 19 då
819 1321 25 13 en
857 1314 74 19 under-

184 1350 64 27 dånig
263 1350 154 25 framställning
433 1349 23 20 af
469 1350 116 20 Ständerna
600 1350 7 19 i
623 1349 134 20 omförmäldt
776 1349 55 26 syfte
849 1348 83 20 således

182 1384 48 20 icke
246 1385 54 19 lärer
316 1384 114 26 lämpligen
447 1384 71 19 kunna
534 1391 39 20 ega
589 1391 51 18 rum,
657 1384 37 19 har
713 1383 108 20 Utskottet
839 1382 47 20 bort
901 1382 30 19 in-

183 1419 92 19 skränka
290 1419 41 19 den
348 1418 26 26 på
391 1418 107 20 Utskottet
513 1418 154 20 ankommande
683 1417 74 28 åtgärd
773 1418 6 19 i
797 1417 66 20 saken
887 1417 45 19 der-

183 1453 47 25 hän,
245 1454 35 24 att,
296 1452 28 26 på
338 1452 88 21 anförda
441 1453 53 26 skäl,
512 1453 106 19 vördsamt
633 1452 88 20 föreslå:
