<?xml version="1.0" encoding="UTF-8"?>
<alto xmlns="http://www.loc.gov/standards/alto/ns-v3#" xmlns:xlink="http://www.w3.org/1999/xlink" xmlns:xsi="http://www.w3.org/2001/XMLSchema-instance" xsi:schemaLocation="http://www.loc.gov/standards/alto/ns-v3# http://www.loc.gov/alto/v3/alto-3-0.xsd">
	<Description>
		<MeasurementUnit>pixel</MeasurementUnit>
		<sourceImageInformation>
			<fileName>/tmp/tess_2xtmovoa_input.PNG</fileName>
		</sourceImageInformation>
		<OCRProcessing ID="OCR_0">
			<ocrProcessingStep>
				<processingSoftware>
					<softwareName>tesseract 5.3.4</softwareName>
				</processingSoftware>
			</ocrProcessingStep>
		</OCRProcessing>
	</Description>
	<Layout>
		<Page WIDTH="1142" HEIGHT="1786" PHYSICAL_IMG_NR="0" ID="page_0">
			<PrintSpace HPOS="0" VPOS="0" WIDTH="1142" HEIGHT="1786">
				<ComposedBlock ID="cblock_0" HPOS="859" VPOS="149" WIDTH="22" HEIGHT="16">
					<TextBlock ID="block_0" HPOS="859" VPOS="149" WIDTH="22" HEIGHT="16">
						<TextLine ID="line_0" HPOS="859" VPOS="149" WIDTH="22" HEIGHT="16">
							<String ID="string_0" HPOS="859" VPOS="149" WIDTH="22" HEIGHT="16" WC="0.96" CONTENT="25"/>
						</TextLine>
					</TextBlock>
				</ComposedBlock>
				<ComposedBlock ID="cblock_1" HPOS="163" VPOS="212" WIDTH="752" HEIGHT="301">
					<TextBlock ID="block_1" HPOS="163" VPOS="212" WIDTH="752" HEIGHT="55">
						<TextLine ID="line_1" HPOS="163" VPOS="212" WIDTH="752" HEIGHT="28">
							<String ID="string_1" HPOS="163" VPOS="216" WIDTH="105" HEIGHT="24" WC="0.95" CONTENT="transport"/><SP WIDTH="16" VPOS="216" HPOS="268"/>
							<String ID="string_2" HPOS="284" VPOS="214" WIDTH="22" HEIGHT="19" WC="0.96" CONTENT="af"/><SP WIDTH="15" VPOS="214" HPOS="306"/>
							<String ID="string_3" HPOS="321" VPOS="216" WIDTH="85" HEIGHT="23" WC="0.95" CONTENT="trupper"/><SP WIDTH="15" VPOS="216" HPOS="406"/>
							<String ID="string_4" HPOS="421" VPOS="213" WIDTH="40" HEIGHT="20" WC="0.93" CONTENT="och"/><SP WIDTH="17" VPOS="213" HPOS="461"/>
							<String ID="string_5" HPOS="478" VPOS="212" WIDTH="186" HEIGHT="26" WC="0.92" CONTENT="militärpersedlar"/><SP WIDTH="16" VPOS="212" HPOS="664"/>
							<String ID="string_6" HPOS="680" VPOS="213" WIDTH="6" HEIGHT="18" WC="0.96" CONTENT="i"/><SP WIDTH="16" VPOS="213" HPOS="686"/>
							<String ID="string_7" HPOS="702" VPOS="212" WIDTH="96" HEIGHT="23" WC="0.95" CONTENT="Finland,"/><SP WIDTH="16" VPOS="212" HPOS="798"/>
							<String ID="string_8" HPOS="814" VPOS="214" WIDTH="31" HEIGHT="18" WC="0.96" CONTENT="att"/><SP WIDTH="14" VPOS="214" HPOS="845"/>
							<String ID="string_9" HPOS="859" VPOS="213" WIDTH="56" HEIGHT="26" WC="0.96" CONTENT="gälla"/>
						</TextLine>
						<TextLine ID="line_2" HPOS="163" VPOS="246" WIDTH="311" HEIGHT="21">
							<String ID="string_10" HPOS="163" VPOS="247" WIDTH="45" HEIGHT="20" WC="0.96" CONTENT="från"/><SP WIDTH="16" VPOS="247" HPOS="208"/>
							<String ID="string_11" HPOS="224" VPOS="247" WIDTH="41" HEIGHT="20" WC="0.96" CONTENT="den"/><SP WIDTH="20" VPOS="247" HPOS="265"/>
							<String ID="string_12" HPOS="285" VPOS="249" WIDTH="6" HEIGHT="17" WC="0.88" CONTENT="1"/><SP WIDTH="19" VPOS="249" HPOS="291"/>
							<String ID="string_13" HPOS="310" VPOS="247" WIDTH="86" HEIGHT="20" WC="0.96" CONTENT="Januari"/><SP WIDTH="18" VPOS="247" HPOS="396"/>
							<String ID="string_14" HPOS="414" VPOS="246" WIDTH="60" HEIGHT="21" WC="0.96" CONTENT="1869."/>
						</TextLine>
					</TextBlock>
					<TextBlock ID="block_2" HPOS="163" VPOS="279" WIDTH="752" HEIGHT="234">
						<TextLine ID="line_3" HPOS="232" VPOS="279" WIDTH="682" HEIGHT="27">
							<String ID="string_15" HPOS="232" VPOS="282" WIDTH="54" HEIGHT="19" WC="0.85" CONTENT="37:0."/><SP WIDTH="32" VPOS="282" HPOS="286"/>
							<String ID="string_16" HPOS="318" VPOS="281" WIDTH="154" HEIGHT="25" WC="0.89" CONTENT="Ridderskapet"/><SP WIDTH="15" VPOS="281" HPOS="472"/>
							<String ID="string_17" HPOS="487" VPOS="281" WIDTH="39" HEIGHT="19" WC="0.93" CONTENT="och"/><SP WIDTH="17" VPOS="281" HPOS="526"/>
							<String ID="string_18" HPOS="543" VPOS="280" WIDTH="68" HEIGHT="20" WC="0.93" CONTENT="Adeln"/><SP WIDTH="17" VPOS="280" HPOS="611"/>
							<String ID="string_19" HPOS="628" VPOS="280" WIDTH="37" HEIGHT="20" WC="0.96" CONTENT="har"/><SP WIDTH="16" VPOS="280" HPOS="665"/>
							<String ID="string_20" HPOS="681" VPOS="279" WIDTH="36" HEIGHT="21" WC="0.93" CONTENT="vid"/><SP WIDTH="10" VPOS="279" HPOS="717"/>
							<String ID="string_21" HPOS="727" VPOS="280" WIDTH="110" HEIGHT="20" WC="0.92" CONTENT="sisthällna"/><SP WIDTH="10" VPOS="280" HPOS="837"/>
							<String ID="string_22" HPOS="847" VPOS="280" WIDTH="67" HEIGHT="20" WC="0.92" CONTENT="landt-"/>
						</TextLine>
						<TextLine ID="line_4" HPOS="164" VPOS="314" WIDTH="750" HEIGHT="28">
							<String ID="string_23" HPOS="164" VPOS="317" WIDTH="41" HEIGHT="25" WC="0.90" CONTENT="dag"/><SP WIDTH="21" VPOS="317" HPOS="205"/>
							<String ID="string_24" HPOS="226" VPOS="316" WIDTH="81" HEIGHT="26" WC="0.93" CONTENT="antagit"/><SP WIDTH="23" VPOS="316" HPOS="307"/>
							<String ID="string_25" HPOS="330" VPOS="322" WIDTH="25" HEIGHT="13" WC="0.93" CONTENT="en"/><SP WIDTH="24" VPOS="322" HPOS="355"/>
							<String ID="string_26" HPOS="379" VPOS="314" WIDTH="202" HEIGHT="26" WC="0.91" CONTENT="riddarhusordning"/><SP WIDTH="24" VPOS="314" HPOS="581"/>
							<String ID="string_27" HPOS="605" VPOS="314" WIDTH="39" HEIGHT="20" WC="0.93" CONTENT="och"/><SP WIDTH="21" VPOS="314" HPOS="644"/>
							<String ID="string_28" HPOS="665" VPOS="314" WIDTH="122" HEIGHT="20" WC="0.95" CONTENT="densamma"/><SP WIDTH="19" VPOS="314" HPOS="787"/>
							<String ID="string_29" HPOS="806" VPOS="314" WIDTH="31" HEIGHT="20" WC="0.95" CONTENT="till"/><SP WIDTH="20" VPOS="314" HPOS="837"/>
							<String ID="string_30" HPOS="857" VPOS="314" WIDTH="57" HEIGHT="20" WC="0.96" CONTENT="Hans"/>
						</TextLine>
						<TextLine ID="line_5" HPOS="163" VPOS="348" WIDTH="752" HEIGHT="28">
							<String ID="string_31" HPOS="163" VPOS="350" WIDTH="119" HEIGHT="26" WC="0.92" CONTENT="Kejserliga"/><SP WIDTH="16" VPOS="350" HPOS="282"/>
							<String ID="string_32" HPOS="298" VPOS="350" WIDTH="106" HEIGHT="25" WC="0.92" CONTENT="Majestäts"/><SP WIDTH="16" VPOS="350" HPOS="404"/>
							<String ID="string_33" HPOS="420" VPOS="348" WIDTH="132" HEIGHT="20" WC="0.92" CONTENT="stadfästelse"/><SP WIDTH="18" VPOS="348" HPOS="552"/>
							<String ID="string_34" HPOS="570" VPOS="349" WIDTH="3" HEIGHT="19" WC="0.93" CONTENT="i"/><SP WIDTH="12" VPOS="349" HPOS="573"/>
							<String ID="string_35" HPOS="585" VPOS="348" WIDTH="170" HEIGHT="26" WC="0.91" CONTENT="underdänighet"/><SP WIDTH="14" VPOS="348" HPOS="755"/>
							<String ID="string_36" HPOS="769" VPOS="348" WIDTH="146" HEIGHT="20" WC="0.88" CONTENT="öfverlemnat."/>
						</TextLine>
						<TextLine ID="line_6" HPOS="164" VPOS="382" WIDTH="750" HEIGHT="27">
							<String ID="string_37" HPOS="164" VPOS="384" WIDTH="45" HEIGHT="20" WC="0.95" CONTENT="Och"/><SP WIDTH="22" VPOS="384" HPOS="209"/>
							<String ID="string_38" HPOS="231" VPOS="384" WIDTH="37" HEIGHT="20" WC="0.96" CONTENT="har"/><SP WIDTH="18" VPOS="384" HPOS="268"/>
							<String ID="string_39" HPOS="286" VPOS="384" WIDTH="58" HEIGHT="19" WC="0.93" CONTENT="Hans"/><SP WIDTH="18" VPOS="384" HPOS="344"/>
							<String ID="string_40" HPOS="362" VPOS="383" WIDTH="120" HEIGHT="26" WC="0.96" CONTENT="Kejserliga"/><SP WIDTH="19" VPOS="383" HPOS="482"/>
							<String ID="string_41" HPOS="501" VPOS="383" WIDTH="97" HEIGHT="25" WC="0.95" CONTENT="Majestät"/><SP WIDTH="19" VPOS="383" HPOS="598"/>
							<String ID="string_42" HPOS="617" VPOS="382" WIDTH="40" HEIGHT="20" WC="0.93" CONTENT="den"/><SP WIDTH="18" VPOS="382" HPOS="657"/>
							<String ID="string_43" HPOS="675" VPOS="385" WIDTH="23" HEIGHT="24" WC="0.51" CONTENT=",%"/><SP WIDTH="19" VPOS="385" HPOS="698"/>
							<String ID="string_44" HPOS="717" VPOS="382" WIDTH="59" HEIGHT="26" WC="0.89" CONTENT="April"/><SP WIDTH="18" VPOS="382" HPOS="776"/>
							<String ID="string_45" HPOS="794" VPOS="383" WIDTH="53" HEIGHT="20" WC="0.93" CONTENT="1869"/><SP WIDTH="16" VPOS="383" HPOS="847"/>
							<String ID="string_46" HPOS="863" VPOS="383" WIDTH="51" HEIGHT="26" WC="0.91" CONTENT="god-"/>
						</TextLine>
						<TextLine ID="line_7" HPOS="164" VPOS="417" WIDTH="751" HEIGHT="27">
							<String ID="string_47" HPOS="164" VPOS="419" WIDTH="53" HEIGHT="19" WC="0.96" CONTENT="känt"/><SP WIDTH="22" VPOS="419" HPOS="217"/>
							<String ID="string_48" HPOS="239" VPOS="419" WIDTH="39" HEIGHT="19" WC="0.89" CONTENT="och"/><SP WIDTH="24" VPOS="419" HPOS="278"/>
							<String ID="string_49" HPOS="302" VPOS="418" WIDTH="110" HEIGHT="20" WC="0.92" CONTENT="stadfästat"/><SP WIDTH="18" VPOS="418" HPOS="412"/>
							<String ID="string_50" HPOS="430" VPOS="418" WIDTH="64" HEIGHT="26" WC="0.92" CONTENT="sagde"/><SP WIDTH="24" VPOS="418" HPOS="494"/>
							<String ID="string_51" HPOS="518" VPOS="417" WIDTH="209" HEIGHT="27" WC="0.80" CONTENT="riddarhusordning,"/><SP WIDTH="20" VPOS="417" HPOS="727"/>
							<String ID="string_52" HPOS="747" VPOS="419" WIDTH="29" HEIGHT="17" WC="0.96" CONTENT="att"/><SP WIDTH="21" VPOS="419" HPOS="776"/>
							<String ID="string_53" HPOS="797" VPOS="417" WIDTH="34" HEIGHT="19" WC="0.93" CONTENT="vid"/><SP WIDTH="16" VPOS="417" HPOS="831"/>
							<String ID="string_54" HPOS="847" VPOS="417" WIDTH="68" HEIGHT="19" WC="0.87" CONTENT="landt-"/>
						</TextLine>
						<TextLine ID="line_8" HPOS="163" VPOS="451" WIDTH="752" HEIGHT="28">
							<String ID="string_55" HPOS="163" VPOS="453" WIDTH="65" HEIGHT="26" WC="0.96" CONTENT="dagar"/><SP WIDTH="22" VPOS="453" HPOS="228"/>
							<String ID="string_56" HPOS="250" VPOS="455" WIDTH="53" HEIGHT="17" WC="0.93" CONTENT="samt"/><SP WIDTH="24" VPOS="455" HPOS="303"/>
							<String ID="string_57" HPOS="327" VPOS="452" WIDTH="164" HEIGHT="26" WC="0.92" CONTENT="Ridderskapets"/><SP WIDTH="23" VPOS="452" HPOS="491"/>
							<String ID="string_58" HPOS="514" VPOS="451" WIDTH="39" HEIGHT="20" WC="0.93" CONTENT="och"/><SP WIDTH="21" VPOS="451" HPOS="553"/>
							<String ID="string_59" HPOS="574" VPOS="451" WIDTH="80" HEIGHT="20" WC="0.91" CONTENT="Adelns"/><SP WIDTH="21" VPOS="451" HPOS="654"/>
							<String ID="string_60" HPOS="675" VPOS="452" WIDTH="169" HEIGHT="19" WC="0.92" CONTENT="sammanträden"/><SP WIDTH="21" VPOS="452" HPOS="844"/>
							<String ID="string_61" HPOS="865" VPOS="458" WIDTH="50" HEIGHT="13" WC="0.96" CONTENT="vara"/>
						</TextLine>
						<TextLine ID="line_9" HPOS="164" VPOS="486" WIDTH="104" HEIGHT="27">
							<String ID="string_62" HPOS="164" VPOS="486" WIDTH="104" HEIGHT="27" WC="0.96" CONTENT="gällande."/>
						</TextLine>
					</TextBlock>
				</ComposedBlock>
				<ComposedBlock ID="cblock_2" HPOS="164" VPOS="549" WIDTH="750" HEIGHT="101">
					<TextBlock ID="block_3" HPOS="164" VPOS="549" WIDTH="750" HEIGHT="101">
						<TextLine ID="line_10" HPOS="164" VPOS="549" WIDTH="750" HEIGHT="32">
							<String ID="string_63" HPOS="164" VPOS="555" WIDTH="25" HEIGHT="22" WC="0.91" CONTENT="B."/><SP WIDTH="31" VPOS="555" HPOS="189"/>
							<String ID="string_64" HPOS="220" VPOS="549" WIDTH="108" HEIGHT="31" WC="0.92" CONTENT="Ärenden,"/><SP WIDTH="16" VPOS="549" HPOS="328"/>
							<String ID="string_65" HPOS="344" VPOS="554" WIDTH="72" HEIGHT="21" WC="0.96" CONTENT="hvilka"/><SP WIDTH="16" VPOS="554" HPOS="416"/>
							<String ID="string_66" HPOS="432" VPOS="553" WIDTH="71" HEIGHT="28" WC="0.96" CONTENT="blifvit"/><SP WIDTH="15" VPOS="553" HPOS="503"/>
							<String ID="string_67" HPOS="518" VPOS="552" WIDTH="29" HEIGHT="28" WC="0.96" CONTENT="af"/><SP WIDTH="11" VPOS="552" HPOS="547"/>
							<String ID="string_68" HPOS="558" VPOS="553" WIDTH="91" HEIGHT="21" WC="0.96" CONTENT="stånden"/><SP WIDTH="19" VPOS="553" HPOS="649"/>
							<String ID="string_69" HPOS="668" VPOS="554" WIDTH="33" HEIGHT="20" WC="0.96" CONTENT="uti"/><SP WIDTH="10" VPOS="554" HPOS="701"/>
							<String ID="string_70" HPOS="711" VPOS="553" WIDTH="147" HEIGHT="28" WC="0.93" CONTENT="framställda"/><SP WIDTH="15" VPOS="553" HPOS="858"/>
							<String ID="string_71" HPOS="873" VPOS="561" WIDTH="41" HEIGHT="14" WC="0.92" CONTENT="un-"/>
						</TextLine>
						<TextLine ID="line_11" HPOS="236" VPOS="587" WIDTH="609" HEIGHT="29">
							<String ID="string_72" HPOS="236" VPOS="589" WIDTH="120" HEIGHT="27" WC="0.92" CONTENT="derdåniga"/><SP WIDTH="13" VPOS="589" HPOS="356"/>
							<String ID="string_73" HPOS="369" VPOS="589" WIDTH="117" HEIGHT="27" WC="0.92" CONTENT="petitioner"/><SP WIDTH="16" VPOS="589" HPOS="486"/>
							<String ID="string_74" HPOS="502" VPOS="588" WIDTH="159" HEIGHT="20" WC="0.95" CONTENT="underkastade"/><SP WIDTH="16" VPOS="588" HPOS="661"/>
							<String ID="string_75" HPOS="677" VPOS="587" WIDTH="64" HEIGHT="21" WC="0.93" CONTENT="Hans"/><SP WIDTH="16" VPOS="587" HPOS="741"/>
							<String ID="string_76" HPOS="757" VPOS="587" WIDTH="88" HEIGHT="29" WC="0.91" CONTENT="Kejser-"/>
						</TextLine>
						<TextLine ID="line_12" HPOS="316" VPOS="621" WIDTH="443" HEIGHT="29">
							<String ID="string_77" HPOS="316" VPOS="622" WIDTH="45" HEIGHT="28" WC="0.96" CONTENT="liga"/><SP WIDTH="19" VPOS="622" HPOS="361"/>
							<String ID="string_78" HPOS="380" VPOS="622" WIDTH="112" HEIGHT="28" WC="0.96" CONTENT="Majestäts"/><SP WIDTH="18" VPOS="622" HPOS="492"/>
							<String ID="string_79" HPOS="510" VPOS="622" WIDTH="83" HEIGHT="27" WC="0.93" CONTENT="nådiga"/><SP WIDTH="18" VPOS="622" HPOS="593"/>
							<String ID="string_80" HPOS="611" VPOS="621" WIDTH="148" HEIGHT="28" WC="0.92" CONTENT="bepröfvande."/>
						</TextLine>
					</TextBlock>
				</ComposedBlock>
				<ComposedBlock ID="cblock_3" HPOS="164" VPOS="668" WIDTH="751" HEIGHT="210">
					<TextBlock ID="block_4" HPOS="164" VPOS="668" WIDTH="751" HEIGHT="165">
						<TextLine ID="line_13" HPOS="232" VPOS="668" WIDTH="683" HEIGHT="27">
							<String ID="string_81" HPOS="232" VPOS="669" WIDTH="9" HEIGHT="19" WC="0.96" CONTENT="I"/><SP WIDTH="15" VPOS="669" HPOS="241"/>
							<String ID="string_82" HPOS="256" VPOS="668" WIDTH="116" HEIGHT="27" WC="0.96" CONTENT="anledning"/><SP WIDTH="20" VPOS="668" HPOS="372"/>
							<String ID="string_83" HPOS="392" VPOS="668" WIDTH="22" HEIGHT="20" WC="0.93" CONTENT="af"/><SP WIDTH="17" VPOS="668" HPOS="414"/>
							<String ID="string_84" HPOS="431" VPOS="668" WIDTH="162" HEIGHT="20" WC="0.91" CONTENT="nedannämnda"/><SP WIDTH="19" VPOS="668" HPOS="593"/>
							<String ID="string_85" HPOS="612" VPOS="668" WIDTH="45" HEIGHT="20" WC="0.96" CONTENT="dels"/><SP WIDTH="16" VPOS="668" HPOS="657"/>
							<String ID="string_86" HPOS="673" VPOS="668" WIDTH="23" HEIGHT="20" WC="0.96" CONTENT="af"/><SP WIDTH="13" VPOS="668" HPOS="696"/>
							<String ID="string_87" HPOS="709" VPOS="668" WIDTH="41" HEIGHT="20" WC="0.96" CONTENT="alla"/><SP WIDTH="15" VPOS="668" HPOS="750"/>
							<String ID="string_88" HPOS="765" VPOS="668" WIDTH="47" HEIGHT="26" WC="0.96" CONTENT="fyra"/><SP WIDTH="14" VPOS="668" HPOS="812"/>
							<String ID="string_89" HPOS="826" VPOS="668" WIDTH="89" HEIGHT="21" WC="0.96" CONTENT="stånden"/>
						</TextLine>
						<TextLine ID="line_14" HPOS="165" VPOS="702" WIDTH="750" HEIGHT="28">
							<String ID="string_90" HPOS="165" VPOS="705" WIDTH="132" HEIGHT="25" WC="0.96" CONTENT="gemensamt"/><SP WIDTH="24" VPOS="705" HPOS="297"/>
							<String ID="string_91" HPOS="321" VPOS="702" WIDTH="45" HEIGHT="20" WC="0.96" CONTENT="dels"/><SP WIDTH="20" VPOS="702" HPOS="366"/>
							<String ID="string_92" HPOS="386" VPOS="703" WIDTH="24" HEIGHT="19" WC="0.96" CONTENT="af"/><SP WIDTH="16" VPOS="703" HPOS="410"/>
							<String ID="string_93" HPOS="426" VPOS="702" WIDTH="63" HEIGHT="27" WC="0.96" CONTENT="något"/><SP WIDTH="18" VPOS="702" HPOS="489"/>
							<String ID="string_94" HPOS="507" VPOS="702" WIDTH="60" HEIGHT="20" WC="0.96" CONTENT="stånd"/><SP WIDTH="22" VPOS="702" HPOS="567"/>
							<String ID="string_95" HPOS="589" VPOS="702" WIDTH="31" HEIGHT="20" WC="0.96" CONTENT="för"/><SP WIDTH="19" VPOS="702" HPOS="620"/>
							<String ID="string_96" HPOS="639" VPOS="702" WIDTH="33" HEIGHT="26" WC="0.96" CONTENT="sig"/><SP WIDTH="21" VPOS="702" HPOS="672"/>
							<String ID="string_97" HPOS="693" VPOS="702" WIDTH="34" HEIGHT="20" WC="0.96" CONTENT="vid"/><SP WIDTH="23" VPOS="702" HPOS="727"/>
							<String ID="string_98" HPOS="750" VPOS="705" WIDTH="71" HEIGHT="17" WC="0.96" CONTENT="senast"/><SP WIDTH="23" VPOS="705" HPOS="821"/>
							<String ID="string_99" HPOS="844" VPOS="703" WIDTH="71" HEIGHT="20" WC="0.96" CONTENT="hållna"/>
						</TextLine>
						<TextLine ID="line_15" HPOS="165" VPOS="736" WIDTH="750" HEIGHT="28">
							<String ID="string_100" HPOS="165" VPOS="738" WIDTH="100" HEIGHT="26" WC="0.91" CONTENT="landtdag"/><SP WIDTH="17" VPOS="738" HPOS="265"/>
							<String ID="string_101" HPOS="282" VPOS="738" WIDTH="37" HEIGHT="19" WC="0.96" CONTENT="hos"/><SP WIDTH="16" VPOS="738" HPOS="319"/>
							<String ID="string_102" HPOS="335" VPOS="737" WIDTH="57" HEIGHT="19" WC="0.95" CONTENT="Hans"/><SP WIDTH="20" VPOS="737" HPOS="392"/>
							<String ID="string_103" HPOS="412" VPOS="736" WIDTH="118" HEIGHT="27" WC="0.95" CONTENT="Kejserliga"/><SP WIDTH="22" VPOS="736" HPOS="530"/>
							<String ID="string_104" HPOS="552" VPOS="736" WIDTH="96" HEIGHT="26" WC="0.96" CONTENT="Majestät"/><SP WIDTH="20" VPOS="736" HPOS="648"/>
							<String ID="string_105" HPOS="668" VPOS="736" WIDTH="129" HEIGHT="21" WC="0.93" CONTENT="framställda"/><SP WIDTH="15" VPOS="736" HPOS="797"/>
							<String ID="string_106" HPOS="812" VPOS="737" WIDTH="103" HEIGHT="20" WC="0.91" CONTENT="underdå-"/>
						</TextLine>
						<TextLine ID="line_16" HPOS="165" VPOS="770" WIDTH="750" HEIGHT="29">
							<String ID="string_107" HPOS="165" VPOS="772" WIDTH="50" HEIGHT="27" WC="0.92" CONTENT="niga"/><SP WIDTH="15" VPOS="772" HPOS="215"/>
							<String ID="string_108" HPOS="230" VPOS="772" WIDTH="112" HEIGHT="26" WC="0.92" CONTENT="petitioner"/><SP WIDTH="16" VPOS="772" HPOS="342"/>
							<String ID="string_109" HPOS="358" VPOS="771" WIDTH="62" HEIGHT="20" WC="0.96" CONTENT="hafva"/><SP WIDTH="16" VPOS="771" HPOS="420"/>
							<String ID="string_110" HPOS="436" VPOS="771" WIDTH="92" HEIGHT="26" WC="0.95" CONTENT="följande"/><SP WIDTH="16" VPOS="771" HPOS="528"/>
							<String ID="string_111" HPOS="544" VPOS="770" WIDTH="99" HEIGHT="27" WC="0.96" CONTENT="åtgärder"/><SP WIDTH="16" VPOS="770" HPOS="643"/>
							<String ID="string_112" HPOS="659" VPOS="770" WIDTH="69" HEIGHT="20" WC="0.96" CONTENT="blifvit"/><SP WIDTH="11" VPOS="770" HPOS="728"/>
							<String ID="string_113" HPOS="739" VPOS="771" WIDTH="106" HEIGHT="27" WC="0.92" CONTENT="vidtagna,"/><SP WIDTH="12" VPOS="771" HPOS="845"/>
							<String ID="string_114" HPOS="857" VPOS="778" WIDTH="58" HEIGHT="12" WC="0.92" CONTENT="nem-"/>
						</TextLine>
						<TextLine ID="line_17" HPOS="164" VPOS="807" WIDTH="67" HEIGHT="26">
							<String ID="string_115" HPOS="164" VPOS="807" WIDTH="67" HEIGHT="26" WC="0.96" CONTENT="ligen:"/>
						</TextLine>
					</TextBlock>
					<TextBlock ID="block_5" HPOS="298" VPOS="852" WIDTH="484" HEIGHT="26">
						<TextLine ID="line_18" HPOS="298" VPOS="852" WIDTH="484" HEIGHT="26">
							<String ID="string_116" HPOS="298" VPOS="852" WIDTH="123" HEIGHT="20" WC="0.90" CONTENT="Ständens"/><SP WIDTH="15" VPOS="852" HPOS="421"/>
							<String ID="string_117" HPOS="436" VPOS="858" WIDTH="184" HEIGHT="20" WC="0.93" CONTENT="gemensamma"/><SP WIDTH="16" VPOS="858" HPOS="620"/>
							<String ID="string_118" HPOS="636" VPOS="852" WIDTH="146" HEIGHT="25" WC="0.91" CONTENT="petitioner:"/>
						</TextLine>
					</TextBlock>
				</ComposedBlock>
				<ComposedBlock ID="cblock_4" HPOS="162" VPOS="897" WIDTH="753" HEIGHT="602">
					<TextBlock ID="block_6" HPOS="166" VPOS="897" WIDTH="749" HEIGHT="226">
						<TextLine ID="line_19" HPOS="234" VPOS="897" WIDTH="681" HEIGHT="27">
							<String ID="string_119" HPOS="234" VPOS="899" WIDTH="54" HEIGHT="19" WC="0.92" CONTENT="38:0."/><SP WIDTH="31" VPOS="899" HPOS="288"/>
							<String ID="string_120" HPOS="319" VPOS="897" WIDTH="37" HEIGHT="20" WC="0.96" CONTENT="Att"/><SP WIDTH="22" VPOS="897" HPOS="356"/>
							<String ID="string_121" HPOS="378" VPOS="897" WIDTH="40" HEIGHT="20" WC="0.96" CONTENT="den"/><SP WIDTH="21" VPOS="897" HPOS="418"/>
							<String ID="string_122" HPOS="439" VPOS="897" WIDTH="6" HEIGHT="20" WC="0.95" CONTENT="i"/><SP WIDTH="16" VPOS="897" HPOS="445"/>
							<String ID="string_123" HPOS="461" VPOS="897" WIDTH="77" HEIGHT="26" WC="0.96" CONTENT="nådiga"/><SP WIDTH="23" VPOS="897" HPOS="538"/>
							<String ID="string_124" HPOS="561" VPOS="897" WIDTH="141" HEIGHT="26" WC="0.96" CONTENT="kungörelsen"/><SP WIDTH="23" VPOS="897" HPOS="702"/>
							<String ID="string_125" HPOS="725" VPOS="897" WIDTH="24" HEIGHT="20" WC="0.97" CONTENT="af"/><SP WIDTH="17" VPOS="897" HPOS="749"/>
							<String ID="string_126" HPOS="766" VPOS="897" WIDTH="40" HEIGHT="20" WC="0.96" CONTENT="den"/><SP WIDTH="24" VPOS="897" HPOS="806"/>
							<String ID="string_127" HPOS="830" VPOS="899" WIDTH="21" HEIGHT="18" WC="0.96" CONTENT="11"/><SP WIDTH="23" VPOS="899" HPOS="851"/>
							<String ID="string_128" HPOS="874" VPOS="898" WIDTH="41" HEIGHT="26" WC="0.96" CONTENT="Maj"/>
						</TextLine>
						<TextLine ID="line_20" HPOS="167" VPOS="931" WIDTH="747" HEIGHT="27">
							<String ID="string_129" HPOS="167" VPOS="933" WIDTH="60" HEIGHT="24" WC="0.90" CONTENT="1866,"/><SP WIDTH="27" VPOS="933" HPOS="227"/>
							<String ID="string_130" HPOS="254" VPOS="931" WIDTH="110" HEIGHT="27" WC="0.96" CONTENT="angående"/><SP WIDTH="26" VPOS="931" HPOS="364"/>
							<String ID="string_131" HPOS="390" VPOS="931" WIDTH="71" HEIGHT="27" WC="0.42" CONTENT="slutlig"/><SP WIDTH="26" VPOS="931" HPOS="461"/>
							<String ID="string_132" HPOS="487" VPOS="931" WIDTH="142" HEIGHT="26" WC="0.96" CONTENT="organisation"/><SP WIDTH="24" VPOS="931" HPOS="629"/>
							<String ID="string_133" HPOS="653" VPOS="931" WIDTH="23" HEIGHT="20" WC="0.93" CONTENT="af"/><SP WIDTH="18" VPOS="931" HPOS="676"/>
							<String ID="string_134" HPOS="694" VPOS="931" WIDTH="195" HEIGHT="21" WC="0.92" CONTENT="folkskolväsendet"/><SP WIDTH="20" VPOS="931" HPOS="889"/>
							<String ID="string_135" HPOS="909" VPOS="933" WIDTH="5" HEIGHT="18" WC="0.97" CONTENT="i"/>
						</TextLine>
						<TextLine ID="line_21" HPOS="166" VPOS="965" WIDTH="748" HEIGHT="27">
							<String ID="string_136" HPOS="166" VPOS="966" WIDTH="96" HEIGHT="26" WC="0.93" CONTENT="Finland,"/><SP WIDTH="16" VPOS="966" HPOS="262"/>
							<String ID="string_137" HPOS="278" VPOS="966" WIDTH="86" HEIGHT="26" WC="0.92" CONTENT="intagna"/><SP WIDTH="17" VPOS="966" HPOS="364"/>
							<String ID="string_138" HPOS="381" VPOS="965" WIDTH="134" HEIGHT="27" WC="0.91" CONTENT="bestämning"/><SP WIDTH="15" VPOS="965" HPOS="515"/>
							<String ID="string_139" HPOS="530" VPOS="972" WIDTH="34" HEIGHT="13" WC="0.93" CONTENT="om"/><SP WIDTH="16" VPOS="972" HPOS="564"/>
							<String ID="string_140" HPOS="580" VPOS="965" WIDTH="138" HEIGHT="27" WC="0.92" CONTENT="förläggande"/><SP WIDTH="16" VPOS="965" HPOS="718"/>
							<String ID="string_141" HPOS="734" VPOS="966" WIDTH="22" HEIGHT="19" WC="0.96" CONTENT="af"/><SP WIDTH="14" VPOS="966" HPOS="756"/>
							<String ID="string_142" HPOS="770" VPOS="966" WIDTH="35" HEIGHT="19" WC="0.96" CONTENT="det"/><SP WIDTH="15" VPOS="966" HPOS="805"/>
							<String ID="string_143" HPOS="820" VPOS="966" WIDTH="6" HEIGHT="19" WC="0.93" CONTENT="i"/><SP WIDTH="14" VPOS="966" HPOS="826"/>
							<String ID="string_144" HPOS="840" VPOS="966" WIDTH="74" HEIGHT="26" WC="0.93" CONTENT="Jyväs-"/>
						</TextLine>
						<TextLine ID="line_22" HPOS="166" VPOS="999" WIDTH="748" HEIGHT="27">
							<String ID="string_145" HPOS="166" VPOS="1000" WIDTH="51" HEIGHT="26" WC="0.96" CONTENT="kylä"/><SP WIDTH="19" VPOS="1000" HPOS="217"/>
							<String ID="string_146" HPOS="236" VPOS="1000" WIDTH="45" HEIGHT="19" WC="0.93" CONTENT="stad"/><SP WIDTH="21" VPOS="1000" HPOS="281"/>
							<String ID="string_147" HPOS="302" VPOS="1000" WIDTH="138" HEIGHT="26" WC="0.92" CONTENT="provisoriskt"/><SP WIDTH="19" VPOS="1000" HPOS="440"/>
							<String ID="string_148" HPOS="459" VPOS="999" WIDTH="103" HEIGHT="20" WC="0.92" CONTENT="inrättade"/><SP WIDTH="22" VPOS="999" HPOS="562"/>
							<String ID="string_149" HPOS="584" VPOS="999" WIDTH="285" HEIGHT="21" WC="0.92" CONTENT="folkskollärareseminariet"/><SP WIDTH="15" VPOS="999" HPOS="869"/>
							<String ID="string_150" HPOS="884" VPOS="1001" WIDTH="30" HEIGHT="19" WC="0.96" CONTENT="till"/>
						</TextLine>
						<TextLine ID="line_23" HPOS="166" VPOS="1034" WIDTH="748" HEIGHT="26">
							<String ID="string_151" HPOS="166" VPOS="1034" WIDTH="64" HEIGHT="26" WC="0.90" CONTENT="nägot"/><SP WIDTH="20" VPOS="1034" HPOS="230"/>
							<String ID="string_152" HPOS="250" VPOS="1034" WIDTH="166" HEIGHT="20" WC="0.92" CONTENT="kronohemman"/><SP WIDTH="21" VPOS="1034" HPOS="416"/>
							<String ID="string_153" HPOS="437" VPOS="1035" WIDTH="7" HEIGHT="18" WC="0.93" CONTENT="i"/><SP WIDTH="16" VPOS="1035" HPOS="444"/>
							<String ID="string_154" HPOS="460" VPOS="1034" WIDTH="101" HEIGHT="20" WC="0.91" CONTENT="närheten"/><SP WIDTH="16" VPOS="1034" HPOS="561"/>
							<String ID="string_155" HPOS="577" VPOS="1034" WIDTH="23" HEIGHT="20" WC="0.96" CONTENT="af"/><SP WIDTH="13" VPOS="1034" HPOS="600"/>
							<String ID="string_156" HPOS="613" VPOS="1034" WIDTH="92" HEIGHT="20" WC="0.96" CONTENT="nämnda"/><SP WIDTH="15" VPOS="1034" HPOS="705"/>
							<String ID="string_157" HPOS="720" VPOS="1034" WIDTH="45" HEIGHT="20" WC="0.93" CONTENT="stad"/><SP WIDTH="17" VPOS="1034" HPOS="765"/>
							<String ID="string_158" HPOS="782" VPOS="1034" WIDTH="63" HEIGHT="20" WC="0.91" CONTENT="mätte"/><SP WIDTH="16" VPOS="1034" HPOS="845"/>
							<String ID="string_159" HPOS="861" VPOS="1035" WIDTH="53" HEIGHT="20" WC="0.93" CONTENT="äter-"/>
						</TextLine>
						<TextLine ID="line_24" HPOS="166" VPOS="1068" WIDTH="748" HEIGHT="27">
							<String ID="string_160" HPOS="166" VPOS="1068" WIDTH="72" HEIGHT="26" WC="0.95" CONTENT="kallas,"/><SP WIDTH="20" VPOS="1068" HPOS="238"/>
							<String ID="string_161" HPOS="258" VPOS="1068" WIDTH="52" HEIGHT="20" WC="0.96" CONTENT="eller"/><SP WIDTH="19" VPOS="1068" HPOS="310"/>
							<String ID="string_162" HPOS="329" VPOS="1068" WIDTH="39" HEIGHT="20" WC="0.96" CONTENT="ock"/><SP WIDTH="16" VPOS="1068" HPOS="368"/>
							<String ID="string_163" HPOS="384" VPOS="1070" WIDTH="30" HEIGHT="18" WC="0.96" CONTENT="att"/><SP WIDTH="17" VPOS="1070" HPOS="414"/>
							<String ID="string_164" HPOS="431" VPOS="1068" WIDTH="46" HEIGHT="20" WC="0.93" CONTENT="med"/><SP WIDTH="17" VPOS="1068" HPOS="477"/>
							<String ID="string_165" HPOS="494" VPOS="1068" WIDTH="185" HEIGHT="27" WC="0.95" CONTENT="verkställigheten"/><SP WIDTH="17" VPOS="1068" HPOS="679"/>
							<String ID="string_166" HPOS="696" VPOS="1069" WIDTH="61" HEIGHT="19" WC="0.96" CONTENT="deraf"/><SP WIDTH="13" VPOS="1069" HPOS="757"/>
							<String ID="string_167" HPOS="770" VPOS="1069" WIDTH="55" HEIGHT="26" WC="0.92" CONTENT="finge"/><SP WIDTH="17" VPOS="1069" HPOS="825"/>
							<String ID="string_168" HPOS="842" VPOS="1069" WIDTH="72" HEIGHT="20" WC="0.92" CONTENT="tillsvi-"/>
						</TextLine>
						<TextLine ID="line_25" HPOS="166" VPOS="1103" WIDTH="130" HEIGHT="20">
							<String ID="string_169" HPOS="166" VPOS="1103" WIDTH="48" HEIGHT="19" WC="0.95" CONTENT="dare"/><SP WIDTH="16" VPOS="1103" HPOS="214"/>
							<String ID="string_170" HPOS="230" VPOS="1103" WIDTH="66" HEIGHT="20" WC="0.72" CONTENT="anstå,"/>
						</TextLine>
					</TextBlock>
					<TextBlock ID="block_7" HPOS="162" VPOS="1137" WIDTH="753" HEIGHT="300">
						<TextLine ID="line_26" HPOS="233" VPOS="1137" WIDTH="682" HEIGHT="26">
							<String ID="string_171" HPOS="233" VPOS="1137" WIDTH="57" HEIGHT="19" WC="0.96" CONTENT="Hans"/><SP WIDTH="21" VPOS="1137" HPOS="290"/>
							<String ID="string_172" HPOS="311" VPOS="1137" WIDTH="118" HEIGHT="26" WC="0.96" CONTENT="Kejserliga"/><SP WIDTH="21" VPOS="1137" HPOS="429"/>
							<String ID="string_173" HPOS="450" VPOS="1137" WIDTH="96" HEIGHT="26" WC="0.96" CONTENT="Majestät"/><SP WIDTH="20" VPOS="1137" HPOS="546"/>
							<String ID="string_174" HPOS="566" VPOS="1137" WIDTH="36" HEIGHT="19" WC="0.96" CONTENT="har"/><SP WIDTH="15" VPOS="1137" HPOS="602"/>
							<String ID="string_175" HPOS="617" VPOS="1137" WIDTH="20" HEIGHT="26" WC="0.96" CONTENT="ej"/><SP WIDTH="17" VPOS="1137" HPOS="637"/>
							<String ID="string_176" HPOS="654" VPOS="1137" WIDTH="56" HEIGHT="20" WC="0.96" CONTENT="velat"/><SP WIDTH="20" VPOS="1137" HPOS="710"/>
							<String ID="string_177" HPOS="730" VPOS="1137" WIDTH="71" HEIGHT="20" WC="0.92" CONTENT="bifalla"/><SP WIDTH="16" VPOS="1137" HPOS="801"/>
							<String ID="string_178" HPOS="817" VPOS="1137" WIDTH="98" HEIGHT="20" WC="0.91" CONTENT="Ständer-"/>
						</TextLine>
						<TextLine ID="line_27" HPOS="166" VPOS="1171" WIDTH="748" HEIGHT="27">
							<String ID="string_179" HPOS="166" VPOS="1178" WIDTH="36" HEIGHT="13" WC="0.94" CONTENT="nas"/><SP WIDTH="16" VPOS="1178" HPOS="202"/>
							<String ID="string_180" HPOS="218" VPOS="1171" WIDTH="98" HEIGHT="20" WC="0.96" CONTENT="anhållan"/><SP WIDTH="17" VPOS="1171" HPOS="316"/>
							<String ID="string_181" HPOS="333" VPOS="1179" WIDTH="33" HEIGHT="12" WC="0.96" CONTENT="om"/><SP WIDTH="16" VPOS="1179" HPOS="366"/>
							<String ID="string_182" HPOS="382" VPOS="1171" WIDTH="145" HEIGHT="20" WC="0.95" CONTENT="återkallande"/><SP WIDTH="12" VPOS="1171" HPOS="527"/>
							<String ID="string_183" HPOS="539" VPOS="1171" WIDTH="24" HEIGHT="20" WC="0.93" CONTENT="af"/><SP WIDTH="7" VPOS="1171" HPOS="563"/>
							<String ID="string_184" HPOS="570" VPOS="1171" WIDTH="123" HEIGHT="20" WC="0.92" CONTENT="förberörda"/><SP WIDTH="16" VPOS="1171" HPOS="693"/>
							<String ID="string_185" HPOS="709" VPOS="1171" WIDTH="139" HEIGHT="27" WC="0.96" CONTENT="bestämning,"/><SP WIDTH="12" VPOS="1171" HPOS="848"/>
							<String ID="string_186" HPOS="860" VPOS="1179" WIDTH="54" HEIGHT="13" WC="0.96" CONTENT="men."/>
						</TextLine>
						<TextLine ID="line_28" HPOS="166" VPOS="1205" WIDTH="748" HEIGHT="27">
							<String ID="string_187" HPOS="166" VPOS="1206" WIDTH="47" HEIGHT="19" WC="0.95" CONTENT="med"/><SP WIDTH="20" VPOS="1206" HPOS="213"/>
							<String ID="string_188" HPOS="233" VPOS="1205" WIDTH="99" HEIGHT="20" WC="0.93" CONTENT="afseende"/><SP WIDTH="20" VPOS="1205" HPOS="332"/>
							<String ID="string_189" HPOS="352" VPOS="1205" WIDTH="51" HEIGHT="20" WC="0.92" CONTENT="derå"/><SP WIDTH="18" VPOS="1205" HPOS="403"/>
							<String ID="string_190" HPOS="421" VPOS="1208" WIDTH="30" HEIGHT="16" WC="0.96" CONTENT="att"/><SP WIDTH="21" VPOS="1208" HPOS="451"/>
							<String ID="string_191" HPOS="472" VPOS="1205" WIDTH="26" HEIGHT="20" WC="0.96" CONTENT="de"/><SP WIDTH="20" VPOS="1205" HPOS="498"/>
							<String ID="string_192" HPOS="518" VPOS="1205" WIDTH="67" HEIGHT="27" WC="0.96" CONTENT="dryga"/><SP WIDTH="20" VPOS="1205" HPOS="585"/>
							<String ID="string_193" HPOS="605" VPOS="1205" WIDTH="92" HEIGHT="27" WC="0.96" CONTENT="utgifter,"/><SP WIDTH="21" VPOS="1205" HPOS="697"/>
							<String ID="string_194" HPOS="718" VPOS="1206" WIDTH="73" HEIGHT="19" WC="0.96" CONTENT="hvilka"/><SP WIDTH="16" VPOS="1206" HPOS="791"/>
							<String ID="string_195" HPOS="807" VPOS="1206" WIDTH="24" HEIGHT="19" WC="0.93" CONTENT="af"/><SP WIDTH="12" VPOS="1206" HPOS="831"/>
							<String ID="string_196" HPOS="843" VPOS="1206" WIDTH="71" HEIGHT="20" WC="0.91" CONTENT="inrätt-"/>
						</TextLine>
						<TextLine ID="line_29" HPOS="166" VPOS="1239" WIDTH="749" HEIGHT="27">
							<String ID="string_197" HPOS="166" VPOS="1240" WIDTH="89" HEIGHT="26" WC="0.96" CONTENT="ningens"/><SP WIDTH="16" VPOS="1240" HPOS="255"/>
							<String ID="string_198" HPOS="271" VPOS="1239" WIDTH="99" HEIGHT="27" WC="0.93" CONTENT="flyttning"/><SP WIDTH="16" VPOS="1239" HPOS="370"/>
							<String ID="string_199" HPOS="386" VPOS="1240" WIDTH="129" HEIGHT="25" WC="0.92" CONTENT="påkallades,"/><SP WIDTH="16" VPOS="1240" HPOS="515"/>
							<String ID="string_200" HPOS="531" VPOS="1240" WIDTH="32" HEIGHT="19" WC="0.96" CONTENT="för"/><SP WIDTH="16" VPOS="1240" HPOS="563"/>
							<String ID="string_201" HPOS="579" VPOS="1240" WIDTH="131" HEIGHT="20" WC="0.96" CONTENT="närvarande"/><SP WIDTH="14" VPOS="1240" HPOS="710"/>
							<String ID="string_202" HPOS="724" VPOS="1240" WIDTH="63" HEIGHT="20" WC="0.96" CONTENT="borde"/><SP WIDTH="17" VPOS="1240" HPOS="787"/>
							<String ID="string_203" HPOS="804" VPOS="1241" WIDTH="111" HEIGHT="25" WC="0.90" CONTENT="undvikas,"/>
						</TextLine>
						<TextLine ID="line_30" HPOS="166" VPOS="1273" WIDTH="749" HEIGHT="28">
							<String ID="string_204" HPOS="166" VPOS="1273" WIDTH="68" HEIGHT="20" WC="0.96" CONTENT="täckts"/><SP WIDTH="15" VPOS="1273" HPOS="234"/>
							<String ID="string_205" HPOS="249" VPOS="1273" WIDTH="7" HEIGHT="20" WC="0.96" CONTENT="i"/><SP WIDTH="16" VPOS="1273" HPOS="256"/>
							<String ID="string_206" HPOS="272" VPOS="1273" WIDTH="65" HEIGHT="20" WC="0.92" CONTENT="nåder"/><SP WIDTH="21" VPOS="1273" HPOS="337"/>
							<String ID="string_207" HPOS="358" VPOS="1273" WIDTH="73" HEIGHT="26" WC="0.92" CONTENT="tillåta,"/><SP WIDTH="16" VPOS="1273" HPOS="431"/>
							<String ID="string_208" HPOS="447" VPOS="1276" WIDTH="30" HEIGHT="17" WC="0.96" CONTENT="att"/><SP WIDTH="18" VPOS="1276" HPOS="477"/>
							<String ID="string_209" HPOS="495" VPOS="1273" WIDTH="45" HEIGHT="20" WC="0.93" CONTENT="med"/><SP WIDTH="23" VPOS="1273" HPOS="540"/>
							<String ID="string_210" HPOS="563" VPOS="1274" WIDTH="125" HEIGHT="27" WC="0.86" CONTENT="tlyttningen"/><SP WIDTH="21" VPOS="1274" HPOS="688"/>
							<String ID="string_211" HPOS="709" VPOS="1274" WIDTH="23" HEIGHT="20" WC="0.93" CONTENT="af"/><SP WIDTH="13" VPOS="1274" HPOS="732"/>
							<String ID="string_212" HPOS="745" VPOS="1275" WIDTH="65" HEIGHT="26" WC="0.93" CONTENT="sagde"/><SP WIDTH="15" VPOS="1275" HPOS="810"/>
							<String ID="string_213" HPOS="825" VPOS="1275" WIDTH="90" HEIGHT="20" WC="0.92" CONTENT="semina-"/>
						</TextLine>
						<TextLine ID="line_31" HPOS="166" VPOS="1307" WIDTH="748" HEIGHT="28">
							<String ID="string_214" HPOS="166" VPOS="1307" WIDTH="52" HEIGHT="20" WC="0.91" CONTENT="rium"/><SP WIDTH="17" VPOS="1307" HPOS="218"/>
							<String ID="string_215" HPOS="235" VPOS="1307" WIDTH="34" HEIGHT="20" WC="0.95" CONTENT="må"/><SP WIDTH="15" VPOS="1307" HPOS="269"/>
							<String ID="string_216" HPOS="284" VPOS="1307" WIDTH="60" HEIGHT="20" WC="0.91" CONTENT="anstå"/><SP WIDTH="15" VPOS="1307" HPOS="344"/>
							<String ID="string_217" HPOS="359" VPOS="1307" WIDTH="123" HEIGHT="26" WC="0.96" CONTENT="tillsvidare,"/><SP WIDTH="16" VPOS="1307" HPOS="482"/>
							<String ID="string_218" HPOS="498" VPOS="1308" WIDTH="38" HEIGHT="20" WC="0.93" CONTENT="och"/><SP WIDTH="16" VPOS="1308" HPOS="536"/>
							<String ID="string_219" HPOS="552" VPOS="1309" WIDTH="103" HEIGHT="19" WC="0.92" CONTENT="intilldess"/><SP WIDTH="16" VPOS="1309" HPOS="655"/>
							<String ID="string_220" HPOS="671" VPOS="1309" WIDTH="57" HEIGHT="19" WC="0.96" CONTENT="Hans"/><SP WIDTH="16" VPOS="1309" HPOS="728"/>
							<String ID="string_221" HPOS="744" VPOS="1309" WIDTH="118" HEIGHT="26" WC="0.93" CONTENT="Kejserliga"/><SP WIDTH="10" VPOS="1309" HPOS="862"/>
							<String ID="string_222" HPOS="872" VPOS="1310" WIDTH="42" HEIGHT="19" WC="0.93" CONTENT="Ma-"/>
						</TextLine>
						<TextLine ID="line_32" HPOS="162" VPOS="1341" WIDTH="751" HEIGHT="28">
							<String ID="string_223" HPOS="162" VPOS="1342" WIDTH="71" HEIGHT="25" WC="0.92" CONTENT="jestät,"/><SP WIDTH="20" VPOS="1342" HPOS="233"/>
							<String ID="string_224" HPOS="253" VPOS="1341" WIDTH="53" HEIGHT="20" WC="0.96" CONTENT="efter"/><SP WIDTH="19" VPOS="1341" HPOS="306"/>
							<String ID="string_225" HPOS="325" VPOS="1342" WIDTH="32" HEIGHT="26" WC="0.93" CONTENT="sig"/><SP WIDTH="20" VPOS="1342" HPOS="357"/>
							<String ID="string_226" HPOS="377" VPOS="1342" WIDTH="122" HEIGHT="20" WC="0.92" CONTENT="företeende"/><SP WIDTH="19" VPOS="1342" HPOS="499"/>
							<String ID="string_227" HPOS="518" VPOS="1343" WIDTH="181" HEIGHT="26" WC="0.96" CONTENT="omständigheter"/><SP WIDTH="15" VPOS="1343" HPOS="699"/>
							<String ID="string_228" HPOS="714" VPOS="1345" WIDTH="53" HEIGHT="18" WC="0.96" CONTENT="samt"/><SP WIDTH="15" VPOS="1345" HPOS="767"/>
							<String ID="string_229" HPOS="782" VPOS="1343" WIDTH="27" HEIGHT="26" WC="0.96" CONTENT="på"/><SP WIDTH="16" VPOS="1343" HPOS="809"/>
							<String ID="string_230" HPOS="825" VPOS="1343" WIDTH="88" HEIGHT="20" WC="0.96" CONTENT="särskild"/>
						</TextLine>
						<TextLine ID="line_33" HPOS="166" VPOS="1376" WIDTH="749" HEIGHT="29">
							<String ID="string_231" HPOS="166" VPOS="1376" WIDTH="131" HEIGHT="27" WC="0.92" CONTENT="underdänig"/><SP WIDTH="20" VPOS="1376" HPOS="297"/>
							<String ID="string_232" HPOS="317" VPOS="1376" WIDTH="97" HEIGHT="20" WC="0.91" CONTENT="anmälan"/><SP WIDTH="21" VPOS="1376" HPOS="414"/>
							<String ID="string_233" HPOS="435" VPOS="1377" WIDTH="73" HEIGHT="20" WC="0.92" CONTENT="derom"/><SP WIDTH="20" VPOS="1377" HPOS="508"/>
							<String ID="string_234" HPOS="528" VPOS="1377" WIDTH="22" HEIGHT="19" WC="0.93" CONTENT="af"/><SP WIDTH="17" VPOS="1377" HPOS="550"/>
							<String ID="string_235" HPOS="567" VPOS="1376" WIDTH="100" HEIGHT="27" WC="0.92" CONTENT="Senaten,"/><SP WIDTH="19" VPOS="1376" HPOS="667"/>
							<String ID="string_236" HPOS="686" VPOS="1377" WIDTH="40" HEIGHT="20" WC="0.96" CONTENT="kan"/><SP WIDTH="21" VPOS="1377" HPOS="726"/>
							<String ID="string_237" HPOS="747" VPOS="1377" WIDTH="57" HEIGHT="20" WC="0.93" CONTENT="finna"/><SP WIDTH="15" VPOS="1377" HPOS="804"/>
							<String ID="string_238" HPOS="819" VPOS="1378" WIDTH="52" HEIGHT="27" WC="0.92" CONTENT="godt"/><SP WIDTH="15" VPOS="1378" HPOS="871"/>
							<String ID="string_239" HPOS="886" VPOS="1381" WIDTH="29" HEIGHT="17" WC="0.96" CONTENT="att"/>
						</TextLine>
						<TextLine ID="line_34" HPOS="165" VPOS="1410" WIDTH="650" HEIGHT="27">
							<String ID="string_240" HPOS="165" VPOS="1410" WIDTH="105" HEIGHT="20" WC="0.92" CONTENT="anbefalla"/><SP WIDTH="16" VPOS="1410" HPOS="270"/>
							<String ID="string_241" HPOS="286" VPOS="1410" WIDTH="166" HEIGHT="21" WC="0.92" CONTENT="verkställandet"/><SP WIDTH="15" VPOS="1410" HPOS="452"/>
							<String ID="string_242" HPOS="467" VPOS="1411" WIDTH="61" HEIGHT="20" WC="0.93" CONTENT="deraf"/><SP WIDTH="13" VPOS="1411" HPOS="528"/>
							<String ID="string_243" HPOS="541" VPOS="1411" WIDTH="6" HEIGHT="20" WC="0.93" CONTENT="i"/><SP WIDTH="16" VPOS="1411" HPOS="547"/>
							<String ID="string_244" HPOS="563" VPOS="1411" WIDTH="175" HEIGHT="26" WC="0.92" CONTENT="ofvanuppgifvet"/><SP WIDTH="15" VPOS="1411" HPOS="738"/>
							<String ID="string_245" HPOS="753" VPOS="1411" WIDTH="62" HEIGHT="26" WC="0.96" CONTENT="syfte."/>
						</TextLine>
					</TextBlock>
					<TextBlock ID="block_8" HPOS="166" VPOS="1444" WIDTH="748" HEIGHT="55">
						<TextLine ID="line_35" HPOS="233" VPOS="1444" WIDTH="681" HEIGHT="28">
							<String ID="string_246" HPOS="233" VPOS="1445" WIDTH="55" HEIGHT="19" WC="0.91" CONTENT="39:0."/><SP WIDTH="30" VPOS="1445" HPOS="288"/>
							<String ID="string_247" HPOS="318" VPOS="1444" WIDTH="40" HEIGHT="20" WC="0.93" CONTENT="Om"/><SP WIDTH="16" VPOS="1444" HPOS="358"/>
							<String ID="string_248" HPOS="374" VPOS="1445" WIDTH="125" HEIGHT="20" WC="0.93" CONTENT="utfärdande"/><SP WIDTH="16" VPOS="1445" HPOS="499"/>
							<String ID="string_249" HPOS="515" VPOS="1446" WIDTH="23" HEIGHT="19" WC="0.97" CONTENT="af"/><SP WIDTH="13" VPOS="1446" HPOS="538"/>
							<String ID="string_250" HPOS="551" VPOS="1452" WIDTH="25" HEIGHT="13" WC="0.93" CONTENT="en"/><SP WIDTH="17" VPOS="1452" HPOS="576"/>
							<String ID="string_251" HPOS="593" VPOS="1445" WIDTH="130" HEIGHT="27" WC="0.91" CONTENT="författning,"/><SP WIDTH="14" VPOS="1445" HPOS="723"/>
							<String ID="string_252" HPOS="737" VPOS="1445" WIDTH="111" HEIGHT="27" WC="0.90" CONTENT="angäende"/><SP WIDTH="12" VPOS="1445" HPOS="848"/>
							<String ID="string_253" HPOS="860" VPOS="1446" WIDTH="54" HEIGHT="19" WC="0.93" CONTENT="forn-"/>
						</TextLine>
						<TextLine ID="line_36" HPOS="166" VPOS="1472" WIDTH="633" HEIGHT="27">
							<String ID="string_254" HPOS="166" VPOS="1478" WIDTH="43" HEIGHT="20" WC="0.92" CONTENT="tida"/><SP WIDTH="15" VPOS="1478" HPOS="209"/>
							<String ID="string_255" HPOS="224" VPOS="1478" WIDTH="183" HEIGHT="20" WC="0.81" CONTENT="minnesmärkens"/><SP WIDTH="16" VPOS="1478" HPOS="407"/>
							<String ID="string_256" HPOS="423" VPOS="1480" WIDTH="101" HEIGHT="19" WC="0.92" CONTENT="fredande"/><SP WIDTH="16" VPOS="1480" HPOS="524"/>
							<String ID="string_257" HPOS="540" VPOS="1480" WIDTH="39" HEIGHT="19" WC="0.93" CONTENT="och"/><SP WIDTH="17" VPOS="1480" HPOS="579"/>
							<String ID="string_258" HPOS="596" VPOS="1480" WIDTH="126" HEIGHT="19" WC="0.96" CONTENT="bevarande."/><SP WIDTH="75" VPOS="1480" HPOS="722"/>
							<String ID="string_259" HPOS="797" VPOS="1472" WIDTH="2" HEIGHT="2" WC="0.44" CONTENT="|"/>
						</TextLine>
					</TextBlock>
				</ComposedBlock>
				<GraphicalElement ID="cblock_5" HPOS="1141" VPOS="607" WIDTH="1" HEIGHT="350"></GraphicalElement >
			</PrintSpace>
		</Page>
	</Layout>
</alto>
