1142 1786
250 69 34 19 238

228 133 117 20 detsamma
360 134 66 27 angår
443 134 78 27 borgen
539 135 68 20 såsom
623 135 32 20 för
674 142 52 19 egen
747 135 69 20 skuld.
847 137 134 20 Beträffande

227 167 46 20 åter
288 167 95 21 såkallad
399 168 49 27 laga
464 169 87 26 borgen,
566 175 63 14 anser
645 169 107 20 Utskottet
768 169 40 20 den
828 171 153 26 uppsägnings-

228 201 89 26 förmån,
340 202 87 20 hvarom
452 202 60 27 fråga
526 205 30 23 är,
571 203 98 27 skäligen
685 204 73 19 kunna
773 204 138 20 tillerkännas
927 205 56 25 dem,

228 241 45 14 som
289 236 50 27 ingå
354 236 52 20 eller
422 237 68 26 ingått
505 237 65 20 sådan
587 237 86 27 borgen,
690 241 54 17 samt
762 238 117 27 tillstyrker
898 238 84 20 derföre

228 269 138 27 stadgandets
381 271 119 26 antagande
516 271 62 20 äfven
595 272 6 19 i
617 272 70 20 denna
703 272 41 20 del.

298 303 29 20 På
342 304 68 26 grund
426 305 23 19 af
463 305 55 20 hvad
533 305 108 21 Utekottet
657 306 6 19 i
680 306 134 20 förestående
831 306 64 20 måtto
907 306 76 24 anfört,

230 338 31 19 får
276 338 109 21 Utskottet
400 339 62 20 alltså
477 339 154 20 vördsammast
645 340 116 27 tillstyrka:

401 375 33 18 att
450 372 84 22 landets
549 373 117 28 höglofliga
686 373 93 21 Ständer
794 374 55 25 ville,
870 374 47 20 med
930 373 51 27 för-

332 406 108 21 klarande
454 409 33 19 att
502 406 41 22 den
558 407 89 27 Nådiga
659 408 165 27 propositionen
839 407 44 21 icke
898 408 85 20 kunnat

334 440 139 27 oförändrad
491 440 134 28 godkännas,
643 441 42 27 för
703 442 36 20 sin
755 442 36 20 del
809 441 88 26 besluta,
913 442 71 20 såsom

334 474 79 28 tillägg
435 474 35 21 till
486 476 50 24 8,9
558 474 37 21 och
613 476 28 20 11
659 475 30 27 $$
707 477 27 19 10
758 475 58 28 Kap.
835 475 29 21 H.
883 475 26 21 B.
928 477 56 19 samt

334 510 14 19 4
362 509 16 27 $
393 509 9 20 i
417 508 81 28 Kongl.
520 509 173 27 Förordningen,
720 510 113 26 angående
856 509 58 21 vissa
939 516 44 14 om-

334 542 148 29 ständigheter
499 544 34 20 uti
556 543 151 28 lagsöknings-
734 543 37 21 och
797 543 186 28 utmätningsmål,

335 577 30 27 af
375 577 40 20 den
430 579 32 19 28
476 577 58 21 Juni
549 579 64 24 1798,
629 578 36 20 till
679 584 26 14 en
721 578 25 20 så
762 578 103 26 lydande:

241 639 175 27 Förordning,
440 639 130 28 angående
593 641 120 19 närmare
737 639 187 21 bestämmande
946 639 33 27 af

390 678 152 28 löftesmans
560 679 263 28 ansvarsskyldighet.

581 736 15 28 $
614 738 20 19 1.

407 782 148 28 Oförändrad.

581 834 15 27 $
613 835 22 20 2

404 879 50 21 Har
474 879 105 27 borgenär
597 879 50 20 låtit
665 880 72 26 någon
753 878 29 27 af
793 879 50 22 flere
861 878 123 27 löftesmän,

335 913 26 21 de
382 913 38 21 der
442 913 71 27 ingått
536 912 77 27 borgen
628 919 25 14 en
664 912 42 27 för
721 913 46 20 alla
783 912 37 21 och
835 913 47 20 alla
895 912 43 28 för
953 919 32 19 en,

336 947 58 26 eller,
414 953 32 14 om
468 947 68 20 denne
558 947 51 25 dött,
628 946 56 21 hans
699 946 200 27 rättsinnehafvare
917 946 69 28 blifva

330 981 151 28 förbindelsen
496 981 64 27 gvitt;
573 987 52 14 vare
639 981 25 20 de
679 980 75 28 öfriga
769 980 159 27 löftesmännen
939 980 48 27 frie

331 1015 58 28 från
404 1014 138 28 ansvarighet
551 1013 42 28 för
607 1015 41 20 den
663 1015 66 20 andel
744 1014 29 26 af
783 1015 85 27 gälden,
884 1021 54 19 som,
955 1014 32 24 ef-

336 1052 33 19 ter
383 1049 142 27 hufvudtalet,
540 1049 70 20 skulle
625 1049 14 21 ä
649 1049 77 21 honom
736 1049 53 21 eller
798 1048 55 21 hans
866 1049 121 20 rättsinne-

336 1083 90 28 hafvare
440 1083 34 27 sig
489 1083 86 26 belupit.

408 1117 83 20 Varder
506 1117 125 26 löftesmans
647 1117 100 27 egendom
763 1117 106 27 uppläten
885 1117 36 20 till
933 1116 54 21 kon-

335 1152 58 25 kurs,
419 1151 51 21 eller
492 1151 149 28 ärsstämning
657 1151 13 20 &
689 1151 56 20 hans
764 1150 133 28 borgenärer
915 1150 73 27 utfär-

336 1186 50 26 dad,
402 1185 37 21 och
449 1185 138 27 försummar
594 1185 189 27 fordringsegare,
800 1187 33 18 att
845 1184 35 20 sin
888 1184 100 27 fordran

336 1221 9 20 i
358 1219 122 22 konkursen
496 1219 52 21 eller
559 1218 134 28 proklaman
709 1218 96 28 lagligen
821 1218 92 26 bevaka;
930 1218 57 21 skall

336 1255 44 20 han
397 1260 62 15 anses
478 1253 66 28 hafva
562 1253 112 28 medgifvit
690 1252 161 27 löftesmannen
866 1253 52 20 eller
935 1253 53 20 den-

336 1295 36 14 nes
386 1287 200 27 rättsinnehajvare
601 1289 33 19 att
650 1287 67 27 blifva
732 1286 141 27 ansvarighet
885 1286 35 23 för
927 1286 61 21 skul-

336 1323 40 20 den
398 1322 58 28 gvitt.
486 1317 46 26 Äro
555 1321 157 28 löftesmännen
724 1321 63 27 flere,
805 1320 39 21 och
858 1321 39 20 vill
915 1321 72 26 någon

335 1356 29 28 af
375 1357 46 20 dem
435 1357 9 20 i
458 1356 41 21 den
516 1356 95 21 konkurs
627 1355 52 21 eller
695 1355 120 27 proklama
831 1354 78 21 bevaka
925 1355 61 20 talan
