1142 1786
868 171 33 16 355

176 234 62 20 äfven
259 234 37 19 der
313 234 82 19 förvara
410 234 127 25 domsagans
553 233 66 26 arkiv,
636 233 23 20 så
675 233 70 20 kunde
760 234 123 25 härigenom
900 235 27 20 de

177 269 62 19 svåra
254 268 136 26 olägenheter
406 267 39 20 och
461 267 118 20 rättsvådor
594 267 111 26 undvikas,
721 267 72 20 hvilka
808 275 28 12 nu
851 269 19 24 ej
887 269 39 19 säl-

177 303 35 19 lan
236 302 75 26 uppstå
330 302 128 26 derigenom,
474 303 30 17 att
519 301 191 26 häradshöfdirgen
727 302 18 25 ej
760 302 7 19 i
782 302 93 20 hemmet
890 308 36 13 an-

175 336 72 20 träffas
270 336 23 19 af
312 342 106 20 personer,
442 335 77 26 hvilka,
543 335 108 27 okunniga
672 342 34 13 om
727 336 51 19 hans
800 336 97 20 frånvaro
914 336 13 20 å

178 370 190 26 förrättningsresa,
388 370 91 19 anlända
495 369 30 20 till
541 370 51 19 hans
607 370 91 19 hemvist
713 370 31 20 för
759 372 29 18 att
803 370 44 21 utfå
863 370 65 27 något

178 404 31 20 för
233 404 47 20 dem
297 404 74 26 nödigt
386 404 59 19 bevis
460 404 51 19 eller
527 410 68 13 annan
612 404 109 26 handling,
737 404 50 20 eller
803 405 124 26 derigenom

177 440 30 18 att
226 438 193 26 häradshöfdingen
435 438 47 19 icke
498 437 42 19 kan
556 438 31 19 till
603 438 212 26 förrättningsställen
832 439 95 19 medföra

178 472 128 26 domsagans
328 472 67 24 arkiv,
414 472 50 20 eller
484 478 36 13 ens
536 472 31 19 till
583 472 73 26 tingen
673 472 98 26 medtaga
785 472 42 20 alla
843 473 27 20 de
886 473 40 19 för-

178 507 223 26 fattvingssamlingar,
417 506 73 20 hvilka
506 506 36 20 der
566 506 71 19 kunna
659 506 32 20 för
714 507 75 19 honom
810 506 66 20 blifva
892 506 34 20 be-

178 541 78 26 höfliga
272 541 32 19 för
318 542 30 18 ett
361 536 104 31 lagenligt
480 540 114 27 afgörande
610 540 23 20 af
647 540 40 20 mål
705 541 44 19 utaf
763 541 80 19 mindre
856 541 71 26 vanlig

178 575 152 20 beskaffenhet.
356 575 72 25 Enligt
450 573 128 22 Ständernas
602 575 63 19 tanke
682 575 65 20 borde
763 582 25 13 en
804 575 65 20 sådan
887 576 39 19 för-

178 610 90 25 ändring
290 609 24 19 af
334 608 169 20 häradsrätterna
527 608 31 19 till
573 610 139 24 permanenta
727 608 113 21 domstolar
857 610 71 19 kunna

178 646 48 17 utan
243 643 109 26 synnerlig
368 642 113 27 olägenhet
498 642 32 20 för
546 642 150 26 befolkningen
713 644 134 25 genomföras
863 644 7 20 i
886 644 43 20 alla

179 678 25 19 de
229 677 117 26 domsagor,
364 676 71 20 hvilka
450 676 99 26 antingen
569 676 65 20 redan
655 683 26 13 nu
697 677 114 20 innehafva
826 678 51 20 eller
892 684 35 20 ge-

179 718 47 13 nom
249 711 106 26 reglering
373 710 71 20 kunde
460 710 78 20 erhålla
554 710 35 20 det
604 710 91 26 omfång,
717 712 29 18 att
761 711 105 20 afståndet
881 712 45 20 från

178 746 126 25 domsagans
318 747 89 24 yttersta
422 747 86 23 gränser
523 744 31 19 till
569 744 41 20 den
628 744 7 19 i
654 744 78 20 midten
749 745 96 27 förlagda
863 746 64 26 tings-

178 780 73 19 staden
266 780 19 25 ej
302 779 70 20 blefve
383 781 65 17 större
464 782 25 16 än
506 778 52 26 fyra,
575 778 40 20 fem
631 778 52 20 eller
698 778 61 27 högst
773 786 38 13 sex
827 780 43 19 mil.

246 813 38 20 Att
307 820 26 13 en
357 813 64 19 sådan
445 813 76 19 reform
538 812 83 20 komme
637 814 30 18 att
683 812 84 26 påkalla
782 813 62 20 äfven
861 813 66 27 några

178 854 42 20 nya
244 848 155 26 bestämningar
419 847 109 26 angående
544 846 112 26 nämnden,
673 846 93 27 hvilken,
782 847 67 26 enligt
867 847 59 20 Stän-

177 882 75 19 dernas
276 881 70 26 tanke,
369 881 65 20 borde
449 881 21 19 få
486 880 127 20 distriktsvis
635 880 66 26 väljas
717 881 23 19 af
753 881 26 20 de
795 881 32 20 till
843 881 82 20 domsa-

178 922 67 20 gorna
269 915 92 20 hörande
384 915 124 20 kommuner
531 917 54 17 samt
607 921 50 12 vara
680 915 86 26 skyldig
781 917 31 17 att
827 915 53 20 efter
895 918 34 17 tur

178 951 117 25 tjenstgöra
310 950 34 19 vid
360 949 180 20 häradsrätternas
557 949 176 26 sammanträden,
750 955 63 20 synes
829 949 98 20 Ständer-

178 990 26 13 na
220 990 51 13 vara
286 984 113 25 sjelffallet.

246 1018 36 19 Ett
305 1021 96 16 närmare
420 1017 107 20 uttalande
548 1017 57 19 såväl
621 1017 80 26 härom,
717 1023 43 14 som
776 1017 111 26 angående
903 1017 25 20 de

178 1052 118 26 domsagor,
312 1052 7 19 i
335 1052 73 19 hvilka
430 1058 128 18 permanens
581 1051 66 20 redan
670 1058 27 13 nu
720 1051 69 20 kunde
809 1051 119 20 åstadkom-

179 1093 51 18 mas,
246 1086 52 19 eller
313 1086 55 26 dem,
383 1087 7 18 i
406 1086 72 19 hvilka
500 1092 26 13 en
550 1085 65 20 sådan
634 1085 48 20 icke
705 1088 56 17 ännu
784 1091 48 14 vore
848 1085 80 27 möjlig,

178 1121 39 19 och
233 1121 6 18 i
255 1120 73 19 hvilka
351 1120 82 20 derföre
456 1120 26 19 de
506 1119 104 20 ordinarie
634 1119 76 26 tingen
725 1119 70 20 kunde
811 1119 117 20 tillsvidare

180 1154 54 20 efter
254 1154 210 27 omständigheterna
478 1154 101 26 antingen
595 1153 59 26 ökas,
670 1153 52 20 eller
737 1153 40 20 ock
793 1153 21 20 få
829 1153 100 20 förblifva

180 1189 34 19 vid
231 1189 61 19 deras
308 1189 120 19 nuvarande
444 1189 64 22 antal,
517 1188 88 19 likasom
615 1188 40 19 ock
664 1187 130 20 beträffande
806 1188 40 19 den
861 1188 67 26 regle-

178 1223 48 26 ring
248 1222 24 21 af
294 1222 108 27 åtskilliga
426 1223 117 26 domsagor,
567 1228 45 13 som
636 1222 31 19 för
687 1222 115 20 reformens
820 1222 109 26 genomfö-

179 1257 65 20 rande
270 1263 50 14 vore
344 1257 100 26 behöflig,
468 1257 58 20 torde
550 1256 94 20 hvarken
664 1256 71 20 kunna
750 1257 52 20 eller
819 1257 50 19 böra
884 1256 45 19 från

180 1291 129 20 Ständernas
332 1291 46 20 sida
394 1298 40 20 ega
453 1298 51 13 rum.
535 1291 36 19 Ett
585 1290 75 20 sådant
675 1291 108 20 uttalande
798 1291 49 25 kan,
864 1290 67 25 enligt

180 1325 127 20 Ständernas
330 1325 59 26 åsigt,
413 1325 154 20 åstadkommas
592 1326 89 19 allenast
699 1325 23 20 af
739 1332 25 13 en
780 1325 45 20 utaf
839 1323 91 21 sakkun-

180 1360 48 26 nige
252 1366 101 19 personer
376 1359 46 20 från
446 1360 57 19 olika
518 1360 58 19 delar
591 1361 24 18 af
627 1360 73 19 landet
715 1359 114 20 bestående
845 1358 86 26 komité,

178 1399 44 14 som
247 1393 56 26 finge
325 1393 82 27 förfoga
422 1393 58 20 öfver
496 1394 41 19 alla
552 1394 25 20 de
594 1394 32 19 för
641 1393 88 20 ärendet
754 1393 77 26 nödiga
846 1391 85 27 upplys-

180 1428 81 25 ningar,
285 1427 73 20 hvilka
376 1428 100 26 antingen
493 1428 64 19 redan
573 1435 27 12 nu
616 1431 35 16 äro
668 1427 140 26 tillgängliga,
825 1426 51 20 eller
891 1425 40 20 ock

178 1461 24 20 af
214 1461 95 20 komitén
325 1461 70 20 kunde
412 1462 71 19 vidare
498 1462 110 19 infordras.

247 1494 69 20 Jemte
337 1495 35 19 det
389 1495 117 19 Ständerna
522 1495 61 20 alltså
597 1498 32 17 tro
645 1495 32 26 sig
694 1494 51 20 böra
760 1494 83 19 förorda
858 1493 73 20 tillsät-
