1142 1786
316 438 100 25 Relation
440 438 114 30 angående
573 438 159 25 statsskulden.

219 500 72 27 Enligt
306 500 40 20 den
364 501 29 19 till
410 501 117 19 Ständerna
543 501 39 19 den
601 502 26 18 22
643 501 100 19 Februari
758 502 49 19 1867
821 501 79 27 afgifna

152 534 89 20 relation
266 534 109 27 angående
398 535 102 19 Finlands
522 534 121 26 statsskuld,
666 535 97 27 utgjorde
779 536 122 19 densamma

152 569 40 20 den
211 570 7 19 1
236 569 86 20 Januari
340 569 65 20 1867:

151 610 23 26 a)
189 609 99 20 Inhemsk
305 608 120 26 statsskuld,
441 608 115 20 bestående
571 609 30 19 af:

182 643 41 27 1:0)
238 643 200 26 Läneobligationer
453 644 12 18 &
480 644 13 18 4
510 643 32 26 ”/,.

220 677 84 26 Kapital
334 692 4 4 .
368 692 5 4 .
415 677 81 25 10,800:
514 688 23 3 —

220 712 84 19 Ränta.
336 726 3 4 .
371 727 4 5 .
430 711 69 25 3,340:
515 711 33 19 36.
575 717 82 25 14,140:
674 717 33 19 36.

180 752 44 24 2:0)
240 751 261 27 Statskassaobligationer
516 752 12 19 a
544 750 40 27 3?/;
602 751 32 26 "/,.

220 786 82 26 Kapital
334 800 4 5 .
369 801 4 3 .
400 785 98 25 322,600:
520 796 17 3 —

220 820 81 20 Ränta.
333 834 4 4 .
368 834 4 4 .
415 820 81 24 19,479:
514 819 32 19 67.
572 824 97 25 342.079:
686 824 33 20 67.

182 860 43 24 3:0)
244 860 52 19 1865
312 859 33 19 års
360 859 112 19 inhemska
488 860 57 24 jern-

222 893 155 26 vägslän
315 889 10 38 å
338 893 39 26 5%/,
388 893 137 26 ?/,,
430 889 10 38 i
450 893 75 26 kapital
542 908 5 4 .
573 893 96 24 699,400:
699 904 4 1 —
743 897 114 26 1,055,620:
881 898 18 19 3.

152 932 20 27 db)
188 933 41 19 Det
244 933 38 19 hos
297 932 141 20 Bankirhuset
457 933 27 18 M.
502 932 26 19 A.
548 939 39 12 von
608 932 107 19 Rotschild

180 967 17 18 &
213 967 70 19 Söhne
299 967 22 19 är
338 967 53 19 1862
407 969 108 24 upptagna
530 966 33 19 län
580 966 12 19 å
603 966 113 25 4,400,000

180 1001 74 24 thaler,
270 1000 66 20 hvarä
346 1000 91 20 återstod
449 1001 113 25 4,243,700
574 1000 72 25 thaler,
667 999 52 20 eller
731 999 131 26 15,744,027:
876 1011 21 2 —

152 1036 19 23 c)
187 1035 62 19 Det
244 1030 12 35 i
270 1035 102 25 Ryssland
396 1035 22 19 är
444 1035 52 19 1859
520 1036 106 24 upptagna
648 1034 34 19 län
705 1034 13 19 å

180 1069 112 25 4,000,000
308 1069 66 24 rubel,
390 1069 66 19 hvarä
471 1069 13 19 &
499 1068 136 20 statsverkets
653 1068 63 19 andel

179 1103 91 20 återstod
287 1103 112 26 2,210,000
415 1103 65 24 rubel,
497 1103 51 19 eller
567 1117 4 4 .
603 1117 4 4 .
639 1118 4 3 .
674 1117 4 4 .
710 1117 4 4 .
741 1102 156 25 8,840,000:
883 1098 19 35 —

569 1142 85 20 Summa
667 1138 37 34 Jm
727 1142 135 25 25,639,647:
881 1142 19 19 3.

220 1183 124 19 Sedermera
368 1182 62 20 hafva
453 1182 35 19 tvä
511 1182 85 20 statslän
616 1182 126 25 tillkommit,
758 1181 72 20 hvilka
849 1188 50 20 upp-

153 1218 63 26 tagits
232 1217 31 20 för
279 1216 113 27 byggande
408 1216 22 20 af
442 1217 117 26 jernvägen
576 1216 90 20 emellan
683 1216 30 20 S:t
724 1216 125 26 Petersburg
861 1216 38 19 och

152 1251 114 20 Riihimäki
296 1253 53 17 samt
374 1251 79 26 Nädigt
483 1251 141 19 förordnande
651 1251 115 19 meddelats
791 1257 33 13 om
848 1257 51 19 upp-

152 1285 156 27 negocierande
330 1285 24 19 af
381 1287 29 17 ett
440 1285 66 26 tredje
532 1285 85 24 sädant,
643 1285 68 20 afsedt
737 1287 30 18 att
791 1285 108 19 användas

151 1319 31 20 till
205 1319 81 20 inlösen
312 1319 22 19 af
358 1318 164 27 donationsgods
547 1319 6 19 i
576 1319 100 26 Wiborgs
699 1319 39 20 och
761 1319 30 19 S:t
813 1319 87 19 Michels

151 1353 41 20 län.
226 1353 158 26 —Realiseringen
402 1353 23 19 af
442 1353 138 20 nästnämnde
599 1353 34 20 län
650 1353 37 19 har
703 1356 54 16 ännu
773 1353 48 19 icke
836 1352 63 26 päbe-

152 1389 74 24 gynnt.

221 1421 31 19 Dä
274 1421 100 19 Finlands
397 1421 96 26 industri,
514 1421 102 26 jordbruk
635 1421 39 20 och
691 1421 83 25 handel,
790 1421 6 18 i
813 1421 51 25 följd
880 1421 23 19 af

152 1455 72 19 lokala
247 1454 153 26 förhållanden,
422 1457 37 17 äro
482 1455 101 19 anvisade
605 1457 30 17 att
660 1455 57 19 inom
740 1454 161 26 Kejsaredömet

152 1488 53 20 söka
228 1488 30 19 sin
282 1490 104 18 närmaste
410 1489 120 26 afsättning,
554 1488 83 20 hvartill
654 1495 26 13 en
696 1488 131 19 underlättad
841 1488 59 26 jemn
