1142 1786
859 166 33 17 247

166 228 47 25 bud,
230 228 136 26 hvarigenom
382 228 40 20 den
438 228 112 26 grundsats
566 228 109 25 uttalades,
691 230 37 23 att,
743 235 33 14 om
795 229 61 20 straff
871 229 41 20 för-

165 262 53 19 fallit
240 262 52 19 eller
314 262 29 19 tid
367 262 30 19 till
420 262 53 20 åtals
497 262 130 26 fullföljande
644 262 68 19 blifvit
728 262 107 26 försutten,
852 263 60 19 måls-

165 296 83 26 egande
271 296 53 20 dock
348 297 18 25 ej
390 302 50 14 vore
458 296 83 26 betaget
557 298 36 23 att,
608 297 57 19 inom
682 297 40 19 den
739 297 31 19 för
787 297 126 26 giltigheten

164 330 23 19 af
200 330 145 26 civilrättsliga
359 330 198 26 fordringsanspråk
573 330 6 19 i
596 330 33 26 lag
646 332 75 18 utsatta
735 331 36 25 tid,
788 331 75 19 utsöka
878 331 35 19 det

165 364 134 25 skadestånd,
322 364 83 19 hvartill
428 364 41 19 han
486 364 5 19 i
509 364 49 26 följd
582 364 23 19 af
627 364 77 20 brottet
723 364 70 20 kunde
811 371 50 13 vara
878 365 33 19 be-

166 398 94 26 rättigad,
284 398 37 19 har
336 398 58 20 Hans
416 398 119 26 Kejserliga
550 398 97 26 Majestät
663 398 31 19 till
710 398 117 21 Ständerna
845 399 68 20 öfver-

164 432 79 19 lemnat
264 432 139 20 förevarande
430 432 83 26 Nådiga
539 432 136 26 proposition,
703 432 86 20 hvilken
815 434 99 26 samtliga

165 466 92 20 Stånden
281 466 116 26 hänskjutit
419 466 30 19 till
472 466 157 26 Lagutskottets
655 466 169 27 handläggning;
853 468 60 19 hvar-

162 501 66 25 jemte"
252 500 106 20 Utskottet
380 500 46 19 från
452 500 117 26 Kejserliga
591 500 104 20 Senatens
720 501 105 19 allmänna
844 501 69 20 kansli

166 534 83 20 erhållit
264 534 32 20 del
314 534 22 19 af
349 534 129 26 protokollet
493 534 59 19 öfver
567 534 40 20 den
625 534 33 19 vid
679 534 97 20 ärendets
796 535 118 27 beredning

166 569 5 19 i
188 568 90 21 Senaten
295 568 111 20 förefallna
421 569 138 26 omröstning.

234 635 90 27 Sålänge
350 636 117 20 beifrandet
490 636 22 20 af
533 638 30 18 ett
584 636 57 20 brott
660 640 56 16 ännu
735 637 44 19 helt
793 637 40 20 och
849 637 66 20 hållet

166 677 36 13 var
224 677 26 13 en
274 670 83 20 enskild
378 670 163 26 angelägenhet,
558 670 48 20 kom
623 670 68 26 någon
708 671 141 26 preskription
865 671 48 19 icke

166 705 6 19 i
188 704 65 26 fråga.
283 704 60 20 Först
365 704 64 20 sedan
454 704 111 20 samhället
586 704 75 20 hunnit
680 705 40 19 den
741 705 128 27 utveckling,
884 707 31 18 att

166 738 139 26 sjelfhämden
322 738 152 20 underordnats
492 738 68 26 lagen,
576 738 39 20 och
632 738 192 26 upprätthållandet
838 739 24 19 af
873 739 40 20 den

166 778 158 20 gemensamma
339 772 67 20 friden
423 772 49 26 ålåg
488 772 35 20 det
538 772 111 25 allmänna,
669 773 72 19 visade
756 773 32 25 sig
807 773 26 19 de
849 773 65 19 första

166 806 74 26 spåren
257 806 75 20 dertill.
364 806 31 20 Då
415 806 141 26 preskription
575 806 6 20 i
602 806 96 20 brottmål
715 807 85 26 tidigast
818 806 95 20 förekom

166 841 6 19 i
188 841 40 19 den
244 840 111 20 inhemska
372 840 170 26 lagstiftningens
558 840 73 23 källor,
652 840 101 20 hänförde
773 840 40 20 den
836 841 33 26 sig
884 840 31 20 till

167 874 145 27 målsegandes
328 874 62 20 andel
405 875 7 19 i
429 874 204 26 dulgadråps-böter,
649 875 6 19 i
672 875 35 19 det
723 874 135 26 målsegande
873 874 40 20 för-

166 908 72 20 lorade
260 908 101 26 rättighet
383 908 30 19 till
436 908 63 20 andel
516 908 6 19 i
538 909 61 18 dessa
621 909 66 24 böter,
706 908 87 20 såframt
811 908 40 19 han
867 907 48 20 icke

166 942 86 20 anställt
267 942 41 19 åtal
324 943 55 18 inom
397 944 43 17 natt
456 943 40 18 och
507 942 22 19 år
543 942 52 20 efter
607 943 80 26 dråpet.
703 942 96 20 Nämnda
809 942 106 26 preskrip-

167 977 43 19 tion
234 977 44 19 blef
299 976 97 26 derefter,
412 977 6 18 i
435 976 130 27 landslagen,
589 977 102 19 utsträckt
713 977 31 19 till
769 976 146 27 mälsegandes

167 1011 100 26 rättighet
286 1012 30 17 att
334 1010 55 19 åtala
409 1010 51 26 dråp
476 1010 6 19 i
498 1010 121 26 allmänhet,
639 1013 60 23 samt,
715 1011 6 19 i
738 1011 178 26 Upsala-beslutet

169 1045 59 25 1538,
245 1044 31 19 till
293 1043 216 26 målseganderättens
525 1045 96 26 utöfning
638 1045 6 18 i
661 1045 96 20 brottmål
769 1045 147 19 öfverhufvud.

234 1079 76 19 Denna
324 1078 184 26 preskriptionstid
524 1078 23 19 af
560 1080 44 17 natt
619 1079 39 19 och
674 1078 29 26 år,
727 1085 43 13 som
790 1085 37 13 var
847 1078 68 20 riktad

167 1115 43 17 mot
226 1112 204 26 mälseganderätten
447 1112 75 25 allena,
540 1112 38 20 och
594 1112 48 20 icke
658 1112 101 20 hindrade
779 1112 41 20 åtal
840 1112 23 19 af
879 1112 37 19 all-

168 1149 48 17 män
232 1146 108 27 åklagare,
356 1148 90 24 upptogs
462 1146 18 26 ej
497 1146 6 19 i
522 1147 52 19 1734
590 1147 33 19 års
640 1147 40 26 lag.
711 1147 31 26 Ty
759 1146 26 20 de
801 1146 34 19 vid
851 1146 64 26 ingen

168 1181 175 25 tidsbestämning
359 1180 85 20 bundna
460 1180 144 26 stadgandena
624 1181 5 19 i
648 1182 7 18 1
674 1183 10 21 $
702 1182 8 18 1
729 1181 47 25 kap.
793 1181 20 19 S.
833 1181 30 24 B.,
881 1181 7 18 1
907 1182 10 22 $

167 1215 27 19 32
218 1214 46 27 kap.
289 1214 22 19 R.
332 1214 29 26 B.,
384 1216 54 18 samt
460 1214 12 20 2
491 1216 9 22 $
518 1214 25 20 53
560 1214 47 26 kap.
623 1214 39 20 och
680 1215 11 20 6
708 1216 10 23 $
734 1215 25 20 55
776 1214 48 26 kap.
843 1214 27 19 M.
885 1214 32 25 B.,

168 1249 78 23 hvilka,
263 1249 33 19 vid
314 1248 146 25 mälsegandes
479 1249 143 19 försummelse
641 1251 29 17 att
691 1249 55 20 ätala
769 1248 61 25 brott,
853 1247 64 20 tiller-

167 1283 71 20 känna
253 1283 77 19 allmän
346 1283 102 26 äklagare
468 1283 100 26 rättighet
587 1283 69 20 dertill
673 1283 66 26 jemte
756 1282 161 27 mälsegandens

167 1317 62 20 andel
245 1317 7 20 i
269 1317 64 25 böter,
357 1317 88 19 hänföra
467 1317 32 26 sig
522 1317 120 26 egentligen
667 1317 30 20 till
721 1317 26 20 de
765 1317 153 19 föreskrifter
906 1313 16 35 i

168 1351 67 20 lands-
254 1351 38 20 och
309 1351 151 26 stadslagarne,
479 1357 44 14 som
543 1351 72 27 afsägo
635 1351 74 20 förbud
731 1351 31 19 för
782 1350 136 27 mälsegande

168 1387 29 18 att
214 1385 30 20 till
261 1385 36 20 det
312 1385 116 20 allmännas
446 1385 82 26 förfäng
544 1385 105 26 hemligen
670 1385 50 26 ingå
735 1385 116 25 förlikning
867 1384 52 20 eller

168 1419 126 20 annorledes
311 1419 104 26 nedlägga
430 1419 42 20 ätal
488 1419 31 20 för
536 1419 60 20 brott.

237 1453 39 20 Vid
299 1453 59 20 sidan
382 1453 23 20 af
425 1453 61 20 dessa
507 1453 162 26 bestämningar,
690 1452 91 27 uppkom
801 1451 118 21 emellertid

168 1493 26 13 en
212 1487 27 25 pä
253 1487 65 19 andra
334 1487 46 19 skäl
397 1487 99 19 hvilande
512 1487 148 25 preskription.
691 1486 8 19 I
715 1486 72 26 Magni
806 1485 113 20 Erikssons
