<?xml version="1.0" encoding="UTF-8"?>
<alto xmlns="http://www.loc.gov/standards/alto/ns-v3#" xmlns:xlink="http://www.w3.org/1999/xlink" xmlns:xsi="http://www.w3.org/2001/XMLSchema-instance" xsi:schemaLocation="http://www.loc.gov/standards/alto/ns-v3# http://www.loc.gov/alto/v3/alto-3-0.xsd">
	<Description>
		<MeasurementUnit>pixel</MeasurementUnit>
		<sourceImageInformation>
			<fileName>/tmp/tess_uk10cok3_input.PNG</fileName>
		</sourceImageInformation>
		<OCRProcessing ID="OCR_0">
			<ocrProcessingStep>
				<processingSoftware>
					<softwareName>tesseract 5.3.4</softwareName>
				</processingSoftware>
			</ocrProcessingStep>
		</OCRProcessing>
	</Description>
	<Layout>
		<Page WIDTH="1142" HEIGHT="1786" PHYSICAL_IMG_NR="0" ID="page_0">
			<PrintSpace HPOS="0" VPOS="0" WIDTH="1142" HEIGHT="1786">
				<GraphicalElement ID="cblock_0" HPOS="0" VPOS="453" WIDTH="9" HEIGHT="331"></GraphicalElement >
				<ComposedBlock ID="cblock_1" HPOS="4" VPOS="472" WIDTH="20" HEIGHT="43">
					<TextBlock ID="block_0" HPOS="4" VPOS="472" WIDTH="20" HEIGHT="43">
						<TextLine ID="line_0" HPOS="4" VPOS="472" WIDTH="20" HEIGHT="43">
							<String ID="string_0" HPOS="4" VPOS="472" WIDTH="20" HEIGHT="43" WC="0.29" CONTENT="se”"/>
						</TextLine>
					</TextBlock>
				</ComposedBlock>
				<ComposedBlock ID="cblock_2" HPOS="240" VPOS="168" WIDTH="35" HEIGHT="18">
					<TextBlock ID="block_1" HPOS="240" VPOS="168" WIDTH="35" HEIGHT="18">
						<TextLine ID="line_1" HPOS="240" VPOS="168" WIDTH="35" HEIGHT="18">
							<String ID="string_1" HPOS="240" VPOS="168" WIDTH="35" HEIGHT="18" WC="0.96" CONTENT="250"/>
						</TextLine>
					</TextBlock>
				</ComposedBlock>
				<ComposedBlock ID="cblock_3" HPOS="218" VPOS="231" WIDTH="759" HEIGHT="1286">
					<TextBlock ID="block_2" HPOS="218" VPOS="231" WIDTH="753" HEIGHT="231">
						<TextLine ID="line_2" HPOS="218" VPOS="231" WIDTH="753" HEIGHT="28">
							<String ID="string_2" HPOS="218" VPOS="231" WIDTH="78" HEIGHT="27" WC="0.93" CONTENT="Kongl."/><SP WIDTH="19" VPOS="231" HPOS="296"/>
							<String ID="string_3" HPOS="315" VPOS="231" WIDTH="160" HEIGHT="27" WC="0.96" CONTENT="Förordningen"/><SP WIDTH="19" VPOS="231" HPOS="475"/>
							<String ID="string_4" HPOS="494" VPOS="231" WIDTH="40" HEIGHT="20" WC="0.96" CONTENT="den"/><SP WIDTH="18" VPOS="231" HPOS="534"/>
							<String ID="string_5" HPOS="552" VPOS="232" WIDTH="24" HEIGHT="19" WC="0.96" CONTENT="13"/><SP WIDTH="16" VPOS="232" HPOS="576"/>
							<String ID="string_6" HPOS="592" VPOS="231" WIDTH="49" HEIGHT="20" WC="0.96" CONTENT="Juni"/><SP WIDTH="19" VPOS="231" HPOS="641"/>
							<String ID="string_7" HPOS="660" VPOS="233" WIDTH="52" HEIGHT="19" WC="0.96" CONTENT="1800"/><SP WIDTH="16" VPOS="233" HPOS="712"/>
							<String ID="string_8" HPOS="728" VPOS="233" WIDTH="39" HEIGHT="20" WC="0.96" CONTENT="och"/><SP WIDTH="17" VPOS="233" HPOS="767"/>
							<String ID="string_9" HPOS="784" VPOS="233" WIDTH="117" HEIGHT="26" WC="0.93" CONTENT="Kejserliga"/><SP WIDTH="18" VPOS="233" HPOS="901"/>
							<String ID="string_10" HPOS="919" VPOS="234" WIDTH="52" HEIGHT="23" WC="0.92" CONTENT="För-"/>
						</TextLine>
						<TextLine ID="line_3" HPOS="218" VPOS="265" WIDTH="749" HEIGHT="29">
							<String ID="string_11" HPOS="218" VPOS="266" WIDTH="119" HEIGHT="26" WC="0.96" CONTENT="ordningen"/><SP WIDTH="17" VPOS="266" HPOS="337"/>
							<String ID="string_12" HPOS="354" VPOS="266" WIDTH="39" HEIGHT="19" WC="0.96" CONTENT="den"/><SP WIDTH="17" VPOS="266" HPOS="393"/>
							<String ID="string_13" HPOS="410" VPOS="267" WIDTH="11" HEIGHT="18" WC="0.96" CONTENT="9"/><SP WIDTH="16" VPOS="267" HPOS="421"/>
							<String ID="string_14" HPOS="437" VPOS="265" WIDTH="120" HEIGHT="20" WC="0.96" CONTENT="November"/><SP WIDTH="22" VPOS="265" HPOS="557"/>
							<String ID="string_15" HPOS="579" VPOS="266" WIDTH="52" HEIGHT="20" WC="0.96" CONTENT="1868"/><SP WIDTH="21" VPOS="266" HPOS="631"/>
							<String ID="string_16" HPOS="652" VPOS="267" WIDTH="30" HEIGHT="19" WC="0.96" CONTENT="till"/><SP WIDTH="16" VPOS="267" HPOS="682"/>
							<String ID="string_17" HPOS="698" VPOS="267" WIDTH="29" HEIGHT="19" WC="0.96" CONTENT="tio"/><SP WIDTH="16" VPOS="267" HPOS="727"/>
							<String ID="string_18" HPOS="743" VPOS="267" WIDTH="22" HEIGHT="19" WC="0.96" CONTENT="år"/><SP WIDTH="20" VPOS="267" HPOS="765"/>
							<String ID="string_19" HPOS="785" VPOS="267" WIDTH="121" HEIGHT="20" WC="0.93" CONTENT="förkortade"/><SP WIDTH="16" VPOS="267" HPOS="906"/>
							<String ID="string_20" HPOS="922" VPOS="275" WIDTH="45" HEIGHT="19" WC="0.92" CONTENT="pre-"/>
						</TextLine>
						<TextLine ID="line_4" HPOS="218" VPOS="299" WIDTH="749" HEIGHT="28">
							<String ID="string_21" HPOS="218" VPOS="299" WIDTH="174" HEIGHT="27" WC="0.91" CONTENT="skriptionstiden"/><SP WIDTH="16" VPOS="299" HPOS="392"/>
							<String ID="string_22" HPOS="408" VPOS="300" WIDTH="31" HEIGHT="19" WC="0.96" CONTENT="för"/><SP WIDTH="15" VPOS="300" HPOS="439"/>
							<String ID="string_23" HPOS="454" VPOS="299" WIDTH="63" HEIGHT="20" WC="0.95" CONTENT="civila"/><SP WIDTH="15" VPOS="299" HPOS="517"/>
							<String ID="string_24" HPOS="532" VPOS="299" WIDTH="124" HEIGHT="27" WC="0.96" CONTENT="fordringar,"/><SP WIDTH="20" VPOS="299" HPOS="656"/>
							<String ID="string_25" HPOS="676" VPOS="302" WIDTH="52" HEIGHT="24" WC="0.91" CONTENT="göra"/><SP WIDTH="20" VPOS="302" HPOS="728"/>
							<String ID="string_26" HPOS="748" VPOS="300" WIDTH="196" HEIGHT="27" WC="0.91" CONTENT="fordringsanspråk"/><SP WIDTH="17" VPOS="300" HPOS="944"/>
							<String ID="string_27" HPOS="961" VPOS="302" WIDTH="6" HEIGHT="18" WC="0.96" CONTENT="i"/>
						</TextLine>
						<TextLine ID="line_5" HPOS="218" VPOS="333" WIDTH="749" HEIGHT="27">
							<String ID="string_28" HPOS="218" VPOS="334" WIDTH="52" HEIGHT="26" WC="0.96" CONTENT="följd"/><SP WIDTH="16" VPOS="334" HPOS="270"/>
							<String ID="string_29" HPOS="286" VPOS="334" WIDTH="23" HEIGHT="19" WC="0.96" CONTENT="af"/><SP WIDTH="14" VPOS="334" HPOS="309"/>
							<String ID="string_30" HPOS="323" VPOS="334" WIDTH="55" HEIGHT="19" WC="0.96" CONTENT="brott"/><SP WIDTH="15" VPOS="334" HPOS="378"/>
							<String ID="string_31" HPOS="393" VPOS="333" WIDTH="105" HEIGHT="27" WC="0.96" CONTENT="gällande."/><SP WIDTH="30" VPOS="333" HPOS="498"/>
							<String ID="string_32" HPOS="528" VPOS="334" WIDTH="47" HEIGHT="19" WC="0.96" CONTENT="Men"/><SP WIDTH="16" VPOS="334" HPOS="575"/>
							<String ID="string_33" HPOS="591" VPOS="334" WIDTH="34" HEIGHT="25" WC="0.95" CONTENT="då,"/><SP WIDTH="16" VPOS="334" HPOS="625"/>
							<String ID="string_34" HPOS="641" VPOS="334" WIDTH="69" HEIGHT="20" WC="0.93" CONTENT="såsom"/><SP WIDTH="17" VPOS="334" HPOS="710"/>
							<String ID="string_35" HPOS="727" VPOS="335" WIDTH="86" HEIGHT="19" WC="0.88" CONTENT="nämndt"/><SP WIDTH="16" VPOS="335" HPOS="813"/>
							<String ID="string_36" HPOS="829" VPOS="338" WIDTH="28" HEIGHT="21" WC="0.95" CONTENT="är,"/><SP WIDTH="12" VPOS="338" HPOS="857"/>
							<String ID="string_37" HPOS="869" VPOS="335" WIDTH="60" HEIGHT="20" WC="0.96" CONTENT="äfven"/><SP WIDTH="12" VPOS="335" HPOS="929"/>
							<String ID="string_38" HPOS="941" VPOS="342" WIDTH="26" HEIGHT="13" WC="0.97" CONTENT="en"/>
						</TextLine>
						<TextLine ID="line_6" HPOS="218" VPOS="368" WIDTH="751" HEIGHT="27">
							<String ID="string_39" HPOS="218" VPOS="375" WIDTH="69" HEIGHT="13" WC="0.96" CONTENT="annan"/><SP WIDTH="18" VPOS="375" HPOS="287"/>
							<String ID="string_40" HPOS="305" VPOS="368" WIDTH="98" HEIGHT="26" WC="0.96" CONTENT="tolkning"/><SP WIDTH="16" VPOS="368" HPOS="403"/>
							<String ID="string_41" HPOS="419" VPOS="368" WIDTH="23" HEIGHT="19" WC="0.96" CONTENT="af"/><SP WIDTH="15" VPOS="368" HPOS="442"/>
							<String ID="string_42" HPOS="457" VPOS="368" WIDTH="52" HEIGHT="19" WC="0.96" CONTENT="1779"/><SP WIDTH="17" VPOS="368" HPOS="509"/>
							<String ID="string_43" HPOS="526" VPOS="368" WIDTH="32" HEIGHT="19" WC="0.96" CONTENT="års"/><SP WIDTH="16" VPOS="368" HPOS="558"/>
							<String ID="string_44" HPOS="574" VPOS="368" WIDTH="123" HEIGHT="26" WC="0.96" CONTENT="förordning"/><SP WIDTH="19" VPOS="368" HPOS="697"/>
							<String ID="string_45" HPOS="716" VPOS="369" WIDTH="68" HEIGHT="19" WC="0.96" CONTENT="funnit"/><SP WIDTH="18" VPOS="369" HPOS="784"/>
							<String ID="string_46" HPOS="802" VPOS="369" WIDTH="124" HEIGHT="26" WC="0.95" CONTENT="försvarare,"/><SP WIDTH="20" VPOS="369" HPOS="926"/>
							<String ID="string_47" HPOS="946" VPOS="370" WIDTH="23" HEIGHT="19" WC="0.96" CONTENT="så"/>
						</TextLine>
						<TextLine ID="line_7" HPOS="219" VPOS="402" WIDTH="750" HEIGHT="28">
							<String ID="string_48" HPOS="219" VPOS="403" WIDTH="37" HEIGHT="19" WC="0.96" CONTENT="har"/><SP WIDTH="24" VPOS="403" HPOS="256"/>
							<String ID="string_49" HPOS="280" VPOS="408" WIDTH="26" HEIGHT="14" WC="0.95" CONTENT="en"/><SP WIDTH="24" VPOS="408" HPOS="306"/>
							<String ID="string_50" HPOS="330" VPOS="402" WIDTH="117" HEIGHT="26" WC="0.95" CONTENT="förklaring"/><SP WIDTH="23" VPOS="402" HPOS="447"/>
							<String ID="string_51" HPOS="470" VPOS="402" WIDTH="23" HEIGHT="19" WC="0.96" CONTENT="af"/><SP WIDTH="19" VPOS="402" HPOS="493"/>
							<String ID="string_52" HPOS="512" VPOS="402" WIDTH="162" HEIGHT="26" WC="0.96" CONTENT="ifrågavarande"/><SP WIDTH="15" VPOS="402" HPOS="674"/>
							<String ID="string_53" HPOS="689" VPOS="404" WIDTH="132" HEIGHT="24" WC="0.96" CONTENT="stadganden"/><SP WIDTH="17" VPOS="404" HPOS="821"/>
							<String ID="string_54" HPOS="838" VPOS="404" WIDTH="62" HEIGHT="26" WC="0.95" CONTENT="länge"/><SP WIDTH="16" VPOS="404" HPOS="900"/>
							<String ID="string_55" HPOS="916" VPOS="404" WIDTH="53" HEIGHT="19" WC="0.95" CONTENT="varit"/>
						</TextLine>
						<TextLine ID="line_8" HPOS="219" VPOS="436" WIDTH="257" HEIGHT="26">
							<String ID="string_56" HPOS="219" VPOS="436" WIDTH="22" HEIGHT="20" WC="0.93" CONTENT="af"/><SP WIDTH="15" VPOS="436" HPOS="241"/>
							<String ID="string_57" HPOS="256" VPOS="436" WIDTH="100" HEIGHT="20" WC="0.91" CONTENT="behofvet"/><SP WIDTH="15" VPOS="436" HPOS="356"/>
							<String ID="string_58" HPOS="371" VPOS="436" WIDTH="105" HEIGHT="26" WC="0.95" CONTENT="påkallad."/>
						</TextLine>
					</TextBlock>
					<TextBlock ID="block_3" HPOS="219" VPOS="469" WIDTH="752" HEIGHT="259">
						<TextLine ID="line_9" HPOS="288" VPOS="469" WIDTH="681" HEIGHT="29">
							<String ID="string_59" HPOS="288" VPOS="470" WIDTH="32" HEIGHT="19" WC="0.96" CONTENT="En"/><SP WIDTH="24" VPOS="470" HPOS="320"/>
							<String ID="string_60" HPOS="344" VPOS="470" WIDTH="64" HEIGHT="20" WC="0.95" CONTENT="sådan"/><SP WIDTH="23" VPOS="470" HPOS="408"/>
							<String ID="string_61" HPOS="431" VPOS="469" WIDTH="118" HEIGHT="27" WC="0.95" CONTENT="förklaring"/><SP WIDTH="22" VPOS="469" HPOS="549"/>
							<String ID="string_62" HPOS="571" VPOS="472" WIDTH="23" HEIGHT="17" WC="0.96" CONTENT="är"/><SP WIDTH="20" VPOS="472" HPOS="594"/>
							<String ID="string_63" HPOS="614" VPOS="470" WIDTH="6" HEIGHT="19" WC="0.96" CONTENT="i"/><SP WIDTH="20" VPOS="470" HPOS="620"/>
							<String ID="string_64" HPOS="640" VPOS="470" WIDTH="40" HEIGHT="20" WC="0.93" CONTENT="den"/><SP WIDTH="23" VPOS="470" HPOS="680"/>
							<String ID="string_65" HPOS="703" VPOS="470" WIDTH="84" HEIGHT="27" WC="0.89" CONTENT="Nådiga"/><SP WIDTH="25" VPOS="470" HPOS="787"/>
							<String ID="string_66" HPOS="812" VPOS="472" WIDTH="157" HEIGHT="26" WC="0.96" CONTENT="propositionen"/>
						</TextLine>
						<TextLine ID="line_10" HPOS="219" VPOS="504" WIDTH="750" HEIGHT="26">
							<String ID="string_67" HPOS="219" VPOS="504" WIDTH="118" HEIGHT="21" WC="0.92" CONTENT="Ständerna"/><SP WIDTH="17" VPOS="504" HPOS="337"/>
							<String ID="string_68" HPOS="354" VPOS="511" WIDTH="26" HEIGHT="12" WC="0.93" CONTENT="nu"/><SP WIDTH="16" VPOS="511" HPOS="380"/>
							<String ID="string_69" HPOS="396" VPOS="504" WIDTH="93" HEIGHT="26" WC="0.92" CONTENT="förelagd"/><SP WIDTH="17" VPOS="504" HPOS="489"/>
							<String ID="string_70" HPOS="506" VPOS="504" WIDTH="30" HEIGHT="19" WC="0.95" CONTENT="till"/><SP WIDTH="16" VPOS="504" HPOS="536"/>
							<String ID="string_71" HPOS="552" VPOS="504" WIDTH="128" HEIGHT="26" WC="0.95" CONTENT="antagande;"/><SP WIDTH="15" VPOS="504" HPOS="680"/>
							<String ID="string_72" HPOS="695" VPOS="504" WIDTH="40" HEIGHT="20" WC="0.96" CONTENT="och"/><SP WIDTH="11" VPOS="504" HPOS="735"/>
							<String ID="string_73" HPOS="746" VPOS="511" WIDTH="45" HEIGHT="13" WC="0.96" CONTENT="som"/><SP WIDTH="12" VPOS="511" HPOS="791"/>
							<String ID="string_74" HPOS="803" VPOS="505" WIDTH="122" HEIGHT="20" WC="0.93" CONTENT="densamma"/><SP WIDTH="15" VPOS="505" HPOS="925"/>
							<String ID="string_75" HPOS="940" VPOS="506" WIDTH="29" HEIGHT="18" WC="0.92" CONTENT="öf-"/>
						</TextLine>
						<TextLine ID="line_11" HPOS="220" VPOS="538" WIDTH="749" HEIGHT="27">
							<String ID="string_76" HPOS="220" VPOS="540" WIDTH="176" HEIGHT="18" WC="0.92" CONTENT="verensstämmer"/><SP WIDTH="22" VPOS="540" HPOS="396"/>
							<String ID="string_77" HPOS="418" VPOS="538" WIDTH="46" HEIGHT="19" WC="0.96" CONTENT="med"/><SP WIDTH="24" VPOS="538" HPOS="464"/>
							<String ID="string_78" HPOS="488" VPOS="538" WIDTH="39" HEIGHT="19" WC="0.92" CONTENT="den"/><SP WIDTH="23" VPOS="538" HPOS="527"/>
							<String ID="string_79" HPOS="550" VPOS="538" WIDTH="55" HEIGHT="26" WC="0.91" CONTENT="åsigt"/><SP WIDTH="22" VPOS="538" HPOS="605"/>
							<String ID="string_80" HPOS="627" VPOS="545" WIDTH="33" HEIGHT="13" WC="0.93" CONTENT="om"/><SP WIDTH="25" VPOS="545" HPOS="660"/>
							<String ID="string_81" HPOS="685" VPOS="538" WIDTH="142" HEIGHT="27" WC="0.92" CONTENT="preskription"/><SP WIDTH="16" VPOS="538" HPOS="827"/>
							<String ID="string_82" HPOS="843" VPOS="540" WIDTH="6" HEIGHT="18" WC="0.96" CONTENT="i"/><SP WIDTH="17" VPOS="540" HPOS="849"/>
							<String ID="string_83" HPOS="866" VPOS="539" WIDTH="103" HEIGHT="25" WC="0.96" CONTENT="brottmål,"/>
						</TextLine>
						<TextLine ID="line_12" HPOS="220" VPOS="572" WIDTH="749" HEIGHT="26">
							<String ID="string_84" HPOS="220" VPOS="573" WIDTH="87" HEIGHT="19" WC="0.96" CONTENT="hvilken"/><SP WIDTH="15" VPOS="573" HPOS="307"/>
							<String ID="string_85" HPOS="322" VPOS="573" WIDTH="35" HEIGHT="19" WC="0.96" CONTENT="vid"/><SP WIDTH="19" VPOS="573" HPOS="357"/>
							<String ID="string_86" HPOS="376" VPOS="573" WIDTH="51" HEIGHT="19" WC="0.96" CONTENT="1867"/><SP WIDTH="17" VPOS="573" HPOS="427"/>
							<String ID="string_87" HPOS="444" VPOS="572" WIDTH="34" HEIGHT="19" WC="0.93" CONTENT="års"/><SP WIDTH="14" VPOS="572" HPOS="478"/>
							<String ID="string_88" HPOS="492" VPOS="572" WIDTH="101" HEIGHT="26" WC="0.92" CONTENT="landtdag"/><SP WIDTH="18" VPOS="572" HPOS="593"/>
							<String ID="string_89" HPOS="611" VPOS="573" WIDTH="44" HEIGHT="19" WC="0.96" CONTENT="blef"/><SP WIDTH="13" VPOS="573" HPOS="655"/>
							<String ID="string_90" HPOS="668" VPOS="573" WIDTH="23" HEIGHT="19" WC="0.96" CONTENT="af"/><SP WIDTH="13" VPOS="573" HPOS="691"/>
							<String ID="string_91" HPOS="704" VPOS="573" WIDTH="82" HEIGHT="20" WC="0.96" CONTENT="landets"/><SP WIDTH="16" VPOS="573" HPOS="786"/>
							<String ID="string_92" HPOS="802" VPOS="573" WIDTH="27" HEIGHT="20" WC="0.96" CONTENT="då"/><SP WIDTH="15" VPOS="573" HPOS="829"/>
							<String ID="string_93" HPOS="844" VPOS="573" WIDTH="125" HEIGHT="20" WC="0.96" CONTENT="församlade"/>
						</TextLine>
						<TextLine ID="line_13" HPOS="220" VPOS="606" WIDTH="750" HEIGHT="27">
							<String ID="string_94" HPOS="220" VPOS="606" WIDTH="91" HEIGHT="20" WC="0.90" CONTENT="Ständer"/><SP WIDTH="16" VPOS="606" HPOS="311"/>
							<String ID="string_95" HPOS="327" VPOS="606" WIDTH="29" HEIGHT="20" WC="0.92" CONTENT="uti"/><SP WIDTH="16" VPOS="606" HPOS="356"/>
							<String ID="string_96" HPOS="372" VPOS="606" WIDTH="154" HEIGHT="20" WC="0.91" CONTENT="ofvanberörda"/><SP WIDTH="15" VPOS="606" HPOS="526"/>
							<String ID="string_97" HPOS="541" VPOS="606" WIDTH="154" HEIGHT="27" WC="0.95" CONTENT="framställning"/><SP WIDTH="15" VPOS="606" HPOS="695"/>
							<String ID="string_98" HPOS="710" VPOS="607" WIDTH="78" HEIGHT="19" WC="0.96" CONTENT="uttalad"/><SP WIDTH="13" VPOS="607" HPOS="788"/>
							<String ID="string_99" HPOS="801" VPOS="610" WIDTH="54" HEIGHT="16" WC="0.96" CONTENT="samt"/><SP WIDTH="15" VPOS="610" HPOS="855"/>
							<String ID="string_100" HPOS="870" VPOS="608" WIDTH="61" HEIGHT="19" WC="0.95" CONTENT="äfven"/><SP WIDTH="12" VPOS="608" HPOS="931"/>
							<String ID="string_101" HPOS="943" VPOS="614" WIDTH="27" HEIGHT="12" WC="0.96" CONTENT="nu"/>
						</TextLine>
						<TextLine ID="line_14" HPOS="221" VPOS="640" WIDTH="750" HEIGHT="28">
							<String ID="string_102" HPOS="221" VPOS="642" WIDTH="23" HEIGHT="18" WC="0.93" CONTENT="af"/><SP WIDTH="13" VPOS="642" HPOS="244"/>
							<String ID="string_103" HPOS="257" VPOS="640" WIDTH="157" HEIGHT="27" WC="0.90" CONTENT="Lagutskottets"/><SP WIDTH="16" VPOS="640" HPOS="414"/>
							<String ID="string_104" HPOS="430" VPOS="640" WIDTH="106" HEIGHT="26" WC="0.92" CONTENT="pluralitet"/><SP WIDTH="16" VPOS="640" HPOS="536"/>
							<String ID="string_105" HPOS="552" VPOS="640" WIDTH="112" HEIGHT="26" WC="0.91" CONTENT="omfattats,"/><SP WIDTH="12" VPOS="640" HPOS="664"/>
							<String ID="string_106" HPOS="676" VPOS="647" WIDTH="61" HEIGHT="14" WC="0.95" CONTENT="anser"/><SP WIDTH="14" VPOS="647" HPOS="737"/>
							<String ID="string_107" HPOS="751" VPOS="641" WIDTH="107" HEIGHT="20" WC="0.96" CONTENT="Utskottet"/><SP WIDTH="14" VPOS="641" HPOS="858"/>
							<String ID="string_108" HPOS="872" VPOS="642" WIDTH="31" HEIGHT="26" WC="0.96" CONTENT="sig"/><SP WIDTH="18" VPOS="642" HPOS="903"/>
							<String ID="string_109" HPOS="921" VPOS="641" WIDTH="50" HEIGHT="20" WC="0.96" CONTENT="böra"/>
						</TextLine>
						<TextLine ID="line_15" HPOS="221" VPOS="674" WIDTH="749" HEIGHT="28">
							<String ID="string_110" HPOS="221" VPOS="675" WIDTH="154" HEIGHT="19" WC="0.90" CONTENT="vördsammast"/><SP WIDTH="15" VPOS="675" HPOS="375"/>
							<String ID="string_111" HPOS="390" VPOS="674" WIDTH="106" HEIGHT="26" WC="0.96" CONTENT="tillstyrka"/><SP WIDTH="11" VPOS="674" HPOS="496"/>
							<String ID="string_112" HPOS="507" VPOS="674" WIDTH="39" HEIGHT="20" WC="0.93" CONTENT="den"/><SP WIDTH="12" VPOS="674" HPOS="546"/>
							<String ID="string_113" HPOS="558" VPOS="674" WIDTH="83" HEIGHT="26" WC="0.92" CONTENT="Nådiga"/><SP WIDTH="11" VPOS="674" HPOS="641"/>
							<String ID="string_114" HPOS="652" VPOS="675" WIDTH="169" HEIGHT="25" WC="0.91" CONTENT="propositionens"/><SP WIDTH="12" VPOS="675" HPOS="821"/>
							<String ID="string_115" HPOS="833" VPOS="675" WIDTH="119" HEIGHT="27" WC="0.95" CONTENT="antagande"/><SP WIDTH="12" VPOS="675" HPOS="952"/>
							<String ID="string_116" HPOS="964" VPOS="675" WIDTH="6" HEIGHT="19" WC="0.96" CONTENT="i"/>
						</TextLine>
						<TextLine ID="line_16" HPOS="222" VPOS="708" WIDTH="126" HEIGHT="20">
							<String ID="string_117" HPOS="222" VPOS="708" WIDTH="126" HEIGHT="20" WC="0.92" CONTENT="hufvudsak."/>
						</TextLine>
					</TextBlock>
					<TextBlock ID="block_4" HPOS="221" VPOS="742" WIDTH="756" HEIGHT="775">
						<TextLine ID="line_17" HPOS="290" VPOS="742" WIDTH="681" HEIGHT="28">
							<String ID="string_118" HPOS="290" VPOS="743" WIDTH="71" HEIGHT="25" WC="0.96" CONTENT="Enligt"/><SP WIDTH="24" VPOS="743" HPOS="361"/>
							<String ID="string_119" HPOS="385" VPOS="742" WIDTH="115" HEIGHT="20" WC="0.95" CONTENT="Utskottets"/><SP WIDTH="23" VPOS="742" HPOS="500"/>
							<String ID="string_120" HPOS="523" VPOS="742" WIDTH="62" HEIGHT="20" WC="0.96" CONTENT="tanke"/><SP WIDTH="28" VPOS="742" HPOS="585"/>
							<String ID="string_121" HPOS="613" VPOS="742" WIDTH="36" HEIGHT="20" WC="0.92" CONTENT="bör"/><SP WIDTH="23" VPOS="742" HPOS="649"/>
							<String ID="string_122" HPOS="672" VPOS="742" WIDTH="105" HEIGHT="27" WC="0.92" CONTENT="nemligen"/><SP WIDTH="25" VPOS="742" HPOS="777"/>
							<String ID="string_123" HPOS="802" VPOS="750" WIDTH="25" HEIGHT="12" WC="0.91" CONTENT="en"/><SP WIDTH="28" VPOS="750" HPOS="827"/>
							<String ID="string_124" HPOS="855" VPOS="744" WIDTH="116" HEIGHT="26" WC="0.90" CONTENT="väsendtlig"/>
						</TextLine>
						<TextLine ID="line_18" HPOS="221" VPOS="771" WIDTH="749" HEIGHT="32">
							<String ID="string_125" HPOS="221" VPOS="771" WIDTH="84" HEIGHT="26" WC="0.96" CONTENT="skilnad"/><SP WIDTH="23" VPOS="771" HPOS="305"/>
							<String ID="string_126" HPOS="328" VPOS="780" WIDTH="62" HEIGHT="23" WC="0.96" CONTENT="göras"/><SP WIDTH="24" VPOS="780" HPOS="390"/>
							<String ID="string_127" HPOS="414" VPOS="776" WIDTH="89" HEIGHT="20" WC="0.96" CONTENT="emellan"/><SP WIDTH="17" VPOS="776" HPOS="503"/>
							<String ID="string_128" HPOS="520" VPOS="776" WIDTH="40" HEIGHT="20" WC="0.93" CONTENT="den"/><SP WIDTH="20" VPOS="776" HPOS="560"/>
							<String ID="string_129" HPOS="580" VPOS="776" WIDTH="149" HEIGHT="27" WC="0.92" CONTENT="preskription,"/><SP WIDTH="16" VPOS="776" HPOS="729"/>
							<String ID="string_130" HPOS="745" VPOS="777" WIDTH="138" HEIGHT="26" WC="0.93" CONTENT="hvarigenom"/><SP WIDTH="17" VPOS="777" HPOS="883"/>
							<String ID="string_131" HPOS="900" VPOS="777" WIDTH="70" HEIGHT="26" WC="0.82" CONTENT="rättig-"/>
						</TextLine>
						<TextLine ID="line_19" HPOS="222" VPOS="810" WIDTH="749" HEIGHT="26">
							<String ID="string_132" HPOS="222" VPOS="812" WIDTH="36" HEIGHT="20" WC="0.96" CONTENT="het"/><SP WIDTH="15" VPOS="812" HPOS="258"/>
							<String ID="string_133" HPOS="273" VPOS="811" WIDTH="31" HEIGHT="20" WC="0.96" CONTENT="till"/><SP WIDTH="16" VPOS="811" HPOS="304"/>
							<String ID="string_134" HPOS="320" VPOS="811" WIDTH="41" HEIGHT="19" WC="0.96" CONTENT="åtal"/><SP WIDTH="18" VPOS="811" HPOS="361"/>
							<String ID="string_135" HPOS="379" VPOS="811" WIDTH="31" HEIGHT="19" WC="0.96" CONTENT="för"/><SP WIDTH="16" VPOS="811" HPOS="410"/>
							<String ID="string_136" HPOS="426" VPOS="811" WIDTH="41" HEIGHT="19" WC="0.93" CONTENT="den"/><SP WIDTH="17" VPOS="811" HPOS="467"/>
							<String ID="string_137" HPOS="484" VPOS="810" WIDTH="107" HEIGHT="26" WC="0.92" CONTENT="skyldiges"/><SP WIDTH="16" VPOS="810" HPOS="591"/>
							<String ID="string_138" HPOS="607" VPOS="810" WIDTH="139" HEIGHT="20" WC="0.91" CONTENT="befordrande"/><SP WIDTH="11" VPOS="810" HPOS="746"/>
							<String ID="string_139" HPOS="757" VPOS="811" WIDTH="30" HEIGHT="19" WC="0.96" CONTENT="till"/><SP WIDTH="16" VPOS="811" HPOS="787"/>
							<String ID="string_140" HPOS="803" VPOS="811" WIDTH="60" HEIGHT="19" WC="0.96" CONTENT="straff"/><SP WIDTH="8" VPOS="811" HPOS="863"/>
							<String ID="string_141" HPOS="871" VPOS="811" WIDTH="100" HEIGHT="24" WC="0.96" CONTENT="förfaller,"/>
						</TextLine>
						<TextLine ID="line_20" HPOS="222" VPOS="844" WIDTH="747" HEIGHT="26">
							<String ID="string_142" HPOS="222" VPOS="846" WIDTH="39" HEIGHT="20" WC="0.96" CONTENT="och"/><SP WIDTH="16" VPOS="846" HPOS="261"/>
							<String ID="string_143" HPOS="277" VPOS="846" WIDTH="48" HEIGHT="23" WC="0.95" CONTENT="den,"/><SP WIDTH="18" VPOS="846" HPOS="325"/>
							<String ID="string_144" HPOS="343" VPOS="845" WIDTH="138" HEIGHT="25" WC="0.96" CONTENT="hvarigenom"/><SP WIDTH="16" VPOS="845" HPOS="481"/>
							<String ID="string_145" HPOS="497" VPOS="844" WIDTH="54" HEIGHT="20" WC="0.96" CONTENT="talan"/><SP WIDTH="17" VPOS="844" HPOS="551"/>
							<String ID="string_146" HPOS="568" VPOS="851" WIDTH="33" HEIGHT="13" WC="0.96" CONTENT="om"/><SP WIDTH="17" VPOS="851" HPOS="601"/>
							<String ID="string_147" HPOS="618" VPOS="844" WIDTH="127" HEIGHT="20" WC="0.92" CONTENT="skadestånd"/><SP WIDTH="17" VPOS="844" HPOS="745"/>
							<String ID="string_148" HPOS="762" VPOS="845" WIDTH="101" HEIGHT="20" WC="0.91" CONTENT="afskäres."/><SP WIDTH="30" VPOS="845" HPOS="863"/>
							<String ID="string_149" HPOS="893" VPOS="845" WIDTH="42" HEIGHT="19" WC="0.95" CONTENT="När"/><SP WIDTH="10" VPOS="845" HPOS="935"/>
							<String ID="string_150" HPOS="945" VPOS="851" WIDTH="24" HEIGHT="13" WC="0.95" CONTENT="en"/>
						</TextLine>
						<TextLine ID="line_21" HPOS="222" VPOS="878" WIDTH="749" HEIGHT="27">
							<String ID="string_151" HPOS="222" VPOS="879" WIDTH="126" HEIGHT="26" WC="0.92" CONTENT="förbrytelse"/><SP WIDTH="16" VPOS="879" HPOS="348"/>
							<String ID="string_152" HPOS="364" VPOS="878" WIDTH="98" HEIGHT="25" WC="0.91" CONTENT="föröfvas,"/><SP WIDTH="16" VPOS="878" HPOS="462"/>
							<String ID="string_153" HPOS="478" VPOS="878" WIDTH="23" HEIGHT="19" WC="0.93" CONTENT="så"/><SP WIDTH="16" VPOS="878" HPOS="501"/>
							<String ID="string_154" HPOS="517" VPOS="878" WIDTH="89" HEIGHT="20" WC="0.93" CONTENT="kränkes"/><SP WIDTH="16" VPOS="878" HPOS="606"/>
							<String ID="string_155" HPOS="622" VPOS="879" WIDTH="123" HEIGHT="22" WC="0.91" CONTENT="derigenom"/><SP WIDTH="17" VPOS="879" HPOS="745"/>
							<String ID="string_156" HPOS="762" VPOS="879" WIDTH="59" HEIGHT="19" WC="0.96" CONTENT="alltid"/><SP WIDTH="16" VPOS="879" HPOS="821"/>
							<String ID="string_157" HPOS="837" VPOS="879" WIDTH="35" HEIGHT="19" WC="0.93" CONTENT="det"/><SP WIDTH="11" VPOS="879" HPOS="872"/>
							<String ID="string_158" HPOS="883" VPOS="879" WIDTH="88" HEIGHT="19" WC="0.92" CONTENT="allmän-"/>
						</TextLine>
						<TextLine ID="line_22" HPOS="222" VPOS="912" WIDTH="749" HEIGHT="27">
							<String ID="string_159" HPOS="222" VPOS="920" WIDTH="33" HEIGHT="19" WC="0.95" CONTENT="na,"/><SP WIDTH="16" VPOS="920" HPOS="255"/>
							<String ID="string_160" HPOS="271" VPOS="913" WIDTH="7" HEIGHT="20" WC="0.96" CONTENT="i"/><SP WIDTH="16" VPOS="913" HPOS="278"/>
							<String ID="string_161" HPOS="294" VPOS="913" WIDTH="62" HEIGHT="26" WC="0.95" CONTENT="lagen"/><SP WIDTH="25" VPOS="913" HPOS="356"/>
							<String ID="string_162" HPOS="381" VPOS="912" WIDTH="93" HEIGHT="20" WC="0.93" CONTENT="uttalade"/><SP WIDTH="23" VPOS="912" HPOS="474"/>
							<String ID="string_163" HPOS="497" VPOS="912" WIDTH="200" HEIGHT="19" WC="0.91" CONTENT="rättsmedvetandet"/><SP WIDTH="22" VPOS="912" HPOS="697"/>
							<String ID="string_164" HPOS="719" VPOS="913" WIDTH="38" HEIGHT="19" WC="0.96" CONTENT="och"/><SP WIDTH="18" VPOS="913" HPOS="757"/>
							<String ID="string_165" HPOS="775" VPOS="913" WIDTH="35" HEIGHT="19" WC="0.93" CONTENT="det"/><SP WIDTH="15" VPOS="913" HPOS="810"/>
							<String ID="string_166" HPOS="825" VPOS="913" WIDTH="66" HEIGHT="26" WC="0.91" CONTENT="derpå"/><SP WIDTH="18" VPOS="913" HPOS="891"/>
							<String ID="string_167" HPOS="909" VPOS="919" WIDTH="62" HEIGHT="20" WC="0.91" CONTENT="grun-"/>
						</TextLine>
						<TextLine ID="line_23" HPOS="223" VPOS="946" WIDTH="748" HEIGHT="27">
							<String ID="string_168" HPOS="223" VPOS="948" WIDTH="53" HEIGHT="19" WC="0.90" CONTENT="dade"/><SP WIDTH="17" VPOS="948" HPOS="276"/>
							<String ID="string_169" HPOS="293" VPOS="946" WIDTH="153" HEIGHT="25" WC="0.87" CONTENT="rättstillstånd,"/><SP WIDTH="17" VPOS="946" HPOS="446"/>
							<String ID="string_170" HPOS="463" VPOS="946" WIDTH="81" HEIGHT="20" WC="0.96" CONTENT="hvilket"/><SP WIDTH="14" VPOS="946" HPOS="544"/>
							<String ID="string_171" HPOS="558" VPOS="948" WIDTH="67" HEIGHT="18" WC="0.95" CONTENT="staten"/><SP WIDTH="26" VPOS="948" HPOS="625"/>
							<String ID="string_172" HPOS="651" VPOS="947" WIDTH="36" HEIGHT="19" WC="0.96" CONTENT="har"/><SP WIDTH="16" VPOS="947" HPOS="687"/>
							<String ID="string_173" HPOS="703" VPOS="949" WIDTH="30" HEIGHT="17" WC="0.96" CONTENT="att"/><SP WIDTH="16" VPOS="949" HPOS="733"/>
							<String ID="string_174" HPOS="749" VPOS="947" WIDTH="152" HEIGHT="26" WC="0.96" CONTENT="upprätthålla;"/><SP WIDTH="24" VPOS="947" HPOS="901"/>
							<String ID="string_175" HPOS="925" VPOS="954" WIDTH="46" HEIGHT="13" WC="0.95" CONTENT="men"/>
						</TextLine>
						<TextLine ID="line_24" HPOS="224" VPOS="981" WIDTH="748" HEIGHT="26">
							<String ID="string_176" HPOS="224" VPOS="982" WIDTH="102" HEIGHT="25" WC="0.92" CONTENT="derjemte"/><SP WIDTH="24" VPOS="982" HPOS="326"/>
							<String ID="string_177" HPOS="350" VPOS="981" WIDTH="64" HEIGHT="20" WC="0.95" CONTENT="också"/><SP WIDTH="24" VPOS="981" HPOS="414"/>
							<String ID="string_178" HPOS="438" VPOS="981" WIDTH="62" HEIGHT="19" WC="0.95" CONTENT="oftast"/><SP WIDTH="22" VPOS="981" HPOS="500"/>
							<String ID="string_179" HPOS="522" VPOS="981" WIDTH="68" HEIGHT="26" WC="0.96" CONTENT="någon"/><SP WIDTH="17" VPOS="981" HPOS="590"/>
							<String ID="string_180" HPOS="607" VPOS="981" WIDTH="48" HEIGHT="25" WC="0.96" CONTENT="viss,"/><SP WIDTH="21" VPOS="981" HPOS="655"/>
							<String ID="string_181" HPOS="676" VPOS="981" WIDTH="93" HEIGHT="19" WC="0.95" CONTENT="bestämd"/><SP WIDTH="16" VPOS="981" HPOS="769"/>
							<String ID="string_182" HPOS="785" VPOS="981" WIDTH="106" HEIGHT="26" WC="0.93" CONTENT="rättighet,"/><SP WIDTH="18" VPOS="981" HPOS="891"/>
							<String ID="string_183" HPOS="909" VPOS="984" WIDTH="14" HEIGHT="16" WC="0.89" CONTENT="t."/><SP WIDTH="16" VPOS="984" HPOS="923"/>
							<String ID="string_184" HPOS="939" VPOS="988" WIDTH="33" HEIGHT="13" WC="0.96" CONTENT="ex."/>
						</TextLine>
						<TextLine ID="line_25" HPOS="224" VPOS="1015" WIDTH="747" HEIGHT="26">
							<String ID="string_185" HPOS="224" VPOS="1016" WIDTH="35" HEIGHT="19" WC="0.96" CONTENT="det"/><SP WIDTH="15" VPOS="1016" HPOS="259"/>
							<String ID="string_186" HPOS="274" VPOS="1015" WIDTH="116" HEIGHT="20" WC="0.96" CONTENT="allmännas"/><SP WIDTH="16" VPOS="1015" HPOS="390"/>
							<String ID="string_187" HPOS="406" VPOS="1015" WIDTH="100" HEIGHT="26" WC="0.96" CONTENT="rättighet"/><SP WIDTH="15" VPOS="1015" HPOS="506"/>
							<String ID="string_188" HPOS="521" VPOS="1015" WIDTH="31" HEIGHT="19" WC="0.96" CONTENT="till"/><SP WIDTH="16" VPOS="1015" HPOS="552"/>
							<String ID="string_189" HPOS="568" VPOS="1021" WIDTH="25" HEIGHT="13" WC="0.90" CONTENT="en"/><SP WIDTH="17" VPOS="1021" HPOS="593"/>
							<String ID="string_190" HPOS="610" VPOS="1015" WIDTH="107" HEIGHT="20" WC="0.90" CONTENT="försnillad"/><SP WIDTH="17" VPOS="1015" HPOS="717"/>
							<String ID="string_191" HPOS="734" VPOS="1015" WIDTH="105" HEIGHT="26" WC="0.90" CONTENT="tullafgift,"/><SP WIDTH="24" VPOS="1015" HPOS="839"/>
							<String ID="string_192" HPOS="863" VPOS="1015" WIDTH="51" HEIGHT="20" WC="0.96" CONTENT="eller"/><SP WIDTH="19" VPOS="1015" HPOS="914"/>
							<String ID="string_193" HPOS="933" VPOS="1015" WIDTH="38" HEIGHT="20" WC="0.96" CONTENT="den"/>
						</TextLine>
						<TextLine ID="line_26" HPOS="224" VPOS="1049" WIDTH="748" HEIGHT="26">
							<String ID="string_194" HPOS="224" VPOS="1049" WIDTH="107" HEIGHT="20" WC="0.93" CONTENT="enskildes"/><SP WIDTH="16" VPOS="1049" HPOS="331"/>
							<String ID="string_195" HPOS="347" VPOS="1049" WIDTH="125" HEIGHT="26" WC="0.92" CONTENT="eganderätt"/><SP WIDTH="15" VPOS="1049" HPOS="472"/>
							<String ID="string_196" HPOS="487" VPOS="1049" WIDTH="31" HEIGHT="19" WC="0.96" CONTENT="till"/><SP WIDTH="16" VPOS="1049" HPOS="518"/>
							<String ID="string_197" HPOS="534" VPOS="1049" WIDTH="35" HEIGHT="20" WC="0.96" CONTENT="det"/><SP WIDTH="15" VPOS="1049" HPOS="569"/>
							<String ID="string_198" HPOS="584" VPOS="1049" WIDTH="68" HEIGHT="20" WC="0.96" CONTENT="stulna"/><SP WIDTH="16" VPOS="1049" HPOS="652"/>
							<String ID="string_199" HPOS="668" VPOS="1049" WIDTH="73" HEIGHT="26" WC="0.96" CONTENT="tinget,"/><SP WIDTH="21" VPOS="1049" HPOS="741"/>
							<String ID="string_200" HPOS="762" VPOS="1049" WIDTH="53" HEIGHT="20" WC="0.96" CONTENT="eller"/><SP WIDTH="16" VPOS="1049" HPOS="815"/>
							<String ID="string_201" HPOS="831" VPOS="1049" WIDTH="52" HEIGHT="20" WC="0.93" CONTENT="hans"/><SP WIDTH="18" VPOS="1049" HPOS="883"/>
							<String ID="string_202" HPOS="901" VPOS="1049" WIDTH="71" HEIGHT="26" WC="0.90" CONTENT="rättig-"/>
						</TextLine>
						<TextLine ID="line_27" HPOS="224" VPOS="1083" WIDTH="748" HEIGHT="27">
							<String ID="string_203" HPOS="224" VPOS="1086" WIDTH="36" HEIGHT="18" WC="0.91" CONTENT="het"/><SP WIDTH="23" VPOS="1086" HPOS="260"/>
							<String ID="string_204" HPOS="283" VPOS="1085" WIDTH="30" HEIGHT="18" WC="0.95" CONTENT="till"/><SP WIDTH="23" VPOS="1085" HPOS="313"/>
							<String ID="string_205" HPOS="336" VPOS="1084" WIDTH="25" HEIGHT="19" WC="0.95" CONTENT="lif"/><SP WIDTH="22" VPOS="1084" HPOS="361"/>
							<String ID="string_206" HPOS="383" VPOS="1084" WIDTH="51" HEIGHT="19" WC="0.93" CONTENT="eller"/><SP WIDTH="20" VPOS="1084" HPOS="434"/>
							<String ID="string_207" HPOS="454" VPOS="1083" WIDTH="64" HEIGHT="26" WC="0.91" CONTENT="helsa,"/><SP WIDTH="16" VPOS="1083" HPOS="518"/>
							<String ID="string_208" HPOS="534" VPOS="1089" WIDTH="19" HEIGHT="14" WC="0.92" CONTENT="0."/><SP WIDTH="16" VPOS="1089" HPOS="553"/>
							<String ID="string_209" HPOS="569" VPOS="1090" WIDTH="15" HEIGHT="13" WC="0.96" CONTENT="s."/><SP WIDTH="17" VPOS="1090" HPOS="584"/>
							<String ID="string_210" HPOS="601" VPOS="1090" WIDTH="18" HEIGHT="12" WC="0.93" CONTENT="v."/><SP WIDTH="32" VPOS="1090" HPOS="619"/>
							<String ID="string_211" HPOS="651" VPOS="1083" WIDTH="29" HEIGHT="20" WC="0.95" CONTENT="Af"/><SP WIDTH="13" VPOS="1083" HPOS="680"/>
							<String ID="string_212" HPOS="693" VPOS="1084" WIDTH="62" HEIGHT="19" WC="0.96" CONTENT="dessa"/><SP WIDTH="16" VPOS="1084" HPOS="755"/>
							<String ID="string_213" HPOS="771" VPOS="1083" WIDTH="146" HEIGHT="27" WC="0.92" CONTENT="kränkningar"/><SP WIDTH="15" VPOS="1083" HPOS="917"/>
							<String ID="string_214" HPOS="932" VPOS="1084" WIDTH="40" HEIGHT="19" WC="0.92" CONTENT="för-"/>
						</TextLine>
						<TextLine ID="line_28" HPOS="224" VPOS="1117" WIDTH="749" HEIGHT="26">
							<String ID="string_215" HPOS="224" VPOS="1125" WIDTH="62" HEIGHT="13" WC="0.96" CONTENT="sonas"/><SP WIDTH="16" VPOS="1125" HPOS="286"/>
							<String ID="string_216" HPOS="302" VPOS="1118" WIDTH="40" HEIGHT="19" WC="0.95" CONTENT="den"/><SP WIDTH="17" VPOS="1118" HPOS="342"/>
							<String ID="string_217" HPOS="359" VPOS="1118" WIDTH="62" HEIGHT="25" WC="0.95" CONTENT="förra,"/><SP WIDTH="16" VPOS="1118" HPOS="421"/>
							<String ID="string_218" HPOS="437" VPOS="1117" WIDTH="51" HEIGHT="20" WC="0.95" CONTENT="eller"/><SP WIDTH="16" VPOS="1117" HPOS="488"/>
							<String ID="string_219" HPOS="504" VPOS="1117" WIDTH="39" HEIGHT="20" WC="0.96" CONTENT="den"/><SP WIDTH="17" VPOS="1117" HPOS="543"/>
							<String ID="string_220" HPOS="560" VPOS="1124" WIDTH="43" HEIGHT="13" WC="0.96" CONTENT="som"/><SP WIDTH="17" VPOS="1124" HPOS="603"/>
							<String ID="string_221" HPOS="620" VPOS="1118" WIDTH="48" HEIGHT="19" WC="0.96" CONTENT="sker"/><SP WIDTH="16" VPOS="1118" HPOS="668"/>
							<String ID="string_222" HPOS="684" VPOS="1120" WIDTH="43" HEIGHT="17" WC="0.96" CONTENT="mot"/><SP WIDTH="15" VPOS="1120" HPOS="727"/>
							<String ID="string_223" HPOS="742" VPOS="1118" WIDTH="36" HEIGHT="19" WC="0.96" CONTENT="det"/><SP WIDTH="15" VPOS="1118" HPOS="778"/>
							<String ID="string_224" HPOS="793" VPOS="1118" WIDTH="107" HEIGHT="19" WC="0.92" CONTENT="allmänna"/><SP WIDTH="14" VPOS="1118" HPOS="900"/>
							<String ID="string_225" HPOS="914" VPOS="1119" WIDTH="59" HEIGHT="18" WC="0.92" CONTENT="rätts-"/>
						</TextLine>
						<TextLine ID="line_29" HPOS="224" VPOS="1151" WIDTH="749" HEIGHT="26">
							<String ID="string_226" HPOS="224" VPOS="1153" WIDTH="123" HEIGHT="24" WC="0.93" CONTENT="tillståndet,"/><SP WIDTH="16" VPOS="1153" HPOS="347"/>
							<String ID="string_227" HPOS="363" VPOS="1152" WIDTH="123" HEIGHT="20" WC="0.92" CONTENT="förmedelst"/><SP WIDTH="15" VPOS="1152" HPOS="486"/>
							<String ID="string_228" HPOS="501" VPOS="1151" WIDTH="35" HEIGHT="20" WC="0.96" CONTENT="det"/><SP WIDTH="15" VPOS="1151" HPOS="536"/>
							<String ID="string_229" HPOS="551" VPOS="1151" WIDTH="22" HEIGHT="20" WC="0.96" CONTENT="af"/><SP WIDTH="13" VPOS="1151" HPOS="573"/>
							<String ID="string_230" HPOS="586" VPOS="1153" WIDTH="68" HEIGHT="18" WC="0.95" CONTENT="staten"/><SP WIDTH="17" VPOS="1153" HPOS="654"/>
							<String ID="string_231" HPOS="671" VPOS="1158" WIDTH="75" HEIGHT="19" WC="0.95" CONTENT="genom"/><SP WIDTH="22" VPOS="1158" HPOS="746"/>
							<String ID="string_232" HPOS="768" VPOS="1152" WIDTH="40" HEIGHT="19" WC="0.93" CONTENT="den"/><SP WIDTH="21" VPOS="1152" HPOS="808"/>
							<String ID="string_233" HPOS="829" VPOS="1152" WIDTH="109" HEIGHT="25" WC="0.93" CONTENT="offentliga"/><SP WIDTH="15" VPOS="1152" HPOS="938"/>
							<String ID="string_234" HPOS="953" VPOS="1151" WIDTH="20" HEIGHT="20" WC="0.91" CONTENT="å-"/>
						</TextLine>
						<TextLine ID="line_30" HPOS="226" VPOS="1186" WIDTH="747" HEIGHT="27">
							<String ID="string_235" HPOS="226" VPOS="1187" WIDTH="108" HEIGHT="26" WC="0.91" CONTENT="klagaren,"/><SP WIDTH="24" VPOS="1187" HPOS="334"/>
							<String ID="string_236" HPOS="358" VPOS="1187" WIDTH="57" HEIGHT="24" WC="0.96" CONTENT="eller,"/><SP WIDTH="19" VPOS="1187" HPOS="415"/>
							<String ID="string_237" HPOS="434" VPOS="1186" WIDTH="6" HEIGHT="19" WC="0.96" CONTENT="i"/><SP WIDTH="21" VPOS="1186" HPOS="440"/>
							<String ID="string_238" HPOS="461" VPOS="1186" WIDTH="54" HEIGHT="18" WC="0.95" CONTENT="vissa"/><SP WIDTH="16" VPOS="1186" HPOS="515"/>
							<String ID="string_239" HPOS="531" VPOS="1186" WIDTH="42" HEIGHT="25" WC="0.94" CONTENT="fall,"/><SP WIDTH="20" VPOS="1186" HPOS="573"/>
							<String ID="string_240" HPOS="593" VPOS="1192" WIDTH="76" HEIGHT="20" WC="0.96" CONTENT="genom"/><SP WIDTH="17" VPOS="1192" HPOS="669"/>
							<String ID="string_241" HPOS="686" VPOS="1186" WIDTH="39" HEIGHT="19" WC="0.96" CONTENT="den"/><SP WIDTH="18" VPOS="1186" HPOS="725"/>
							<String ID="string_242" HPOS="743" VPOS="1186" WIDTH="97" HEIGHT="20" WC="0.93" CONTENT="enskilde"/><SP WIDTH="17" VPOS="1186" HPOS="840"/>
							<String ID="string_243" HPOS="857" VPOS="1186" WIDTH="116" HEIGHT="26" WC="0.89" CONTENT="målsegan-"/>
						</TextLine>
						<TextLine ID="line_31" HPOS="225" VPOS="1219" WIDTH="748" HEIGHT="26">
							<String ID="string_244" HPOS="225" VPOS="1220" WIDTH="40" HEIGHT="20" WC="0.90" CONTENT="den"/><SP WIDTH="18" VPOS="1220" HPOS="265"/>
							<String ID="string_245" HPOS="283" VPOS="1220" WIDTH="97" HEIGHT="19" WC="0.90" CONTENT="utkräfda"/><SP WIDTH="16" VPOS="1220" HPOS="380"/>
							<String ID="string_246" HPOS="396" VPOS="1220" WIDTH="90" HEIGHT="24" WC="0.96" CONTENT="straffet;"/><SP WIDTH="16" VPOS="1220" HPOS="486"/>
							<String ID="string_247" HPOS="502" VPOS="1219" WIDTH="108" HEIGHT="20" WC="0.95" CONTENT="hvaremot"/><SP WIDTH="15" VPOS="1219" HPOS="610"/>
							<String ID="string_248" HPOS="625" VPOS="1219" WIDTH="41" HEIGHT="20" WC="0.93" CONTENT="den"/><SP WIDTH="16" VPOS="1219" HPOS="666"/>
							<String ID="string_249" HPOS="682" VPOS="1219" WIDTH="95" HEIGHT="26" WC="0.92" CONTENT="sednare,"/><SP WIDTH="16" VPOS="1219" HPOS="777"/>
							<String ID="string_250" HPOS="793" VPOS="1220" WIDTH="52" HEIGHT="19" WC="0.93" CONTENT="eller"/><SP WIDTH="15" VPOS="1220" HPOS="845"/>
							<String ID="string_251" HPOS="860" VPOS="1219" WIDTH="113" HEIGHT="20" WC="0.92" CONTENT="kränknin-"/>
						</TextLine>
						<TextLine ID="line_32" HPOS="225" VPOS="1253" WIDTH="750" HEIGHT="28">
							<String ID="string_252" HPOS="225" VPOS="1261" WIDTH="41" HEIGHT="20" WC="0.95" CONTENT="gen"/><SP WIDTH="24" VPOS="1261" HPOS="266"/>
							<String ID="string_253" HPOS="290" VPOS="1255" WIDTH="22" HEIGHT="19" WC="0.96" CONTENT="af"/><SP WIDTH="22" VPOS="1255" HPOS="312"/>
							<String ID="string_254" HPOS="334" VPOS="1261" WIDTH="25" HEIGHT="12" WC="0.96" CONTENT="en"/><SP WIDTH="25" VPOS="1261" HPOS="359"/>
							<String ID="string_255" HPOS="384" VPOS="1253" WIDTH="94" HEIGHT="20" WC="0.96" CONTENT="bestämd"/><SP WIDTH="20" VPOS="1253" HPOS="478"/>
							<String ID="string_256" HPOS="498" VPOS="1253" WIDTH="100" HEIGHT="26" WC="0.96" CONTENT="rättighet"/><SP WIDTH="20" VPOS="1253" HPOS="598"/>
							<String ID="string_257" HPOS="618" VPOS="1256" WIDTH="47" HEIGHT="21" WC="0.96" CONTENT="(när"/><SP WIDTH="16" VPOS="1256" HPOS="665"/>
							<String ID="string_258" HPOS="681" VPOS="1260" WIDTH="25" HEIGHT="13" WC="0.96" CONTENT="en"/><SP WIDTH="17" VPOS="1260" HPOS="706"/>
							<String ID="string_259" HPOS="723" VPOS="1253" WIDTH="64" HEIGHT="20" WC="0.95" CONTENT="sådan"/><SP WIDTH="18" VPOS="1253" HPOS="787"/>
							<String ID="string_260" HPOS="805" VPOS="1253" WIDTH="120" HEIGHT="26" WC="0.96" CONTENT="kränkning"/><SP WIDTH="16" VPOS="1253" HPOS="925"/>
							<String ID="string_261" HPOS="941" VPOS="1255" WIDTH="34" HEIGHT="24" WC="0.96" CONTENT="egt"/>
						</TextLine>
						<TextLine ID="line_33" HPOS="226" VPOS="1287" WIDTH="749" HEIGHT="28">
							<String ID="string_262" HPOS="226" VPOS="1291" WIDTH="55" HEIGHT="22" WC="0.93" CONTENT="rum)"/><SP WIDTH="16" VPOS="1291" HPOS="281"/>
							<String ID="string_263" HPOS="297" VPOS="1289" WIDTH="114" HEIGHT="26" WC="0.91" CONTENT="godtgöres"/><SP WIDTH="15" VPOS="1289" HPOS="411"/>
							<String ID="string_264" HPOS="426" VPOS="1293" WIDTH="77" HEIGHT="21" WC="0.96" CONTENT="genom"/><SP WIDTH="16" VPOS="1293" HPOS="503"/>
							<String ID="string_265" HPOS="519" VPOS="1287" WIDTH="127" HEIGHT="20" WC="0.95" CONTENT="skadestånd"/><SP WIDTH="17" VPOS="1287" HPOS="646"/>
							<String ID="string_266" HPOS="663" VPOS="1287" WIDTH="21" HEIGHT="19" WC="0.93" CONTENT="åt"/><SP WIDTH="19" VPOS="1287" HPOS="684"/>
							<String ID="string_267" HPOS="703" VPOS="1287" WIDTH="157" HEIGHT="26" WC="0.92" CONTENT="målseganden,"/><SP WIDTH="20" VPOS="1287" HPOS="860"/>
							<String ID="string_268" HPOS="880" VPOS="1293" WIDTH="43" HEIGHT="14" WC="0.93" CONTENT="som"/><SP WIDTH="16" VPOS="1293" HPOS="923"/>
							<String ID="string_269" HPOS="939" VPOS="1293" WIDTH="36" HEIGHT="20" WC="0.92" CONTENT="ge-"/>
						</TextLine>
						<TextLine ID="line_34" HPOS="227" VPOS="1321" WIDTH="750" HEIGHT="26">
							<String ID="string_270" HPOS="227" VPOS="1329" WIDTH="48" HEIGHT="13" WC="0.96" CONTENT="nom"/><SP WIDTH="17" VPOS="1329" HPOS="275"/>
							<String ID="string_271" HPOS="292" VPOS="1323" WIDTH="78" HEIGHT="19" WC="0.88" CONTENT="brottet"/><SP WIDTH="22" VPOS="1323" HPOS="370"/>
							<String ID="string_272" HPOS="392" VPOS="1321" WIDTH="84" HEIGHT="20" WC="0.96" CONTENT="erhållit"/><SP WIDTH="22" VPOS="1321" HPOS="476"/>
							<String ID="string_273" HPOS="498" VPOS="1327" WIDTH="25" HEIGHT="14" WC="0.96" CONTENT="en"/><SP WIDTH="17" VPOS="1327" HPOS="523"/>
							<String ID="string_274" HPOS="540" VPOS="1321" WIDTH="82" HEIGHT="19" WC="0.95" CONTENT="fordran"/><SP WIDTH="22" VPOS="1321" HPOS="622"/>
							<String ID="string_275" HPOS="644" VPOS="1321" WIDTH="26" HEIGHT="26" WC="0.96" CONTENT="pä"/><SP WIDTH="22" VPOS="1321" HPOS="670"/>
							<String ID="string_276" HPOS="692" VPOS="1327" WIDTH="25" HEIGHT="14" WC="0.96" CONTENT="en"/><SP WIDTH="16" VPOS="1327" HPOS="717"/>
							<String ID="string_277" HPOS="733" VPOS="1321" WIDTH="64" HEIGHT="19" WC="0.96" CONTENT="sådan"/><SP WIDTH="17" VPOS="1321" HPOS="797"/>
							<String ID="string_278" HPOS="814" VPOS="1321" WIDTH="116" HEIGHT="26" WC="0.94" CONTENT="ersättning"/><SP WIDTH="15" VPOS="1321" HPOS="930"/>
							<String ID="string_279" HPOS="945" VPOS="1321" WIDTH="32" HEIGHT="19" WC="0.97" CONTENT="för"/>
						</TextLine>
						<TextLine ID="line_35" HPOS="228" VPOS="1355" WIDTH="747" HEIGHT="26">
							<String ID="string_280" HPOS="228" VPOS="1357" WIDTH="31" HEIGHT="18" WC="0.95" CONTENT="sin"/><SP WIDTH="18" VPOS="1357" HPOS="259"/>
							<String ID="string_281" HPOS="277" VPOS="1356" WIDTH="91" HEIGHT="19" WC="0.96" CONTENT="kränkta"/><SP WIDTH="14" VPOS="1356" HPOS="368"/>
							<String ID="string_282" HPOS="382" VPOS="1355" WIDTH="106" HEIGHT="26" WC="0.93" CONTENT="rättighet."/><SP WIDTH="30" VPOS="1355" HPOS="488"/>
							<String ID="string_283" HPOS="518" VPOS="1355" WIDTH="55" HEIGHT="19" WC="0.94" CONTENT="Ifrån"/><SP WIDTH="22" VPOS="1355" HPOS="573"/>
							<String ID="string_284" HPOS="595" VPOS="1355" WIDTH="26" HEIGHT="19" WC="0.96" CONTENT="de"/><SP WIDTH="18" VPOS="1355" HPOS="621"/>
							<String ID="string_285" HPOS="639" VPOS="1361" WIDTH="75" HEIGHT="20" WC="0.91" CONTENT="genom"/><SP WIDTH="19" VPOS="1361" HPOS="714"/>
							<String ID="string_286" HPOS="733" VPOS="1355" WIDTH="50" HEIGHT="20" WC="0.90" CONTENT="aftal"/><SP WIDTH="16" VPOS="1355" HPOS="783"/>
							<String ID="string_287" HPOS="799" VPOS="1355" WIDTH="51" HEIGHT="19" WC="0.96" CONTENT="eller"/><SP WIDTH="15" VPOS="1355" HPOS="850"/>
							<String ID="string_288" HPOS="865" VPOS="1355" WIDTH="27" HEIGHT="26" WC="0.96" CONTENT="på"/><SP WIDTH="15" VPOS="1355" HPOS="892"/>
							<String ID="string_289" HPOS="907" VPOS="1362" WIDTH="68" HEIGHT="13" WC="0.96" CONTENT="annan"/>
						</TextLine>
						<TextLine ID="line_36" HPOS="226" VPOS="1389" WIDTH="750" HEIGHT="27">
							<String ID="string_290" HPOS="226" VPOS="1391" WIDTH="50" HEIGHT="19" WC="0.95" CONTENT="civil"/><SP WIDTH="16" VPOS="1391" HPOS="276"/>
							<String ID="string_291" HPOS="292" VPOS="1391" WIDTH="67" HEIGHT="25" WC="0.96" CONTENT="grund"/><SP WIDTH="17" VPOS="1391" HPOS="359"/>
							<String ID="string_292" HPOS="376" VPOS="1389" WIDTH="170" HEIGHT="26" WC="0.92" CONTENT="uppkommande"/><SP WIDTH="16" VPOS="1389" HPOS="546"/>
							<String ID="string_293" HPOS="562" VPOS="1389" WIDTH="147" HEIGHT="25" WC="0.90" CONTENT="fordringarne"/><SP WIDTH="16" VPOS="1389" HPOS="709"/>
							<String ID="string_294" HPOS="725" VPOS="1389" WIDTH="72" HEIGHT="26" WC="0.96" CONTENT="skiljer"/><SP WIDTH="16" VPOS="1389" HPOS="797"/>
							<String ID="string_295" HPOS="813" VPOS="1389" WIDTH="31" HEIGHT="25" WC="0.96" CONTENT="sig"/><SP WIDTH="12" VPOS="1389" HPOS="844"/>
							<String ID="string_296" HPOS="856" VPOS="1389" WIDTH="69" HEIGHT="20" WC="0.93" CONTENT="denna"/><SP WIDTH="11" VPOS="1389" HPOS="925"/>
							<String ID="string_297" HPOS="936" VPOS="1389" WIDTH="40" HEIGHT="20" WC="0.91" CONTENT="for-"/>
						</TextLine>
						<TextLine ID="line_37" HPOS="228" VPOS="1423" WIDTH="747" HEIGHT="27">
							<String ID="string_298" HPOS="228" VPOS="1425" WIDTH="51" HEIGHT="19" WC="0.91" CONTENT="dran"/><SP WIDTH="25" VPOS="1425" HPOS="279"/>
							<String ID="string_299" HPOS="304" VPOS="1424" WIDTH="123" HEIGHT="26" WC="0.96" CONTENT="visserligen"/><SP WIDTH="25" VPOS="1424" HPOS="427"/>
							<String ID="string_300" HPOS="452" VPOS="1430" WIDTH="75" HEIGHT="19" WC="0.93" CONTENT="genom"/><SP WIDTH="24" VPOS="1430" HPOS="527"/>
							<String ID="string_301" HPOS="551" VPOS="1425" WIDTH="62" HEIGHT="18" WC="0.94" CONTENT="sättet"/><SP WIDTH="21" VPOS="1425" HPOS="613"/>
							<String ID="string_302" HPOS="634" VPOS="1424" WIDTH="30" HEIGHT="19" WC="0.96" CONTENT="för"/><SP WIDTH="19" VPOS="1424" HPOS="664"/>
							<String ID="string_303" HPOS="683" VPOS="1424" WIDTH="31" HEIGHT="18" WC="0.96" CONTENT="sin"/><SP WIDTH="17" VPOS="1424" HPOS="714"/>
							<String ID="string_304" HPOS="731" VPOS="1423" WIDTH="123" HEIGHT="26" WC="0.96" CONTENT="uppkomst;"/><SP WIDTH="18" VPOS="1423" HPOS="854"/>
							<String ID="string_305" HPOS="872" VPOS="1429" WIDTH="47" HEIGHT="14" WC="0.96" CONTENT="men"/><SP WIDTH="17" VPOS="1429" HPOS="919"/>
							<String ID="string_306" HPOS="936" VPOS="1423" WIDTH="39" HEIGHT="20" WC="0.96" CONTENT="den"/>
						</TextLine>
						<TextLine ID="line_38" HPOS="227" VPOS="1457" WIDTH="749" HEIGHT="26">
							<String ID="string_307" HPOS="227" VPOS="1462" WIDTH="23" HEIGHT="16" WC="0.96" CONTENT="är"/><SP WIDTH="16" VPOS="1462" HPOS="250"/>
							<String ID="string_308" HPOS="266" VPOS="1458" WIDTH="82" HEIGHT="20" WC="0.91" CONTENT="ändock"/><SP WIDTH="25" VPOS="1458" HPOS="348"/>
							<String ID="string_309" HPOS="373" VPOS="1457" WIDTH="144" HEIGHT="26" WC="0.91" CONTENT="väsendtligen"/><SP WIDTH="27" VPOS="1457" HPOS="517"/>
							<String ID="string_310" HPOS="544" VPOS="1457" WIDTH="23" HEIGHT="19" WC="0.93" CONTENT="af"/><SP WIDTH="20" VPOS="1457" HPOS="567"/>
							<String ID="string_311" HPOS="587" VPOS="1457" WIDTH="150" HEIGHT="26" WC="0.89" CONTENT="privaträttslig"/><SP WIDTH="28" VPOS="1457" HPOS="737"/>
							<String ID="string_312" HPOS="765" VPOS="1457" WIDTH="146" HEIGHT="20" WC="0.94" CONTENT="beskaffenhet"/><SP WIDTH="26" VPOS="1457" HPOS="911"/>
							<String ID="string_313" HPOS="937" VPOS="1458" WIDTH="39" HEIGHT="19" WC="0.94" CONTENT="och"/>
						</TextLine>
						<TextLine ID="line_39" HPOS="229" VPOS="1490" WIDTH="748" HEIGHT="27">
							<String ID="string_314" HPOS="229" VPOS="1492" WIDTH="71" HEIGHT="25" WC="0.96" CONTENT="borde,"/><SP WIDTH="16" VPOS="1492" HPOS="300"/>
							<String ID="string_315" HPOS="316" VPOS="1491" WIDTH="68" HEIGHT="21" WC="0.96" CONTENT="såsom"/><SP WIDTH="17" VPOS="1491" HPOS="384"/>
							<String ID="string_316" HPOS="401" VPOS="1491" WIDTH="71" HEIGHT="25" WC="0.95" CONTENT="sådan,"/><SP WIDTH="17" VPOS="1491" HPOS="472"/>
							<String ID="string_317" HPOS="489" VPOS="1491" WIDTH="46" HEIGHT="20" WC="0.96" CONTENT="icke"/><SP WIDTH="16" VPOS="1491" HPOS="535"/>
							<String ID="string_318" HPOS="551" VPOS="1491" WIDTH="20" HEIGHT="20" WC="0.96" CONTENT="få"/><SP WIDTH="15" VPOS="1491" HPOS="571"/>
							<String ID="string_319" HPOS="586" VPOS="1492" WIDTH="23" HEIGHT="18" WC="0.96" CONTENT="af"/><SP WIDTH="13" VPOS="1492" HPOS="609"/>
							<String ID="string_320" HPOS="622" VPOS="1493" WIDTH="66" HEIGHT="18" WC="0.96" CONTENT="staten"/><SP WIDTH="18" VPOS="1493" HPOS="688"/>
							<String ID="string_321" HPOS="706" VPOS="1491" WIDTH="123" HEIGHT="26" WC="0.95" CONTENT="disponeras"/><SP WIDTH="12" VPOS="1491" HPOS="829"/>
							<String ID="string_322" HPOS="841" VPOS="1491" WIDTH="5" HEIGHT="19" WC="0.95" CONTENT="i"/><SP WIDTH="12" VPOS="1491" HPOS="846"/>
							<String ID="string_323" HPOS="858" VPOS="1490" WIDTH="65" HEIGHT="20" WC="0.96" CONTENT="andra"/><SP WIDTH="11" VPOS="1490" HPOS="923"/>
							<String ID="string_324" HPOS="934" VPOS="1491" WIDTH="43" HEIGHT="25" WC="0.96" CONTENT="fall,"/>
						</TextLine>
					</TextBlock>
				</ComposedBlock>
			</PrintSpace>
		</Page>
	</Layout>
</alto>
