1142 1786
397 428 57 19 Hans
470 428 134 26 Kejserliga
619 428 120 26 Majestäts
758 429 87 26 Nådiga
863 430 112 26 proposi-

362 462 52 19 tion
433 461 31 20 till
486 462 86 20 Finlands
593 462 88 26 Ständer,
703 463 98 25 angående
820 464 107 26 ersättning
945 464 31 20 till

362 495 72 20 vittnen
450 496 6 19 i
472 496 69 20 sådana
556 496 67 26 grofva
637 496 97 25 brottmål,
750 497 27 19 uti
792 497 64 21 hvilka
874 498 70 20 allmän
956 499 20 19 å-

365 529 79 26 klagare
460 536 46 20 eger
520 530 44 20 föra
577 530 59 20 talan.

297 592 100 19 Finlands
413 592 35 19 vid
464 593 98 19 sednaste
578 593 100 26 landtdag
694 593 126 20 församlade
832 593 90 21 Ständer
933 595 44 19 haf-

230 633 31 18 va,
282 626 2 19 i
301 626 151 26 sammanhang
469 626 45 20 med
532 626 141 27 underdånigt
693 634 48 13 svar
756 628 27 26 på
797 628 66 20 Hans
879 629 98 25 Kejser-

229 660 51 26 liga
295 660 129 26 Majestäts
440 660 83 27 Nådiga
538 661 129 25 proposition
684 668 33 13 om
736 662 131 20 afskaffande
887 663 23 19 af
923 663 56 19 vissa

230 694 96 20 hitintills
347 694 123 26 begagnade
490 694 115 20 straffarter
620 696 40 18 och
676 695 60 20 deras
752 696 119 20 ersättande
892 696 41 20 tills
950 697 29 19 vi-

229 728 51 19 dare
296 734 76 19 genom
392 728 66 20 andra
478 729 63 25 straff,
556 726 15 22 i
579 729 168 27 underdänighet
763 730 110 19 framställt
891 731 87 25 petition

230 768 34 13 om
282 762 139 20 meddelande
437 762 23 20 af
474 762 39 20 den
530 762 116 27 förklaring
662 763 46 19 utaf
726 764 11 18 3
753 765 10 21 $
779 764 24 18 21
822 764 47 25 kap.
885 764 39 19 och
941 765 11 19 5
969 766 10 22 $

232 796 23 19 17
274 795 48 26 kap.
339 796 23 19 R.
378 796 31 26 B.,
425 798 30 17 att
477 797 115 26 ersättning
615 797 32 19 för
671 796 146 27 målsegandes
833 797 39 19 och
888 798 91 19 vittnens

232 830 114 19 kostnader
361 830 7 18 i
384 830 39 19 och
447 830 31 20 för
497 830 135 26 rättegångar
647 831 29 19 uti
692 830 79 20 sådana
786 831 74 26 grofva
877 831 104 25 brottmål,

231 864 7 18 i
262 863 74 19 hvilka
358 863 77 20 allmän
459 864 99 26 åklagare
581 870 51 20 eger
654 864 46 20 föra
722 864 63 26 talan,
810 864 70 26 borde,
899 864 26 20 då
940 864 41 20 slik

230 897 136 26 godtgörelse
389 897 88 26 fordras,
504 898 23 19 af
547 897 106 20 allmänna
671 898 69 19 medel
756 898 113 26 förskjutas
885 898 46 25 och,
947 898 34 19 vid

234 931 107 20 bristande
357 931 88 26 tillgång
462 931 36 20 hos
514 931 39 20 den
571 932 224 26 betalningsskyldige,
811 934 74 17 stanna
895 932 85 20 Kronan

234 965 32 19 till.
281 965 45 19 last.
357 965 32 19 Då
404 965 66 20 Hans
486 965 140 27 Kejserliga
641 966 116 25 Majestät
779 966 52 26 tagit
845 966 70 19 denna
929 966 52 25 peti-

234 999 43 20 tion
293 999 6 19 i
316 999 79 26 Nådigt
410 999 163 26 öfvervägande,
597 1000 37 19 har
656 999 65 20 Hans
744 999 144 27 Kejserliga
907 1000 74 25 Maje-

233 1035 57 23 stät,
306 1033 69 19 såvidt
390 1033 66 26 angår
472 1033 141 26 målsegande,
629 1033 68 20 funnit
714 1033 25 20 de
755 1033 23 20 af
794 1033 117 20 Ständerna
933 1033 49 20 åbe-

234 1067 78 26 ropade
336 1067 97 26 fördelar,
456 1073 45 14 som
523 1067 70 20 kunde
617 1068 74 19 vinnas
710 1074 75 19 genom
802 1074 25 13 en
844 1067 117 26 förklaring
977 1067 6 19 i

234 1101 139 20 omförmälda
397 1101 61 26 syfte,
483 1101 46 20 ieke
553 1103 113 18 motsvaras
689 1101 23 20 af
733 1101 25 20 de
775 1101 120 26 kostnader,
911 1101 73 20 hvilka

236 1135 123 26 derigenom
376 1135 84 20 komme
476 1137 30 17 att
521 1135 126 20 statsverket
662 1135 126 25 förorsakas,
809 1137 53 18 samt
877 1135 55 26 förty
948 1141 35 13 an-

234 1172 41 17 sett
290 1169 46 20 skäl
352 1170 18 25 ej
387 1176 50 13 vara
452 1169 114 20 förhanden
584 1172 29 17 att
629 1169 29 20 till
674 1170 114 25 petitionen
806 1169 6 19 i
828 1169 41 20 den
881 1169 61 20 delen
955 1169 28 20 bi-

236 1204 56 24 falla,
308 1204 109 18 hvaremot
441 1204 66 19 Hans
530 1204 150 25 Kejserliga
705 1204 130 25 Majestät,
856 1203 130 20 beträffande

237 1238 123 19 densamma
375 1238 6 19 i
398 1238 70 25 öfrigt,
492 1238 54 19 velat
569 1238 30 19 till
623 1238 127 19 Ständernas
773 1237 118 26 antagande
910 1237 77 20 föreslå

238 1272 92 26 följande
347 1271 115 27 förklaring
479 1272 38 19 och
534 1272 73 26 tillägg
624 1272 32 19 till
678 1273 5 18 5
701 1274 9 21 $
729 1273 23 18 17
769 1271 48 26 kap.
834 1271 23 19 R.
873 1271 23 19 B.

306 1306 23 19 ”I
345 1306 39 19 mål
400 1306 111 26 angående
527 1306 80 26 grofva,
625 1306 30 19 för
671 1306 106 19 allmänna
793 1305 127 20 säkerheten
936 1305 49 20 våd-

237 1340 44 26 liga
296 1340 63 25 brott,
382 1339 74 20 hvilka
478 1340 23 19 af
514 1340 76 19 allmän
611 1339 100 26 åklagare
727 1339 72 25 åtalas,
815 1345 49 13 vare
880 1339 47 25 den,
943 1345 44 14 som

238 1375 22 18 af
274 1374 40 19 slik
331 1373 100 27 åklagare
447 1374 33 19 till
496 1374 64 19 vittne
577 1374 111 25 åberopats
704 1373 39 20 och
763 1373 30 19 till
813 1372 130 20 vittnesmåls
959 1373 28 19 af-

239 1408 104 26 läggande
359 1408 55 19 inför
430 1407 90 20 domstol
536 1408 31 26 sig
583 1407 86 25 inställt,
687 1407 115 26 berättigad
814 1408 28 17 att
855 1407 30 18 för
897 1407 30 18 sin
943 1407 45 19 der-

239 1443 34 19 vid
296 1442 62 20 hafde
381 1442 90 19 kostnad
497 1442 57 25 njuta
569 1442 116 25 ersättniug
701 1442 22 18 af
737 1441 91 23 Kronan,
845 1440 6 19 i
867 1440 26 19 de
912 1440 35 19 fall
963 1440 27 19 då

239 1477 19 25 ej
275 1477 69 25 någon
365 1476 113 19 förklarats
502 1483 32 12 om
558 1476 35 19 det
609 1475 82 19 åtalade
708 1475 77 19 brottet
800 1475 124 22 förvunnen,
940 1475 51 19 eller
