1142 1786
868 166 35 18 499

275 228 71 21 denna
361 227 104 27 rättighet
480 227 134 27 öfverträder
629 234 74 21 genom
719 231 32 18 att
767 229 22 20 åt
805 235 75 14 annan
896 231 29 18 än

275 262 103 27 spisande
392 264 49 25 gäst
457 261 91 21 bränvin
558 261 105 28 försälja,
679 262 52 20 eller
741 262 72 28 bryter
823 263 102 20 annorle-

276 296 36 20 des
327 298 54 18 emot
396 295 158 27 stadganderne
569 296 8 20 i
592 296 29 26 $$
636 297 28 19 51
680 296 38 20 och
733 297 29 19 53
777 297 46 20 böte
838 303 18 15 o.
873 304 15 12 s.
906 304 19 14 v.

279 330 67 26 enligt
361 336 59 20 prop.

530 370 30 26 $$
574 370 95 20 82—86.

345 410 54 20 Lika
414 410 46 20 med
478 410 145 20 motsvarande
639 412 21 22 $$
676 410 6 19 i
699 416 58 20 prop.

487 478 90 20 Artikel
595 478 18 20 6.

395 529 134 20 Allmänna
547 529 163 26 stadganden.

243 581 10 19 I
269 582 26 19 94
311 583 10 21 $
337 581 89 25 stadgas,
447 583 30 17 att
496 587 33 13 om
546 580 71 20 hustru
633 581 105 25 förbryter
753 581 32 26 sig
801 584 56 17 emot
872 582 53 19 före-

175 614 130 20 skrifterne
301 610 12 34 i
320 615 70 19 denna
405 614 129 26 förordning,
550 614 51 20 skall
617 615 79 25 jemväl
713 621 90 13 mannen
819 615 60 20 fällas
896 616 30 19 till

176 655 75 13 ansvar
274 648 23 20 sä
319 649 62 19 framt
400 649 18 25 ej
439 648 46 20 fullt
504 648 58 20 bevis
578 649 77 19 företes
671 650 30 18 att
716 649 139 26 förbrytelsen
872 650 56 19 skett

177 685 48 18 utan
250 689 102 13 mannens
372 682 128 26 begifvande
520 683 52 19 eller
587 682 100 27 vetskap;
704 689 47 13 men
767 685 30 17 att
813 689 32 13 om
861 683 65 19 sädan

176 717 127 26 förbrytelse
326 716 65 26 begås
414 716 22 20 af
458 716 75 26 någon,
553 723 43 13 som
613 717 6 19 i
635 716 108 27 egenskap
761 716 24 20 af
799 717 127 26 tjenstehjon

177 751 51 19 eller
252 751 60 25 eljest
334 751 64 19 vistas
414 750 6 20 i
436 756 79 14 annans
535 750 38 20 hus
591 750 52 20 eller
658 750 27 26 pä
701 751 47 19 dess
764 757 51 20 egor
830 751 39 19 och
885 750 43 20 står

177 785 66 19 under
264 785 46 19 dess
327 784 124 27 myndighet
466 784 40 20 och
522 784 181 26 husbondevälde,
719 784 109 20 husbonde
844 785 31 19 för
886 785 41 19 för-

179 819 106 26 brytelsen
302 822 22 16 är
340 819 96 25 ansvarig
458 818 73 20 endast
551 825 32 13 om
604 818 35 20 det
654 819 91 26 utredes,
761 821 29 17 att
805 819 124 19 densamma

177 852 56 20 skett
256 853 31 19 för
310 853 52 19 hans
382 852 97 26 räkning,
499 853 28 25 pä
546 853 51 19 hans
613 853 116 27 befallning
745 853 51 20 eller
812 853 47 20 med
876 853 52 20 hans

179 887 127 26 begifvande
324 893 25 13 m.
366 893 26 13 m.

246 920 108 20 Utskottet
370 927 61 12 anser
446 919 62 26 dock,
524 923 30 17 att
569 920 108 20 husbonde
694 921 61 20 äfven
771 921 7 19 i
793 921 36 20 det
845 921 42 26 fall,
899 923 30 18 att

177 955 139 26 förbrytelsen
333 954 56 20 skett
405 955 46 19 med
468 954 52 19 hans
535 954 88 26 vetskap
639 955 27 25 pä
681 956 41 18 sätt
737 961 33 13 om
782 961 47 13 man
841 955 40 20 och
892 955 33 20 hu-

177 991 43 17 stru
236 989 62 20 ofvan
315 991 23 17 är
353 989 104 26 stadgadt,
474 988 38 20 bör
527 989 31 19 för
574 988 140 26 förbrytelsen
731 989 59 19 fällas
801 989 33 19 till
845 995 83 20 ansvar,

177 1023 39 20 och
239 1023 37 19 har
296 1022 106 20 Utskottet
417 1023 23 19 af
452 1023 65 19 sädan
533 1022 114 27 anledning
662 1023 29 19 uti
707 1022 161 26 ifrägavarande
884 1029 43 14 mo-

178 1059 58 18 ment
250 1056 23 20 af
287 1056 89 20 berörde
392 1059 10 22 $
418 1057 69 26 tillagt
502 1057 75 19 orden:
593 1057 65 19 ”eller
674 1057 108 25 vetskap”.

246 1093 10 22 $
272 1091 26 19 98
311 1091 7 18 i
329 1091 102 26 förslaget
446 1091 37 18 har
498 1090 107 20 Utskottet
619 1092 69 18 ansett
699 1090 50 20 böra
760 1090 80 20 erhålla
850 1097 79 13 samma

177 1125 82 26 lydelse
274 1131 44 13 som
334 1124 6 19 i
355 1124 83 27 Nådiga
453 1124 148 27 förordningen
619 1125 23 19 af
655 1125 40 19 den
711 1125 13 19 2
740 1125 54 19 Mars
813 1124 59 20 1865.

246 1159 101 19 Deremot
369 1159 37 18 har
429 1158 107 20 Utskottet
558 1158 31 19 för
609 1158 64 27 öfrigt
687 1158 48 20 icke
751 1160 68 18 ansett
835 1157 45 20 skäl
896 1158 32 19 till

178 1192 91 25 ändring.
292 1192 23 20 af
335 1192 161 26 ifrågavarande
517 1192 76 20 artikel
613 1192 137 26 förekomma,
765 1192 7 19 i
788 1192 52 26 följd
856 1192 77 20 hvaraf

179 1227 123 20 densamma
316 1226 84 20 således
416 1226 66 20 skulle
498 1226 81 20 erhålla
594 1226 92 26 följande
702 1226 92 27 lydelse:

538 1277 29 27 $$
583 1278 92 20 87—91.

350 1311 151 20 Oförändrade.

571 1344 16 27 $
601 1345 36 21 92.

350 1385 55 19 Från
424 1385 72 25 början
521 1384 44 20 lika
581 1384 46 20 med
643 1391 59 19 prop.
719 1384 54 19 intill
789 1384 40 19 den
846 1385 85 26 mening

284 1425 44 14 som
352 1418 110 26 begynner
484 1418 48 20 med
552 1418 64 19 orden
633 1417 70 28 Begås
719 1417 70 20 sådan
799 1416 133 29 förbrytelse

282 1451 30 27 af
324 1453 72 26 någon
410 1453 7 18 i
434 1452 84 19 hvilken
537 1453 85 25 mening
638 1453 53 18 efter
706 1452 66 19 orden
782 1451 42 27 för
838 1450 94 21 husbon-

282 1486 52 20 dens
348 1486 102 26 räkning,
462 1486 32 26 på
507 1485 56 21 hans
574 1485 127 27 befallning,
713 1485 96 19 tillsättes
819 1485 48 20 med
876 1484 56 20 hans
