1142 1786
878 157 33 17 531

182 221 80 26 ningen
278 219 23 20 af
314 219 41 20 den
371 219 13 19 2
400 219 56 19 Mars
473 219 60 24 1865,
550 219 63 19 hafva
627 219 118 20 Ständerna
760 221 29 18 uti
805 222 9 22 $
831 221 26 19 99
872 221 64 20 infört

184 261 25 13 en
226 253 134 26 bestämning
382 253 80 26 derom,
486 255 30 17 att
538 252 83 25 Nådiga
643 253 141 27 kungörelsen
808 255 23 19 af
852 255 40 20 den
909 255 26 20 29

183 288 121 20 November
321 287 60 25 1870,
398 287 146 19 innefattande
562 287 106 19 allmänna
690 287 131 27 stadganden
845 289 89 20 rörande

184 322 175 26 spritfabrikerna
374 321 6 19 i
396 320 78 26 landet,
491 320 67 20 skulle
574 320 115 27 upphäfvas
705 322 6 18 i
728 321 26 20 de
766 322 65 26 delar,
843 329 44 13 som
899 326 36 16 äro

184 356 108 20 stridande
308 358 57 18 emot
381 362 27 12 nu
424 355 161 26 ifrågavarande
601 355 128 27 förordning.

252 390 62 20 Emot
329 390 26 19 de
370 389 159 26 propositionen
541 389 84 26 bilagda
635 389 100 20 formulär
746 390 62 20 hafva
818 390 119 22 Ständerna

184 426 19 25 ej
219 425 44 19 haft
278 424 65 26 något
358 425 30 17 att
403 423 105 26 påminna.

252 459 46 19 Den
321 458 23 19 af
364 457 118 20 Ständerna
504 459 92 25 antagna
618 458 122 27 förordning
762 459 7 19 i
791 459 58 20 detta
874 462 61 17 ämne

184 493 86 19 komme
286 492 87 20 sålunda
388 494 30 17 att
434 491 80 20 erhålla
529 492 91 26 följande
636 492 91 26 lydelse:

390 566 85 26 Förnyad
497 566 121 26 förordning,
633 566 97 27 angående
746 566 131 28 tillverkning,
896 569 40 19 för-

322 600 89 26 säljning,
427 600 69 26 upplag
512 600 36 20 och
562 600 81 25 forsling
658 600 21 20 af
692 600 85 21 bränvin.

551 662 90 20 Artikel
658 662 15 20 1.

320 714 41 20 Om
376 713 129 27 rättighet
523 716 40 18 att
579 713 129 21 tillverka
725 713 120 25 bränvin,
863 714 46 21 och

358 748 79 24 skatt,
454 754 52 14 som
521 747 111 27 derföre
650 747 71 21 skall
736 748 133 28 erläggas.

589 799 16 27 $
624 800 18 18 1.

363 844 73 21 Under
456 844 58 20 tiden
528 843 42 27 för
585 844 70 20 denna
666 844 153 28 författnings
837 845 103 27 giltighet

286 879 44 26 får
345 878 92 21 bränvin
452 878 112 20 tillverkas
576 878 32 27 pä
624 878 74 20 landet
716 878 39 21 och
770 880 8 19 i
793 879 51 20 stad
863 880 77 19 endast

291 913 8 20 i
314 914 70 19 större
400 912 134 25 brännerier,
560 911 53 21 dock
633 911 44 21 icke
698 912 35 21 till
751 912 66 28 högre
838 913 54 20 total
908 913 32 20 be-

292 947 50 26 lopp
370 947 86 27 årligen
483 948 29 18 än
537 945 57 28 fyra
619 946 110 20 millioner
757 946 183 21 trehundratusen

292 981 90 20 kannor.

592 1031 16 28 $
621 1033 21 20 2

360 1076 68 21 Detta
443 1076 75 27 belopp
533 1076 43 21 kan
591 1076 52 21 ökas
658 1077 49 20 med
721 1076 62 28 högst
793 1076 80 27 femtio
888 1084 53 20 pro-

294 1113 52 23 cent,
362 1111 25 20 sä
398 1111 74 26 framt
487 1110 73 21 Hans
574 1110 159 28 Kejserliga
751 1110 128 27 Majestät
895 1111 47 27 fin-

292 1153 40 13 ner
347 1152 25 13 en
383 1145 135 27 förhöjning
533 1144 30 27 af
575 1145 167 27 tillverkningen
757 1152 54 13 vara
827 1145 30 27 af
869 1145 73 26 behof-

293 1182 33 18 vet
338 1179 42 21 och
396 1179 212 27 omständigheterna
620 1179 115 27 påkallad.

591 1230 14 27 $
616 1215 25 47 3.

364 1276 64 21 Skatt
445 1275 42 27 för
510 1275 271 28 bränvinstillverkningen
807 1275 58 20 skall
889 1275 53 27 utgå

294 1311 48 20 med
358 1311 12 19 1
385 1309 63 22 mark
469 1311 29 20 20
517 1310 69 27 penni
603 1309 42 27 för
660 1309 76 27 hvarje
755 1309 74 21 kanna
845 1309 98 25 bränvin,

295 1344 119 21 innehållet
436 1343 121 21 beräknadt
577 1343 35 21 till
634 1344 27 20 50
680 1345 103 25 procents
808 1343 136 21 alkoholhalt

295 1379 37 20 vid
355 1379 27 20 15
404 1378 92 27 graders
518 1379 73 19 värme
609 1378 13 19 å
641 1377 66 21 Celsii
722 1377 153 26 thermometer,
892 1380 53 18 mot-

295 1413 108 21 svarande
425 1419 37 13 sex
484 1412 93 27 graders
603 1411 82 28 styrka.
722 1411 119 28 Angående
863 1414 82 18 använ-

294 1447 71 21 dande
380 1446 38 21 och
426 1445 158 28 fördelningen
599 1445 30 28 af
639 1445 71 21 denna
729 1445 58 22 skatt
802 1445 74 28 finnes
898 1448 48 18 sär-

295 1481 66 21 skildt
375 1480 109 27 stadgadt.
