1142 1786
876 163 34 18 451

178 225 32 20 till
231 224 139 27 dryckesrörd
386 230 76 20 person
478 223 41 21 och
534 224 18 26 ej
569 224 66 20 heller
652 224 79 27 köpare
748 225 77 20 tillåtas
841 225 28 26 på
884 226 48 19 stäl-

178 259 30 20 let
223 259 86 20 dermed
325 259 96 26 förpläga
436 258 32 27 sig
484 258 52 20 eller
551 258 72 21 andra,

525 317 11 23 s
552 315 33 21 49.

246 360 32 20 Då
294 360 104 27 helgedag
414 360 101 25 inträffar,
531 360 12 20 å
558 360 87 20 hvilken
660 360 77 20 allmän
753 360 118 27 gudstjenst
885 360 44 20 häl-

178 395 38 25 les,
238 394 95 20 inställes
354 394 28 20 all
398 394 225 27 bränvinsförsäljning
639 394 34 20 vid
690 394 99 20 bränneri
804 396 39 19 och
860 395 13 20 &
889 396 43 18 för-

178 429 174 27 säljningsställe;
370 429 40 19 och
431 435 49 13 vare
496 428 32 20 för
543 428 64 27 öfrigt
621 428 77 20 handel
715 429 48 19 med
779 429 88 20 bränvin
885 429 46 20 der-

179 462 70 20 städes
272 464 18 25 ej
314 462 81 20 tillåten
415 463 146 26 söcknedagar
580 463 67 19 under
665 469 70 14 annan
751 463 29 19 tid
796 466 27 16 än
839 464 91 19 emellan

179 496 91 21 klockan
286 504 38 13 sex
339 503 34 14 om
389 504 115 20 morgonen
520 497 40 20 och
575 497 93 20 klockan
685 496 44 21 åtta
739 497 27 26 pä
777 497 92 20 aftonen.
889 498 41 20 Me-

180 530 41 20 dan
244 531 51 26 ting,
315 531 110 26 läsförhör,
442 531 201 27 mantalsskrifning,
661 531 202 29 uppbördsstämma,
879 532 52 20 auk-

180 565 44 20 tion
244 565 52 20 eller
316 572 69 14 annan
405 566 133 27 förrättning,
556 566 87 20 hvarvid
660 566 136 27 folksamling
812 573 51 20 eger
877 574 54 19 rum,

180 599 124 20 verkställes
321 600 12 19 &
347 600 72 20 landet
434 600 56 20 inom
507 606 25 14 en
548 602 57 18 verst
619 600 46 20 frän
681 600 204 26 försäljningsställe,
901 601 31 19 fär

180 633 13 20 å
208 634 116 19 detsamma
344 634 224 26 bränvinsförsäljning
586 635 19 25 ej
621 634 68 26 idkas,
705 634 64 20 likväl
787 635 48 20 med
851 635 79 20 undan-

180 670 35 23 tag
235 668 22 19 af
274 668 26 19 de
320 668 36 20 fall
376 668 27 20 dä
418 668 62 20 dessa
495 668 150 27 förrättningar
660 668 93 28 försiggä
767 669 7 19 i
789 668 88 28 köping,
893 669 38 20 der

181 701 124 27 försäljning
320 702 23 20 af
356 702 145 26 spritdrycker
516 705 23 17 är
554 701 88 21 tilläten.

528 761 10 23 s
554 760 33 19 50.

250 803 39 21 Om
308 804 130 26 gästgifvare
453 804 13 20 &
480 804 78 26 landet,
579 804 65 20 ehuru
659 804 70 21 dertill
744 805 48 20 icke
808 805 123 27 förpligtad,

180 838 66 20 likväl
270 841 22 17 är
314 838 48 20 med
386 838 87 20 bränvin
495 839 91 25 försedd,
603 839 34 19 mä
652 839 40 20 han
709 840 62 19 deraf
783 840 48 20 icke
847 839 86 26 försälja

180 872 32 19 till
234 878 69 14 annan
324 875 26 17 än
370 873 96 25 resande,
486 879 44 14 som
546 873 69 20 tillika
629 874 82 26 intager
728 874 82 25 måltid;
826 874 40 20 och
882 880 50 14 vare

180 906 36 19 det
242 912 26 13 en
291 906 51 20 hvar
362 906 107 27 förbjudet
488 909 30 18 att
537 907 21 20 åt
573 907 142 26 dryckesrörd
730 914 75 19 person
822 907 51 20 eller
890 907 41 20 den

180 940 20 25 ej
216 940 48 26 fyllt
280 940 78 20 femton
374 940 23 20 år
413 941 88 19 bränvin
518 941 31 19 till
565 941 102 27 förtäring
682 941 97 20 aflemna.

527 999 10 22 $
554 998 32 19 51.

248 1042 47 20 Den
311 1042 183 27 försäljningsrätt,
510 1049 44 13 som
570 1043 7 19 i
593 1045 10 22 $
619 1043 26 20 45
662 1043 70 20 blifvit
743 1043 121 27 medgifven
875 1045 55 24 gäst-

180 1075 82 28 gifvare
272 1076 8 19 i
291 1076 45 20 stad
353 1076 39 20 och
408 1076 73 20 idkare
497 1076 23 20 af
533 1077 86 26 källare,
635 1077 108 26 värdshus,
759 1077 128 26 spisqvarter
902 1077 29 20 el-

180 1110 32 19 ler
226 1116 68 13 annan
311 1110 23 19 så
350 1110 108 20 beskaffad
475 1111 81 26 näring,
572 1111 31 19 får
618 1111 23 20 af
654 1111 47 20 dem
718 1111 81 20 utöfvas
810 1111 75 20 endast
895 1111 36 20 vid

180 1143 81 27 måltid,
284 1143 27 20 dä
334 1146 43 17 mat
398 1145 23 19 af
438 1144 80 26 köpare
535 1145 79 25 jemväl
630 1145 93 20 förtäres.
753 1145 67 20 Dessa
835 1146 95 26 närings-

180 1178 74 20 ställen
278 1177 60 20 skola
358 1178 66 20 under
444 1181 46 17 sön-
509 1179 51 19 eller
575 1179 66 19 andra
656 1179 129 27 helgedagar
801 1179 30 20 till
848 1179 29 19 kl.
893 1186 38 13 sex

180 1218 34 14 om
229 1212 86 20 aftonen
331 1212 46 20 från
393 1218 81 14 samma
489 1212 110 27 klockslag
615 1213 175 27 nästföregäende
807 1213 123 27 söcknedag

180 1253 50 13 vara
252 1247 102 20 tillslutna
372 1247 41 20 och
432 1247 70 26 ingen,
519 1249 56 18 utom
591 1247 114 26 spisgäster
721 1247 39 20 och
775 1247 156 20 ankommande

179 1281 96 26 resande,
290 1281 76 20 inlätas
382 1281 32 20 för
430 1283 30 17 att
474 1281 102 26 förtäring
592 1281 37 20 der
643 1281 74 26 undfä;
728 1281 157 20 ankommande
897 1281 35 20 det

178 1315 13 19 &
206 1314 111 21 Guvernör
340 1317 36 24 att,
397 1315 52 20 efter
469 1315 35 20 det
520 1315 159 20 vederbörande
694 1315 72 20 lokala
781 1315 150 27 myndigheter

180 1349 68 20 blifvit
264 1349 72 26 hörde,
352 1349 111 26 angäende
476 1348 81 20 sädana
567 1349 174 26 näringsställens
752 1349 97 20 hällande
861 1352 70 23 öppna

179 1383 88 20 nattetid
286 1383 40 20 och
346 1383 118 26 ordningen
484 1383 109 20 derstädes
611 1383 98 20 meddela
723 1383 26 20 de
765 1386 97 17 närmare
877 1383 55 20 före-

178 1417 92 26 skrifter,
290 1424 46 13 som
356 1417 31 20 för
403 1417 73 26 hvarje
492 1419 32 18 ort
539 1417 71 20 kunna
626 1417 68 20 finnas
709 1417 106 27 lämpliga.
846 1418 31 19 De
893 1418 38 19 här

178 1451 128 20 omnämnde
329 1451 161 26 näringsidkare
511 1451 107 20 äfvensom
634 1451 128 27 gästgifvare
778 1451 12 20 &
805 1451 74 20 landet
894 1454 36 17 äro

178 1485 99 27 skyldige
292 1487 36 23 att,
344 1485 28 26 pä
386 1485 120 27 anfordran,
523 1485 31 20 för
570 1485 125 20 Stadsfiskal
711 1485 52 20 eller
777 1485 156 26 Kronobetjent
