1142 1786
868 164 33 17 457

178 229 44 24 der,
241 227 85 20 hvilken
344 227 37 20 hör
397 227 30 19 till
443 226 52 21 hans
511 226 82 20 husfolk
609 227 52 19 eller
676 227 83 26 ständig
774 227 48 20 kost
837 227 38 21 hos
891 228 36 20 ho-

176 268 46 13 nom
247 261 97 26 åtnjuter.
374 261 46 20 Den
441 267 43 13 som
505 267 82 14 annans
603 261 172 20 husbondevälde
791 262 135 26 underlyder,

174 302 46 14 men
240 296 32 25 sig
287 296 49 25 sjelf
350 295 121 25 kosthåller,
486 301 40 20 ege
541 295 45 19 lika
602 297 45 23 rätt,
663 301 34 13 om
714 295 40 19 han
771 296 69 19 dertill
857 296 67 20 bevis-

173 330 55 26 ligen
245 330 82 19 undtått
343 328 134 20 husbondens
493 328 116 26 samtycke.
633 328 102 20 Enskilda
745 330 128 26 tjenstehjon
886 330 38 20 och

173 364 73 25 andra,
264 364 26 19 de
306 363 37 19 der
358 363 38 19 hos
412 362 109 20 husbonde
537 362 100 26 dagligen
653 362 62 26 spisa,
732 370 49 13 vare
797 363 36 20 det
848 364 77 26 förbju-

175 397 35 20 det
226 404 44 13 mer
286 397 53 20 eller
355 397 81 19 mindre
453 396 87 20 bränvin
557 396 120 20 innehafva.

242 428 156 23 Öfverträdelse
424 430 23 20 af
467 431 62 19 dessa
551 430 130 26 stadganden
706 431 81 20 medför
809 432 74 20 förlust
905 432 23 20 af

176 466 88 20 bränvin
280 466 39 19 och
335 466 45 19 kärl
397 466 58 19 hvari
472 465 35 20 det
522 465 100 19 förvaras.

242 496 83 24 Önskar
348 499 70 27 någon
439 499 23 19 af
480 499 26 19 de
522 506 107 19 personer,
646 498 72 20 hvilka
734 499 88 21 sålunda
837 503 36 17 äro
891 501 34 19 be-

174 534 104 26 rättigade
294 536 30 16 att
339 533 87 20 bränvin
442 533 121 25 innehafva,
580 532 60 20 deraf
654 533 69 26 någon
739 534 30 19 tid
782 534 37 20 hos
829 535 33 25 sig
873 541 52 20 upp-

174 568 62 26 lägga
252 570 65 17 större
333 570 25 17 än
376 575 26 12 nu
418 567 98 26 stadgadt
533 567 82 26 belopp,
632 566 37 21 bör
685 566 99 21 anmälan
800 568 72 20 derom
888 572 37 23 gö-

173 608 33 14 ras
229 602 37 19 hos
289 602 167 25 Länestyrelsen,
473 601 12 20 å
502 601 85 20 hvilken
612 601 35 19 det
670 601 123 20 ankommer
817 604 36 21 att,
873 603 53 19 efter

173 636 99 26 pröfning
291 636 40 19 och
350 636 32 26 sig
401 635 124 20 företeende
540 635 187 27 omständigheter,
744 636 93 20 tillstånd
853 637 70 19 dertill

175 670 83 26 bevilja.

489 703 88 21 Artikel
592 703 19 21 V.

191 744 42 20 Om
254 750 90 14 ansvar
364 744 45 19 och
428 750 81 13 annan
530 746 29 17 än
579 743 157 20 ofvanutsatt
755 744 97 27 påföljd
873 745 38 20 för

226 778 200 20 öfverträdelser
446 778 27 19 af
490 777 197 27 ifrågavarande
706 778 169 20 föreskrifter.

520 830 10 22 S
547 828 32 20 67.

244 875 78 19 Finnes
339 874 76 26 nägon,
432 880 44 14 som
493 874 49 19 icke
557 880 49 19 eger
622 876 40 17 rätt
677 876 29 18 att
721 874 98 20 tillverka
831 876 95 25 bränvin,

174 908 90 20 anställa
283 908 51 20 eller
350 907 89 20 anställa
454 907 42 20 läta
511 907 64 20 sädan
592 907 138 27 tillverkning
746 909 46 19 med
808 909 55 20 hvad
880 909 45 20 red-

173 943 53 25 skap
246 942 36 19 det
303 945 26 16 än
346 948 50 13 vara
412 941 39 26 mä,
467 941 52 20 eller
536 941 30 20 till
583 941 226 28 bränvinsdistillering
825 943 99 20 oberätti-

174 976 40 27 gad
236 976 86 20 dermed
342 976 32 25 sig
394 976 84 25 befatta,
496 975 62 20 hafve
574 975 107 20 förverkat
696 976 18 25 ej
732 976 80 20 mindre
828 977 96 20 innehaf-

175 1010 68 20 vande
266 1009 194 27 mäskningsförräd
482 1009 40 20 och
543 1009 34 20 det
599 1009 87 20 bränvin
703 1010 39 19 han
759 1010 115 20 sämedelst
890 1011 34 20 be-

175 1044 52 25 redt,
250 1047 26 16 än
299 1044 73 19 dervid
394 1044 98 19 använda
512 1043 89 26 redskap
621 1047 54 16 samt
695 1044 46 19 böte
761 1044 64 20 första
841 1045 84 26 gängen

174 1078 112 19 etthundra
309 1078 29 19 till
360 1078 118 19 tvähundra
498 1077 72 20 femtio
587 1078 57 19 mark
661 1078 38 19 och
715 1078 66 20 andra
796 1085 61 13 resan
873 1079 51 20 dub-

176 1113 47 18 belt.
262 1111 87 21 —Utöfvas
372 1112 63 19 sådan
459 1112 126 26 förbrytelse
609 1112 66 26 tredje
698 1112 90 27 gången,
809 1113 54 19 skall
884 1113 40 19 den

176 1147 117 26 brottslige,
308 1147 64 25 jemte
389 1146 35 19 det
439 1146 39 19 han
496 1145 88 20 förlorar
601 1145 65 26 mäsk,
678 1146 87 20 bränvin
777 1147 38 19 och
827 1147 98 26 redskap,

175 1181 66 19 hållas
264 1183 30 17 ett
316 1180 52 20 halft
390 1180 23 19 är
428 1181 6 18 i
451 1180 101 26 fängelse.
583 1180 94 26 Förnyas
698 1180 78 20 brottet
794 1181 131 26 ytterligare,

175 1215 51 19 ökas
250 1214 155 27 fängelsetiden
426 1214 54 20 ända
500 1214 31 19 till
547 1216 30 17 ett
591 1214 29 19 är.
651 1214 38 20 Om
707 1214 33 20 vid
757 1217 64 17 annat
837 1214 89 27 tillfälle,

174 1251 25 17 än
217 1256 26 12 nu
261 1249 135 19 omförmäldt
410 1251 30 22 är,
455 1255 34 12 sur
505 1248 145 26 tillmäskning
665 1248 23 19 af
701 1248 40 20 den
759 1249 147 20 beskaffenhet
919 1249 7 20 i

174 1285 10 22 $
200 1283 25 19 21
251 1282 119 20 beskrifvits
394 1283 52 19 eller
465 1282 98 27 redskap,
583 1283 74 25 tjenlig
673 1282 31 20 för
721 1283 204 20 bränvins-tillverk-

175 1317 51 26 ning
246 1317 52 19 eller
314 1316 134 27 distillering,
464 1316 68 20 skulle
548 1316 155 20 öfverkommas
719 1316 38 20 hos
773 1317 48 26 den,
839 1317 85 20 hvilken

175 1351 30 18 till
229 1350 160 20 innehafvande
409 1351 61 19 deraf
487 1351 49 20 icke
556 1357 49 20 eger
621 1351 106 26 rättighet,
744 1357 48 13 vare
809 1351 40 19 slik
866 1351 59 20 mäsk

174 1384 39 20 och
236 1384 91 26 redskap
351 1385 107 20 förbruten
482 1387 54 17 samt
557 1385 35 19 bot
611 1385 64 19 första
694 1391 60 13 resan
771 1385 73 19 femtio
861 1387 64 24 mark,

175 1419 66 19 andra
255 1419 84 25 gången
356 1418 88 20 dubbelt
458 1419 40 19 och
515 1419 71 26 hvarje
603 1418 56 27 gång
675 1419 165 19 öfverträdelsen
857 1419 67 20 deref-

174 1455 31 16 ter
226 1458 104 20 upprepas
346 1452 117 19 tvåhundra
479 1453 66 19 mark.
575 1452 133 26 Förfärdigas
724 1452 51 20 eller
791 1452 134 21 iständsättes

177 1486 190 26 bränvinsredskap
390 1486 21 19 åt
434 1492 69 13 annan
525 1489 25 16 än
571 1486 30 19 till
622 1487 133 19 densammas
772 1487 51 19 bruk
841 1487 83 19 berätti-
