1142 1786
869 165 34 18 521

350 227 72 21 Under
433 227 121 27 påstående
565 227 100 28 forsling
681 227 53 21 eller
749 228 14 19 å
781 228 81 20 sådant
882 229 45 20 till-

274 261 82 28 fälligt
370 261 164 28 upplagsställe,
550 268 45 13 som
613 261 9 20 i
635 261 16 26 $
670 262 28 20 64
721 261 144 27 omförmäles,
884 261 43 28 får

279 295 92 21 bränvin
386 295 22 27 ej
418 295 118 26 försäljas.

245 329 123 27 Höglofliga
390 329 154 26 Ridderskapet
567 328 38 20 och
628 328 70 20 Adeln
721 329 41 19 har
778 330 81 24 antagit
874 331 10 22 $
900 330 25 22 57

178 364 54 20 dock
249 364 47 20 med
313 364 40 19 den
369 363 97 27 ändring,
482 365 30 17 att
527 363 66 20 orden
609 363 65 19 ”eller
689 363 196 27 ättiksberedning”
896 364 30 19 in-

177 400 64 18 sättas
256 399 53 19 efter
324 397 60 20 ordet
399 396 259 27 ”bränvinsdistillering”,
679 398 39 18 och
741 397 114 27 Vällofliga
877 398 50 20 Bor-

178 432 135 27 gareståndet
328 431 37 19 har
381 431 114 25 förordnat,
511 433 30 17 att
555 431 7 19 i
578 433 9 22 $
605 431 64 20 borde
685 432 78 19 införas
782 432 90 20 särskild
893 432 34 20 be-

178 466 106 26 stämning
306 472 32 13 om
363 465 40 19 den
427 464 79 26 styrka,
522 471 51 19 rom,
589 464 87 26 konjak,
691 466 80 25 arrack,
787 472 26 14 m.
830 466 20 19 fl.
867 466 60 26 sprit-

178 500 91 26 drycker
284 500 51 20 böra
350 499 113 25 innehålla,
486 498 27 20 då
536 499 137 19 Hedervärda
694 500 158 19 Bondeståndet
877 500 51 26 åter,

179 534 47 20 med
249 534 135 20 förkastande
406 533 24 20 af
450 533 117 20 Utskottets
583 533 84 26 förslag,
684 534 81 26 antagit
781 533 147 21 motsvarande

178 569 52 19 eller
246 571 9 21 $
272 569 25 19 55
314 568 6 19 i
336 568 40 19 den
392 568 83 26 Nådiga
490 568 163 26 propositionen.

246 602 72 19 Ehuru
332 602 61 19 dessa
408 602 146 26 förändringar
570 602 39 19 och
625 602 79 26 tillägg,
721 602 60 19 hvart
796 602 31 19 för
838 602 38 26 sig,
892 604 36 17 äro

179 636 131 20 framställda
324 636 74 19 endast
413 636 23 19 af
449 638 29 17 ett
494 635 71 26 Stånd,
581 642 62 13 anser
658 634 107 21 Utskottet
785 636 54 19 dock
857 636 36 20 det
908 636 23 19 af

180 670 120 26 Höglofliga
325 669 153 26 Ridderskapet
500 670 39 19 och
558 669 69 20 Adeln
644 672 92 24 antagna
751 670 73 26 tillägg
841 670 50 19 böra
906 670 23 19 så

181 704 85 26 mycket
290 704 65 18 hellre
378 703 199 26 uppmärksammas,
601 710 44 13 som
668 703 171 20 ättiksfabrikant
854 704 6 19 i
876 706 10 22 $
903 704 26 19 62

182 737 68 20 blifvit
267 737 118 27 berättigad
398 740 30 16 att
440 737 66 20 återfå
518 737 82 20 skatten
613 738 31 19 för
657 738 36 19 det
702 738 87 19 bränvin
803 738 40 19 han
856 738 31 19 till
900 739 29 18 ät-

181 771 160 27 tiksberedning
357 772 99 24 användt,
465 771 82 20 hvartill
557 772 64 19 renad
631 778 50 13 vara
689 772 48 19 icke
746 772 114 25 erfordras;
869 772 60 19 hvar-

182 805 43 19 före
240 805 109 19 Utskottet
361 805 80 26 jemväl
458 806 105 19 vördsamt
572 806 31 19 får
615 806 86 25 inbjuda
714 806 25 19 de
752 806 67 26 öfriga
830 806 100 24 Stånden,

283 840 32 19 att
337 840 83 26 antaga
442 838 173 28 ifrågavarande
637 839 15 27 $
676 839 48 21 med
745 839 71 21 sådan
835 839 96 27 ändring

283 874 33 19 att
330 872 67 21 orden
412 872 67 21 ”eller
494 872 199 27 ättiksberedning”
709 874 92 19 insättas
821 872 58 27 efter
897 879 34 14 or-

284 906 35 21 det
334 905 273 29 ”bränvinsdistillering”.

478 974 110 21 Artikeln
607 975 27 20 IV.

251 1036 113 27 Vällofliga
380 1037 178 26 Borgareståndet
573 1037 36 19 har
625 1037 109 20 förordnat
748 1039 29 18 att
788 1037 35 20 det
833 1037 98 26 stadgan-

182 1071 33 25 de,
232 1077 42 13 som
296 1071 142 20 förekommer
453 1071 6 18 i
475 1072 10 23 $
501 1071 23 19 61
543 1071 89 19 rörande
648 1071 132 26 förpassning
795 1071 23 19 af
837 1071 95 25 bränvin,

183 1105 81 19 hvilket
279 1105 73 19 forslas
368 1105 12 19 å
396 1105 78 25 saltsjö,
491 1104 63 20 borde
570 1105 78 19 införas
664 1105 5 18 i
686 1107 10 22 $
712 1105 37 25 59;
765 1105 115 26 hvarjemte
891 1105 41 19 He-

183 1139 103 19 dervärda
309 1138 157 20 Bondeståndet
482 1139 5 18 i
504 1138 35 19 det
561 1138 69 19 finska
653 1139 131 25 exemplaret
806 1139 66 19 under
887 1139 46 18 sist-

183 1173 63 25 sagde
263 1175 10 21 $
288 1172 97 20 anmärkt
400 1179 33 12 om
449 1174 30 18 ett
494 1172 103 26 förelupet
612 1172 97 26 tryckfel.

251 1206 69 20 Jemte
343 1206 36 19 det
401 1206 37 19 här
461 1206 109 19 anmärkta
586 1206 89 26 tryckfel
692 1206 59 19 torde
766 1206 21 19 få
801 1206 24 19 af
840 1206 92 25 Expedi-

183 1240 157 19 tionsutskottet
355 1241 70 24 rättas,
442 1240 53 19 lärer
511 1242 9 21 $
538 1240 32 25 59,
586 1240 67 20 såsom
670 1240 23 19 af
706 1242 31 17 tre
752 1239 64 20 Stånd
826 1239 107 27 godkänd,

184 1273 50 20 böra
250 1273 117 20 bibehållas
383 1273 132 20 oförändrad.

251 1308 63 19 Emot
330 1310 9 21 $
356 1308 25 19 60
398 1308 36 19 har
450 1307 113 26 Vällofliga
578 1284 178 50 Borgareståndet
778 1307 104 25 anmärkt,
905 1309 30 18 att

184 1341 123 20 densamma
331 1341 63 20 borde
418 1341 150 26 kompletteras
592 1342 46 19 med
660 1341 156 27 bestämningar
832 1347 33 14 om
882 1341 52 19 huru

184 1375 132 26 förpassning
332 1375 12 20 &
361 1375 93 25 bränvin,
470 1381 44 14 som
531 1375 98 20 afsändes
645 1375 45 20 från
707 1375 132 20 tillverkares
853 1375 80 26 försälj-

184 1409 130 26 ningsställe,
338 1409 37 20 bör
398 1416 50 13 vara
471 1410 89 19 inrättad
583 1409 37 20 och
638 1409 53 20 skall
708 1409 98 26 utfärdas,
825 1409 108 20 äfvensom

184 1443 102 20 huruvida
309 1443 175 26 minutförsäljare
507 1443 33 20 må
562 1446 40 23 äga
625 1443 82 20 utfärda
730 1443 133 26 förpassning
883 1443 52 20 eller

186 1476 57 20 bevis
259 1477 110 25 angående
394 1477 97 19 bränvins
514 1483 113 20 ursprung;
650 1477 90 20 hvarhos
757 1477 97 19 bemälda
869 1477 65 19 Stånd
