1142 1786
246 157 34 17 172

222 221 125 26 derigenom
364 220 68 19 skulle
447 219 89 26 afböjas.
566 219 111 26 Sjelffallet
692 220 67 20 skulle
776 221 26 25 pä
817 227 81 14 samma
917 221 56 26 gång

222 255 63 19 äfven
302 254 41 19 den
359 254 146 26 oegentlighet
520 254 100 25 upphöra,
636 260 44 13 som
697 261 27 12 nu
739 254 113 21 förefinnes
871 255 51 25 deri,
945 256 30 18 att

222 289 92 25 ändring
330 289 7 18 i
353 288 121 20 Guvernörs
498 288 68 26 utslag
581 289 7 18 i
605 288 40 19 mäl
670 289 23 19 af
713 289 160 25 ifrägavarande
892 289 81 20 beskaf-

223 322 73 20 fenhet
312 329 27 13 nu
356 322 69 24 sökes,
448 322 44 19 ifall
517 321 62 20 mälet
601 322 67 26 angär
683 322 87 20 rusthäll
785 323 52 19 eller
856 325 118 25 augments-

223 357 107 25 hemman,
347 357 5 19 i
368 356 84 20 Hofrätt
476 356 39 19 och
539 356 91 20 derefter
645 356 7 19 i
668 356 102 20 Senatens
785 356 190 27 Justitie-departe-

224 393 64 23 ment,
313 397 48 13 men
384 397 34 13 om
438 390 35 20 det
488 390 66 26 angär
569 392 64 18 annat
649 390 104 26 hemman,
769 390 131 20 omedelbart
918 391 6 19 i
940 390 35 20 Se-

224 427 75 17 natens
322 424 282 26 Ekonomie-departement,
629 424 35 20 vid
691 424 60 20 hvars
774 424 201 26 Finansexpedition

224 459 135 26 tjenstemän,
375 465 44 13 som
436 464 76 14 annars
528 458 57 20 torde
602 458 71 20 kunna
689 464 60 14 anses
765 458 116 27 umbärlige
893 462 36 16 äro
940 465 35 13 an-

224 492 76 20 ställde
318 492 30 20 för
366 492 61 20 dessa
443 492 52 20 måls
512 492 135 26 beredning.”

296 526 48 20 Med
361 526 115 26 anledning
500 526 61 19 häraf
577 526 36 20 har
629 526 56 20 Hans
701 526 119 27 Kejserliga
835 528 96 25 Majestät
947 527 30 19 till

224 561 119 20 Ständerna
366 560 64 21 aflätit
453 560 161 27 ifrågavarande
636 560 83 27 Nädiga
741 562 130 25 proposition
898 562 79 20 derom,

224 598 31 17 att
270 595 42 19 alla
328 595 90 19 emellan
435 595 136 19 innehafvare
587 595 22 19 af
624 595 111 25 kronojord
753 595 170 26 uppkommande
939 595 37 19 tvi-

225 632 49 22 ster,
291 636 45 12 som
352 629 56 26 angä
424 635 56 19 egor,
497 628 115 26 räskilnad,
629 628 124 20 fiskevatten
769 629 52 19 eller
841 629 135 26 gvarnställe,

225 664 61 19 skola
310 664 31 18 för
364 663 111 20 framtiden
499 663 23 19 af
539 663 106 19 allmänna
661 663 141 19 domstolarne
819 666 103 24 upptagas
939 664 38 19 och

226 698 92 26 afgöras,
341 698 110 19 hvaremot
473 698 57 19 Hans
552 697 119 26 Kejserliga
693 698 96 25 Majestät
810 698 68 19 funnit
897 698 45 19 skäl
959 698 18 26 ej

228 732 132 20 förekomma
383 732 30 19 till
436 732 128 20 Ständernas
579 727 154 24 ofvanberörda
747 732 88 26 petition
854 732 69 19 såvidt
938 732 39 19 den

227 766 56 20 afser
299 766 77 26 frågor,
392 772 44 13 som
453 768 47 17 röra
516 766 109 26 uppsigten
643 766 58 19 öfver
721 766 202 26 kronolägenheters
947 773 31 12 or-

222 800 100 27 "dentliga
340 800 136 20 bebrukande
492 800 51 20 eller
560 800 167 26 besittningsrätt
743 800 29 19 till
789 800 80 20 sådana
880 800 98 26 lägenhe-

228 837 38 23 ter,
283 835 61 19 deras
368 834 98 26 klyfning
489 834 37 20 och
552 834 121 19 belastande
693 834 46 19 med
756 834 92 26 sytning,
864 834 115 26 afhysning

227 869 46 19 från
298 869 46 19 dem
370 869 31 19 för
424 868 91 20 vanhäfd
536 868 38 20 och
590 870 127 18 ränterester
732 868 107 20 äfvensom
859 869 66 19 andra
941 868 38 19 lik-

229 903 73 20 artade
318 903 142 26 stridigheter.

298 971 53 20 Från
368 971 107 26 Kejerliga
490 970 101 20 Senatens
607 970 107 19 allmänna
730 970 69 19 kansli
814 971 37 18 har
867 970 113 26 Utskottet,

230 1006 54 19 efter
300 1005 61 26 gjord
379 1006 101 25 begäran,
495 1005 29 18 uti
540 1004 110 19 skrifvelse
666 1004 23 19 af
703 1005 39 18 den
761 1005 24 18 17
802 1004 6 19 i
820 1004 107 26 nysslidne
941 1005 39 19 må-

232 1040 39 19 nad
290 1040 38 19 fått
343 1041 107 24 emottaga
472 1038 25 20 de
514 1038 133 25 handlingar,
670 1045 44 12 som
730 1038 6 19 i
752 1038 91 19 Senaten
862 1038 121 19 tillkommit

232 1075 35 18 vid
284 1073 136 27 uppgörande
434 1073 108 19 derstädes
555 1072 21 19 af
587 1072 78 26 förslag
679 1072 30 19 till
725 1072 160 26 ifrågavarande
900 1073 83 26 Nådiga

231 1109 138 26 proposition,
381 1108 59 25 jemte
451 1107 35 19 det
499 1107 100 19 Utskottet
615 1107 116 19 meddelats
742 1106 151 20 underrättelse
901 1109 30 17 att
939 1113 42 13 om-

230 1143 96 25 röstning
342 1143 35 19 vid
394 1141 97 20 ärendets
508 1141 161 26 handläggning
688 1141 6 19 i
708 1141 90 19 Senaten
815 1140 46 20 icke
878 1141 105 22 förefallit.

300 1210 95 20 Delande
418 1210 40 18 den
482 1209 60 26 åsigt,
569 1215 44 13 som
633 1208 24 20 af
675 1208 81 20 landets
772 1208 89 20 Ständer
878 1208 34 20 vid
931 1209 50 19 1867

232 1246 32 19 års
281 1245 122 26 landtdag
396 1238 15 37 i
420 1246 71 17 ämnet
514 1243 109 24 uttalades,
647 1249 62 14 anser
731 1242 113 25 Utskottet,
868 1243 27 25 pä
918 1243 25 19 Je
964 1243 23 19 af

232 1279 118 20 Ständerne
376 1278 25 20 då
424 1277 125 20 framhällna
572 1277 53 26 skäl,
649 1277 35 20 det
707 1277 123 26 visserligen
854 1277 63 19 hafva
932 1277 52 23 varit

233 1313 99 26 önskligt,
349 1315 30 18 att
394 1312 48 19 icke
458 1312 52 19 blott
526 1313 72 18 tvister
614 1312 89 19 emellan
720 1311 135 20 innehafvare
872 1311 23 19 af
909 1311 76 19 krono-

231 1347 48 26 jord
296 1353 33 13 om
346 1353 56 20 egor,
426 1346 114 25 råskilnad,
563 1345 125 20 fiskevatten
713 1345 38 20 och
779 1345 134 26 qvarnställe,
937 1347 47 17 utan

234 1381 62 20 äfven
313 1381 73 19 tvister
402 1386 32 13 om
452 1380 134 25 besittnings-
603 1380 38 19 och
659 1379 134 26 lösningsrätt
814 1379 30 19 till
865 1379 120 19 kronorust-

235 1416 50 25 håll,
303 1415 133 25 besittnings-
460 1414 51 20 eller
526 1414 82 20 åborätt
624 1414 30 19 till
671 1413 166 25 kronohemman
857 1415 52 17 samt
925 1413 61 19 dessa

236 1450 134 26 lägenheters
386 1449 98 25 klyfning
499 1449 39 18 och
554 1448 114 26 afhysning
684 1447 44 20 från
745 1447 46 20 dem
809 1447 31 20 för
855 1447 90 19 vanhäfd
957 1447 29 19 äf-

237 1490 86 14 vensom
339 1483 69 26 frågor
424 1489 33 13 om
474 1483 60 19 deras
550 1483 122 19 belastande
689 1482 46 19 med
755 1481 86 26 sytning
861 1481 53 19 hade
934 1481 51 20 kun-
