1142 1786
861 162 34 17 469

164 227 33 18 2:0
213 225 123 26 Ersättning
351 225 48 19 icke
414 225 89 19 allenast
518 225 30 18 för
559 225 26 19 de
597 225 46 19 med
660 225 118 19 kontrollen

214 259 59 19 öfver
290 259 150 19 brännerierna
455 259 99 19 förenade
571 259 90 25 utgifter,
679 261 47 17 utan
739 259 38 19 ock

215 293 32 19 för
262 293 26 19 de
304 292 120 24 kostnader,
440 299 44 12 som
502 292 118 19 föranledas
635 293 23 18 af
667 292 54 19 ökad
734 293 45 18 tull-

216 326 39 20 och
266 332 69 14 annan
349 325 119 26 bevakning
478 325 30 20 till
519 326 172 20 förekommande
699 326 23 19 af
729 326 50 19 olof-

217 360 29 26 lig
258 360 92 24 införsel,
362 359 136 26 tillverkning
510 360 36 19 och
559 360 124 26 försäljning
691 360 23 19 af
721 360 59 19 brän-

217 394 34 18 vin
269 394 5 18 i
291 393 71 20 landet
387 408 4 4 .
422 408 4 4 .
458 408 4 4 .
494 408 3 4 .
529 408 4 4 .
635 409 3 3 E
776 409 4 4 .
821 394 94 25 140,000.

168 428 32 19 3:o
217 427 40 19 Till
274 429 60 17 ränta
349 428 40 18 och
404 427 129 26 amortering
548 409 23 38 af
584 408 25 38 de
624 408 50 39 med
683 408 98 39 Ständer-

218 467 37 13 nas
274 461 82 26 garanti
376 461 32 19 för
420 461 118 26 jernvägen
554 461 175 20 Riihimäki—S:t
745 462 36 18 Pe-

218 495 95 26 tersbaurg
324 495 46 19 med
380 494 140 20 Bankirhuset
529 501 39 13 von
578 495 103 26 Erlanger
692 496 15 19 &
713 495 70 19 Söhne

219 529 47 19 med
283 529 50 19 flere
348 528 103 20 afslutade
468 528 33 20 län
529 544 4 3 .
564 544 4 4 .
600 544 5 4 .
779 544 3 4 .
803 529 115 25 1,115,000.

170 563 33 19 4:o
220 562 42 20 Till
274 562 206 27 fängelseväsendets
491 562 114 25 ordnande,
617 544 30 38 att
658 544 67 45 enligt
735 544 45 45 Sty:

218 597 80 19 relsens
314 596 124 27 förfogande
454 596 126 20 användas
572 592 13 35 i
595 596 75 20 sädant
685 597 54 25 syfte
755 599 30 17 att

220 632 117 19 detsamma
360 631 40 19 kan
424 630 86 20 komma
529 632 30 18 att
578 632 105 18 motsvara
699 631 35 19 det
749 630 34 20 vid

219 665 128 26 landtdagen
371 665 137 19 1863—1864
527 666 91 24 antagna
634 671 41 19 nya
691 664 92 26 straffsy-

220 703 68 15 stem.
319 714 4 4 .
354 714 5 4 .
779 713 4 4 .
821 697 97 25 600,000.

171 734 33 18 5:o
220 733 41 19 Till
278 733 98 19 bildande
390 714 39 38 af
428 739 26 13 en
460 713 55 39 fond
527 714 30 38 till
566 713 135 39 betäckande
708 714 27 37 af
744 713 39 38 för-

221 767 71 25 luster,
308 773 43 13 som
368 767 72 19 kunna
454 766 90 26 uppstå
533 762 14 34 i
557 766 50 26 följd
623 766 24 20 af
659 766 81 20 inlösen
754 766 31 19 för

222 801 95 19 Kronans
337 801 90 25 räkning
447 800 23 20 af
483 800 165 27 donationsgods
664 801 5 19 i
688 800 97 26 Wiborgs

222 835 38 19 och
277 834 30 20 S:t
322 835 87 19 Michels
426 835 33 19 län
498 850 4 4 .
533 850 4 4 .
711 848 74 5 10
838 833 83 25 50,000.

175 870 33 18 6:o
224 869 40 19 Till
280 869 112 20 aflönande
408 869 22 20 af
444 868 45 21 bro-
505 868 40 20 och
560 849 130 46 skallfogdar
713 883 4 5 <
748 882 39 5 <.
827 867 96 25 -100,000.

703 913 84 20 Summa
803 912 120 25 2,665,000.

242 948 59 19 Hvad
318 948 23 19 af
353 947 162 26 ifrägavarande
532 947 155 20 bränvinsskatt
702 950 56 17 ännu
774 947 91 20 derefter
881 946 41 19 kan

173 981 77 20 återstå
272 982 92 19 fördelas
386 981 96 20 sålunda:
503 983 30 18 att
552 988 25 13 en
595 981 102 26 fjerdedel
713 981 22 20 af
749 981 39 20 den
805 980 118 26 inflytande

174 1015 190 25 bränvinsskatten,
388 1015 120 20 oberoende
527 1016 23 19 af
567 1018 66 17 större
649 1015 51 20 eller
717 1015 80 19 mindre
815 1014 108 20 bränvins-

174 1049 137 26 tillverkning
327 1049 12 19 &
354 1049 58 20 olika
426 1051 62 24 orter,
504 1049 27 26 pä
546 1049 67 26 grund
629 1050 22 19 af
665 1049 151 26 folkmängden
833 1048 91 19 fördelas

174 1083 90 19 emellan
280 1083 73 25 länen;
369 1084 39 19 och
424 1085 30 18 att
468 1083 24 20 af
505 1084 40 19 den
562 1083 87 20 sälunda
665 1084 72 25 hvarje
754 1083 32 19 län
799 1082 125 20 tillfallande

174 1117 62 19 andel
256 1124 25 13 en
302 1117 120 20 ättondedel
444 1117 127 20 förbehålles
587 1117 130 20 dervarande
734 1117 145 25 hushällnings
895 1116 29 19 el-

175 1151 30 20 ler
222 1151 222 26 landtbrukssällskap,
461 1151 31 20 till
508 1152 115 25 främjande
638 1153 21 18 at
670 1152 60 19 deras
741 1151 113 26 gagneliga
865 1150 59 19 sträf-

175 1185 90 25 vanden,
281 1185 110 19 hvaremot
406 1185 36 19 det
456 1185 133 20 äterstäende
605 1185 98 26 beloppet
717 1185 61 25 skall,
789 1185 54 19 efter
853 1184 72 19 ofvan-

175 1219 91 20 nämnda
282 1219 203 26 beräkningsgrund,
500 1220 27 25 gä
543 1219 29 20 till
589 1219 86 26 delning
691 1219 74 20 mellan
781 1218 68 20 länets
860 1218 65 19 stads-

175 1253 39 19 och
238 1253 193 25 landskommuner,
455 1253 31 20 för
509 1255 30 18 att
561 1253 23 20 af
605 1254 46 19 dem
673 1253 107 20 användas
796 1252 30 20 till
843 1252 83 26 nyttiga

176 1287 136 20 kommunala
328 1287 68 25 behof,
413 1293 43 14 som
474 1287 34 20 vid
524 1287 77 20 allmän
617 1290 89 17 stämma
722 1287 68 20 blifvit
805 1285 120 28 godkända.

346 1327 87 26 Enligt
452 1327 66 19 Hans
537 1327 145 26 Kejserliga
697 1327 130 40 Majostato
843 1325 82 26 Nädiga

262 1361 122 26 befallning,
395 1361 71 26 gifven
478 1361 6 18 i
496 1361 30 19 S:t
537 1361 125 26 Petersburg
675 1361 38 19 den
727 1355 12 34 %
725 1373 17 1 =
735 1378 7 11 ;
755 1360 98 20 Februari
867 1360 58 19 1872.

438 1405 73 21 ALEX.
535 1405 126 21 ARMFELT.

631 1473 36 20 Ch.
683 1473 48 20 Em.
747 1473 122 20 Frosterus.
