1142 1786
882 86 35 17 515

182 151 38 19 dra
235 149 83 26 stycket
333 149 6 19 i
355 149 96 26 enlighet
466 149 48 19 med
530 149 108 19 Professor
654 148 76 20 Cleves
741 149 131 19 reservation
885 151 54 17 samt

181 185 19 24 3,
216 185 19 24 4,
252 184 11 19 5
280 183 38 20 och
340 183 11 19 6
372 183 84 25 stycket
484 183 7 18 i
507 182 94 26 enlighet
626 183 46 19 med
698 182 150 26 betänkandet,
872 183 66 19 likväl

180 217 47 20 med
244 217 132 19 uteslutande
393 217 44 18 från
450 217 41 19 6:te
503 215 84 27 stycket
597 217 24 18 af
629 217 61 19 ordet
700 216 237 20 ”kommunalnämnd”.

180 251 37 19 har
237 251 108 19 förordnat
367 253 29 16 att
416 252 10 22 $
442 251 6 18 i
466 250 58 20 detta
542 250 55 25 syfte
613 250 67 20 skulle
697 250 155 25 omredigeras;
876 250 60 19 hvar-

178 285 66 24 jemte
260 284 89 20 Ståndet
366 285 65 18 under
448 287 9 21 $
474 285 26 19 59
516 284 91 23 beslutit,
624 286 29 17 att
669 284 152 26 utminutering
837 284 24 19 af
874 284 61 19 brän-

182 318 35 19 vin
233 318 48 20 icke
297 318 67 19 skulle
381 318 46 20 med
445 318 68 26 någon
531 318 56 19 skatt
607 318 107 25 beläggas.

249 352 170 20 Vidkommande
444 352 52 20 först
518 352 36 20 det
575 352 24 19 af
622 352 138 27 Högvördiga
779 352 158 20 Presteståndet

182 386 79 20 fattade
277 386 68 20 beslut
368 392 32 14 om
420 386 124 26 ovilkorligt
564 386 74 20 förbud
655 386 32 20 för
701 387 121 19 inrättande
838 386 23 20 af
875 388 60 18 utmi-

182 420 184 26 nuteringsställen
382 420 12 20 &
409 420 79 24 landet,
505 420 23 20 så
543 420 60 20 torde
619 420 122 26 detsamma,
759 421 68 19 såsom
840 420 47 20 icke
899 428 36 12 un-

182 454 96 20 derstödt
293 455 19 19 af
328 454 26 20 de
370 454 66 20 andra
451 454 100 26 Stånden,
568 454 51 20 böra
635 454 88 20 förfalla.

249 488 59 20 Hvad
324 488 64 20 sedan
405 488 66 26 angår
488 488 39 20 den
544 488 23 20 af
581 488 108 20 Utskottet
708 488 121 27 föreslagna
845 489 89 19 utminu-

178 522 145 26 teringsskatt,
340 522 22 20 så
378 522 38 20 och
433 522 27 20 då
475 522 35 20 två
526 522 64 20 Stånd
607 522 48 20 icke
665 522 75 20 bifallit
748 522 30 20 till
794 522 67 26 sagda
871 522 64 26 skatt,

180 562 46 13 men
244 556 35 19 två
294 556 96 21 deremot
404 557 83 20 förenat
502 557 32 26 sig
550 563 34 14 om
601 557 47 20 dess
665 557 121 26 utgörande,
803 558 31 19 får
848 556 85 21 Utskot-

179 593 35 21 tet,
231 591 47 19 med
295 591 100 19 afseende
411 591 57 19 såväl
485 591 51 19 derå
551 593 29 17 att
596 591 27 19 de
639 591 35 19 två
694 591 71 25 Stånd,
789 591 74 19 hvilka
881 591 52 25 god-

179 624 51 19 känt
246 624 89 20 berörde
351 624 62 26 skatt,
429 627 84 17 stannat
527 625 11 29 i
550 625 58 19 olika
623 625 74 25 beslut,
713 625 90 19 rörande
819 627 63 17 sättet
901 625 32 19 för

178 658 48 20 dess
242 659 165 25 bestämmande,
424 665 44 13 som
484 659 40 20 ock
542 659 50 20 derå
607 661 30 17 att
660 659 64 26 sagde
747 659 57 19 skatt
822 662 23 16 är
861 666 25 12 en
904 666 27 18 ny

179 692 82 26 pålaga,
278 692 86 20 hvilken
381 693 18 25 ej
416 692 88 20 heller
500 688 15 35 i
526 693 40 19 den
590 693 83 25 Nådiga
697 693 157 26 propositionen
878 693 53 19 före-

178 727 80 26 slagits,
274 727 154 19 vördsammast
442 727 88 25 inbjuda
544 727 137 26 Högvördiga
696 727 81 20 Preste-
793 727 39 19 och
852 727 79 19 Vällof-

178 760 44 26 liga
237 760 182 26 Borgarestånden
655 785 2 2 N

280 796 33 18 att
330 794 85 26 förena
436 795 34 27 sig
486 794 48 21 med
555 794 129 28 Höglofliga
710 794 160 27 Ridderskapet
893 794 38 21 och

280 828 85 20 Adelns
388 830 55 19 samt
465 828 145 21 Hedervärda
632 828 175 21 Bondeständets
829 829 9 19 i
861 829 70 20 denna

282 862 35 20 del
327 863 86 26 jemväl
431 862 48 21 med
499 863 41 20 den
564 862 90 28 Nädiga
673 863 165 26 propositionen
861 862 71 27 öfver-

282 897 173 20 ensstämmande
478 896 73 25 beslut,
575 897 36 20 det
633 897 72 26 någon
726 896 205 27 utminuteringsaf-

282 930 72 27 afgift
370 930 46 21 icke
432 930 57 21 skall
504 937 40 21 ega
558 937 55 14 rum.

247 965 135 20 Beträffande
398 965 64 20 sedan
479 967 62 18 sättet
556 965 52 20 huru
623 965 101 26 rättighet
738 964 31 19 till
781 964 150 26 utminutering

178 999 40 20 och
234 999 145 26 utskänkning
395 999 23 19 af
432 999 87 20 bränvin
536 999 53 20 skall
610 999 73 19 vinnas
702 999 24 19 sä
742 999 62 19 hafva
819 1000 30 17 tre
865 997 64 20 Ständ

179 1033 95 25 beslutat,
298 1035 30 17 att
350 1033 72 20 denna
444 1033 100 26 rättighet
565 1033 48 20 icke
636 1033 37 20 bör
697 1033 12 19 &
731 1032 87 20 auktion
834 1031 97 26 utbjudas

177 1069 49 18 utan
242 1067 24 20 af
279 1067 161 20 vederbörande
463 1067 124 26 myndighet
610 1067 53 20 efter
689 1066 119 27 ansökning
836 1066 95 25 beviljas,

178 1101 115 26 hvarjemte
309 1101 139 27 Högvördiga
463 1101 81 20 Preste-
561 1101 38 20 och
616 1101 136 20 Hedervärda
767 1099 162 21 Bondeständen

177 1135 113 26 förordnat,
306 1138 30 17 att
351 1135 240 27 utskänkningsskatten
607 1135 65 20 borde
691 1135 6 19 i
717 1134 152 26 sammanhang
884 1134 45 19 der-

178 1170 48 19 med
249 1169 133 26 bestämmas,
406 1169 27 20 dä
457 1170 95 20 deremot
573 1169 121 27 Höglofliga
714 1168 155 26 Ridderskapet
891 1168 39 19 och

176 1203 69 20 Adeln
266 1206 54 17 samt
342 1204 115 26 Vällofliga
480 1203 177 27 Borgareständet
681 1203 75 20 fixerat
779 1202 65 26 sagde
868 1201 62 26 skatt,

176 1238 146 19 förstnämnda
336 1237 64 20 Stånd
417 1238 57 19 efter
490 1239 28 19 40
533 1238 39 19 och
588 1236 178 28 Borgareständet
781 1236 53 20 efter
842 1236 26 19 20
879 1242 49 19 pen-

177 1272 21 19 ni
214 1278 36 19 per
266 1271 77 20 kanna.

245 1305 59 21 Dock
322 1305 36 20 bör
374 1306 73 19 härvid
463 1305 121 27 anmärkas,
600 1307 29 18 att
646 1305 135 20 Hedervärda
801 1303 130 20 Bondestän-

176 1340 36 19 det
228 1340 65 19 under
309 1342 9 22 $
336 1340 25 19 50
378 1340 6 19 i
400 1340 128 26 motsägelse
553 1342 42 17 mot
618 1339 47 20 dess
689 1337 153 22 ofvananförda
865 1337 68 20 beslut

176 1374 66 19 under
258 1376 9 21 $
284 1374 25 19 47
323 1374 79 25 jemväl
420 1374 76 20 fixerat
513 1373 238 27 utskänkningsskatten
776 1372 31 19 till
823 1371 26 20 40
868 1371 63 26 penni

176 1414 37 19 per
229 1407 76 20 kanna.
