1142 1786
245 414 133 18 Relation
400 411 31 20 till
452 411 88 20 Finlands
560 411 22 20 år
599 409 46 22 1872
666 411 115 21 församlade
799 412 82 20 Ständer
899 418 31 14 om

176 445 127 21 Statsverkets
318 445 91 20 tillstånd.
428 441 7 35 =
441 445 84 26 Afgifven
542 445 21 20 af
576 445 210 27 Finans-expeditionen
801 446 6 20 i
824 446 106 26 Kejserliga

176 480 80 20 Senaten
272 480 30 20 för
318 479 84 25 Finland,
418 479 36 20 den
471 478 25 21 20
512 479 80 20 Januari
607 478 52 22 1872.

703 532 30 20 På
747 532 126 26 befallning:

690 566 83 20 Julius
788 565 93 21 Thilén.

246 634 72 20 Såsom
340 634 134 26 fortsättning
494 634 23 19 af
535 634 39 19 den
595 634 95 26 relation,
706 634 111 26 angående
833 636 97 18 statsver-

179 668 45 20 kets
240 668 100 25 tillstånd,
359 674 42 13 som
419 668 39 19 den
476 668 26 20 22
518 668 100 20 Februari
638 668 51 19 1867
701 668 93 26 afgifvits
806 668 30 19 till
848 668 82 20 landets

176 708 80 14 samma
272 702 22 19 år
310 702 126 20 församlade
457 702 96 22 Ständer,
573 702 140 20 öfverlemnas
734 709 33 19 nu,
785 702 26 26 på
826 702 67 26 grund
910 702 23 19 af

176 736 26 19 27
218 738 10 22 $
244 736 6 19 i
266 736 83 26 Nädiga
364 736 240 26 Landtdagsordningen
621 736 41 20 den
679 736 10 19 3
707 737 46 24 (15)
769 736 62 26 April
849 736 62 20 1869:

246 769 28 25 A)
290 770 200 26 Kapitalräkningar
511 770 31 19 för
564 770 49 20 åren
636 770 59 25 1864,
717 770 60 20 1865.
799 770 59 25 1866,
877 770 52 20 1867

176 804 40 20 och
234 804 59 19 1868.

245 838 25 24 B)
287 838 143 20 Summariska
446 838 114 26 räkningar
576 838 31 20 för
623 838 49 20 ären
693 838 51 20 1869
761 838 39 19 och
819 838 60 19 1870.

244 872 27 24 C)
287 872 78 26 Kalkyl
388 872 59 20 öfver
470 872 115 20 Allmänna
605 872 141 20 statsfondens
763 871 116 32 jilgängar
899 872 30 19 till

176 905 134 21 bestridande
328 906 22 19 af
365 906 49 19 1871
434 905 33 20 års
484 908 60 17 extra
560 905 90 27 utgifter.

243 940 28 23 D)
287 939 31 20 De
338 939 23 20 af
378 939 56 20 Hans
454 939 120 26 Kejserliga
592 939 95 26 Majestät
704 940 6 19 i
726 939 71 20 Näder
813 939 117 20 fastställda

176 973 156 26 statsförslagen
350 973 58 19 öfver
424 973 113 20 Allmänna
554 973 64 20 Stats-
635 975 52 17 samt
703 973 179 20 Militiefonderne
897 974 33 19 för

176 1008 22 19 år
216 1008 59 19 1871.

244 1041 27 24 E)
287 1041 121 20 Relationer
432 1048 33 12 om
491 1041 219 26 bevillningsmedlen,
737 1041 192 27 bränvinsskatten,

176 1075 80 20 inlösen
276 1075 23 20 af
317 1075 249 26 lägenhetsinnehafvare
589 1075 93 26 tillhörig
703 1075 226 27 bränvinsbrännings-

176 1109 97 26 redskap,
290 1108 388 27 lagmanstingsgästningsspanmälen
695 1109 38 19 och
750 1109 150 20 statsskulden.

245 1143 174 26 Anmärkning
437 1143 16 18 1.
485 1143 8 18 I
510 1142 223 27 kapitalräkningarne
749 1143 50 26 ingå
815 1143 57 20 såväl
885 1143 43 20 All-

177 1180 76 16 männa
273 1177 145 19 Statsfondens
440 1182 44 14 som
505 1176 165 20 Militiefondens
689 1176 92 20 inkomst
801 1177 39 19 och
862 1178 67 26 utgift.

176 1211 89 20 emedan
282 1217 25 13 en
324 1210 32 20 del
374 1210 22 20 af
410 1210 120 20 inkomsten
547 1212 132 25 gemensamt
694 1210 103 27 uppbäres
814 1211 39 19 och
869 1212 60 20 redo-

176 1245 62 25 visas,
259 1245 105 19 hvarefter
385 1244 65 26 liqvid
471 1244 90 19 emellan
581 1244 54 19 båda
651 1244 102 20 fonderna
769 1244 80 27 årligen
868 1245 59 20 verk-

177 1279 77 20 ställes.
285 1278 143 21 Summariska
443 1278 149 26 räkningarne.
614 1285 44 12 som
674 1281 104 24 uppgöras
795 1279 30 19 till
842 1279 87 26 ledning

177 1313 34 20 vid
228 1313 138 26 upprättande
387 1313 23 19 af
427 1312 152 26 statsförslaget
599 1312 32 19 för
651 1312 112 20 Allmänna
786 1313 143 26 Statsfonden,

177 1350 92 23 upptaga
284 1347 92 19 inkomst
392 1347 38 19 och
447 1346 61 26 utgift
524 1346 73 19 endast
613 1346 31 19 för
661 1346 68 19 denna
745 1347 56 19 fond.

246 1380 174 26 Anmärkning
435 1381 19 18 2.
485 1380 93 19 Emedan
599 1380 6 19 i
625 1380 136 19 statsverkets
785 1380 144 27 räkenskaper

178 1415 30 20 för
225 1415 72 26 hvarje
314 1415 22 19 år
351 1414 66 19 måste
434 1414 50 26 ingå
498 1414 62 19 äfven
575 1414 41 19 den
628 1413 33 20 del
673 1414 22 19 af
704 1414 55 19 årets
770 1415 103 25 uppbörd,
885 1421 43 14 som

178 1449 50 20 först
244 1449 66 20 under
326 1449 54 19 förra
396 1448 79 19 hälften
492 1448 22 19 af
528 1448 35 19 det
573 1447 94 26 följande
679 1447 42 20 äret
735 1448 130 25 verkställes,
878 1449 50 19 kun-

178 1489 26 13 na
224 1483 172 25 räkenskaperne
416 1481 47 20 icke
484 1481 85 20 afslutas
590 1481 68 19 förrän
676 1481 39 20 den
734 1483 8 17 1
759 1482 50 25 Juli,
827 1483 38 18 och
882 1483 26 19 dä
923 1483 5 18 i

1130 402 9 11 24
