1142 1786
247 154 34 18 398

224 217 50 20 bära
289 217 58 26 tolag
362 217 31 19 till
409 217 195 20 vidmakthållande
620 218 23 19 af
656 218 100 26 bryggor,
771 218 94 26 packhus
881 219 40 20 och
935 219 36 26 dy-

224 251 45 20 lika
284 251 79 26 nödiga
386 250 130 27 byggnader,
540 258 47 13 men
611 251 96 20 deremot
726 252 67 20 andra
809 253 78 25 städer,
903 253 74 19 hvilka

225 285 55 19 dock
304 291 50 13 voro
377 285 32 19 till
434 291 80 13 samma
529 285 150 21 omkostnader
700 286 125 26 förbundna,
841 287 93 19 saknade
950 293 26 13 en

225 318 65 20 sådan
306 318 100 26 inkomst,
422 318 24 20 så
460 319 54 19 hade
530 320 127 26 regeringen
673 320 68 19 funnit
752 320 50 26 godt
814 320 89 20 förunna
913 320 62 20 äfven

225 353 48 19 dem
290 359 26 13 en
332 353 42 19 viss
392 353 64 25 tolag,
475 353 97 20 hvarföre
591 354 241 26 Kommers-Kollegium
851 354 126 20 anbefalltes

225 389 31 17 att
270 386 90 26 tillägga
372 387 79 25 jemväl
467 387 130 20 sistnämnde
613 388 138 26 stapelstäder
767 388 57 26 tolag
843 388 32 19 till
894 388 83 26 belopp,

226 428 45 13 som
294 421 22 19 af
336 420 121 27 Kollegium
481 422 112 25 pröfvades
616 422 75 26 billigt,
707 422 51 20 eller
774 422 7 20 i
800 422 131 20 förhållande
946 422 31 20 till

226 455 56 20 hvad
305 455 66 20 andra
393 455 71 20 städer
481 456 86 26 åtnjöto.
598 455 45 21 Och
659 456 61 20 äfven
736 456 241 27 ingvarteringstolagen

226 489 47 20 blef
293 489 98 27 samtlige
413 490 141 26 stapelstäder
575 490 118 26 återgifven
709 496 77 20 genom
802 490 75 26 Kongl.
897 490 81 20 brefvet

226 524 32 19 till
274 523 243 27 Kommers-Kollegium
533 524 23 19 af
569 524 40 20 den
627 524 11 20 3
655 524 41 26 Maj
714 525 61 25 1718,
797 524 82 20 hvilket
895 524 82 27 ytterli-

226 564 51 20 gare
299 557 135 21 bekräftades
457 558 89 19 medelst
568 558 144 20 resolutionen
736 558 27 27 på
779 558 107 21 städernas
903 558 75 21 besvär

226 592 24 19 af
271 591 41 20 den
337 593 25 18 16
386 591 94 20 Oktober
504 593 61 19 1723.
595 593 48 19 Men
662 593 65 19 ehuru
743 593 36 19 det
793 592 27 26 på
839 593 140 25 nyssnämndt

227 628 42 17 sätt
284 626 70 19 blifvit
368 626 24 19 af
407 626 127 26 regeringen
554 626 32 19 till
603 626 240 26 Kommers-Kollegium
867 626 110 20 öfverlem-

227 660 51 20 nadt
293 662 31 18 att
338 660 118 20 bestämma
470 660 52 19 huru
538 660 41 26 hög
595 660 57 26 tolag
667 660 73 26 hvarje
756 660 45 20 stad
817 660 56 26 finge
892 660 85 26 åtnjuta,

227 694 126 20 förordnade
365 689 71 25 likväl
451 694 126 27 regeringen
593 697 58 17 snart
666 695 98 25 derefter,
781 695 51 19 eller
843 701 76 20 genom
934 694 48 20 bref

227 728 31 19 till
281 734 81 14 samma
384 728 120 26 Kollegium
524 728 22 20 af
560 729 40 19 den
617 729 26 20 28
659 729 100 20 Februari
777 729 52 19 1717
845 730 31 18 att
892 729 85 26 tolagen

228 762 58 20 såväl
301 762 7 19 i
324 762 130 26 Stockholm,
474 768 42 14 som
536 762 69 27 öfriga
622 763 139 26 stapelstäder
777 763 67 20 skulle
862 765 75 25 utgöra
952 770 26 12 en

227 798 89 24 procent
338 796 23 20 af
381 796 151 20 inkommande
554 796 135 21 tillarbetade
704 799 53 18 samt
773 797 104 27 utgående
893 797 86 19 råvaror

228 830 40 20 och
291 837 26 13 en
339 830 47 24 half
406 832 88 24 procent
514 831 22 19 af
550 830 152 21 inkommande
717 831 86 21 råvaror
819 832 39 19 och
874 831 104 27 utgående

228 864 133 20 tillarbetade
384 864 52 20 eller
458 864 131 20 fabricerade
613 872 67 13 varor.
715 865 94 27 Tolagen
826 865 45 20 blef
888 866 91 19 derefter

229 898 66 19 under
318 898 69 26 någon
413 898 30 19 tid
466 898 31 19 till
513 898 99 26 beloppet
626 899 96 19 bestämd
738 899 6 19 i
760 899 152 26 sammanhang
931 899 46 19 med

227 932 140 19 tulltaxornas
382 931 132 27 utfärdande,
538 933 105 26 nämligen
660 933 29 19 uti
713 933 128 20 tulltaxorna
859 933 23 20 af
895 933 40 20 den
952 933 25 19 26

228 966 61 26 April
312 966 39 19 och
367 967 13 19 2
394 966 50 19 Juni
462 967 52 19 1739
538 967 31 19 till
592 973 26 13 en
641 969 87 24 procent
747 967 32 19 för
795 967 84 20 råvaror
897 967 40 20 och
953 974 24 13 en

228 1000 47 20 half
288 1002 88 24 procent
391 1000 32 19 för
438 1000 132 20 tillarbetade
586 1001 38 19 och
641 1001 130 20 fabricerade
791 1007 68 20 varor,
882 1007 44 14 som
943 1008 35 13 ex-

228 1036 102 24 porteras,
353 1036 53 17 samt
429 1034 35 19 tvä
486 1036 88 24 procent
596 1035 31 19 för
644 1035 131 20 tillarbetade
791 1035 39 20 och
846 1041 33 18 en
892 1037 87 24 procent

228 1068 33 19 för
283 1068 92 26 rävaror,
398 1074 44 14 som
463 1068 130 26 importeras,
609 1070 54 18 samt
677 1069 7 19 i
700 1069 111 20 enahanda
826 1071 61 18 taxor
902 1069 23 20 af
938 1070 40 19 den

228 1102 27 19 26
271 1102 61 26 April
358 1103 52 18 1770
433 1102 39 19 och
497 1103 24 19 15
541 1103 101 19 Februari
659 1103 60 26 1771,
736 1103 27 20 d&
778 1103 138 20 nästnämnde
932 1110 46 19 pro-

228 1137 128 26 centbelopp
372 1136 23 19 af
408 1136 26 20 de
449 1136 31 19 in-
496 1137 39 19 och
551 1136 105 27 utgående
672 1143 100 13 varornas
788 1137 86 20 värden.
884 1137 94 20 bibehöl-

228 1171 32 19 los
276 1170 142 25 oförändradt,
442 1171 48 19 med
513 1171 36 20 det
570 1171 74 26 tillägg
667 1171 65 20 likväl
751 1171 7 19 i
777 1171 130 20 sistnämnde
929 1173 50 18 taxa

228 1206 32 18 att
274 1204 7 19 i
298 1204 57 20 detta
370 1204 100 20 afseende
487 1204 53 20 dock
557 1204 54 20 skall
626 1204 105 27 iakttagas
747 1204 36 20 allt
795 1205 54 19 hvad
863 1205 32 19 för
905 1205 73 26 hvarje

228 1239 46 19 stad
298 1238 100 20 särskildt
416 1239 99 26 stadgadt
534 1241 34 23 är;
589 1239 65 20 hvarä
669 1239 6 19 i
691 1239 102 19 tulltaxan
809 1239 24 20 af
845 1239 40 20 den
903 1239 11 20 6
930 1239 49 20 Juni

230 1273 55 20 1782
300 1273 118 20 förordnats
434 1275 30 17 att
480 1273 83 27 tolagen
579 1273 66 20 borde
660 1273 105 26 uppbäras
781 1273 53 20 efter
849 1273 36 20 det
900 1274 6 19 i
925 1280 53 13 sam-

228 1313 35 13 ma
285 1309 50 17 taxa
356 1307 79 20 utsatta
457 1307 71 26 värde,
552 1309 48 18 utan
617 1309 30 18 att
661 1307 66 20 likväl
743 1313 33 14 om
791 1307 189 27 procenfbeloppet

229 1341 63 20 deraf
312 1336 65 31 något
399 1341 117 26 stadgande
532 1341 86 20 dämera
639 1341 126 26 meddelats;
780 1341 40 20 och
836 1341 37 20 har
888 1341 91 20 derefter

229 1375 69 26 dylikt
320 1375 159 19 bestämmande
502 1375 93 20 hvarken
619 1381 34 14 om
676 1375 74 20 värdet
775 1375 52 20 eller
846 1375 98 26 beloppet
959 1376 23 19 af

228 1408 86 26 tolagen
329 1408 7 19 i
352 1408 128 20 tulltaxorna
495 1409 73 26 ingått,
585 1411 48 18 utan
650 1409 122 20 densamma
782 1409 70 19 blifvit
862 1409 31 19 för
907 1409 72 26 hvarje

228 1442 101 20 särskildt
344 1443 43 26 fall,
403 1442 55 26 uppå
474 1442 71 20 derom
562 1443 60 26 gjord
638 1443 119 26 ansökning
773 1443 39 20 och
827 1443 28 26 på
873 1443 68 26 grund
959 1443 23 20 af

229 1476 154 20 ofvanberörde
400 1467 84 39 Kongl.'
495 1477 47 19 bref
554 1477 41 19 den
615 1477 24 19 21
662 1471 124 31 September
810 1477 61 25 1715,
893 1477 24 19 af
937 1479 42 24 sty-
