1142 1786
260 163 33 18 274

240 226 124 27 uppbudets
374 226 145 24 meddelande,
537 226 107 19 hvarinom
663 226 112 20 bördeman
797 227 53 25 egde
870 227 67 19 utföra
960 226 31 19 sin

240 260 128 23 bördstalan,
391 260 66 19 måste
479 259 77 20 förlora
579 259 26 20 all
629 259 116 26 betydelse,
769 260 39 19 och
829 267 77 19 genom
923 260 69 20 denna

240 294 188 25 tidsbestämnings
444 294 148 19 bibehållande
609 293 102 26 lagfarten
737 296 47 17 utan
805 294 45 19 skäl
868 294 124 25 fördröjdes,

241 328 63 19 hafva
319 328 117 19 Ständerna
452 331 68 16 ansett
536 328 25 19 de
579 327 27 19 uti
623 328 64 25 sagde
704 329 9 22 $
733 325 175 22 förekommande
927 328 64 19 orden

240 362 54 19 ”toll
307 362 90 18 veckor”
414 362 50 18 böra
480 361 43 19 från
540 363 10 22 $
567 361 98 19 uteslutas
681 362 39 19 och
737 362 6 18 i
759 362 69 19 stället
844 362 64 19 orden
931 362 62 26 ”fjor-

241 399 34 16 ton
293 396 85 25 dagar”,
403 396 51 19 eller
477 396 40 19 den
534 396 28 18 tid
585 396 52 18 efter
653 396 67 24 tredje
737 396 114 25 uppbudet,
867 397 56 18 inom
941 396 51 19 hvil-

242 430 40 19 ken
300 429 141 19 viderboende
458 430 38 19 och
513 429 62 26 nabo,
591 429 26 26 på
633 432 39 16 sätt
689 429 53 19 förut
759 429 68 20 blifvit
842 430 81 25 antydt,
939 430 54 26 egde

243 463 82 19 bevaka
341 464 30 18 sin
388 463 63 25 talan,
468 464 92 19 insättas.

311 497 29 19 På
358 498 66 25 grund
444 498 22 18 af
484 498 52 18 hvad
552 498 6 18 i
575 498 152 19 ofvanstående
743 498 64 19 måtto
823 498 82 19 anfördt
926 498 66 18 blifvit

243 531 50 19 böra
309 531 117 19 Ständerna
442 531 82 19 derföre
540 532 6 18 i
563 531 168 26 underdånighet
746 532 84 19 anmäla
849 533 30 17 att
897 532 39 19 den
953 531 40 19 Nå-

242 565 50 26 diga
315 565 157 26 propositionen
495 566 18 25 ej
539 565 77 20 kunnat
639 565 126 20 oförändrad
784 568 93 24 antagas,
900 567 49 18 utan
965 568 28 17 att

242 599 118 19 Ständerna
376 599 78 19 förenat
473 599 30 25 sig
520 605 32 13 om
569 599 92 25 följande
677 599 141 26 stadganden:

416 645 43 24 1:0)
476 644 195 27 Bestämningarne
688 644 7 20 i
706 644 113 20 allmänna
830 644 63 27 lagen
902 644 94 20 rörande

346 678 52 24 dem,
422 684 45 14 som
491 680 43 18 rätt
557 678 34 20 till
610 678 53 20 börd
682 684 45 20 ega,
743 678 83 20 ändras
845 678 102 25 sålunda,
963 680 33 18 att

347 711 41 20 slik
411 714 44 18 rätt
478 712 127 20 tillkommer
628 712 75 20 endast
723 712 108 27 säljarens
847 712 61 25 barn,
919 711 76 27 föräl-

348 745 54 20 drar
417 745 37 20 och
469 746 84 26 syskon.

416 779 45 27 2:0)
477 779 76 27 Enligt
564 780 171 26 propositionen.

416 813 44 26 3:0)
475 812 77 28 Enligt
564 813 171 27 propositionen.

417 847 43 26 4:0)
476 847 76 27 Enligt
564 847 170 27 propositionen.

523 903 191 20 Jordabalken.

577 955 14 18 3
608 953 56 27 Kap.

456 999 156 32 Öfverskriften
618 1011 5 12 :

421 1038 75 27 [enligt
508 1039 170 26 propositionen.

596 1089 15 27 $
626 1091 19 18 1.

418 1135 77 26 Enligt
507 1135 169 26 propositionen.

595 1186 16 26 $
625 1187 22 19 2.

420 1230 76 27 Enligt
508 1231 170 26 propositionen.

579 1289 14 18 4
609 1287 57 27 Kap.

597 1339 16 26 $
627 1341 22 18 2.

419 1383 63 25 Jord,
499 1383 39 20 hus
555 1383 36 20 och
607 1386 52 18 tomt
676 1384 8 19 i
698 1384 83 25 staden,
797 1390 44 14 som
856 1384 71 27 säljes,
943 1376 57 29 skall

352 1417 37 20 ock
405 1417 129 26 offentligen,
554 1417 36 20 vid
608 1419 72 25 öppna
700 1418 85 25 dörrar,
807 1418 12 19 å
838 1417 114 28 Rådstuga
969 1421 31 18 tre

352 1451 122 26 måndagar
497 1451 128 27 uppbjudas,
648 1451 51 28 fyra
724 1451 73 21 veckor
824 1453 91 19 emellan
938 1453 62 20 hvart

351 1484 94 27 uppbud.
475 1485 76 20 Faller
566 1485 103 27 helgedag
681 1486 22 19 in
714 1486 13 19 a
735 1485 155 27 uppbudsdag;
906 1486 29 20 då
945 1487 54 26 full-
