1142 1786
240 162 34 17 542

533 225 92 20 Artikel
640 225 27 20 IL

326 275 44 20 Om
392 275 96 27 tillsyn
510 275 42 20 vid
575 275 128 21 bränvins
723 275 180 27 tillverkning
927 275 46 21 och

558 314 181 28 distillering.

613 371 16 27 $
646 373 36 20 23.

399 416 42 21 Vid
465 415 74 29 hvarje
562 416 105 21 bränneri
691 416 63 26 skall,
777 416 29 21 dä
827 416 91 21 bränvin
937 416 38 20 der

328 450 112 22 tillverkas
455 450 52 21 eller
522 450 125 26 distilleras,
662 458 54 14 vara
732 451 97 21 anställd
844 458 25 14 en
881 450 94 22 kontrol-

328 486 40 26 lör,
392 485 38 21 der
452 485 20 27 ej
487 485 57 27 flere
566 484 128 21 brännerier
712 485 74 21 kunna
802 486 69 20 under
886 485 89 27 uppsigt

326 519 30 27 af
374 526 27 14 en
418 526 120 20 gemensam
561 519 121 21 kontrollör
697 520 83 20 ställas.
810 519 165 26 Kontrollören,

326 560 46 15 som
387 553 29 25 af
426 552 150 29 Länestyrelse
591 556 90 25 antages
691 553 42 28 för
743 553 73 29 hvarje
827 554 84 25 termin,
927 553 48 21 der-

326 588 70 20 under
420 587 241 28 bränvinstillverkning
683 592 26 16 är
732 589 90 25 tillåten,
842 588 94 20 erhåller
951 587 29 27 af

326 621 86 21 kronan
435 621 78 21 arvode
537 622 47 20 med
606 622 66 20 minst
695 624 46 19 ätta
764 622 37 21 och
816 622 62 28 högst
894 622 82 26 femton

327 655 63 21 mark
400 655 41 27 för
456 656 84 27 dygnet,
556 655 88 21 hvarom
658 656 155 28 Länestyrelse,
829 656 48 21 med
894 656 83 27 afseen-

328 690 26 20 de
369 690 14 20 &
400 692 35 18 det
452 689 42 27 för
513 689 124 22 bränneriet
658 690 111 28 medgifna
793 690 184 28 tillverkningsbe-

329 724 51 27 lopp
396 723 38 21 och
449 724 71 20 andra
532 723 166 27 förhällanden,
715 731 48 21 eger
773 726 102 19 närmare
886 724 91 20 bestäm-

328 765 42 18 ma,
387 760 56 18 samt
458 757 30 27 af
500 758 247 26 bränvinstillverkaren,
771 760 54 19 utan
848 758 128 27 ersäitning,

329 791 157 25 husmanskost,
504 792 66 27 jemte
593 792 83 26 enskilt,
699 792 124 26 möbleradt,
849 792 128 27 anständigt

330 826 142 27 boningsrum
486 826 47 21 med
548 828 77 24 värme,
641 827 50 27 ljus,
706 826 137 28 uppassning
863 826 38 20 och
916 826 61 20 nödi-

329 866 29 21 ga
381 860 105 24 tillbehör,
510 861 14 20 å
545 861 73 20 stället
637 861 38 20 der
698 860 123 21 bränneriet
844 862 27 18 är
889 860 88 27 beläget.

330 894 116 21 Dessutom
468 894 118 27 berättigas
605 894 121 21 kontrollör
744 897 33 18 att
792 895 87 27 åtnjuta
897 894 81 27 skjuts-

331 928 48 27 lega
404 928 38 21 och
464 928 187 27 dagtraktamente
673 924 66 32 enligt
762 929 87 20 åttonde
869 928 110 21 klassen
967 920 15 40 i

330 963 104 26 gällande
448 963 177 27 resereglemente,
637 965 41 25 för
687 963 58 27 färd
755 963 58 27 från
823 963 88 20 hemvist
921 963 58 20 inom

331 997 59 20 länet
404 997 60 25 eller,
480 1003 33 14 om
528 997 45 20 han
589 997 96 20 derutom
699 999 27 18 är
741 997 75 26 bosatt,
839 996 53 25 från
910 997 69 20 dettas

330 1032 68 26 gräns
414 1031 35 20 till
465 1031 122 21 bränneriet
603 1031 38 21 och
656 1031 45 21 lika
717 1031 98 21 tillbaka.

621 1077 16 27 $
651 1078 37 20 24.

400 1121 76 22 Innan
490 1122 122 21 kontrollör
626 1122 35 21 sin
677 1121 122 28 befattning
814 1122 117 27 tillträder,
942 1121 37 21 bör

332 1155 45 22 han
392 1157 88 27 aflägga
496 1156 102 27 tjensteed
619 1157 105 26 antingen
749 1156 62 27 inför
829 1155 151 28 Länestyrelse

332 1191 53 20 eller
400 1191 120 27 Magistrat
535 1191 8 19 i
558 1192 109 19 närmaste
681 1190 57 26 stad,
753 1192 56 18 samt
829 1189 29 27 af
875 1189 105 28 Länesty-

332 1225 70 21 relsen
412 1224 74 28 förses
502 1224 47 21 med
558 1224 41 28 för
613 1224 132 28 sysslandets
759 1223 169 28 handhafvande
943 1226 38 19 nö-

333 1259 52 28 diga
401 1259 33 20 läs
450 1259 38 20 och
500 1258 280 28 profningsinstrumenter,
797 1258 72 21 hvilka
881 1259 32 27 pä
931 1258 50 21 kro-

333 1300 57 14 nans
411 1293 115 21 bekostnad
549 1293 118 27 anskaffas.
697 1293 131 20 Kontrollör
851 1293 37 20 bör
900 1293 82 28 jemväl

334 1328 29 27 af
374 1327 166 28 Länestyrelsen
563 1327 84 20 erhälla
669 1326 92 28 afskrift
783 1326 30 28 af
823 1327 35 20 det
872 1327 109 25 kontrakt,

333 1369 45 14 som
394 1361 71 27 blifvit
481 1361 107 27 afslutadt
611 1361 47 21 med
681 1361 42 21 den
749 1361 233 26 Dbränvinstillverkare,

333 1396 35 21 vid
384 1395 64 22 hvars
464 1396 103 21 bränneri
581 1395 44 21 han
641 1397 26 19 är
682 1395 104 21 anställd.

624 1441 15 27 $
653 1441 38 22 25.

402 1486 34 21 De
451 1487 95 20 sälunda
562 1487 171 26 tillförordnade
748 1485 146 21 kontrollörer
906 1487 79 20 under-
