1142 1786
244 153 33 17 214

324 215 118 21 domstolen
465 215 37 20 och
525 215 161 27 uppvaktandet
712 215 109 22 derstädes
845 215 128 28 erfordrats,

324 252 62 23 samt,
402 256 34 14 om
450 249 86 21 vittnets
552 249 88 21 hemvist
655 253 26 17 är
696 249 81 28 beläget
789 251 32 25 på
840 250 65 20 minst
915 248 58 28 fem-

326 286 36 18 ton
376 286 66 18 versts
458 283 91 27 afstånd
559 283 58 27 från
632 284 79 25 stället,
728 284 38 20 der
781 283 117 21 domstolen
917 289 56 14 sam-

326 318 118 24 manträdt,
454 318 82 26 jemväl
550 317 119 27 skjutslega
683 317 41 27 för
739 324 26 14 en
783 317 49 21 häst
850 321 64 23 jram
937 316 37 21 och

326 352 53 20 åter.
395 351 65 21 Hvad
474 351 94 21 sålunda
584 351 127 21 tilldömmes
727 352 71 25 vittne,
810 351 93 21 stadnar
917 350 57 21 Kro-

326 392 46 13 nan
388 385 34 20 till
438 385 48 25 last,
502 385 52 27 ifall
569 385 41 20 den
625 385 110 21 tilltalade
744 385 118 27 frikännes
871 385 53 21 eller
934 392 41 13 an-

326 425 32 14 ses
374 418 44 21 icke
432 419 75 20 kunna
522 420 24 19 åt
560 418 66 22 saken
637 420 85 26 jällas;
741 426 47 14 men
802 419 78 21 varder
895 426 80 13 ansvar

322 452 41 28 för
386 453 34 20 det
442 453 87 21 åtalade
552 452 77 21 brottet
651 453 76 21 honom
747 453 93 25 ådömdt,
859 452 57 21 skall
931 452 43 21 han

328 487 100 26 derjemte
437 486 117 28 förklaras
568 487 87 27 skyldig
670 489 32 19 att
717 487 105 27 godtgöra
835 486 91 22 Kronan
943 487 32 20 all

329 522 41 20 den
392 520 174 26 vittneskostnad,
589 528 46 13 som
653 520 94 22 Kronan
763 521 91 27 nödgats
865 520 41 28 för
921 520 54 21 hans

330 555 153 28 öfvertygande
498 555 127 21 vidkännas.
646 549 115 27 Ästundar
775 556 66 20 vittne
857 554 120 28 ersättning

329 589 47 21 med
391 589 64 27 högre
471 589 80 27 belopp,
567 591 30 18 än
613 589 65 27 ofvan
693 591 26 18 är
734 589 70 27 sagdt,
820 590 35 19 mä
871 589 105 27 pästäen-

330 623 25 21 de
370 623 72 21 derom
464 623 30 27 af
512 623 116 21 domstolen
650 623 134 27 godkännas,
807 630 33 14 om
860 622 117 28 anspräket

326 656 92 28 pröfvas
434 657 90 27 skäligt;
538 660 55 18 utan
609 660 32 18 att
661 657 80 21 sädant
760 657 159 27 godkännande
937 658 40 19 än-

330 691 52 21 dock
399 690 84 28 medför
501 691 73 21 vidare
594 691 254 28 ersättningsskyldighet
864 690 39 27 för
919 690 58 21 Kro-

330 733 51 19 nan,
397 728 30 18 än
442 726 8 20 i
466 726 33 20 det
509 726 134 27 föregående
657 728 27 18 är
699 726 108 27 stadgadt.

398 760 98 23 Pröfvar
511 760 123 25 domstolen,
651 762 42 18 när
708 760 40 20 den
765 760 108 20 tilltalade
886 759 91 27 frikän-

330 801 44 19 nes,
397 795 67 25 åtalet
486 794 66 27 hafva
575 794 57 20 varit
647 794 25 20 sä
688 794 98 28 oskäligt,
809 796 33 18 att
859 794 119 26 åklagaren

332 829 51 20 eller
406 828 130 28 angifvaren
558 828 43 20 kan
619 828 117 27 förkläras
754 826 86 30 skyldig
855 830 33 18 att
903 828 76 20 vittnes

332 863 115 26 tidspillan
466 862 37 20 och
522 862 91 21 kostnad
628 863 115 27 godtgöra;
763 862 28 20 dä
811 862 34 21 mä
861 862 118 21 ersättnin-

330 903 42 21 gen
387 896 75 27 derför
480 895 91 22 Kronan
587 897 18 26 ej
621 897 98 26 åläggas.

400 931 42 20 Det
458 931 123 20 ankommer
592 931 32 26 på
642 930 103 21 Senatens
756 930 41 27 för
812 930 99 21 Finland
921 929 58 22 Eko-

333 965 234 27 nomie-Departement
582 967 32 18 att
625 964 118 27 förordna,
759 967 9 18 i
782 964 85 27 hvilken
885 965 94 26 ordning

332 999 145 26 förenämnda
500 1000 149 26 ersättningar
672 999 61 21 skola
757 999 155 20 vederbörande
935 999 46 20 till-

333 1033 147 21 handahållas
502 1036 55 18 samt
582 1033 103 21 Kronans
704 1033 133 28 godtgörelse
854 1033 75 26 derför
943 1033 38 20 hos

333 1068 25 21 de
373 1068 109 27 sakfällde
497 1071 94 24 uttagas.

299 1108 101 20 Finlands
416 1108 89 20 Ständer
521 1108 119 20 framhärda
655 1110 38 17 etc.

300 1143 131 26 Helsingfors
447 1143 39 19 den
506 1143 23 18 13
548 1142 58 27 April
625 1143 58 19 1872.
