1142 1786
876 157 33 17 295

180 219 52 19 eller
254 218 128 20 åsidosätter
405 217 61 20 dessa
488 218 137 26 stadganden.
657 219 12 19 8
688 219 37 20 och
747 220 11 19 9
781 222 21 22 $$
825 221 108 20 innehålla

181 252 44 19 åter
242 252 147 20 motsvarande
405 251 158 27 bestämningar
577 253 90 19 rörande
679 253 50 26 fynd
741 254 21 19 af
773 254 92 20 forntida
874 257 59 24 mynt

181 286 39 20 och
237 286 65 19 ändra
317 285 79 26 rörliga
412 285 116 19 fornsaker.

249 319 114 26 Utskottet,
387 325 44 13 som
455 319 31 19 för
510 319 30 19 sin
563 320 33 19 del
617 320 68 19 funnit
704 320 35 20 det
753 320 84 28 Nådiga
853 322 79 19 författ-

181 354 164 27 ningsförslaget
367 353 138 20 öfverhufvud
528 354 105 26 antagligt
655 357 54 17 samt
731 362 61 13 anser
818 356 41 20 den
878 356 53 20 före-

181 388 74 27 slagna
269 387 245 27 lagstiftningsåtgärden
531 387 85 21 komma
631 391 30 17 att
676 388 52 26 fylla
744 396 24 13 en
786 390 85 27 verklig
883 390 50 20 brist

181 424 7 18 i
203 422 38 20 vår
264 422 98 26 gällande
386 422 40 26 lag,
449 421 31 19 får
500 422 38 19 allt
552 422 83 20 derföre
652 423 150 20 vördsammast
821 424 112 27 tillstyrka,

181 458 30 18 att
225 456 83 20 landets
324 456 89 20 Ständer
429 455 63 20 måtte
509 456 70 20 lemna
594 457 31 19 sin
638 457 128 19 medverkan
778 458 77 26 dertill,
866 459 67 25 jemte

182 491 36 19 det
232 490 108 20 Utskottet
356 490 60 19 utber
431 490 32 26 sig
479 491 31 18 att
525 490 21 19 få
560 490 6 19 i
583 490 84 20 korthet
683 491 92 20 förklara
790 492 66 26 några
871 492 22 19 af
907 492 26 19 de

182 524 114 26 ändringar
311 524 6 19 i
333 524 107 26 förslaget,
464 523 30 19 till
518 524 72 20 hvilka
609 524 106 20 Utskottet
731 525 68 19 funnit
817 525 46 20 skäl
879 525 54 20 före-

182 559 93 20 komma.

250 593 54 19 Dei
321 593 9 19 1
348 595 9 21 $
373 591 174 21 förekommande
569 593 65 19 orden
655 593 19 19 ”i
694 599 26 13 en
741 593 93 27 aflägsen
855 595 77 19 forntid

183 628 99 26 uppresta
304 626 32 20 för
360 626 189 26 andaktsöfningar
572 626 52 20 eller
643 627 31 19 till
690 628 71 19 minne
775 628 24 18 af
812 627 69 27 nägon
897 634 37 14 an-

184 660 174 27 märkningsvärd
381 660 141 26 tilldragelse”?
546 660 36 20 har
602 661 108 20 Utskottet
726 661 99 26 uteslutit,
844 662 90 20 emedan

184 696 108 20 desamma
306 696 59 25 synts
382 690 107 24 Utskottet
504 701 50 13 vara
569 695 94 20 hvarken
680 696 141 20 uttömmande
840 696 51 20 eller
902 702 32 14 er-

183 729 121 27 forderliga,
329 735 46 13 men
392 728 77 26 kunna,
493 729 35 19 vid
547 728 42 20 åtal
604 729 23 20 af
643 729 93 20 åverkan
752 730 13 19 å
779 729 41 21 fast
835 730 98 20 fornlem-

183 764 59 26 ning,
264 763 88 26 erbjuda
374 763 39 19 den
438 762 102 21 tilltalade
559 770 25 12 en
603 764 63 26 giltig
682 764 153 27 förevändning
853 766 30 18 att
898 764 36 27 pä-

182 798 55 27 yrka
252 798 48 26 laga
316 797 121 28 bevisnings
452 797 150 20 föreställande
620 798 79 25 derom,
715 800 30 18 att
764 798 169 27 fornlemningen

184 833 6 19 i
206 832 60 26 fråga
280 832 7 19 i
303 832 57 19 tiden
377 831 110 26 verkligen
511 831 122 20 tillkommit
650 832 6 18 i
677 831 64 27 något
758 832 23 19 af
796 832 139 20 omförmälda

183 867 75 26 syften.
289 866 108 20 Utskottet
412 865 37 19 har
465 865 102 20 likaledes
583 866 116 19 utelemnat
715 866 63 19 orden
795 866 36 20 ”af
847 866 40 20 den
903 866 29 20 ål-

184 901 38 19 der
238 901 29 18 att
283 899 25 20 de
324 905 87 14 numera
426 899 47 20 icke
490 899 72 20 kunna
577 906 61 13 anses
655 900 83 19 tillhöra
753 899 82 20 enskild
851 900 84 26 egare”,

185 934 45 19 dels
245 934 27 26 på
287 933 67 27 grund
370 933 23 20 af
406 933 35 20 det
456 933 123 20 obestämda
595 934 40 19 och
649 933 115 20 sväfvande
777 934 6 19 i
795 934 40 19 den
847 934 88 20 anförda

185 968 169 26 bestämningen,
370 967 44 20 dels
430 967 65 20 också
518 967 82 20 derföre
620 969 30 18 att
669 967 48 20 icke
735 968 90 19 allenast
841 968 25 20 de
882 968 54 20 fasta

184 1002 172 25 fornlemningar,
372 1007 44 14 som
432 1001 72 20 kunna
520 1001 66 20 sakna
601 1008 70 20 egare,
692 1004 49 17 utan
759 1002 62 19 äfven
842 1002 43 19 alla
899 1008 36 13 an-

185 1037 37 19 dra
238 1036 31 20 för
285 1035 183 26 fornforskningen
485 1035 117 20 värdefulla
621 1036 165 26 fornlemningar
805 1036 51 19 böra
871 1036 22 19 af
906 1036 29 20 la-

184 1077 53 20 gens
252 1069 70 27 skydd
337 1069 103 20 omfattas.

252 1105 42 19 Det
317 1103 36 20 vill
376 1103 99 26 möjligen
499 1103 132 26 ifrågasättas
656 1110 33 13 om
711 1103 78 20 sådana
811 1103 89 21 föremål
916 1104 23 20 af

186 1139 65 27 högre
274 1138 65 26 ålder,
362 1137 73 20 hvilka
456 1140 36 17 äro
516 1138 41 19 fast
574 1137 101 20 förenade
697 1138 46 19 med
759 1138 142 27 fornlemning
916 1138 23 20 af

185 1172 162 27 ifrågavarande
363 1171 154 26 beskaffenhet,
532 1172 68 20 såsom
618 1173 79 25 dörrar,
713 1173 84 25 fönster,
819 1172 118 26 målningar

186 1208 12 19 å
213 1207 44 25 tak,
273 1209 79 24 väggar
368 1206 52 20 eller
436 1206 79 19 fönster
532 1212 25 15 m.
574 1213 26 12 m.
617 1206 26 26 d.,
659 1206 63 20 äfven
734 1206 71 20 kunna
815 1206 123 27 inbegripas

187 1241 66 20 under
269 1241 36 20 det
320 1240 68 27 skydd
404 1247 44 13 som
460 1240 129 20 tillkommer
600 1241 75 25 sjelfva
686 1241 175 26 fornlemningen,
872 1241 66 19 ehuru

187 1275 125 27 uttryckligt
327 1275 117 26 stadgande
460 1275 72 19 derom
548 1274 48 20 icke
612 1275 61 26 ingår
688 1275 7 19 i
711 1275 157 26 förordningen.
889 1275 48 19 Men

187 1310 27 19 då
236 1309 95 28 grunden
355 1309 39 20 och
418 1309 121 26 syftemålet
561 1309 32 20 för
615 1309 70 20 denna
704 1309 124 26 författning
846 1315 40 19 ega
901 1309 38 20 full

187 1343 149 27 tillämplighet
355 1343 62 20 äfven
433 1343 13 19 å
460 1343 27 20 de
503 1343 92 20 nämnda
615 1343 122 26 föremålen,
753 1345 54 17 samt
822 1343 37 19 allt
873 1345 66 24 vägg-

187 1379 41 19 fast
249 1377 53 28 gods
325 1377 54 20 både
402 1377 21 20 af
437 1377 62 26 lagen
516 1377 38 20 och
570 1377 66 20 seden
652 1377 107 20 betraktas
776 1377 67 20 såsom
863 1377 75 20 under-

187 1412 85 20 kastadt
294 1411 41 20 alla
357 1411 26 20 de
399 1411 163 27 bestämningar,
581 1411 73 20 hvilka
673 1411 56 27 gälla
749 1411 39 20 den
804 1411 53 19 fasta
875 1417 63 20 egen-

188 1447 56 25 dom,
260 1446 100 19 hvarmed
376 1445 117 20 detsamma
514 1449 22 16 är
555 1445 103 26 förenadt,
682 1445 37 20 har
741 1445 108 20 Utskottet
871 1446 70 19 ansett
