1142 1786
841 151 21 16 33

143 221 57 19 mun,
216 215 61 20 hvars
294 214 123 25 befolkning
433 213 100 26 antingen
550 213 33 20 hel
600 214 38 19 och
656 213 69 20 hållen
739 213 52 20 eller
802 214 30 19 till
845 216 50 17 stör-

144 255 22 12 re
182 249 60 19 delen
260 251 22 17 är
302 248 52 19 blott
373 247 68 20 finska
459 247 83 26 språket
565 247 86 27 mäktig,
671 247 66 25 skola,
758 247 43 20 ifall
824 248 71 20 veder-

144 283 92 19 börande
257 282 238 26 expeditionshafvande
515 282 47 19 icke
579 282 56 26 vilja,
653 282 26 26 på
694 284 41 17 sätt
750 282 5 18 i
772 282 13 20 2
801 282 94 26 punkten

144 317 22 19 af
180 316 76 27 nådiga
272 316 148 26 förordningen
438 316 40 19 den
497 317 8 18 1
524 316 88 26 Augusti
631 316 52 19 1863
700 318 23 17 är
739 315 82 25 tillåtet,
835 316 60 19 utfär-

144 351 26 19 da
186 350 78 20 sådana
283 350 146 26 expeditioner
445 350 5 18 i
468 350 89 26 original
574 350 27 26 på
618 350 74 25 finska,
712 356 50 13 vara
777 350 23 19 af
815 350 81 20 behöri-

143 392 41 20 gen
201 385 81 26 styrkta
297 384 177 26 öfversättningar
490 384 30 19 till
538 384 68 20 finska
621 384 85 26 språket
722 384 97 26 åtföljda;
836 384 60 20 hvar-

144 426 33 12 om
194 419 64 26 nådig
275 418 125 27 kungörelse
418 418 67 20 blifvit
502 418 40 20 den
564 419 5 18 7
586 418 119 20 December
723 418 52 19 1868
792 418 104 19 utfärdad.

214 454 53 18 58:0.
298 452 38 20 Om
361 452 89 20 förskott
473 459 23 12 ur
518 452 107 20 allmänna
648 452 68 20 medel
736 452 23 20 af
776 452 36 20 det
830 452 67 20 landt-

145 488 99 26 dagsmän
269 488 55 19 inom
349 486 155 20 Bondeståndet
528 486 159 20 tillkommande
707 486 140 20 iraktamente
867 487 31 19 för

145 522 85 20 vistelse
250 522 34 19 vid
305 521 101 26 landtdag
426 523 52 17 samt
499 521 116 26 ersättning
631 521 31 19 för
678 527 47 13 resa
740 521 31 19 till
787 521 39 19 och
843 521 52 19 ifrån

146 556 128 20 densamma.

214 590 56 19 Hans
286 590 117 26 Kejserliga
422 590 97 25 Majestät
534 590 37 18 har
587 590 5 18 i
610 589 65 19 nåder
691 589 74 19 bifallit
781 589 29 20 till
828 590 70 19 denna

145 624 88 25 petition
254 626 53 17 samt
326 624 40 19 den
386 624 26 19 29
428 623 87 20 Januari
534 624 52 19 1868
602 623 46 19 låtit
664 623 83 20 utfärda
762 623 128 27 kungörelse

145 658 110 26 angående
271 660 63 18 sättet
349 658 31 19 för
396 658 158 26 utbetalningen
575 657 38 20 och
630 657 122 26 uppbörden
769 658 24 19 af
807 658 91 20 nämnda

146 692 121 20 kostnader.

215 726 53 20 59:0.
299 726 37 20 Att
354 726 99 20 Finlands
474 726 154 20 statskalender
649 726 63 20 måtte
728 726 91 26 utgifvas
835 726 62 20 äfven

146 760 26 26 pä
188 760 67 20 finska
270 760 91 26 spräket.

215 794 56 20 Hans
287 794 117 26 Kejserliga
420 794 97 26 Majestät
533 794 36 20 har
585 794 68 20 täckts
665 794 6 19 i
683 794 64 20 nåder
764 794 71 21 bifalla
847 795 49 19 den-

147 834 27 13 na
189 828 146 27 underdåniga
349 828 94 26 petition.

215 863 101 19 Deremot
338 863 36 19 har
396 862 57 20 Hans
473 862 118 27 Kejserliga
611 863 97 25 Majestät
723 863 6 19 i
746 862 65 21 nåder
831 862 67 20 funnit

146 896 68 26 öfriga
229 896 45 20 från
291 896 126 26 landtdagen
434 896 30 19 till
481 896 57 20 Hans
555 896 118 27 Kejserliga
688 897 96 25 Majestät
797 897 102 19 inkomna

146 929 145 27 underdåniga
306 931 112 25 petitioner
434 930 44 19 dels
494 930 48 20 icke
558 930 71 20 kunna
645 930 82 20 bifallas
743 931 44 19 dels
803 931 32 19 för
852 933 45 17 när-

147 964 91 20 varande
254 965 19 24 ej
290 964 108 20 föranleda
413 964 30 19 till
460 964 69 26 någon
547 964 82 27 åtgärd.

215 1009 137 27 Helsingfors,
372 1010 12 19 &
402 1010 118 26 Kejserliga
544 1010 90 20 Senaten
657 1011 30 19 för
709 1011 97 23 Finland,
827 1011 40 19 den
887 1012 11 17 4

147 1043 55 20 Mars
220 1044 60 19 1872.

617 1102 18 20 J.
651 1102 16 20 F.
683 1101 84 27 Pipping.

514 1141 74 17 Allmän
602 1141 255 17 Referendariesekreterare.
