1142 1786
871 166 34 17 325

176 229 48 17 svär
246 227 22 19 af
290 226 40 20 den
347 227 11 19 9
374 226 118 20 December
516 227 53 20 1766
593 227 39 20 och
648 228 153 27 Förklaringen
820 229 23 19 af
857 229 39 20 den
916 231 7 18 1

176 261 89 26 Augusti
286 261 50 19 1770
352 260 176 27 församlingarne
544 261 6 19 i
566 261 72 20 landet
654 262 108 26 medgifna
777 265 41 17 rätt
829 265 36 24 att,
877 265 48 18 utan

177 295 269 25 embetsmyndigheternes
470 295 155 25 mellankomst,
648 296 56 19 inom
728 297 31 25 sig
778 297 77 19 afsluta
873 297 54 19 slika

177 328 127 26 föreningar,
320 328 124 20 hädanefter
460 328 123 26 upphäfdes,
600 331 54 17 samt
669 332 30 17 att
717 330 26 20 de
763 330 163 27 bestämningar,

177 362 85 20 hvarom
280 362 158 20 vederbörande
453 362 7 19 i
476 362 74 26 dylika
564 362 71 26 frågor
651 363 190 27 öfverenskomma,
864 364 62 20 fram-

176 398 51 24 gent
251 396 68 20 blefve
342 396 27 26 på
384 398 47 25 sätt
454 396 160 30 Förordningen
633 397 23 19 af
670 397 40 19 den
727 398 11 19 6
754 398 101 20 Februari
872 399 53 20 1865

177 430 89 20 rörande
282 431 66 19 andra
362 430 168 20 likabeskaffade
548 430 134 20 kommunala
697 432 88 20 ärender
801 432 125 27 innehåller,

177 464 155 20 underkastade
348 464 148 20 Guvernörens
512 464 6 20 i
534 464 57 20 länet
606 465 99 27 pröfning
723 466 39 19 och
785 466 140 21 stadfästelse.

176 499 29 19 På
228 499 60 19 dessa
304 499 6 19 i
326 498 40 20 den
389 498 83 26 Nådiga
495 499 158 26 propositionen
675 499 130 21 framställda
823 500 47 20 skäl
886 501 39 19 och

176 533 27 26 på
218 533 36 19 det
266 532 80 27 jemväl
362 532 68 27 öfriga
447 533 3 19 i
466 532 84 27 Nådiga
564 533 160 27 Förordningen
740 534 23 19 af
776 534 39 20 den
836 535 12 19 4
864 535 61 26 April

178 568 54 19 1864
247 567 128 20 omnämnda
390 567 180 26 angelägenheter
586 567 23 20 af
623 568 111 20 enahanda
742 571 32 17 art
785 569 64 20 måtte
861 569 65 20 blifva

177 602 47 20 med
241 602 65 26 nödig
320 601 168 27 likstämmighet
504 601 138 26 behandlade,
666 602 37 20 har
721 602 79 20 Eders
819 603 106 26 Kejser-

176 636 54 26 liga
247 636 122 26 Majestät
384 635 57 19 velat
456 635 78 20 föreslå
549 634 119 21 Ständerna
683 638 36 24 att,
736 636 46 20 med
794 637 130 25 upphäfvan-

176 670 26 20 de
224 670 24 19 af
268 670 57 19 såväl
348 670 19 24 4,
386 670 12 18 5
418 669 38 19 och
476 670 11 19 6
506 671 21 22 $$
547 670 26 19 24
592 669 48 26 kap.
664 670 205 26 Byggningabalken
886 672 39 19 och

176 704 158 26 Förordningen
352 704 40 19 den
409 704 12 18 4
437 703 59 26 April
515 704 59 24 1864,
590 710 45 13 som
655 704 119 26 åberopade
793 707 11 22 $
820 706 26 18 43
862 706 6 18 i
885 706 39 19 Re-

176 739 118 19 solutionen
310 738 23 20 af
346 738 40 20 den
403 738 11 19 9
431 738 117 19 December
566 738 52 19 1766
634 738 39 20 och
689 738 151 27 Förklaringen
852 740 23 19 af
884 740 40 19 den

178 774 7 18 1
204 772 90 26 Augusti
310 772 54 20 1770
380 774 78 24 antaga
473 774 30 17 ett
518 772 40 20 den
574 772 84 26 Nådiga
680 773 157 26 propositionen
858 774 66 19 vidfo-

176 807 50 26 gadt
241 806 213 26 författningsförslag
470 806 6 19 i
492 808 77 17 ämnet.

245 840 41 20 Vid
302 840 160 26 handläggning
477 840 23 19 af
514 840 57 20 detta
586 840 78 20 ärende
675 840 62 20 hafva
747 840 118 21 Ständerna
877 842 48 19 icke

176 875 80 19 kunnat
279 873 70 27 undgå
371 874 54 19 fästa
444 874 185 25 uppmärksamhet
645 874 71 26 derpå,
732 874 97 20 hurusom
848 876 76 25 grund-

176 910 69 17 satsen
270 914 32 13 om
326 908 39 19 den
390 907 100 26 myndige
514 907 164 27 medborgarens
697 910 41 17 rätt
757 910 29 18 att
801 908 54 20 efter
870 915 54 20 egen

175 943 65 26 insigt
254 942 66 19 ordna
336 942 39 19 och
390 941 120 20 handhafva
526 942 31 19 sin
573 941 97 20 enskilda
685 942 134 27 hushållning
838 949 87 14 numera

175 977 6 19 i
197 977 161 26 lagstiftningen
373 977 7 18 i
395 976 121 25 allmänhet,
532 976 89 19 likasom
638 977 62 19 äfven
716 977 6 18 i
739 983 27 12 nu
786 977 138 20 förevarande

176 1011 64 26 fråga,
256 1011 73 19 vunnit
345 1011 74 26 vigtigt
434 1010 143 26 erkännande,
594 1011 6 18 i
617 1012 85 18 motsats
719 1010 30 19 till
765 1011 54 19 hvad
835 1017 44 14 som
894 1012 30 19 in-

176 1045 94 20 nehålles
294 1045 27 19 uti
345 1045 47 19 de
386 1040 14 35 i
411 1045 53 18 1734
487 1044 33 20 års
543 1045 34 26 lag
600 1045 174 19 förekommande
793 1045 131 26 stadganden

175 1079 110 27 angående
302 1079 120 25 brandstod,
439 1079 82 19 hvilkas
537 1079 124 26 lämplighet
676 1079 31 19 för
723 1086 26 13 en
766 1079 35 26 tid,
818 1079 26 20 då
855 1086 69 13 annan

175 1115 63 24 utväg
254 1113 30 20 till
301 1113 115 26 egendoms
432 1113 137 20 försäkrande
586 1115 43 17 mot
645 1113 134 20 brandskada
797 1115 56 18 ännu
877 1113 46 20 sak-

177 1147 70 25 nades,
264 1147 117 20 Ständerna
396 1147 65 19 likväl
477 1147 49 20 icke
541 1147 72 20 kunna
629 1147 142 20 underskatta.

242 1182 46 18 Den
305 1181 101 26 riktning,
421 1181 160 26 lagstiftningen
597 1181 7 19 i
621 1181 69 19 denna
705 1181 60 25 fråga
779 1181 6 19 i
797 1181 38 19 och
847 1187 77 20 genom

175 1222 65 20 nyare
256 1216 130 26 stadganden
402 1215 92 26 inslagit,
511 1215 45 26 bör,
571 1215 67 26 enligt
653 1214 128 21 Ständernas
797 1215 70 26 tanke,
877 1215 47 20 icke

174 1249 123 20 frånträdas.
328 1249 39 20 Om
384 1256 47 13 man
448 1249 39 20 ock
504 1249 35 20 vid
555 1244 108 25 stiftandet
678 1249 23 20 af
716 1250 52 19 1734
780 1249 32 20 års
824 1249 34 26 lag
872 1249 52 20 kun-

174 1284 26 19 de
216 1290 51 13 anse
290 1284 40 19 den
354 1283 96 20 enskilde
473 1283 67 20 sakna
564 1283 53 20 både
641 1283 99 20 omtanke
761 1283 38 20 och
817 1284 63 26 utväg
895 1286 30 17 att

174 1318 106 26 betrygga
302 1318 31 26 sig
356 1319 43 18 mot
421 1317 94 20 skeende
539 1317 102 20 eldskada
659 1318 39 20 och
719 1317 82 20 derföre
818 1318 56 19 finna
890 1318 35 19 det

173 1359 51 12 vara
246 1359 26 12 en
296 1354 78 17 statens
396 1352 53 26 pligt
470 1353 29 18 att
515 1351 52 20 söka
583 1352 89 19 medelst
687 1351 153 27 obligatoriska
855 1352 70 25 påbud

174 1386 118 26 förebygga
308 1386 136 19 hemmanens
461 1386 87 26 möjliga
563 1385 93 20 ödesmål
672 1386 7 19 i
695 1385 51 26 följd
762 1385 23 20 af
802 1385 83 26 vådeld,
902 1386 23 19 så

173 1420 44 25 bör,
234 1420 67 26 enligt
316 1419 128 20 Ständernas
460 1419 61 26 åsigt,
538 1426 25 13 en
580 1419 71 26 möjlig
670 1419 51 20 brist
743 1419 27 26 på
791 1419 64 20 sådan
882 1426 43 13 om-

174 1454 64 19 tanke
262 1454 95 26 skäligen
381 1454 55 25 icke,
459 1453 67 20 under
546 1454 120 19 nuvarande
682 1453 152 26 förhållanden,
853 1454 72 19 kunna

173 1487 21 19 få
210 1489 90 25 antagas
316 1487 37 20 och
370 1487 57 27 gälla
442 1487 68 26 såsom
529 1488 64 18 motiv
609 1487 31 19 för
656 1489 29 17 ett
701 1487 128 27 återgående
849 1488 30 19 till
895 1488 30 20 of-
