1142 1786
855 153 33 18 197

332 219 32 18 att
380 216 84 21 landets
484 216 117 27 höglofliga
620 215 93 22 Ständer
727 216 55 25 ville,
802 217 47 20 med
859 215 52 28 för-

264 251 106 20 klarande
385 253 33 18 att
433 250 41 21 den
489 250 89 27 Nädiga
589 250 165 27 propositionen
769 250 45 20 icke
827 250 84 21 kunnat

264 284 138 28 oförändrad
416 287 100 24 antagas,
528 283 41 27 för
584 284 35 20 sin
634 284 35 20 del
684 283 81 21 besluta
777 284 35 20 till
823 291 25 13 en
858 284 53 27 för-

259 318 104 28 fattning
378 318 30 27 af
413 318 103 27 följande
532 317 89 27 lydelse:

332 353 50 21 Med
397 352 96 28 ändring
509 351 29 27 af
548 352 55 20 sista
617 354 118 18 momenten
750 352 8 20 i
773 354 15 19 2
805 352 37 21 och
857 354 14 20 3
881 352 30 28 $$

264 388 29 20 15
308 387 50 27 kap.
374 386 26 21 R.
416 386 32 26 B.,
462 386 9 20 i
486 386 55 20 hvad
556 386 25 20 de
595 386 113 20 innehälla
723 386 189 27 inskränkningar

265 422 8 19 i
289 422 138 26 tjenstemäns
442 420 38 21 och
495 420 99 27 betjentes
612 420 36 20 vid
670 415 161 32 Öfverrätterne
841 420 72 28 frihet

265 457 32 19 att
313 455 138 27 tillhandagä
466 454 140 21 rättsökande
621 456 78 24 parter
717 454 71 21 såsom
801 454 110 27 fullmäk-

266 490 47 27 tige,
329 491 56 19 samt
400 488 47 21 med
464 488 151 27 upphäfvande
630 488 30 27 af
675 488 80 28 Kongl.
775 488 138 21 Förordnin-

265 531 41 21 gen
321 524 41 20 den
376 525 28 19 10
420 522 62 21 Mars
498 524 57 19 1749
570 522 37 20 och
622 522 81 28 Kongl.
721 522 87 28 Brefvet
826 523 41 20 den
881 524 32 20 27

265 558 49 26 Maj
329 559 64 23 1801,
409 557 71 21 sävidt
495 556 8 21 i
521 556 62 21 dessa
597 554 168 30 författningar
783 556 130 28 rättigheten

266 595 32 18 att
314 593 46 19 läta
377 591 69 21 bruka
468 592 34 26 sig
523 591 70 24 säsom
607 590 131 28 fullmäktig
757 593 26 18 är
799 591 65 27 gjord
879 590 34 21 be-

266 626 78 21 roende
358 626 29 26 af
398 624 134 22 akademiskt
546 624 131 21 vittnesbörd
691 632 34 13 om
739 624 116 28 kunskap
842 620 12 36 i
866 625 48 27 lag-

265 660 106 26 farenhet,
387 660 78 20 varder
480 659 108 27 stadgadt,
611 661 32 18 att
653 658 156 28 förstnämnde
828 659 85 27 lagrum

265 694 61 22 skola
342 694 84 20 erhålla
442 693 97 27 följande
554 692 89 28 lydelse:

334 729 15 26 $
363 730 22 20 2.
415 728 30 26 (1,
462 730 15 19 2
492 727 37 21 och
552 728 6 20 3
573 727 72 26 mom)
678 726 159 25 Oförändrade.

334 764 24 26 (4
372 762 72 26 mom.)
478 761 135 27 Tjensteman
632 762 35 19 må
689 761 44 21 icke
747 761 42 27 för
811 760 103 28 sakegare

266 797 54 25 tala,
336 798 44 19 när
393 796 35 21 det
444 798 54 18 emot
513 795 55 21 hans
583 794 133 28 embetspligt
730 795 87 21 strider.

333 831 15 27 $
363 832 20 19 3.
413 830 77 27 Enligt
502 830 171 26 propositionen.

232 871 130 26 Helsingfors
378 871 40 19 den
436 871 26 19 25
479 870 54 20 Mars
554 870 59 20 1872.

335 1045 107 21 Finlands
458 1045 109 21 Ständers
583 1045 162 26 underdäniga
760 1051 51 14 svar
826 1046 43 19 med
881 1051 34 14 an-

304 1080 78 25 ledning
397 1080 21 19 af
432 1080 56 19 Hans
504 1079 136 26 Kejserliga
655 1080 120 26 Majestäts
790 1079 70 26 Nädiga
871 1086 44 19 pro-

302 1113 90 26 position,
404 1120 29 13 om
446 1113 82 26 ändring
538 1113 7 20 i
556 1113 11 20 2
583 1113 34 20 och
635 1113 12 20 3
663 1114 27 25 $$
705 1113 20 20 15
740 1113 44 26 kap.
799 1113 126 26 Rättegängs.

301 1147 72 21 Balken
400 1147 60 20 —sävidt
485 1148 23 19 de
535 1147 96 20 innehålla
653 1147 48 20 vissa
723 1147 164 26 inskränkningar
910 1147 5 20 i

302 1181 158 26 kronobetjentes
475 1183 48 18 samt
537 1181 94 26 betjentes
649 1181 30 20 vid
697 1177 141 24 Öfverrätterne
853 1181 60 20 frihet

303 1217 27 19 att
345 1215 118 26 tillhandagä
477 1215 124 21 rättsökande
617 1216 61 20 såsom
693 1215 126 27 fullmäktige.

166 1277 207 27 Stormäktigste,
386 1278 190 27 Allernädigste
592 1279 104 25 Kejsare
712 1278 37 20 och
767 1278 149 20 Storfurste!

235 1341 77 19 Eders
328 1340 143 27 Kejserliga
487 1340 115 26 Majestät
617 1340 38 20 har
670 1341 29 18 uti
710 1340 69 27 Nädig
788 1340 129 26 proposition

168 1375 31 19 till
208 1375 102 19 Finlands
322 1381 27 12 nu
361 1375 126 19 församlade
498 1374 89 20 Ständer
599 1374 138 20 öfverlemnat
748 1374 31 19 till
791 1373 128 21 Ständernes

168 1408 186 26 grundlagsenliga
363 1409 120 26 antagande
493 1409 78 26 förslag
582 1409 6 18 i
601 1409 35 19 det
649 1409 62 26 syfte,
723 1410 30 18 att
762 1409 25 18 de
799 1408 6 19 i
815 1408 50 19 sista
876 1414 43 14 mo-

168 1444 80 17 mentet
258 1442 41 19 af
290 1437 12 36 2
308 1441 11 27 8
328 1443 24 18 15
362 1442 48 26 kap.
420 1442 24 20 R.
454 1443 22 19 B.
486 1442 75 26 gjorda
568 1442 178 26 inskränkningar
755 1442 28 19 uti
794 1441 125 27 konungens

170 1476 103 25 betjentes
297 1477 40 18 rätt
359 1478 31 17 att
412 1476 32 20 för
470 1476 101 26 sakegare
594 1476 43 20 tala
659 1476 68 19 skulle
752 1475 31 19 för
809 1475 112 19 framtiden
