1142 1786
870 165 34 17 243

176 223 153 26 befolkningen
353 226 23 17 är
398 223 45 26 gles
467 225 54 18 samt
541 223 234 23 kommunikationerna
791 227 134 28 bristfälliga,

176 258 72 19 kunna
263 257 95 20 medföra
373 257 97 26 verkliga
486 257 136 26 olägenheter
637 261 54 17 samt
706 259 81 21 derföre
800 260 47 21 icke
859 261 66 20 heller

176 292 77 19 önskas
269 291 23 19 af
306 291 61 19 dessa
382 291 90 19 trakters
488 291 140 26 innevånare;
645 293 74 19 medan
739 293 94 21 deremot
851 295 72 20 affärs-

176 325 174 20 verksamhetens
374 325 122 27 utveckling
512 326 6 18 i
534 326 66 19 andra
623 326 58 20 delar
696 327 23 19 af
732 328 71 20 landet
819 329 56 26 gjort
890 330 35 19 det

176 360 32 19 för
231 360 61 19 deras
314 359 128 19 innevånare
466 359 135 27 synnerligen
623 360 98 27 önskligt,
737 364 30 17 att
782 362 143 21 domstolarne

176 394 71 19 kunde
263 393 155 20 sammanträda
434 393 66 19 oftare
516 396 26 16 än
559 400 33 12 nu.

246 424 162 29 Öfvervägande
431 428 25 18 de
479 426 52 26 skäl,
548 433 42 13 som
602 421 48 35 tala
663 425 34 22 för
712 429 39 19 och
767 432 56 18 emot
838 438 25 13 en
881 438 42 14 om-

178 460 96 28 bildning
297 462 23 19 af
340 461 178 23 häradsrätterna,
541 461 36 19 har
593 462 146 26 Lagutskottet
754 464 18 26 ej
789 464 80 21 kunnat
883 466 40 19 för-

178 496 51 25 bise,
252 498 36 23 att,
305 502 33 12 om
354 498 26 16 än
397 495 65 26 några
478 495 23 19 af
514 495 26 20 de
557 498 56 17 emot
627 496 104 20 reformen
747 498 75 26 gjorda
837 499 87 20 invänd-

178 530 74 26 ningar
276 530 89 25 förtjena
380 529 36 19 det
431 529 107 26 afseende,
554 532 29 16 att
598 530 169 21 häradsrätterna
782 532 5 19 i
805 532 25 20 de
846 533 80 26 glesast

178 564 113 20 befolkade
318 564 85 19 delarne
426 564 23 19 af
465 563 72 20 landet
556 563 65 20 borde
637 564 115 21 tillsvidare
769 565 19 20 få
805 567 98 20 förblifva
917 569 8 18 i

178 598 104 20 orubbadt
298 597 67 26 skick,
382 597 26 20 de
423 597 69 27 öfriga
507 600 57 17 emot
579 598 104 20 reformen
699 599 87 20 anförda
802 600 74 20 skälen
888 604 36 17 äro

177 632 45 19 dels
247 632 23 19 af
291 631 40 20 den
356 631 152 25 beskaffenhet,
526 633 31 18 att
575 631 64 27 något
667 632 100 20 afseende
782 633 11 19 å
810 634 47 20 dem
877 635 48 19 icke

179 666 58 20 torde
261 666 90 20 behöfva
371 665 71 26 fästas,
458 665 38 19 och
514 665 44 20 dels
573 666 23 19 af
610 666 40 19 den
666 666 83 25 ringare
764 668 115 26 betydelse,
896 671 29 17 att

179 700 24 19 de
228 706 44 14 mer
288 702 25 17 än
330 702 107 23 uppvägas
453 699 23 19 af
489 699 27 20 de
530 699 53 26 skäl,
599 706 44 13 som
660 700 41 20 tala
717 701 32 19 för
764 702 39 19 den
821 702 103 27 ifrågava-

178 734 65 20 rande
267 734 169 26 ombildningens
459 734 173 25 genomförande.
663 734 39 20 Till
719 735 62 19 dessa
796 736 130 20 sistnämnda

179 768 45 20 skäl
244 768 57 24 höra,
318 770 56 17 utom
390 767 108 27 åtskilliga
514 768 114 19 nedanföre
645 768 96 26 nämnda,
758 769 85 21 framför
859 771 67 19 andra

179 803 42 25 det,
238 804 30 18 att
283 802 40 20 den
339 808 76 20 genom
430 801 135 26 jordbrukets
581 802 99 26 framsteg
695 803 39 19 och
751 804 174 27 näringslagstift-

180 838 90 26 ningens
294 836 119 26 utbildning
437 836 96 19 alltmera
554 836 124 20 utvecklade
699 837 226 22 affärsverksamheten

179 872 26 25 på
229 871 72 19 landet
320 870 84 19 kräfver
420 876 25 13 en
462 870 174 25 skyndsammare
652 871 111 26 rättegång
779 872 38 20 och
834 872 90 20 domsto-

179 905 30 19 lar
233 904 23 20 af
276 911 68 12 annan
369 903 153 26 beskaffenhet,
541 905 25 17 än
583 903 169 21 häradsrätterna
767 912 26 12 nu
810 912 47 20 ega,
873 908 54 17 samt

180 941 29 17 att
226 939 24 19 de
267 938 144 27 olägenheter,
427 937 74 20 hvilka
516 938 6 19 i
538 938 105 20 anseende
650 933 43 37 till
706 939 70 26 jemväl
791 940 6 19 i
814 940 63 26 öfrigt
886 940 39 19 för-

180 973 93 19 ändrade
297 972 144 19 förhållanden
462 978 33 19 nu,
516 978 57 13 mera
589 975 26 16 än
632 972 110 27 tillförene,
758 973 64 20 också
838 974 5 18 i
860 974 67 19 andra

180 1006 114 20 afseenden
310 1009 52 24 göra
378 1006 31 26 sig
425 1005 109 20 kännbara
549 1012 76 20 genom
637 1006 173 27 lagskipningens
822 1007 103 27 långsam-

180 1041 42 25 het,
245 1041 19 25 ej
289 1040 71 19 kunna
375 1046 61 13 anses
452 1046 49 13 vara
522 1039 122 27 tillräckligt
660 1041 156 26 undanrödjade
832 1041 94 20 hvarken

181 1081 75 20 genom
282 1074 118 27 Kejserliga
415 1074 159 26 Förordningen
591 1074 39 19 den
651 1075 22 19 15
689 1075 99 19 Februari
808 1075 58 26 1864,
883 1082 44 13 som

182 1109 78 20 tillåter
276 1111 45 23 part
336 1110 30 17 att
383 1108 27 26 på
425 1115 53 20 egen
495 1108 116 19 bekostnad
628 1108 21 19 få
659 1109 46 19 sina
716 1109 142 26 rättsanspråk
871 1109 55 26 pröf-

182 1143 52 19 vade
255 1143 34 19 vid
306 1143 76 18 urtima
397 1143 51 26 ting,
465 1142 51 20 eller
532 1149 74 19 genom
623 1142 118 27 Kejserliga
757 1143 85 20 brefven
859 1144 40 19 den
916 1144 12 19 4

182 1176 118 20 December
318 1177 53 19 1869
388 1177 38 18 och
444 1177 40 19 den
500 1177 27 19 25
543 1177 40 25 Maj
602 1177 60 24 1871,
679 1177 72 19 hvilka
767 1177 46 19 sökt
829 1177 63 19 häfva
903 1183 25 13 en

182 1217 76 20 genom
282 1210 128 19 rättsbruket
433 1210 142 26 uppkommen
598 1209 141 28 lagtolkning,
763 1216 42 14 som
826 1210 103 20 föranledt

182 1245 92 26 onödiga
296 1245 93 25 uppskof
410 1244 44 19 från
478 1245 45 26 ting
542 1244 30 20 till
589 1245 51 26 ting,
657 1245 38 19 och
713 1245 81 20 derföre
810 1244 6 20 i
833 1245 30 19 sin
880 1245 48 19 mån

183 1279 91 26 bidragit
290 1278 31 19 till
336 1279 146 26 rättegångars
499 1279 144 26 förlängande.

251 1313 44 19 Den
320 1313 125 26 ifrågasatta
468 1315 89 24 utvägen
577 1315 36 23 att,
630 1313 46 19 med
693 1313 148 20 bibehållande
857 1313 24 19 af
894 1313 34 20 hä-

183 1347 151 20 radsrätternas
356 1347 166 20 ambulatoriska
537 1347 115 26 egenskap,
669 1347 51 20 söka
735 1353 76 20 genom
828 1347 26 20 de
870 1347 59 26 lagti-

183 1388 33 13 ma
238 1381 84 25 tingens
346 1381 83 20 ökande
453 1381 29 19 till
500 1383 30 18 tre
546 1381 51 19 eller
614 1381 50 20 flera
680 1387 33 14 om
729 1381 45 19 året
791 1381 97 20 befordra
903 1388 26 13 en

182 1415 174 26 skyndsammare
381 1415 142 26 lagskipning,
546 1415 75 26 skulle,
641 1415 67 26 enligt
722 1415 55 19 hvad
794 1415 137 20 förenämnda

182 1449 126 26 handlingar
335 1449 58 26 gifva
412 1449 35 20 vid
463 1449 91 26 handen,
570 1449 74 19 endast
660 1449 31 20 för
707 1449 62 26 högst
784 1449 19 19 få
820 1449 111 26 domsagor

182 1483 71 19 kunna
276 1483 115 25 begagnas,
408 1485 48 17 utan
473 1485 31 17 att
520 1483 61 19 dessa
596 1483 49 19 först
663 1483 69 20 blefve
749 1483 101 25 styckade
867 1489 64 20 mera,
