1142 1786
859 139 10 16 3

181 205 29 18 uti
225 204 93 19 kronans
334 203 118 26 magasiner
467 201 97 20 innestå.
583 201 60 26 1,272
661 203 74 18 tunnor
754 202 23 19 19
794 201 81 27 kappar

182 238 45 19 med
244 238 118 25 penningar
379 236 69 20 blifvit
462 236 54 19 löste
544 251 3 4 .
565 251 3 3 .
585 235 61 26 5,035
696 250 11 12 =»
752 236 38 27 251

182 272 37 19 hos
234 271 143 29 restskyldige
393 270 68 19 utestä
478 285 89 4 .....
619 270 25 19 91
696 285 11 11 »
754 270 24 19 17

831 253 11 10 ”

831 285 12 12 ”

483 321 86 20 Summa
585 321 62 26 6,400
697 336 10 11 >»
770 322 21 26 11

831 338 11 11 ”

155 374 148 21 motsvarande
325 375 5 19 i
351 374 95 25 kontant,
465 374 54 19 efter
538 373 97 27 gällande
655 373 192 27 markegångspris,
866 378 37 17 ett-

154 409 236 20 hundratrettioettusen
419 408 130 26 fyrahundra
576 407 121 26 femtiofyra
727 408 57 20 mark
810 410 95 25 tjugunio

155 444 75 26 penni;
245 444 110 19 hvaremot
371 443 39 20 och
426 445 51 17 enär
492 442 99 20 sednaste
602 441 165 21 innehafvarene
778 442 23 20 af
809 443 96 26 Nylands

155 478 39 20 och
214 478 130 20 Tavastehus
363 477 109 20 äfvensom
493 476 101 20 Karelens
615 476 44 19 före
679 476 56 19 detta
755 476 99 28 lagsagor
870 478 33 19 vid

156 512 52 20 1871
226 512 33 20 års
275 512 78 26 ingång
369 514 55 17 ännu
440 510 66 20 lefvat
521 512 53 18 samt
589 510 146 20 dessförinnan
750 511 18 25 ej
781 510 66 21 heller
859 512 44 19 blif-

155 546 30 19 vit
200 546 47 20 med
264 552 68 14 annan
349 545 77 20 allmän
444 545 118 26 befattning
577 544 104 26 försedde,
697 544 96 20 bemälde
805 546 99 27 Lagmän,

155 581 106 25 likmätigt
281 580 79 26 nådiga
380 579 151 27 förordningen
550 579 23 19 af
589 579 40 19 den
647 579 11 19 3
675 579 100 19 Februari
793 580 60 26 1868,
869 587 36 13 an-

155 614 81 26 gående
253 614 25 20 de
296 614 123 26 rättigheter
438 613 40 20 och
498 613 152 27 skyldigheter,
670 619 44 13 som
730 613 118 21 tillkomma
863 622 42 12 em-

156 648 54 20 bets-
230 648 40 20 och
290 649 133 25 tjenstemän,
443 647 83 20 hvilkas
549 647 142 26 befattningar
714 647 105 27 indragas,
840 649 66 20 under

156 683 50 19 åren
224 682 53 20 1869
294 683 39 19 och
352 682 52 20 1870
419 681 124 21 oafkortadt
558 681 84 26 åtnjutit
657 681 183 28 tingsgästningen
852 683 53 20 ifrån

156 716 130 20 sistnämnde
302 717 104 26 lagsagor.

225 751 32 20 Då
279 750 118 21 emellertid
420 750 66 20 Hans
510 750 145 26 Kejserliga
674 750 125 26 Majestät,
821 751 33 20 vid
871 752 36 20 det

157 785 72 27 frågan
253 792 34 13 om
313 786 209 26 Lagmansrätternes
547 784 128 26 indragning
700 784 113 27 afgjordes,
838 785 69 20 tillika

156 819 68 19 täckts
234 820 8 18 i
252 819 65 20 nåder
328 819 66 19 tillåta
405 818 91 20 Senaten
512 820 36 24 att,
562 818 53 20 efter
629 817 121 21 inhemtade
766 820 79 26 nödiga
856 827 50 19 upp-

156 852 116 28 lysningar,
296 853 31 20 till
350 853 65 19 Hans
438 853 119 26 Majestät
579 853 6 19 i
609 852 168 27 underdånighet
798 854 110 20 inkomma

158 887 47 20 med
231 888 79 26 förslag
335 887 130 20 beträffande
492 886 291 27 lagmanstingsgästningens
809 888 99 20 framtida

157 921 141 20 användande
314 923 53 18 samt
382 921 55 20 hvad
453 921 48 20 med
518 920 127 20 Ständernas
660 921 98 25 yttrande
774 921 7 19 i
793 921 70 21 denna
874 923 34 19 del
1139 913 3 30 |

157 955 55 26 egde
232 955 137 27 gemenskap,
389 955 68 20 såsom
478 955 40 20 ock
539 957 30 17 att
587 955 3 19 i
606 955 152 26 sammanhang
779 956 47 20 med
842 957 65 26 sagde

158 989 78 27 förslag
252 990 7 19 i
279 989 169 27 underdånighet
467 989 68 20 utlåta
558 989 31 26 sig
613 989 58 19 öfver
694 989 155 28 Ridderskapet
869 993 38 19 och

158 1023 80 20 Adelns
255 1024 155 20 ofvanberörda
424 1024 96 26 petition,
536 1023 37 20 har
589 1023 31 20 till
636 1029 26 14 en
679 1023 71 26 början
767 1023 93 22 Senaten
871 1032 36 13 an-
1136 1021 6 25 |

158 1057 72 20 modat
247 1058 133 20 Hofrätterne
396 1058 7 19 i
424 1057 73 20 landet
517 1059 30 18 att
566 1057 47 20 icke
629 1057 90 20 allenast
733 1057 42 20 läta
790 1059 56 20 inför
861 1066 46 19 pro-

158 1091 67 20 tokoll
245 1092 35 20 vid
300 1092 25 20 de
344 1092 47 20 dem
412 1092 80 19 enhvar
511 1091 160 26 underlydande
690 1092 148 21 Häradsrätter
857 1094 52 19 höra
1137 1072 3 39 |

159 1126 185 26 tingslagsboerne
359 1127 7 19 i
382 1126 115 27 anledning
512 1126 23 19 af
548 1125 58 20 såväl
621 1125 128 21 Ständernas
764 1133 45 13 som
820 1127 88 21 Ridder-

159 1160 75 26 skapet
250 1161 39 19 och
307 1160 78 20 Adelns
401 1160 161 26 ifrågavarande
578 1160 185 27 framställningar,
779 1161 70 20 såvidt
863 1162 45 19 des-

158 1200 23 13 sa
196 1194 56 26 angä
267 1194 126 26 tingslagen,
413 1196 47 17 utan
480 1194 42 20 ock
537 1193 91 20 affordra
643 1193 160 21 vederbörande
818 1195 90 21 Härads-

159 1228 112 27 höfdingar
292 1228 39 20 och
350 1228 133 20 Guvernörer
503 1228 144 26 underdåniga
665 1228 112 26 yttranden
798 1229 111 27 angående

160 1262 65 26 sagde
240 1262 177 27 framställningar
433 1264 53 18 samt
502 1262 64 21 sedan
582 1262 31 19 till
629 1261 91 21 Senaten
736 1262 110 21 inkomma
861 1264 47 19 med

159 1296 76 27 utdrag
251 1303 23 12 ur
293 1296 183 21 Häradsrätternes
500 1296 104 27 protokoll
625 1296 39 20 och
684 1296 89 20 berörde
795 1297 113 25 yttranden

158 1331 66 25 jemte
244 1337 56 20 egna
318 1330 122 20 utlåtanden
456 1331 7 18 i
479 1331 77 25 saken;
577 1330 64 20 hvarå
661 1330 40 20 och
719 1330 65 20 sedan
801 1331 58 20 detta
873 1332 38 19 allt

160 1365 24 19 af
200 1365 135 19 Hofrätterne
355 1365 103 26 fullgjorts
478 1367 54 18 samt
552 1365 90 20 Senaten
663 1364 45 20 utaf
725 1364 26 20 de
767 1365 88 20 sålunda
870 1366 40 19 till-

161 1399 79 19 komna
263 1399 152 26 handlingarne
441 1399 103 20 inhemtat
566 1401 30 18 att
618 1398 146 27 väsendtligen
787 1399 124 27 skiljaktiga

162 1433 110 26 meningar
288 1433 6 19 i
310 1435 71 18 ämnet
399 1433 84 20 uttalats
499 1433 23 20 af
535 1434 19 25 ej
570 1433 82 20 mindre
670 1433 240 27 embetsmyndigheter-

162 1473 27 13 na
213 1470 27 16 än
266 1467 188 26 tingslagsboerne,
483 1467 72 20 ibland
580 1467 73 19 hvilka
679 1466 89 20 sednare
793 1473 27 14 en
845 1470 66 18 större
