1142 1786
360 444 58 20 Hans
433 444 137 26 Kejserliga
584 444 123 27 Majestäts
722 444 91 28 Nädiga
828 446 112 26 proposi-

326 479 49 20 tion
397 478 30 20 till
447 478 87 21 Finlands
559 479 86 25 Ständer,
668 480 97 26 angående
785 480 104 20 förändrad
912 481 28 25 ly-

326 513 52 20 delse
393 513 22 19 af
427 513 8 19 I
452 513 12 25 &
480 513 20 20 15
516 513 43 26 kap.
574 513 21 21 R.
610 514 20 20 B.

257 576 73 26 Enligt
346 576 9 19 1
373 577 10 22 $
400 576 24 19 15
441 575 47 26 kap.
505 576 24 19 R.
545 575 22 20 B.
579 579 23 16 är
616 576 47 25 den,
675 582 44 14 som
731 576 84 20 tilltalas
827 576 30 20 för
868 577 70 25 gröfre

189 610 52 20 eller
264 610 81 19 mindre
368 609 62 26 brott,
452 609 140 27 ovilkorligen
617 610 86 26 skyldig
723 612 30 18 att
767 610 50 26 sjelf
830 610 35 20 vid
881 610 57 20 dom-

190 644 66 20 stolen
280 643 189 20 tillstädeskomma
491 644 38 19 och
550 644 104 20 svaromål
670 644 85 26 afgifva.
785 644 47 19 Men
849 644 88 20 emedan

189 678 57 20 detta
261 678 123 26 stadgande,
400 677 127 20 åtminstone
550 677 27 20 då
591 678 60 26 fråga
667 681 22 16 är
705 684 33 14 om
753 678 85 26 ringare
858 677 80 28 förbry-

188 712 59 25 telse,
270 712 34 20 vid
328 712 161 26 tillämpningen
512 712 54 19 visat
587 712 33 26 sig
635 712 54 20 både
705 712 82 26 obilligt
803 704 49 28 och"
863 712 76 20 mindre

188 746 103 26 lämpligt,
306 745 69 20 såsom
391 745 43 20 ofta
450 746 38 19 och
504 746 122 26 isynnerhet
643 749 37 17 när
700 746 130 27 angifvelsen
851 746 19 26 ej
886 746 52 20 kun-

189 782 35 18 nat
239 786 76 20 genom
332 780 59 19 bevis
407 779 83 27 styrkas
507 779 150 21 föranledande
672 780 31 20 till
719 781 128 19 svarandens
866 781 72 23 onödj-

188 820 28 21 ga
231 814 39 20 och
293 813 97 27 oskäliga
414 813 134 27 betungande
572 814 46 19 med
636 814 104 27 långväga
756 814 37 20 och
811 814 128 20 kostsamma

188 855 64 18 resor,
269 848 55 20 helst
340 848 50 19 hans
406 848 120 26 personliga
542 850 87 18 närvaro
646 848 6 20 i
668 848 25 20 de
713 848 60 20 flesta
791 848 36 20 fall
850 848 88 26 egentli-

188 890 41 19 gen
245 882 81 20 kunnat
342 888 60 13 anses
418 882 62 19 lända
494 882 75 19 endast
585 882 75 20 honom
677 882 50 26 sjelf
740 883 30 19 till
783 882 68 27 någon
863 882 75 25 fördel,

188 923 64 20 synes
268 923 26 13 en
311 916 123 26 förändring
449 915 124 20 härutinnan
590 923 51 13 vara
655 916 24 20 af
695 916 100 20 behofvet
817 916 96 26 påkallad
931 916 7 19 i

188 950 23 20 så
227 950 71 26 måtto,
322 952 30 17 att
366 950 7 19 i
388 950 84 26 ringare
497 950 96 20 brottmål
617 951 40 19 den
674 950 118 27 anklagade
809 949 34 20 må
860 949 78 21 tillåtas

188 991 75 20 genom
280 984 119 26 fullmäktig
414 990 67 19 svara,
498 984 69 20 derest
581 984 47 20 icke
645 985 100 20 domaren
761 984 22 20 af
796 991 27 13 en
841 984 52 19 eller
901 990 35 14 an-

188 1025 41 13 nan
253 1018 61 20 orsak
338 1018 68 20 finner
428 1018 77 20 honom
529 1018 51 20 böra
603 1019 134 26 personligen
756 1018 85 19 inställa
855 1018 32 25 sig
903 1017 34 20 vid

188 1055 80 23 rätten;
284 1053 6 19 i
306 1052 152 26 sammanhang
480 1052 100 20 hvarmed
603 1053 62 20 äfven
689 1052 68 20 skulle
777 1052 104 20 erfordras
896 1051 41 20 den

188 1090 96 17 närmare
306 1086 123 27 förklaring,
452 1088 30 18 att
504 1086 135 27 målsegande
658 1087 66 20 under
739 1086 111 20 enahanda
868 1085 69 22 förbe-

188 1121 42 20 håll
243 1121 80 26 jemväl
338 1120 57 27 finge
410 1121 6 18 i
433 1120 73 26 dylika
529 1121 40 19 mål
591 1121 32 20 sin
639 1121 56 20 talan
718 1127 76 20 genom
814 1119 77 21 ombud
907 1122 31 18 ut-

187 1155 51 26 föra,
253 1155 87 19 hvarom
356 1154 95 21 bestämd
467 1154 107 21 föreskrift
589 1161 28 14 nu
632 1155 83 20 saknas.

256 1189 68 19 Hans
338 1189 150 25 Kejserliga
511 1189 120 25 Majestät
654 1189 37 19 har
706 1187 130 21 fördenskull
852 1187 62 26 velat,
930 1187 7 19 i

188 1222 95 27 enlighet
305 1222 47 21 med
376 1223 26 20 42
418 1224 10 23 $
444 1222 6 20 i
469 1222 199 27 Regeringsformen
692 1222 23 20 af
735 1222 41 20 den
799 1222 24 19 21
848 1220 90 27 Augusti

189 1257 61 26 1772,
273 1257 30 19 till
325 1257 119 26 antagande
470 1257 23 19 af
509 1257 116 20 Ständerna
641 1256 129 21 öfverlemna
788 1255 92 26 följande
896 1254 40 21 för-

187 1291 45 26 slag
249 1291 31 20 till
296 1291 112 20 förändrad
424 1291 81 26 lydelse
521 1291 23 20 af
559 1292 8 19 1
585 1293 9 22 $
613 1292 24 19 15
654 1291 47 26 kap.
718 1291 23 19 R.
758 1290 22 19 B.

357 1324 30 21 ”I
399 1325 45 20 mål
458 1325 94 20 rörande
567 1324 85 21 sådana
666 1327 77 24 grojva
759 1323 62 25 brott,
832 1321 41 28 för
883 1321 55 22 hvil-

289 1358 29 21 ka
333 1358 78 21 urbota
426 1365 80 14 ansvar
515 1358 72 28 finnes
603 1358 8 21 i
627 1358 36 27 lag
678 1359 75 24 utsatt,
764 1356 107 28 äfvensom
883 1356 55 27 tjuf-

290 1392 68 21 nader
380 1392 30 27 af
428 1393 46 20 alla
489 1392 55 28 slag,
563 1399 60 14 svare
637 1392 42 21 den
693 1390 56 29 sjelf,
765 1397 44 14 som
827 1389 111 28 anklagad

289 1428 33 19 är.
347 1426 97 27 Pröfvar
467 1426 102 21 domaren
591 1428 33 19 att
641 1425 44 21 han
700 1425 57 28 hjelp
773 1425 8 20 i
795 1424 143 27 rättegången

290 1459 96 27 tarfvar;
401 1460 29 21 då
445 1460 81 21 tillätes
541 1459 76 29 honom
630 1459 127 27 fullmäktig
771 1458 48 21 med
836 1458 33 27 sig
887 1457 51 27 haf-

289 1500 32 14 va.
352 1493 94 21 Mannen
463 1494 35 20 må
514 1493 37 21 ock
565 1493 93 21 hustrun
673 1492 38 21 och
729 1492 107 20 målsman
854 1490 39 21 den
914 1497 24 13 o-
