1142 1786
867 170 33 17 529

170 233 39 20 ock
226 233 70 20 blefve
312 232 87 19 dubbelt
414 231 66 26 högre
499 235 25 16 än
541 231 54 20 hvad
615 239 26 12 nu
657 232 127 27 föreslagits,
802 233 66 19 likväl
888 240 35 13 en-

170 268 46 19 dast
238 267 47 19 med
312 267 24 19 10
359 266 63 26 penni
442 265 68 20 skulle
526 266 41 19 öka
586 267 65 25 priset
666 267 27 26 på
708 269 30 17 ett
753 267 98 26 halfstop,
870 267 53 19 hvil-

170 302 41 18 ken
221 300 166 27 prisförhöjning
396 300 104 26 knappast
512 300 59 20 torde
579 300 145 20 åstadkomma
734 300 66 27 någon
812 301 113 19 inskränk-

172 336 52 25 ning
239 335 6 19 i
261 334 169 20 konsumtionen.
465 333 94 20 Orsaken
583 334 30 20 till
637 334 36 20 det
697 334 151 28 öfverklagade
871 336 56 19 onda

172 369 59 20 torde
248 368 105 26 nemligen
370 368 31 19 till
417 367 118 27 väsendtiig
551 368 34 19 del
595 368 58 26 ligga
662 368 51 26 deri,
726 371 30 17 att
764 369 160 27 lagstiftningen

172 403 94 26 reglerar
282 402 120 20 bränvinets
419 402 133 19 konsumtion
569 402 94 26 sälunda,
679 404 31 18 att
725 402 116 20 detsamma
859 403 66 19 mäste

173 437 67 26 köpas
255 436 64 20 minst
340 436 140 25 halfstoptals,
496 436 6 19 i
518 436 51 26 följd
592 436 75 20 hvaraf
687 436 41 20 den
751 436 116 20 arbetande
889 437 34 19 be-

174 471 131 26 folkningen,
328 470 62 20 äfven
414 476 34 13 om
472 470 41 19 den
535 470 75 20 endast
631 470 95 20 önskade
746 470 81 20 erhålla
845 477 24 13 en
887 478 37 19 sup

174 506 94 25 bränvin,
284 508 22 16 är
322 506 91 24 tvungen
430 505 30 18 att
474 504 99 26 antingen
590 504 111 20 tillhandla
719 504 31 26 sig
773 504 92 20 nämnda
886 505 38 19 lof-

172 540 60 26 gifna
248 539 76 25 belopp
340 538 51 20 eller
406 538 40 19 ock
462 538 80 19 besöka
558 538 68 26 någon
643 538 111 26 lönnkrog.
787 539 41 19 För
851 538 74 26 afhjel-

173 574 69 25 pande
257 573 23 20 af
294 573 56 20 detta
365 572 182 20 missförhällande
563 573 63 19 hafva
641 572 118 21 Ständerna
774 576 69 17 ansett
864 573 59 20 brän-

173 607 190 25 vinsutskänkning
386 606 78 26 suptals
486 606 62 20 äfven
565 608 55 18 utom
640 606 125 20 mältiderna
787 607 52 19 böra
857 608 7 18 i
880 608 45 19 stad

175 642 117 26 medgifvas
314 641 66 19 under
403 640 102 20 förbehäll
529 640 23 20 af
572 640 139 20 kommunens
727 641 110 26 samtycke
856 642 69 19 dertill

174 678 54 17 samt
242 677 57 18 emot
314 674 128 27 erläggande
458 674 23 20 af
494 674 89 20 särskild
599 674 223 28 utskänkningsafgift.

242 710 63 19 Emot
320 716 24 12 en
364 708 64 20 sådan
449 708 134 27 beskattning
601 709 69 20 kunde
689 709 33 19 väl
745 709 47 20 icke
808 711 49 18 utan
880 709 46 20 skäl

175 744 119 25 anmärkas,
318 745 30 17 att
370 742 122 20 densamma
508 742 67 20 skulle
591 742 65 20 blifva
679 750 26 12 en
723 743 80 26 premie
820 743 31 20 för
866 743 60 19 lönn-

175 778 115 26 krögaren;
306 784 47 12 men
369 776 26 20 dä
410 776 36 20 det
464 776 68 27 ligger
550 777 6 19 i
575 776 26 20 de
628 777 93 26 lagligen
745 777 132 27 berättigade
896 779 31 18 ut-

175 812 145 20 skänkarenes
335 811 89 19 intresse
440 812 30 18 att
487 810 110 20 motverka
611 810 165 27 lönnkrögeriet,
795 811 40 19 och
854 813 73 24 antag-

174 847 40 26 ligt
226 846 79 26 jemväl
316 848 22 16 är
354 847 30 17 att
398 844 68 26 desse,
481 844 6 20 i
504 844 51 26 följd
571 844 22 20 af
607 845 40 19 den
663 844 119 20 kännedom
801 851 34 13 om
859 844 68 20 hithö-

175 880 65 20 rande
255 878 146 21 förhällanden
418 878 12 19 &
445 881 67 23 orten,
528 885 44 13 som
588 885 47 13 man
651 878 38 20 hos
705 878 26 20 de
750 878 59 20 fleste
825 878 42 19 kan
886 878 41 19 för-

176 915 82 24 utsätta,
281 913 7 19 i
311 913 57 20 detta
383 913 34 19 sitt
440 912 132 20 bemödande
595 912 128 20 åtminstone
741 912 31 19 till
798 912 70 27 någon
894 912 35 19 del

177 948 65 20 borde
258 947 80 26 lyckas,
355 946 59 20 torde
429 946 70 19 denna
514 946 140 27 anmärkning
670 946 88 26 förfalla,
767 946 48 20 med
828 946 101 20 afseende

177 982 62 20 äfven
256 980 56 27 derä,
328 982 30 18 att
372 979 162 27 ifrägavarande
549 980 56 19 skatt
619 980 68 19 skulle
707 980 72 19 ställas
801 980 23 19 sä
843 980 42 26 läg,
901 981 30 18 att

176 1016 41 19 den
233 1016 6 19 i
255 1015 39 20 och
310 1015 32 19 för
358 1015 32 26 sig
405 1014 47 20 icke
469 1014 71 20 kunde
555 1021 61 13 anses
633 1016 104 18 motsvara
753 1014 40 20 den
809 1014 45 20 risk
869 1014 59 19 lönn-

176 1049 108 27 krögeriet
306 1051 22 17 är
351 1048 157 20 underkastadt.

245 1082 112 27 Utgäende
373 1082 45 19 frän
434 1081 62 20 dessa
511 1082 134 26 grundsatser
661 1083 39 19 och
723 1083 40 19 den
787 1082 90 26 äsigten,
899 1085 31 17 att

174 1117 80 27 jemväl
270 1116 158 21 stadskommun
438 1116 36 20 bör
490 1123 41 20 ega
546 1118 40 18 rätt
601 1118 30 18 att
645 1119 99 17 motsätta
759 1117 31 26 sig
801 1117 128 20 inrättandet

176 1152 24 19 af
214 1151 99 20 bränvins
328 1151 156 26 utminutering,
500 1150 62 20 hafva
578 1150 117 20 Ständerna
710 1151 7 19 i
733 1150 74 20 sädant
821 1151 56 26 syfte
886 1157 43 14 om-

176 1186 83 19 arbetat
281 1185 41 19 den
344 1184 84 26 Nädiga
449 1185 169 25 propositionens
641 1185 56 25 3:dje
720 1184 76 20 artikel
819 1185 111 25 angäende

177 1220 124 25 försäljning
316 1218 24 20 af
353 1218 87 20 bränvin
458 1218 39 20 och
520 1218 65 20 andra
599 1218 72 20 starka
689 1218 98 26 drycker,
805 1218 67 27 jemte
895 1218 36 21 det

178 1254 123 25 Ständerna,
318 1253 54 19 hvad
395 1252 210 27 spritfabrikanterne
628 1252 139 26 vidkommer,
785 1254 70 18 ansett
875 1253 55 25 dem,

177 1289 7 18 i
200 1287 100 21 afseende
316 1287 12 19 å
344 1287 177 26 försäljningsrätt
543 1286 39 20 och
600 1286 143 26 ansvarighet,
766 1286 50 20 böra
827 1286 104 20 likställas

179 1322 46 20 med
248 1321 242 25 bränvinsfabrikanten,
516 1321 7 18 i
548 1321 51 25 följd
626 1320 75 20 hvaraf
720 1321 41 19 den
784 1320 27 27 pä
827 1320 68 27 grund
911 1320 20 20 af

179 1356 133 27 privilegium
329 1355 12 19 &
356 1354 122 27 spritfabrik
493 1354 99 20 utöfvade
608 1354 101 26 rättighet
726 1356 30 17 att
767 1354 86 25 försälja
872 1353 59 21 brän-

177 1391 36 19 vin
233 1389 32 20 till
285 1389 76 26 belopp
377 1388 67 20 under
459 1388 40 20 fem
516 1388 81 20 kannor
612 1388 85 19 komme
712 1390 30 17 att
757 1384 95 35 upphöra;
867 1388 64 26 sprit-

178 1423 158 21 fabrikanterne
359 1422 54 20 dock
437 1422 100 27 obetaget
552 1424 29 17 att
595 1422 7 19 i
618 1421 89 27 behörig
723 1422 90 26 ordning
831 1422 101 20 särskildt

178 1457 82 20 ansöka
279 1456 310 27 minutförsäljningsrättighet.

248 1491 47 19 Den
311 1490 84 26 Nädiga
410 1490 159 26 propositionen
584 1489 108 26 förbjuder
707 1490 30 19 uti
745 1489 48 20 dess
804 1490 25 19 57
851 1490 39 19 och
906 1490 27 20 58

839 1523 23 17 34
