1142 1786
202 448 156 18 Berättelse
384 445 30 21 till
439 445 182 21 Storfurstendömet
646 445 87 21 Finlands
757 446 30 20 till
812 446 71 21 allmän

133 481 90 26 landtdag
242 480 6 20 i
266 480 116 26 Helsingfors
402 480 36 20 den
453 480 8 20 I
482 480 90 20 Februari
587 478 46 22 1872
648 480 161 21 sammankallade
827 482 56 20 Stän-

134 516 34 20 der
191 522 30 13 om
244 515 106 26 Styrelsens
374 515 129 25 tillgöranden
522 515 7 19 i
548 514 103 26 anledning
672 514 21 20 af
710 514 23 20 de
752 515 131 26 underdäniga

133 549 169 26 framställningar,
322 555 40 14 som
381 549 30 20 vid
430 548 98 21 sisthällne
548 548 90 25 landtdag
659 548 60 26 gjorts
737 548 40 21 dels
795 550 22 19 af
829 549 53 21 Stän-

134 585 67 24 derna,
219 584 97 26 angående
336 583 257 26 lagmanstingsgästningens
614 583 105 25 utgörande
739 583 35 20 och
793 584 90 20 framtida

134 618 130 25 användande,
283 618 41 20 dels
344 618 21 20 af
381 618 141 26 Ridderskapet
540 616 35 21 och
590 616 65 25 Adeln,
670 623 30 13 om
715 617 168 21 Häradsrätternes

133 652 7 20 i
155 653 23 19 de
196 652 63 20 tätare
281 652 102 20 befolkade
406 652 78 20 delarne
504 652 22 20 af
542 651 66 21 landet
627 651 113 26 förändring
758 652 30 20 till
808 658 75 20 perma-

134 688 58 20 nenta
206 686 110 21 domstolar.

203 760 69 20 Sedan
287 760 66 20 Hans
368 760 117 26 Majestät
500 760 122 26 Kejsaren
635 760 12 19 å
663 760 107 20 sisthällne
782 760 102 27 landtdag

136 795 89 27 förelagt
239 795 101 19 Finlands
356 795 88 19 Ständer
460 794 64 27 nädig
540 794 129 26 proposition
685 794 118 27 angäende,
820 795 63 20 bland

136 832 70 23 annat,
228 829 128 27 indragning
378 829 24 20 af
421 829 197 26 Lagmansrätterne
641 828 38 20 och
700 829 74 26 tillika,
793 829 32 20 för
844 830 39 20 den

137 864 100 20 händelse
252 865 30 18 att
298 863 64 27 sagde
383 863 129 26 proposition
532 862 70 20 blefve
618 862 22 20 af
655 862 116 20 Ständerna
787 865 98 25 antagen,

136 897 60 21 äskat
215 897 60 20 deras
293 897 99 26 yttrande
412 903 33 14 om
461 897 291 26 lagmanstingsgästningens
768 897 117 26 utgörande

137 931 39 20 och
196 931 98 20 framtida
315 931 146 25 användande,
480 931 64 19 hafva
562 930 118 21 Ständerna
699 931 29 20 uti
748 931 35 20 sitt
801 931 41 20 den
859 931 26 20 29

137 965 40 26 Maj
196 965 52 20 1867
268 965 99 20 daterade
387 965 144 27 underdäniga
550 971 47 14 svar
612 964 27 27 pä
654 971 80 14 samma
749 966 137 26 proposition,

138 999 83 20 hvartill
237 999 25 20 de
278 999 112 26 samtyckt,
405 999 47 20 icke
468 999 90 20 allenast
575 999 86 26 anmält,
677 1001 30 18 att
722 999 118 21 Ständerna
855 1000 32 20 för

138 1034 31 19 sin
185 1033 33 20 del
235 1033 84 20 beslutit
334 1035 30 18 att
382 1033 287 27 lagmanstingsgästningen,
689 1033 120 21 oberoende
825 1034 23 20 af
861 1034 26 25 de

138 1067 147 26 anordningar,
302 1073 43 14 som
361 1067 71 20 kunde
448 1067 66 20 blifva
529 1067 100 26 vidtagne
644 1067 7 19 i
666 1067 100 20 afseende
782 1068 13 19 &
810 1068 77 20 fördel-

138 1102 78 26 ningen
232 1101 24 20 af
269 1102 40 19 den
325 1101 30 20 till
372 1101 184 20 Häradsrätternes
576 1101 109 20 underhäll
705 1102 102 27 anslagna
822 1103 63 26 tings-

138 1136 98 27 gästning
257 1136 89 20 emellan
367 1136 222 26 Häradshöfdingarne
610 1135 39 20 och
672 1135 117 27 Nämnden,
813 1136 74 25 skulle,

138 1170 53 20 efter
214 1170 208 26 Lagmansrätternes
443 1169 138 27 upphörande
605 1169 39 20 och
665 1169 25 20 de
710 1170 105 20 ordinarie
835 1171 52 26 Lag-

139 1207 101 17 männens
256 1204 78 26 afgäng
349 1203 32 20 till
396 1210 70 13 annan
482 1204 64 25 tjenst
562 1203 51 20 eller
627 1203 48 19 med
687 1203 76 26 döden,
774 1204 113 20 oafkortad

138 1239 56 19 inom
211 1239 72 25 hvarje
300 1238 100 26 domsaga
420 1237 107 21 användas
543 1237 30 20 till
589 1237 233 28 Häradshöfdingarnes
837 1239 50 20 aflö-

139 1273 69 20 nande
228 1273 6 18 i
257 1272 158 27 hufvudsakligt
437 1272 55 26 syfte
514 1274 30 18 att
565 1271 122 27 derigenom
711 1271 98 21 befordra
831 1273 57 20 såväl

140 1306 83 20 ökande
242 1306 24 19 af
281 1306 49 26 laga
352 1305 162 27 häradstingens
537 1306 56 20 antal
613 1305 31 20 till
665 1306 64 19 minst
747 1308 30 18 tre
793 1307 46 26 ting
855 1313 33 13 om

140 1340 44 19 året
199 1340 6 19 i
221 1340 72 26 hvarje
308 1339 99 27 tingslag,
427 1346 43 13 som
491 1339 166 28 genomförande
676 1340 23 19 af
715 1340 26 20 de
758 1341 132 26 regleringar

140 1374 23 19 af
176 1373 146 27 domsagorna,
338 1373 73 20 hvilka
426 1374 32 19 för
474 1374 106 20 vinnande
591 1374 23 19 af
624 1373 89 20 berörda
728 1374 97 20 ändamål
837 1375 52 20 blef-

141 1414 25 13 ve
181 1407 144 26 erforderliga,
342 1396 48 42 utan
406 1400 40 27 ock
462 1408 88 20 anhållit
566 1410 29 17 att
608 1408 66 19 Hans
689 1407 144 28 Kejserliga
844 1409 45 20 Ma-

138 1443 80 25 jestät
233 1443 6 18 i
256 1441 64 20 nåder
336 1441 49 20 ville
401 1442 43 19 låta
459 1442 86 27 vidtaga
556 1442 41 19 alla
607 1442 7 19 i
626 1442 190 25 nyssomförmälda
826 1442 64 27 syfte-

141 1475 40 20 mål
198 1475 77 26 nödiga
290 1475 99 26 åtgärder
404 1476 47 25 och,
470 1476 2 26 i
490 1476 40 19 den
548 1475 46 20 mån
611 1475 279 28 lagmanstingsgästningen
