1142 1786
238 156 34 19 408

286 220 108 20 Utskottet
409 221 37 19 har
455 220 73 20 dervid
538 222 67 18 ansett
613 220 32 26 sig
655 220 50 19 böra
714 220 86 19 främst
795 215 9 36 i
812 219 85 20 korthet
906 219 61 20 fram-

219 255 56 20 hålla
292 255 25 19 de
326 255 85 26 åsigter,
421 261 43 13 som
475 255 38 19 hos
524 254 159 26 Magistraterne
693 254 38 19 och
743 253 170 27 Borgerskapet
903 249 12 36 i
924 253 43 20 lan-

218 289 46 20 dets
275 289 139 25 stapelstäder
422 289 55 26 gjort
485 289 32 25 sig
526 289 105 25 gällande,
640 289 90 19 rörande
738 288 151 26 lämpligheten
898 288 23 19 af
928 288 40 19 den

218 324 6 18 i
241 324 41 19 den
290 323 84 25 Nådiga
381 323 158 25 propositionen
549 322 31 20 för
589 322 167 26 tolagsafgiftens
767 322 136 20 beräknande
915 322 53 19 före-

220 358 74 25 slagna
310 356 125 20 förändrade
453 356 73 26 grund.
560 356 95 20 Nämnde
676 356 132 26 Magistrater
824 356 39 19 och
882 356 86 26 Borger-

220 391 59 26 skap,
296 390 72 20 hvilka
384 390 22 20 af
420 390 118 26 Kejserliga
554 390 90 20 Senaten
661 390 88 20 lemnats
768 390 83 20 tillfälle
869 392 30 18 att
914 392 56 24 yttra

220 426 32 25 sig
268 425 6 19 i
291 424 79 27 frågan,
387 424 63 20 hafva
465 425 86 25 enhvar,
567 424 46 20 med
631 425 106 26 undantag
753 424 22 20 af
787 424 46 20 dem
850 424 6 20 i
872 424 97 29 Helsing-

220 459 50 25 fors,
286 458 75 27 Borgå,
377 452 47 26 Åbo
441 459 39 19 och
496 458 96 27 Wiborg,
615 458 93 20 förordat
723 458 161 27 ifrågavarande
902 459 68 19 förän-

221 494 68 26 dring,
306 493 68 19 såsom
390 493 68 26 egnad
475 495 30 17 att
520 494 6 18 i
543 493 40 27 hög
602 493 51 26 grad
673 492 96 20 förenkla
791 493 98 26 afgiftens
913 492 57 20 debi-

222 528 68 25 tering
307 528 39 19 och
362 527 102 26 uppbörd,
481 527 108 20 hvaremot
605 527 135 26 Magistraten
759 527 39 19 och
817 526 155 27 Borgerskapet

222 562 5 19 i
244 561 138 27 Helsingfors,
406 561 68 20 såsom
498 569 23 12 ur
540 562 25 19 de
581 561 108 20 Utskottet
708 561 122 20 meddelade
846 561 127 26 handlingar

224 596 98 26 framgår,
338 595 48 20 icke
401 597 65 25 yttrat
482 596 32 26 sig
529 596 7 18 i
552 595 73 26 saken,
641 597 52 17 samt
708 596 6 18 i
731 595 24 19 de
772 595 68 27 öfriga
851 596 22 19 af
882 596 91 19 nämnde

222 630 47 25 fyra
285 630 69 19 städer
370 632 69 17 ansett
454 630 32 26 sig
501 630 47 19 icke
564 630 72 18 kunna
651 629 127 20 understöda
799 629 89 20 berörde
904 630 67 19 förän-

224 664 61 26 dring
308 664 177 26 hufvudsakligen
510 664 22 19 af
549 664 39 19 den
605 663 68 26 orsak,
690 666 29 17 att
734 664 91 26 tolagen,
842 670 43 13 som
906 664 68 19 blifvit

224 698 120 25 medgifven
361 698 31 19 till
408 698 194 19 vidmakthållande
617 698 24 19 af
650 698 91 26 bryggor
752 698 38 19 och
803 698 93 26 packhus
907 698 66 24 jemte

224 732 66 20 andra
306 732 77 26 nödiga
400 732 133 27 byggnaders
556 732 137 25 bekostande,
716 732 38 20 och
778 732 86 19 hvilken
883 732 45 19 från
945 732 28 19 äl-

226 766 36 20 dre
279 766 53 20 tider
349 766 67 26 utgått
438 767 48 19 med
502 773 25 13 en
544 766 125 20 åtminstone
686 767 6 19 i
708 766 34 20 det
758 769 103 17 närmaste
879 766 95 20 bestämd

226 807 78 13 summa
329 800 88 27 årligen,
441 801 123 26 derigenom
580 803 30 17 att
625 801 46 19 dess
688 801 75 26 belopp
779 800 68 20 skulle
863 804 61 23 göras
940 801 34 20 be-

227 834 78 20 roende
322 835 22 19 af
358 835 40 19 den
415 835 136 26 nedsättning
567 835 6 19 i
589 835 138 25 tullsatserne,
743 841 44 13 som
804 842 25 12 en
846 835 62 19 friare
925 835 50 19 rikt-

227 869 51 25 ning
294 869 6 19 i
316 868 208 27 tull-lagstiftningen
541 869 46 20 med
603 870 58 18 tiden
674 869 69 20 kunde
755 869 101 25 medföra,
872 869 105 19 måhända

227 903 69 19 skulle
312 903 112 20 reduceras
440 903 30 20 till
488 910 25 13 en
530 903 146 27 obetydlighet
691 903 7 19 i
712 903 121 26 jemförelse
850 903 47 20 med
909 903 26 20 de
946 906 30 17 ut-

227 937 70 26 gifter,
314 943 44 13 som
375 937 86 20 dermed
479 937 63 20 borde
559 937 108 20 bestridas.

297 971 108 26 Sistsagde
421 971 87 27 farhäga
524 978 63 19 synes
602 971 54 20 dock
673 971 106 20 Utskottet
796 978 50 13 vara
861 971 116 27 ogrundad,

228 1006 90 19 emedan
335 1005 166 26 tullintraderne,
518 1005 26 20 då
560 1005 60 20 deras
636 1005 129 26 totalbelopp
790 1005 61 26 afses,
873 1006 106 19 härintills

229 1040 47 19 icke
293 1040 54 19 visat
362 1041 32 25 sig
409 1046 50 13 vara
474 1040 6 19 i
497 1039 146 27 nedåtgående
660 1040 38 19 och
715 1040 22 19 af
751 1040 112 19 financiela
873 1040 46 19 skäl
931 1040 47 19 icke

230 1075 67 19 heller
313 1075 5 18 i
336 1074 40 20 den
400 1077 104 17 närmaste
527 1074 111 19 framtiden
662 1074 59 20 torde
739 1074 85 20 komma
843 1077 29 17 alt
887 1075 6 18 i
909 1075 69 26 någon

230 1108 157 27 väsendtligare
404 1108 46 20 mån
468 1109 112 19 nedsättas.
610 1109 40 19 För
669 1109 63 25 öfrigt
752 1109 38 19 och
807 1109 26 19 då
849 1109 84 26 tolagen
949 1111 31 17 ut-

230 1143 38 26 går
284 1143 74 19 endast
374 1143 32 19 för
421 1143 90 20 tullbara
526 1149 67 20 varor,
610 1143 69 19 kunde
696 1143 91 19 nämnda
804 1143 131 20 förhållande
944 1150 35 19 ge-

231 1184 48 12 nom
296 1177 157 19 förminskande
470 1177 22 19 af
506 1177 25 19 de
548 1177 38 19 tull
603 1177 154 19 underkastade
773 1179 158 17 varusorternas
945 1184 35 12 an-

231 1211 27 19 tal
275 1211 43 19 lika
334 1211 32 19 väl
383 1211 90 26 inträffa,
490 1218 32 13 om
539 1211 39 20 ock
598 1212 83 26 tolagen
700 1211 47 19 icke
766 1211 85 26 gjordes
875 1211 105 20 beroende

231 1247 22 18 af
267 1246 139 19 tullsatserne.

300 1280 40 19 För
356 1282 30 17 att
402 1283 94 16 närmare
512 1280 73 26 belysa
601 1280 139 20 förhållandet
751 1280 47 19 med
814 1280 168 26 tolagsafgiftens

232 1314 148 26 medelbelopp
397 1315 39 19 och
453 1315 47 19 dess
516 1315 122 25 proportion
654 1315 30 19 till
701 1315 182 19 tullinkomsterne
899 1315 6 18 i
926 1315 25 19 de
963 1315 22 19 af

233 1348 82 20 landets
331 1349 76 24 städer,
423 1349 37 19 der
477 1349 57 26 tolag
550 1348 110 26 uppbäres,
676 1349 37 19 har
729 1355 24 13 en
775 1348 118 26 beräkning
916 1349 67 19 deröf-

234 1389 34 13 ver
284 1382 23 19 år
324 1383 52 19 1867
395 1383 67 19 blifvit
478 1383 59 26 gjord
554 1383 12 19 å
580 1383 78 19 Finans
673 1383 155 26 Expeditionen
845 1382 6 19 i
872 1382 56 26 Kejs.
948 1383 35 19 Se-

234 1420 70 16 naten.
334 1417 30 19 Ur
386 1417 70 19 denna
479 1417 118 25 beräkning
612 1417 99 26 framgår,
728 1416 61 20 bland
807 1418 70 24 annat,
897 1419 30 16 att
942 1423 41 13 me-

233 1451 39 20 dan
297 1451 106 20 ordinarie
426 1451 39 20 och
489 1451 248 26 inqvarteringstolagen,
761 1451 158 26 sammanlagde
945 1451 39 20 och

236 1485 121 19 beräknade
373 1486 6 18 i
396 1485 98 20 medeltal
511 1486 31 18 för
560 1486 25 18 10
601 1485 28 25 år,
646 1486 5 18 i
669 1486 97 19 städerne
783 1485 138 25 Helsingfors,
941 1485 44 20 Wi-
