1142 1786
883 158 33 17 557

290 227 34 14 om
339 220 99 21 otillåten
449 219 142 28 försäljning
611 220 38 20 och
669 220 114 27 utdelning
802 221 31 26 af
849 220 92 21 bränvin

290 255 72 27 gäller
376 253 66 28 äfven
458 260 33 14 om
502 254 46 20 alla
558 254 86 20 sådana
655 253 150 28 blandningar
819 255 36 20 till
865 254 74 28 dryck,

289 289 34 19 uti
338 288 74 20 hvilka
428 287 92 21 bränvin
537 288 35 20 till
586 288 73 26 någon
679 287 158 28 hufvudsaklig
857 289 35 19 del
907 289 34 19 in-

289 323 48 27 går,
353 322 111 26 äfvensom
480 322 8 20 i
503 321 102 27 afseende
621 322 13 20 å
650 322 72 20 andra
737 321 86 21 brända
838 322 54 20 eller
907 322 34 20 di-

288 356 115 21 stillerade
426 356 32 20 in-
481 356 52 20 eller
550 355 119 21 utländska
689 356 157 27 spritdrycker,
869 356 71 20 såsom

288 398 53 18 rom,
365 390 89 27 konjak,
477 390 79 21 arrack
576 390 48 20 med
634 390 63 26 flere,
714 390 67 20 likväl
795 392 54 19 utan
865 397 75 13 annan

289 424 161 28 inskränkning
466 425 8 19 i
489 424 136 20 handlandes
641 426 46 18 rätt
706 426 33 18 att
757 424 102 27 försälja
881 426 60 19 näst-

290 459 93 20 nämnde
399 458 92 28 drycker
506 460 28 18 än
550 461 32 18 att
598 458 59 21 desse
673 458 52 21 böra
740 458 120 28 innehafva
876 459 41 20 den
934 460 9 19 i

289 493 15 27 $
318 493 29 20 57
358 492 143 27 föreskrifna
516 492 185 28 alkoholstyrkan,
717 495 56 18 samt
788 495 33 18 att
841 500 25 13 en
880 493 61 27 fjer-

290 527 73 20 dedels
379 526 73 21 kanna
467 529 27 18 är
502 527 35 20 det
546 528 81 19 minsta
635 526 82 28 belopp,
729 533 44 14 som
784 527 36 26 fär
826 526 116 28 föryttras

290 560 39 21 och
348 561 32 27 pä
402 561 71 20 sädan
492 561 73 28 grund
581 560 98 29 utgifvas
697 561 23 20 ät
735 561 102 27 köparen,
855 561 86 22 hvilken

291 595 45 21 icke
350 595 36 20 mä
402 595 84 21 tillåtas
502 595 13 20 å
530 595 74 20 stället
614 595 93 27 förtära
718 595 53 21 eller
783 596 76 20 utdela
867 596 73 27 något.

581 652 15 27 $
610 653 35 19 56.

363 697 73 21 Under
449 697 121 27 påstående
580 697 101 27 forsling
697 697 52 20 eller
767 698 14 20 å
799 698 81 20 sådant
896 698 45 20 till-

287 731 82 28 fälligt
384 731 164 27 upplagsställe,
571 738 44 14 som
633 732 9 20 i
655 732 15 26 $
689 732 28 20 64
737 732 145 26 omförmäles,
898 732 44 27 får

292 766 92 20 bränvin
399 766 22 26 ej
431 765 119 27 försäljas.

580 823 15 27 $
609 824 36 20 57.

358 868 106 25 Bränvin,
480 874 44 14 som
540 870 26 18 är
576 867 87 28 försatt
676 868 49 21 med
739 869 66 27 något
814 868 43 27 för
865 868 76 21 helsan

290 901 98 28 skadligt
410 904 62 18 ämne
494 902 52 21 eller
563 902 58 27 från
644 902 80 21 hvilket
742 902 135 27 finkeloljan
895 902 46 20 icke

291 935 74 28 blifvit
378 943 76 21 genom
469 937 77 26 rening
562 936 35 21 till
615 936 169 27 väsendtligaste
801 937 36 20 del
859 936 82 27 aflägs-

290 970 52 25 nad,
358 970 53 21 eller
426 970 64 21 hvars
506 969 76 29 styrka
597 970 46 21 icke
657 971 87 26 uppgår
755 971 36 20 till
797 971 66 20 minst
874 970 67 27 fyra-

291 1004 68 21 tiosex
371 1006 103 25 procents
489 1004 136 21 alkoholhalt
639 1005 38 20 vid
687 1004 87 27 femton
783 1005 93 27 graders
892 1006 49 19 vär-

290 1045 32 14 me
337 1039 14 19 å
368 1037 66 21 Celsii
449 1041 138 22 termometer,
606 1045 51 14 vare
677 1039 35 20 till
729 1038 142 27 försäljning
890 1037 51 28 för-

291 1071 80 28 bjudet,
388 1072 102 27 derifrän
507 1072 67 21 likväl
588 1073 135 26 undantaget
737 1072 46 21 icke
801 1072 79 21 renadt
905 1073 37 20 rä-

290 1108 68 22 ämne,
374 1113 45 13 som
433 1105 31 28 af
475 1105 229 22 bränvinstillverkare
714 1106 113 28 föryttras
843 1107 36 20 till
893 1106 48 30 den,

290 1147 45 13 som
357 1140 68 27 enligt
447 1140 107 21 särskildt
572 1140 141 27 privilegium
735 1147 50 21 eger
804 1140 139 21 bränvinsdi-

290 1175 112 26 stillering
418 1174 53 20 eller
486 1174 186 28 ättiksberedning
687 1174 83 27 utöfva.

545 1255 94 20 Artikel
658 1255 27 20 IV.

336 1311 43 20 Om
389 1311 133 28 forsling
541 1311 48 21 och
608 1311 104 28 upplag
730 1311 35 27 af
776 1311 121 21 bränvin.

583 1369 16 27 $
613 1369 35 20 58.

359 1412 62 21 Från
436 1415 58 18 orter
509 1416 58 17 utom
582 1412 99 21 Finland
695 1415 28 19 är
736 1413 35 21 det
781 1413 119 27 förbjudet
908 1415 33 19 att

291 1447 93 20 bränvin
406 1447 36 20 till
464 1447 75 21 landet
561 1447 82 27 införa.
679 1447 146 27 Beträffande
847 1447 95 27 införsel

291 1481 31 27 af
341 1481 92 21 bränvin
451 1481 43 27 för
514 1481 68 29 ryska
598 1481 95 27 flottans
716 1481 70 27 behof,
809 1481 60 27 gälle
887 1481 54 21 dock
