1142 1786
244 156 34 18 218

220 219 33 20 för
269 219 65 26 sagde
350 221 16 24 $,
383 223 53 16 samt
451 219 31 20 till
499 220 48 19 dem
564 220 103 20 hvardera
684 221 57 26 fogat
760 221 40 19 den
821 220 150 20 straffbestäm-

222 254 58 26 Ring,
296 260 52 19 som,
366 253 65 27 enligt
447 254 117 19 Utskottets
580 254 104 26 omdöme,
705 254 37 20 bör
761 255 78 19 bereda
858 257 63 23 utväg
941 253 29 20 till

222 287 26 19 de
265 287 111 27 brottsliga
398 288 93 19 ansedda
513 288 165 26 handlingarnes
701 289 86 19 rättvisa
811 288 162 20 bestraffande
963 283 15 35 i

223 322 175 20 förekommande
414 322 41 20 fall.
486 322 9 19 I
511 322 74 20 sådant
609 322 55 26 syfte
686 326 23 16 är
731 323 36 19 det
782 322 46 23 ock,
852 329 44 13 som
916 323 56 19 det
960 318 16 34 i

221 356 160 26 propositionen
405 356 87 26 intagna
518 356 102 20 straffbud
639 357 32 19 för
687 356 108 27 handling,
813 356 74 20 hvaraf
900 356 73 20 hinder

221 390 6 19 i
244 390 156 26 inrättningens
417 390 137 26 begagnande
570 391 18 25 ej
606 390 51 26 följt,
675 390 68 20 blifvit
757 391 24 19 af
793 391 108 20 Utskottet
916 390 56 20 bibe-

223 424 65 19 hållet
311 425 75 19 endast
409 425 31 19 för
466 425 34 19 det
524 424 143 20 förstnämnda
685 425 67 26 slaget
771 425 52 19 eller
839 425 132 26 uppsåtligen

222 458 61 26 gjord
307 458 72 20 skada.
409 459 41 19 Vid
472 459 34 19 det
521 459 88 19 sednare
625 459 68 26 slaget
709 459 51 20 eller
775 459 80 26 åtgärd,
873 459 98 26 vidtagen

224 495 48 17 utan
289 492 97 27 behörigt
409 492 99 26 tillstånd,
529 500 46 12 men
595 493 64 19 också
675 495 48 18 utan
740 494 63 25 afsigt
817 496 30 17 att
862 493 72 25 skada,
950 496 23 16 är

224 527 36 19 det
275 527 101 25 deremot,
392 527 31 19 för
438 530 30 17 att
484 528 116 26 gerningen
617 527 53 20 skall
691 527 71 20 kunna
785 534 61 13 anses
869 527 104 25 straffbar,

222 560 63 21 äfven
302 561 66 26 enligt
384 561 39 20 den
440 561 83 27 Nådiga
539 562 164 25 propositionen,
723 562 136 26 nödvändigt,
878 564 30 17 att
926 568 45 19 ger-

224 595 78 26 vingen
319 595 53 19 skall
389 595 62 19 hafva
468 596 87 19 medfört
572 596 75 19 hinder
663 596 6 19 i
685 596 155 26 inrättningens
853 596 119 26 begagnan-

224 629 36 24 de;
284 631 30 17 ett
336 629 107 26 straffbud,
467 636 44 13 som
531 630 69 19 kunde
616 636 61 14 anses
693 630 87 19 omfatta
793 630 78 26 jemväl
888 630 26 19 de
930 630 42 25 fall,

224 663 26 19 då
266 663 70 20 denna
359 663 77 26 påföljd
463 664 23 19 af
502 664 99 26 åtgärden
618 664 6 19 i
641 664 59 26 fråga
716 664 53 22 hade
785 664 88 20 alldeles
889 664 84 19 uteblif-

224 698 36 24 vit,
278 697 64 20 måste
359 698 132 26 följaktligen
508 698 109 19 undvikas.

293 732 45 19 Den
362 732 83 26 Nådiga
468 732 156 26 propositionen
646 732 149 20 utsätter-icke
811 732 61 19 straff
885 732 30 19 för
932 732 40 19 för-

224 766 38 20 sök
278 769 30 17 all
324 769 51 23 göra
390 766 66 20 skada
475 766 11 19 å
502 766 123 26 gasledning
646 766 51 20 eller
713 766 164 26 vattenledning.
912 766 62 19 Detta

224 808 63 19 synes
311 800 107 20 Utskottet
440 807 50 13 vara
505 806 25 13 en
551 800 82 26 verklig
650 800 57 26 brist,
723 801 53 19 helst
792 801 83 26 Nådiga
890 801 82 25 fridlys-

225 835 151 26 ningsstadgan
400 835 31 19 för
454 834 81 20 landets
557 835 120 26 jernvägar,
702 835 86 19 kanaler
811 835 38 19 och
875 835 96 26 telegraf-

223 870 142 25 inrättningar
387 869 23 19 af
430 869 40 19 den
492 869 27 19 24
534 869 120 19 November
675 870 53 19 1864
744 870 5 18 i
766 870 12 19 2
794 869 39 20 och
850 870 12 18 4
878 871 21 22 $$
918 869 54 19 stad-

224 910 38 19 gar
278 903 60 20 straff
359 903 31 19 för
413 903 70 19 försök
500 905 30 17 att
545 903 12 19 å
572 903 46 19 dem
635 905 51 24 göra
706 903 71 20 skada.
808 903 107 20 Utskottet
930 903 43 26 har,

225 938 5 19 i
247 937 219 20 öfverensstämmelse
482 937 85 20 dermed
584 937 39 20 och
640 937 88 20 emedan
745 937 142 26 förbrytarens
900 937 73 20 brotts-

225 972 42 25 liga
283 972 70 25 afsigt,
369 971 22 20 sä
407 974 57 17 snart
480 971 39 20 den
537 971 6 20 i
558 974 55 23 yttre
629 972 101 25 handling
745 972 60 26 gifvit
821 972 32 26 sig
864 972 110 22 tillkänna,

225 1006 65 19 ehuru
314 1006 69 19 denna
406 1005 64 26 afsigt
489 1005 6 19 i
516 1005 50 26 följd
582 1006 22 19 af
618 1006 184 26 omständigheter,
818 1005 120 20 oberoende
955 1006 22 19 at

226 1040 52 19 hans
302 1039 56 26 vilja,
382 1039 47 20 icke
453 1039 154 26 förverkligats,
631 1040 65 25 enligt
719 1040 116 19 Utskottets
859 1039 69 26 tanke,
952 1043 22 16 är

225 1073 105 24 straffbar,
354 1076 68 17 ansett
444 1074 32 25 sig
500 1073 50 20 böra
565 1074 106 19 utsträcka
685 1074 41 19 den
742 1074 6 19 i
764 1075 12 19 2
793 1081 62 12 mom.
875 1074 22 19 af
911 1073 62 20 änbe-

226 1108 62 19 rörde
304 1110 9 22 $
329 1108 87 26 intagna
431 1107 221 27 straffbestämningen
665 1108 80 25 jemväl
756 1108 29 19 till
798 1108 70 19 försök
881 1110 29 17 att
924 1114 49 19 upp-

226 1143 90 25 såtligen
334 1141 66 20 skada
415 1142 161 26 ifrågavarande
593 1142 164 27 anläggningar;
773 1142 72 20 dervid
861 1142 113 25 Utskottet,

225 1176 33 20 till
275 1176 173 19 förekommande
466 1176 22 19 af
501 1176 39 19 den
558 1176 104 26 tolkning,
678 1178 31 17 att
723 1176 36 20 det
773 1177 7 18 i
801 1177 3 18 I
826 1182 61 13 mom.
899 1178 76 17 utsatta

226 1211 109 19 minimum
360 1210 22 19 af
403 1210 59 20 böter
482 1216 48 14 vore
550 1213 30 16 att
595 1210 106 27 iakttagas
717 1210 62 20 äfven
796 1210 34 20 vid
847 1210 127 26 tillämpnin-

226 1252 42 19 gen
284 1245 24 19 af
321 1245 12 19 2
349 1250 69 19 mom.,
442 1245 28 18 uti
494 1244 57 20 detta
573 1245 88 19 -sednare
679 1247 92 18 moment
787 1245 67 26 tillagt
869 1246 30 18 ett
915 1244 59 20 mini-

227 1286 55 13 mum
299 1279 22 19 af
335 1279 57 26 tjugu
409 1278 66 19 mark.

296 1313 72 19 Under
384 1312 117 20 Utskottets
517 1313 186 26 öfverläggningar
719 1313 6 19 i
741 1313 88 19 ärendet
844 1313 37 19 har
897 1313 35 19 det
940 1319 35 13 an-

227 1347 85 26 märkts,
336 1349 29 17 att
387 1346 162 27 ifrågavarande
570 1347 122 26 förordning
708 1347 61 19 äfven
787 1347 64 19 borde
870 1347 107 20 innehålla

226 1381 106 20 särskilda
354 1381 217 26 straffbestämningar
593 1381 32 19 för
648 1381 26 19 de
697 1381 42 26 fall,
763 1381 26 19 då
806 1381 127 25 menniskor,
951 1388 24 12 en

227 1415 52 20 eller
302 1415 57 25 flere,
383 1415 31 19 till
434 1415 51 26 följd
505 1415 23 20 af
541 1415 67 26 någon
625 1415 23 19 af
662 1415 25 20 de
704 1415 129 25 handlingar,
850 1421 44 13 som
911 1415 66 26 enligt

230 1451 8 18 1
256 1451 10 22 $
283 1449 5 19 i
305 1449 69 20 denna
389 1449 123 26 förordning
529 1449 63 19 borde
610 1449 47 19 med
673 1449 60 20 straff
746 1449 108 26 beläggas,
870 1449 55 25 ljutit
940 1449 35 19 dö-

228 1483 40 19 den
286 1483 51 19 eller
353 1482 46 20 lidit
414 1483 84 19 svårare
514 1483 152 25 kroppsskada,
683 1485 48 17 utan
747 1485 31 17 att
793 1483 61 19 dessa
874 1483 103 25 päföljder
