1142 1786
859 159 32 16 317

164 222 150 25 förordningen
331 222 23 19 af
368 221 39 20 den
424 222 12 18 4
454 221 58 25 April
531 221 52 19 1864
595 221 128 20 omnämnda
736 221 180 26 angelågenheter

164 255 23 20 af
200 255 112 20 enahanda
334 257 32 18 art
388 255 64 20 måtte
469 254 65 20 blifva
551 255 46 19 med
617 255 63 25 nödig
696 255 167 26 likstämmighet
881 255 33 20 be-

164 289 112 23 handlade,
301 289 37 19 har
361 289 67 19 Hans
451 289 144 25 Kejserliga
617 289 123 25 Majestät
764 289 55 19 velat
840 289 77 20 föreslå

164 323 182 20 Landtständerna
369 324 36 23 att,
429 322 46 20 med
502 322 146 26 upphäfvande
672 323 23 19 af
712 323 57 19 såväl
785 324 19 24 4,
821 324 11 18 5
849 323 38 20 och
905 324 10 19 6

164 360 22 22 $$
202 358 28 19 24
245 357 48 26 kap.
310 356 205 27 Byggningabalken
532 356 39 20 och
587 356 158 27 Förordningen
766 357 40 19 den
827 358 12 18 4
855 357 60 26 April

166 392 60 25 1864,
250 398 44 13 som
311 391 119 26 åberopade
446 393 10 22 $
473 391 25 19 43
515 391 6 19 i
537 390 149 20 Resolutionen
702 390 23 20 af
739 391 39 19 den
796 392 12 18 9
828 391 87 20 Decem-

165 426 37 19 ber
220 425 53 19 1766
290 425 39 19 och
345 424 153 27 Förklaringen
514 424 22 20 af
550 424 40 20 den
609 426 8 18 1
635 424 88 27 Augusti
738 425 59 26 1770,
811 426 32 18 för
854 426 61 19 fram-

164 460 59 19 tiden
240 458 62 21 måtte
319 459 84 26 stadgas
420 459 38 19 och
475 458 108 20 förordnas
599 458 27 26 på
642 461 40 17 sätt
697 465 44 13 som
758 459 72 26 följer:

522 518 9 21 s
549 516 16 19 1.

337 562 227 26 Brandstodsförening
587 562 57 19 inom
669 562 98 19 kommun
796 562 27 26 på
845 562 71 20 landet

269 596 54 19 skall
338 598 108 24 upprättas
463 596 33 19 vid
513 596 212 20 kommunalstämma
740 596 6 19 i
763 596 39 19 den
820 596 97 26 ordning,

270 636 44 14 som
338 630 32 19 för
392 630 66 20 andra
481 629 135 21 kommunala
631 630 100 19 ärenders
751 630 129 26 behandling
895 633 23 17 är

270 664 152 25 föreskrifven
419 660 9 35 ;
438 664 40 20 och
496 664 36 20 bör
542 664 31 20 för
585 664 72 26 hvarje
668 664 59 26 dylik
739 664 96 26 förening
846 664 71 26 vegle-

271 701 69 17 mente
356 700 105 24 uppgöras
477 700 53 18 samt
545 698 6 20 i
567 698 99 20 afseende
677 698 12 20 å
700 698 99 26 pröfning
811 698 39 20 och
862 698 55 20 stad-

270 732 85 20 fästelse
378 732 98 20 insändas
500 732 30 20 till
554 732 137 20 Guvernören
714 732 6 20 i
744 732 63 24 länet,
830 732 87 20 hvilken

270 773 50 20 eger
336 768 30 18 att
382 766 46 20 med
445 766 65 20 saken
527 767 78 19 förfara
620 766 66 27 enligt
702 767 23 19 71
743 768 10 22 $
769 767 6 19 i
791 767 126 20 Förordnin-

270 808 40 19 gen
326 801 23 19 af
362 801 40 19 den
420 801 11 19 6
452 801 100 19 Februari
577 801 52 19 1865
653 800 110 26 angående
785 800 132 20 kommunal-

270 835 155 26 förvaltningen
442 835 27 26 på
485 835 77 20 landet.

338 870 62 19 Flere
424 869 124 20 kommuner
570 870 56 19 inom
650 876 79 13 samma
747 869 34 19 län
803 869 40 26 må,
859 870 6 19 i
882 869 36 20 fall

272 903 25 20 de
320 903 72 20 derom
417 903 190 25 öfverenskomma,
634 909 121 20 gemensam
784 903 134 20 brandstods-

271 937 97 27 förening
383 937 57 26 ingå.

523 996 10 22 s
549 995 19 18 2

339 1040 31 19 En
396 1040 58 25 hvar,
477 1046 44 13 som
545 1039 100 27 fastighet
663 1040 27 26 på
709 1040 70 19 landet
797 1047 50 20 eger
868 1040 52 20 eller

271 1074 95 25 innebar,
383 1080 49 13 vare
448 1074 76 25 pligtig
540 1075 29 18 att
584 1073 64 20 hafva
658 1074 41 19 alla
710 1074 123 27 byggnader
843 1074 7 19 i
862 1081 56 12 man-

272 1109 39 19 och
327 1108 129 26 ladugården
473 1110 53 17 samt
542 1108 137 26 lägenhetens
691 1109 40 19 rior
743 1108 121 20 försäkrade
876 1111 43 18 mot

272 1142 74 19 förlust
361 1142 6 19 i
384 1142 51 25 följd
451 1142 23 19 af
487 1142 143 25 brandskada;
653 1142 92 20 härifrån
765 1142 53 20 dock
840 1143 78 20 undan-

272 1180 62 22 tagne
350 1176 152 20 frälsesäterier
518 1177 38 19 och
571 1177 126 25 ladugårdar
711 1178 53 18 samt
775 1176 144 26 kyrkoherde-

272 1210 40 20 bol.
343 1210 257 27 Fastighetsinnehafvare
623 1213 23 17 är
669 1210 117 27 berättigad
807 1212 30 18 att
856 1211 64 19 vinna

272 1245 108 19 försäkran
397 1245 6 19 i
419 1245 226 26 brandstodsförening
660 1245 56 19 inom
729 1245 126 19 kommunen
865 1245 54 26 jem-

272 1279 32 20 väl
322 1279 31 20 för
369 1279 67 26 öfrige
452 1279 125 26 byggnader
593 1279 12 20 å
620 1279 133 26 lägenheten.

339 1314 109 26 Rättighet
468 1316 31 17 att
523 1314 31 19 för
578 1314 123 26 byggnader
724 1313 83 26 deltaga
829 1313 6 19 i
855 1313 64 20 sådan

272 1348 234 26 brandstodsförening.
517 1348 129 19 tillkommer
667 1348 61 19 äfven
745 1347 64 20 andra
825 1347 94 20 kommu-

272 1389 51 13 nens
340 1382 144 20 medlemmar.

340 1416 117 20 Brandstod
476 1416 39 25 må,
532 1417 6 18 i
555 1416 100 19 händelse
671 1415 158 20 vederbörande
849 1415 70 20 derom

271 1450 191 25 öfverenskomma,
480 1450 87 20 utfästas
581 1450 78 26 jemväl
677 1449 31 20 för
724 1449 142 27 lösegendom.
