1142 1786
881 165 33 16 293

182 229 22 19 af
218 227 101 27 gammalt
334 229 59 24 mynt
408 227 109 20 äfvensom
536 227 24 20 af
575 227 64 26 ”Sölf,
658 227 47 20 Gull
722 227 39 19 och
776 227 87 26 Koppar
882 231 53 17 samt

182 262 113 20 allehanda
313 261 126 20 Metallkäril
460 261 39 20 och
518 261 65 20 andre
602 267 45 13 rare
663 261 109 26 stycken”,
788 268 44 13 som
854 262 80 20 fordom

184 296 177 25 blifvit
267 291 12 35 i
291 296 70 25 jorden
386 295 96 19 nedsatta
504 297 30 17 att
557 295 100 25 förvaras,
681 302 47 12 men
751 295 65 19 sedan
839 296 96 26 förgätits

184 330 39 20 och
239 330 37 18 der
291 329 148 26 qvarlemnats,
460 329 69 19 såsom
551 328 39 20 ock
610 328 117 26 ”botnfynd
748 329 5 19 i
769 329 55 26 sjöar
840 330 40 20 och
895 330 39 26 sjö-

184 364 114 25 stränder”,
315 362 67 20 skulle
399 362 23 20 af
435 362 134 26 upphittaren
586 362 124 26 hembjudas
726 362 81 20 kronan
823 364 31 19 till
870 364 64 20 sådan

183 398 89 25 inlösen,
295 398 29 18 att
347 396 80 20 kronan
452 396 69 20 behöll
544 396 75 26 fyndet
641 396 39 20 och
704 399 76 17 ersatte
801 398 133 26 upphittaren

184 432 41 20 den
241 432 76 19 honom
335 430 159 20 tillkommande
512 430 130 26 tredjedelen
659 430 21 20 af
689 431 85 25 godsets
785 432 72 20 värde.
873 432 61 20 Dess-

184 468 56 17 utom
263 465 67 19 skulle
354 464 39 20 den
418 464 126 26 upphittare,
567 470 44 14 som
635 465 94 25 redligen
745 465 90 26 angifvit
855 466 80 26 fyndet,

183 500 146 26 ihågkommas
339 498 46 20 med
395 498 64 26 något
474 498 170 25 ”nädeteeken”;
661 499 108 19 hvaremot
783 500 152 26 undandöljan-

184 535 37 19 det
236 534 22 19 af
272 533 54 19 slika
342 532 62 20 saker
419 532 69 20 skulle
504 538 61 14 anses
581 532 68 20 såsom
665 533 136 20 försnillande
812 534 22 19 af
843 534 92 20 kronans

184 570 47 18 rätt.

252 601 32 20 Då
300 601 75 19 hittare
391 600 117 20 emellertid
525 600 37 20 allt
577 603 55 17 ännu
648 601 92 27 lagligen
752 602 66 19 erhöll
830 602 52 20 blott
893 603 42 19 den

184 636 62 19 andel
262 635 122 25 landslagen
401 634 109 26 stadgade,
526 641 63 19 synes
605 635 36 19 det
656 641 43 13 som
716 641 34 13 om
765 638 30 17 ett
807 636 80 20 mindre
899 643 36 13 an-

184 670 27 19 tal
229 670 52 26 fynd
296 669 89 19 kommit
400 668 36 20 det
451 668 107 20 allmänna
574 668 31 20 till
621 669 62 26 godo,
700 669 103 26 hvarföre,
819 670 28 26 på
857 670 78 20 kansli-

185 704 112 24 kollegiets
312 703 40 19 och
368 702 84 20 sekreta
468 702 111 20 utskottets
595 702 35 20 vid
648 703 54 19 1734
717 703 32 19 års
765 704 86 26 riksdag
866 704 69 20 initia-

184 739 38 25 tiv,
243 738 1 19 i
260 738 12 19 2
287 740 10 21 $
313 738 26 18 48
355 736 52 26 Kap.
424 736 26 19 M.
466 736 23 19 B.
506 736 68 26 intogs
597 736 36 20 det
655 737 132 26 stadgandet,
810 740 36 23 att,
862 738 7 19 i
885 738 50 19 hän-

185 772 57 20 delse
259 771 62 20 bland
338 770 129 26 nedgräfven
484 770 62 26 skatt,
571 770 132 27 bottenfynd,
727 772 50 19 eller
795 774 64 17 annat
879 772 56 25 slikt,

185 806 67 19 finnas
268 804 101 27 gammalt
385 805 65 25 mynt,
466 804 57 26 guld,
540 804 77 26 silfver,
633 804 88 27 koppar,
741 806 72 19 metall
833 806 51 19 eller
900 812 35 13 an-

184 840 38 20 dra
244 838 159 27 konststycken,
426 838 76 20 sådant
524 838 68 20 skulle
611 838 113 27 konungen
741 839 123 26 hembjudas
882 843 54 17 samt

182 875 134 26 jordegaren,
332 872 44 20 ifall
392 872 75 26 godset
482 872 93 25 inlöstes,
592 872 80 20 erhålla
687 873 47 19 dess
750 873 51 20 fulla
809 874 70 25 värde,
896 874 39 20 och

184 915 26 13 en
226 907 122 20 åttondedel
364 906 129 25 derutöfver;
511 906 80 19 hvilket
606 907 43 25 allt,
665 907 6 19 i
687 907 51 26 följd
753 907 24 20 af
789 909 30 18 ett
837 907 100 20 särskildt

185 942 48 25 mål,
255 941 123 26 ytterligare
401 940 119 26 inskärptes
544 946 76 20 genom
644 940 75 27 Kongl.
745 941 85 20 Brefvet
853 942 40 19 den
909 942 27 19 20

186 976 89 26 Augusti
291 975 61 25 1755,
366 975 66 25 jemte
448 974 83 20 erinran
544 976 29 17 att
585 974 170 27 undandöljande
766 975 51 20 eller
831 975 104 26 försking-

185 1010 65 19 rande
265 1009 23 20 af
301 1009 74 20 sådant
389 1008 52 26 fynd
458 1008 6 19 i
482 1009 11 18 5
511 1010 10 22 $
537 1009 26 18 48
579 1008 52 26 Kap.
649 1009 26 19 M.
691 1009 22 20 B.
730 1015 49 14 vore
792 1009 85 26 belagdt
888 1009 47 20 med

186 1045 59 19 böter
261 1043 31 20 till
307 1043 78 20 dubbla
400 1043 101 25 beloppet
516 1042 23 19 af
552 1042 35 20 det
603 1042 119 27 förtegades
738 1043 50 20 eller
803 1043 132 20 försnillades

186 1078 70 20 värde.

253 1111 29 20 På
304 1113 42 18 sätt
367 1111 155 20 ofvanberörde
548 1111 51 20 1629
619 1111 34 19 års
672 1111 126 19 instruktion
817 1111 69 26 gifver
902 1111 35 19 vid

185 1146 90 25 handen,
291 1145 48 26 ålåg
354 1145 177 26 riksantiqvarien
547 1147 30 17 att
592 1151 55 20 noga
663 1145 95 26 uppsöka
773 1145 69 26 gamla
852 1145 85 19 skrifter

185 1181 39 19 och
240 1179 125 26 handlingar
380 1181 54 17 samt
450 1179 125 19 efterforska
592 1179 60 19 hvad
663 1185 44 13 som
726 1179 84 25 tjenade
830 1179 32 19 till
881 1179 55 19 forn-

185 1214 69 21 tidens
271 1213 121 26 belysande.
423 1213 40 19 För
479 1212 71 20 denna
564 1212 34 20 del
614 1213 23 19 af
646 1212 186 27 fornforskningen
843 1212 93 20 verkade

184 1249 62 20 äfven
262 1247 132 26 riksarkivet,
411 1247 87 20 hvilken
515 1247 76 20 anstalt
606 1247 65 20 första
687 1247 84 26 gången
786 1247 23 19 så
821 1247 114 19 benämnes

186 1284 28 19 uti
230 1285 30 17 ett
275 1281 76 27 Kongl.
368 1281 142 20 förordnande
526 1281 23 20 af
578 1281 61 26 1620,
662 1281 39 20 och
722 1281 62 20 bland
803 1281 62 19 hvars
885 1280 52 26 ålig-

185 1317 84 27 ganden
286 1317 34 19 det
336 1315 64 20 också
418 1315 72 26 ingick
512 1318 29 17 att
561 1315 64 19 vårda
643 1315 40 20 och
706 1315 66 19 ordna
787 1315 65 19 rikets
867 1315 71 26 gamla

186 1351 126 26 handlingar
328 1350 39 19 och
382 1349 114 20 historiska
512 1349 113 19 urkunder.
656 1349 44 19 Och
713 1355 76 20 genom
801 1349 75 26 Kongl.
887 1349 50 19 För-

186 1385 116 26 ordningen
327 1384 40 19 den
391 1383 26 20 20
441 1383 55 19 Mars
521 1383 52 20 1735
590 1383 87 19 utfästes
693 1383 69 26 skälig
778 1383 160 26 vedergällning

186 1420 21 19 åt
222 1419 48 25 den,
293 1424 45 14 som
362 1417 112 26 upptäckte
498 1417 72 26 gamla
592 1417 86 20 skrifter
701 1417 38 19 och
763 1416 132 27 handlingar,
918 1416 22 19 af

186 1453 73 20 hvilka
274 1452 101 19 historien
392 1451 38 20 och
447 1451 165 26 antiqviteterna
628 1451 69 19 kunde
713 1450 84 26 tillflyta
813 1450 63 26 något
886 1450 52 25 ”ljus

187 1487 39 19 och
242 1487 55 19 riket
312 1485 69 26 någon
400 1485 85 19 heder”.
