1142 1786
345 450 58 19 Hans
418 450 141 25 Kejserliga
573 450 122 25 Majeståts
711 450 86 25 Nådiga
813 452 110 25 proposi-

311 484 50 19 tion
376 484 29 19 till
422 484 87 20 Finlands
524 484 87 24 Stånder,
629 490 30 13 om
677 484 106 25 antagande
804 485 21 19 af
843 492 23 13 en
884 486 39 20 för-

311 518 81 24 fattning
421 518 98 24 angående
543 517 83 20 forntida
648 518 161 20 minnesmärkens
832 519 92 21 fredande

311 551 35 20 och
361 551 113 21 bevarande.

242 620 68 20 Sedan
334 620 200 19 Storfurstendömet
559 620 98 19 Finlands
681 620 34 20 vid
731 620 109 21 sisthållna
855 622 66 19 landt-

177 654 41 26 dag
234 654 125 20 församlade
382 654 90 19 Ständer
493 654 36 19 hos
549 654 65 19 Hans
635 654 120 26 Majestät
773 655 128 26 Kejsaren
918 656 5 18 i

178 688 166 26 underdånighet
360 688 88 19 anhållit
464 694 32 13 om
513 688 124 20 utfärdande
653 688 22 20 af
689 695 25 13 en
731 689 128 27 författning,
879 696 43 12 som

177 722 71 26 afsåge
264 722 124 26 skyddande
405 722 23 20 af
442 722 81 20 landets
540 722 91 20 forntida
650 722 168 20 minnesmärken
840 723 39 19 och
895 723 29 19 ål-

178 756 222 26 derdomslemningar,
417 756 37 19 har
469 755 69 20 Hans
555 756 150 26 Kejserliga
719 757 123 26 Majestät
859 758 7 18 i
884 757 40 19 Nå-

178 790 36 19 der
230 790 55 19 velat
301 790 29 19 till
347 790 191 20 Landtständernes
561 790 118 26 antagande
699 790 113 21 framställa
832 791 93 25 följande

178 824 77 26 förslag
270 824 29 19 till

360 886 150 26 Förordning
526 887 135 26 angående
680 887 113 19 forntida
816 887 109 19 minnes-

318 920 120 20 märkens
453 921 125 19 fredande
594 921 48 19 och
660 921 154 20 bevarande.

246 980 10 21 $
273 978 17 19 1.
322 977 49 19 Alla
386 977 54 19 fasta
455 977 165 26 fornlemningar
636 977 51 20 eller
703 977 69 20 ruiner
787 978 39 19 och
838 978 87 19 lemnin-

178 1017 36 20 gar
230 1011 53 19 efter
298 1011 71 26 gamla
386 1011 82 26 borgar,
492 1011 54 25 slott,
569 1012 74 25 fästen,
663 1011 85 26 kyrkor,
769 1011 77 26 kapell,
863 1011 62 20 böne-

179 1045 37 20 hus
239 1045 39 20 och
302 1045 66 20 andra
391 1045 103 26 märkliga
518 1045 109 26 offentliga
654 1045 128 26 byggnader,
809 1045 118 26 ättehögar,

178 1080 147 25 stenkummel,
342 1079 125 25 vårdhällar,
484 1082 115 23 runstenar,
621 1079 96 20 stenkors
736 1079 38 19 och
793 1079 73 26 dylika
882 1079 44 20 vår-

178 1114 44 25 dar,
238 1114 7 19 i
261 1120 24 13 en
302 1113 93 26 aflägsen
412 1113 76 20 forntid
506 1115 98 24 uppresta
620 1113 31 20 för
670 1113 186 25 andaktsöfningar
875 1113 51 19 eller

178 1147 32 20 till
226 1148 70 19 minne
316 1147 23 19 af
357 1147 68 26 någon
447 1147 204 26 anmärkningsvärd
672 1146 136 27 tilldragelse,
823 1149 53 16 samt
891 1153 35 13 an-

178 1182 38 18 dra
231 1181 103 19 likartade
350 1181 170 19 minnesmärken
536 1181 24 19 af
572 1181 39 19 den
629 1181 58 19 ålder
702 1182 30 18 att
743 1180 25 19 de
779 1186 87 13 numera
880 1180 47 20 icke

179 1215 70 20 kunna
271 1222 61 13 anses
356 1214 84 20 tillhöra
459 1214 82 20 enskild
559 1221 68 20 egare,
645 1214 64 20 varda
724 1214 120 26 härigenom
865 1216 62 24 tagne

179 1249 65 20 under
259 1249 73 26 lagens
349 1249 54 26 hägn
420 1249 39 20 och
476 1249 20 19 få
511 1249 81 19 således
609 1249 46 19 icke
675 1249 22 19 af
713 1248 86 26 jordens
819 1254 63 20 egare
899 1248 27 19 el-

179 1283 30 19 ler
224 1283 137 19 innehafvare
387 1283 52 20 eller
461 1289 70 14 annan
556 1289 73 20 person
650 1282 114 25 förändras,
779 1281 76 20 rubbas
875 1281 52 20 eller

178 1317 99 19 förstöras
293 1317 66 20 under
375 1319 65 18 annat
456 1317 68 20 vilkor
540 1320 25 16 än
583 1317 36 19 här
636 1317 68 19 nedan
721 1316 90 25 stadgas.

248 1353 9 22 S
274 1352 18 19 2.
324 1344 106 27 Åstundar
446 1358 63 19 egare
526 1351 51 20 eller
592 1351 137 20 innehafvare
741 1340 16 42 af
759 1349 70 26 jord,
845 1349 31 19 för
887 1349 40 19 till-

178 1385 86 20 ämnadt
280 1385 118 26 byggnads-
416 1385 51 20 eller
483 1385 165 26 odlingsföretag
664 1385 51 19 eller
739 1383 22 20 af
774 1389 68 13 annan
859 1383 69 25 orsak,

179 1419 103 26 begagna,
298 1419 99 20 förändra
412 1419 52 20 eller
481 1419 96 26 borttaga
593 1419 68 26 nägon
678 1419 39 19 fast
728 1417 148 26 fornlemning,
888 1417 39 19 till-

179 1452 128 27 kännagifve
331 1453 36 19 det
382 1453 12 19 &
410 1453 71 19 landet
507 1453 37 20 hos
568 1455 103 17 närmaste
695 1451 149 26 kronobetjent
867 1450 61 20 och
911 1446 20 37 i

178 1487 45 19 stad
240 1487 36 19 hos
293 1487 114 25 Magistrat,
424 1487 72 19 hvilka
512 1487 36 19 det
563 1487 80 25 äligger
659 1488 29 17 att
703 1487 74 24 genast
793 1485 71 19 derom
877 1487 51 23 göra
