1142 1786
343 383 56 19 Hans
414 382 138 26 Kejserliga
566 382 123 26 Majestäts
704 383 91 25 Nådiga
809 384 112 27 proposi-

311 417 51 19 tion
384 416 30 20 till
432 417 88 20 Finlands
535 417 86 24 Ständer,
641 423 30 13 om
690 418 105 26 antagande
811 419 22 19 af
845 419 76 26 fridlys-

309 451 121 26 ningsstadga
445 451 31 20 för
490 456 44 20 gas-
549 450 35 21 och
599 451 171 27 vattenledningar.

241 514 68 19 Sedan
326 513 202 20 Storfurstendömet
543 513 100 20 Finlands
663 513 88 20 Ständer
767 515 6 19 i
790 515 131 27 underdänig

173 548 111 19 skrifvelse
308 548 23 19 af
352 548 40 19 den
416 548 13 19 3
452 548 55 19 Mars
525 548 59 25 1864,
605 548 66 25 jemte
690 548 119 20 meddeladt
823 549 99 26 yttrande

172 583 110 25 angående
306 582 46 19 dem
377 582 103 26 förelagdt
504 582 78 26 förslag
604 582 31 18 till
659 582 212 27 fridlysningsstadga
890 584 31 18 för

174 617 81 19 landets
268 617 120 25 jernvägar,
405 616 87 20 kanaler
508 616 38 19 och
559 616 235 26 telegrafinrättningar,
807 617 37 19 hos
855 618 66 19 Hans

174 650 150 26 Kejserliga
340 650 121 26 Majestät
477 650 5 19 i
500 650 168 25 underdänighet
683 651 79 19 anmält
777 658 33 12 om
823 651 65 19 behof
901 652 23 19 af

172 684 194 26 lagbestämningar
390 684 30 19 för
432 684 133 29 skyddande
581 684 80 26 jemväl
681 684 22 20 af
717 685 148 26 gasledningar
881 686 38 19 och

172 718 78 20 sädana
266 718 188 26 vattenledningar,
472 718 72 19 hvilka
560 718 69 20 kunde
645 719 86 19 inrättas
750 719 31 20 för
801 720 120 20 beredande

172 752 23 20 af
208 752 162 26 vattentillgäng
386 752 30 19 till
433 752 146 27 eldsläekning
596 753 39 19 och
652 753 143 27 förbrukning,
805 754 36 19 har
853 753 68 20 Hans

173 786 149 26 Kejserliga
338 786 118 26 Majestät
471 786 56 20 velat
542 787 30 19 till
591 787 190 20 Landtständernas
801 788 120 26 antagande

172 820 76 20 föreslä
265 820 91 26 följande
373 820 138 26 stadganden.

524 863 10 21 S
553 862 16 18 1.

240 900 57 19 Hvar
320 906 44 13 som
388 900 132 26 uppsätligen
543 903 38 23 gör
604 900 66 20 skada
691 901 12 18 &
721 901 126 26 gasledning
870 901 52 20 eller

172 934 166 26 vattenledning,
362 934 39 19 den
425 934 37 19 der
486 934 32 19 för
538 934 86 19 allmänt
640 934 65 20 behof
718 935 90 19 inrättad
825 938 28 23 är,
870 936 52 19 eller

172 969 100 26 olotligen
296 969 95 25 vidtager
414 968 64 19 sådan
502 968 81 27 åtgärd,
607 969 135 26 hvarigenom
763 969 73 20 hinder
851 970 6 19 i
874 977 46 18 gas-

171 1003 98 26 lednings
285 1003 51 19 eller
352 1002 171 27 vattenlednings
540 1002 139 26 begagnande
696 1003 124 25 förorsakas,
840 1003 82 20 straffes

173 1037 46 20 med
243 1037 94 26 fängelse
362 1037 44 19 frän
430 1037 39 19 och
491 1037 46 19 med
554 1043 25 13 en
596 1037 30 18 till
643 1037 38 19 och
698 1037 47 19 med
761 1043 37 13 sex
815 1037 106 25 mänader,

172 1071 51 20 eller
240 1071 46 19 med
304 1071 58 19 böter
378 1071 43 19 från
439 1071 39 19 och
496 1071 46 19 med
560 1071 57 25 tjugu
634 1071 30 18 till
680 1071 39 18 och
736 1071 46 19 med
797 1071 125 19 femhundra

173 1105 64 20 mark.
268 1104 42 19 Har
332 1105 122 26 derigenom
479 1105 74 19 hinder
576 1105 18 25 ej
612 1104 93 26 uppstält
719 1105 32 19 för
766 1104 154 26 inrättningens

171 1138 145 27 begagnande,
333 1138 48 20 böte
396 1139 193 26 gerningsmannen
606 1138 63 27 högst
685 1139 114 19 trehundra
820 1138 65 20 mark.

524 1185 10 22 s
551 1184 19 19 2.

240 1224 72 19 Vällar
336 1224 68 26 någon
430 1224 22 19 af
469 1223 133 20 ovarsamhet
618 1223 67 20 skada
701 1223 12 20 &
728 1224 127 26 gasledning
871 1224 51 20 eller

172 1259 160 25 vattenledning
355 1258 51 19 eller
429 1257 118 20 förorsakar
570 1258 74 19 hinder
667 1258 30 19 för
716 1258 155 26 inrättningens
887 1259 35 20 be-

171 1292 118 27 gagnande,
313 1292 65 26 plikte
399 1292 61 26 högst
475 1292 72 19 femtio
565 1292 65 25 mark,
646 1291 23 20 sä
686 1292 61 19 framt
763 1292 39 19 han
822 1292 47 20 icke
886 1299 35 20 ge-

172 1328 46 18 nast
234 1326 11 19 &
262 1326 132 26 vederbörlig
417 1329 32 16 ort
472 1326 72 19 derom
567 1326 100 25 anmäler,
686 1326 6 19 i
712 1326 85 19 hvilken
822 1326 100 20 händelse

172 1361 27 20 all
215 1361 59 26 fräga
290 1367 32 13 om
339 1367 76 13 ansvar
431 1360 99 20 förfaller.

526 1402 9 22 $
552 1400 18 19 3.

240 1440 9 19 I
266 1439 41 20 alla
322 1439 61 20 dessa
398 1440 35 19 fall
450 1440 64 19 varde
528 1440 39 19 ock
585 1439 145 26 mälsegandes
746 1439 66 19 skada
830 1439 39 19 och
881 1439 40 20 för-

172 1474 41 18 lust
228 1475 65 17 ersatt
308 1474 24 18 af
344 1474 193 26 perningsmannen
554 1474 38 19 och
609 1474 51 19 hans
677 1473 164 25 medbrottslige.
