1142 1786
877 157 34 18 479

286 219 120 27 anbringas
430 219 36 20 och
489 219 106 27 begagnas
613 217 99 28 redskap,
729 225 26 13 en
770 219 51 20 eller
830 219 64 26 flere,
910 219 30 26 af

286 253 41 20 den
341 253 80 20 storlek
436 260 19 13 o.
472 260 15 13 s.
503 260 19 13 v.
538 253 67 26 enligt
623 253 164 26 propositionen.

585 308 16 28 $
615 310 20 19 6.

354 354 56 20 Ifrän
434 354 71 26 början
526 354 7 19 i
548 354 95 26 enlighet
663 354 46 20 med
729 354 156 26 propositionen
902 355 30 19 in-

286 389 29 19 till
334 400 23 3 —
374 388 43 20 Det
439 388 74 26 belopp
536 387 97 25 bränvin,
656 394 45 14 som
716 388 9 20 i
739 388 74 27 hvarje
835 388 38 21 län
895 388 39 26 får

285 422 117 25 tillverkas,
426 422 121 20 bestämmes
569 422 26 20 sä
617 424 32 18 att
664 421 169 27 föreskrifterne
851 422 8 20 i
873 422 31 28 $$
919 424 13 19 1

286 456 37 20 och
338 458 15 19 2
368 456 44 20 icke
434 456 146 27 öfverskridas
603 462 18 14 o.
637 462 16 14 s.
670 463 18 12 v.
708 456 67 26 enligt
797 462 59 20 prop.
879 456 54 20 intill

285 491 40 19 den
342 491 86 26 mening
444 491 6 19 i
466 491 13 19 2
495 496 61 14 mom.
573 496 43 14 som
634 490 69 26 börjas
719 490 47 20 med
782 490 64 20 orden
865 484 22 26 Ä
901 490 32 20 lä-

284 524 76 27 genhet
382 524 97 27 tillhörig
504 524 86 19 hvilken
616 523 91 20 erhäller
723 524 92 25 följande
838 524 93 26 lydelse:

285 557 85 28 Blifver
391 558 73 27 nägon
486 557 29 26 af
524 557 145 27 förenämnde
684 564 105 20 personer
803 563 75 22 genom
894 557 42 27 arf

285 592 52 20 eller
352 594 123 18 testamente
490 598 62 20 egare
568 592 35 20 till
618 591 103 27 lägenhet,
741 591 67 20 hvarä
829 591 104 20 bränneri

278 626 74 27 Jinnes
368 626 98 27 anlagdt,
489 626 35 20 mä
539 620 16 37 e
584 624 139 28 tillverkning
741 625 30 27 af
785 625 92 21 bränvin
892 632 40 14 un-

284 660 38 20 der
344 660 71 27 nägra
436 659 70 21 vilkor
523 659 40 27 för
578 659 55 21 hans
648 659 95 27 räkning
758 659 110 21 derstädes
887 659 46 26 ske;

262 714 8 6 i
284 693 52 21 dock
350 700 50 14 vare
416 693 43 21 han
475 693 122 27 berättigad
611 696 33 18 att
659 693 123 21 bränneriet
797 693 36 21 till
856 700 76 14 annan

281 734 81 20 person
377 728 14 20 å
406 728 91 20 arrende
512 728 99 26 upplåta.

550 778 30 27 $$
598 780 63 19 7—9.

353 824 145 26 Likalydande
508 824 47 20 med
564 824 147 20 motsvarande
720 826 21 22 $$
751 824 6 19 i
766 824 165 26 propositionen.

573 875 16 26 $
604 876 33 19 10.

352 919 249 27 Bränvinstillverkning
623 919 36 20 mä
681 920 20 27 e
717 919 116 28 företagas
860 919 70 21 innan

284 953 123 20 bränneriet
422 953 71 27 blifvit
508 953 30 27 af
549 953 39 21 den
599 953 42 27 för
656 953 123 25 detsamma,
799 954 13 19 ä
831 955 44 19 sätt
895 960 36 13 ne-

283 987 93 27 danföre
391 987 143 26 omförmäles,
550 987 88 21 utsedde
652 987 126 25 kontrollör,
798 987 47 20 med
863 986 68 21 biträ-

283 1021 25 20 de
322 1021 9 20 i
346 1021 50 20 stad
410 1020 30 27 af
451 1021 113 27 behörigen
579 1021 159 24 tillförordnad
752 1021 179 27 Magistratsper-

282 1061 39 14 son
344 1055 52 20 eller
418 1055 29 27 af
465 1055 156 28 ordningsman
639 1062 18 13 o.
678 1062 15 13 s.
713 1062 18 13 v.
751 1055 66 26 enligt
836 1056 93 25 proposi-

282 1089 78 19 tionen.

571 1133 15 27 $
601 1135 34 19 11.

351 1178 70 26 Skatt,
437 1179 89 20 hvartill
549 1179 226 21 bränvinstillverkare
790 1180 9 19 i
811 1179 121 27 faststäldt

281 1212 102 20 kontrakt
398 1212 34 28 sig
442 1212 123 28 förbundit,
582 1213 97 27 erlägges
705 1213 6 20 &
729 1212 186 22 Landiränteriet.

571 1264 15 27 $
601 1266 36 19 12.

349 1309 43 21 Det
415 1309 126 21 tillverkade
565 1309 113 22 Dbränvinet
699 1309 64 26 skall,
785 1310 72 21 sävidt
871 1309 58 22 skatt

280 1341 75 28 derför
372 1343 44 20 icke
433 1343 71 28 blifvit
514 1343 140 28 förskottsvis
669 1344 76 27 erlagd
760 1351 19 13 o.
795 1351 16 13 s.
827 1351 19 13 v.
863 1345 66 26 enligt

280 1383 83 20 propos.
379 1377 54 20 intill
454 1390 8 1 —
491 1377 106 26 Bränvin,
613 1385 44 14 som
669 1379 32 26 pä
716 1378 105 27 nederlag
831 1378 97 25 insättes,

280 1409 38 21 bör
332 1417 54 14 vara
401 1413 99 25 uppmätt
516 1411 41 22 och.
563 1411 105 28 profvadt
683 1411 30 28 af
719 1411 153 26 kontrollören,
883 1419 45 14 som

280 1450 48 21 eger
350 1444 59 27 öfver
431 1445 83 21 antalet
528 1445 55 25 kärl,
599 1448 56 18 samt
670 1445 34 21 det
719 1445 9 20 i
743 1445 73 28 hvarje
831 1445 50 21 kärl
895 1446 33 20 in-

279 1480 65 23 satta,
368 1479 36 20 till
426 1479 40 20 den
484 1480 9 19 i
510 1480 16 26 $
544 1481 14 19 3
576 1479 108 21 bestämda
707 1480 221 22 normalalkoholhalt
