1142 1786
11 1444 3 6 -
8 1395 6 28 m
8 1350 6 26 —
7 1253 8 56 Nn

284 144 22 17 24

250 213 36 20 gre
303 210 26 17 än
346 207 30 19 till
393 207 117 20 hamnarna
524 207 34 19 vid
575 207 105 26 Nordsjön
697 206 38 19 och
752 208 57 18 östra
825 207 74 19 kusten
915 207 24 19 af
946 206 55 27 Eng-

250 241 56 26 land,
323 241 88 20 hvarvid
428 241 118 20 Ständerna
562 241 32 19 väl
611 240 120 25 framhållit,
748 240 113 21 huruledes
875 247 76 20 genom
968 240 34 20 nå-

250 275 49 25 diga
315 275 142 26 kungörelsen
474 275 40 20 den
532 275 24 19 19
573 274 118 21 December
714 274 52 20 1866
784 275 36 20 det
835 275 107 26 undantag
958 275 44 19 häri

249 315 51 13 vore
320 309 77 26 gjordt,
418 311 30 17 att
468 309 108 19 städernas
596 308 119 20 handlande
736 308 123 26 berättigats
878 309 31 19 för
929 311 74 24 export

250 343 39 20 och
310 343 75 26 import
405 342 27 27 på
450 343 117 26 aflägsnare
588 343 103 19 farvatten
713 342 96 26 begagna
825 343 177 19 landtmannafar-

250 379 44 24 tyg,
319 377 47 19 med
390 376 69 20 vilkor
478 379 29 17 att
526 377 104 26 skeppare
654 376 39 20 och
713 379 94 23 styrmän
827 377 35 19 vid
878 377 64 19 sådan
959 377 42 19 vid-

250 411 117 20 sträcktare
383 411 72 26 sjöfart
471 411 112 27 undergått
594 411 127 20 föreskrifna
731 412 109 19 examina:
857 418 47 14 men
917 412 26 20 då
954 414 47 17 rätt-

250 446 46 19 visa
311 446 39 20 och
368 446 96 26 billighet
480 448 72 24 syntes
573 445 77 25 fordra,
667 447 28 17 att
712 445 245 27 landtmannasjöfarten,
974 447 28 19 äf-

251 486 39 13 ven
307 482 38 17 när
361 480 40 20 den
418 480 125 20 verkställes
563 480 31 19 för
613 480 86 19 redares
718 486 53 19 egen
791 480 97 26 räkning,
905 480 98 20 förunnas

250 514 132 26 obegränsad
406 514 186 26 seglationsfrihet,
616 514 71 20 derest
706 514 97 26 fartygen
825 514 34 20 vid
880 521 57 13 resor
952 515 6 19 i
974 515 29 19 af-

250 549 99 26 lägsnare
372 548 104 21 farvatten
499 548 94 27 försåges
617 548 47 20 med
689 548 145 20 examineradt
857 549 62 26 befäl,
943 549 62 20 hafva

250 583 119 19 Ständerna
392 589 32 13 om
450 589 25 13 en
498 583 64 19 sådan
587 582 122 26 förändring
729 583 6 18 i
753 583 100 25 gällande
873 583 129 26 stadganden

250 616 96 20 anhållit.
377 617 43 19 Och
442 618 37 18 har
498 617 56 19 Hans
572 616 117 26 Kejserliga
708 616 103 26 Majestät.
832 617 47 19 med
899 617 58 19 bifall
973 617 30 19 till

251 651 139 20 omförmälda
405 650 98 21 auhällan
520 658 76 19 genom
619 650 64 26 nådig
703 650 128 26 kungörelse
851 652 39 19 den
907 652 26 19 26
949 652 54 19 Mars

254 685 60 25 1868,
330 686 6 18 i
353 685 65 20 nåder
434 686 98 18 förunnat
547 685 207 26 landtmannafartyg
770 685 41 19 den
827 685 31 19 för
875 686 45 19 dem
932 686 6 19 i
950 685 52 20 före-

251 719 88 20 stående
364 720 63 19 måtto
452 720 92 26 begärda
567 719 146 26 obegränsade
733 719 184 26 seglationsfrihet,
939 720 63 19 likväl

252 754 47 19 med
324 754 68 20 vilkor
415 757 31 16 att
468 754 78 20 befälet
564 753 12 20 å
591 754 26 19 de
638 754 77 25 fartyg,
738 760 44 12 som
805 753 29 20 till
854 754 59 26 dylik
932 754 71 26 sjöfart

252 791 56 17 utom
328 788 104 25 Nordsjön
455 788 112 26 begagnas,
588 787 113 27 undergält
721 787 25 20 de
765 787 32 19 för
813 788 136 26 sjökaptener
964 788 39 20 och

252 824 93 24 styrmän
363 822 6 19 i
388 823 24 19 18
428 824 10 22 $
454 822 21 19 af
492 822 76 26 nådiga
588 822 140 26 reglementet
744 822 30 18 för
790 822 214 26 navigationsskolor-

253 863 26 13 na
294 856 6 19 i
317 856 72 20 landet
404 856 40 20 den
462 858 24 18 21
504 856 85 20 Januari
607 856 53 19 1863
677 855 127 20 föreskrifna
819 857 105 19 examina.

323 891 54 19 36:0.
408 890 68 20 Sedan
494 890 117 20 Ständerna
632 890 97 19 besvarat
747 890 56 19 Hans
824 890 119 27 Kejserliga
962 892 42 19 Ma-

250 925 75 25 jestäts
341 925 31 19 till
388 925 48 19 dem
452 925 82 26 afgifna
550 924 76 27 nådiga
642 924 137 26 proposition,
795 924 112 27 angående
922 925 82 26 ingvar-

253 959 69 26 tering
338 959 40 20 och
394 958 395 27 transportskjutsningsskyldigheten,
806 959 37 19 har
853 959 58 19 Hans
922 959 81 26 Kejser-

252 993 44 26 liga
318 993 98 26 Majestät
435 994 6 18 i
461 993 65 20 nåder
549 993 107 26 förklarat,
680 995 35 22 att,
739 993 89 19 emedan
853 993 33 20 vid
907 993 40 20 den
968 994 36 19 hos

252 1027 120 20 Ständerna
387 1027 110 20 förehafda
515 1027 131 26 granskning
662 1027 22 19 af
698 1027 35 19 det
749 1027 64 26 sagde
829 1027 130 26 proposition
975 1028 29 19 åt-

253 1061 92 26 följande
368 1062 102 26 förslaget
493 1061 31 20 till
545 1061 129 26 förordning,
699 1061 110 26 angående
831 1061 120 27 grunderna
975 1062 30 19 för

254 1095 243 27 militäringvarterings-
514 1096 39 19 och
565 1095 398 27 transportskjutsningsskyldighetens
975 1099 29 16 ut-

252 1129 95 26 görande
366 1130 24 19 af
406 1130 130 19 invänarene
554 1130 6 19 i
576 1130 97 25 Finland,
692 1129 23 20 sä
735 1129 57 20 olika
816 1129 67 20 beslut
902 1131 56 18 inom
979 1131 26 19 de

254 1163 68 20 skilda
347 1164 88 20 ständen
462 1165 77 25 fattats,
558 1166 29 18 att
607 1164 94 27 lagenlig
724 1164 107 26 pluralitet
849 1164 46 19 dem
915 1164 89 20 emellan

253 1198 49 20 icke
324 1198 132 27 förefunnits,
480 1198 73 27 frågan
574 1205 33 13 om
627 1205 27 19 ny
678 1198 131 26 lagstiftning
833 1198 89 20 rörande
945 1198 61 20 dessa

253 1233 92 26 grunder
364 1233 96 20 kommer
478 1235 31 18 att
527 1233 116 20 tillsvidare
664 1232 94 25 förfalla;
778 1232 90 20 hvarhus
884 1232 56 20 Hans
957 1232 48 27 Kej-

253 1267 78 26 serliga
354 1267 98 26 Majestät
472 1267 65 20 likväl
560 1267 48 20 ieke
631 1267 90 20 allenast
742 1265 67 21 täckts
829 1266 74 26 tillåta,
922 1269 30 17 att
971 1267 35 20 det

255 1301 95 20 hitintills
373 1301 45 20 från
442 1302 106 19 allmänna
569 1301 153 20 militiefonden
741 1300 120 20 utbetalade
870 1293 85 34 "bidrag
975 1301 43 31 till)

256 1335 131 20 betäckande
403 1336 23 19 af
439 1336 104 20 särskilda
559 1334 272 28 inqvarteringskostnader
847 1335 34 19 må
895 1335 109 19 fortfaran-

254 1369 34 26 de,
307 1369 41 20 tills
368 1370 72 19 derom
464 1370 132 19 annorlunda
619 1369 115 25 förordnas,
759 1368 44 20 från
824 1369 65 26 sagde
908 1369 50 20 fond
975 1369 31 19 för

254 1404 121 19 ändamålet
398 1404 55 26 utgå,
477 1407 49 16 utan
550 1404 38 19 ock
613 1403 98 20 fastställt
731 1403 38 20 och
789 1402 46 20 låtit
855 1403 40 19 den
916 1403 24 19 19
955 1403 50 20 Juni

258 1438 52 19 1868
332 1438 82 19 utfärda
437 1441 47 23 nytt
506 1438 137 27 reglemente,
663 1437 111 27 angående
793 1437 144 26 inqvartering
952 1440 53 17 samt
