1142 1786
875 167 34 18 339

178 234 54 18 samt
253 234 30 18 att
298 231 281 27 lagmanstingsgästningen
596 231 65 20 borde
677 231 130 20 fortfarande
823 232 106 26 uppbäras

178 267 40 19 och
234 266 31 19 till
281 266 99 19 framtida
396 265 124 26 disposition
538 265 105 26 besparas.

248 300 40 19 Till
312 300 50 25 följe
384 299 24 19 af
428 299 54 19 hvad
499 299 57 19 Hans
571 299 119 27 Kejserliga
705 300 98 24 Majestät
818 299 89 20 sålunda
922 300 7 19 i

178 334 71 20 Näder
264 334 115 24 förordnat,
396 333 36 19 har
448 333 151 27 Lagutskottet,
615 333 22 20 åt
653 334 81 19 hvilket
745 334 97 20 ärendets
854 334 72 20 bered-

179 368 51 26 ning
252 367 22 20 af
296 367 97 27 samtliga
416 367 92 20 Ständen
531 368 156 25 öfverlemnats,
711 368 26 26 pä
758 368 99 26 begäran,
873 368 54 20 ifrän

179 402 119 26 Kejserliga
314 401 91 20 Senaten
422 401 83 19 erhällit
520 402 33 19 del
569 402 23 18 af
606 402 137 19 förenämnda
754 402 132 26 handlingar,
898 402 31 19 in-

179 436 123 20 nefattande
318 436 19 25 ej
356 435 80 20 mindre
452 436 26 19 de
493 436 121 26 yttranden,
630 435 161 20 hvilkaisaken
808 436 93 26 afpifvits
910 436 23 18 af

179 470 188 26 tingslagsboerne,
384 469 223 27 häradshöfdingarne,
623 472 156 24 guvernörerne
795 470 39 19 och
851 470 77 19 hofrät-

179 507 67 23 terna,
262 507 26 17 än
304 503 40 20 ock
360 510 26 13 en
402 504 57 19 inom
475 504 119 26 Kejserliga
609 503 91 21 Senaten
717 504 34 20 vid
767 504 162 26 öfverläggning

180 539 7 19 i
203 538 89 20 ärendet
307 538 39 19 den
363 538 11 18 7
391 537 121 20 November
525 538 52 19 1870
589 538 110 20 förefallen
710 538 141 26 omröstning;
869 538 59 19 hvar-

180 575 55 18 utom
252 572 114 25 Utskottet,
383 571 27 26 pä
425 571 89 20 särskild
530 572 97 19 anhällan
645 573 38 19 fätt
698 573 53 19 ifrän
763 573 165 25 Kammarexpe-

179 606 95 20 ditionen
290 606 6 19 i
312 605 119 27 Kejserliga
454 606 90 19 Senaten
568 608 107 24 emottaga
689 613 25 13 en
731 606 83 26 uppgift
829 606 13 19 &
858 606 71 26 belop-

180 642 36 24 pet
238 640 24 20 af
280 640 281 26 lagmanstingsgästningen
577 640 7 19 i
599 640 90 20 Finland
706 640 53 20 efter
775 640 118 26 beräkning
909 640 22 19 af

180 674 112 20 betalande
309 674 69 19 rökar.

248 708 30 20 Ur
304 708 68 20 dessa”
392 708 126 26 handlingar
540 708 37 20 har
599 708 147 27 Lagutskottet
767 709 110 25 inhemtat,
899 710 30 18 att

181 743 107 26 Ssigterna
303 742 7 19 i
326 744 71 17 ämnet
413 742 53 19 varit
481 742 81 26 ganska
577 742 58 20 olika
649 742 71 20 ibland
737 743 53 25 dem,
807 742 74 20 hvilka
892 742 39 20 fått

180 777 83 19 tillfälle
278 778 31 18 att
324 776 97 19 deröfver
436 776 80 26 afgifva
529 776 120 26 yttranden.
664 776 60 20 Inom
737 776 119 27 tingslagen
867 776 62 20 hafva

182 810 124 26 visserligen
326 810 26 19 de
368 810 60 19 fleste
444 810 22 19 af
480 810 71 20 dessas
567 810 12 20 &
594 810 79 26 tingen,
689 810 26 20 dä
731 810 72 27 frägan
820 810 108 20 derstädes

180 845 90 25 förevar,
294 850 44 14 mer
361 844 38 19 och
420 844 80 19 mindre
517 844 71 20 talrikt
603 844 182 20 tillstädeskomne
800 844 129 20 innevänare

181 879 75 20 uttalat
271 879 32 26 sig
319 878 31 19 för
366 878 26 19 de
407 878 87 26 lagtima
510 879 83 25 tingens
611 878 147 20 bibehällande
774 879 34 19 vid
821 879 60 19 deras
893 885 36 12 nu-

181 913 93 20 varande
297 913 67 24 antal;
387 919 47 13 men
455 914 29 17 ett
499 914 51 18 stort
566 913 55 19 antal
638 913 90 26 tingslag
744 913 37 19 bar
795 913 55 20 dock
867 912 61 20 äfven

180 949 65 24 yttrat
269 947 39 19 den
328 946 88 25 önskan,
432 948 30 18 att
478 946 25 20 de
520 947 105 19 ordinarie
640 947 72 26 tingen
729 947 69 20 kunde
815 947 52 19 ökas
883 946 44 19 dels

180 981 33 20 till
229 984 38 23 tre,
283 981 45 20 dels
344 981 30 19 till
391 980 46 26 fyra
453 983 53 17 samt
522 981 45 20 dels
582 981 30 19 till
630 984 54 16 ännu
702 981 51 20 flera
769 987 32 14 om
819 981 54 25 äret;
889 981 40 19 och

181 1016 65 26 nägra
270 1015 62 20 hafva
351 1015 123 20 tilloehmed
498 1015 74 20 uttalat
594 1015 31 26 sig
641 1015 32 20 för
689 1015 178 20 häradsrätternas
883 1021 46 20 per-

181 1057 93 13 manens.
305 1062 10 1 --
333 1049 67 20 Bland
424 1049 188 27 häradshöfdingar
631 1049 37 20 har
689 1052 29 17 ett
733 1049 48 20 icke
795 1050 62 26 ringa
872 1049 57 20 antal

180 1086 68 19 ansett
270 1084 36 19 det
328 1083 121 20 nuvarande
471 1084 139 19 förhållandet
626 1083 50 20 böra
691 1083 81 20 lemnas
787 1083 143 24 oförändradt,

182 1119 109 19 hvaremot
314 1119 29 18 ett
366 1117 44 20 lika
432 1119 52 18 stort
509 1118 62 25 antal,
596 1118 44 20 dels
663 1118 66 19 under
744 1117 149 26 förutsättning
910 1117 23 19 af

182 1153 150 26 domsagornas
348 1152 107 26 reglering
470 1152 38 19 och
526 1152 43 20 dels
586 1154 48 17 utan
651 1159 25 12 en
693 1152 63 19 sädan
774 1151 154 26 förutsättning,

181 1187 93 19 förordat
289 1188 31 17 tre
336 1186 52 19 eller
403 1186 51 19 flera
470 1186 105 20 ordinarie
591 1187 45 25 ting
652 1192 34 14 om
701 1186 51 24 äret,
769 1188 53 17 samt
837 1188 30 17 ett
883 1185 48 19 icke

181 1220 119 27 obetydligt
315 1220 55 20 antal
388 1222 68 17 ansett
471 1220 209 21 underdomstolarne
695 1220 13 20 å
726 1220 71 20 landet
809 1220 71 19 kunna
891 1220 40 19 och

182 1255 51 20 böra
248 1255 104 20 ombildas
368 1255 30 19 till
415 1257 143 23 permanenta.
576 1267 23 2 —
617 1255 30 20 Af
660 1257 156 24 guvernörerne
832 1254 63 19 hafva
903 1254 26 19 de

182 1289 58 20 fleste
264 1289 74 20 uttalat
360 1289 33 26 sig
409 1289 31 19 för
456 1289 179 20 häradsrätternas
651 1295 135 20 permanens;
805 1291 78 17 tvenne
899 1287 32 20 för

182 1323 89 20 allenast
286 1323 51 20 flera
352 1323 46 26 ting
413 1329 34 13 om
463 1323 51 26 äret,
530 1325 53 18 samt
598 1326 132 24 guvernören
742 1323 58 20 öfver
811 1322 118 26 Uleäborgs

181 1357 35 20 län
232 1357 52 20 blott
300 1357 32 19 för
347 1363 26 14 en
390 1357 64 19 sädan
470 1357 107 26 reglering
593 1357 23 20 af
630 1357 139 26 domsagorna
780 1357 6 19 i
798 1357 64 25 länet,
874 1358 55 17 utom

182 1391 163 26 Lappmarkens,
369 1393 29 17 att
421 1391 118 26 tingslagen
557 1391 68 20 blefve
641 1391 57 20 flera.
717 1403 23 3 —
758 1391 29 19 Af
800 1391 130 19 hofrätterna

181 1426 38 19 har
239 1419 48 26 Åbo
303 1425 77 20 hofrätt
396 1425 103 26 enhälligt
514 1425 99 26 förordat,
629 1427 29 18 att
674 1425 169 19 häradsrätterna
859 1424 70 26 måtte,

182 1460 68 19 sävidt
266 1459 70 20 lokala
351 1459 146 20 förhällanden
515 1459 112 26 medgifva,
643 1459 103 20 ombildas
763 1459 30 19 till
804 1465 125 20 permanen-

181 1495 21 18 ta
218 1493 121 25 domstolar,
356 1492 88 20 hvarvid
460 1492 107 27 undantag
583 1492 53 20 dock
654 1492 65 20 borde
735 1495 61 24 göras
807 1492 32 20 för
849 1486 81 26 Ålands
