1142 1786
264 170 34 18 188

240 234 146 19 vudmannens
408 234 120 26 personliga
550 237 89 16 närvaro
657 234 128 26 nödvändig,
801 236 54 18 samt
872 236 37 25 att,
925 234 65 20 under

240 268 112 20 enahanda
367 267 110 27 förbehåll,
494 268 133 27 målsegande
640 268 80 26 jemväl
738 268 79 20 erhölle
836 268 95 20 bestämd
950 270 39 17 rät-

240 302 75 26 tighet,
330 303 31 18 att
375 302 7 19 i
398 301 72 27 dylika
486 302 40 19 mål
543 302 68 19 utföra
625 302 32 19 sin
673 302 56 19 talan
746 308 76 20 genom
839 302 84 20 ombud.

310 336 42 19 Vid
367 336 155 26 öfvervägande
545 335 22 19 af
589 335 40 19 den
653 335 82 26 Nådiga
754 336 158 25 propositionen
929 335 62 20 hafva

241 369 118 21 Ständerne
374 371 69 18 ansett
458 370 32 26 sig
506 369 50 20 böra
570 369 153 26 underdånigst
741 372 56 17 emot
817 370 122 19 densamma
953 376 36 13 an-

241 404 47 19 föra
303 403 103 26 följande:

310 437 36 20 Uti
363 438 9 18 1
390 443 61 14 mom.
467 437 23 19 af
503 437 40 19 den
559 437 120 26 föreslagna
694 437 109 26 lagtexten
819 437 126 20 bestämmes
961 439 30 18 att

240 472 31 19 uti
287 471 62 26 brott,
364 471 73 20 hvilka
452 472 18 24 ej
487 474 35 16 äro
538 471 23 19 af
574 471 74 19 urbota
665 470 146 20 beskaffenhet
825 471 39 20 och
880 472 19 25 ej
919 471 72 19 kunna

241 505 99 20 hänföras
356 505 66 20 under
438 505 63 26 något
516 505 45 26 slag
576 505 22 19 af
612 505 89 25 tjufnad,
717 505 116 20 svaranden
845 505 57 27 finge
913 512 76 19 genom

241 540 79 20 ombud
336 546 66 13 svara.
432 539 116 20 Ständerne
564 538 63 20 hafva
643 539 66 19 under
723 539 158 26 godkännande
896 539 23 20 af
932 539 57 20 detta

242 575 94 19 moment
351 573 48 20 icke
415 573 80 20 kunnat
509 573 70 26 undgå
594 575 31 17 alt
639 573 54 20 fästa
708 573 186 26 uppmärksamhet
909 574 80 25 dervid,

242 609 30 19 att
287 607 84 20 straffen
396 608 31 18 för
443 607 106 26 åtskilliga
567 607 84 26 ringare
667 606 137 27 förbrytelser
819 610 42 23 äro,
877 608 7 18 i
903 614 86 20 synner-

242 642 37 19 het
295 642 29 18 uti
339 648 66 19 nyare
420 641 153 26 författningar,
589 640 122 20 alternativt
727 641 108 19 bestämda
850 643 31 17 att
900 644 90 24 utgöras,

241 676 102 26 antingen
359 676 23 19 af
395 676 59 19 böter
470 675 51 19 eller
536 675 23 19 af
571 681 70 17 annan
657 675 92 19 straffart
764 675 40 20 och
826 677 30 18 att
873 675 62 20 dessa
949 676 40 19 för-

242 709 104 27 brytelser
362 709 88 19 sålunda
472 715 48 13 vore
543 710 29 18 att
594 708 67 20 räkna
684 712 26 16 än
729 709 31 19 till
777 709 25 19 de
819 709 74 20 urbota
908 709 82 20 brotten

242 746 26 17 än
285 744 31 18 till
332 743 26 20 de
374 743 47 20 med
437 743 60 20 böter
512 742 177 27 försoningsbara.
719 743 118 20 Ständerne
860 744 62 19 hafva
945 744 44 19 der-

242 778 45 19 före
303 777 68 20 funnit
386 777 74 26 nödigt
474 779 30 17 att
518 783 75 20 genom
610 783 25 13 en
652 776 247 27 redaktionsförändring
914 778 76 26 tydlig-

242 814 52 24 göra
310 814 30 17 att
355 811 104 20 svaromål
474 817 76 20 genom
567 810 77 20 ombud
660 810 55 27 finge
731 812 6 18 i
754 811 111 20 framtiden
885 811 84 20 komma
984 812 6 19 i

242 846 60 26 fråga
318 846 74 19 endast
408 846 34 19 vid
458 845 41 19 åtal
515 845 31 19 för
562 844 78 20 sådana
655 845 84 26 ringare
755 845 62 26 brott,
833 845 31 20 för
884 845 72 20 hvilka
971 846 19 26 ej

242 880 86 19 svårare
343 879 61 20 straff
416 882 26 16 än
459 879 65 25 böter,
539 882 23 16 är
576 879 7 19 i
599 879 34 26 lag
649 879 103 26 stadgadt.

312 914 12 19 2
340 919 62 14 mom.
426 913 23 20 af
470 913 34 20 det
526 913 120 26 föreslagna
661 913 162 26 lagstadgandet
838 915 23 18 är
878 913 113 21 bibehållet

242 948 46 20 lika
302 948 93 26 lydande
411 947 47 20 med
475 947 146 20 motsvarande
637 949 93 18 moment
745 947 6 20 i
770 949 7 18 1
796 950 9 21 $
823 947 25 20 15
865 947 46 26 kap.
926 948 23 19 R.
960 948 31 25 B.,

242 982 76 20 hvaraf
331 981 82 20 således
436 981 71 20 blefve
530 987 25 13 en
577 981 51 25 följd
649 983 30 17 att
694 981 106 26 framgent
815 981 88 20 likasom
921 982 70 19 härin-

244 1017 41 19 tills
302 1017 35 19 det
352 1022 50 13 vore
417 1016 23 19 af
454 1015 99 20 domstols
568 1015 99 26 pröfning
691 1015 113 26 beroende,
830 1015 103 20 huruvida
951 1016 40 19 till-

243 1051 55 20 talad
315 1056 76 20 person
408 1049 56 26 finge
480 1049 97 26 begagna
592 1049 31 26 sig
639 1049 23 19 af
675 1049 129 26 fullmäktigs
825 1049 86 26 biträde,
937 1050 54 19 dock

243 1085 48 20 med
315 1084 41 20 den
379 1083 81 20 skilnad
484 1085 36 23 att,
540 1083 65 26 enligt
624 1083 55 20 hvad
695 1090 23 12 ur
735 1084 9 18 1
763 1089 62 14 mom.
844 1084 23 19 af
881 1083 40 20 den
937 1084 54 19 före-

242 1119 74 26 slagna
330 1118 108 26 lagtexten
454 1117 92 26 skönjes,
562 1117 128 20 domstolens
713 1117 99 26 pröfning
830 1117 6 19 i
859 1117 88 20 berörde
962 1118 29 19 af-

243 1152 78 20 seende
344 1153 18 24 ej
386 1151 42 20 kan
451 1151 83 20 komma
549 1152 7 19 i
573 1151 59 26 fråga
654 1151 35 20 vid
712 1151 66 20 andra
801 1154 26 17 än
850 1151 82 20 urbota-
952 1152 39 20 och

242 1186 156 26 tjufnadsbrott.
428 1185 117 20 Ständerne
567 1185 63 19 hafva
652 1185 47 19 icke
723 1182 80 22 kunnat
821 1185 114 26 godkänna
951 1187 39 18 den

242 1220 84 26 Nådiga
342 1220 158 26 propositionen
515 1219 7 19 i
538 1219 68 20 denna
621 1219 41 25 del,
678 1221 49 18 utan
743 1219 32 19 för
790 1219 31 19 sin
835 1219 33 20 del
879 1219 60 20 hållit
947 1220 44 19 före

242 1256 30 18 att
288 1254 47 25 den,
351 1253 89 20 tilltalad
457 1259 74 20 person
548 1259 27 13 nu
591 1252 126 27 vilkorligen
734 1253 160 20 tillkommande
920 1254 69 26 räitig-

242 1289 36 19 het
293 1290 31 17 att
338 1287 98 27 begagna
450 1287 32 26 sig
498 1287 22 19 af
532 1287 215 26 rättegängsbiträdes
764 1287 57 26 hjelp
838 1287 64 20 borde
913 1287 77 20 honom

242 1322 143 26 ovilkorligen
408 1321 97 20 tilldelas.
534 1321 118 20 Ständerne
675 1327 50 14 anse
748 1321 106 26 nemligen
877 1328 27 13 en
927 1321 64 20 sådan

242 1356 101 26 rättighet
360 1362 50 13 vara
425 1355 7 20 i
448 1355 40 20 allo
505 1355 229 20 öfverensstämmande
753 1355 48 20 med
820 1356 111 19 rättvisans
946 1356 49 20 kraf

242 1390 40 19 och
297 1390 112 25 intressen,
426 1389 26 20 dä
468 1389 36 20 det
525 1389 65 20 mäste
610 1396 50 13 vara
679 1389 23 20 af
715 1390 76 27 högsta
805 1390 51 26 vigt,
876 1392 31 17 att
921 1397 26 12 en
963 1391 29 19 uti

242 1423 226 26 rättegängsväsendet
483 1423 103 20 oförfaren
603 1423 89 20 tilltalad
709 1423 140 20 obehindradt
864 1423 77 20 tillätes
958 1425 35 20 be-

242 1464 71 20 gagna
328 1457 83 20 bistånd
428 1457 46 20 utaf
487 1459 29 18 ett
532 1457 211 26 rättegängsbiträde,
758 1457 83 20 hvilket
855 1457 42 20 kan
913 1457 12 20 &
941 1458 51 20 hans

243 1494 80 26 vägnar
338 1491 116 21 öfvervaka
470 1493 29 19 att
514 1491 152 28 rättegängsfel
681 1491 104 21 undvikas
801 1491 39 20 och
856 1493 30 18 att
901 1491 37 20 allt
948 1498 43 14 som
