1142 1786
246 163 34 18 492

328 227 46 20 dels
390 226 73 21 kanna
477 228 27 19 är
519 226 35 21 det
570 227 81 20 minsta
667 226 82 27 belopp,
760 233 45 14 som
811 227 43 26 får
864 227 114 28 föryttras

328 261 40 20 och
386 261 33 26 på
440 261 72 20 sådan
530 260 74 27 grund
619 260 99 27 utgifvas
737 261 22 20 åt
775 261 100 27 köparen,
893 262 86 21 hvilken

328 295 46 20 icke
389 295 35 20 må
440 295 84 19 tillåtas
540 301 13 13 å
568 295 75 19 stället
653 294 94 26 förtära
757 295 53 20 eller
822 296 75 20 utdela
905 297 73 26 något.

620 345 15 27 $
650 345 34 21 56.

396 391 37 20 Då
456 390 125 20 tillverkare
603 390 53 20 eller
675 390 127 25 distillator,
814 392 33 26 på
864 392 73 27 grund
953 392 30 26 af

328 424 124 28 medgifven
467 426 45 18 rätt
527 426 33 18 att
575 424 36 20 till
627 423 74 28 belopp
718 424 31 27 af
759 426 66 20 minst
836 425 48 27 fem
895 426 84 20 kannor

324 460 103 27 föryttra
442 458 98 25 bränvin,
556 458 89 26 utöfvar
660 458 71 21 sådan
742 458 141 28 försäljning
899 460 8 19 i
921 460 58 24 stad,

328 494 36 20 må
378 494 98 26 mätning
492 492 30 26 af
533 499 69 13 varan
617 492 46 20 icke
678 492 129 22 verkställas
823 494 13 19 å
857 495 48 25 torg
927 493 53 20 eller

328 530 59 25 gata,
404 529 54 18 utan
473 526 57 21 skall
545 526 114 21 bränvinet
667 526 84 27 afföras
763 527 35 20 till
806 527 106 27 köparens
923 527 56 20 hem-

329 562 42 20 vist
386 560 39 22 och
441 561 39 20 der
494 560 105 29 utgifvas,
615 560 54 21 dock
685 562 21 26 ej
721 561 23 20 åt
755 561 81 21 enhvar
846 561 35 20 till
895 562 84 20 mindre

329 598 29 18 än
373 595 149 28 nyssnämnda
538 595 82 27 belopp.
654 595 73 21 Under
739 596 121 26 påstående
879 595 100 28 forsling

330 630 52 20 eller
398 630 13 20 å
426 630 80 20 sådant
522 629 113 27 tillfälligt
650 630 165 26 upplagsställe,
838 636 44 14 som
901 630 8 20 i
922 630 15 26 $
951 631 29 19 64

329 664 146 27 omförmäles,
486 663 43 27 får
545 663 92 21 bränvin
653 664 22 26 ej
685 663 119 27 försäljas.

620 720 15 27 $
650 720 34 20 57.

397 766 106 24 Bränvin,
519 773 44 13 som
578 768 27 18 är
615 765 86 27 försatt
716 766 49 20 med
779 766 66 27 något
854 766 41 26 för
904 766 75 20 helsan

329 801 98 27 skadligt
450 802 60 18 ämne
533 800 52 20 eller
603 799 58 27 från
684 799 80 21 hvilket
783 800 134 26 finkeloljan
935 799 44 21 icke

330 835 74 27 blifvit
418 841 75 21 genom
508 834 77 27 rening
601 834 36 20 till
655 834 169 26 väsendtligaste
842 834 35 20 del
899 834 80 26 aflägs-

330 869 52 24 nad,
398 868 53 21 eller
466 868 64 20 hvars
546 867 76 28 styrka
637 867 46 21 icke
697 868 88 27 uppgår
796 868 34 20 till
838 868 65 20 minst
914 867 66 27 fyra-

330 903 68 20 tiosex
411 904 102 25 procents
529 901 135 21 alkoholhalt
680 901 37 20 vid
727 901 87 27 femton
824 901 92 28 graders
931 903 49 18 vär-

329 943 33 14 me
377 937 13 19 å
407 935 66 21 Celsii
489 937 138 22 termometer,
646 941 51 14 vare
716 935 36 21 till
769 935 142 27 försäljning
929 935 51 26 för-

330 971 80 27 bjudet,
427 969 103 27 derifrån
545 969 68 20 likväl
627 969 136 27 undantaget
778 969 45 20 icke
841 969 79 20 renadt
945 969 35 20 rå-

329 1007 67 22 ämne,
413 1011 45 13 som
473 1003 30 27 af
514 1003 229 20 bränvinstillverkare
755 1002 112 28 föryttras
883 1003 35 20 till
932 1003 48 24 den,

328 1045 46 14 som
396 1038 68 27 enligt
486 1037 107 21 särskildt
611 1037 142 27 privilegium
775 1043 50 21 eger
844 1036 137 21 bränvinsdi-

328 1073 112 26 stillering
455 1071 83 28 utöfva.

538 1139 90 20 Artikel
643 1139 28 20 IV.

342 1191 42 20 Om
408 1191 109 26 forsling
536 1191 45 19 och
601 1190 92 26 upplag
709 1190 26 19 af
748 1190 111 19 bränvin.

295 1248 164 27 Ifrågavarande
476 1247 122 26 författning
614 1247 107 26 förbjuder
737 1247 29 19 uti
783 1247 47 19 dess
851 1247 24 19 57
899 1247 38 19 och
954 1247 26 19 58

226 1286 22 22 $$
263 1283 27 20 all
307 1283 89 26 forsling
412 1282 23 19 af
448 1281 88 20 bränvin
553 1281 30 20 till
599 1281 148 26 Lappmarken
766 1281 39 19 och
830 1281 86 26 ålägger
935 1281 46 20 der-

224 1319 67 25 jemte
307 1316 199 26 Tullbevakningen
524 1315 33 20 vid
580 1315 137 26 riksgränsen
740 1315 108 20 äfvensom
874 1315 105 20 Kronobe-

226 1352 109 26 tjeningen
352 1353 29 17 att
396 1350 58 27 gifva
470 1356 56 19 noga
540 1349 37 20 akt
601 1349 27 26 på
651 1349 138 20 hemresande
812 1349 167 26 Lappmarksall-

228 1393 62 19 moge
306 1385 40 20 och
362 1385 67 20 andra
444 1383 120 20 ditresande
581 1390 100 19 personer
697 1386 54 17 samt
765 1383 90 19 anställa
866 1383 114 19 undersök-

226 1420 52 26 ning
293 1420 7 19 i
315 1419 42 20 lass
373 1419 39 20 och
429 1418 59 19 båtar
504 1425 26 12 m.
547 1424 25 13 m.

295 1454 9 19 I
320 1453 58 20 detta
392 1452 100 20 afseende
509 1455 22 16 är
547 1451 66 20 under
629 1451 146 20 diskussionen
796 1450 38 20 hos
852 1450 127 20 Ridderska-

227 1490 35 25 pet
278 1488 38 19 och
333 1487 77 25 Adeln,
426 1486 67 26 enligt
508 1486 55 19 hvad
579 1485 34 20 det
629 1485 108 19 Utskottet
749 1484 174 20 tillhandahållna
933 1491 48 20 pro-
