1142 1786
867 161 34 18 475

174 226 39 20 och
229 225 49 20 icke
301 231 76 20 genom
401 225 167 26 lagstadganden
587 231 35 14 om
637 227 31 18 ett
683 225 90 19 fixeradt
788 225 137 26 totalbelopp,

175 259 135 21 hvarutöfver
332 259 166 26 tillverkningen
521 259 48 20 icke
592 259 31 19 får
641 259 100 20 sträckas.
772 259 47 20 Men
836 259 89 20 emedan

175 293 104 27 farhågan
295 293 32 19 för
342 299 26 13 en
385 293 187 25 öfverproduktion
584 293 39 19 och
634 293 61 19 deraf
704 293 91 25 följande
805 293 55 19 ökad
873 293 52 19 kon-

175 328 89 19 sumtion
282 326 23 20 af
318 333 71 19 varan,
405 327 6 19 i
427 326 101 20 händelse
549 326 276 26 bränvinstillverkningens
848 326 77 26 belopp

175 362 19 25 ej
211 367 50 13 vore
276 366 77 21 genom
368 361 35 25 lag
419 361 110 25 faststäldt,
545 363 56 17 ännu
616 363 23 17 är
655 367 42 20 nog
712 360 78 20 allmän
808 361 7 19 i
838 367 87 20 synner-

175 396 37 19 het
227 395 38 19 hos
284 395 84 26 menige
387 401 46 13 man
450 395 38 19 har
502 394 106 20 Utskottet
627 396 69 18 ansett
711 395 35 19 det
762 394 7 20 i
784 395 40 19 den
843 394 84 26 Nådiga

177 429 157 26 propositionen
358 429 94 26 intagna,
475 429 34 19 vid
534 429 140 19 1863—1864
693 428 33 20 års
744 428 101 27 landtdag
860 428 65 20 redan

176 462 102 27 stadgade
294 462 166 26 maximibelopp
475 462 23 20 af
511 463 111 25 4,300,000
638 462 82 20 kannor
736 462 51 20 böra
802 462 125 25 bibehållas,

177 497 55 19 dock
255 496 23 20 så
302 498 30 18 att
354 496 122 26 detsamma,
500 496 67 20 såsom
584 497 61 19 äfven
662 496 126 26 nugällande
804 496 123 26 författning

178 531 124 26 medgifver,
319 530 57 26 finge
392 530 51 20 ökas
460 530 46 20 med
524 531 26 19 50
565 532 94 24 procent,
675 530 6 20 i
698 530 101 20 händelse
810 530 57 20 Hans
878 530 49 26 Kej-

177 565 78 26 serliga
277 564 97 27 Majestät
396 564 64 20 funne
482 571 26 13 en
524 564 121 27 förhöjning
661 564 23 20 af
697 564 164 27 tillverkningen
877 571 51 13 vara

178 598 23 20 af
214 598 102 20 behofvet
330 598 40 20 och
386 598 207 26 omständigheterna
608 598 107 26 påkallad.

246 632 107 20 Ehuruväl
369 632 144 26 spritdrycker
528 632 6 20 i
550 632 115 20 allmänhet
685 635 35 17 äro
739 634 29 18 ett
784 632 23 20 af
820 632 26 20 de
861 632 66 26 lämp-

178 667 75 27 ligaste
268 666 87 20 föremål
371 667 32 19 för
419 666 141 27 beskattning,
577 666 66 20 måste
659 666 55 20 dock
733 666 34 20 vid
788 666 139 20 bestämman-

180 701 35 20 det
230 701 23 19 af
266 701 94 19 skattens
376 700 76 27 belopp
469 700 81 26 hänsyn
567 703 58 23 tagas
641 700 70 20 dertill
727 702 30 18 att
773 700 108 20 frestelsen
898 700 31 19 till

178 735 139 26 lurendrejeri
332 734 39 20 och
387 734 156 26 lönnbränning
558 735 6 19 i
581 741 80 13 samma
677 734 46 20 mån
740 734 40 20 blir
795 736 73 24 större,
884 741 44 13 som

178 770 84 19 skatten
278 769 66 25 höjes.
374 768 151 20 Erfarenheten
545 768 37 20 har
602 769 54 19 visat
671 770 30 18 att
718 768 156 27 lönnbränning
889 768 40 20 och

178 803 128 27 insmugling
322 803 31 19 till
368 802 72 20 landet
454 802 22 20 af
490 802 89 20 bränvin
595 803 45 19 från
657 802 80 20 utrikes
752 805 33 17 ort
799 803 48 19 icke
867 803 62 19 tillta-

179 838 38 26 git,
233 839 49 18 utan
299 839 89 17 tvertom
406 844 43 12 mer
464 837 40 19 och
519 844 44 12 mer
580 837 101 19 minskats
698 837 65 19 under
775 837 40 19 den
827 837 30 19 tid
869 836 60 20 brän-

181 871 279 24 vinstillverkningsskatten
476 871 78 26 utgjort
569 877 26 13 en
611 870 59 20 mark
685 877 38 20 per
739 871 77 25 kanna,
832 871 97 19 hvarföre

180 905 108 20 Utskottet
304 907 74 23 ansett,
394 907 30 17 att
439 905 64 26 sagde
519 904 57 20 skatt
591 904 38 20 bör
644 904 32 20 till
696 904 97 26 beloppet
814 904 117 20 bibehållas

180 939 126 20 oförändrad
326 939 80 25 jemväl
429 939 31 19 för
478 939 41 19 den
540 938 91 26 tidrymd
648 945 27 12 nu
691 938 145 27 föreliggande
851 938 79 26 förslag

182 973 31 20 till
229 973 123 26 författning
369 972 75 20 blifver
459 972 104 27 gällande.
594 972 32 19 Då
641 972 65 19 likväl
721 973 7 18 i
739 973 40 19 den
790 972 83 27 Nådiga
883 979 47 19 pro-

181 1007 118 26 positionen
322 1007 95 25 föreslås,
440 1009 30 17 att
492 1007 65 26 sagde
573 1006 55 20 skatt
643 1006 64 27 finge,
723 1007 70 19 derest
809 1007 58 19 Hans
882 1007 48 26 Kej-

181 1041 78 26 serliga
275 1041 96 26 Majestät
386 1041 64 20 funne
466 1041 46 19 skäl
528 1041 69 19 dertill
612 1041 137 26 förekomma,
769 1041 92 26 förhöjas
877 1041 55 20 ända

181 1075 30 20 till
236 1075 1 19 I
257 1075 58 19 mark
338 1075 27 19 20
388 1075 64 26 penni
475 1081 37 20 per
534 1075 78 25 kanna,
635 1075 38 19 har
692 1075 106 20 Utskottet
817 1075 68 19 funnit
899 1075 33 26 sig

182 1109 86 19 manadt
283 1111 30 17 att
328 1109 115 26 öfverväga
458 1109 102 19 huruvida
574 1109 63 19 innan
655 1111 59 17 nästa
732 1109 101 26 landtdag
853 1108 80 20 sådana

183 1143 143 20 förhållanden
350 1142 71 20 kunna
444 1142 90 24 inträffa,
557 1142 72 19 hvilka
652 1142 73 27 gjorde
746 1143 35 19 det
797 1142 82 27 möjligt
894 1144 37 23 att,

183 1179 48 17 utan
248 1176 92 20 särdeles
356 1176 98 26 äfventyr
470 1176 30 19 för
516 1176 95 19 tillförsel
627 1176 23 19 af
665 1176 86 19 bränvin
767 1176 27 26 på
802 1176 72 26 oloflig
883 1179 49 23 väg,

182 1210 72 20 skrida
269 1210 31 19 till
316 1216 26 13 en
358 1210 40 19 slik
415 1210 196 26 skatteförhöjning.
641 1210 79 19 Dervid
736 1210 37 19 har
788 1210 38 20 hos
847 1210 85 20 Utskot-

182 1247 31 17 tet
227 1245 6 18 i
250 1244 138 20 betraktande
404 1244 94 26 kommit,
514 1246 29 17 att
559 1244 40 20 den
616 1244 78 27 lagliga
709 1244 162 26 produktionen,
887 1250 44 14 som

182 1279 79 26 utgjort
284 1279 31 19 för
337 1278 23 19 år
381 1278 60 25 1866,
456 1290 26 2 -—
499 1278 96 25 312,048,
618 1278 32 19 för
668 1278 23 20 år
711 1278 60 25 1867,
791 1290 24 3 —
836 1278 97 25 382,594,

182 1313 32 19 för
237 1312 23 19 år
284 1312 60 25 1868,
362 1324 21 2 —
403 1312 97 26 570,388,
521 1312 31 19 för
571 1312 22 19 år
611 1313 60 24 1869,
687 1324 24 2 -——
730 1312 117 25 1,214,042,
864 1312 31 19 för
910 1311 23 20 år

185 1347 60 25 1870,
263 1358 23 3 —
306 1346 109 26 1,858,930
431 1346 39 20 och
493 1346 32 20 för
548 1346 22 19 år
595 1345 60 27 1871,
673 1357 23 3 —
714 1346 109 26 2,442,011
845 1345 88 26 kannor,

183 1381 37 19 allt
235 1380 23 19 af
271 1380 163 25 normalstyrka,
450 1380 22 19 år
488 1380 31 19 för
534 1380 23 19 år
572 1380 55 19 varit
641 1380 6 19 i
663 1380 96 26 stigande
775 1379 38 20 och
834 1379 47 20 med
901 1379 31 19 in-

184 1414 121 21 nevarande
327 1414 23 19 år
372 1414 123 27 antagligen
518 1414 53 19 skall
591 1414 70 26 uppgå
676 1414 31 19 till
723 1414 79 19 inemot
821 1413 111 26 3,000,000

183 1449 89 24 kannor,
288 1448 7 19 i
311 1448 51 26 följd
386 1449 75 19 hvaraf
482 1449 35 19 det
539 1448 108 20 förefaller
669 1447 108 20 sannolikt
799 1449 30 18 att
847 1447 36 20 det
897 1447 35 19 be-

184 1482 80 20 stämda
281 1482 187 26 maximibeloppet
482 1483 24 19 af
519 1482 111 25 4,300,000
646 1481 82 20 kannor
748 1481 41 19 kan
809 1487 33 13 om
867 1480 66 26 några
