1142 1786
252 173 34 18 366

229 237 211 26 tionsförändringar,
457 237 30 19 till
503 236 118 26 antagande
637 236 85 20 förorda
738 236 156 26 propositionen
911 236 7 19 i
930 235 49 20 den-

229 277 28 14 na
272 271 41 20 del.

299 304 29 20 På
344 305 88 19 anförda
448 304 44 20 skäl
508 304 31 20 får
555 304 108 20 Utskottet
678 304 106 19 vördsamt
800 304 87 19 föreslå:

401 344 35 21 det
451 344 49 20 ville
516 344 83 20 landets
615 343 125 27 Höglofliga
757 343 100 26 Ständer,
872 343 47 21 med
929 342 52 28 för-

332 378 108 20 klarande
455 380 33 18 att
503 378 40 20 den
559 377 88 27 Nådiga
659 378 164 26 propositionen
839 377 44 21 icke
896 377 85 20 kunnat

332 412 138 26 oförändrad
484 414 99 25 antagas,
594 411 41 28 för
650 412 35 20 sin
700 412 33 20 del
749 411 82 21 besluta
847 412 34 20 till
901 418 25 14 en
945 412 36 20 så-

334 446 93 28 lydande

287 502 169 28 Förordning
472 503 136 27 angående
623 502 164 28 afträdande
804 502 32 27 af
847 502 72 20 mark
934 502 47 20 till

398 543 167 28 anläggning
580 542 31 28 af
622 543 99 20 allmän
737 542 134 28 landsväg.

401 604 51 21 Med
471 605 95 27 ändring
584 604 30 28 af
627 607 12 19 1
655 605 15 27 $
684 606 30 20 25
730 604 90 28 kapitlet
838 605 143 27 Byggninga-

333 638 76 21 balken
431 641 56 19 samt
504 638 129 28 förklaring
653 638 29 27 af
693 638 36 21 och
745 639 78 27 tillägg
839 639 34 21 till
891 639 90 27 Nådiga

334 672 165 28 Förordningen
522 673 112 27 angående
650 673 129 27 jordegares
804 672 121 28 skyldighet
949 675 32 18 att

332 709 54 18 emot
409 707 121 27 ersättning
553 707 91 27 upplåta
667 706 62 21 mark
747 706 42 28 för
808 707 92 20 allmänt
919 706 66 28 behof

334 740 29 28 af
374 741 40 20 den
430 742 30 20 12
476 740 112 21 December
603 742 59 20 1864
677 741 83 25 varder,
777 741 112 27 angående
908 740 72 27 afträ-

332 774 72 21 dande
419 774 30 28 af
459 774 62 21 mark
536 775 35 20 till
586 775 135 27 anläggning
736 774 29 28 af
775 774 82 21 allmän
869 774 111 27 landsväg,

332 808 104 28 stadgadt
451 815 45 14 som
506 808 79 28 följer:

580 860 50 26 $1

400 905 74 27 Egare
496 905 50 20 eller
570 904 141 27 innehafvare
735 905 29 26 af
775 905 55 27 jord
853 904 37 21 och
907 905 74 27 grund

333 939 65 27 njute,
415 939 28 20 då
459 938 61 21 mark
536 938 97 27 afträdes
651 939 34 20 till
701 939 135 27 anläggning
854 938 30 27 af
896 939 83 20 allmän

333 973 111 27 landsväg,
462 972 49 27 full
533 973 120 27 ersättning
675 972 30 27 af
718 972 84 21 kronan
813 971 40 28 för
869 973 40 20 allt
925 972 55 21 hvad

332 1006 74 21 dertill
422 1006 76 27 afstäs.

578 1058 15 27 $
608 1060 21 19 2.

400 1103 37 20 Då
448 1103 70 28 fråga
534 1104 92 26 uppstår
642 1110 33 14 om
695 1103 135 28 anläggning
850 1103 29 27 af
897 1104 81 20 allmän

334 1137 111 28 landsväg,
462 1138 42 20 låte
522 1137 138 20 Guvernören
675 1144 75 21 genom
766 1137 147 21 landtmätare
928 1138 52 20 eller

333 1171 98 27 ingeniör
453 1171 122 21 undersöka
596 1175 76 23 vägens
695 1172 136 26 lämpligaste
854 1171 125 27 sträckning

332 1204 38 21 och
385 1205 123 20 densamma
524 1206 13 19 ä
552 1205 65 21 karta
632 1205 85 27 affatta,
738 1205 74 21 dervid
829 1204 150 27 kostnadsför-

330 1239 48 27 slag
394 1239 59 25 öfver
478 1239 161 28 anläggningen
655 1239 72 21 tillika
743 1239 37 20 bör
795 1241 110 25 uppgöras
923 1242 56 17 samt

331 1273 39 20 den
382 1273 42 27 för
439 1273 124 21 ändamålet
579 1273 145 27 erforderliga
734 1273 62 20 mark
807 1273 111 27 behörigen
930 1275 50 18 vär-

332 1307 69 20 deras.
435 1307 39 21 Om
496 1307 71 20 denna
584 1307 143 27 förrättning
748 1307 61 20 skola
827 1307 153 27 sakegarene
969 1303 14 36 i

330 1341 42 28 god
388 1341 32 20 tid
430 1341 66 27 förut
510 1348 75 21 genom
599 1341 127 28 kungörelse
741 1342 147 25 underrättas,
906 1341 73 23 äfven-

330 1382 45 14 som
391 1375 77 21 ombud
483 1376 35 20 till
533 1375 119 22 bevakande
667 1375 30 28 af
707 1375 96 21 kronans
818 1378 45 18 rätt
879 1375 37 21 bör
934 1376 45 20 till-

330 1409 126 26 förordnas.

576 1455 16 26 $
607 1457 20 19 3.

403 1494 140 21 Guvernören
566 1495 126 26 öfverlemne
715 1495 94 27 derefter
831 1495 88 21 ärendet
945 1498 34 19 till
