1142 1786
873 174 34 17 309

180 236 98 26 anspråk,
295 237 64 19 ehuru
376 236 178 26 tillgodoseendet
568 236 23 19 af
605 236 62 20 dessa
683 236 69 25 behof,
769 237 36 19 der
827 237 36 19 det
876 237 52 20 skall

180 271 84 19 tillhöra
279 270 135 26 kommunen,
431 270 121 26 egentligen
569 270 64 19 borde
650 270 118 19 tillkomma
783 270 40 20 den
845 271 84 26 borger-

180 305 43 25 liga
239 304 135 20 kommunen.
395 315 19 3 —
433 304 72 20 Under
520 304 38 19 allt
573 304 57 19 detta
646 304 62 19 hafva
724 304 26 20 de
766 304 104 20 särskilda
888 307 40 18 rät-

180 339 98 26 tigheter,
297 339 72 19 hvaraf
385 334 38 24 den
440 338 136 20 kommunala
591 338 154 26 sjelfstyrelsen
763 338 6 19 i
789 338 50 20 våra
860 338 70 20 städer

181 372 77 26 består,
274 372 54 20 dock
345 372 53 20 varit
414 372 60 20 deras
490 372 130 26 borgerskap
639 372 132 20 uteslutande
790 370 139 23 förbehållna.

180 407 44 20 Och
241 413 33 14 om
290 407 40 19 ock
346 406 156 27 gårdsegarene
519 406 88 20 lemnats
624 406 81 20 tillfälle
721 409 30 17 att
766 407 85 27 deltaga
865 408 6 19 i
887 408 41 20 den

181 442 113 25 värdering
309 441 23 19 af
344 442 60 19 deras
420 441 82 26 gårdar,
520 447 42 13 som
580 441 71 26 lägges
667 441 30 19 till
713 442 67 25 grund
795 442 32 19 för
839 442 90 20 bestäm-

182 476 85 19 mandet
289 475 22 19 af
332 475 60 19 deras
415 475 67 26 årliga
502 475 109 26 utskylder
627 475 52 20 eller
696 475 73 27 bidrag
785 476 31 19 till
833 476 26 20 de
875 476 55 20 vissa

182 510 69 25 behof,
267 510 6 19 i
289 509 83 20 hvilkas
388 509 92 25 fyllande
498 509 25 19 de
539 509 60 20 skola
610 509 91 26 deltaga,
715 509 107 20 äfvensom
835 512 29 17 att
874 512 56 24 yttra

181 544 32 26 sig
236 544 58 19 öfver
318 544 77 19 vidden
414 543 52 20 eller
487 543 98 27 beloppet
601 544 22 19 af
637 544 61 19 dessa
715 544 65 20 behof
793 544 32 20 för
841 544 50 26 året,
907 544 24 20 så

181 579 37 19 har
234 578 37 20 allt
287 578 35 19 det
338 577 161 26 hufvudsakliga
514 578 117 25 inflytande
648 578 26 25 på
689 578 27 19 de
727 585 157 19 gemensamma
895 585 34 13 an-

182 612 184 26 gelägenheterna,
390 611 86 20 hvarom
500 612 98 19 städerna
621 614 36 17 äro
678 612 5 19 i
704 612 138 20 ofvananförd
867 612 64 20 måtto

182 646 129 25 försäkrade,
328 646 90 19 utöfvats
434 646 22 18 af
471 645 151 27 borgerskapet
641 648 87 17 ensamt.
760 646 36 19 Att
819 652 24 14 en
864 646 65 20 sådan

182 680 100 20 sakernas
305 680 99 26 ställning
428 680 46 19 icke
498 682 22 16 är
540 680 46 19 med
603 680 86 19 rättvisa
705 680 52 19 eller
773 680 97 26 billighet
886 680 45 20 fulit

182 714 96 26 förenlig,
294 714 60 20 torde
369 714 47 19 icke
433 716 47 17 utan
498 713 44 19 skäl
560 714 61 19 äfven
637 714 72 19 kunna
727 714 118 20 anmärkas.

250 748 41 20 Vid
310 749 52 19 1863
379 748 33 19 års
428 748 101 26 landtdag
546 748 103 19 förelades
665 748 118 20 Ständerna
798 748 69 27 Nådig
883 756 47 19 pro-

182 784 98 25 position,
296 782 110 26 angående
421 782 166 26 reorganisation
604 781 23 20 af
640 782 109 20 städernas
767 782 164 20 kommunalför-

182 817 101 25 valtning.
315 816 8 20 I
340 816 60 20 deras
416 816 145 25 underdåniga
577 822 47 13 svar
640 816 26 26 på
685 816 89 20 berörda
795 817 136 25 proposition,

182 850 87 20 hvilken
292 850 75 20 endast
389 850 59 25 afsäg
471 852 30 16 att
523 850 94 19 inhemta
635 850 128 19 Ständernas
782 850 99 26 yttrande
897 857 32 13 om

182 885 120 26 grunderna
324 884 32 19 för
380 890 25 13 en
428 883 65 20 sådan
510 883 79 26 åtgärd.
606 883 93 20 erkände
715 884 117 19 Ständerna
850 884 81 20 oförbe-

183 918 97 19 hållsamt
297 917 99 20 behofvet
411 917 23 19 af
448 917 171 26 lagstiftningens
636 917 149 20 mellankomst
805 921 54 17 samt
879 921 55 17 utta-

183 953 47 19 lade
247 953 31 26 sig
294 952 86 25 derhän,
399 953 30 18 att
448 951 40 20 den
506 951 106 20 blifvande
632 951 61 26 lagen
711 952 70 25 borde,
802 952 130 20 beträffande

183 988 26 19 de
226 986 135 20 kommunala
376 985 152 27 rättigheterna
543 985 38 20 och
598 985 181 26 skyldigheterna,
795 987 5 18 i
813 986 119 27 möjligaste

183 1021 64 19 måtto
265 1020 81 26 byggas
362 1020 26 25 på
404 1019 176 26 likställighetens
596 1019 86 20 rättvisa
697 1019 109 26 grundval.
824 1020 40 19 Vid
873 1020 58 19 inne-

184 1054 91 20 varande
298 1054 101 25 landtdag
422 1053 36 20 har
482 1053 56 20 Hans
561 1053 118 26 Kejserliga
699 1053 96 26 Majestät
817 1054 46 19 låtit
878 1054 55 19 före-

183 1089 63 26 lägga
269 1088 123 23 Ständerna,
413 1088 66 25 jemte
502 1087 87 20 särskild
614 1087 69 27 Nådig
699 1088 136 25 proposition,
855 1088 78 27 förslag

184 1123 30 19 till
230 1129 26 13 en
272 1122 130 19 omfattande
425 1121 34 27 lag
485 1121 110 26 angående
614 1122 41 19 den
671 1122 136 19 kommunala
826 1122 105 20 verksam-

184 1157 63 19 heten
263 1157 55 18 inom
336 1156 82 19 landets
433 1155 76 20 städer.
541 1156 39 19 För
599 1156 157 26 granskningen
778 1156 23 19 af
819 1156 57 19 detta
891 1156 42 27 lag-

183 1191 79 25 förslag
284 1191 64 18 bafva
370 1190 118 19 Ständerna
511 1189 72 20 tillsatt
603 1192 29 17 ett
648 1190 99 19 särskildt
763 1190 90 20 Utskott.
885 1191 48 19 Men

184 1225 65 20 ehuru
272 1224 36 19 det
330 1224 82 19 således
435 1224 47 19 icke
507 1224 126 20 tillkommer
653 1224 145 27 Lagutskottet
813 1226 30 18 att
861 1224 72 27 ingå
923 1220 14 35 i

185 1259 63 25 något
265 1258 153 20 bedömmande
434 1258 23 19 af
470 1258 66 26 sagda
551 1258 124 26 lagförslags
692 1258 99 26 innehåll,
808 1259 59 19 torde
880 1259 53 26 Lag-

184 1293 100 20 utskottet
307 1292 64 20 likväl
396 1298 49 13 vara
468 1292 145 19 oförhindradt
635 1294 30 17 att
685 1293 38 18 här
738 1292 117 26 framhålla,
871 1293 62 19 huru-

184 1333 44 14 som
245 1327 57 19 Hans
322 1326 118 26 Kejserliga
462 1326 118 25 Majestät
576 1321 12 36 i
599 1325 138 20 nästberörda
755 1326 83 25 Nådiga
859 1332 75 20 propo-

184 1361 62 20 sition
263 1360 171 26 tillkännagifvit,
450 1362 29 17 att
496 1359 133 20 utfärdandet
645 1359 21 20 af
681 1359 92 20 nämnda
791 1366 42 19 nya
852 1360 35 26 lag
903 1361 32 18 för

184 1395 98 19 städerna
298 1394 96 19 kommer
409 1395 30 18 att
455 1393 50 20 bero
521 1393 65 26 deraf,
602 1396 30 17 att
652 1393 113 26 Vällofliga
784 1393 149 26 Borgarestån-

184 1429 36 18 det
242 1428 34 19 vid
300 1428 40 19 den
364 1435 26 12 nu
407 1427 127 20 församlade
549 1427 128 27 landtdagen
695 1427 118 26 medgifver
832 1427 25 20 de
873 1427 6 20 i
896 1427 11 20 3
924 1429 10 22 $

183 1462 23 19 af
219 1462 161 25 ifrågavarande
397 1461 75 26 Kongl.
488 1461 117 20 Försäkran
617 1461 139 20 omförmälda
773 1461 161 26 rättigheternas

184 1495 146 27 utsträckning
354 1496 32 18 till
409 1495 198 20 stadskommunens
630 1495 42 19 alla
699 1494 157 27 skattskyldige
878 1494 57 20 med-
