1142 1786
871 165 34 17 369

280 227 65 26 njute,
362 225 28 21 då
405 224 62 21 mark
482 225 98 26 afträdes
596 226 35 20 till
646 226 137 27 anläggning
805 227 30 27 af
853 227 75 21 lands-

280 262 46 25 väg,
337 259 49 27 full
402 259 122 28 ersättning
534 259 41 27 för
590 260 41 21 allt
646 260 56 21 hvad
717 260 73 21 dertill
809 262 77 26 afstäs.

526 310 15 28 $
555 312 21 20 2

350 355 36 21 Då
396 355 72 27 fråga
482 356 94 26 uppstår
598 362 33 14 om
649 356 136 28 anläggning
805 357 29 27 af
845 358 83 20 allmän

282 390 105 26 landsväg
402 390 52 20 eller
469 396 77 14 annan
560 391 46 26 väg,
631 390 43 20 låte
691 390 145 26 Guvernören,
860 391 69 21 derest

275 424 99 27 frivillig
389 423 209 24 öfverenskommelse
613 424 20 26 ej
647 424 43 20 kan
700 424 42 26 ske,
753 431 74 21 genom
839 425 88 21 landtm.

282 464 17 14 0.
316 464 16 14 s.
348 464 17 14 v.

350 492 170 26 Fortsättningen
544 492 38 20 och
605 492 68 27 öfriga
693 495 21 22 $$
730 493 44 20 lika
789 494 47 20 med
857 494 70 20 betän-

282 526 86 20 kandet.

710 572 29 21 K.
755 575 22 18 J.
793 573 67 21 Hahl.

352 730 106 20 Finlands
481 730 109 20 Ständers
613 730 163 27 underdäniga
797 737 52 14 svar
871 732 6 19 i
896 738 33 14 an-

320 764 78 26 ledning
412 764 22 20 af
447 764 57 20 Hans
520 764 136 26 Kejserliga
670 765 119 26 Majestäts
805 765 70 26 Nädiga
885 772 45 20 pro-

318 798 89 26 position,
422 798 98 26 angående
536 798 113 20 afträdande
664 799 21 20 af
697 799 56 20 mark
767 799 30 20 till
815 800 116 26 anläggning

318 832 22 20 af
352 832 97 26 landsväg.

182 889 206 26 Stormäktigste,
400 888 188 27 Allernädigste
605 889 103 26 Kejsare
724 890 38 19 och
779 890 150 20 Storfurste!

250 945 57 20 Enär
329 945 147 26 stadgandet
467 941 16 35 i
495 946 7 18 1
520 947 10 22 $
546 945 25 20 25
591 945 48 26 kap.
662 946 23 19 B.
708 946 23 19 B.
753 953 32 13 om
809 946 122 26 skyldighet

184 981 30 18 ait
229 979 53 20 afstä
295 979 47 26 jord
358 979 32 20 för
406 979 131 26 anläggning
552 979 23 20 af
588 979 108 26 landsväg,
710 979 48 20 icke
769 980 161 20 öfverensstäm-

185 1020 43 13 mer
244 1013 46 20 med
307 1013 55 20 hvad
379 1014 9 18 1
406 1015 10 22 $
431 1013 6 19 i
454 1013 82 26 Nädiga
552 1013 158 26 Förordningen
734 1014 40 19 den
797 1015 24 19 12
842 1014 88 20 Decem-

184 1047 37 20 ber
238 1047 53 19 1864
306 1046 118 20 innehäller
440 1047 110 26 angäende
562 1047 163 26 skyldighet
693 1042 33 36 för
735 1054 63 20 egare
809 1048 53 19 eller
872 1049 58 19 inne-

183 1081 86 20 hafvare
294 1081 22 19 af
333 1081 48 26 jord
402 1077 30 23 att
450 1082 57 18 emot
522 1080 134 27 godtgörelse
672 1081 85 26 uppläta
773 1081 59 20 mark
848 1081 31 20 för
895 1082 36 19 all-

185 1117 56 17 mänt
263 1115 65 19 behof
349 1116 54 18 samt
426 1114 88 20 berörde
529 1115 132 26 Förordning
683 1115 48 20 icke
752 1115 71 25 heller,
839 1115 7 19 i
862 1115 70 27 frågor

184 1155 34 13 om
234 1149 130 26 anläggning
380 1149 23 19 af
416 1151 47 24 väg,
487 1149 28 19 uti
536 1149 10 19 7
567 1151 9 22 $
593 1151 102 24 upptager
713 1149 68 26 någon
798 1149 133 27 bestämning

184 1183 110 25 angående
316 1182 78 20 allmän
416 1182 104 26 landsväg
542 1182 51 20 eller
616 1183 6 19 i
648 1183 63 26 öfrigt
733 1183 64 26 något
815 1183 116 26 stadgande

184 1216 70 20 derom
271 1218 31 18 att
316 1216 143 20 förstnämnda
474 1216 80 27 lagrum
571 1222 75 21 genom
663 1216 64 27 sagde
740 1217 131 27 Förordning
883 1224 49 13 vore

184 1251 120 26 upphäfvet,
329 1251 34 19 vid
386 1251 82 19 hvilket
489 1251 131 19 förhållande
643 1251 72 19 tvifvel
739 1251 99 26 uppstått,
858 1251 73 20 huru
921 1247 14 34 i

185 1285 39 19 mål
241 1285 22 19 af
280 1284 90 20 berörda
392 1283 149 21 beskaffenhet
563 1285 110 26 rätteligen
698 1285 65 19 borde
784 1285 95 26 förfaras,
895 1285 38 19 har

185 1319 82 20 Eders
290 1318 151 27 Kejserliga
464 1319 127 25 Majestät,
614 1319 30 19 till
665 1318 172 27 undanrödjande
855 1318 23 20 af
891 1318 40 19 slik

184 1353 113 19 osäkerhet
312 1353 6 18 i
334 1352 171 27 lagskipningen,
528 1355 54 17 samt
603 1353 28 19 då
652 1353 35 20 det
707 1353 77 25 jemväl
808 1354 59 24 synts
883 1359 50 13 vara

185 1386 53 20 både
254 1386 112 26 angeläget
380 1388 31 17 att
425 1386 127 26 rättigheten
569 1386 30 20 till
615 1386 133 27 godtgörelse
764 1386 31 20 för
811 1386 66 26 mark,
889 1393 43 12 som

184 1420 63 19 afstås
270 1420 31 19 till
325 1427 28 19 ny
373 1423 47 23 väg,
439 1427 49 12 vare
504 1421 32 25 sig
556 1420 75 20 allmän
648 1420 52 20 eller
715 1421 32 18 för
762 1420 119 26 menighets
897 1420 35 19 be-

185 1454 41 25 hof,
242 1455 18 24 ej
277 1454 125 19 utsträcktes
416 1454 82 19 utöfver
515 1454 53 19 hvad
587 1455 8 18 1
613 1456 10 22 $
639 1455 26 18 25
682 1454 48 26 kap.
750 1454 21 19 B.
790 1454 23 19 B.
837 1453 94 20 innehål-

184 1488 36 26 ler,
236 1488 38 18 och
291 1488 115 19 önskvärdt
421 1490 30 17 att
467 1487 70 27 frågor
553 1488 89 20 rörande
658 1488 157 26 expropriation
836 1487 23 19 af
874 1487 57 19 mark

867 1520 22 16 24
