1142 1786
21 207 9 26 arm
20 137 10 62 omer:
19 35 17 92 FORA

843 153 33 18 241

149 217 92 20 denären
257 217 50 26 sjelf
320 217 19 26 ej
356 216 63 27 gälda
434 216 70 26 gitter.
535 215 73 20 Denna
629 216 86 26 mening
735 219 23 17 är
778 216 39 20 ock
834 217 64 19 redan

150 251 100 20 omfattad
266 251 23 20 af
303 251 35 19 det
353 249 137 20 Hedervärda
505 249 158 20 Bondeståndet
674 250 34 19 vid
724 251 48 19 1867
786 251 33 19 års
831 251 67 19 landt-

150 285 47 26 dag.
227 285 45 19 Den
289 285 27 19 då
331 284 93 20 rådande
437 283 269 27 penningeförlägenheten
718 287 23 16 är
752 291 86 13 numera
845 285 54 25 jem-

151 319 33 19 väl
207 318 155 26 öfverstånden,
386 318 38 19 och
446 317 123 26 tidpunkten
587 317 31 19 för
633 318 175 26 genomförandet
823 318 23 20 af
859 318 39 20 den

150 353 23 19 af
194 353 41 26 mig
249 352 131 26 föreslagna
402 351 185 27 lagförändringen
608 354 23 17 är
650 352 63 20 äfven
729 352 6 20 i
751 352 64 26 öfrigt
831 352 68 20 dertill

150 393 96 20 gynsam,
262 386 27 20 då
302 387 22 25 ju
341 386 143 26 kapitalisten,
500 392 27 12 nu
543 392 44 12 mer
602 388 26 16 än
645 385 49 26 förr,
710 388 23 17 är
749 386 5 19 i
771 386 84 20 tillfälle
871 388 29 18 att

150 420 84 26 placera
250 420 45 20 sina
310 420 118 26 penningar
443 420 7 19 i
466 419 106 20 allmänna
591 420 88 26 företag,
702 422 59 18 stats-
778 421 38 19 och
837 421 64 19 andra

151 455 62 20 säkra
227 455 152 26 värdepapper.
410 454 38 20 Att
470 454 69 19 denna
556 454 159 26 lagförändring
731 454 47 20 icke
798 455 55 27 finge
869 456 30 18 in-

152 489 64 20 verka
239 488 26 27 på
288 489 25 20 de
336 488 134 20 härförinnan
494 488 109 26 ingångna
629 488 223 26 borgesförbindelser,
879 492 22 16 är

151 523 111 26 sjelffallet.
293 523 71 20 Skulle
386 523 41 19 min
449 522 37 20 här
502 522 91 20 uttalade
613 523 86 26 mening
715 523 74 25 lyckas
805 523 96 19 tillvinna

152 557 31 26 sig
198 556 120 27 Högloflige
334 556 128 21 Ständernas
479 556 64 26 bifall,
562 557 58 19 torde
637 557 88 20 ärendet
739 557 162 20 återremitteras

152 591 30 19 till
198 591 145 26 Lagutskottet
359 591 31 19 för
406 593 30 17 att
451 591 5 19 i
473 590 75 20 sådant
563 591 54 25 syfte
633 591 151 26 omredigeras.

219 653 109 20 Prosten
351 652 125 28 Rosengren
502 653 99 19 förenade
623 653 32 26 sig
677 653 6 19 i
707 653 151 20 ofvanstående
882 654 23 18 af

154 686 212 21 Hofrättsassessoren
383 687 75 19 Munck
476 686 80 27 afgifna
572 688 135 18 reservation.

324 874 108 20 Finlands
454 874 114 20 Ständers
591 874 168 25 underdåniga
780 880 53 14 svar
848 874 6 20 i
870 880 33 14 an-

289 908 77 26 ledning
382 908 22 20 af
416 908 59 20 Hans
490 907 138 27 Kejserliga
643 908 124 25 Majestäts
782 908 69 26 Nådiga
859 915 44 19 pro-

290 942 90 26 position,
396 949 30 13 om
442 942 106 26 antagande
564 942 20 20 af
593 949 23 13 en
628 942 113 26 förordning
751 942 98 26 angående
859 943 45 20 når-

290 982 52 14 mare
358 976 140 20 bestämmande
514 976 21 20 af
547 976 110 20 löftesmans
675 976 126 27 ansvarighet.

154 1039 208 26 Stormäktigste,
374 1038 191 27 Allernådigste
579 1039 104 26 Kejsare
699 1039 39 20 och
754 1039 148 20 Storfurste!

222 1101 69 20 Sedan
307 1101 83 20 Eders
406 1101 148 26 Kejserliga
569 1102 120 25 Majestät
704 1101 89 26 förelagt
804 1101 101 20 Finlands

154 1135 23 20 år
196 1135 50 20 1867
269 1135 31 19 till
320 1135 101 26 landtdag
442 1135 125 20 församlade
586 1135 89 20 Ständer
690 1135 69 26 Nådig
773 1136 130 25 proposition

155 1169 47 20 med
225 1169 79 26 förslag
327 1169 31 20 till
382 1169 123 26 förordning
532 1169 174 26 hufvudsakligen
727 1170 4 19 i
756 1169 95 20 ändamål
876 1171 30 18 att

155 1203 114 27 lämpligen
292 1203 105 26 begränsa
420 1203 57 20 tiden
500 1204 31 18 för
550 1203 121 20 löftesmans
689 1202 216 27 ansvarsskyldighet,

155 1244 46 13 men
218 1238 70 19 denna
303 1237 84 27 Nådiga
402 1238 132 25 proposition
550 1237 47 20 icke
613 1237 81 20 kunnat
706 1237 24 20 af
742 1237 117 20 Ständerna
869 1243 35 14 an-

154 1274 66 24 tagas,
244 1272 37 19 har
303 1271 81 20 Eders
405 1271 148 27 Kejserliga
568 1272 135 25 Majestät,
719 1271 32 20 för
765 1273 30 18 att
813 1271 6 19 i
836 1271 69 26 någon

155 1305 47 20 mån
222 1305 27 27 gå
273 1305 25 20 de
320 1305 23 20 af
357 1305 89 20 flertalet
462 1305 62 20 bland
541 1305 83 20 landets
639 1305 90 20 Ständer
743 1305 84 26 yttrade
843 1305 62 20 önsk-

155 1339 75 26 ningar
246 1339 32 20 till
295 1342 73 22 mötes,
384 1339 6 20 i
405 1339 71 20 Nåder
492 1339 69 20 funnit
575 1339 52 26 godt
638 1339 34 20 vid
683 1339 144 20 innevarande
839 1339 66 19 landt-

155 1374 41 26 dag
219 1373 115 20 framställa
357 1380 27 19 ny
408 1373 129 26 proposition
554 1374 6 19 i
576 1375 71 18 ämnet
661 1373 48 20 med
725 1373 78 26 förslag
818 1373 31 19 till
865 1373 40 20 för-

154 1408 96 26 fattning,
270 1407 86 20 hvilken
372 1408 7 19 i
394 1407 74 26 antydt
491 1407 98 20 ändamål
612 1407 115 20 innefattar
749 1407 48 20 icke
817 1405 89 22 allenast

156 1445 94 16 närmare
268 1442 156 26 bestämningar
440 1441 23 20 af
477 1441 54 20 hvad
549 1442 103 25 borgenär
668 1443 57 18 emot
740 1441 109 19 löftesman
866 1442 39 19 och

155 1475 112 20 löftesmän
290 1478 57 17 emot
371 1476 118 19 hvarandra
513 1475 98 21 inbördes
635 1476 50 19 böra
704 1475 31 19 till
751 1474 119 20 bevarande
886 1476 23 19 af

817 1506 22 18 16
