1142 1786
251 169 35 17 370

230 233 32 19 för
277 233 105 20 hvardera
398 232 67 26 slaget
481 232 23 19 af
518 235 63 23 vägar
598 231 142 20 behandlades
756 232 5 19 i
778 231 89 20 likartad
885 233 96 26 ordning,

230 273 76 20 genom
323 266 70 27 Nådig
408 266 130 26 proposition
559 265 110 26 angående
693 265 123 20 afträdande
839 266 22 19 af
875 267 59 19 mark
951 267 29 19 till

229 300 131 26 anläggning
376 300 22 19 af
412 300 102 26 landsväg
530 299 108 26 föreslagit
652 299 81 20 landets
744 306 27 12 nu
782 299 127 20 församlade
920 300 59 20 Stän-

229 335 38 19 der
282 336 30 18 att
328 334 67 19 såsom
419 334 75 26 tillägg
518 334 29 19 till
567 334 7 19 1
592 336 10 21 $
618 334 29 18 uti
662 333 82 26 Nädiga
763 328 159 32 Förordningen
939 334 39 19 den

231 369 25 19 12
272 368 118 20 December
406 368 54 19 1864
476 370 77 24 antaga
569 368 25 20 de
610 368 157 26 propositionen
785 368 6 18 i
807 367 75 20 sädant
898 368 80 20 afseen-

228 402 26 20 de
271 402 98 26 bifogade
386 402 137 26 stadganden.

297 436 117 20 Ständerna
437 436 68 26 hafva,
528 436 35 19 vid
586 436 156 26 öfvervägande
763 436 23 19 af
799 436 70 19 denna
884 437 93 25 proposi-

227 472 44 18 tion
288 470 67 20 funnit
377 477 25 13 en
426 470 122 26 författning
564 471 5 18 i
586 470 138 20 omförmälda
747 470 68 26 syften
839 476 48 14 vara
905 470 23 19 af
943 470 33 20 be-

227 504 73 20 hofvet
322 502 106 28 påkallad,
451 504 39 20 och
513 504 54 26 förty
591 504 54 19 velat
665 504 30 19 tili
711 503 161 27 ifrågavarande
889 504 86 26 lagstift-

227 538 136 26 ningsätgärd
388 538 68 19 lemna
480 538 38 19 den
543 538 26 25 pä
591 538 48 19 dem
662 537 155 20 ankommande
837 538 138 24 medverkan;

227 579 48 13 men
292 572 88 20 emedan
397 571 117 21 Ständerna
529 572 47 19 icke
592 572 81 19 kunnat
688 572 6 19 i
710 572 41 19 alla
767 572 58 19 delar
846 573 81 19 biträda
949 573 25 19 de

226 606 120 26 föreslagna
362 606 154 26 stadgandenas
539 605 100 25 innehåll,
663 605 84 26 utbedja
763 606 32 26 sig
814 606 117 20 Ständerna
946 609 29 17 att

226 640 20 20 få
262 640 6 19 i
285 640 35 20 det
336 640 91 26 följande
444 640 114 19 framställa
573 639 72 19 skälen
663 640 31 18 för
710 639 31 19 sin
753 639 114 20 afvikande
882 640 91 26 mening.

294 674 46 19 Den
351 674 83 25 Nädiga
445 674 157 25 propositionen
619 673 78 26 äsyftar
708 675 30 17 att
750 674 68 19 införa
831 676 29 17 ett
875 674 99 19 likartadt

226 708 182 26 behandlingssätt
423 707 31 20 för
471 708 69 26 frågor
556 714 33 12 om
606 707 157 25 expropriation
779 707 23 19 af
817 708 59 19 mark
893 708 30 19 för
937 714 36 13 an-

226 742 101 26 läggning
343 742 22 19 af
378 742 58 19 såväl
452 742 76 19 allmän
544 742 102 25 landsväg
661 747 42 13 som
715 744 40 24 väg
767 741 31 19 för
809 742 63 25 stads,
884 742 89 20 sockens

225 776 51 19 eller
292 782 68 13 annan
384 776 117 26 menighets
520 775 69 20 behof.
620 775 96 19 Rörande
741 775 129 20 sistnämnda
893 776 44 26 slag
953 776 23 20 af

226 812 64 24 vägar
305 809 117 20 innehäller
446 809 115 20 emellertid
581 809 42 19 ofta
642 809 91 20 nämnda
748 809 132 27 Förordning
896 810 23 19 af
932 810 40 20 den

226 844 24 18 12
267 843 117 20 December
403 844 51 19 1864
471 844 5 18 i
494 844 65 18 7—11
577 845 21 22 $$
615 849 122 19 noggranna
760 844 38 18 och
819 843 46 19 fullt
882 844 89 26 tillämp-

224 878 43 25 liga
282 877 137 27 stadganden.
436 878 116 19 Ständerna
568 883 50 13 anse
634 877 35 19 det
686 877 22 19 sä
725 877 85 26 mycket
826 877 145 26 betänkligare

223 914 30 17 att
270 911 46 20 med
339 911 117 20 innehållet
478 911 22 20 af
520 911 66 26 sagde
601 913 22 22 SS
639 911 84 26 vidtaga
739 911 40 20 den
795 911 87 20 afscdda
901 911 70 20 förän-

223 946 89 26 dringen
328 945 40 20 och
383 945 93 20 likställa
490 945 129 26 anläggning
635 945 22 19 af
673 945 76 19 allmän
774 945 101 26 landsväg
895 946 38 19 och
950 945 23 20 af

223 983 41 23 väg
280 980 31 19 för
327 979 118 26 menighets
462 979 67 26 behof,
546 985 43 14 som
605 979 36 20 det
656 979 68 26 ligger
740 979 6 19 i
763 979 76 20 sakens
859 982 66 23 natur,
941 981 29 18 att

222 1014 82 19 olikhet
327 1013 65 20 mäste
415 1013 111 20 förefinnas
550 1013 35 20 vid
609 1013 122 26 byggandet
749 1013 22 20 af
785 1014 103 19 hvardera
903 1014 67 26 slaget

221 1048 46 19 utaf
281 1051 69 23 vägar.
381 1047 40 20 Vid
437 1048 129 26 anläggning
580 1047 22 20 af
615 1047 77 20 allmän
710 1047 100 26 landsväg
826 1050 23 17 är
862 1048 107 24 nemligen

221 1082 89 25 kronan,
326 1082 32 19 för
374 1082 60 19 hvars
450 1081 90 26 räkning
556 1081 155 26 expropriation
728 1081 23 20 af
764 1081 59 20 mark
840 1081 55 26 sker,
911 1081 57 20 alltid

221 1116 109 26 sakegare,
346 1116 39 19 och
401 1115 71 26 frägor
487 1116 22 19 af
523 1115 58 20 detta
595 1115 46 26 slag
659 1115 66 20 mäste
743 1115 70 20 derför
833 1115 136 20 underkastas

220 1149 140 20 föreskrifven
378 1149 128 26 behandling
521 1149 23 20 af
558 1149 156 20 vederbörande
730 1149 153 26 myndigheter,
917 1149 50 20 Der-

220 1186 58 17 emot
293 1183 71 19 kunna
380 1186 64 23 vägar
468 1183 30 19 för
521 1183 116 26 menighetis
661 1183 65 20 behof
741 1183 80 26 byggas
838 1185 47 17 utan
905 1183 63 26 något

220 1217 126 27 tillgörande
363 1216 44 20 från
424 1216 176 21 auktoriteternas
616 1217 51 24 sida,
683 1217 44 20 ifall
744 1217 158 20 vederbörande
921 1217 45 20 sak-

220 1258 64 19 egare
300 1251 72 20 kunna
387 1251 61 19 träffa
463 1251 102 26 godvillig
583 1251 222 25 öfverenskommelse,
829 1251 81 20 hvilket
932 1251 35 20 fall

220 1286 29 19 uti
266 1285 61 20 ofvan
344 1285 119 26 åberopade
479 1286 11 18 7
506 1287 10 22 $
532 1285 22 20 af
567 1285 157 26 Förordningen
741 1286 40 19 den
803 1285 24 20 12
851 1285 117 20 December

221 1319 60 25 1864,
298 1319 64 20 också
376 1321 22 17 är
414 1319 140 26 uttryckligen
571 1319 107 20 förutsedt.

287 1353 94 20 Emedan
398 1352 116 20 Ständerna
532 1353 81 20 således
629 1359 50 14 anse
695 1353 68 26 någon
780 1353 117 26 förklaring
915 1353 52 20 eller

218 1387 123 26 förändring
356 1387 24 19 af
393 1387 25 19 de
434 1387 130 26 stadganden
581 1387 5 18 i
607 1387 139 19 nästnämnda
769 1387 129 26 förordning,
921 1394 44 13 som

218 1421 75 20 beröra
308 1423 62 17 sättet
385 1421 31 18 för
424 1421 157 25 expropriation
593 1421 22 19 af
622 1421 58 19 mark
690 1421 31 19 för
731 1421 112 26 byggande
851 1421 24 19 af
887 1424 39 23 väg
935 1421 31 20 för

218 1455 118 26 menighets
353 1454 68 26 behof,
432 1454 49 20 icke
495 1461 50 13 vara
556 1455 23 19 af
591 1455 76 26 uöden,
681 1455 71 25 borde,
764 1455 67 26 enligt
839 1455 126 20 Ständernas

216 1488 71 26 tanke,
304 1488 63 20 sådan
384 1488 121 26 förändring
518 1488 6 20 i
538 1489 25 19 de
571 1495 76 19 genom
657 1489 40 19 den
707 1488 82 26 Nådiga
800 1489 164 26 propositionen,
