1142 1786
242 157 36 19 464

219 221 92 26 ordning
330 221 158 26 undersökning
508 221 95 19 anställa.
634 221 53 20 Sker
703 221 64 20 likväl
783 221 29 26 sä,
829 228 38 19 ege
885 222 87 26 tjenste-

220 262 47 13 man
288 255 50 26 sjelf
353 255 77 20 bereda
445 255 33 26 sig
493 255 82 19 inträde
592 255 26 26 på
633 257 41 18 sätt
688 255 97 26 lämpligt
799 255 40 20 och
855 256 47 19 med
919 256 51 19 min-

218 293 33 16 sta
266 289 68 20 skada
348 289 38 19 ske
402 289 53 24 kan;
471 288 38 20 och
527 295 48 13 vare
592 289 47 23 han,
651 289 7 19 i
669 289 58 19 detta
742 289 42 25 fall,
801 295 32 13 om
851 289 38 19 ock
907 290 62 25 ingen

219 323 127 27 förbrytelse
366 322 148 27 ådagalägges,
530 323 19 25 ej
566 322 142 20 underkastad
724 329 75 13 ansvar
815 323 32 19 för
863 324 108 26 åtgärden,

219 358 71 20 derest
309 357 40 19 han
370 357 31 19 sin
418 356 124 27 myndighet
558 356 31 19 för
605 356 64 26 öfrigt
683 356 48 20 icke
747 356 141 21 öfverskridit.
919 358 51 18 Var-

219 392 37 20 der
280 392 80 19 Krono-
384 391 39 20 och
446 390 155 26 Stadsbetjente
622 390 52 20 eller
694 397 68 13 annan
782 391 65 26 laglig
863 391 108 27 beslagare

219 426 35 18 vid
271 425 76 20 sådant
362 425 82 19 tillfälle
460 424 186 26 våldsammeligen
664 424 125 26 behandlad,
800 424 52 21 eller
862 425 50 20 sker
923 426 46 20 våld

219 460 6 18 i
242 459 116 26 anledning
378 459 23 19 af
418 459 70 26 gjordt
509 459 72 25 beslag
599 458 52 20 eller
667 458 91 20 föröfvar
774 458 109 27 beslagare
900 460 47 19 våld
965 460 6 19 i

220 494 100 26 oträngdt
336 493 47 25 mål,
398 493 70 26 gånge
484 493 85 19 dermed
585 492 70 20 såsom
671 492 76 20 allmän
764 492 34 27 lag
814 492 80 27 bjuder.

569 552 10 21 S
595 550 33 19 85.

288 596 78 19 Lands-
390 596 40 19 och
454 595 154 25 Stadsfiskaler,
629 594 87 24 Krono-,
737 595 69 19 Stads-
823 595 39 19 och
877 595 93 20 Polisbe-

221 630 66 25 tjente
310 630 109 19 äfvensom
440 629 70 25 andre,
527 628 72 20 hvilka
614 628 118 20 tillkomma
747 630 30 18 att
792 628 77 20 efterse
885 629 34 19 det
935 629 35 26 pä-

220 664 69 19 buden
313 666 57 17 emot
392 663 73 27 oloflig
488 662 224 26 bränvinsförsäljning
734 662 65 20 varda
818 662 152 26 hörsammade,

220 704 40 20 ega
284 704 24 13 en
332 698 52 19 hvar
403 698 56 19 inom
476 697 36 19 sitt
527 696 84 20 distrikt
626 696 43 20 fritt
685 696 91 20 tillträde
792 696 27 26 pä
833 697 138 26 gästgifvare-

220 732 59 26 gård,
296 731 88 25 källare,
400 731 101 19 värdshus
517 730 38 20 och
571 730 67 20 andra
654 730 167 26 näringsställen,
838 731 34 19 vid
890 731 35 20 bot
940 731 32 19 för

220 765 40 19 den
277 765 77 20 sädant
369 765 131 26 uppsätligen
517 764 85 20 hindrar
618 764 112 20 etthundra
746 764 65 21 mark.

568 823 10 22 $
595 822 32 18 86.

288 867 78 19 Finnes
382 866 70 26 någon
462 866 24 19 af
494 866 26 20 de
531 866 6 19 i
550 865 175 27 nästföregäende
736 866 102 26 paragraf
846 866 124 20 omnämnde

219 902 129 25 tjenstemän
371 900 53 19 eller
448 900 92 25 betjente
563 899 62 20 hafva
649 899 47 20 med
719 899 72 26 oloflig
811 899 124 27 försäljning
951 900 23 19 af

220 935 89 20 bränvin
326 935 32 26 sig
375 934 102 25 förbrutit,
493 933 53 20 skall
563 933 40 20 han
621 940 49 13 vara
686 933 96 20 förfallen
799 933 31 20 till
847 933 78 20 dubbla
936 934 34 19 bö-

220 971 32 18 ter
268 969 40 20 och
324 969 61 19 miste
402 969 97 25 tjensten.

532 1024 90 21 Artikel
637 1024 28 20 VI.

439 1075 135 20 Allmänna
592 1075 165 26 stadganden.

566 1134 10 22 S
592 1133 33 19 87.

286 1183 85 19 Enhvar
382 1189 50 20 eger
443 1183 126 25 förbrytelse
579 1185 58 17 emot
649 1183 70 19 denna
731 1183 132 26 Förordning
875 1183 93 26 angifva,

218 1219 56 18 utom
300 1217 50 19 barn
372 1219 55 17 emot
448 1216 101 20 föräldrar
565 1218 55 18 samt
635 1216 127 27 tjenstehjon
780 1219 55 17 emot
851 1217 118 20 husbonde-

218 1251 44 20 folk
280 1251 66 20 under
361 1251 142 26 tjenstetiden.

566 1303 10 23 $
592 1302 33 19 88.

286 1353 146 26 Länestyrelse
454 1353 56 19 hälle
529 1353 98 26 allvarlig
642 1353 56 20 hand
714 1353 98 20 deröfver
827 1355 30 17 att
872 1353 98 26 underly-

217 1387 70 20 dande
303 1387 250 25 Brännerikontrollörer,
569 1387 78 19 Lands-
663 1387 40 20 och
719 1387 153 25 Stadsfiskaler,
883 1387 88 26 Krono-,

216 1421 72 20 Stads-
312 1421 40 20 och
372 1421 150 26 Polisbetjente
542 1421 46 19 sina
604 1421 134 26 äligganden,
754 1421 67 26 enligt
837 1421 69 20 denna
921 1421 48 20 För-

217 1455 98 26 ordning,
333 1456 118 25 noggrannt
467 1455 100 26 uppfylla.
