1142 1786
856 162 33 17 269

399 225 275 28 RBättegångsbalken.

493 285 13 18 6
522 282 65 28 Kap.,
604 283 82 21 sådant

402 328 35 21 det
453 328 61 28 lyder
528 329 8 19 i
551 328 88 28 Nådiga
654 328 159 27 förordningen
828 328 29 27 af

403 363 41 20 den
458 364 31 20 27
504 362 67 28 April
586 363 65 21 1868.

514 422 16 20 2
545 420 21 27 $.

407 465 149 28 Oförändrad.

336 500 45 27 5:o)
404 500 76 27 Enligt
493 499 171 27 propositionen.

268 540 132 27 Helsingfors
416 540 39 20 den
472 540 26 20 23
515 540 59 26 April
593 540 60 20 1872.

444 654 193 20 Reservationer:

269 716 31 20 Af
313 716 64 20 Herr
391 723 40 14 von
446 716 97 21 Hellens:

236 775 94 19 Emedan
345 775 37 26 jag
397 775 7 19 i
419 774 41 20 allo
476 774 60 20 delar
551 774 39 20 den
607 774 23 19 af
643 774 153 26 Lagutskottets
807 775 106 25 pluralitet

168 810 92 19 uttalade
282 809 54 26 åsigt
352 811 30 17 att
396 809 26 19 de
438 808 146 20 förhållanden
600 814 44 14 som
662 808 95 27 betingat
772 809 140 26 uppkomsten

168 844 39 19 och
223 844 107 19 fortvaron
346 843 23 19 af
381 844 41 18 rätt
438 842 30 20 till
485 842 50 20 börd
551 842 22 20 af
584 842 48 26 jord
648 842 27 26 på
689 842 72 20 landet
777 843 134 20 härförinnan

169 878 90 25 upphört
274 879 54 17 samt
343 879 29 17 att
388 876 45 19 skäl
449 876 31 19 för
497 876 148 19 bibehållande
660 876 23 19 af
696 876 39 19 slik
753 879 40 17 rätt
809 884 36 12 ens
862 878 5 18 i
879 878 36 19 det

168 911 86 26 omfång
266 917 44 13 som
319 911 7 18 i
335 911 39 19 den
384 910 82 26 Nådiga
481 909 157 26 propositionen
651 910 60 25 afses,
721 911 18 25 ej
749 911 71 19 vidare
830 911 83 20 förefin-

169 951 43 19 nas,
232 945 55 20 helst
303 945 104 19 bördsrätt
422 944 31 19 för
473 944 102 25 säljarens
591 944 50 19 barn
657 944 39 19 och
712 944 102 20 föräldrar
830 945 84 20 komme

168 981 30 18 att
220 979 64 19 hafva
306 978 80 26 ganska
409 979 60 25 ringa
491 977 95 26 praktisk
611 978 114 26 betydelse,
745 985 60 13 anser
818 979 38 26 jag
873 979 42 26 mig

169 1013 51 20 böra
235 1013 107 19 vördsamt
357 1012 111 19 hemställa
484 1018 32 13 om
533 1011 47 20 icke
597 1011 81 20 landets
696 1012 114 27 högloflige
826 1013 89 20 Ständer

169 1047 49 19 ville
242 1046 92 20 förklara
356 1046 40 19 den
420 1045 83 26 Nådiga
527 1045 164 26 propositionen,
709 1045 68 20 såvidt
793 1046 122 20 densamma

168 1083 58 17 rörer
242 1080 104 20 bördsrätt
361 1079 32 20 till
406 1079 48 26 jord
470 1079 26 26 på
512 1079 78 26 landet,
606 1079 48 20 icke
670 1080 102 19 innefatta
788 1080 126 20 tillfredstäl-

169 1115 62 19 lande
247 1114 89 26 ändring
352 1113 23 20 af
388 1113 159 26 lagstiftningen
564 1113 6 19 i
586 1113 69 20 denna
671 1113 40 26 del,
727 1115 54 18 samt
791 1114 76 20 derhos
878 1121 36 13 an-

170 1149 55 19 hålla
242 1150 29 18 att
287 1154 27 21 ny
329 1148 131 25 proposition
476 1147 71 20 kunde
564 1147 244 20 nästsammanträdande
825 1147 89 21 Ständer

169 1183 119 25 föreläggas
303 1182 7 18 i
326 1182 36 19 det
384 1182 55 25 syfte
462 1184 30 16 att
514 1181 36 19 allt
569 1181 55 19 hvad
640 1181 34 26 lag
690 1181 51 19 eller
755 1181 104 20 särskilda
874 1182 39 19 för-

169 1216 115 27 fatiningar
298 1215 74 27 stadga
387 1215 110 26 angående
512 1216 42 19 rätt
568 1216 31 19 att
613 1215 6 19 i
637 1214 50 21 börd
703 1215 45 20 lösa
755 1215 52 26 såld,
818 1206 103 39 bortskif--

169 1251 41 25 tad,
234 1251 93 25 pantsatt
348 1250 51 19 eller
418 1256 76 20 genom
510 1249 63 26 gäfva
588 1249 52 20 eller
656 1251 123 18 testamente
797 1250 117 26 bortgifven

169 1285 100 26 fastighet
284 1284 12 19 &
311 1283 71 20 landet
398 1283 30 20 till
444 1283 57 20 kraft
516 1283 39 20 och
572 1283 79 20 verkan
668 1283 121 26 upphäfdes,
806 1284 108 19 äfvensom

169 1319 25 19 de
216 1321 50 16 nära
285 1317 101 20 samband
406 1317 86 20 dermed
512 1317 82 26 ägande
610 1317 6 19 i
633 1317 106 20 allmänna
756 1317 63 26 lagen
839 1319 76 18 utsatta

168 1351 179 26 inskränkningar
370 1351 29 19 uti
422 1351 126 26 rättigheten
571 1353 30 17 att
616 1357 76 20 genom
708 1351 63 26 gälva
786 1351 52 20 eller
853 1354 62 17 testa-

170 1388 69 17 mente
262 1385 82 26 förfoga
363 1391 34 13 om
413 1385 104 25 arfvejord
534 1385 37 19 och
587 1391 69 13 annan
673 1384 64 20 sädan
754 1385 40 19 fast
810 1386 104 25 egendom

169 1427 45 13 som
231 1427 26 12 nu
273 1422 22 17 är
311 1419 51 19 börd
378 1419 141 20 underkastad
537 1419 68 19 blefve
623 1419 129 26 undanröjda
767 1419 40 20 och
823 1420 6 18 i
845 1420 70 19 stället

169 1454 70 19 derför
261 1459 69 14 annan
354 1453 67 26 grund
437 1453 31 19 för
485 1453 145 26 begränsande
647 1453 22 19 af
683 1453 144 26 nyssnämnda
843 1455 71 25 rättig-

169 1488 36 19 het
221 1487 101 20 bestämd.
