1142 1786
264 152 33 17 242

241 215 47 19 sina
302 215 143 26 rättsanspråk
462 215 100 25 iakttaga,
578 217 48 17 utan
643 215 40 20 ock
699 215 35 20 det
749 215 124 26 stadgande,
885 217 29 17 att
931 215 6 19 i
954 214 37 20 löf-

242 251 92 18 tesmans
358 248 92 20 konkurs
474 249 26 19 all
520 248 64 20 sådan
605 249 56 26 gäld,
681 255 43 13 som
741 249 41 19 han
798 249 69 25 sjelf
861 244 14 35 i
883 249 108 26 egenskap

242 283 23 19 af
277 283 83 25 verklig
376 283 102 25 gäldenär
493 283 32 25 sig
540 283 102 25 åsamkat,
659 283 53 19 skall
733 283 48 25 utgå
801 283 86 19 framför
903 283 40 19 den
959 283 32 19 för

242 317 86 19 hvilken
345 316 41 20 han
402 316 68 20 häftar
485 316 6 19 i
507 316 51 26 följd
574 317 24 19 af
612 316 78 26 borgen
707 317 38 19 och
762 319 49 17 utan
827 319 30 17 att
873 316 65 26 några
949 323 41 13 me-

242 351 34 19 del
292 350 121 26 derigenom
430 350 89 20 kommit
536 350 51 20 hans
603 350 26 20 bo
646 350 30 20 till
692 350 62 26 godo,
770 350 51 20 eller
840 350 52 26 ökat
908 350 82 26 tillgån-

241 390 65 21 garne
322 384 6 19 i
344 384 122 20 detsamma.

311 418 40 20 Vid
374 418 158 26 granskningen
556 418 22 20 af
596 418 160 26 ifrågavarande
778 418 213 26 författningsförslag

243 453 61 19 hafva
326 452 118 20 Ständerna
466 454 68 18 ansett
553 452 32 26 sig
601 452 52 20 böra
667 452 114 26 godkänna
797 452 122 25 detsamma,
936 452 55 20 dock

242 486 48 20 med
306 487 26 19 de
347 486 121 26 ändringar,
492 486 32 20 för
539 486 72 20 hvilka
626 486 117 20 Ständerna
759 486 85 25 utbedja
859 486 32 26 sig
909 488 30 18 att
954 486 37 20 här

242 521 69 19 nedan
327 520 22 20 få
364 521 6 19 i
387 520 168 26 underdånighet
569 520 74 20 anföra
657 520 80 20 skälen.

310 554 101 25 Emedan,
428 554 67 27 enligt
510 554 127 20 Ständernas
653 554 70 25 tanke,
743 554 54 20 hvad
813 560 44 14 som
878 554 29 20 uti
925 554 66 20 andra

243 591 116 17 momentet
374 589 22 19 af
410 591 10 21 $
436 589 12 19 2
464 589 29 19 uti
508 589 236 25 författningsförslaget
759 589 85 25 stadgas
860 589 31 19 för
902 589 34 19 det
948 588 43 25 fall,

242 624 31 18 att
294 622 123 20 löftesmans
439 622 103 26 egendom
565 622 68 19 blifvit
649 622 98 26 upplåten
763 622 32 19 till
811 622 98 26 konkurs,
929 622 60 26 följd-

242 657 75 26 riktigt
332 656 44 20 bör.
387 656 56 26 gälla
458 656 61 20 äfven
536 656 27 20 då
577 656 141 26 årsstämning
734 656 69 19 blifvit
818 656 12 20 å
848 656 51 20 hans
916 656 74 26 borge-

243 693 61 17 närer
320 690 102 25 utfärdad,
439 690 37 20 har
492 690 132 26 bestämning
640 690 71 20 härom
724 690 78 26 tillagts
813 690 65 26 sagde
891 692 99 23 moment,

242 724 46 20 deri
308 724 79 26 jemväl
407 724 98 26 vidtagits
526 723 65 27 några
611 724 82 20 mindre
708 724 192 26 ordförändringar,
919 724 72 20 hvilka

242 758 60 20 torde
318 758 102 20 innebära
434 758 32 19 sin
482 764 54 20 egen
553 758 120 26 förklaring.

310 792 73 26 Enligt
397 792 111 26 förslagets
524 792 12 19 6
552 794 10 22 $
578 792 73 25 skulle,
667 792 28 25 på
709 794 40 17 sätt
765 792 61 19 ofvan
846 792 91 26 antydts,
957 798 32 13 om

242 826 123 20 löftesmans
381 826 26 19 bo
423 826 95 26 upplåtes
534 826 31 19 till
581 825 161 27 borgenärerne,
761 826 91 25 fordran,
875 826 27 26 på
923 825 67 27 grund

242 860 23 20 af
285 860 53 19 hans
362 860 219 26 borgensförbindelse
604 859 55 26 icke,
681 859 68 20 såsom
773 860 79 25 hittills,
874 860 50 26 utgå
943 860 46 19 med

242 899 80 14 samma
345 895 39 18 rätt
407 899 43 14 som
474 893 68 26 öfriga
564 893 151 26 oprioriterade
732 893 124 26 fordringar,
872 896 48 17 utan
940 894 51 19 först

242 927 54 20 efter
311 927 55 25 dem,
390 927 105 26 nemligen
518 927 23 20 af
562 927 35 19 det
617 927 45 20 skäl
683 929 30 18 att
728 927 74 20 sädant
817 934 50 13 vore
886 928 105 25 grundadt

243 961 26 26 pä
292 961 86 20 rättvisa
401 961 39 20 och
465 961 101 26 billighet.
600 961 75 20 Denna
697 961 60 26 äsigt,
776 961 66 26 enligt
861 961 86 20 hvilken
965 962 25 19 de

241 997 56 24 tystä
313 995 186 20 förmänsrätterna
521 995 63 20 borde
607 995 51 20 ökas
678 995 45 20 med
745 998 55 17 ännu
816 1003 25 12 en
858 996 56 19 klass
935 998 54 18 utom

242 1030 26 19 de
291 1029 64 20 redan
380 1029 115 26 befintliga,
520 1029 71 20 kunna
613 1029 117 20 Ständerna
745 1030 19 25 ej
781 1029 88 20 biträda.
902 1030 31 20 De
950 1030 40 19 för-

243 1063 130 26 mänsrätter,
397 1069 43 14 som
466 1070 26 12 nu
512 1063 96 26 gällande
625 1063 34 26 lag
675 1063 112 26 erkänner,
803 1066 35 17 äro
854 1064 6 19 i
876 1064 115 20 allmänhet

242 1097 85 26 sädana,
350 1099 30 18 att
402 1097 36 20 det
460 1097 47 20 icke
530 1100 22 17 är
569 1097 94 26 omöjligt
679 1100 30 17 att
723 1097 101 20 förskaffa
839 1098 32 26 sig
890 1098 99 26 temligen

242 1131 120 26 tillförlitlig
385 1131 119 26 utredning,
526 1138 33 13 om
583 1131 40 20 och
642 1131 30 20 till
692 1131 72 20 hvilka
780 1131 76 26 belopp
872 1139 25 12 en
915 1139 74 19 person

242 1165 68 20 häftar
332 1165 32 20 för
384 1165 92 26 skulder,
499 1172 51 19 som,
567 1166 5 19 i
591 1165 35 20 fall
650 1165 23 20 af
693 1166 99 25 konkurs,
816 1166 71 20 kunna
906 1167 85 19 utsökas

242 1199 47 19 med
306 1198 90 26 anspräk
413 1198 26 26 pä
454 1199 140 20 förmänsrätt.
625 1199 78 20 Sädant
726 1200 69 19 blefve
811 1200 18 25 ej
849 1200 142 20 förhällandet

242 1233 47 20 med
313 1233 26 20 de
362 1232 126 27 fordringar,
511 1240 44 13 som
578 1240 77 19 genom
679 1234 35 19 det
729 1233 122 27 ifrågasatta
865 1234 126 27 stadgandet

242 1267 142 26 uppflyttades
404 1267 31 20 till
458 1267 26 20 de
510 1267 133 20 förmänsrätt
668 1268 87 26 egande.
788 1267 44 20 Och
855 1268 40 19 dem
923 1268 68 20 ökade

242 1301 136 20 osäkerhet
372 1297 15 35 i
402 1301 142 20 bedömandet
569 1302 24 19 af
613 1308 110 20 personers
747 1301 175 27 vederhäftighet,
945 1309 44 12 som

241 1335 89 20 sälunda
351 1335 155 26 framkallades,
529 1335 70 20 blefve
621 1335 23 20 sä
667 1336 85 26 mycket
771 1336 151 26 betänkligare,
945 1343 44 13 som

240 1369 162 26 ifrågavarande
428 1369 134 20 förmänsräit
586 1369 85 20 komme
697 1372 29 17 att
751 1369 88 20 omfatta
863 1370 40 19 den
932 1371 57 25 gäld-

242 1402 84 20 bundne
349 1403 164 20 löftesmannens
536 1403 42 20 alla
597 1403 118 26 tillgångar.
746 1403 45 20 Den
808 1404 182 26 omständigheten

240 1438 31 17 att
286 1442 25 13 en
327 1436 107 26 ingången
452 1437 226 26 borgensförbindelse,
694 1437 66 26 enligt
776 1437 79 26 regeln,
871 1437 49 20 icke
939 1438 52 19 ökar

240 1469 141 27 tillgångarne
396 1470 7 19 i
420 1470 165 20 löftesmannens
602 1471 33 25 bo,
659 1471 27 25 på
709 1473 41 17 sätt
767 1471 3 19 i
787 1471 41 19 den
846 1471 83 26 Nådiga
943 1479 46 18 pro-

1106 297 24 29 be
1106 246 24 40 man
