1142 1786
825 147 22 16 17

129 208 31 20 sin
177 207 61 20 skuld
255 207 46 20 med
321 207 72 20 arbete
413 207 51 20 eller
484 207 82 19 derföre
583 207 94 26 undergå
693 207 128 27 bysättning,
837 210 41 19 och

129 243 21 23 €)
166 241 111 26 angående
293 243 63 18 sättet
371 241 39 20 och
427 241 117 26 ordningen
556 241 32 19 för
599 240 124 28 försäljning
734 242 24 19 af
766 242 40 20 fast
817 249 63 20 egen-

130 275 48 20 dom
194 275 13 20 &
222 275 78 25 landet,
316 281 43 14 som
376 275 31 20 för
423 275 48 26 gäld
487 277 59 24 tages
562 275 6 19 i
584 277 49 18 mät.

199 309 54 19 29:0.
283 309 34 19 Uti
338 309 114 20 aflemnadt
472 316 48 12 svar
534 309 13 19 &
562 309 57 19 Hans
641 309 118 27 Kejserliga
773 310 108 26 Majestäts

130 343 31 19 till
176 342 118 21 Ständerna
314 343 78 20 aflätna
412 343 78 27 nädiga
509 344 138 26 proposition,
666 344 110 26 angäende
796 345 84 20 anskaf-

131 377 61 20 fande
212 377 23 19 af
253 378 77 26 nödiga
353 378 68 19 medel
442 378 30 19 till
493 378 144 20 förbättrande
653 378 23 19 af
689 378 191 22 elementarunder-

130 412 170 26 visningsverket
316 412 6 19 i
338 412 78 25 landet,
436 412 63 20 hafva
519 412 118 20 Ständerna
657 413 85 24 anmält,
763 413 62 20 bland
845 421 34 13 an-

131 448 42 23 nat,
188 448 30 18 att
234 446 26 20 de
275 448 69 18 ansett
359 446 72 27 frågan
448 453 34 13 om
498 447 73 26 anslag
587 446 31 20 till
635 447 138 20 omförmälda
783 448 98 20 ändamål

132 480 50 20 böra
198 480 80 20 lemnas
299 480 107 21 beroende
424 480 32 20 till
472 483 46 17 näst
533 480 65 26 derpä
614 481 140 20 instundande
770 481 111 28 landtdag:

131 515 6 19 i
152 514 116 27 anledning
284 514 74 20 hvaraf
375 515 56 19 Hans
451 515 118 26 Kejserliga
588 515 97 25 Majestät
701 516 6 18 i
723 515 65 20 näder
804 516 77 20 förkla-

131 551 38 24 rat,
184 551 37 24 att,
237 549 35 20 vid
288 549 84 20 anfördt
386 549 138 21 förhällande,
540 549 73 20 vidare
629 549 73 26 ätgärd
719 550 6 19 i
741 550 64 20 saken
822 550 58 20 kom-

131 590 33 13 me
180 585 31 18 att
226 583 32 20 för
273 584 131 19 närvarande
420 583 89 20 förfalla.

200 618 54 20 30:0.
286 616 69 22 Sedan
376 618 118 20 Ständerna
514 618 97 20 besvarat
631 618 57 20 Hans
705 618 118 27 Kejserliga
838 619 42 19 Ma-

128 653 75 25 jestäts
229 652 30 19 till
284 652 47 20 dem
358 652 77 20 aflätna
460 652 78 26 nädiga
563 652 136 26 proposition,
722 652 111 27 angäende
853 660 28 19 ny

132 686 105 27 kyrkolag
257 686 31 20 för
308 687 25 19 de
354 686 243 26 evangelisk-lutherska
616 687 175 26 församlingarna
809 688 6 18 i
837 687 44 20 lan-

132 721 41 25 det,
190 721 36 19 har
241 721 57 19 Hans
314 720 118 27 Kejserliga
447 721 103 25 Majestät,
566 721 6 19 i
589 721 94 26 enlighet
695 721 47 19 med
753 721 128 20 Ständernas

132 755 145 27 underdäniga
295 755 126 26 tillstyrkan,
442 755 45 19 lätit
507 755 39 20 den
564 756 11 19 6
591 755 118 19 December
731 755 52 19 1869
799 755 84 20 utfärda

132 789 105 26 kyrkolag
256 789 31 20 för
307 790 40 19 den
364 789 243 27 evangelisk-lutherska
622 789 83 26 kyrkan
722 789 6 19 i
745 789 136 20 Storfursten-

132 824 72 20 dömet
219 824 95 26 Finland,
330 826 31 18 att
374 824 56 26 gälla
445 824 46 19 frän
508 824 39 19 och
564 824 46 19 med
627 823 40 20 den
688 824 4 18 1
711 823 42 20 Juli
773 824 58 19 1870.

200 858 106 26 Derjemte
323 858 37 20 har
375 858 57 20 Hans
447 858 119 26 Kejserliga
584 858 104 25 Majestät,
707 858 26 26 pä
748 860 40 18 sätt
804 858 78 26 nädiga

133 892 140 26 kungörelsen
294 893 22 19 af
334 893 40 19 den
391 893 11 18 6
419 893 117 19 December
559 892 52 19 1869
632 892 123 25 innehäller,
776 892 30 19 till
828 893 53 19 före-

134 926 111 27 byggande
265 927 23 19 af
305 927 125 19 tvifvelsmäl
452 927 39 19 och
510 927 171 26 misstydningar,
697 927 6 18 i
720 926 65 19 näder
804 926 77 20 förkla-

132 963 38 23 rat,
186 963 30 17 att
231 961 56 20 hvad
303 961 133 20 derförinnan
454 961 100 26 stadgats,
574 961 130 19 beträffande
720 961 161 26 grekisk-ryske

132 995 176 20 trosförvandters
324 995 116 27 öfvergäng
455 995 31 20 till
503 995 108 20 lutherska
626 995 56 19 läran
695 997 53 17 samt
759 995 35 19 det
803 995 78 20 luther-

132 1030 39 19 ska
187 1029 166 27 presterskapets
368 1030 7 19 i
391 1030 88 19 Finland
496 1030 38 19 och
551 1028 162 27 grekisk-ryske
730 1029 151 20 trosbekänna-

133 1070 32 13 res
181 1064 130 19 förhällande
328 1064 30 19 till
375 1064 123 26 hvarandra,
518 1063 128 20 fortfarande
663 1063 52 20 skall
733 1063 33 19 vid
783 1063 98 26 gällande

133 1098 55 19 kraft
204 1098 104 20 förblifva.
340 1098 44 20 Och
404 1098 63 20 sedan
484 1098 7 19 i
507 1098 77 26 nädiga
604 1097 141 27 kungörelsen
762 1097 23 20 af
798 1097 41 20 den
855 1097 27 20 24

133 1132 59 26 April
210 1133 60 25 1865,
286 1133 90 19 rörande
391 1133 35 19 det
441 1133 23 19 af
478 1139 25 12 en
520 1132 146 20 tillförordnad
682 1131 79 20 komite
777 1131 104 20 utarbeta-

132 1166 26 20 de
174 1166 78 26 förslag
268 1167 32 18 till
315 1173 28 19 ny
360 1167 104 26 kyrkolag
484 1167 32 19 för
533 1167 25 19 de
579 1165 245 27 evangelisk-lutherska
839 1165 41 20 för-

133 1200 143 26 samlingarna
290 1201 6 19 i
312 1201 90 19 Finland
421 1201 106 19 äfvensom
548 1200 104 20 särskilda
671 1199 86 20 dermed
778 1206 103 13 samman-

134 1235 111 26 hängande
260 1235 77 27 frägor,
354 1236 123 25 förordnats,
495 1235 61 20 bland
573 1237 70 23 annat,
659 1236 30 18 att
705 1234 47 20 med
768 1234 73 20 vidare
852 1234 29 19 ät-

133 1269 51 26 gärd
201 1270 7 19 i
223 1269 116 27 anledning
353 1270 22 19 af
384 1270 128 20 Ständernas
523 1270 35 19 vid
569 1269 127 26 landtdagen
708 1268 23 19 är
743 1268 139 20 1863—1864

134 1303 129 20 framställda
282 1304 159 27 önskningsmäl
460 1311 34 13 om
512 1303 137 20 utarbetande
665 1303 24 19 af
702 1302 77 27 förslag
794 1302 30 19 till
841 1302 40 19 dis-

133 1337 105 27 senterlag
258 1338 68 19 skulle
347 1339 59 19 anstä
425 1338 103 20 intilldess
549 1338 35 19 det
603 1344 43 19 nya
666 1336 217 27 kyrkolagsförslaget

133 1371 69 20 blifvit
226 1372 98 26 slutligen
348 1372 114 27 granskadt
485 1373 39 19 och
547 1374 85 24 antaget
652 1373 54 18 samt
726 1371 73 19 vunnit
819 1370 64 27 nädig

133 1405 133 21 stadfästelse
286 1406 69 20 säsom
375 1407 98 26 gällande
493 1407 41 26 lag,
555 1407 36 19 har
611 1405 58 21 Hans
684 1405 119 26 Kejserliga
819 1405 63 26 Maje-

132 1442 41 17 stät
188 1447 88 13 numera
292 1440 106 27 förklarat,
414 1443 29 18 att
459 1441 73 26 frägan
549 1447 32 13 om
599 1447 26 13 en
641 1439 139 26 dissenterlag
795 1439 30 20 för
836 1442 46 17 när-

133 1474 93 20 varande
242 1474 67 20 skulle
325 1475 89 19 förfalla.

801 1506 10 16 2
