<?xml version="1.0" encoding="UTF-8"?>
<alto xmlns="http://www.loc.gov/standards/alto/ns-v3#" xmlns:xlink="http://www.w3.org/1999/xlink" xmlns:xsi="http://www.w3.org/2001/XMLSchema-instance" xsi:schemaLocation="http://www.loc.gov/standards/alto/ns-v3# http://www.loc.gov/alto/v3/alto-3-0.xsd">
	<Description>
		<MeasurementUnit>pixel</MeasurementUnit>
		<sourceImageInformation>
			<fileName>/tmp/tess_2vjzrv85_input.PNG</fileName>
		</sourceImageInformation>
		<OCRProcessing ID="OCR_0">
			<ocrProcessingStep>
				<processingSoftware>
					<softwareName>tesseract 5.3.4</softwareName>
				</processingSoftware>
			</ocrProcessingStep>
		</OCRProcessing>
	</Description>
	<Layout>
		<Page WIDTH="1142" HEIGHT="1786" PHYSICAL_IMG_NR="0" ID="page_0">
			<PrintSpace HPOS="0" VPOS="0" WIDTH="1142" HEIGHT="1786">
				<ComposedBlock ID="cblock_0" HPOS="239" VPOS="159" WIDTH="33" HEIGHT="16">
					<TextBlock ID="block_0" HPOS="239" VPOS="159" WIDTH="33" HEIGHT="16">
						<TextLine ID="line_0" HPOS="239" VPOS="159" WIDTH="33" HEIGHT="16">
							<String ID="string_0" HPOS="239" VPOS="159" WIDTH="33" HEIGHT="16" WC="0.96" CONTENT="102"/>
						</TextLine>
					</TextBlock>
				</ComposedBlock>
				<ComposedBlock ID="cblock_1" HPOS="214" VPOS="221" WIDTH="752" HEIGHT="981">
					<TextBlock ID="block_1" HPOS="214" VPOS="221" WIDTH="752" HEIGHT="464">
						<TextLine ID="line_1" HPOS="284" VPOS="221" WIDTH="682" HEIGHT="26">
							<String ID="string_1" HPOS="284" VPOS="221" WIDTH="75" HEIGHT="20" WC="0.93" CONTENT="Denna"/><SP WIDTH="22" VPOS="221" HPOS="359"/>
							<String ID="string_2" HPOS="381" VPOS="221" WIDTH="83" HEIGHT="26" WC="0.92" CONTENT="Nädiga"/><SP WIDTH="22" VPOS="221" HPOS="464"/>
							<String ID="string_3" HPOS="486" VPOS="221" WIDTH="129" HEIGHT="26" WC="0.96" CONTENT="proposition"/><SP WIDTH="24" VPOS="221" HPOS="615"/>
							<String ID="string_4" HPOS="639" VPOS="221" WIDTH="38" HEIGHT="19" WC="0.96" CONTENT="har"/><SP WIDTH="23" VPOS="221" HPOS="677"/>
							<String ID="string_5" HPOS="700" VPOS="221" WIDTH="30" HEIGHT="19" WC="0.93" CONTENT="till"/><SP WIDTH="19" VPOS="221" HPOS="730"/>
							<String ID="string_6" HPOS="749" VPOS="221" WIDTH="118" HEIGHT="20" WC="0.92" CONTENT="Ständerna"/><SP WIDTH="23" VPOS="221" HPOS="867"/>
							<String ID="string_7" HPOS="890" VPOS="221" WIDTH="76" HEIGHT="19" WC="0.87" CONTENT="allätits"/>
						</TextLine>
						<TextLine ID="line_2" HPOS="217" VPOS="255" WIDTH="748" HEIGHT="26">
							<String ID="string_8" HPOS="217" VPOS="256" WIDTH="47" HEIGHT="20" WC="0.93" CONTENT="med"/><SP WIDTH="16" VPOS="256" HPOS="264"/>
							<String ID="string_9" HPOS="280" VPOS="256" WIDTH="116" HEIGHT="25" WC="0.92" CONTENT="anledning"/><SP WIDTH="16" VPOS="256" HPOS="396"/>
							<String ID="string_10" HPOS="412" VPOS="255" WIDTH="21" HEIGHT="20" WC="0.96" CONTENT="af"/><SP WIDTH="14" VPOS="255" HPOS="433"/>
							<String ID="string_11" HPOS="447" VPOS="262" WIDTH="25" HEIGHT="13" WC="0.93" CONTENT="en"/><SP WIDTH="17" VPOS="262" HPOS="472"/>
							<String ID="string_12" HPOS="489" VPOS="255" WIDTH="45" HEIGHT="20" WC="0.92" CONTENT="utaf"/><SP WIDTH="13" VPOS="255" HPOS="534"/>
							<String ID="string_13" HPOS="547" VPOS="255" WIDTH="118" HEIGHT="20" WC="0.92" CONTENT="Ständerna"/><SP WIDTH="14" VPOS="255" HPOS="665"/>
							<String ID="string_14" HPOS="679" VPOS="255" WIDTH="36" HEIGHT="20" WC="0.93" CONTENT="vid"/><SP WIDTH="16" VPOS="255" HPOS="715"/>
							<String ID="string_15" HPOS="731" VPOS="257" WIDTH="83" HEIGHT="18" WC="0.91" CONTENT="senaste"/><SP WIDTH="21" VPOS="257" HPOS="814"/>
							<String ID="string_16" HPOS="835" VPOS="255" WIDTH="108" HEIGHT="26" WC="0.92" CONTENT="landtdag,"/><SP WIDTH="16" VPOS="255" HPOS="943"/>
							<String ID="string_17" HPOS="959" VPOS="255" WIDTH="6" HEIGHT="19" WC="0.96" CONTENT="i"/>
						</TextLine>
						<TextLine ID="line_3" HPOS="216" VPOS="289" WIDTH="749" HEIGHT="27">
							<String ID="string_18" HPOS="216" VPOS="290" WIDTH="152" HEIGHT="26" WC="0.95" CONTENT="sammanhang"/><SP WIDTH="16" VPOS="290" HPOS="368"/>
							<String ID="string_19" HPOS="384" VPOS="290" WIDTH="46" HEIGHT="19" WC="0.93" CONTENT="med"/><SP WIDTH="18" VPOS="290" HPOS="430"/>
							<String ID="string_20" HPOS="448" VPOS="289" WIDTH="139" HEIGHT="26" WC="0.90" CONTENT="underdänigt"/><SP WIDTH="16" VPOS="289" HPOS="587"/>
							<String ID="string_21" HPOS="603" VPOS="296" WIDTH="47" HEIGHT="12" WC="0.96" CONTENT="svar"/><SP WIDTH="16" VPOS="296" HPOS="650"/>
							<String ID="string_22" HPOS="666" VPOS="289" WIDTH="27" HEIGHT="26" WC="0.96" CONTENT="pä"/><SP WIDTH="14" VPOS="289" HPOS="693"/>
							<String ID="string_23" HPOS="707" VPOS="289" WIDTH="58" HEIGHT="19" WC="0.92" CONTENT="Hans"/><SP WIDTH="21" VPOS="289" HPOS="765"/>
							<String ID="string_24" HPOS="786" VPOS="289" WIDTH="117" HEIGHT="27" WC="0.88" CONTENT="Kejserliga"/><SP WIDTH="21" VPOS="289" HPOS="903"/>
							<String ID="string_25" HPOS="924" VPOS="289" WIDTH="41" HEIGHT="19" WC="0.92" CONTENT="Ma-"/>
						</TextLine>
						<TextLine ID="line_4" HPOS="214" VPOS="323" WIDTH="752" HEIGHT="27">
							<String ID="string_26" HPOS="214" VPOS="326" WIDTH="51" HEIGHT="18" WC="0.84" CONTENT="stäts"/><SP WIDTH="23" VPOS="326" HPOS="265"/>
							<String ID="string_27" HPOS="288" VPOS="324" WIDTH="84" HEIGHT="26" WC="0.84" CONTENT="Nädiga"/><SP WIDTH="22" VPOS="324" HPOS="372"/>
							<String ID="string_28" HPOS="394" VPOS="324" WIDTH="136" HEIGHT="26" WC="0.93" CONTENT="proposition,"/><SP WIDTH="24" VPOS="324" HPOS="530"/>
							<String ID="string_29" HPOS="554" VPOS="323" WIDTH="111" HEIGHT="27" WC="0.93" CONTENT="angående"/><SP WIDTH="23" VPOS="323" HPOS="665"/>
							<String ID="string_30" HPOS="688" VPOS="323" WIDTH="149" HEIGHT="26" WC="0.91" CONTENT="upphäfvande"/><SP WIDTH="24" VPOS="323" HPOS="837"/>
							<String ID="string_31" HPOS="861" VPOS="323" WIDTH="23" HEIGHT="19" WC="0.93" CONTENT="af"/><SP WIDTH="21" VPOS="323" HPOS="884"/>
							<String ID="string_32" HPOS="905" VPOS="323" WIDTH="61" HEIGHT="20" WC="0.92" CONTENT="döds-"/>
						</TextLine>
						<TextLine ID="line_5" HPOS="215" VPOS="357" WIDTH="750" HEIGHT="27">
							<String ID="string_33" HPOS="215" VPOS="358" WIDTH="61" HEIGHT="20" WC="0.96" CONTENT="straff"/><SP WIDTH="13" VPOS="358" HPOS="276"/>
							<String ID="string_34" HPOS="289" VPOS="358" WIDTH="31" HEIGHT="20" WC="0.93" CONTENT="för"/><SP WIDTH="17" VPOS="358" HPOS="320"/>
							<String ID="string_35" HPOS="337" VPOS="358" WIDTH="107" HEIGHT="26" WC="0.89" CONTENT="ätskilliga"/><SP WIDTH="14" VPOS="358" HPOS="444"/>
							<String ID="string_36" HPOS="458" VPOS="358" WIDTH="56" HEIGHT="19" WC="0.96" CONTENT="brott"/><SP WIDTH="16" VPOS="358" HPOS="514"/>
							<String ID="string_37" HPOS="530" VPOS="359" WIDTH="52" HEIGHT="18" WC="0.93" CONTENT="samt"/><SP WIDTH="16" VPOS="359" HPOS="582"/>
							<String ID="string_38" HPOS="598" VPOS="357" WIDTH="131" HEIGHT="20" WC="0.92" CONTENT="afskaffande"/><SP WIDTH="19" VPOS="357" HPOS="729"/>
							<String ID="string_39" HPOS="748" VPOS="357" WIDTH="23" HEIGHT="19" WC="0.96" CONTENT="af"/><SP WIDTH="16" VPOS="357" HPOS="771"/>
							<String ID="string_40" HPOS="787" VPOS="358" WIDTH="56" HEIGHT="19" WC="0.93" CONTENT="vissa"/><SP WIDTH="20" VPOS="358" HPOS="843"/>
							<String ID="string_41" HPOS="863" VPOS="357" WIDTH="102" HEIGHT="20" WC="0.92" CONTENT="härförin-"/>
						</TextLine>
						<TextLine ID="line_6" HPOS="216" VPOS="391" WIDTH="749" HEIGHT="27">
							<String ID="string_42" HPOS="216" VPOS="400" WIDTH="41" HEIGHT="12" WC="0.91" CONTENT="nan"/><SP WIDTH="23" VPOS="400" HPOS="257"/>
							<String ID="string_43" HPOS="280" VPOS="392" WIDTH="125" HEIGHT="26" WC="0.93" CONTENT="begagnade"/><SP WIDTH="23" VPOS="392" HPOS="405"/>
							<String ID="string_44" HPOS="428" VPOS="392" WIDTH="114" HEIGHT="19" WC="0.45" CONTENT="sitraffarter"/><SP WIDTH="20" VPOS="392" HPOS="542"/>
							<String ID="string_45" HPOS="562" VPOS="392" WIDTH="37" HEIGHT="19" WC="0.95" CONTENT="och"/><SP WIDTH="22" VPOS="392" HPOS="599"/>
							<String ID="string_46" HPOS="621" VPOS="392" WIDTH="59" HEIGHT="19" WC="0.93" CONTENT="deras"/><SP WIDTH="21" VPOS="392" HPOS="680"/>
							<String ID="string_47" HPOS="701" VPOS="392" WIDTH="120" HEIGHT="19" WC="0.92" CONTENT="ersättande"/><SP WIDTH="16" VPOS="392" HPOS="821"/>
							<String ID="string_48" HPOS="837" VPOS="391" WIDTH="41" HEIGHT="19" WC="0.96" CONTENT="tills"/><SP WIDTH="16" VPOS="391" HPOS="878"/>
							<String ID="string_49" HPOS="894" VPOS="391" WIDTH="71" HEIGHT="20" WC="0.97" CONTENT="vidare"/>
						</TextLine>
						<TextLine ID="line_7" HPOS="216" VPOS="425" WIDTH="748" HEIGHT="29">
							<String ID="string_50" HPOS="216" VPOS="433" WIDTH="76" HEIGHT="21" WC="0.96" CONTENT="genom"/><SP WIDTH="24" VPOS="433" HPOS="292"/>
							<String ID="string_51" HPOS="316" VPOS="426" WIDTH="66" HEIGHT="20" WC="0.95" CONTENT="andra"/><SP WIDTH="22" VPOS="426" HPOS="382"/>
							<String ID="string_52" HPOS="404" VPOS="426" WIDTH="65" HEIGHT="25" WC="0.95" CONTENT="straff,"/><SP WIDTH="15" VPOS="426" HPOS="469"/>
							<String ID="string_53" HPOS="484" VPOS="426" WIDTH="6" HEIGHT="18" WC="0.93" CONTENT="i"/><SP WIDTH="17" VPOS="426" HPOS="490"/>
							<String ID="string_54" HPOS="507" VPOS="425" WIDTH="167" HEIGHT="27" WC="0.93" CONTENT="underdänighet"/><SP WIDTH="20" VPOS="425" HPOS="674"/>
							<String ID="string_55" HPOS="694" VPOS="426" WIDTH="117" HEIGHT="19" WC="0.92" CONTENT="framställd"/><SP WIDTH="16" VPOS="426" HPOS="811"/>
							<String ID="string_56" HPOS="827" VPOS="426" WIDTH="87" HEIGHT="26" WC="0.92" CONTENT="petition"/><SP WIDTH="17" VPOS="426" HPOS="914"/>
							<String ID="string_57" HPOS="931" VPOS="432" WIDTH="33" HEIGHT="13" WC="0.97" CONTENT="om"/>
						</TextLine>
						<TextLine ID="line_8" HPOS="217" VPOS="459" WIDTH="747" HEIGHT="27">
							<String ID="string_58" HPOS="217" VPOS="460" WIDTH="141" HEIGHT="20" WC="0.92" CONTENT="meddelande"/><SP WIDTH="22" VPOS="460" HPOS="358"/>
							<String ID="string_59" HPOS="380" VPOS="459" WIDTH="22" HEIGHT="20" WC="0.96" CONTENT="af"/><SP WIDTH="21" VPOS="459" HPOS="402"/>
							<String ID="string_60" HPOS="423" VPOS="460" WIDTH="41" HEIGHT="19" WC="0.93" CONTENT="den"/><SP WIDTH="23" VPOS="460" HPOS="464"/>
							<String ID="string_61" HPOS="487" VPOS="459" WIDTH="115" HEIGHT="27" WC="0.92" CONTENT="förklaring"/><SP WIDTH="19" VPOS="459" HPOS="602"/>
							<String ID="string_62" HPOS="621" VPOS="459" WIDTH="24" HEIGHT="20" WC="0.96" CONTENT="af"/><SP WIDTH="16" VPOS="459" HPOS="645"/>
							<String ID="string_63" HPOS="661" VPOS="460" WIDTH="11" HEIGHT="18" WC="0.93" CONTENT="3"/><SP WIDTH="22" VPOS="460" HPOS="672"/>
							<String ID="string_64" HPOS="694" VPOS="461" WIDTH="9" HEIGHT="22" WC="0.92" CONTENT="$"/><SP WIDTH="17" VPOS="461" HPOS="703"/>
							<String ID="string_65" HPOS="720" VPOS="459" WIDTH="24" HEIGHT="20" WC="0.96" CONTENT="21"/><SP WIDTH="18" VPOS="459" HPOS="744"/>
							<String ID="string_66" HPOS="762" VPOS="459" WIDTH="48" HEIGHT="26" WC="0.96" CONTENT="kap."/><SP WIDTH="20" VPOS="459" HPOS="810"/>
							<String ID="string_67" HPOS="830" VPOS="460" WIDTH="39" HEIGHT="19" WC="0.96" CONTENT="och"/><SP WIDTH="17" VPOS="460" HPOS="869"/>
							<String ID="string_68" HPOS="886" VPOS="460" WIDTH="11" HEIGHT="19" WC="0.93" CONTENT="5"/><SP WIDTH="16" VPOS="460" HPOS="897"/>
							<String ID="string_69" HPOS="913" VPOS="461" WIDTH="10" HEIGHT="22" WC="0.92" CONTENT="$"/><SP WIDTH="18" VPOS="461" HPOS="923"/>
							<String ID="string_70" HPOS="941" VPOS="460" WIDTH="23" HEIGHT="18" WC="0.96" CONTENT="17"/>
						</TextLine>
						<TextLine ID="line_9" HPOS="216" VPOS="494" WIDTH="749" HEIGHT="27">
							<String ID="string_71" HPOS="216" VPOS="496" WIDTH="48" HEIGHT="25" WC="0.95" CONTENT="kap."/><SP WIDTH="16" VPOS="496" HPOS="264"/>
							<String ID="string_72" HPOS="280" VPOS="495" WIDTH="24" HEIGHT="19" WC="0.93" CONTENT="R."/><SP WIDTH="17" VPOS="495" HPOS="304"/>
							<String ID="string_73" HPOS="321" VPOS="495" WIDTH="30" HEIGHT="25" WC="0.90" CONTENT="B.,"/><SP WIDTH="16" VPOS="495" HPOS="351"/>
							<String ID="string_74" HPOS="367" VPOS="496" WIDTH="30" HEIGHT="17" WC="0.96" CONTENT="att"/><SP WIDTH="15" VPOS="496" HPOS="397"/>
							<String ID="string_75" HPOS="412" VPOS="494" WIDTH="115" HEIGHT="26" WC="0.43" CONTENT="ersättning"/><SP WIDTH="16" VPOS="494" HPOS="527"/>
							<String ID="string_76" HPOS="543" VPOS="494" WIDTH="30" HEIGHT="19" WC="0.93" CONTENT="för"/><SP WIDTH="17" VPOS="494" HPOS="573"/>
							<String ID="string_77" HPOS="590" VPOS="494" WIDTH="146" HEIGHT="26" WC="0.91" CONTENT="mälsegandes"/><SP WIDTH="16" VPOS="494" HPOS="736"/>
							<String ID="string_78" HPOS="752" VPOS="494" WIDTH="39" HEIGHT="19" WC="0.92" CONTENT="och"/><SP WIDTH="12" VPOS="494" HPOS="791"/>
							<String ID="string_79" HPOS="803" VPOS="494" WIDTH="91" HEIGHT="19" WC="0.92" CONTENT="vittnens"/><SP WIDTH="15" VPOS="494" HPOS="894"/>
							<String ID="string_80" HPOS="909" VPOS="494" WIDTH="56" HEIGHT="19" WC="0.91" CONTENT="kost-"/>
						</TextLine>
						<TextLine ID="line_10" HPOS="216" VPOS="528" WIDTH="748" HEIGHT="26">
							<String ID="string_81" HPOS="216" VPOS="530" WIDTH="66" HEIGHT="18" WC="0.92" CONTENT="nader"/><SP WIDTH="15" VPOS="530" HPOS="282"/>
							<String ID="string_82" HPOS="297" VPOS="529" WIDTH="6" HEIGHT="19" WC="0.96" CONTENT="i"/><SP WIDTH="17" VPOS="529" HPOS="303"/>
							<String ID="string_83" HPOS="320" VPOS="529" WIDTH="39" HEIGHT="19" WC="0.96" CONTENT="och"/><SP WIDTH="23" VPOS="529" HPOS="359"/>
							<String ID="string_84" HPOS="382" VPOS="528" WIDTH="32" HEIGHT="20" WC="0.93" CONTENT="för"/><SP WIDTH="25" VPOS="528" HPOS="414"/>
							<String ID="string_85" HPOS="439" VPOS="528" WIDTH="134" HEIGHT="26" WC="0.90" CONTENT="rättegängar"/><SP WIDTH="26" VPOS="528" HPOS="573"/>
							<String ID="string_86" HPOS="599" VPOS="528" WIDTH="29" HEIGHT="19" WC="0.90" CONTENT="uti"/><SP WIDTH="23" VPOS="528" HPOS="628"/>
							<String ID="string_87" HPOS="651" VPOS="528" WIDTH="79" HEIGHT="19" WC="0.91" CONTENT="sädana"/><SP WIDTH="17" VPOS="528" HPOS="730"/>
							<String ID="string_88" HPOS="747" VPOS="528" WIDTH="75" HEIGHT="26" WC="0.92" CONTENT="grofva"/><SP WIDTH="16" VPOS="528" HPOS="822"/>
							<String ID="string_89" HPOS="838" VPOS="528" WIDTH="104" HEIGHT="25" WC="0.92" CONTENT="brottmäl,"/><SP WIDTH="17" VPOS="528" HPOS="942"/>
							<String ID="string_90" HPOS="959" VPOS="528" WIDTH="5" HEIGHT="19" WC="0.96" CONTENT="i"/>
						</TextLine>
						<TextLine ID="line_11" HPOS="216" VPOS="562" WIDTH="749" HEIGHT="27">
							<String ID="string_91" HPOS="216" VPOS="563" WIDTH="73" HEIGHT="20" WC="0.92" CONTENT="hvilka"/><SP WIDTH="15" VPOS="563" HPOS="289"/>
							<String ID="string_92" HPOS="304" VPOS="562" WIDTH="78" HEIGHT="20" WC="0.93" CONTENT="allmän"/><SP WIDTH="17" VPOS="562" HPOS="382"/>
							<String ID="string_93" HPOS="399" VPOS="562" WIDTH="100" HEIGHT="27" WC="0.87" CONTENT="äklagare"/><SP WIDTH="16" VPOS="562" HPOS="499"/>
							<String ID="string_94" HPOS="515" VPOS="569" WIDTH="50" HEIGHT="20" WC="0.90" CONTENT="eger"/><SP WIDTH="16" VPOS="569" HPOS="565"/>
							<String ID="string_95" HPOS="581" VPOS="562" WIDTH="45" HEIGHT="19" WC="0.92" CONTENT="föra"/><SP WIDTH="16" VPOS="562" HPOS="626"/>
							<String ID="string_96" HPOS="642" VPOS="562" WIDTH="62" HEIGHT="26" WC="0.90" CONTENT="talan,"/><SP WIDTH="16" VPOS="562" HPOS="704"/>
							<String ID="string_97" HPOS="720" VPOS="562" WIDTH="113" HEIGHT="20" WC="0.91" CONTENT="framdeles"/><SP WIDTH="16" VPOS="562" HPOS="833"/>
							<String ID="string_98" HPOS="849" VPOS="562" WIDTH="73" HEIGHT="24" WC="0.96" CONTENT="skulle,"/><SP WIDTH="17" VPOS="562" HPOS="922"/>
							<String ID="string_99" HPOS="939" VPOS="562" WIDTH="26" HEIGHT="20" WC="0.96" CONTENT="dä"/>
						</TextLine>
						<TextLine ID="line_12" HPOS="216" VPOS="596" WIDTH="749" HEIGHT="27">
							<String ID="string_100" HPOS="216" VPOS="597" WIDTH="64" HEIGHT="20" WC="0.92" CONTENT="sädan"/><SP WIDTH="18" VPOS="597" HPOS="280"/>
							<String ID="string_101" HPOS="298" VPOS="596" WIDTH="135" HEIGHT="27" WC="0.92" CONTENT="godtgörelse"/><SP WIDTH="15" VPOS="596" HPOS="433"/>
							<String ID="string_102" HPOS="448" VPOS="596" WIDTH="86" HEIGHT="26" WC="0.93" CONTENT="fordras,"/><SP WIDTH="16" VPOS="596" HPOS="534"/>
							<String ID="string_103" HPOS="550" VPOS="596" WIDTH="23" HEIGHT="20" WC="0.96" CONTENT="af"/><SP WIDTH="13" VPOS="596" HPOS="573"/>
							<String ID="string_104" HPOS="586" VPOS="596" WIDTH="107" HEIGHT="20" WC="0.95" CONTENT="allmänna"/><SP WIDTH="16" VPOS="596" HPOS="693"/>
							<String ID="string_105" HPOS="709" VPOS="597" WIDTH="68" HEIGHT="19" WC="0.93" CONTENT="medel"/><SP WIDTH="17" VPOS="597" HPOS="777"/>
							<String ID="string_106" HPOS="794" VPOS="596" WIDTH="112" HEIGHT="26" WC="0.92" CONTENT="förskjutas"/><SP WIDTH="13" VPOS="596" HPOS="906"/>
							<String ID="string_107" HPOS="919" VPOS="596" WIDTH="46" HEIGHT="26" WC="0.96" CONTENT="och,"/>
						</TextLine>
						<TextLine ID="line_13" HPOS="216" VPOS="630" WIDTH="749" HEIGHT="27">
							<String ID="string_108" HPOS="216" VPOS="632" WIDTH="35" HEIGHT="19" WC="0.90" CONTENT="vid"/><SP WIDTH="23" VPOS="632" HPOS="251"/>
							<String ID="string_109" HPOS="274" VPOS="630" WIDTH="108" HEIGHT="21" WC="0.95" CONTENT="bristande"/><SP WIDTH="23" VPOS="630" HPOS="382"/>
							<String ID="string_110" HPOS="405" VPOS="630" WIDTH="88" HEIGHT="27" WC="0.95" CONTENT="tillgång"/><SP WIDTH="23" VPOS="630" HPOS="493"/>
							<String ID="string_111" HPOS="516" VPOS="630" WIDTH="37" HEIGHT="20" WC="0.96" CONTENT="hos"/><SP WIDTH="23" VPOS="630" HPOS="553"/>
							<String ID="string_112" HPOS="576" VPOS="630" WIDTH="40" HEIGHT="20" WC="0.91" CONTENT="den"/><SP WIDTH="24" VPOS="630" HPOS="616"/>
							<String ID="string_113" HPOS="640" VPOS="630" WIDTH="228" HEIGHT="27" WC="0.90" CONTENT="betalningsskyldige,"/><SP WIDTH="23" VPOS="630" HPOS="868"/>
							<String ID="string_114" HPOS="891" VPOS="632" WIDTH="74" HEIGHT="18" WC="0.82" CONTENT="stanna"/>
						</TextLine>
						<TextLine ID="line_14" HPOS="216" VPOS="665" WIDTH="190" HEIGHT="20">
							<String ID="string_115" HPOS="216" VPOS="666" WIDTH="81" HEIGHT="19" WC="0.92" CONTENT="kronan"/><SP WIDTH="17" VPOS="666" HPOS="297"/>
							<String ID="string_116" HPOS="314" VPOS="665" WIDTH="31" HEIGHT="19" WC="0.91" CONTENT="till"/><SP WIDTH="15" VPOS="665" HPOS="345"/>
							<String ID="string_117" HPOS="360" VPOS="665" WIDTH="46" HEIGHT="19" WC="0.96" CONTENT="last."/>
						</TextLine>
					</TextBlock>
					<TextBlock ID="block_2" HPOS="214" VPOS="698" WIDTH="752" HEIGHT="504">
						<TextLine ID="line_15" HPOS="284" VPOS="698" WIDTH="681" HEIGHT="27">
							<String ID="string_118" HPOS="284" VPOS="699" WIDTH="94" HEIGHT="19" WC="0.91" CONTENT="Berörda"/><SP WIDTH="23" VPOS="699" HPOS="378"/>
							<String ID="string_119" HPOS="401" VPOS="698" WIDTH="86" HEIGHT="26" WC="0.91" CONTENT="petition"/><SP WIDTH="24" VPOS="698" HPOS="487"/>
							<String ID="string_120" HPOS="511" VPOS="698" WIDTH="37" HEIGHT="20" WC="0.93" CONTENT="har"/><SP WIDTH="16" VPOS="698" HPOS="548"/>
							<String ID="string_121" HPOS="564" VPOS="699" WIDTH="40" HEIGHT="25" WC="0.90" CONTENT="eji"/><SP WIDTH="16" VPOS="699" HPOS="604"/>
							<String ID="string_122" HPOS="620" VPOS="698" WIDTH="42" HEIGHT="20" WC="0.96" CONTENT="alla"/><SP WIDTH="22" VPOS="698" HPOS="662"/>
							<String ID="string_123" HPOS="684" VPOS="699" WIDTH="58" HEIGHT="19" WC="0.93" CONTENT="delar"/><SP WIDTH="22" VPOS="699" HPOS="742"/>
							<String ID="string_124" HPOS="764" VPOS="699" WIDTH="83" HEIGHT="26" WC="0.92" CONTENT="lyckats"/><SP WIDTH="22" VPOS="699" HPOS="847"/>
							<String ID="string_125" HPOS="869" VPOS="699" WIDTH="96" HEIGHT="19" WC="0.92" CONTENT="tillvinna"/>
						</TextLine>
						<TextLine ID="line_16" HPOS="215" VPOS="732" WIDTH="751" HEIGHT="27">
							<String ID="string_126" HPOS="215" VPOS="734" WIDTH="32" HEIGHT="25" WC="0.96" CONTENT="sig"/><SP WIDTH="23" VPOS="734" HPOS="247"/>
							<String ID="string_127" HPOS="270" VPOS="733" WIDTH="58" HEIGHT="19" WC="0.93" CONTENT="Hans"/><SP WIDTH="23" VPOS="733" HPOS="328"/>
							<String ID="string_128" HPOS="351" VPOS="732" WIDTH="120" HEIGHT="26" WC="0.95" CONTENT="Kejserliga"/><SP WIDTH="23" VPOS="732" HPOS="471"/>
							<String ID="string_129" HPOS="494" VPOS="732" WIDTH="106" HEIGHT="26" WC="0.93" CONTENT="Majestäts"/><SP WIDTH="22" VPOS="732" HPOS="600"/>
							<String ID="string_130" HPOS="622" VPOS="732" WIDTH="83" HEIGHT="26" WC="0.91" CONTENT="Nädiga"/><SP WIDTH="23" VPOS="732" HPOS="705"/>
							<String ID="string_131" HPOS="728" VPOS="733" WIDTH="66" HEIGHT="26" WC="0.96" CONTENT="bifall,"/><SP WIDTH="25" VPOS="733" HPOS="794"/>
							<String ID="string_132" HPOS="819" VPOS="733" WIDTH="24" HEIGHT="19" WC="0.93" CONTENT="af"/><SP WIDTH="16" VPOS="733" HPOS="843"/>
							<String ID="string_133" HPOS="859" VPOS="733" WIDTH="61" HEIGHT="19" WC="0.96" CONTENT="orsak"/><SP WIDTH="17" VPOS="733" HPOS="920"/>
							<String ID="string_134" HPOS="937" VPOS="735" WIDTH="29" HEIGHT="17" WC="0.96" CONTENT="att"/>
						</TextLine>
						<TextLine ID="line_17" HPOS="215" VPOS="766" WIDTH="750" HEIGHT="27">
							<String ID="string_135" HPOS="215" VPOS="768" WIDTH="57" HEIGHT="19" WC="0.93" CONTENT="Hans"/><SP WIDTH="16" VPOS="768" HPOS="272"/>
							<String ID="string_136" HPOS="288" VPOS="767" WIDTH="97" HEIGHT="25" WC="0.92" CONTENT="Majestät"/><SP WIDTH="16" VPOS="767" HPOS="385"/>
							<String ID="string_137" HPOS="401" VPOS="766" WIDTH="69" HEIGHT="19" WC="0.92" CONTENT="funnit"/><SP WIDTH="14" VPOS="766" HPOS="470"/>
							<String ID="string_138" HPOS="484" VPOS="766" WIDTH="26" HEIGHT="20" WC="0.96" CONTENT="de"/><SP WIDTH="15" VPOS="766" HPOS="510"/>
							<String ID="string_139" HPOS="525" VPOS="766" WIDTH="23" HEIGHT="20" WC="0.93" CONTENT="af"/><SP WIDTH="13" VPOS="766" HPOS="548"/>
							<String ID="string_140" HPOS="561" VPOS="766" WIDTH="116" HEIGHT="20" WC="0.92" CONTENT="Ständerna"/><SP WIDTH="16" VPOS="766" HPOS="677"/>
							<String ID="string_141" HPOS="693" VPOS="767" WIDTH="5" HEIGHT="19" WC="0.93" CONTENT="i"/><SP WIDTH="17" VPOS="767" HPOS="698"/>
							<String ID="string_142" HPOS="715" VPOS="767" WIDTH="116" HEIGHT="25" WC="0.92" CONTENT="petitionen"/><SP WIDTH="15" VPOS="767" HPOS="831"/>
							<String ID="string_143" HPOS="846" VPOS="767" WIDTH="119" HEIGHT="26" WC="0.92" CONTENT="äberopade"/>
						</TextLine>
						<TextLine ID="line_18" HPOS="216" VPOS="800" WIDTH="748" HEIGHT="27">
							<String ID="string_144" HPOS="216" VPOS="801" WIDTH="92" HEIGHT="19" WC="0.95" CONTENT="fördelar"/><SP WIDTH="23" VPOS="801" HPOS="308"/>
							<String ID="string_145" HPOS="331" VPOS="800" WIDTH="47" HEIGHT="20" WC="0.95" CONTENT="icke"/><SP WIDTH="24" VPOS="800" HPOS="378"/>
							<String ID="string_146" HPOS="402" VPOS="803" WIDTH="114" HEIGHT="17" WC="0.96" CONTENT="motsvaras"/><SP WIDTH="24" VPOS="803" HPOS="516"/>
							<String ID="string_147" HPOS="540" VPOS="800" WIDTH="22" HEIGHT="20" WC="0.96" CONTENT="af"/><SP WIDTH="17" VPOS="800" HPOS="562"/>
							<String ID="string_148" HPOS="579" VPOS="800" WIDTH="27" HEIGHT="20" WC="0.96" CONTENT="de"/><SP WIDTH="15" VPOS="800" HPOS="606"/>
							<String ID="string_149" HPOS="621" VPOS="800" WIDTH="122" HEIGHT="26" WC="0.93" CONTENT="kostnader,"/><SP WIDTH="15" VPOS="800" HPOS="743"/>
							<String ID="string_150" HPOS="758" VPOS="801" WIDTH="73" HEIGHT="19" WC="0.96" CONTENT="hvilka"/><SP WIDTH="16" VPOS="801" HPOS="831"/>
							<String ID="string_151" HPOS="847" VPOS="808" WIDTH="76" HEIGHT="19" WC="0.96" CONTENT="genom"/><SP WIDTH="16" VPOS="808" HPOS="923"/>
							<String ID="string_152" HPOS="939" VPOS="808" WIDTH="25" HEIGHT="13" WC="0.96" CONTENT="en"/>
						</TextLine>
						<TextLine ID="line_19" HPOS="214" VPOS="834" WIDTH="752" HEIGHT="27">
							<String ID="string_153" HPOS="214" VPOS="835" WIDTH="154" HEIGHT="26" WC="0.92" CONTENT="lagförklaring"/><SP WIDTH="23" VPOS="835" HPOS="368"/>
							<String ID="string_154" HPOS="391" VPOS="834" WIDTH="7" HEIGHT="19" WC="0.92" CONTENT="i"/><SP WIDTH="23" VPOS="834" HPOS="398"/>
							<String ID="string_155" HPOS="421" VPOS="834" WIDTH="35" HEIGHT="20" WC="0.95" CONTENT="det"/><SP WIDTH="23" VPOS="834" HPOS="456"/>
							<String ID="string_156" HPOS="479" VPOS="834" WIDTH="53" HEIGHT="26" WC="0.91" CONTENT="syfte"/><SP WIDTH="24" VPOS="834" HPOS="532"/>
							<String ID="string_157" HPOS="556" VPOS="835" WIDTH="116" HEIGHT="25" WC="0.91" CONTENT="petitionen"/><SP WIDTH="24" VPOS="835" HPOS="672"/>
							<String ID="string_158" HPOS="696" VPOS="835" WIDTH="107" HEIGHT="19" WC="0.89" CONTENT="innehölle"/><SP WIDTH="27" VPOS="835" HPOS="803"/>
							<String ID="string_159" HPOS="830" VPOS="835" WIDTH="83" HEIGHT="20" WC="0.91" CONTENT="komme"/><SP WIDTH="23" VPOS="835" HPOS="913"/>
							<String ID="string_160" HPOS="936" VPOS="838" WIDTH="30" HEIGHT="17" WC="0.96" CONTENT="att"/>
						</TextLine>
						<TextLine ID="line_20" HPOS="214" VPOS="868" WIDTH="752" HEIGHT="27">
							<String ID="string_161" HPOS="214" VPOS="868" WIDTH="128" HEIGHT="20" WC="0.91" CONTENT="statsverket"/><SP WIDTH="23" VPOS="868" HPOS="342"/>
							<String ID="string_162" HPOS="365" VPOS="868" WIDTH="126" HEIGHT="26" WC="0.91" CONTENT="förorsakas,"/><SP WIDTH="23" VPOS="868" HPOS="491"/>
							<String ID="string_163" HPOS="514" VPOS="869" WIDTH="109" HEIGHT="19" WC="0.91" CONTENT="hvaremot"/><SP WIDTH="26" VPOS="869" HPOS="623"/>
							<String ID="string_164" HPOS="649" VPOS="869" WIDTH="57" HEIGHT="19" WC="0.92" CONTENT="Haus"/><SP WIDTH="23" VPOS="869" HPOS="706"/>
							<String ID="string_165" HPOS="729" VPOS="869" WIDTH="118" HEIGHT="26" WC="0.92" CONTENT="Kejserliga"/><SP WIDTH="22" VPOS="869" HPOS="847"/>
							<String ID="string_166" HPOS="869" VPOS="869" WIDTH="97" HEIGHT="26" WC="0.92" CONTENT="Majestät"/>
						</TextLine>
						<TextLine ID="line_21" HPOS="216" VPOS="902" WIDTH="749" HEIGHT="28">
							<String ID="string_167" HPOS="216" VPOS="903" WIDTH="56" HEIGHT="20" WC="0.96" CONTENT="velat"/><SP WIDTH="16" VPOS="903" HPOS="272"/>
							<String ID="string_168" HPOS="288" VPOS="902" WIDTH="88" HEIGHT="20" WC="0.95" CONTENT="medelst"/><SP WIDTH="26" VPOS="902" HPOS="376"/>
							<String ID="string_169" HPOS="402" VPOS="902" WIDTH="40" HEIGHT="19" WC="0.92" CONTENT="den"/><SP WIDTH="25" VPOS="902" HPOS="442"/>
							<String ID="string_170" HPOS="467" VPOS="902" WIDTH="82" HEIGHT="26" WC="0.91" CONTENT="Nädiga"/><SP WIDTH="21" VPOS="902" HPOS="549"/>
							<String ID="string_171" HPOS="570" VPOS="903" WIDTH="157" HEIGHT="25" WC="0.93" CONTENT="propositionen"/><SP WIDTH="18" VPOS="903" HPOS="727"/>
							<String ID="string_172" HPOS="745" VPOS="903" WIDTH="77" HEIGHT="19" WC="0.93" CONTENT="föreslä"/><SP WIDTH="19" VPOS="903" HPOS="822"/>
							<String ID="string_173" HPOS="841" VPOS="903" WIDTH="36" HEIGHT="20" WC="0.93" CONTENT="det"/><SP WIDTH="15" VPOS="903" HPOS="877"/>
							<String ID="string_174" HPOS="892" VPOS="903" WIDTH="73" HEIGHT="27" WC="0.88" CONTENT="tillägg"/>
						</TextLine>
						<TextLine ID="line_22" HPOS="215" VPOS="936" WIDTH="750" HEIGHT="28">
							<String ID="string_175" HPOS="215" VPOS="938" WIDTH="31" HEIGHT="19" WC="0.95" CONTENT="till"/><SP WIDTH="16" VPOS="938" HPOS="246"/>
							<String ID="string_176" HPOS="262" VPOS="939" WIDTH="12" HEIGHT="18" WC="0.90" CONTENT="5"/><SP WIDTH="17" VPOS="939" HPOS="274"/>
							<String ID="string_177" HPOS="291" VPOS="939" WIDTH="9" HEIGHT="22" WC="0.92" CONTENT="$"/><SP WIDTH="19" VPOS="939" HPOS="300"/>
							<String ID="string_178" HPOS="319" VPOS="938" WIDTH="23" HEIGHT="19" WC="0.94" CONTENT="17"/><SP WIDTH="18" VPOS="938" HPOS="342"/>
							<String ID="string_179" HPOS="360" VPOS="937" WIDTH="48" HEIGHT="26" WC="0.96" CONTENT="kap."/><SP WIDTH="17" VPOS="937" HPOS="408"/>
							<String ID="string_180" HPOS="425" VPOS="937" WIDTH="23" HEIGHT="18" WC="0.93" CONTENT="R."/><SP WIDTH="17" VPOS="937" HPOS="448"/>
							<String ID="string_181" HPOS="465" VPOS="937" WIDTH="29" HEIGHT="25" WC="0.88" CONTENT="B.,"/><SP WIDTH="16" VPOS="937" HPOS="494"/>
							<String ID="string_182" HPOS="510" VPOS="938" WIDTH="29" HEIGHT="17" WC="0.95" CONTENT="att"/><SP WIDTH="16" VPOS="938" HPOS="539"/>
							<String ID="string_183" HPOS="555" VPOS="936" WIDTH="41" HEIGHT="19" WC="0.96" CONTENT="den"/><SP WIDTH="16" VPOS="936" HPOS="596"/>
							<String ID="string_184" HPOS="612" VPOS="943" WIDTH="43" HEIGHT="12" WC="0.96" CONTENT="som"/><SP WIDTH="16" VPOS="943" HPOS="655"/>
							<String ID="string_185" HPOS="671" VPOS="937" WIDTH="6" HEIGHT="18" WC="0.93" CONTENT="i"/><SP WIDTH="18" VPOS="937" HPOS="677"/>
							<String ID="string_186" HPOS="695" VPOS="937" WIDTH="48" HEIGHT="25" WC="0.96" CONTENT="mål,"/><SP WIDTH="16" VPOS="937" HPOS="743"/>
							<String ID="string_187" HPOS="759" VPOS="937" WIDTH="111" HEIGHT="26" WC="0.93" CONTENT="angående"/><SP WIDTH="15" VPOS="937" HPOS="870"/>
							<String ID="string_188" HPOS="885" VPOS="937" WIDTH="80" HEIGHT="27" WC="0.92" CONTENT="grofva,"/>
						</TextLine>
						<TextLine ID="line_23" HPOS="215" VPOS="970" WIDTH="750" HEIGHT="27">
							<String ID="string_189" HPOS="215" VPOS="972" WIDTH="32" HEIGHT="19" WC="0.96" CONTENT="för"/><SP WIDTH="15" VPOS="972" HPOS="247"/>
							<String ID="string_190" HPOS="262" VPOS="971" WIDTH="106" HEIGHT="20" WC="0.93" CONTENT="allmänna"/><SP WIDTH="23" VPOS="971" HPOS="368"/>
							<String ID="string_191" HPOS="391" VPOS="971" WIDTH="125" HEIGHT="19" WC="0.91" CONTENT="säkerheten"/><SP WIDTH="24" VPOS="971" HPOS="516"/>
							<String ID="string_192" HPOS="540" VPOS="970" WIDTH="84" HEIGHT="26" WC="0.92" CONTENT="vädliga"/><SP WIDTH="23" VPOS="970" HPOS="624"/>
							<String ID="string_193" HPOS="647" VPOS="970" WIDTH="55" HEIGHT="19" WC="0.96" CONTENT="brott"/><SP WIDTH="23" VPOS="970" HPOS="702"/>
							<String ID="string_194" HPOS="725" VPOS="971" WIDTH="22" HEIGHT="19" WC="0.96" CONTENT="af"/><SP WIDTH="21" VPOS="971" HPOS="747"/>
							<String ID="string_195" HPOS="768" VPOS="971" WIDTH="77" HEIGHT="20" WC="0.93" CONTENT="allmän"/><SP WIDTH="20" VPOS="971" HPOS="845"/>
							<String ID="string_196" HPOS="865" VPOS="971" WIDTH="100" HEIGHT="26" WC="0.96" CONTENT="åklagare"/>
						</TextLine>
						<TextLine ID="line_24" HPOS="214" VPOS="1005" WIDTH="751" HEIGHT="26">
							<String ID="string_197" HPOS="214" VPOS="1005" WIDTH="31" HEIGHT="19" WC="0.90" CONTENT="till"/><SP WIDTH="25" VPOS="1005" HPOS="245"/>
							<String ID="string_198" HPOS="270" VPOS="1005" WIDTH="66" HEIGHT="20" WC="0.92" CONTENT="vittne"/><SP WIDTH="23" VPOS="1005" HPOS="336"/>
							<String ID="string_199" HPOS="359" VPOS="1005" WIDTH="111" HEIGHT="25" WC="0.83" CONTENT="äberopats"/><SP WIDTH="24" VPOS="1005" HPOS="470"/>
							<String ID="string_200" HPOS="494" VPOS="1005" WIDTH="38" HEIGHT="19" WC="0.96" CONTENT="och"/><SP WIDTH="24" VPOS="1005" HPOS="532"/>
							<String ID="string_201" HPOS="556" VPOS="1005" WIDTH="30" HEIGHT="18" WC="0.92" CONTENT="till"/><SP WIDTH="23" VPOS="1005" HPOS="586"/>
							<String ID="string_202" HPOS="609" VPOS="1005" WIDTH="131" HEIGHT="19" WC="0.47" CONTENT="vittnesmäls"/><SP WIDTH="23" VPOS="1005" HPOS="740"/>
							<String ID="string_203" HPOS="763" VPOS="1005" WIDTH="126" HEIGHT="26" WC="0.48" CONTENT="afläggande"/><SP WIDTH="22" VPOS="1005" HPOS="889"/>
							<String ID="string_204" HPOS="911" VPOS="1006" WIDTH="54" HEIGHT="19" WC="0.96" CONTENT="inför"/>
						</TextLine>
						<TextLine ID="line_25" HPOS="215" VPOS="1038" WIDTH="750" HEIGHT="27">
							<String ID="string_205" HPOS="215" VPOS="1039" WIDTH="90" HEIGHT="20" WC="0.94" CONTENT="domstol"/><SP WIDTH="24" VPOS="1039" HPOS="305"/>
							<String ID="string_206" HPOS="329" VPOS="1039" WIDTH="32" HEIGHT="26" WC="0.93" CONTENT="sig"/><SP WIDTH="23" VPOS="1039" HPOS="361"/>
							<String ID="string_207" HPOS="384" VPOS="1039" WIDTH="86" HEIGHT="25" WC="0.91" CONTENT="inställt,"/><SP WIDTH="25" VPOS="1039" HPOS="470"/>
							<String ID="string_208" HPOS="495" VPOS="1038" WIDTH="139" HEIGHT="27" WC="0.92" CONTENT="berättigades"/><SP WIDTH="23" VPOS="1038" HPOS="634"/>
							<String ID="string_209" HPOS="657" VPOS="1040" WIDTH="30" HEIGHT="17" WC="0.96" CONTENT="att"/><SP WIDTH="18" VPOS="1040" HPOS="687"/>
							<String ID="string_210" HPOS="705" VPOS="1039" WIDTH="32" HEIGHT="19" WC="0.96" CONTENT="för"/><SP WIDTH="16" VPOS="1039" HPOS="737"/>
							<String ID="string_211" HPOS="753" VPOS="1039" WIDTH="41" HEIGHT="19" WC="0.93" CONTENT="den"/><SP WIDTH="17" VPOS="1039" HPOS="794"/>
							<String ID="string_212" HPOS="811" VPOS="1039" WIDTH="72" HEIGHT="20" WC="0.92" CONTENT="dervid"/><SP WIDTH="21" VPOS="1039" HPOS="883"/>
							<String ID="string_213" HPOS="904" VPOS="1040" WIDTH="61" HEIGHT="19" WC="0.93" CONTENT="hafde"/>
						</TextLine>
						<TextLine ID="line_26" HPOS="215" VPOS="1072" WIDTH="750" HEIGHT="27">
							<String ID="string_214" HPOS="215" VPOS="1073" WIDTH="90" HEIGHT="20" WC="0.91" CONTENT="kostnad"/><SP WIDTH="24" VPOS="1073" HPOS="305"/>
							<String ID="string_215" HPOS="329" VPOS="1073" WIDTH="58" HEIGHT="26" WC="0.90" CONTENT="njuta"/><SP WIDTH="23" VPOS="1073" HPOS="387"/>
							<String ID="string_216" HPOS="410" VPOS="1073" WIDTH="115" HEIGHT="26" WC="0.96" CONTENT="ersättning"/><SP WIDTH="22" VPOS="1073" HPOS="525"/>
							<String ID="string_217" HPOS="547" VPOS="1073" WIDTH="22" HEIGHT="19" WC="0.93" CONTENT="af"/><SP WIDTH="21" VPOS="1073" HPOS="569"/>
							<String ID="string_218" HPOS="590" VPOS="1072" WIDTH="108" HEIGHT="26" WC="0.91" CONTENT="kronan,i"/><SP WIDTH="17" VPOS="1072" HPOS="698"/>
							<String ID="string_219" HPOS="715" VPOS="1073" WIDTH="25" HEIGHT="19" WC="0.88" CONTENT="de"/><SP WIDTH="23" VPOS="1073" HPOS="740"/>
							<String ID="string_220" HPOS="763" VPOS="1073" WIDTH="36" HEIGHT="19" WC="0.96" CONTENT="fall"/><SP WIDTH="17" VPOS="1073" HPOS="799"/>
							<String ID="string_221" HPOS="816" VPOS="1072" WIDTH="27" HEIGHT="21" WC="0.93" CONTENT="dä"/><SP WIDTH="15" VPOS="1072" HPOS="843"/>
							<String ID="string_222" HPOS="858" VPOS="1074" WIDTH="19" HEIGHT="25" WC="0.92" CONTENT="ej"/><SP WIDTH="19" VPOS="1074" HPOS="877"/>
							<String ID="string_223" HPOS="896" VPOS="1073" WIDTH="69" HEIGHT="26" WC="0.92" CONTENT="nägon"/>
						</TextLine>
						<TextLine ID="line_27" HPOS="215" VPOS="1107" WIDTH="750" HEIGHT="24">
							<String ID="string_224" HPOS="215" VPOS="1108" WIDTH="111" HEIGHT="19" WC="0.96" CONTENT="förklarats"/><SP WIDTH="17" VPOS="1108" HPOS="326"/>
							<String ID="string_225" HPOS="343" VPOS="1114" WIDTH="34" HEIGHT="13" WC="0.96" CONTENT="om"/><SP WIDTH="17" VPOS="1114" HPOS="377"/>
							<String ID="string_226" HPOS="394" VPOS="1107" WIDTH="35" HEIGHT="20" WC="0.93" CONTENT="det"/><SP WIDTH="15" VPOS="1107" HPOS="429"/>
							<String ID="string_227" HPOS="444" VPOS="1107" WIDTH="82" HEIGHT="19" WC="0.96" CONTENT="åtalade"/><SP WIDTH="16" VPOS="1107" HPOS="526"/>
							<String ID="string_228" HPOS="542" VPOS="1107" WIDTH="77" HEIGHT="19" WC="0.94" CONTENT="brottet"/><SP WIDTH="14" VPOS="1107" HPOS="619"/>
							<String ID="string_229" HPOS="633" VPOS="1107" WIDTH="126" HEIGHT="24" WC="0.94" CONTENT="förvunnen,"/><SP WIDTH="16" VPOS="1107" HPOS="759"/>
							<String ID="string_230" HPOS="775" VPOS="1107" WIDTH="51" HEIGHT="20" WC="0.96" CONTENT="eller"/><SP WIDTH="20" VPOS="1107" HPOS="826"/>
							<String ID="string_231" HPOS="846" VPOS="1111" WIDTH="37" HEIGHT="16" WC="0.92" CONTENT="när"/><SP WIDTH="21" VPOS="1111" HPOS="883"/>
							<String ID="string_232" HPOS="904" VPOS="1108" WIDTH="61" HEIGHT="19" WC="0.92" CONTENT="tillta-"/>
						</TextLine>
						<TextLine ID="line_28" HPOS="214" VPOS="1140" WIDTH="751" HEIGHT="28">
							<String ID="string_233" HPOS="214" VPOS="1142" WIDTH="35" HEIGHT="19" WC="0.96" CONTENT="lad"/><SP WIDTH="16" VPOS="1142" HPOS="249"/>
							<String ID="string_234" HPOS="265" VPOS="1148" WIDTH="76" HEIGHT="20" WC="0.93" CONTENT="person"/><SP WIDTH="18" VPOS="1148" HPOS="341"/>
							<String ID="string_235" HPOS="359" VPOS="1141" WIDTH="69" HEIGHT="20" WC="0.96" CONTENT="blifvit"/><SP WIDTH="15" VPOS="1141" HPOS="428"/>
							<String ID="string_236" HPOS="443" VPOS="1142" WIDTH="32" HEIGHT="18" WC="0.93" CONTENT="för"/><SP WIDTH="15" VPOS="1142" HPOS="475"/>
							<String ID="string_237" HPOS="490" VPOS="1141" WIDTH="114" HEIGHT="20" WC="0.93" CONTENT="detsamma"/><SP WIDTH="15" VPOS="1141" HPOS="604"/>
							<String ID="string_238" HPOS="619" VPOS="1140" WIDTH="96" HEIGHT="27" WC="0.71" CONTENT="sakfälld,"/><SP WIDTH="22" VPOS="1140" HPOS="715"/>
							<String ID="string_239" HPOS="737" VPOS="1147" WIDTH="47" HEIGHT="14" WC="0.87" CONTENT="men"/><SP WIDTH="25" VPOS="1147" HPOS="784"/>
							<String ID="string_240" HPOS="809" VPOS="1141" WIDTH="93" HEIGHT="20" WC="0.90" CONTENT="saknade"/><SP WIDTH="24" VPOS="1141" HPOS="902"/>
							<String ID="string_241" HPOS="926" VPOS="1142" WIDTH="39" HEIGHT="19" WC="0.20" CONTENT="till"/>
						</TextLine>
						<TextLine ID="line_29" HPOS="214" VPOS="1175" WIDTH="541" HEIGHT="27">
							<String ID="string_242" HPOS="214" VPOS="1177" WIDTH="56" HEIGHT="25" WC="0.92" CONTENT="gäng"/><SP WIDTH="16" VPOS="1177" HPOS="270"/>
							<String ID="string_243" HPOS="286" VPOS="1178" WIDTH="30" HEIGHT="17" WC="0.93" CONTENT="att"/><SP WIDTH="16" VPOS="1178" HPOS="316"/>
							<String ID="string_244" HPOS="332" VPOS="1176" WIDTH="65" HEIGHT="19" WC="0.91" CONTENT="vittne"/><SP WIDTH="16" VPOS="1176" HPOS="397"/>
							<String ID="string_245" HPOS="413" VPOS="1175" WIDTH="31" HEIGHT="20" WC="0.93" CONTENT="för"/><SP WIDTH="16" VPOS="1175" HPOS="444"/>
							<String ID="string_246" HPOS="460" VPOS="1175" WIDTH="64" HEIGHT="27" WC="0.92" CONTENT="sagde"/><SP WIDTH="17" VPOS="1175" HPOS="524"/>
							<String ID="string_247" HPOS="541" VPOS="1175" WIDTH="89" HEIGHT="19" WC="0.92" CONTENT="kostnad"/><SP WIDTH="15" VPOS="1175" HPOS="630"/>
							<String ID="string_248" HPOS="645" VPOS="1175" WIDTH="110" HEIGHT="26" WC="0.91" CONTENT="godtgöra."/>
						</TextLine>
					</TextBlock>
				</ComposedBlock>
				<ComposedBlock ID="cblock_2" HPOS="213" VPOS="1243" WIDTH="752" HEIGHT="265">
					<TextBlock ID="block_3" HPOS="213" VPOS="1243" WIDTH="752" HEIGHT="265">
						<TextLine ID="line_30" HPOS="284" VPOS="1243" WIDTH="681" HEIGHT="27">
							<String ID="string_249" HPOS="284" VPOS="1244" WIDTH="41" HEIGHT="19" WC="0.92" CONTENT="Till"/><SP WIDTH="17" VPOS="1244" HPOS="325"/>
							<String ID="string_250" HPOS="342" VPOS="1244" WIDTH="116" HEIGHT="26" WC="0.92" CONTENT="belysande"/><SP WIDTH="17" VPOS="1244" HPOS="458"/>
							<String ID="string_251" HPOS="475" VPOS="1244" WIDTH="21" HEIGHT="19" WC="0.96" CONTENT="af"/><SP WIDTH="14" VPOS="1244" HPOS="496"/>
							<String ID="string_252" HPOS="510" VPOS="1244" WIDTH="26" HEIGHT="19" WC="0.96" CONTENT="de"/><SP WIDTH="16" VPOS="1244" HPOS="536"/>
							<String ID="string_253" HPOS="552" VPOS="1244" WIDTH="85" HEIGHT="26" WC="0.93" CONTENT="utgifter"/><SP WIDTH="16" VPOS="1244" HPOS="637"/>
							<String ID="string_254" HPOS="653" VPOS="1243" WIDTH="126" HEIGHT="20" WC="0.91" CONTENT="staisverket"/><SP WIDTH="16" VPOS="1243" HPOS="779"/>
							<String ID="string_255" HPOS="795" VPOS="1243" WIDTH="70" HEIGHT="20" WC="0.96" CONTENT="kunde"/><SP WIDTH="16" VPOS="1243" HPOS="865"/>
							<String ID="string_256" HPOS="881" VPOS="1244" WIDTH="84" HEIGHT="19" WC="0.96" CONTENT="komma"/>
						</TextLine>
						<TextLine ID="line_31" HPOS="214" VPOS="1278" WIDTH="750" HEIGHT="27">
							<String ID="string_257" HPOS="214" VPOS="1281" WIDTH="30" HEIGHT="17" WC="0.93" CONTENT="att"/><SP WIDTH="15" VPOS="1281" HPOS="244"/>
							<String ID="string_258" HPOS="259" VPOS="1278" WIDTH="119" HEIGHT="20" WC="0.92" CONTENT="förorsakas"/><SP WIDTH="23" VPOS="1278" HPOS="378"/>
							<String ID="string_259" HPOS="401" VPOS="1284" WIDTH="77" HEIGHT="20" WC="0.93" CONTENT="genom"/><SP WIDTH="23" VPOS="1284" HPOS="478"/>
							<String ID="string_260" HPOS="501" VPOS="1278" WIDTH="146" HEIGHT="27" WC="0.92" CONTENT="mälsegandes"/><SP WIDTH="21" VPOS="1278" HPOS="647"/>
							<String ID="string_261" HPOS="668" VPOS="1278" WIDTH="38" HEIGHT="19" WC="0.92" CONTENT="och"/><SP WIDTH="17" VPOS="1278" HPOS="706"/>
							<String ID="string_262" HPOS="723" VPOS="1278" WIDTH="92" HEIGHT="19" WC="0.92" CONTENT="vittnens"/><SP WIDTH="19" VPOS="1278" HPOS="815"/>
							<String ID="string_263" HPOS="834" VPOS="1278" WIDTH="130" HEIGHT="26" WC="0.92" CONTENT="rättegängs-"/>
						</TextLine>
						<TextLine ID="line_32" HPOS="214" VPOS="1312" WIDTH="750" HEIGHT="26">
							<String ID="string_264" HPOS="214" VPOS="1313" WIDTH="220" HEIGHT="25" WC="0.91" CONTENT="kostnadsersättning"/><SP WIDTH="17" VPOS="1313" HPOS="434"/>
							<String ID="string_265" HPOS="451" VPOS="1313" WIDTH="6" HEIGHT="18" WC="0.93" CONTENT="i"/><SP WIDTH="17" VPOS="1313" HPOS="457"/>
							<String ID="string_266" HPOS="474" VPOS="1313" WIDTH="137" HEIGHT="19" WC="0.92" CONTENT="omförmälda"/><SP WIDTH="26" VPOS="1313" HPOS="611"/>
							<String ID="string_267" HPOS="637" VPOS="1312" WIDTH="46" HEIGHT="26" WC="0.90" CONTENT="mäl,"/><SP WIDTH="24" VPOS="1312" HPOS="683"/>
							<String ID="string_268" HPOS="707" VPOS="1312" WIDTH="37" HEIGHT="19" WC="0.93" CONTENT="har"/><SP WIDTH="15" VPOS="1312" HPOS="744"/>
							<String ID="string_269" HPOS="759" VPOS="1312" WIDTH="108" HEIGHT="19" WC="0.92" CONTENT="Utskottet"/><SP WIDTH="15" VPOS="1312" HPOS="867"/>
							<String ID="string_270" HPOS="882" VPOS="1312" WIDTH="38" HEIGHT="19" WC="0.93" CONTENT="här"/><SP WIDTH="15" VPOS="1312" HPOS="920"/>
							<String ID="string_271" HPOS="935" VPOS="1313" WIDTH="29" HEIGHT="18" WC="0.92" CONTENT="in-"/>
						</TextLine>
						<TextLine ID="line_33" HPOS="215" VPOS="1346" WIDTH="750" HEIGHT="27">
							<String ID="string_272" HPOS="215" VPOS="1347" WIDTH="52" HEIGHT="26" WC="0.93" CONTENT="tagit"/><SP WIDTH="23" VPOS="1347" HPOS="267"/>
							<String ID="string_273" HPOS="290" VPOS="1346" WIDTH="157" HEIGHT="20" WC="0.94" CONTENT="nedanstående"/><SP WIDTH="24" VPOS="1346" HPOS="447"/>
							<String ID="string_274" HPOS="471" VPOS="1346" WIDTH="61" HEIGHT="26" WC="0.93" CONTENT="tablå,"/><SP WIDTH="20" VPOS="1346" HPOS="532"/>
							<String ID="string_275" HPOS="552" VPOS="1346" WIDTH="109" HEIGHT="20" WC="0.92" CONTENT="utvisande"/><SP WIDTH="20" VPOS="1346" HPOS="661"/>
							<String ID="string_276" HPOS="681" VPOS="1346" WIDTH="78" HEIGHT="19" WC="0.96" CONTENT="antalet"/><SP WIDTH="16" VPOS="1346" HPOS="759"/>
							<String ID="string_277" HPOS="775" VPOS="1346" WIDTH="23" HEIGHT="19" WC="0.93" CONTENT="af"/><SP WIDTH="13" VPOS="1346" HPOS="798"/>
							<String ID="string_278" HPOS="811" VPOS="1346" WIDTH="70" HEIGHT="26" WC="0.93" CONTENT="gröfre"/><SP WIDTH="20" VPOS="1346" HPOS="881"/>
							<String ID="string_279" HPOS="901" VPOS="1346" WIDTH="64" HEIGHT="20" WC="0.91" CONTENT="brott-"/>
						</TextLine>
						<TextLine ID="line_34" HPOS="215" VPOS="1380" WIDTH="748" HEIGHT="27">
							<String ID="string_280" HPOS="215" VPOS="1381" WIDTH="41" HEIGHT="19" WC="0.94" CONTENT="mål"/><SP WIDTH="23" VPOS="1381" HPOS="256"/>
							<String ID="string_281" HPOS="279" VPOS="1380" WIDTH="67" HEIGHT="19" WC="0.93" CONTENT="under"/><SP WIDTH="22" VPOS="1380" HPOS="346"/>
							<String ID="string_282" HPOS="368" VPOS="1380" WIDTH="112" HEIGHT="20" WC="0.96" CONTENT="decenniet"/><SP WIDTH="24" VPOS="1380" HPOS="480"/>
							<String ID="string_283" HPOS="504" VPOS="1381" WIDTH="52" HEIGHT="19" WC="0.92" CONTENT="1856"/><SP WIDTH="13" VPOS="1381" HPOS="556"/>
							<String ID="string_284" HPOS="569" VPOS="1391" WIDTH="9" HEIGHT="3" WC="0.89" CONTENT="-"/><SP WIDTH="11" VPOS="1391" HPOS="578"/>
							<String ID="string_285" HPOS="589" VPOS="1381" WIDTH="60" HEIGHT="25" WC="0.96" CONTENT="1865,"/><SP WIDTH="24" VPOS="1381" HPOS="649"/>
							<String ID="string_286" HPOS="673" VPOS="1387" WIDTH="22" HEIGHT="12" WC="0.96" CONTENT="ur"/><SP WIDTH="16" VPOS="1387" HPOS="695"/>
							<String ID="string_287" HPOS="711" VPOS="1382" WIDTH="30" HEIGHT="18" WC="0.96" CONTENT="ett"/><SP WIDTH="15" VPOS="1382" HPOS="741"/>
							<String ID="string_288" HPOS="756" VPOS="1381" WIDTH="23" HEIGHT="19" WC="0.92" CONTENT="af"/><SP WIDTH="18" VPOS="1381" HPOS="779"/>
							<String ID="string_289" HPOS="797" VPOS="1381" WIDTH="114" HEIGHT="19" WC="0.92" CONTENT="statistiska"/><SP WIDTH="16" VPOS="1381" HPOS="911"/>
							<String ID="string_290" HPOS="927" VPOS="1380" WIDTH="36" HEIGHT="27" WC="0.92" CONTENT="by-"/>
						</TextLine>
						<TextLine ID="line_35" HPOS="214" VPOS="1414" WIDTH="750" HEIGHT="27">
							<String ID="string_291" HPOS="214" VPOS="1414" WIDTH="47" HEIGHT="20" WC="0.81" CONTENT="väns"/><SP WIDTH="16" VPOS="1414" HPOS="261"/>
							<String ID="string_292" HPOS="277" VPOS="1414" WIDTH="152" HEIGHT="25" WC="0.95" CONTENT="föreståndare,"/><SP WIDTH="19" VPOS="1414" HPOS="429"/>
							<String ID="string_293" HPOS="448" VPOS="1414" WIDTH="66" HEIGHT="19" WC="0.96" CONTENT="under"/><SP WIDTH="18" VPOS="1414" HPOS="514"/>
							<String ID="string_294" HPOS="532" VPOS="1415" WIDTH="43" HEIGHT="19" WC="0.93" CONTENT="titel"/><SP WIDTH="22" VPOS="1415" HPOS="575"/>
							<String ID="string_295" HPOS="597" VPOS="1415" WIDTH="202" HEIGHT="26" WC="0.91" CONTENT="”Renseignements"/><SP WIDTH="16" VPOS="1415" HPOS="799"/>
							<String ID="string_296" HPOS="815" VPOS="1421" WIDTH="34" HEIGHT="12" WC="0.96" CONTENT="sur"/><SP WIDTH="15" VPOS="1421" HPOS="849"/>
							<String ID="string_297" HPOS="864" VPOS="1415" WIDTH="20" HEIGHT="19" WC="0.93" CONTENT="la"/><SP WIDTH="15" VPOS="1415" HPOS="884"/>
							<String ID="string_298" HPOS="899" VPOS="1421" WIDTH="65" HEIGHT="20" WC="0.92" CONTENT="popu-"/>
						</TextLine>
						<TextLine ID="line_36" HPOS="213" VPOS="1448" WIDTH="750" HEIGHT="29">
							<String ID="string_299" HPOS="213" VPOS="1449" WIDTH="65" HEIGHT="19" WC="0.93" CONTENT="lation"/><SP WIDTH="25" VPOS="1449" HPOS="278"/>
							<String ID="string_300" HPOS="303" VPOS="1449" WIDTH="25" HEIGHT="18" WC="0.96" CONTENT="de"/><SP WIDTH="19" VPOS="1449" HPOS="328"/>
							<String ID="string_301" HPOS="347" VPOS="1448" WIDTH="116" HEIGHT="20" WC="0.78" CONTENT="Finlande”"/><SP WIDTH="20" VPOS="1448" HPOS="463"/>
							<String ID="string_302" HPOS="483" VPOS="1449" WIDTH="88" HEIGHT="26" WC="0.88" CONTENT="utgifvet"/><SP WIDTH="15" VPOS="1449" HPOS="571"/>
							<String ID="string_303" HPOS="586" VPOS="1449" WIDTH="79" HEIGHT="25" WC="0.93" CONTENT="arbete,"/><SP WIDTH="16" VPOS="1449" HPOS="665"/>
							<String ID="string_304" HPOS="681" VPOS="1449" WIDTH="88" HEIGHT="19" WC="0.93" CONTENT="hvarvid"/><SP WIDTH="16" VPOS="1449" HPOS="769"/>
							<String ID="string_305" HPOS="785" VPOS="1449" WIDTH="111" HEIGHT="28" WC="0.93" CONTENT="Utskottet"/><SP WIDTH="13" VPOS="1449" HPOS="896"/>
							<String ID="string_306" HPOS="909" VPOS="1449" WIDTH="54" HEIGHT="20" WC="0.96" CONTENT="dock"/>
						</TextLine>
						<TextLine ID="line_37" HPOS="214" VPOS="1482" WIDTH="750" HEIGHT="26">
							<String ID="string_307" HPOS="214" VPOS="1483" WIDTH="46" HEIGHT="19" WC="0.89" CONTENT="bort"/><SP WIDTH="24" VPOS="1483" HPOS="260"/>
							<String ID="string_308" HPOS="284" VPOS="1482" WIDTH="107" HEIGHT="25" WC="0.89" CONTENT="anmärka,"/><SP WIDTH="23" VPOS="1482" HPOS="391"/>
							<String ID="string_309" HPOS="414" VPOS="1484" WIDTH="30" HEIGHT="17" WC="0.96" CONTENT="att"/><SP WIDTH="15" VPOS="1484" HPOS="444"/>
							<String ID="string_310" HPOS="459" VPOS="1483" WIDTH="6" HEIGHT="18" WC="0.96" CONTENT="i"/><SP WIDTH="17" VPOS="1483" HPOS="465"/>
							<String ID="string_311" HPOS="482" VPOS="1483" WIDTH="90" HEIGHT="18" WC="0.91" CONTENT="nämnda"/><SP WIDTH="23" VPOS="1483" HPOS="572"/>
							<String ID="string_312" HPOS="595" VPOS="1483" WIDTH="63" HEIGHT="25" WC="0.91" CONTENT="tablä,"/><SP WIDTH="20" VPOS="1483" HPOS="658"/>
							<String ID="string_313" HPOS="678" VPOS="1482" WIDTH="68" HEIGHT="20" WC="0.91" CONTENT="säsom"/><SP WIDTH="17" VPOS="1482" HPOS="746"/>
							<String ID="string_314" HPOS="763" VPOS="1482" WIDTH="68" HEIGHT="20" WC="0.93" CONTENT="nedan"/><SP WIDTH="17" VPOS="1482" HPOS="831"/>
							<String ID="string_315" HPOS="848" VPOS="1488" WIDTH="69" HEIGHT="20" WC="0.91" CONTENT="synes,"/><SP WIDTH="17" VPOS="1488" HPOS="917"/>
							<String ID="string_316" HPOS="934" VPOS="1483" WIDTH="30" HEIGHT="19" WC="0.96" CONTENT="till"/>
						</TextLine>
					</TextBlock>
				</ComposedBlock>
			</PrintSpace>
		</Page>
	</Layout>
</alto>
