1142 1786
322 442 57 20 Hans
402 441 135 26 Kejserliga
555 441 118 27 Majestäts
697 442 83 26 Nådiga
795 444 104 26 proposi-

285 476 51 20 tion
360 475 30 20 till
412 475 88 20 Finlands
515 475 87 25 Ständer,
618 476 97 26 angående
731 477 81 26 ändring
827 478 6 19 i
849 478 51 20 stad-

286 510 98 27 ganderna
406 515 30 14 om
457 509 48 21 börd
521 511 48 19 samt
583 510 139 20 viderboendes
737 510 35 21 och
787 511 60 21 nabos
862 512 37 20 lös-

286 544 102 27 ningsrätt.

217 608 41 19 Det
274 608 29 19 uti
319 607 57 19 äldre
393 607 64 19 tiders
473 606 132 28 lagstiftning
621 608 87 20 afsedda
724 608 119 21 ändamålet
853 610 46 20 med

149 642 136 20 bördsrätten
301 648 37 13 var
354 641 178 26 hufvudsakligen
549 641 150 21 befordrandet
714 643 23 19 af
749 645 68 18 ättens
827 644 73 26 styrka

149 676 39 20 och
212 676 113 25 anseende,
343 675 84 20 hvartill
445 675 27 19 då
492 675 91 26 egandet
598 676 23 19 af
631 676 48 26 jord
695 676 6 20 i
718 678 118 26 väsendtlig
853 678 46 20 mån

149 710 81 26 bidrog.
260 706 100 24 Ätternas
384 709 110 26 betydelse
518 710 98 19 försvann
640 710 54 30 dock
719 711 132 27 småningom
867 712 31 20 till

149 744 50 26 följe
217 744 23 20 af
253 750 26 14 en
296 744 66 26 högre
380 743 223 27 samhällsutveckling
622 746 53 18 samt
691 744 26 20 de
732 745 29 19 uti
777 745 48 20 hela
840 748 59 17 stats-

150 778 151 26 författningen
326 777 28 20 tid
379 778 53 19 efter
448 784 69 13 annan
534 778 111 20 inträffade
661 778 183 27 förändringarna;
859 779 40 20 och

150 812 68 20 såsom
241 813 46 19 stöd
304 812 31 19 för
352 811 158 20 bibehållandet
526 812 23 19 af
564 812 141 26 bördsrätten,
722 812 63 20 sådan
803 813 95 19 densam-

151 853 38 19 ma,
206 846 53 20 efter
275 846 56 19 vissa
347 846 45 19 deri
408 845 75 27 gjorda
499 845 185 27 inskränkningar,
701 846 93 26 qvarstår
810 847 29 19 uti
855 847 43 26 gäl-

149 880 62 19 lande
238 880 42 25 lag,
301 879 42 20 kan
360 880 47 18 med
424 879 63 26 något
503 879 52 20 sken
571 879 23 20 af
608 880 35 25 fog
659 880 18 25 ej
695 887 86 13 numera
796 880 103 26 åberopas

150 916 64 17 annat
230 917 26 16 än
273 913 40 20 den
328 912 76 20 kärlek
421 913 30 19 till
468 913 117 20 förfädrens
599 914 55 25 jord,
671 920 43 14 som
729 914 120 20 förutsättes
859 921 41 20 ega

149 954 43 13 rum
208 947 124 26 isynnerhet
348 948 57 19 inom
422 947 40 20 den
476 947 162 26 jordbrukande
654 947 60 20 delen
731 948 22 19 af
763 948 71 20 folket.
851 948 47 20 Men

150 981 87 20 oaktadt
260 981 70 20 denna
346 981 74 20 känsla
436 981 105 26 stundom,
558 981 126 20 åtminstone
700 982 37 19 hos
753 982 26 19 de
795 984 104 17 närmaste

150 1016 174 26 skyldemännen,
348 1017 60 25 utgör
431 1015 210 27 bevekelsegrunden
664 1016 31 19 för
711 1015 142 20 bördsrättens
868 1018 30 17 ut-

150 1050 78 26 öfning,
252 1049 37 20 har
312 1049 70 20 denna
404 1049 67 26 grund
495 1049 65 20 likväl
584 1049 63 20 oftast
666 1050 54 19 visat
735 1050 31 26 sig
782 1056 50 13 vara
848 1049 51 20 blott

151 1085 124 25 egennytta.
305 1083 82 26 Lagens
403 1083 131 26 stadganden
551 1089 33 14 om
601 1083 51 20 börd
668 1084 102 19 innefatta
783 1083 80 26 jemväl
873 1090 25 13 en

150 1117 113 26 otidsenlig
286 1117 40 19 och
346 1117 26 26 på
389 1117 135 25 jordbrukets
540 1117 108 20 förkofran
666 1117 87 26 menligt
768 1117 131 20 inverkande

150 1151 154 26 inskränkning
320 1151 6 18 i
343 1151 163 25 eganderättens
522 1151 39 19 fria
576 1151 97 26 utöfning
689 1153 52 18 samt
753 1151 46 20 leda
811 1151 30 19 till
854 1154 44 17 osä-

151 1185 75 19 kerhet
241 1185 6 18 i
264 1184 77 20 handel
364 1191 33 12 om
411 1184 48 26 jord
476 1184 109 20 äfvensom
601 1191 24 13 en
644 1185 75 25 mängd
736 1185 61 25 högst
813 1185 85 19 inveck-

151 1218 47 20 lade
221 1218 79 19 tvister.
331 1218 9 19 I
356 1218 51 25 följd
434 1218 61 19 häraf
516 1224 62 19 synes
603 1218 35 19 det
658 1224 50 13 vara
723 1218 45 19 skäl
785 1220 30 18 att
830 1218 69 20 denna

151 1252 170 20 rättsinstitution
347 1252 19 25 ej
382 1251 72 20 vidare
470 1251 117 20 bibehålles
602 1252 7 19 i
625 1252 40 19 den
686 1252 152 27 utsträckning,
855 1259 43 13 som

153 1293 26 12 nu
195 1287 23 18 af
231 1286 60 26 lagen
309 1285 124 26 medgifves,
450 1287 48 18 utan
515 1287 30 18 att
560 1286 126 26 rättigheten
703 1286 31 19 till
750 1286 51 19 börd
818 1286 23 19 af
851 1286 48 26 jord

151 1321 27 25 på
197 1320 71 19 landet
288 1319 126 20 inskränkes
430 1319 31 20 till
478 1319 25 20 de
520 1319 131 26 skyldemän,
668 1319 71 20 hvilka
754 1320 73 19 kunna
841 1322 57 17 anta-

151 1361 37 19 gas
206 1360 50 13 vara
272 1359 75 20 genom
365 1353 226 26 familjeförhållanden
608 1353 81 20 fästade
706 1353 33 20 vid
756 1353 39 20 den
807 1353 92 20 försålda

150 1388 82 25 jorden,
257 1387 39 20 och
315 1387 81 19 således
414 1387 63 19 borde
494 1387 83 25 qvarstå
593 1387 74 20 endast
683 1387 30 19 för
729 1387 102 26 säljarens
848 1387 50 20 barn

150 1422 39 19 och
213 1421 108 24 föräldrar,
344 1420 109 20 äfvensom
476 1423 30 17 att
526 1421 103 19 bördsrätt
644 1421 7 19 i
667 1421 52 26 stad,
735 1421 37 20 der
788 1421 57 20 detta
861 1421 38 20 vil-

150 1455 38 19 kor
210 1455 121 26 egentligen
359 1455 47 19 icke
430 1455 120 25 förefinnes,
573 1455 68 20 skulle
664 1455 43 19 helt
723 1455 39 20 och
778 1454 67 21 hållet
859 1455 39 20 för-

151 1488 55 20 falla.

808 1521 20 16 17
