1142 1786
857 169 32 18 313

158 234 217 28 lagstiftningsåtgärd
400 233 122 26 medverka,
544 239 44 14 som
608 234 35 19 det
663 233 119 20 nuvarande
800 234 47 19 med
863 236 48 17 rätt-

159 270 45 19 visa
220 269 39 20 och
276 268 98 27 billighet
389 267 48 20 icke
454 267 47 20 fullt
517 267 103 26 förenliga
635 267 139 26 förhållande,
790 270 30 17 att
836 274 25 13 en
879 267 33 20 del

158 303 24 19 af
196 303 108 19 städernas
328 302 108 24 invånare,
460 301 66 19 ehuru
552 301 113 26 förpligtad
685 304 30 16 att
731 301 85 26 deltaga
832 302 5 18 i
855 302 59 19 kom-

160 336 84 20 munala
266 336 154 26 skyldigheter,
443 334 84 25 ändock
548 338 22 16 är
586 335 111 26 utestängd
713 335 45 19 från
778 335 135 20 kommunala

159 371 124 25 rättigheter
298 370 23 19 af
335 368 149 27 hufvudsaklig
501 369 116 26 betydelse,
633 369 74 19 endast
728 369 122 26 derigenom
871 369 41 20 kan

161 405 148 25 undanrödjas.

229 439 45 19 Den
292 440 96 17 närmare
404 437 142 26 granskning,
562 444 44 12 som
623 437 118 20 Ständerna
763 438 82 19 således
870 438 45 19 bort

162 480 54 19 egna
240 472 35 20 det
299 472 121 25 föreslagna
442 471 137 26 stadgandets
603 471 140 26 ordalydelse,
761 471 34 19 har
811 472 104 19 föranledt

162 507 118 20 Ständerna
295 508 30 17 att
341 506 45 19 deri
401 505 69 19 införa
487 505 66 26 några
569 505 250 26 tilläggsbestämningar,
836 506 26 19 de
878 506 37 19 der

162 541 74 19 endast
252 540 27 27 gå
295 540 65 26 derpå
376 542 27 23 ut,
420 542 30 16 att
464 539 21 19 åt
501 539 41 20 den
559 539 70 25 tanke,
645 546 43 12 som
709 539 40 20 den
767 540 83 26 Nådiga
869 546 45 20 pro-

162 575 119 26 positionen
298 574 82 24 uttalar,
396 574 58 25 gifva
470 575 30 18 ett
515 573 158 26 fullständigare
689 574 39 19 och
747 581 55 12 mera
812 574 103 20 bestämdt

163 609 84 26 uttryck
264 608 39 20 och
319 607 88 20 sålunda
422 607 96 26 aflägsna
534 607 71 25 hvarje
622 608 126 19 tvifvelsmäl
765 614 32 13 om
813 608 102 26 lagstifta-

163 650 48 12 rens
235 642 97 25 verkliga
358 642 92 25 mening.
480 641 10 19 I
506 641 75 19 sådant
603 642 54 25 syfte
674 642 62 19 hafva
754 642 117 20 Ständerna
887 643 28 19 bi-

162 678 59 24 fogat
236 683 26 13 en
277 670 114 25 inledande
409 675 133 27 bestämning
558 676 51 19 eller
628 676 122 26 förklaring,
773 677 22 19 af
815 677 102 24 innehåll,

164 713 30 17 att
210 710 160 26 ifrågavarande
386 709 178 26 ändringsätgärd
575 710 55 19 afser
642 710 47 19 icke
701 710 88 20 allenast
803 711 48 19 hela
861 712 55 18 stad-

164 744 79 27 gandet
259 745 6 19 i
282 745 11 19 3
310 746 9 22 $
335 744 22 19 af
372 745 151 18 meranämnda
534 744 75 26 Kongl.
621 744 117 25 försäkran,
751 747 48 17 utan
811 745 40 19 ock
862 745 54 19 hvad

165 779 11 19 6
193 782 10 21 $
218 779 7 19 i
242 784 80 14 samma
344 778 109 19 försäkran
477 778 118 19 innehäller
619 784 33 13 om
677 778 32 20 val
729 779 24 19 af
767 778 150 26 borgmästare,

165 813 87 19 rädman
269 812 40 20 och
325 812 199 24 stadssekreterare,
540 812 108 20 äfvensom
666 813 131 19 nästiramför
813 813 26 19 de
855 814 6 18 i
877 813 40 19 slu-

167 850 29 17 tet
212 848 22 18 af
248 847 75 26 sjelfva
340 841 35 25 det
390 846 122 26 föreslagna
524 846 125 26 stadgandet
661 847 108 26 befintliga
780 848 64 19 orden
853 848 64 19 ”röst-

166 881 131 26 berättigade
314 880 150 20 medlemmar”?
481 880 65 19 insatt
561 880 65 19 orden
642 880 48 19 ”vid
710 880 185 20 rådhusstämma”.

234 914 132 21 Sistberörda
389 917 9 21 $
423 913 89 20 handlar
536 914 121 25 visserligen
684 915 175 26 hufvudsakligen
883 921 34 14 om

166 949 212 26 riksdagsmannaval
401 948 39 19 och
463 951 22 16 är
501 949 6 18 i
525 948 69 19 denna
615 948 34 19 del
665 949 64 19 redan
746 949 77 20 ändrad
841 955 76 20 genom

168 984 24 19 12
208 985 10 22 $
234 983 24 20 af
278 983 83 26 Nådiga
383 983 241 25 Landtdagsordningen
651 982 39 19 den
720 983 23 19 15
770 983 58 25 April
858 983 59 19 1869.

167 1018 47 19 Men
231 1017 90 20 emedan
337 1023 81 13 samma
433 1019 10 22 $
459 1017 103 24 derjemte
578 1016 117 20 innehåller
711 1023 25 13 en
755 1016 46 20 med
821 1017 96 26 stadgan-

167 1053 35 19 det
218 1052 6 19 i
241 1052 11 19 3
269 1053 10 22 $
295 1051 233 20 öfverensstämmande
551 1050 123 26 förklaring,
697 1053 30 17 att
755 1051 86 19 ”endast
866 1053 54 17 rätta

168 1086 96 26 borgare,
292 1091 46 13 men
362 1084 48 20 icke
430 1084 223 27 contingentborgare,
669 1091 43 13 som
731 1085 29 19 till
777 1088 63 16 annat
858 1085 60 19 stånd

168 1120 70 23 höra”,
255 1119 21 20 få
291 1122 50 23 taga
357 1119 34 19 del
407 1119 6 18 i
431 1119 32 19 val
479 1119 23 19 af
517 1119 150 25 borgmästare,
691 1119 86 19 rådman
799 1119 38 19 och
853 1119 67 19 stads-

168 1153 139 26 sekreterare,
330 1155 52 17 samt
406 1153 70 19 denna
499 1153 118 26 förklaring
639 1153 85 19 komme
744 1155 29 17 att
796 1153 31 19 stå
846 1153 6 19 i
868 1153 51 19 strid

168 1189 46 19 med
238 1188 42 19 den
304 1187 126 19 förändrade
453 1187 82 25 lydelse
559 1187 30 19 för
605 1188 11 18 3
633 1189 18 22 $,
667 1187 85 19 hvarom
775 1193 26 13 nu
816 1189 23 17 är
855 1187 64 25 fråga,

168 1223 36 19 har
228 1222 35 20 det
286 1224 58 24 synts
368 1221 118 20 Ständerna
510 1227 49 13 vara
579 1221 22 19 af
615 1221 76 25 nöden,
707 1223 30 18 att
753 1220 166 21 änomförmälda

168 1255 219 28 lagstiftningsåtgärd
411 1255 125 20 utsträcktes
559 1255 61 19 äfven
641 1255 30 19 till
688 1255 147 26 ifrågakomna
851 1255 34 20 del
900 1255 23 19 af

169 1290 11 19 6
196 1292 10 22 $
222 1290 7 19 i
245 1290 111 25 oftasagda
371 1289 76 26 Kongl.
459 1289 126 20 Försäkran.

237 1324 44 19 Den
299 1323 141 26 ordalydelse,
463 1330 44 13 som
533 1323 35 20 det
592 1323 73 27 nödigt
685 1323 94 20 ansedda
796 1323 125 26 stadgandet

168 1357 68 20 skulle
260 1357 81 20 erhålla
364 1357 67 26 enligt
454 1358 165 25 propositionen,
643 1357 90 26 antyder
752 1357 47 20 icke
819 1357 35 20 det
870 1360 51 16 nära

168 1392 177 25 sammanhanget
360 1391 92 20 emellan
469 1391 118 20 detsamma
602 1392 39 19 och
657 1392 41 19 den
722 1391 95 26 åsyftade
841 1391 80 20 författ-

169 1427 78 25 ningen
264 1425 111 27 angående
392 1425 279 27 kommunalförvaltningen
687 1426 7 19 i
710 1426 53 25 stad,
787 1428 52 17 samt
861 1425 59 20 inne-

168 1461 37 19 bär
228 1459 83 20 derföre
334 1466 26 13 en
385 1460 41 19 viss
450 1460 133 25 tvetydighet
607 1460 52 25 deri,
682 1462 29 17 att
735 1459 40 20 den
801 1459 120 26 ifrågasatta

168 1493 242 27 grundlagsändringen,
428 1494 46 19 med
491 1494 69 18 denna
577 1494 87 25 lydelse,
682 1493 70 20 kunde
769 1500 40 19 ega
823 1500 51 18 rum,
890 1493 29 20 äf-
