1142 1786
860 152 9 16 7

151 215 83 26 dergått
249 214 123 27 förändring
387 221 77 20 genom
480 214 129 27 förmedling
625 215 52 20 eller
693 215 159 27 uppskattning,
869 215 35 20 be-

152 251 98 18 stämmas
267 249 53 20 efter
336 249 46 19 dess
399 255 42 19 nya
457 248 85 20 mantal.

220 286 40 17 4:0.
290 283 42 19 Vid
348 282 140 20 besvarandet
504 282 24 19 af
540 282 58 19 Hans
614 282 119 26 Kejserliga
749 283 108 26 Majestäts
873 283 31 20 till

151 318 119 20 Ständerna
289 316 78 20 aflåtna
386 316 78 27 nådiga
482 316 139 26 proposition,
640 316 111 26 angående
767 316 68 20 finska
851 316 53 20 mili-

152 352 118 20 tiefondens
287 350 119 20 ersättande
422 351 32 19 för
470 350 150 26 minskningen
637 350 24 20 af
674 350 47 20 dess
736 351 117 20 inkomster
867 358 36 20 ge-

153 392 47 14 nom
217 381 137 31 upphörande
370 385 22 19 af
407 384 264 28 bränvinsförpaktningen
691 386 30 18 uti
737 385 145 27 fästningarne
898 386 6 19 i

152 420 88 20 Finland
262 419 62 20 hafva
344 419 118 20 Ständerna
481 419 86 26 anmält,
588 421 30 17 att
634 419 25 20 de
675 419 48 20 icke
737 419 81 21 kunnat
834 420 70 20 lemna

152 454 35 19 sitt
203 454 58 20 bifall
278 453 30 19 till
324 453 69 20 denna
410 453 77 27 nådiga
503 454 136 26 proposition.
671 454 44 20 Och
730 454 38 20 har
782 454 59 20 Hans
855 454 48 26 Kej-

152 488 78 26 serliga
250 488 96 26 Majestät
366 488 34 19 vid
420 487 75 20 sådant
516 487 131 21 förhållande
663 488 46 20 låtit
725 488 39 20 den
781 489 28 19 uti
827 489 75 20 omför-

153 522 69 20 mälda
238 522 76 26 nådiga
329 522 129 26 proposition
475 521 77 20 väckta
567 522 73 26 frågan
657 522 88 20 förfalla.

220 558 40 19 5:0.
290 556 68 21 Sedan
378 556 124 26 Ständerna,
524 556 34 20 vid
579 556 140 21 besvarandet
738 557 23 20 af
778 557 58 20 Hans
854 557 48 27 Kej-

152 592 78 26 serliga
246 592 106 25 Majestäts
369 591 29 19 till
415 591 47 19 dem
478 590 79 20 aflåtna
574 590 77 27 nådiga
662 591 137 26 proposition,
809 591 93 27 angåen-

152 626 26 19 de
193 626 121 26 grunderna
333 626 31 19 för
384 625 107 26 reglering
507 624 23 20 af
542 624 168 27 presterskapets
725 625 95 27 aflöning
835 626 7 19 i
857 626 46 19 lan-

153 660 45 19 dets
220 659 242 27 evangelisk-lutherska
482 659 154 27 församlingar,
652 659 85 26 anmält,
754 659 35 20 det
804 659 99 21 Ständer-

153 700 27 14 na
194 694 48 20 icke
258 694 80 19 kunnat
354 693 88 20 berörda
458 693 78 27 nådiga
552 694 129 25 proposition
698 696 83 24 antaga,
798 694 37 20 har
845 694 58 20 Hans

152 728 119 26 Kejserliga
296 728 95 26 Majestät
410 728 6 18 i
436 728 116 26 anledning
578 727 61 20 deraf
661 728 45 19 låtit
731 728 73 27 frågan
832 729 70 19 härom

153 762 87 20 förfalla.

222 797 38 19 6:0.
292 796 34 20 Uti
346 796 114 19 aflemnadt
478 802 48 13 svar
546 796 13 19 å
577 796 57 19 Hans
658 796 117 27 Kejserliga
795 797 108 26 Majestäts

152 832 30 19 till
202 830 118 21 Ständerna
334 830 85 20 -aflåtna
441 830 79 26 nådiga
539 830 138 26 proposition,
697 830 111 27 angående
829 831 74 27 anslag
917 826 4 4 '

152 866 31 19 till
200 865 142 20 förbättrande
358 864 23 20 af
394 864 94 20 farleden
506 864 89 20 emellan
611 864 84 26 Nyslott
711 865 38 19 och
765 865 84 26 Kuopio
860 867 44 18 stä-

153 900 43 25 der,
212 899 63 20 hafva
291 899 117 20 Ständerna
422 898 92 25 förmält,
531 898 62 20 bland
609 900 70 24 annat,
695 901 30 17 att
740 899 25 19 de
781 901 70 18 ansett
866 905 36 14 an-

152 933 88 27 ledning
256 934 18 25 ej
291 939 50 14 vara
357 933 113 20 förhanden
488 935 30 17 att
533 939 75 20 genom
624 933 116 26 bevillning
751 933 151 20 sammanbrin-

153 975 27 19 ga
200 968 26 19 de
246 968 32 19 för
298 967 90 20 nämnda
410 967 98 20 ändamål
532 967 138 26 erforderliga
693 967 74 20 medel.
799 961 45 26 Och
866 967 37 20 har

152 1002 58 19 Hans
229 1002 118 26 Kejserliga
367 1002 95 25 Majestät
478 1001 35 20 vid
529 1001 84 20 anfördt
630 1001 131 20 förhållande
777 1001 47 20 låtit
840 1001 40 20 den
897 1002 7 19 i

153 1036 139 20 omförmälda
308 1036 77 26 nådiga
405 1036 130 26 proposition
552 1035 77 20 väckta
644 1035 72 27 frågan
733 1042 34 13 om
783 1035 120 20 anskaffan-

153 1071 26 19 de
195 1071 23 19 af
231 1070 79 27 nödiga
325 1070 68 20 medel
410 1070 30 19 till
454 1070 138 20 statsverkets
603 1070 151 26 bispringande
766 1070 31 19 för
809 1070 94 26 antydda

152 1105 98 19 ändamål
266 1104 88 20 förfalla.

222 1139 38 20 7:0.
290 1138 88 20 Jemlikt
393 1139 128 19 Ständernas
538 1138 144 27 uuderdäniga
697 1138 120 26 tillstyrkan
833 1138 29 19 uti
873 1138 30 19 af-

153 1173 93 19 lemnadt
262 1179 47 13 svar
325 1173 12 19 &
352 1179 26 13 en
394 1173 22 19 af
429 1173 59 19 Hans
504 1173 117 25 Kejserliga
638 1173 95 25 Majestät
749 1172 32 19 till
794 1173 47 19 dem
853 1171 50 20 aflä-

153 1212 34 15 ten
204 1207 63 27 nädig
288 1207 136 26 proposition,
444 1206 38 20 har
502 1206 57 20 Hans
581 1206 118 26 Kejserliga
717 1206 98 26 Majestät
834 1206 40 19 den
891 1206 12 19 9

152 1241 120 21 November
295 1242 52 19 1868
367 1241 45 20 lätit
432 1241 82 20 utfärda
533 1241 34 19 tvä
586 1241 154 26 förordningar,
756 1240 40 19 den
813 1246 40 13 ena
869 1246 34 13 om

152 1276 124 26 inteckning
292 1276 6 19 i
314 1275 40 20 fast
373 1275 105 27 egendom
499 1278 53 17 samt
572 1275 39 20 den
632 1275 66 19 andra
713 1281 32 13 om
764 1274 140 26 borgenärers

153 1313 40 17 rätt
208 1310 39 20 och
264 1309 104 20 företräde
387 1309 31 20 för
438 1309 118 20 hvarandra
575 1309 31 20 till
628 1309 108 26 betalning
752 1315 24 13 ur
791 1309 112 26 egendom,

152 1351 43 14 som
213 1344 69 20 blifvit
297 1344 30 19 till
344 1343 93 20 konkurs
452 1343 90 20 afträdd.

222 1379 40 18 8:0.
292 1378 68 19 Sedan
384 1377 47 20 icke
454 1377 90 20 allenast
567 1377 155 26 Ridderskapet
744 1377 39 19 och
805 1377 99 25 Adeln,
891 1373 16 35 i

152 1413 56 19 hvad
227 1412 27 26 pä
274 1412 65 26 sagde
358 1411 61 20 ständ
439 1411 100 20 särskildt
558 1411 123 24 ankommit,
697 1413 48 18 utan
762 1410 40 20 ock
819 1411 6 19 i
841 1411 64 26 öfrigt

153 1447 118 19 Ständerna
290 1445 103 27 enhälligt
412 1446 82 26 antagit
513 1445 48 20 med
577 1445 66 26 nägra
659 1445 82 20 mindre
757 1445 75 26 tillägg
847 1445 58 19 Hans

152 1481 118 25 Kejserliga
286 1481 106 25 Majestäts
408 1480 32 20 till
456 1480 48 19 dem
520 1479 79 20 aflätna
617 1479 78 26 nådiga
713 1479 139 26 proposition,
868 1485 36 13 an-
