1142 1786
264 164 34 19 190

240 231 37 24 get
292 229 56 20 brott
362 229 112 21 obeifradt.
504 229 30 20 Af
555 229 61 20 dessa
639 230 46 20 skäl
702 230 62 21 hafva
783 230 117 21 Ständerne
920 230 74 20 ändrat

240 263 148 26 ordalydelsen
405 264 6 19 i
430 264 8 19 1
456 265 10 22 $
484 264 24 19 15
525 263 48 26 kap.
590 263 23 20 R.
630 264 22 19 B.
669 265 6 19 i
692 265 35 20 det
742 265 55 26 syfte
813 267 30 18 att
858 264 135 27 målsegande

240 298 7 18 i
263 297 41 20 alla
320 297 96 20 brottmål
432 297 57 27 finge
505 297 64 27 klaga
584 304 76 20 genom
677 299 84 25 ombud,
777 299 74 19 såvida
870 299 49 19 icke
935 299 58 19 dom-

242 332 68 20 stolen
326 331 98 21 fordrade
440 331 53 20 hans
509 332 120 26 personliga
645 335 95 17 närvaro.

309 366 32 20 De
363 366 149 26 förändringar
534 366 116 20 Ständerne
673 366 62 29 alltså
757 367 30 19 uti
810 366 40 20 den
874 366 119 26 föreslagna

240 400 109 26 lagtexten
365 400 83 26 pröfvat
464 400 77 26 nödiga
556 400 63 20 hafva
634 400 69 26 äfven,
719 400 68 27 enligt
805 400 126 20 Ständernes
947 402 44 18 tan-

240 434 34 26 ke,
292 434 79 20 fordrat
386 440 25 14 en
427 434 113 20 förändrad
556 434 143 27 uppställning
715 435 23 19 af
751 435 44 19 deri
814 434 104 27 ingäende
937 434 54 20 stad-

240 468 92 27 ganden,
357 468 96 20 hvarföre
477 468 115 20 Ständerne
614 469 7 19 i
638 468 169 27 underdänighet
822 468 21 20 fä
857 468 90 26 anmäla,
963 470 28 18 att

240 503 42 20 den
297 502 83 28 Nädiga
396 503 155 26 propositionen
568 503 19 26 ej
604 502 81 21 kunnat
700 503 22 19 af
736 503 47 20 dem
807 503 125 20 oförändrad
956 510 35 12 an-

240 539 67 25 tagas,
330 539 48 18 utan
400 539 30 18 att
452 537 25 20 de
501 537 31 19 för
555 537 32 19 sin
603 537 34 20 del
658 538 81 19 förenat
755 538 32 26 sig
803 544 33 13 om
853 537 92 27 följande
961 537 30 26 ly-

242 571 58 20 delse
316 571 24 20 af
354 573 9 18 1
381 573 10 22 $
409 572 24 19 15
449 571 49 26 kap.
514 571 23 20 R.
554 571 35 20 B.:

412 604 63 21 Hvar
490 611 44 14 som
550 604 8 20 i
573 604 102 21 brottmäl
695 606 26 19 är
742 605 143 27 mälsegande,
911 605 51 21 eller
984 606 8 19 i

344 645 76 14 annan
434 638 40 21 sak
489 638 97 21 kärande
601 638 52 21 eller
667 639 113 26 svarande,
797 645 34 21 ege
847 641 45 19 rätt
907 642 33 18 att
958 640 34 20 la-

343 679 29 21 ga
395 672 139 21 ombudsman
551 672 42 27 för
614 673 34 27 sig
670 674 79 25 ställa;
772 680 47 14 men
838 673 80 21 komme
933 673 58 21 ändä

343 706 55 27 sjelf
410 706 112 26 tillstädes,
539 713 32 14 om
586 706 103 22 domaren
701 708 94 26 pröfvar
803 708 34 20 det
849 707 74 28 nödigt
931 714 60 14 vara.

343 740 16 20 I
372 740 102 21 brottmål
488 747 60 14 svare
563 740 40 21 den
619 740 56 28 sjelf,
691 748 44 14 som
751 742 112 27 anklagad
881 745 31 17 är.
947 741 44 21 Vil

342 774 45 22 han
406 774 58 28 hjelp
480 775 8 19 i
502 775 141 27 rättegången
658 775 78 27 hafva;
758 776 29 20 dä
810 776 81 20 tillätes
915 775 76 21 honom

338 808 132 28 fullmäktig
486 809 46 21 med
546 810 33 26 sig
596 812 57 24 taga.
684 809 96 22 Mannen
795 810 36 20 mä
846 809 37 21 ock
890 809 100 27 hustrun,

342 843 37 21 och
394 843 108 21 målsman
517 843 40 20 den
573 843 122 27 omyndiga,
711 844 8 20 i
735 843 36 28 thy
782 844 49 26 fall
846 844 87 20 bistånd
952 845 38 26 gö-

343 883 33 14 ra.
405 872 34 25 Är
454 878 20 26 ej
488 878 87 19 svårare
589 878 70 26 straff,
676 879 29 18 än
717 878 64 25 böter,
793 878 41 26 för
843 877 77 20 brottet
930 877 60 20 stad-

342 911 60 27 gadt,
418 911 37 20 och
471 913 26 18 är
512 911 57 20 detta
585 911 19 27 ej
619 911 100 27 tjufnad;
733 912 36 20 mä
785 911 46 26 den,
856 917 45 14 som
921 911 69 20 tillta-

343 945 38 21 lad
402 947 33 23 är,
458 951 74 21 genom
556 945 139 21 ombudsman
713 952 72 19 svara,
805 952 47 14 men
867 952 50 13 vare
931 945 59 20 ändä

338 979 82 27 pligtig
436 981 33 19 att
484 979 54 28 sjelf
543 979 41 28 för
599 979 68 22 Rätta
681 979 90 26 komma,
788 986 33 14 om
841 979 102 21 domaren
956 979 34 20 det

338 1013 102 27 Jordrar.

309 1047 99 20 Finlands
424 1047 89 20 Ständer
529 1047 119 20 framhärda
664 1050 39 18 ete.

308 1081 132 27 Helsingfors
456 1082 40 19 den
512 1082 11 19 6
540 1082 58 26 April
618 1083 58 19 1872.
