1142 1786
340 390 231 21 Storfurstendömet
589 389 110 21 Finlands
716 390 30 20 till
767 390 70 20 allmän
856 390 62 20 landt-

306 426 36 25 dag
364 425 6 19 i
393 424 116 26 Helsingfors
527 424 114 20 församlade
655 424 114 20 Ständers
786 425 131 26 underdäniga

306 459 184 25 tacksägelseadress
512 458 30 20 till
564 459 58 19 Hans
645 458 138 27 Kejserliga
808 460 112 26 Majestät

307 493 133 21 Alexander
460 493 36 20 11.

202 546 181 37 Stormäktigste,
401 550 161 31 Allernädigste
581 550 95 31 Kejsare
695 550 39 25 och
757 551 136 24 Storfurste!

239 608 100 20 Finlands
358 608 96 25 Ständer,
472 607 127 20 församlade
624 607 28 26 pä
674 608 77 19 Eders
774 608 146 26 Kejserliga

172 644 134 25 Majestäts
321 642 83 26 Nädiga
422 641 95 26 kallelse,
533 641 62 20 hafva
616 642 103 26 enhälligt
734 642 51 19 känt
801 642 31 26 sig
849 648 71 14 mana-

172 678 25 19 de
213 679 37 24 att,
265 678 64 18 innan
350 676 25 20 de
392 676 99 26 begynna
510 676 36 19 sitt
565 675 47 20 värf
630 676 35 19 vid
681 676 69 19 denna
765 676 107 26 landtdag,
888 676 31 20 till

171 712 79 20 Eders
266 711 127 26 Majestät,
409 710 100 20 Finlands
525 710 118 25 Storfurste,
660 710 6 19 i
678 710 168 27 underdänighet
857 710 63 20 fram-

173 746 50 20 bära
245 748 30 18 ett
297 744 84 26 uttryck
404 744 24 20 af
440 744 41 20 den
504 744 63 26 djupa
589 744 40 20 och
655 744 100 26 hängifna
781 744 138 26 tacksamhet,

172 780 101 19 hvarmed
295 779 48 20 hela
366 778 35 20 det
423 778 69 20 finska
512 778 67 20 folket
594 778 112 26 emottagit
721 778 78 20 Eders
815 779 103 26 Kejser-

172 815 54 26 liga
255 814 131 26 Majestäts
416 812 91 27 Nädigst
535 812 124 20 meddelade
682 812 131 20 stadfästelse
836 813 23 19 af
879 813 41 19 den

173 848 207 26 landtdagsordning,
404 853 44 13 som
471 853 27 13 nu
522 847 65 19 första
608 846 83 27 gängen
713 847 66 26 ligger
798 847 31 20 till
852 847 68 26 grund

173 883 31 19 för
220 882 126 20 Ständernas
362 879 166 22 sammankomst
543 881 40 19 och
598 880 141 20 verksamhet.

241 916 100 20 Finlands
364 915 43 20 folk
430 915 38 20 har
489 915 67 20 under
580 915 79 19 Eders
682 915 144 26 Kejserliga
843 915 77 26 Maje-

173 953 64 17 stäts
260 950 98 26 regering
380 949 40 20 fätt
442 949 99 26 upplefva
560 955 25 14 en
605 949 29 20 tid
650 949 23 19 af
687 949 128 26 mängsidigt
830 949 39 20 och
885 949 35 20 be-

173 984 130 27 tydelsefullt
318 983 195 20 framätskridande.
544 983 82 20 Eders
649 983 116 26 Majestät
788 983 37 20 har
849 983 72 20 oaflät-

173 1019 57 26 ligen
246 1021 63 24 egnat
324 1018 81 20 landets
421 1018 103 19 intressen
540 1019 29 18 ett
584 1017 79 27 Nädigt
683 1017 55 27 hägn
755 1018 38 19 och
810 1024 26 13 en
852 1018 68 19 fader-

172 1053 31 26 lig
226 1059 90 20 omsorg.
345 1052 80 19 Eders
451 1052 118 25 Majestät
591 1052 36 19 har
652 1052 47 19 med
725 1051 47 20 ädel
799 1052 122 26 högsinthet

174 1087 148 26 äterupplifvat
344 1086 40 19 den
406 1085 186 27 grundlagsenliga
611 1086 125 19 samverkan
753 1085 77 20 mellan
846 1088 75 24 regent

174 1120 39 20 och
229 1121 50 24 folk,
302 1126 44 14 som
370 1121 60 25 utgör
448 1119 76 26 sjelfva
544 1120 149 26 hjertpunkten
712 1120 6 19 i
735 1120 36 19 vär
789 1120 132 19 statsförfatt-

174 1155 57 26 ning.
262 1154 44 20 Och
329 1161 27 12 nu
378 1154 38 19 har
438 1153 80 20 Eders
541 1153 150 27 Kejserliga
716 1154 121 25 Majestät
859 1154 62 20 äfven

172 1188 90 26 Nädigst
290 1188 145 26 tillmötessätt
465 1188 110 19 nationens
607 1187 99 26 lifligaste
736 1188 129 26 önskningar
896 1188 27 20 dä

174 1222 80 20 Eders
270 1222 130 26 Majestät,
416 1228 76 20 genom
513 1221 152 20 stadfästandet
685 1221 22 20 af
724 1221 197 28 landtdagsordnin-

173 1263 48 20 gen,
237 1256 136 20 tillförsäkrat
388 1262 34 13 oss
437 1255 162 27 landtdagarnes
619 1256 134 25 periodicitet
768 1257 66 25 jemte
854 1257 67 19 utvid-

173 1291 41 26 gad
230 1291 220 26 representationsrätt
472 1290 40 19 och
536 1289 114 20 förbättrad
673 1290 140 26 organisation
831 1290 22 19 af
866 1292 55 17 stän-

174 1325 134 20 dermötenas
330 1324 230 25 verksamhetsformer,
583 1325 54 18 samt
659 1324 123 25 derigenom
809 1324 114 26 betryggat

175 1359 137 26 möjligheten
328 1358 24 19 af
365 1357 170 27 lagstiftningens
549 1359 72 25 jemna
636 1358 39 19 och
691 1358 67 19 sunda
779 1358 128 25 utveckling.

174 1409 210 27 Stormäktigste,
394 1409 198 27 Allernädigste
605 1409 106 26 Kejsare
723 1409 39 20 och
773 1409 149 20 Storfurste!

242 1449 33 20 Dä
297 1449 100 20 Finlands
420 1449 89 20 Ständer
532 1456 27 13 nu
581 1449 54 20 inför
655 1449 78 20 Eders
749 1449 123 26 Majestät
888 1449 34 20 be-

174 1486 51 23 tyga
240 1483 36 19 det
291 1483 68 19 finska
376 1483 77 20 folkets
474 1483 131 19 tacksamhet
625 1483 31 19 för
672 1483 69 19 denna
756 1483 47 19 ädla
819 1483 38 19 och
878 1483 45 19 visa
