1142 1786
241 163 34 18 496

613 225 14 28 $
642 227 35 19 61.

392 272 138 20 Oförändrad.

613 316 15 27 $
643 318 34 19 62.

425 362 41 20 Till
483 362 69 20 denna
566 364 10 22 $
592 362 60 26 fogas
669 364 28 18 ett
714 362 22 19 så
755 361 92 26 lydande
869 364 102 17 moment:

390 396 126 20 Enahanda
531 398 46 18 rätt
593 396 140 20 tillerkännes
744 395 184 27 ättiksfabrikant
932 394 42 28 för

322 430 35 21 det
372 430 105 21 kannetal
492 430 97 25 bränvin,
605 437 45 13 som
669 429 115 28 bevisligen
807 430 108 20 användts
938 430 35 20 till

322 464 118 28 beredning
456 464 30 27 af
498 464 76 21 ättika.

615 510 14 26 $
647 510 34 20 63.

392 554 52 21 Lika
461 555 47 20 med
525 555 148 20 motsvarande
689 557 9 22 $
714 556 6 19 i
736 561 82 21 propos.

616 606 15 26 $
645 606 35 20 64.

392 652 9 19 I
417 652 95 26 enlighet
528 652 47 19 med
592 658 83 20 propos.
691 652 55 19 intill
762 652 40 19 den
819 652 93 25 mening,
929 657 43 13 som

323 686 111 26 begynner
457 686 47 20 med
528 686 64 20 orden
615 685 50 20 När
679 685 100 27 forsling
795 685 30 27 af
840 685 85 20 hvilken
942 692 31 12 er-

325 720 67 20 håller
407 720 93 26 följande
516 720 82 26 iydelse
614 719 49 21 När
669 719 100 27 forsling
780 719 30 27 af
816 719 95 20 sålunda
921 725 53 20 upp-

323 754 62 26 lagdt
401 753 92 21 bränvin
508 754 36 20 till
559 755 69 19 större
644 753 53 20 eller
715 754 84 20 mindre
820 753 74 27 belopp
917 752 57 21 skall

322 787 42 25 ske,
381 788 97 20 anmäles
494 788 73 20 derom
582 787 38 20 hos
637 787 165 27 Stadsfiskalen,
819 787 85 20 hvilken
915 787 13 20 å
939 786 36 20 det

324 822 35 19 till
375 823 113 25 transport
504 821 104 21 anmälda
625 820 96 28 beloppet
731 821 106 27 utfärdar
847 821 71 20 sådan
925 820 50 27 för-

319 856 109 26 passning
444 862 45 14 som
504 856 9 19 i
527 856 15 26 $
557 856 27 20 60
600 857 61 25 säges
677 855 38 20 och
731 855 73 20 tillika
826 856 41 27 gör
889 854 86 21 anteck-

322 890 54 26 ning
392 890 12 19 &
416 888 133 27 förberörde
571 890 36 19 till
629 895 79 21 egaren
730 889 89 27 utgifna
843 888 62 21 bevis.
938 888 37 20 Då

324 923 56 20 sista
396 922 97 27 beloppet
508 922 30 27 af
544 923 60 20 detta
618 922 91 21 bränvin
720 925 84 24 uttages
815 921 42 28 för
867 922 107 27 forsling,

323 957 113 20 återställe
452 963 79 20 egaren
547 957 35 20 det
597 956 30 27 af
644 956 159 27 Stadsfiskalen
826 956 76 20 honom
926 956 49 20 lem-

323 991 57 20 nade
396 990 56 21 bevis
469 990 38 21 och
522 990 130 21 utbekomme
668 990 41 20 den
731 990 122 27 aflemnade
871 989 104 28 förpass-

322 1025 82 26 ningen
418 1024 49 21 med
480 1024 101 27 påskrift
596 1024 30 27 af
638 1023 95 22 bemälde
749 1025 129 26 tjensteman
894 1031 33 14 om
942 1023 33 21 be-

324 1058 78 27 loppet,
419 1057 65 21 hvart
495 1057 128 28 forslingen
638 1057 49 21 sker
703 1057 38 21 och
757 1058 75 20 dertill
842 1057 133 28 erforderlig

324 1092 43 25 tid;
382 1091 72 28 afgift
464 1091 42 27 för
522 1092 71 20 denna
609 1091 130 28 anteckning
754 1098 51 14 vare
821 1091 45 21 lika
882 1099 44 14 som
942 1091 34 27 of-

323 1133 42 14 van
380 1128 27 19 är
421 1128 75 18 utsatt.

394 1159 135 21 Handlande
544 1160 9 20 i
567 1160 102 20 städerne
685 1167 50 13 vare
747 1160 83 27 jemväl
846 1160 81 20 tillåtet
942 1162 32 18 att

324 1194 9 20 i
348 1193 50 21 stad
414 1194 13 19 å
442 1194 83 26 upplag
541 1192 60 22 hålla
618 1193 97 25 bränvin,
732 1194 47 20 med
796 1193 141 27 iakttagande
948 1193 30 27 af

324 1227 58 21 hvad
393 1227 42 27 för
450 1227 230 21 bränvinstillverkare
698 1228 9 20 i
725 1227 80 21 sådant
825 1227 102 27 afseende
942 1227 35 27 of-

325 1269 42 14 van
382 1264 27 19 är
424 1262 112 27 stadgadt.

617 1308 15 27 $
649 1307 34 21 65.

393 1353 53 20 Lika
462 1353 47 20 med
525 1359 80 14 samma
620 1355 10 22 $
645 1354 7 19 i
668 1353 40 20 den
725 1353 77 26 nådiga
817 1359 84 21 propos.

616 1404 15 27 $
645 1405 35 19 66.

392 1449 56 20 Ifrån
466 1449 72 26 början
554 1449 45 20 lika
614 1449 46 20 med
677 1449 146 20 motsvarande
843 1451 10 22 $
869 1449 6 19 i
892 1456 82 19 propos.

325 1484 56 19 ända
396 1484 30 19 till
442 1484 40 19 den
500 1484 92 26 mening,
608 1490 42 13 som
669 1483 108 26 begynner
796 1483 47 20 med
864 1482 48 20 Den
931 1490 44 14 som
