1142 1786
865 170 32 19 267

173 235 115 18 motsvarar
308 233 39 20 den
364 233 140 26 offentlighet,
521 239 44 13 som
581 239 76 20 genom
681 233 76 26 lagfart
780 233 33 20 vid
833 233 87 20 allmän-

173 274 33 19 na,
222 268 138 26 regelbundet
376 267 12 20 &
404 269 58 18 orten
478 267 174 20 återkommande
669 268 45 25 ting
730 267 80 20 vinnes.

241 301 29 20 På
286 301 88 20 anförda
388 300 46 20 skäl
451 300 30 20 får
496 300 109 20 Utskottet
620 300 64 20 alltså
693 301 106 20 vördsamt
809 301 112 27 tillstyrka,

173 337 31 18 att
225 336 83 19 landets
331 335 116 27 höglofliga
470 335 90 19 Ständer
577 334 71 27 måtte,
665 335 47 20 med
729 336 96 19 anmälan
842 336 79 26 derom,

173 371 30 18 att
226 370 39 19 den
289 369 83 27 Nådiga
394 369 159 26 propositionen
569 369 47 20 icke
633 369 80 20 kunnat
729 370 125 20 oförändrad
870 371 51 26 god-

173 404 87 26 kännas,
276 404 31 19 för
322 404 31 19 sin
370 403 34 20 del
420 403 82 20 besluta
517 403 31 19 till
565 410 25 12 en
607 403 118 26 sålydande
741 403 130 28 författning:

352 471 44 27 1:0)
410 471 197 28 Bestämningarne
622 471 8 20 i
645 471 114 21 allmänna
770 472 63 26 lagen
843 474 79 19 röran-

275 506 25 20 de
316 506 52 25 dem,
384 512 45 14 som
444 507 44 19 rätt
504 505 36 21 till
555 505 52 21 börd
623 512 44 20 ega,
684 505 82 21 ändras
775 505 102 27 sålunda,
889 508 32 19 att

275 539 42 21 slik
331 541 45 19 rätt
392 538 129 22 tillkommer
536 539 75 21 endast
626 539 111 28 säljarens
752 538 54 22 barn
822 540 37 20 och
869 540 52 27 för-

276 574 84 21 äldrar.

344 607 46 27 2:0)
424 606 147 28 Oförändrad.

344 642 44 26 3:0)
417 640 77 28 Enligt
506 640 172 28 propositionen.

345 676 44 26 4:0)
422 674 149 28 Oförändrad.

452 737 191 21 Jordabalken.

505 790 15 20 3
534 788 59 28 Kap.

424 830 168 32 Örverskriften:

423 869 77 27 Enligt
512 869 171 27 propositionen.

526 928 13 19 1
554 927 21 26 $.

424 971 148 24 Oförändrad.

525 1030 16 19 2
551 1014 25 46 $.

428 1074 76 27 Enligt
516 1075 170 26 propositionen.

503 1139 14 19 4
533 1137 59 27 Kap.

523 1185 16 19 2
554 1184 21 26 $.

344 1222 64 27 Jord,
424 1222 40 21 hus
480 1222 37 21 och
533 1225 51 18 tomt
598 1222 9 21 i
621 1222 83 26 staden,
720 1228 44 15 som
778 1222 71 28 säljes,
865 1222 58 21 skall

278 1257 36 21 ock
337 1257 123 28 offentligen
482 1257 36 20 vid
540 1259 72 25 öppna
631 1257 86 25 dörrar,
733 1257 14 20 å
761 1256 114 27 Rådstuga
891 1259 32 18 tre

277 1292 123 27 måndagar
422 1291 130 28 uppbjudas,
571 1291 57 28 fyra
653 1291 72 20 veckor
748 1291 90 20 emellan
860 1291 63 21 hvart

278 1326 94 27 uppbud.
388 1326 76 20 Faller
478 1325 104 28 helgedag
597 1326 24 19 in
636 1326 14 19 å
665 1325 152 27 uppbudsdag;
834 1325 25 20 då
864 1325 60 27 full-

272 1360 68 28 följes
362 1360 89 27 uppbud
469 1362 65 19 nästa
548 1359 95 28 måndag
659 1359 98 27 derefter.
788 1359 101 21 Kommer
905 1360 20 27 ej

277 1394 92 21 klander
384 1395 14 20 å
413 1394 34 21 det
462 1394 48 27 köp,
526 1394 58 21 inom
593 1393 90 28 fjorton
698 1393 70 28 dagar
783 1393 62 27 ifrån
856 1393 68 28 tredje

278 1428 119 27 uppbudet;
413 1435 49 14 vare
477 1429 34 20 det
526 1428 29 21 dä
570 1427 129 29 lagståndet,
714 1427 37 21 och
761 1427 66 21 sedan
833 1428 92 27 friskil-

279 1463 46 27 ling
346 1462 73 27 gifven
434 1466 31 21 är,
482 1462 57 21 skall
554 1462 34 21 det
602 1462 48 21 med
664 1461 91 21 Rättens
765 1461 114 28 fastebref
890 1461 34 21 be-

277 1495 93 28 kräftas.
399 1496 30 27 Ej
444 1497 34 20 må
488 1496 114 27 fastebref
612 1495 96 28 utgifvas
723 1496 8 20 i
745 1495 83 26 staden,
839 1495 85 27 förrän
