1142 1786
233 159 35 17 454

210 225 23 22 $$
250 223 26 19 56
292 222 39 20 och
349 222 25 19 57
390 220 115 26 innehålla,
522 221 31 20 lof
566 221 70 20 dertill
653 221 66 20 under
734 221 69 20 vilkor
818 223 31 18 att
864 222 58 20 foran
935 222 28 19 el-

210 256 32 20 ler
265 256 86 20 fororna
372 255 84 26 åtföljas
478 255 23 20 af
521 255 133 27 förpassning
675 256 53 19 eller
748 256 60 20 bevis
824 256 96 20 deröfver
936 258 29 18 att

211 290 113 20 bränvinet
338 293 24 16 är
377 289 7 19 i
398 289 91 20 Finland
505 289 93 27 lagligen
614 289 129 29 tillverkadt.

560 348 10 22 s
587 346 33 20 60.

280 391 68 27 Afgär
368 391 88 20 bränvin
477 391 81 20 utöfver
573 391 73 20 femtio
661 391 83 20 kannor
760 392 45 19 frän
822 392 98 20 bränneri
937 392 27 20 el-

213 427 30 19 ler
259 426 69 20 fabrik
342 426 33 19 för
386 425 126 26 distillering
524 425 23 19 af
556 425 95 26 bränvin,
663 426 83 19 anmäle
757 426 125 20 afsändaren
895 426 70 20 derom

212 461 38 19 hos
266 460 125 20 Stadsfiskal
408 460 52 19 eller
476 459 174 26 Kronolänsman,
666 466 43 13 som
727 459 27 26 pä
769 460 68 26 grund
853 460 22 20 af
888 460 78 20 tillver-

212 495 78 20 karens
305 494 89 26 utgifna,
410 501 24 12 ur
449 494 177 25 kontrollängden
643 494 105 26 utklippta
764 493 59 20 bevis
838 496 30 18 att
884 490 83 24 bränvi-

213 530 37 18 net
270 531 22 17 är
312 528 23 20 af
353 528 77 20 honom
447 528 12 19 &
474 527 110 27 uppgifvet
599 527 61 20 ställe
675 527 124 20 tillverkadt
815 528 50 19 eller
881 528 86 20 distille-

213 563 53 26 radt,
286 563 94 20 utfärdar
396 562 141 27 förpassning,
553 561 150 20 innehållande
719 562 136 20 afsändarens
871 562 39 20 och
927 562 40 20 den

213 597 119 21 forslandes
352 603 62 13 namn
434 596 40 20 och
489 596 97 26 hemvist,
602 596 122 20 bränvinets
741 596 76 26 belopp
833 596 39 19 och
888 596 80 26 styrka,

214 633 55 18 samt
291 633 60 18 orten
372 630 30 20 dit
422 630 36 20 det
473 630 81 26 forslas,
569 630 108 20 äfvensom
694 630 88 26 lämplig
797 630 36 26 tid,
849 630 118 20 hvarunder

215 665 162 26 förpassningen
393 667 23 17 är
432 664 104 26 gällande.
566 664 41 20 Vid
624 664 88 26 forsling
727 664 24 19 af
763 664 72 20 femtio
846 664 81 20 kannor
939 665 28 19 el-

215 699 31 20 ler
268 699 105 19 derunder
393 698 34 20 mä
447 705 71 19 varan,
534 698 6 20 i
557 698 70 20 stället
646 698 31 20 för
693 698 140 26 förpassning,
849 698 83 26 åtföljas
947 699 23 19 af

215 735 31 18 ett
261 733 60 20 bevis
336 732 53 20 ifrän
407 732 223 20 bränvinstillverkare
646 732 52 20 eller
709 732 218 27 distilleringsidkare,
939 735 29 17 ut-

216 767 69 26 klippt
300 767 45 19 frän
362 767 40 19 den
420 766 155 26 kontrollängd,
591 766 95 25 hvilken,
702 766 159 26 genomdragen
877 766 39 20 och
927 767 40 19 för-

216 801 52 20 sedd
284 801 48 19 med
348 800 138 26 Kontrollörs,
502 800 135 20 Stadsfiskals
653 800 52 20 eller
717 800 178 20 Kronolänsmans
906 802 62 25 sigill,

216 836 60 19 desse
300 838 36 16 äro
355 834 89 27 pligtige
466 837 35 23 att,
517 835 6 19 i
540 834 94 26 enlighet
651 834 46 20 med
714 834 107 26 formulär,
836 841 44 13 som
896 835 23 19 af
932 831 35 23 Öf-

216 868 183 21 verkontrollören
416 869 6 19 i
438 869 58 19 länet
518 868 119 26 fastställes,
657 868 45 20 föra
721 868 60 20 öfver
797 868 26 20 de
838 868 53 20 ifrän
908 869 60 19 deras

215 903 142 26 inrättningar
376 902 105 26 utgäende
497 902 167 26 tillverkningar,
681 902 39 20 och
736 901 73 20 hvilka
825 902 142 27 kontrolläng-

216 936 38 20 der
268 936 74 26 hvarje
358 936 114 26 fjerdedels
483 936 22 19 är
517 936 56 25 böra,
584 935 133 27 pätecknade
728 935 23 20 af
759 935 128 27 Kontrollör,
899 936 69 20 Stads-

216 970 61 20 fiskal
301 970 52 20 eller
376 970 168 19 Kronolänsman
565 970 23 19 af
605 970 159 19 vederbörande
780 969 121 21 tillverkare
917 970 52 20 eller

216 1004 214 26 distilleringsidkare
454 1004 30 19 till
502 1004 161 26 Länestyrelsen
684 1004 107 19 insändas.
821 1004 67 26 Afgär
909 1005 59 19 brän-

217 1039 35 19 vin
275 1038 46 19 frän
343 1037 277 27 minutförsäljningsställen
641 1038 32 19 till
689 1038 77 26 belopp
782 1038 82 20 utöfver
879 1039 35 19 tvä
929 1039 40 20 och

217 1079 25 13 en
266 1072 46 19 half
332 1071 78 26 kanna,
430 1071 54 20 skall
504 1072 71 19 derom
595 1071 95 20 anmälas
706 1072 7 19 i
728 1072 45 19 stad
791 1072 37 20 hos
844 1071 126 21 Stadsfiskal

217 1106 39 20 och
279 1105 27 27 pä
328 1105 73 20 landet
423 1105 37 20 hos
482 1105 157 20 vederbörande
660 1105 175 27 Kronolänsman,
856 1113 43 13 som
916 1107 53 19 efter

216 1139 110 20 inhemtad
349 1139 129 26 upplysning
501 1142 30 17 att
550 1139 111 20 bränvinet
681 1143 22 16 är
724 1140 45 20 frän
786 1141 109 26 uppgifvet
911 1141 59 19 ställe

216 1174 108 26 afgänget,
348 1173 51 20 derä
421 1173 93 20 utfärdar
534 1173 64 20 sädan
619 1173 135 27 förpassning
770 1181 43 13 som
831 1175 62 19 ofvan
910 1175 61 25 sagdt

217 1210 29 17 är.
275 1208 61 19 Inom
359 1214 81 13 samma
463 1207 44 20 stad
532 1207 51 20 eller
603 1207 79 20 socken
702 1208 63 20 hafve
781 1208 121 20 tillverkare
918 1208 52 20 eller

217 1241 213 27 distilleringsidkare
453 1241 32 20 lof
501 1243 29 18 att
550 1241 31 20 till
597 1241 69 21 fabrik
682 1241 32 20 för
730 1242 137 27 tillverkning
883 1243 23 19 af
919 1243 52 26 sprit

217 1275 39 20 och
272 1275 110 20 förädlade
398 1275 115 26 spritvaror
528 1275 109 20 äfvensom
654 1276 31 19 till
701 1276 26 19 de
743 1276 82 25 ställen,
840 1277 85 19 hvarest
935 1277 34 20 de-

216 1316 34 13 ras
266 1309 162 26 tillverkningar
443 1309 67 20 hällas
526 1309 30 20 till
572 1310 51 25 salu,
639 1312 49 17 utan
700 1310 135 27 förpassning
845 1310 64 20 forsla
917 1311 53 25 jem-

217 1344 34 19 väl
267 1343 83 20 utöfver
365 1343 73 20 femtio
454 1343 89 27 kannor,
560 1344 74 20 endast
650 1351 64 13 varan
725 1344 83 26 ätföljes
819 1345 22 19 af
850 1344 75 20 sädant
935 1345 35 19 be-

218 1378 31 19 vis
270 1383 43 14 som
330 1377 38 20 här
384 1377 63 20 ofvan
463 1380 23 17 är
502 1377 140 21 föreskrifvet.
672 1379 41 19 För
729 1379 73 25 hvarje
817 1378 96 20 utfärdad
929 1379 41 19 för-

217 1411 101 26 passning
337 1418 39 19 ege
395 1411 125 20 Stadsfiskal
536 1412 51 19 eller
603 1412 168 20 Kronolänsman
789 1412 94 26 uppbära
897 1415 73 17 ersätt-

218 1446 50 26 ning
283 1446 6 19 i
306 1447 30 18 ett
351 1446 32 19 för
398 1446 38 19 allt
451 1446 47 19 med
515 1453 25 13 en
558 1446 65 19 mark.

287 1480 81 18 Varder
385 1480 222 20 bränvinstillverkare
623 1481 124 25 öfvertygad
764 1483 31 17 att
810 1481 62 19 hafva
883 1481 6 19 i
901 1481 68 26 någon
