1142 1786
877 169 34 18 509

181 232 32 18 sta
232 231 46 19 från
295 231 39 20 och
351 231 47 20 med
414 231 40 19 den
474 231 23 19 15
512 231 87 19 Januari
615 231 90 20 klockan
722 231 41 20 tolf
776 232 86 26 middag
877 233 55 20 intill

182 265 41 20 den
239 265 27 20 15
282 265 40 26 Maj
339 271 80 14 samma
435 265 29 20 tid
480 265 39 20 och
536 265 39 20 den
591 265 66 20 andra
671 265 46 20 från
733 266 39 19 och
789 266 47 20 med
853 267 40 19 den
907 268 24 19 15

181 298 95 20 Oktober
295 299 90 19 klockan
402 299 40 19 tolf
456 299 85 26 middag
557 299 30 19 till
604 305 80 13 samma
699 299 29 19 tid
745 300 39 19 den
802 300 25 20 15
843 300 88 20 Decem-

182 333 36 19 ber
234 335 53 17 samt
303 335 35 23 att,
357 333 3 19 i
376 332 96 27 enlighet
487 333 47 19 med
551 333 39 19 den
607 333 83 26 Nådiga
699 334 159 25 propositionen
869 334 8 19 i
887 337 45 17 äm-

181 368 41 24 net,
247 367 177 26 mäskberedning
448 368 18 25 ej
487 367 55 26 finge
563 368 98 19 anställas
681 368 45 19 från
743 368 90 20 klockan
851 375 37 13 sex
905 369 26 26 på

180 401 86 19 aftonen
286 403 46 17 näst
351 401 44 19 före
411 404 47 16 sön-
474 401 52 19 eller
542 401 103 27 helgedag
660 402 32 19 till
708 402 47 20 dess
771 402 102 20 sabbaten
890 403 41 20 för-

182 434 45 20 lidit
243 441 33 13 om
293 435 85 20 aftonen
395 435 92 19 klockan
504 436 40 19 nio.

248 468 137 21 Hedervärda
404 469 159 19 Bondeståndet
578 469 37 20 har
627 470 80 25 jemväl
725 469 84 21 beslutit
824 473 30 17 att
870 471 61 20 brän-

182 503 252 26 vinstillverkningstiden
454 503 48 20 icke
522 503 56 26 finge
599 504 116 19 utsträckas
731 504 58 20 öfver
805 511 39 13 sex
860 505 70 19 måna-

181 538 43 23 der,
241 537 121 20 beräknade
378 537 44 19 från
440 538 39 18 den
496 538 13 19 2
524 537 86 19 Januari
625 538 31 19 till
672 538 40 19 den
731 539 24 19 15
772 538 40 26 Maj
829 539 39 19 och
885 539 44 19 från

181 572 40 19 den
240 573 24 18 15
280 572 119 19 November
414 572 54 19 intill
484 572 41 19 den
541 572 24 19 31
578 572 127 25 December;
716 573 39 19 och
767 579 44 14 som
823 575 30 18 tre
865 573 65 20 Stånd

181 605 81 20 således
278 605 95 26 godkänt
388 605 118 20 Utskottets
522 606 79 26 förslag
616 606 109 26 angående
741 607 57 19 tiden
815 607 32 19 för
861 608 70 19 mäsk-

182 640 116 26 beredning
318 642 53 17 samt
386 640 35 19 två
437 640 64 20 Stånd
518 641 81 19 förenat
613 641 32 25 sig
661 647 34 13 om
712 641 40 19 den
768 641 5 19 i
790 641 41 20 den
847 641 83 27 Nådiga

180 674 158 26 propositionen
358 674 120 26 föreslagna
499 675 39 19 och
554 675 22 19 af
589 674 108 20 Utskottet
711 675 112 19 förordade
838 675 92 27 förläng-

181 708 51 26 ning
252 708 23 20 af
288 708 207 26 tillverkningstiden
512 708 31 20 till
560 709 29 25 sju
606 708 107 26 månader,
730 709 23 19 så
767 716 62 13 anser
844 709 85 20 Utskot-

180 744 30 18 tet
233 742 32 26 sig
287 742 47 19 med
355 742 101 20 afseende
476 742 50 20 derå
541 744 30 18 att
586 743 136 26 Högvördiga
737 743 80 20 Preste-
834 744 39 19 och
889 744 41 19 He-

181 776 103 20 dervärda
299 776 162 20 Bondestånden
475 777 80 25 jemväl
571 778 32 25 sig
619 777 90 19 emellan
721 779 82 18 stannat
814 778 7 18 i
832 777 23 20 så
866 777 64 20 måtto

180 810 58 20 olika
254 810 72 25 beslut,
342 812 30 18 att
388 810 26 20 de
430 810 102 20 beräknat
546 811 277 27 tillverkningsterminerna
834 812 45 19 från
891 811 39 20 och

180 844 31 20 till
227 844 57 20 olika
299 844 61 26 tider,
375 845 108 19 vördsamt
498 845 52 20 böra
564 845 87 25 inbjuda
667 846 91 19 nämnda
773 848 79 17 tvänne
864 845 65 21 Stånd

284 880 32 18 att
331 878 47 20 med
388 878 140 27 frångående
543 878 29 28 af
582 879 49 20 sina
647 879 68 20 beslut
725 880 8 19 i
744 879 70 20 denna
830 879 34 20 del
879 880 51 26 god-

282 911 74 22 känna
375 912 115 21 Utskottets
505 912 86 28 förslag
607 913 34 20 till
656 912 172 28 ifrågavarande
842 913 21 27 $.

248 947 136 26 Högvördiga
399 947 81 20 Preste-
496 947 39 20 och
550 947 112 26 Vällofliga
673 947 182 26 Borgarestånden
866 947 63 20 hafva

179 981 7 19 i
202 981 64 26 öfrigt
280 981 94 26 godkänt
390 981 11 19 6
418 983 9 22 $
443 981 7 19 i
465 981 117 20 Utskottets
598 981 141 26 betänkande,
755 984 56 17 utom
826 982 55 19 hvad
893 989 36 12 an-

181 1015 37 26 går
234 1015 41 19 den
290 1015 50 19 sista
357 1015 120 26 meningen,
494 1015 87 20 hvilken
593 1016 90 26 antagits
695 1016 6 19 i
712 1015 217 21 öfverensstämmelse

181 1049 48 20 med
245 1049 39 19 den
300 1049 83 26 Nådiga
398 1049 165 26 propositionen,
580 1049 36 20 der
631 1049 64 27 sagde
707 1050 83 26 mening
800 1050 70 26 börjas
883 1050 45 20 med

179 1083 75 19 orden:
271 1076 33 27 ”Å
320 1082 97 27 lägenhet
433 1083 98 27 tillhörig
546 1085 71 25 någon
631 1083 28 27 af
660 1083 145 26 förenämnde
813 1085 116 26 personer”

180 1123 17 14 0.
215 1123 15 13 s.
247 1124 19 12 v.
282 1117 114 26 hvarjemte
413 1117 149 20 förstbemälde
577 1117 63 20 Stånd
658 1118 93 19 uteslutit
765 1119 60 19 ordet
839 1119 90 19 ”ofvan”

179 1151 85 20 framför
287 1151 65 20 orden
375 1151 115 20 ”fastställd
514 1152 75 25 skatt”,
613 1152 33 19 vid
667 1152 60 27 fråga
746 1159 32 13 om
795 1153 133 20 tillverkares

179 1185 122 25 skyldighet
316 1187 30 17 att
361 1185 31 20 för
407 1186 113 19 tillverkad
537 1192 49 13 vara
601 1186 31 19 till
649 1186 80 20 kronan
745 1186 87 26 erlägga
847 1186 61 20 skatt.

247 1220 59 19 Hvad
329 1220 51 19 först
400 1220 132 20 vidkommer
553 1220 90 20 nämnda
659 1220 23 20 af
695 1220 136 27 Högvördiga
847 1221 80 20 Preste-

178 1253 82 20 ståndet
283 1254 105 19 uteslutna
410 1255 38 18 ord
468 1254 95 25 ”ofvan”,
583 1255 23 19 sä
625 1255 39 20 och
681 1255 26 19 dä
723 1255 57 20 detta
797 1255 67 20 beslut
879 1256 48 20 icke

179 1288 68 19 blifvit
262 1288 23 19 af
298 1288 64 27 nägot
376 1291 64 17 annat
456 1288 64 20 Ständ
538 1289 129 26 understödt,
679 1289 59 20 torde
749 1289 116 21 detsamma
877 1290 50 19 böra

178 1322 92 25 förfalla;
286 1329 46 13 men
349 1329 44 13 som
409 1323 35 19 tvä
460 1321 66 22 Ständ
541 1323 94 26 godkänt
650 1323 50 20 sista
716 1324 113 26 meningen
845 1324 22 19 af
879 1324 48 19 ifrä-

177 1356 120 27 gavarande
316 1358 16 24 $,
352 1356 64 20 sädan
440 1357 40 20 den
502 1357 60 26 ingär
579 1358 6 19 i
601 1357 40 20 den
662 1357 83 27 Nädiga
760 1358 167 26 propositionen,

178 1391 23 19 sä
220 1391 31 19 får
270 1390 107 21 Utskottet
396 1391 152 20 vördsammast
563 1391 86 26 inbjuda
664 1392 121 26 Höglofliga
799 1392 127 21 Ridderska-

178 1427 35 24 pet
228 1425 40 20 och
284 1425 67 20 Adeln
368 1427 54 18 samt
437 1425 136 20 Hedervärda
588 1425 157 20 Bondeständet

278 1461 33 18 att
324 1458 83 27 förena
426 1459 34 27 sig
478 1466 32 13 om
526 1459 34 21 det
575 1459 29 28 af
614 1459 87 22 Preste-
716 1459 37 22 och
768 1459 159 28 Borgarestän-

279 1492 40 20 den
333 1492 9 20 i
356 1492 72 22 denna
443 1493 35 21 del
488 1489 95 31 fattade
593 1493 73 21 beslut.
