1142 1786
249 159 35 17 494

229 223 56 20 detal
302 223 23 19 af
338 222 104 25 arbetare,
457 221 73 20 hvilka
546 221 47 20 med
609 223 90 24 yttersta
717 222 153 27 ansträngning
893 222 24 20 af
937 221 46 20 sina

228 257 80 20 krafter
330 256 67 20 under
420 255 108 20 vårfloden
544 255 6 20 i
566 257 109 18 motström
698 256 65 20 måste
779 257 124 19 framskaffa
917 259 67 24 tunga

228 291 61 20 båtar
304 291 59 19 tiotal
379 290 37 19 mil
431 290 60 25 längs
506 290 93 19 elfvarne
616 290 30 19 till
663 290 188 26 guldvaskerierne
867 291 35 19 vid
916 290 66 25 Ivalo,

228 325 74 20 hvilka
317 324 21 20 få
353 324 58 19 hvila
427 323 65 20 under
508 323 38 20 bar
561 323 86 20 himmel
666 324 76 20 medan
767 324 93 20 rimfrost
882 324 101 20 betäcker

228 359 89 20 marken
340 358 40 20 och
404 357 72 20 hvilka
500 357 65 20 måste
589 357 71 27 åtnöja
678 358 32 26 sig
730 358 46 20 med
793 365 25 13 en
835 358 62 27 högst
913 358 70 26 tarflig

228 393 56 25 föda,
300 392 62 20 skola
377 391 72 27 afsäga
465 392 31 26 sig
511 391 38 20 allt
564 391 53 20 bruk
633 392 23 20 af
669 392 95 20 bränvin.

297 427 41 19 Det
354 428 22 18 är
392 425 124 27 visserligen
533 427 68 24 sannt,
617 428 30 17 att
661 426 108 26 Styrelsen
790 426 71 20 tillåtit
881 429 101 23 antagan-

229 462 36 20 det
280 462 23 19 af
317 460 156 20 marketentare
496 460 34 19 vid
554 460 188 26 guldvaskerierna
764 461 47 19 med
831 460 101 27 rättighet
946 462 36 24 att,

228 496 65 20 bland
308 497 71 23 annat,
395 493 161 21 tillhandahålla
571 494 46 20 sina
633 494 81 20 kunder
730 495 87 19 bränvin
839 496 67 25 jemte
929 497 53 23 mat;

230 537 48 13 men
294 529 86 20 härmed
396 531 23 17 är
435 528 54 20 dock
505 528 47 20 icke
568 528 87 26 mycket
674 532 84 21 vunnet,
783 529 88 20 emedan
895 529 86 27 guldva-

228 564 110 20 skerierna
353 566 36 17 äro
406 562 85 27 spridda
506 562 27 26 på
548 569 26 13 en
594 563 83 20 sträcka
700 564 23 19 af
744 563 51 20 flere
818 563 43 26 mil,
885 563 97 20 hvarföre

227 598 125 20 arbetarene
369 596 75 20 endast
459 596 65 20 sällan
542 596 71 20 kunna
629 596 85 26 begifva
728 598 33 26 sig
776 598 29 19 till
830 598 39 19 den
893 597 88 26 aflägset

227 632 83 20 boende
327 631 177 20 marketentaren.

296 664 158 22 Instämmande
470 665 6 18 i
492 664 54 20 hvad
569 664 89 20 sålunda
681 665 68 20 blifvit
769 666 90 25 anfördt,
886 666 36 19 har
944 665 36 20 Ut-

227 701 80 19 skottet
330 701 68 19 ansett
420 698 161 26 ifrågavarande
602 698 74 20 förbud
693 701 42 17 mot
750 699 86 20 införsel
852 700 23 19 af
892 699 86 20 bränvin

227 735 31 19 till
274 733 146 27 Lappmarken
437 733 51 19 böra
503 732 116 26 upphäfvas
635 732 38 20 och
691 733 25 19 de
732 733 71 20 derom
819 734 6 18 i
842 733 138 20 förevarande

226 769 79 25 förslag
320 768 88 26 intagna
423 766 131 26 stadganden
569 766 106 20 uteslutas.

296 802 32 20 Då
344 802 41 20 den
401 801 73 25 ättika,
491 807 44 13 som
551 801 6 19 i
573 798 72 22 landet
660 800 116 26 förbrukas,
795 802 32 19 till
847 804 76 17 största
945 802 34 19 de-

228 838 34 19 len
278 837 125 25 importeras
420 835 45 19 från
481 834 160 26 Kejsaredömet
656 835 111 26 Ryssland,
787 836 75 19 medan
885 836 40 19 den
949 836 30 18 in-

227 870 89 20 hemska
331 869 157 21 fabrikationen
504 869 74 19 endast
593 869 31 19 till
640 876 26 12 en
682 869 61 26 ringa
758 870 34 19 del
808 870 61 25 fyller
880 869 100 20 behofvet

226 905 24 19 af
263 905 71 19 denna
348 909 57 20 vara,
422 906 54 16 samt
486 902 107 20 Utskottet
608 905 69 17 ansett
691 903 90 20 orsaken
798 903 68 20 dertill
883 903 50 20 böra
947 906 31 16 sö-

226 939 39 19 kas
281 938 53 25 deri,
349 940 31 17 att
395 936 155 20 fabrikationen
566 936 57 19 inom
641 937 71 19 landet
727 937 92 20 hämmas
841 937 24 20 af
885 937 93 20 tillverk-

226 972 148 26 ningsskatten
390 971 12 19 &
419 970 117 25 bränvinet,
552 970 75 20 hvaraf
640 970 80 20 ättikan
737 971 31 19 för
784 971 35 20 det
835 973 66 18 mesta
921 971 57 20 bere-

226 1007 44 25 des,
286 1006 38 19 har
339 1005 115 25 Utskottet,
470 1004 32 20 för
517 1006 30 17 att
562 1005 126 26 möjliggöra
707 1004 157 21 konkurrensen
886 1005 46 20 med
949 1007 29 17 ut-

226 1040 78 25 landet,
328 1041 50 18 trott
402 1038 45 20 skäl
471 1038 112 20 förefinnas
605 1041 31 17 att
659 1039 103 26 berättiga
780 1039 198 20 ättiksfabrikanten

226 1076 30 18 att
272 1073 68 21 återfå
355 1073 83 20 skatten
455 1073 31 19 för
502 1072 36 20 det
554 1072 95 26 bränvin,
664 1072 75 20 hvaraf
752 1073 41 20 han
810 1073 115 26 bevisligen
938 1073 40 19 till-

225 1108 47 19 redt
287 1108 73 25 ättika,
375 1108 7 19 i
398 1107 82 19 hvilket
495 1107 99 20 afseende
609 1107 108 20 Utskottet
732 1107 105 20 vördsamt
853 1107 31 20 fär
900 1107 30 19 till
941 1113 36 13 an-

227 1142 91 27 tagande
335 1141 79 20 föreslä
429 1141 35 20 det
480 1141 31 19 till
532 1143 4 22 $
554 1141 25 20 62
595 1141 72 20 derom
683 1141 88 26 tillagda
786 1141 123 26 stadgande.

294 1177 9 18 I
319 1178 10 22 $
345 1176 25 19 66
387 1175 91 25 stadgas,
503 1175 62 19 bland
580 1177 71 23 annat,
673 1177 30 17 att
723 1175 48 25 den,
787 1181 43 13 som
850 1175 128 25 underlyder

225 1216 81 14 annans
322 1208 180 26 husbondevälde,
519 1216 46 12 men
582 1209 32 26 sig
629 1209 50 26 sjelf
692 1209 121 25 kosthäller,
833 1208 74 20 endast
930 1208 47 20 med

224 1244 137 21 husbondens
386 1243 110 26 samtycke
518 1246 23 17 är
564 1243 118 26 berättigad
703 1245 30 18 att
749 1243 114 20 innehafva
878 1243 101 25 bränvin;

225 1285 48 14 men
290 1285 44 13 som
358 1278 58 19 detta
438 1277 117 26 stadgande
570 1284 63 19 synes
649 1277 108 20 Utskottet
775 1277 90 26 obilligt,
888 1277 89 20 emedan

225 1319 102 20 personer
350 1311 47 20 med
421 1313 49 24 eget
486 1311 81 20 hushäll
583 1312 44 19 ofta
642 1311 85 20 komma
742 1312 6 19 i
766 1311 64 20 behof
843 1312 23 19 af
883 1311 96 26 bränvin,

226 1347 32 19 för
281 1348 30 18 ett
334 1346 51 19 eller
408 1347 65 18 annat
496 1345 103 26 ändamäl,
620 1346 39 19 och
680 1346 36 19 det
736 1346 31 19 för
782 1347 30 18 att
827 1345 152 20 tillfredsställa

224 1381 59 19 detta
306 1379 66 20 behof
396 1379 89 25 mängen
509 1379 56 26 gäng
581 1379 71 20 kunde
669 1379 64 20 blifva
748 1379 57 20 svärt
820 1379 31 20 för
869 1379 48 26 den,
933 1386 43 13 som

224 1415 42 19 stär
290 1413 66 20 under
379 1419 81 13 annans
476 1413 178 26 husbondevälde,
671 1415 30 18 att
715 1413 100 20 förskaffa
831 1413 31 26 sig
881 1413 36 20 det
931 1413 46 20 der-

222 1449 31 19 till
270 1447 140 26 erforderliga
425 1447 101 24 tillstånd,
542 1454 61 13 anser
617 1447 109 20 Utskottet
741 1449 30 18 att
786 1447 126 26 stadgandet
931 1447 44 20 der-
