1142 1786
873 163 34 18 539

569 225 16 26 $
603 225 34 20 15.

347 269 43 21 Det
404 270 38 20 vid
458 269 123 21 bränneriet
596 269 31 28 af
637 270 149 22 kontrollören
791 271 74 27 förda
877 279 53 20 pro-

280 303 67 21 tokoll
369 304 70 27 ligger
462 304 35 20 till
511 304 74 27 grund
602 303 42 27 för
666 304 97 22 skattens
781 306 148 27 erläggande;

280 338 39 20 och
335 337 96 21 drabbar
446 337 141 21 tillverkaren
603 338 83 21 således
697 339 41 20 allt
749 340 121 25 undermål,
885 347 45 14 som

280 371 30 27 af
321 378 26 14 en
363 372 53 20 eller
438 378 74 14 annan
534 372 65 20 orsak
622 372 43 20 kan
683 374 80 26 uppstå
781 374 33 20 uti
830 373 98 26 bränvin,

280 406 68 20 insatt
362 406 14 20 å
391 406 110 27 nederlag,
522 406 104 26 hvarföre
649 406 126 21 tillverkare
797 407 72 27 äfven,
888 407 43 27 för

280 440 122 20 utrönande
418 440 30 26 af
460 440 97 27 läkning,
573 447 27 13 m.
616 447 33 18 m.,
666 440 70 21 under
751 441 117 21 enahanda
887 448 43 14 om-

278 474 66 27 gång,
360 480 44 14 som
419 474 37 20 vid
480 473 102 21 bränvins
605 474 123 28 uttagning,
746 482 55 20 eger,
825 477 43 19 när
886 475 45 21 han

280 508 37 20 det
332 507 73 26 äskar,
422 508 99 20 tillträde
537 508 35 20 till
587 508 213 28 nederlagsrummet.

568 559 15 28 $
599 560 34 20 16.

354 604 86 21 Varder
462 604 104 20 bränneri
588 611 76 21 genom
685 605 80 21 vådeld
791 606 53 20 eller
862 608 69 18 annat

282 638 120 28 olycksfall
412 638 120 27 förstördt,
548 638 35 20 må
599 638 125 21 tillverkare
741 639 90 28 beviljas
843 640 88 27 befriel-

282 680 22 13 se
316 672 58 28 från
390 673 142 27 erläggandet
548 672 30 27 af
587 672 86 21 skatten
683 673 43 27 för
742 674 41 20 den
799 674 35 20 del
850 674 30 26 af
896 674 35 21 det

282 713 76 21 genom
380 706 103 22 kontrakt
500 706 136 27 fastställda
662 706 75 28 belopp
765 707 98 26 bränvin,
887 715 44 14 som

282 741 71 21 skolat
367 748 48 13 men
430 741 22 27 ej
466 740 84 22 kunnat
565 740 112 22 tillverkas
688 741 69 21 under
768 742 41 20 den
820 742 34 20 tid
868 742 64 21 brän-

282 776 69 20 neriet
366 774 74 28 blifvit
454 782 76 20 genom
545 774 139 29 olycksfallet
699 776 8 19 i
723 775 148 21 overksamhet
881 776 51 27 för-

282 812 51 18 satt.
365 809 38 21 Om
418 809 71 21 sådan
505 809 101 27 befrielse
621 808 58 22 skall
697 809 128 28 ansökning,
847 810 86 27 åtföljd

282 844 31 26 af
324 843 131 21 kontrollörs
471 844 61 27 intyg
548 842 61 28 öfver
619 843 156 27 förhållandet
789 846 56 18 samt
857 846 76 26 proto-

284 878 45 20 koll
344 878 62 26 öfver
420 878 38 20 vid
474 878 92 20 domstol
581 878 53 20 eller
649 884 74 14 annan
738 878 145 27 myndighet
874 874 10 35 i
899 885 34 14 or-

284 914 35 18 ten
334 911 68 21 skedd
424 911 169 28 undersökning,
612 911 42 27 för
668 912 122 21 utrönande
805 912 31 27 af
851 912 82 28 olycks-

284 945 130 21 händelsens
431 945 105 21 tillkomst
551 945 38 21 och
600 945 115 28 förloppet
730 946 83 25 dervid,
834 946 99 28 ingifvas

285 980 35 20 till
335 979 173 28 Länestyrelsen,
525 979 87 21 hvilken
627 980 8 20 i
653 980 90 20 ärendet
765 980 114 21 meddelar
900 982 34 19 ut-

283 1014 55 27 slag,
355 1013 47 21 deri
417 1013 97 28 ändring
524 1013 43 28 får
582 1013 64 21 sökas
661 1014 8 20 i
685 1014 51 27 laga
752 1014 101 28 ordning.

573 1065 16 27 $
603 1065 35 21 17.

353 1110 142 27 Distillering
511 1110 30 27 af
553 1110 92 21 bränvin
660 1117 36 20 ege
707 1110 48 25 den,
767 1117 44 14 som
823 1111 35 20 till
869 1110 65 21 brän-

285 1144 190 27 vinstillverkning
498 1143 124 28 berättigad
644 1146 32 23 är,
699 1146 54 19 utan
780 1144 59 21 skild
861 1145 72 27 afgift

285 1178 101 26 bedrifva
401 1178 9 20 i
425 1177 109 25 bränneri,
558 1179 57 19 inom
637 1178 42 20 den
700 1179 9 19 i
727 1179 15 26 $
756 1179 14 19 4
792 1181 84 18 utsatta
899 1178 33 21 tid

285 1212 39 20 och
338 1212 70 20 under
424 1212 76 27 tillsyn
516 1212 30 27 af
556 1212 126 24 kontrollör,
699 1212 54 20 dock
771 1212 46 21 icke
832 1212 55 27 förr
905 1215 29 18 än

286 1246 140 28 tillverkning
449 1247 30 26 af
495 1246 92 21 bränvin
609 1246 112 21 derstädes
736 1247 95 27 upphört
849 1247 38 20 och
903 1247 32 20 all

286 1281 79 20 beredd
379 1280 61 21 mäsk
456 1280 74 27 blifvit
548 1280 133 27 förbrukad.
718 1280 45 21 Vill
785 1281 149 21 bränvinstill-

285 1314 89 21 verkare
390 1315 8 20 i
414 1314 78 27 början
514 1314 31 27 af
563 1315 66 27 sagde
653 1315 33 20 tid
701 1315 39 20 och
755 1316 68 20 innan
838 1315 96 21 mäskbe-

285 1349 93 27 redning
394 1349 8 20 i
418 1349 104 20 bränneri
537 1349 100 28 vidtagit,
661 1349 133 28 distillering
817 1349 59 26 idka,
899 1350 36 20 må

286 1383 130 28 begifvande
432 1383 75 21 dertill
523 1383 80 21 lemnas
619 1383 30 27 af
658 1383 127 25 kontrollör,
801 1383 87 21 hvilken
899 1384 36 21 det

287 1417 85 28 åligger
388 1417 58 20 tillse
461 1419 33 19 att
508 1417 122 28 redskapen
645 1417 70 21 under
733 1417 60 21 tiden
813 1418 22 27 ej
857 1417 77 28 begag-

286 1458 40 14 nas
344 1451 42 27 för
405 1454 69 18 annat
494 1451 110 21 ändamål.
638 1451 67 21 Hvad
723 1452 9 20 i
750 1452 15 27 $
779 1452 14 20 4
811 1451 74 27 blifvit
901 1451 33 22 be-

287 1485 111 27 träffande
429 1485 250 28 bränvinstillverkning,
709 1485 105 28 stadgadt
838 1486 95 20 rörande
