1142 1786
861 171 34 18 249

172 237 146 20 beskaffenhet
341 237 48 19 then
413 243 51 12 vara
487 236 40 25 må,
550 236 39 19 och
608 235 42 20 alla
665 236 65 20 andre
747 236 60 25 brott,
824 235 97 21 hvarföre

172 271 18 26 ej
208 271 40 20 kan
265 271 59 20 bötas
340 270 46 20 med
403 269 139 27 penningar.”

240 305 62 19 Detta
317 304 117 27 stadgande
450 304 6 19 i
474 304 53 20 1779
544 304 32 20 års
592 304 129 26 förordning,
737 306 30 18 att
782 304 57 20 såväl
859 304 62 20 måls-

172 339 82 27 egande
278 345 44 13 som
348 338 76 20 allmän
455 338 107 26 åklagare,
589 345 76 20 genom
691 338 143 20 försummelse
857 338 6 20 i
887 339 35 19 två

172 374 23 19 år
218 375 29 17 att
270 373 55 19 åtala
347 373 56 19 vissa
426 372 82 20 mindre
532 372 142 26 förbrytelser,
695 372 76 20 förlora
789 372 28 20 all
837 375 41 17 rätt
893 374 30 18 att

173 407 72 20 ”öfver
268 407 39 20 den
331 407 104 19 förmenta
458 406 138 26 förbrytelsen
617 406 84 26 klaga”,
722 406 73 20 uttalar
811 406 48 20 icke
875 407 46 26 tyd-

173 442 45 25 ligt,
241 441 101 20 huruvida
357 441 6 19 i
379 440 75 20 sådant
476 440 36 20 fall
536 440 73 20 förlust
631 440 23 20 af
668 440 55 20 talan
739 443 22 17 är
777 442 29 18 att
824 440 98 20 hänföras

173 476 89 20 allenast
282 476 30 19 till
328 475 70 26 åtalet,
422 475 52 20 eller
492 474 66 20 också
577 475 33 19 till
627 474 146 27 målsegandes
788 475 91 26 anspråk
896 476 27 25 på

173 510 134 20 skadestånd.
337 510 77 25 Ehuru,
430 509 7 19 i
453 509 51 25 följd
521 509 66 25 häraf,
613 509 40 19 den
669 508 54 27 åsigt
739 509 34 20 vid
791 509 131 27 lagskipnin-

172 550 40 21 gen
229 544 56 20 inom
301 544 72 19 landet
387 543 126 20 allmännast
529 543 54 19 lärer
601 542 141 27 förekommit,
765 545 29 18 att
817 543 105 20 kriminell

174 578 140 26 preskription
330 577 88 20 uteslöte
434 577 38 20 och
489 577 82 19 afbröte
587 577 26 19 all
630 577 71 19 vidare
718 577 157 27 undersökning
889 585 32 12 om

176 612 82 25 brottet,
282 612 38 20 och
343 614 30 17 att
388 612 6 18 i
410 611 50 26 följd
486 610 61 20 deraf
568 610 145 27 målsegandes
737 614 40 17 rätt
795 612 31 19 till
848 612 73 20 skade-

174 646 60 20 stånd
248 646 79 26 jemväl
344 645 89 26 förfölle,
450 645 62 19 hafva
528 645 141 26 meningarne
682 646 71 19 härom
765 646 82 20 ändock
860 646 61 20 bland

175 680 110 20 rättslärde
301 680 38 20 och
355 679 121 27 lagskipare
493 679 52 19 varit
562 679 81 26 delade,
659 680 23 19 så
697 681 29 18 att
741 680 61 20 äfven
820 680 40 20 den
880 687 42 13 me-

175 714 49 26 ning
247 714 67 19 funnit
337 714 124 25 försvarare,
484 715 31 17 att
538 713 89 19 berörda
645 714 122 25 förordning
787 714 48 20 icke
851 714 72 27 lägger

175 748 73 20 hinder
264 748 5 19 i
286 751 68 23 vägen
379 748 31 19 för
432 754 26 13 en
482 747 64 19 sådan
570 748 139 25 uppfattning,
729 750 30 17 att
778 748 146 27 civilrättsliga

174 782 90 26 anspråk
280 782 6 19 i
303 782 50 25 följd
376 782 24 19 af
420 788 25 13 en
471 781 95 27 brottslig
589 781 101 27 handling
710 781 20 20 få
745 784 61 24 göras
825 782 99 26 gällande

174 816 121 20 oberoende
318 816 22 19 af
361 816 39 19 den
425 815 120 20 kriminella
564 815 176 26 preskriptionen.
771 816 41 19 Till
831 817 45 19 stöd
893 817 31 19 för

175 850 70 20 denna
268 850 88 20 sednare
372 850 55 26 äsigt
443 850 37 19 har
496 849 121 26 äberopats:
641 850 44 19 dels
701 850 40 19 den
761 851 163 25 omständighet,

174 886 30 17 att
228 884 147 25 ordalydelsen
391 884 6 18 i
414 883 90 19 berörda
526 883 123 26 stadgande,
672 890 44 13 som
735 884 74 19 endast
830 884 94 26 afbryter

175 917 126 26 rättigheten
317 919 30 18 att
362 917 97 26 ”klaga”,
476 917 77 20 tilläter
569 919 27 17 att
614 920 52 23 göra
681 917 82 20 skilnad
780 918 89 19 emellan
883 918 41 20 kri-

176 951 72 20 minell
264 951 38 20 och
326 951 48 20 civil
398 951 56 20 talan
470 951 7 19 i
493 951 51 26 följd
560 951 23 19 af
599 953 31 18 ett
651 951 60 26 brott,
735 951 43 20 dels
797 951 65 20 ocksä
877 953 48 25 den,

175 988 31 17 att
221 986 117 19 motiverna
352 985 32 20 till
400 985 40 20 den
457 985 107 26 Kongliga
579 986 136 25 proposition,
732 992 43 13 som
793 986 29 19 till
834 986 90 20 Riksens

176 1019 89 20 Ständer
288 1019 40 20 den
352 1019 24 20 31
398 1019 95 20 Oktober
509 1019 55 20 1778
579 1019 6 20 i
602 1022 71 17 ämnet
689 1019 65 26 afläts,
775 1020 44 19 afse
835 1020 90 20 allenast

175 1053 65 20 åtalet
263 1053 38 20 och
325 1053 86 20 straffet.
442 1053 72 20 Såsom
531 1053 45 20 skäl
592 1053 32 20 för
640 1053 35 20 det
691 1053 117 27 föreslagna
827 1055 97 26 stadgan-

176 1088 36 19 det
228 1088 44 19 blef
293 1087 105 27 nemligen
415 1088 6 19 i
439 1087 105 26 nyssagde
568 1087 128 26 proposition
720 1088 88 25 anfördt,
825 1092 29 15 att
871 1089 54 19 hvad

175 1122 6 19 i
199 1121 51 20 flera
264 1121 23 20 är
304 1121 67 20 blifvit
388 1121 94 20 lemnadt
505 1124 47 16 utan
569 1121 48 25 åtal,
635 1121 89 20 ”liksom
744 1122 23 19 af
780 1122 57 19 tiden
856 1123 71 20 mistat

176 1156 27 19 all
219 1156 107 26 egenskap
349 1155 23 20 af
394 1155 74 26 brott”,
488 1158 53 17 samt
560 1157 29 18 att
605 1155 26 20 de
647 1155 112 20 tilltalades
774 1156 152 21 ”försvarsskäl

176 1191 22 18 af
220 1190 28 19 tid
275 1190 38 19 och
337 1189 180 26 omständigheter
540 1189 79 19 kunnat
645 1190 113 25 försvinna,
786 1191 137 26 hvarigenom

177 1224 132 26 brottslighet
325 1223 80 20 kunnat
420 1223 67 20 finnas
503 1223 6 19 i
526 1223 78 20 sädana
624 1224 121 26 gerningar,
769 1224 78 27 hvilka,
870 1226 7 19 i
893 1226 31 19 sin

176 1258 74 25 början
266 1257 90 26 åtalade,
373 1257 68 20 blifvit
456 1257 32 19 för
508 1257 112 26 oskyldige
643 1258 114 19 ansedda.”
786 1259 9 18 I
819 1260 106 19 anseende

176 1292 78 25 härtill,
270 1292 38 19 och
325 1291 26 20 då
369 1292 51 19 1779
438 1291 32 20 års
487 1291 122 26 förordning
626 1292 23 19 så
669 1291 84 26 mycket
772 1293 81 19 mindre
874 1293 51 20 kun-

177 1326 26 19 de
226 1325 102 20 innebära
349 1325 75 20 förbud
449 1328 42 17 mot
510 1325 28 19 all
554 1325 158 27 undersökning
727 1332 33 13 om
777 1326 25 19 de
823 1327 104 20 förmenta

176 1359 170 26 förbrytelserna,
362 1365 44 14 som
423 1366 25 13 en
464 1359 65 20 sådan
546 1359 158 28 undersökning
719 1360 6 19 i
742 1360 50 20 flera
808 1361 35 19 fall
861 1362 65 20 måste

178 1395 110 25 företagas,
311 1394 63 19 innan
399 1393 88 20 domstol
512 1393 40 20 kan
575 1394 80 26 afgöra,
679 1395 102 19 huruvida
798 1395 81 20 straffet
895 1397 32 18 för

177 1428 77 20 brottet
268 1431 23 16 är
306 1427 81 26 sådant,
403 1430 30 17 att
448 1428 141 26 preskription
611 1428 41 19 kan
669 1428 84 20 komma
767 1429 6 19 i
792 1429 65 26 fråga,
876 1430 51 20 eller

177 1463 27 24 ej,
227 1462 62 19 hafva
308 1461 50 20 flere
379 1464 69 17 ansett
464 1462 135 26 målsegande
615 1462 47 20 icke
679 1469 49 13 vara
745 1462 84 27 betaget
844 1466 35 23 att,
896 1464 29 19 in-

177 1502 34 13 om
235 1496 40 19 den
296 1496 7 19 i
321 1496 25 19 12
361 1498 10 21 $
387 1496 11 19 9
416 1496 47 25 kap.
484 1496 24 19 H.
527 1496 23 19 B.
567 1496 30 19 till
613 1496 58 26 tjugu
687 1496 22 19 år
725 1496 109 20 bestämda
852 1499 54 17 samt
921 1498 6 19 i

1117 468 20 45 a
