<?xml version="1.0" encoding="UTF-8"?>
<alto xmlns="http://www.loc.gov/standards/alto/ns-v3#" xmlns:xlink="http://www.w3.org/1999/xlink" xmlns:xsi="http://www.w3.org/2001/XMLSchema-instance" xsi:schemaLocation="http://www.loc.gov/standards/alto/ns-v3# http://www.loc.gov/alto/v3/alto-3-0.xsd">
	<Description>
		<MeasurementUnit>pixel</MeasurementUnit>
		<sourceImageInformation>
			<fileName>/tmp/tess_ee4356u2_input.PNG</fileName>
		</sourceImageInformation>
		<OCRProcessing ID="OCR_0">
			<ocrProcessingStep>
				<processingSoftware>
					<softwareName>tesseract 5.3.4</softwareName>
				</processingSoftware>
			</ocrProcessingStep>
		</OCRProcessing>
	</Description>
	<Layout>
		<Page WIDTH="1142" HEIGHT="1786" PHYSICAL_IMG_NR="0" ID="page_0">
			<PrintSpace HPOS="0" VPOS="0" WIDTH="1142" HEIGHT="1786">
				<ComposedBlock ID="cblock_0" HPOS="841" VPOS="164" WIDTH="33" HEIGHT="18">
					<TextBlock ID="block_0" HPOS="841" VPOS="164" WIDTH="33" HEIGHT="18">
						<TextLine ID="line_0" HPOS="841" VPOS="164" WIDTH="33" HEIGHT="18">
							<String ID="string_0" HPOS="841" VPOS="164" WIDTH="33" HEIGHT="18" WC="0.96" CONTENT="193"/>
						</TextLine>
					</TextBlock>
				</ComposedBlock>
				<ComposedBlock ID="cblock_1" HPOS="280" VPOS="226" WIDTH="617" HEIGHT="197">
					<TextBlock ID="block_1" HPOS="280" VPOS="226" WIDTH="617" HEIGHT="197">
						<TextLine ID="line_1" HPOS="312" VPOS="226" WIDTH="583" HEIGHT="27">
							<String ID="string_1" HPOS="312" VPOS="226" WIDTH="177" HEIGHT="27" WC="0.92" CONTENT="Lagutskottets"/><SP WIDTH="18" VPOS="226" HPOS="489"/>
							<String ID="string_2" HPOS="507" VPOS="226" WIDTH="148" HEIGHT="20" WC="0.95" CONTENT="betänkande"/><SP WIDTH="24" VPOS="226" HPOS="655"/>
							<String ID="string_3" HPOS="679" VPOS="227" WIDTH="31" HEIGHT="20" WC="0.96" CONTENT="N:o"/><SP WIDTH="22" VPOS="227" HPOS="710"/>
							<String ID="string_4" HPOS="732" VPOS="227" WIDTH="12" HEIGHT="19" WC="0.95" CONTENT="4"/><SP WIDTH="21" VPOS="227" HPOS="744"/>
							<String ID="string_5" HPOS="765" VPOS="227" WIDTH="7" HEIGHT="19" WC="0.95" CONTENT="i"/><SP WIDTH="19" VPOS="227" HPOS="772"/>
							<String ID="string_6" HPOS="791" VPOS="227" WIDTH="104" HEIGHT="26" WC="0.95" CONTENT="anledning"/>
						</TextLine>
						<TextLine ID="line_2" HPOS="280" VPOS="260" WIDTH="615" HEIGHT="27">
							<String ID="string_7" HPOS="280" VPOS="262" WIDTH="20" HEIGHT="19" WC="0.96" CONTENT="af"/><SP WIDTH="13" VPOS="262" HPOS="300"/>
							<String ID="string_8" HPOS="313" VPOS="262" WIDTH="61" HEIGHT="19" WC="0.96" CONTENT="Hans"/><SP WIDTH="15" VPOS="262" HPOS="374"/>
							<String ID="string_9" HPOS="389" VPOS="260" WIDTH="137" HEIGHT="26" WC="0.96" CONTENT="Kejserliga"/><SP WIDTH="15" VPOS="260" HPOS="526"/>
							<String ID="string_10" HPOS="541" VPOS="260" WIDTH="121" HEIGHT="26" WC="0.93" CONTENT="Majestäts"/><SP WIDTH="19" VPOS="260" HPOS="662"/>
							<String ID="string_11" HPOS="681" VPOS="260" WIDTH="69" HEIGHT="27" WC="0.91" CONTENT="Nådiga"/><SP WIDTH="17" VPOS="260" HPOS="750"/>
							<String ID="string_12" HPOS="767" VPOS="261" WIDTH="128" HEIGHT="26" WC="0.96" CONTENT="proposition,"/>
						</TextLine>
						<TextLine ID="line_3" HPOS="280" VPOS="294" WIDTH="616" HEIGHT="26">
							<String ID="string_13" HPOS="280" VPOS="302" WIDTH="30" HEIGHT="13" WC="0.96" CONTENT="om"/><SP WIDTH="16" VPOS="302" HPOS="310"/>
							<String ID="string_14" HPOS="326" VPOS="295" WIDTH="82" HEIGHT="25" WC="0.96" CONTENT="ändring"/><SP WIDTH="15" VPOS="295" HPOS="408"/>
							<String ID="string_15" HPOS="423" VPOS="295" WIDTH="7" HEIGHT="19" WC="0.96" CONTENT="i"/><SP WIDTH="15" VPOS="295" HPOS="430"/>
							<String ID="string_16" HPOS="445" VPOS="294" WIDTH="12" HEIGHT="20" WC="0.88" CONTENT="2"/><SP WIDTH="15" VPOS="294" HPOS="457"/>
							<String ID="string_17" HPOS="472" VPOS="294" WIDTH="36" HEIGHT="20" WC="0.96" CONTENT="och"/><SP WIDTH="14" VPOS="294" HPOS="508"/>
							<String ID="string_18" HPOS="522" VPOS="295" WIDTH="12" HEIGHT="19" WC="0.96" CONTENT="3"/><SP WIDTH="16" VPOS="295" HPOS="534"/>
							<String ID="string_19" HPOS="550" VPOS="295" WIDTH="28" HEIGHT="25" WC="0.90" CONTENT="$$"/><SP WIDTH="15" VPOS="295" HPOS="578"/>
							<String ID="string_20" HPOS="593" VPOS="295" WIDTH="20" HEIGHT="19" WC="0.96" CONTENT="15"/><SP WIDTH="16" VPOS="295" HPOS="613"/>
							<String ID="string_21" HPOS="629" VPOS="295" WIDTH="43" HEIGHT="25" WC="0.88" CONTENT="kap,"/><SP WIDTH="20" VPOS="295" HPOS="672"/>
							<String ID="string_22" HPOS="692" VPOS="295" WIDTH="114" HEIGHT="25" WC="0.93" CONTENT="Rättegängs"/><SP WIDTH="10" VPOS="295" HPOS="806"/>
							<String ID="string_23" HPOS="816" VPOS="295" WIDTH="80" HEIGHT="25" WC="0.93" CONTENT="Balken,"/>
						</TextLine>
						<TextLine ID="line_4" HPOS="281" VPOS="328" WIDTH="616" HEIGHT="27">
							<String ID="string_24" HPOS="281" VPOS="330" WIDTH="60" HEIGHT="20" WC="0.92" CONTENT="såvidt"/><SP WIDTH="15" VPOS="330" HPOS="341"/>
							<String ID="string_25" HPOS="356" VPOS="329" WIDTH="24" HEIGHT="20" WC="0.96" CONTENT="de"/><SP WIDTH="11" VPOS="329" HPOS="380"/>
							<String ID="string_26" HPOS="391" VPOS="328" WIDTH="97" HEIGHT="20" WC="0.96" CONTENT="innehålla"/><SP WIDTH="10" VPOS="328" HPOS="488"/>
							<String ID="string_27" HPOS="498" VPOS="328" WIDTH="50" HEIGHT="20" WC="0.96" CONTENT="vissa"/><SP WIDTH="10" VPOS="328" HPOS="548"/>
							<String ID="string_28" HPOS="558" VPOS="328" WIDTH="164" HEIGHT="26" WC="0.96" CONTENT="inskränkningar"/><SP WIDTH="15" VPOS="328" HPOS="722"/>
							<String ID="string_29" HPOS="737" VPOS="328" WIDTH="6" HEIGHT="20" WC="0.93" CONTENT="i"/><SP WIDTH="16" VPOS="328" HPOS="743"/>
							<String ID="string_30" HPOS="759" VPOS="328" WIDTH="138" HEIGHT="27" WC="0.92" CONTENT="kronobetjen-"/>
						</TextLine>
						<TextLine ID="line_5" HPOS="282" VPOS="358" WIDTH="615" HEIGHT="30">
							<String ID="string_31" HPOS="282" VPOS="365" WIDTH="28" HEIGHT="19" WC="0.95" CONTENT="tes"/><SP WIDTH="26" VPOS="365" HPOS="310"/>
							<String ID="string_32" HPOS="336" VPOS="365" WIDTH="48" HEIGHT="18" WC="0.92" CONTENT="samt"/><SP WIDTH="21" VPOS="365" HPOS="384"/>
							<String ID="string_33" HPOS="405" VPOS="362" WIDTH="94" HEIGHT="26" WC="0.91" CONTENT="betjentes"/><SP WIDTH="23" VPOS="362" HPOS="499"/>
							<String ID="string_34" HPOS="522" VPOS="362" WIDTH="30" HEIGHT="20" WC="0.93" CONTENT="vid"/><SP WIDTH="23" VPOS="362" HPOS="552"/>
							<String ID="string_35" HPOS="575" VPOS="358" WIDTH="141" HEIGHT="25" WC="0.92" CONTENT="Öfrerrätterne"/><SP WIDTH="22" VPOS="358" HPOS="716"/>
							<String ID="string_36" HPOS="738" VPOS="362" WIDTH="58" HEIGHT="21" WC="0.96" CONTENT="frihet"/><SP WIDTH="19" VPOS="362" HPOS="796"/>
							<String ID="string_37" HPOS="815" VPOS="365" WIDTH="27" HEIGHT="19" WC="0.93" CONTENT="att"/><SP WIDTH="15" VPOS="365" HPOS="842"/>
							<String ID="string_38" HPOS="857" VPOS="364" WIDTH="40" HEIGHT="20" WC="0.93" CONTENT="till-"/>
						</TextLine>
						<TextLine ID="line_6" HPOS="282" VPOS="397" WIDTH="445" HEIGHT="26">
							<String ID="string_39" HPOS="282" VPOS="397" WIDTH="88" HEIGHT="25" WC="0.90" CONTENT="handagå"/><SP WIDTH="15" VPOS="397" HPOS="370"/>
							<String ID="string_40" HPOS="385" VPOS="397" WIDTH="125" HEIGHT="20" WC="0.91" CONTENT="rättsökande"/><SP WIDTH="15" VPOS="397" HPOS="510"/>
							<String ID="string_41" HPOS="525" VPOS="397" WIDTH="61" HEIGHT="19" WC="0.96" CONTENT="såsom"/><SP WIDTH="15" VPOS="397" HPOS="586"/>
							<String ID="string_42" HPOS="601" VPOS="397" WIDTH="126" HEIGHT="26" WC="0.96" CONTENT="fullmäktige."/>
						</TextLine>
					</TextBlock>
				</ComposedBlock>
				<ComposedBlock ID="cblock_2" HPOS="148" VPOS="465" WIDTH="763" HEIGHT="1069">
					<TextBlock ID="block_2" HPOS="148" VPOS="465" WIDTH="750" HEIGHT="130">
						<TextLine ID="line_7" HPOS="215" VPOS="465" WIDTH="682" HEIGHT="27">
							<String ID="string_43" HPOS="215" VPOS="466" WIDTH="75" HEIGHT="20" WC="0.93" CONTENT="Denna"/><SP WIDTH="15" VPOS="466" HPOS="290"/>
							<String ID="string_44" HPOS="305" VPOS="466" WIDTH="84" HEIGHT="26" WC="0.92" CONTENT="Nådiga"/><SP WIDTH="15" VPOS="466" HPOS="389"/>
							<String ID="string_45" HPOS="404" VPOS="466" WIDTH="130" HEIGHT="25" WC="0.96" CONTENT="proposition"/><SP WIDTH="16" VPOS="466" HPOS="534"/>
							<String ID="string_46" HPOS="550" VPOS="465" WIDTH="37" HEIGHT="20" WC="0.96" CONTENT="har"/><SP WIDTH="16" VPOS="465" HPOS="587"/>
							<String ID="string_47" HPOS="603" VPOS="466" WIDTH="23" HEIGHT="18" WC="0.96" CONTENT="af"/><SP WIDTH="16" VPOS="466" HPOS="626"/>
							<String ID="string_48" HPOS="642" VPOS="465" WIDTH="97" HEIGHT="26" WC="0.92" CONTENT="samtliga"/><SP WIDTH="19" VPOS="465" HPOS="739"/>
							<String ID="string_49" HPOS="758" VPOS="465" WIDTH="92" HEIGHT="20" WC="0.89" CONTENT="Stånden"/><SP WIDTH="17" VPOS="465" HPOS="850"/>
							<String ID="string_50" HPOS="867" VPOS="466" WIDTH="30" HEIGHT="19" WC="0.92" CONTENT="öf-"/>
						</TextLine>
						<TextLine ID="line_8" HPOS="148" VPOS="499" WIDTH="750" HEIGHT="26">
							<String ID="string_51" HPOS="148" VPOS="500" WIDTH="128" HEIGHT="20" WC="0.90" CONTENT="verlemnats"/><SP WIDTH="16" VPOS="500" HPOS="276"/>
							<String ID="string_52" HPOS="292" VPOS="500" WIDTH="30" HEIGHT="19" WC="0.96" CONTENT="till"/><SP WIDTH="17" VPOS="500" HPOS="322"/>
							<String ID="string_53" HPOS="339" VPOS="499" WIDTH="131" HEIGHT="26" WC="0.96" CONTENT="behandling"/><SP WIDTH="16" VPOS="499" HPOS="470"/>
							<String ID="string_54" HPOS="486" VPOS="499" WIDTH="22" HEIGHT="19" WC="0.93" CONTENT="af"/><SP WIDTH="13" VPOS="499" HPOS="508"/>
							<String ID="string_55" HPOS="521" VPOS="499" WIDTH="151" HEIGHT="26" WC="0.92" CONTENT="Lagutskottet,"/><SP WIDTH="17" VPOS="499" HPOS="672"/>
							<String ID="string_56" HPOS="689" VPOS="506" WIDTH="45" HEIGHT="13" WC="0.96" CONTENT="som"/><SP WIDTH="15" VPOS="506" HPOS="734"/>
							<String ID="string_57" HPOS="749" VPOS="499" WIDTH="45" HEIGHT="19" WC="0.91" CONTENT="från"/><SP WIDTH="19" VPOS="499" HPOS="794"/>
							<String ID="string_58" HPOS="813" VPOS="500" WIDTH="85" HEIGHT="25" WC="0.91" CONTENT="Kejser-"/>
						</TextLine>
						<TextLine ID="line_9" HPOS="149" VPOS="533" WIDTH="749" HEIGHT="28">
							<String ID="string_59" HPOS="149" VPOS="535" WIDTH="43" HEIGHT="26" WC="0.96" CONTENT="liga"/><SP WIDTH="15" VPOS="535" HPOS="192"/>
							<String ID="string_60" HPOS="207" VPOS="534" WIDTH="92" HEIGHT="20" WC="0.96" CONTENT="Senaten"/><SP WIDTH="16" VPOS="534" HPOS="299"/>
							<String ID="string_61" HPOS="315" VPOS="534" WIDTH="83" HEIGHT="20" WC="0.95" CONTENT="erhållit"/><SP WIDTH="17" VPOS="534" HPOS="398"/>
							<String ID="string_62" HPOS="415" VPOS="533" WIDTH="152" HEIGHT="20" WC="0.95" CONTENT="underrättelse"/><SP WIDTH="22" VPOS="533" HPOS="567"/>
							<String ID="string_63" HPOS="589" VPOS="533" WIDTH="80" HEIGHT="26" WC="0.96" CONTENT="derom,"/><SP WIDTH="16" VPOS="533" HPOS="669"/>
							<String ID="string_64" HPOS="685" VPOS="535" WIDTH="29" HEIGHT="17" WC="0.93" CONTENT="att"/><SP WIDTH="18" VPOS="535" HPOS="714"/>
							<String ID="string_65" HPOS="732" VPOS="533" WIDTH="145" HEIGHT="27" WC="0.92" CONTENT="skiljaktighet"/><SP WIDTH="15" VPOS="533" HPOS="877"/>
							<String ID="string_66" HPOS="892" VPOS="535" WIDTH="6" HEIGHT="19" WC="0.97" CONTENT="i"/>
						</TextLine>
						<TextLine ID="line_10" HPOS="150" VPOS="567" WIDTH="748" HEIGHT="28">
							<String ID="string_67" HPOS="150" VPOS="569" WIDTH="137" HEIGHT="26" WC="0.91" CONTENT="meningarne"/><SP WIDTH="16" VPOS="569" HPOS="287"/>
							<String ID="string_68" HPOS="303" VPOS="568" WIDTH="34" HEIGHT="20" WC="0.96" CONTENT="vid"/><SP WIDTH="17" VPOS="568" HPOS="337"/>
							<String ID="string_69" HPOS="354" VPOS="568" WIDTH="98" HEIGHT="19" WC="0.96" CONTENT="ärendets"/><SP WIDTH="17" VPOS="568" HPOS="452"/>
							<String ID="string_70" HPOS="469" VPOS="567" WIDTH="117" HEIGHT="27" WC="0.92" CONTENT="beredning"/><SP WIDTH="20" VPOS="567" HPOS="586"/>
							<String ID="string_71" HPOS="606" VPOS="568" WIDTH="108" HEIGHT="19" WC="0.92" CONTENT="derstädes"/><SP WIDTH="15" VPOS="568" HPOS="714"/>
							<String ID="string_72" HPOS="729" VPOS="567" WIDTH="47" HEIGHT="20" WC="0.96" CONTENT="icke"/><SP WIDTH="19" VPOS="567" HPOS="776"/>
							<String ID="string_73" HPOS="795" VPOS="570" WIDTH="36" HEIGHT="25" WC="0.96" CONTENT="egt"/><SP WIDTH="15" VPOS="570" HPOS="831"/>
							<String ID="string_74" HPOS="846" VPOS="575" WIDTH="52" HEIGHT="13" WC="0.96" CONTENT="rum."/>
						</TextLine>
					</TextBlock>
					<TextBlock ID="block_3" HPOS="150" VPOS="636" WIDTH="756" HEIGHT="529">
						<TextLine ID="line_11" HPOS="218" VPOS="636" WIDTH="683" HEIGHT="26">
							<String ID="string_75" HPOS="218" VPOS="636" WIDTH="88" HEIGHT="20" WC="0.92" CONTENT="Jemlikt"/><SP WIDTH="15" VPOS="636" HPOS="306"/>
							<String ID="string_76" HPOS="321" VPOS="636" WIDTH="13" HEIGHT="20" WC="0.91" CONTENT="2"/><SP WIDTH="16" VPOS="636" HPOS="334"/>
							<String ID="string_77" HPOS="350" VPOS="638" WIDTH="9" HEIGHT="22" WC="0.92" CONTENT="$"/><SP WIDTH="18" VPOS="638" HPOS="359"/>
							<String ID="string_78" HPOS="377" VPOS="637" WIDTH="24" HEIGHT="19" WC="0.96" CONTENT="15"/><SP WIDTH="18" VPOS="637" HPOS="401"/>
							<String ID="string_79" HPOS="419" VPOS="636" WIDTH="47" HEIGHT="26" WC="0.95" CONTENT="kap."/><SP WIDTH="18" VPOS="636" HPOS="466"/>
							<String ID="string_80" HPOS="484" VPOS="636" WIDTH="22" HEIGHT="19" WC="0.93" CONTENT="R."/><SP WIDTH="18" VPOS="636" HPOS="506"/>
							<String ID="string_81" HPOS="524" VPOS="636" WIDTH="21" HEIGHT="19" WC="0.92" CONTENT="B."/><SP WIDTH="17" VPOS="636" HPOS="545"/>
							<String ID="string_82" HPOS="562" VPOS="642" WIDTH="50" HEIGHT="20" WC="0.96" CONTENT="eger"/><SP WIDTH="15" VPOS="642" HPOS="612"/>
							<String ID="string_83" HPOS="627" VPOS="639" WIDTH="47" HEIGHT="23" WC="0.96" CONTENT="part"/><SP WIDTH="15" VPOS="639" HPOS="674"/>
							<String ID="string_84" HPOS="689" VPOS="636" WIDTH="6" HEIGHT="19" WC="0.96" CONTENT="i"/><SP WIDTH="17" VPOS="636" HPOS="695"/>
							<String ID="string_85" HPOS="712" VPOS="636" WIDTH="111" HEIGHT="26" WC="0.96" CONTENT="rättegång"/><SP WIDTH="15" VPOS="636" HPOS="823"/>
							<String ID="string_86" HPOS="838" VPOS="636" WIDTH="63" HEIGHT="20" WC="0.96" CONTENT="frihet"/>
						</TextLine>
						<TextLine ID="line_12" HPOS="150" VPOS="670" WIDTH="751" HEIGHT="26">
							<String ID="string_87" HPOS="150" VPOS="672" WIDTH="31" HEIGHT="18" WC="0.96" CONTENT="att"/><SP WIDTH="15" VPOS="672" HPOS="181"/>
							<String ID="string_88" HPOS="196" VPOS="671" WIDTH="30" HEIGHT="19" WC="0.93" CONTENT="till"/><SP WIDTH="19" VPOS="671" HPOS="226"/>
							<String ID="string_89" HPOS="245" VPOS="670" WIDTH="118" HEIGHT="26" WC="0.90" CONTENT="fullmäktig"/><SP WIDTH="17" VPOS="670" HPOS="363"/>
							<String ID="string_90" HPOS="380" VPOS="670" WIDTH="66" HEIGHT="20" WC="0.93" CONTENT="bruka"/><SP WIDTH="16" VPOS="670" HPOS="446"/>
							<String ID="string_91" HPOS="462" VPOS="670" WIDTH="47" HEIGHT="26" WC="0.96" CONTENT="den,"/><SP WIDTH="17" VPOS="670" HPOS="509"/>
							<String ID="string_92" HPOS="526" VPOS="676" WIDTH="43" HEIGHT="14" WC="0.96" CONTENT="som"/><SP WIDTH="18" VPOS="676" HPOS="569"/>
							<String ID="string_93" HPOS="587" VPOS="670" WIDTH="40" HEIGHT="20" WC="0.93" CONTENT="han"/><SP WIDTH="16" VPOS="670" HPOS="627"/>
							<String ID="string_94" HPOS="643" VPOS="670" WIDTH="63" HEIGHT="26" WC="0.92" CONTENT="hyser"/><SP WIDTH="16" VPOS="670" HPOS="706"/>
							<String ID="string_95" HPOS="722" VPOS="670" WIDTH="119" HEIGHT="20" WC="0.92" CONTENT="förtroende"/><SP WIDTH="22" VPOS="670" HPOS="841"/>
							<String ID="string_96" HPOS="863" VPOS="670" WIDTH="38" HEIGHT="26" WC="0.96" CONTENT="till,"/>
						</TextLine>
						<TextLine ID="line_13" HPOS="152" VPOS="704" WIDTH="751" HEIGHT="27">
							<String ID="string_97" HPOS="152" VPOS="705" WIDTH="66" HEIGHT="19" WC="0.93" CONTENT="under"/><SP WIDTH="16" VPOS="705" HPOS="218"/>
							<String ID="string_98" HPOS="234" VPOS="704" WIDTH="137" HEIGHT="27" WC="0.93" CONTENT="iakttagande"/><SP WIDTH="16" VPOS="704" HPOS="371"/>
							<String ID="string_99" HPOS="387" VPOS="704" WIDTH="95" HEIGHT="25" WC="0.92" CONTENT="allenast,"/><SP WIDTH="17" VPOS="704" HPOS="482"/>
							<String ID="string_100" HPOS="499" VPOS="704" WIDTH="34" HEIGHT="20" WC="0.96" CONTENT="vid"/><SP WIDTH="16" VPOS="704" HPOS="533"/>
							<String ID="string_101" HPOS="549" VPOS="704" WIDTH="57" HEIGHT="20" WC="0.96" CONTENT="valet"/><SP WIDTH="15" VPOS="704" HPOS="606"/>
							<String ID="string_102" HPOS="621" VPOS="704" WIDTH="22" HEIGHT="20" WC="0.93" CONTENT="af"/><SP WIDTH="14" VPOS="704" HPOS="643"/>
							<String ID="string_103" HPOS="657" VPOS="704" WIDTH="114" HEIGHT="25" WC="0.96" CONTENT="sakförare,"/><SP WIDTH="16" VPOS="704" HPOS="771"/>
							<String ID="string_104" HPOS="787" VPOS="705" WIDTH="46" HEIGHT="19" WC="0.96" CONTENT="utaf"/><SP WIDTH="13" VPOS="705" HPOS="833"/>
							<String ID="string_105" HPOS="846" VPOS="705" WIDTH="57" HEIGHT="19" WC="0.69" CONTENT="vissa"/>
						</TextLine>
						<TextLine ID="line_14" HPOS="152" VPOS="738" WIDTH="749" HEIGHT="26">
							<String ID="string_106" HPOS="152" VPOS="739" WIDTH="44" HEIGHT="19" WC="0.96" CONTENT="dels"/><SP WIDTH="16" VPOS="739" HPOS="196"/>
							<String ID="string_107" HPOS="212" VPOS="739" WIDTH="7" HEIGHT="19" WC="0.93" CONTENT="i"/><SP WIDTH="16" VPOS="739" HPOS="219"/>
							<String ID="string_108" HPOS="235" VPOS="738" WIDTH="90" HEIGHT="20" WC="0.93" CONTENT="berörda"/><SP WIDTH="21" VPOS="738" HPOS="325"/>
							<String ID="string_109" HPOS="346" VPOS="738" WIDTH="81" HEIGHT="26" WC="0.95" CONTENT="lagrum"/><SP WIDTH="25" VPOS="738" HPOS="427"/>
							<String ID="string_110" HPOS="452" VPOS="740" WIDTH="54" HEIGHT="17" WC="0.96" CONTENT="samt"/><SP WIDTH="18" VPOS="740" HPOS="506"/>
							<String ID="string_111" HPOS="524" VPOS="738" WIDTH="43" HEIGHT="20" WC="0.92" CONTENT="dels"/><SP WIDTH="16" VPOS="738" HPOS="567"/>
							<String ID="string_112" HPOS="583" VPOS="738" WIDTH="7" HEIGHT="19" WC="0.92" CONTENT="i"/><SP WIDTH="16" VPOS="738" HPOS="590"/>
							<String ID="string_113" HPOS="606" VPOS="738" WIDTH="11" HEIGHT="20" WC="0.96" CONTENT="3"/><SP WIDTH="17" VPOS="738" HPOS="617"/>
							<String ID="string_114" HPOS="634" VPOS="738" WIDTH="38" HEIGHT="20" WC="0.96" CONTENT="och"/><SP WIDTH="19" VPOS="738" HPOS="672"/>
							<String ID="string_115" HPOS="691" VPOS="739" WIDTH="24" HEIGHT="19" WC="0.96" CONTENT="15"/><SP WIDTH="16" VPOS="739" HPOS="715"/>
							<String ID="string_116" HPOS="731" VPOS="740" WIDTH="20" HEIGHT="22" WC="0.96" CONTENT="$$"/><SP WIDTH="20" VPOS="740" HPOS="751"/>
							<String ID="string_117" HPOS="771" VPOS="745" WIDTH="79" HEIGHT="13" WC="0.93" CONTENT="samma"/><SP WIDTH="16" VPOS="745" HPOS="850"/>
							<String ID="string_118" HPOS="866" VPOS="739" WIDTH="35" HEIGHT="19" WC="0.92" CONTENT="ka-"/>
						</TextLine>
						<TextLine ID="line_15" HPOS="153" VPOS="772" WIDTH="748" HEIGHT="27">
							<String ID="string_119" HPOS="153" VPOS="773" WIDTH="51" HEIGHT="25" WC="0.92" CONTENT="pitel"/><SP WIDTH="16" VPOS="773" HPOS="204"/>
							<String ID="string_120" HPOS="220" VPOS="773" WIDTH="101" HEIGHT="26" WC="0.96" CONTENT="stadgade"/><SP WIDTH="18" VPOS="773" HPOS="321"/>
							<String ID="string_121" HPOS="339" VPOS="772" WIDTH="163" HEIGHT="26" WC="0.96" CONTENT="bestämningar."/><SP WIDTH="30" VPOS="772" HPOS="502"/>
							<String ID="string_122" HPOS="532" VPOS="773" WIDTH="48" HEIGHT="19" WC="0.93" CONTENT="Men"/><SP WIDTH="17" VPOS="773" HPOS="580"/>
							<String ID="string_123" HPOS="597" VPOS="772" WIDTH="89" HEIGHT="20" WC="0.95" CONTENT="emedan"/><SP WIDTH="17" VPOS="772" HPOS="686"/>
							<String ID="string_124" HPOS="703" VPOS="772" WIDTH="61" HEIGHT="20" WC="0.93" CONTENT="dessa"/><SP WIDTH="10" VPOS="772" HPOS="764"/>
							<String ID="string_125" HPOS="774" VPOS="773" WIDTH="127" HEIGHT="19" WC="0.92" CONTENT="bestämnin-"/>
						</TextLine>
						<TextLine ID="line_16" HPOS="152" VPOS="806" WIDTH="750" HEIGHT="27">
							<String ID="string_126" HPOS="152" VPOS="814" WIDTH="37" HEIGHT="19" WC="0.93" CONTENT="gar"/><SP WIDTH="15" VPOS="814" HPOS="189"/>
							<String ID="string_127" HPOS="204" VPOS="807" WIDTH="54" HEIGHT="19" WC="0.92" CONTENT="ifrän"/><SP WIDTH="17" VPOS="807" HPOS="258"/>
							<String ID="string_128" HPOS="275" VPOS="806" WIDTH="186" HEIGHT="20" WC="0.92" CONTENT="sakförarekallets"/><SP WIDTH="16" VPOS="806" HPOS="461"/>
							<String ID="string_129" HPOS="477" VPOS="806" WIDTH="96" HEIGHT="26" WC="0.90" CONTENT="utöfning"/><SP WIDTH="16" VPOS="806" HPOS="573"/>
							<String ID="string_130" HPOS="589" VPOS="807" WIDTH="89" HEIGHT="19" WC="0.91" CONTENT="utesluta"/><SP WIDTH="15" VPOS="807" HPOS="678"/>
							<String ID="string_131" HPOS="693" VPOS="813" WIDTH="25" HEIGHT="13" WC="0.92" CONTENT="en"/><SP WIDTH="22" VPOS="813" HPOS="718"/>
							<String ID="string_132" HPOS="740" VPOS="806" WIDTH="76" HEIGHT="26" WC="0.90" CONTENT="mängd"/><SP WIDTH="15" VPOS="806" HPOS="816"/>
							<String ID="string_133" HPOS="831" VPOS="813" WIDTH="71" HEIGHT="19" WC="0.92" CONTENT="perso-"/>
						</TextLine>
						<TextLine ID="line_17" HPOS="154" VPOS="840" WIDTH="748" HEIGHT="27">
							<String ID="string_134" HPOS="154" VPOS="848" WIDTH="44" HEIGHT="19" WC="0.91" CONTENT="ner,"/><SP WIDTH="16" VPOS="848" HPOS="198"/>
							<String ID="string_135" HPOS="214" VPOS="842" WIDTH="37" HEIGHT="19" WC="0.93" CONTENT="hos"/><SP WIDTH="17" VPOS="842" HPOS="251"/>
							<String ID="string_136" HPOS="268" VPOS="841" WIDTH="79" HEIGHT="25" WC="0.91" CONTENT="hvilka,"/><SP WIDTH="17" VPOS="841" HPOS="347"/>
							<String ID="string_137" HPOS="364" VPOS="841" WIDTH="47" HEIGHT="19" WC="0.93" CONTENT="med"/><SP WIDTH="16" VPOS="841" HPOS="411"/>
							<String ID="string_138" HPOS="427" VPOS="841" WIDTH="21" HEIGHT="19" WC="0.92" CONTENT="fä"/><SP WIDTH="15" VPOS="841" HPOS="448"/>
							<String ID="string_139" HPOS="463" VPOS="841" WIDTH="113" HEIGHT="26" WC="0.92" CONTENT="undantag,"/><SP WIDTH="17" VPOS="841" HPOS="576"/>
							<String ID="string_140" HPOS="593" VPOS="840" WIDTH="52" HEIGHT="20" WC="0.89" CONTENT="bäde"/><SP WIDTH="16" VPOS="840" HPOS="645"/>
							<String ID="string_141" HPOS="661" VPOS="840" WIDTH="118" HEIGHT="26" WC="0.92" CONTENT="kunnighet"/><SP WIDTH="8" VPOS="840" HPOS="779"/>
							<String ID="string_142" HPOS="787" VPOS="841" WIDTH="39" HEIGHT="19" WC="0.93" CONTENT="och"/><SP WIDTH="11" VPOS="841" HPOS="826"/>
							<String ID="string_143" HPOS="837" VPOS="841" WIDTH="65" HEIGHT="26" WC="0.93" CONTENT="lämp-"/>
						</TextLine>
						<TextLine ID="line_18" HPOS="153" VPOS="874" WIDTH="751" HEIGHT="27">
							<String ID="string_144" HPOS="153" VPOS="876" WIDTH="67" HEIGHT="25" WC="0.92" CONTENT="lighet"/><SP WIDTH="18" VPOS="876" HPOS="220"/>
							<String ID="string_145" HPOS="238" VPOS="876" WIDTH="6" HEIGHT="18" WC="0.95" CONTENT="i"/><SP WIDTH="16" VPOS="876" HPOS="244"/>
							<String ID="string_146" HPOS="260" VPOS="876" WIDTH="57" HEIGHT="18" WC="0.96" CONTENT="detta"/><SP WIDTH="20" VPOS="876" HPOS="317"/>
							<String ID="string_147" HPOS="337" VPOS="875" WIDTH="120" HEIGHT="20" WC="0.96" CONTENT="hänseende"/><SP WIDTH="16" VPOS="875" HPOS="457"/>
							<String ID="string_148" HPOS="473" VPOS="875" WIDTH="71" HEIGHT="19" WC="0.93" CONTENT="kunna"/><SP WIDTH="16" VPOS="875" HPOS="544"/>
							<String ID="string_149" HPOS="560" VPOS="875" WIDTH="126" HEIGHT="25" WC="0.92" CONTENT="förutsättas,"/><SP WIDTH="16" VPOS="875" HPOS="686"/>
							<String ID="string_150" HPOS="702" VPOS="878" WIDTH="23" HEIGHT="16" WC="0.96" CONTENT="är"/><SP WIDTH="18" VPOS="878" HPOS="725"/>
							<String ID="string_151" HPOS="743" VPOS="875" WIDTH="3" HEIGHT="19" WC="0.96" CONTENT="i"/><SP WIDTH="19" VPOS="875" HPOS="746"/>
							<String ID="string_152" HPOS="765" VPOS="874" WIDTH="39" HEIGHT="20" WC="0.93" CONTENT="den"/><SP WIDTH="17" VPOS="874" HPOS="804"/>
							<String ID="string_153" HPOS="821" VPOS="874" WIDTH="83" HEIGHT="26" WC="0.92" CONTENT="Nädiga"/>
						</TextLine>
						<TextLine ID="line_19" HPOS="154" VPOS="908" WIDTH="749" HEIGHT="27">
							<String ID="string_154" HPOS="154" VPOS="909" WIDTH="157" HEIGHT="26" WC="0.92" CONTENT="propositionen"/><SP WIDTH="22" VPOS="909" HPOS="311"/>
							<String ID="string_155" HPOS="333" VPOS="909" WIDTH="119" HEIGHT="25" WC="0.96" CONTENT="föreslaget,"/><SP WIDTH="20" VPOS="909" HPOS="452"/>
							<String ID="string_156" HPOS="472" VPOS="911" WIDTH="30" HEIGHT="17" WC="0.96" CONTENT="att"/><SP WIDTH="20" VPOS="911" HPOS="502"/>
							<String ID="string_157" HPOS="522" VPOS="909" WIDTH="25" HEIGHT="19" WC="0.96" CONTENT="de"/><SP WIDTH="20" VPOS="909" HPOS="547"/>
							<String ID="string_158" HPOS="567" VPOS="909" WIDTH="6" HEIGHT="19" WC="0.95" CONTENT="i"/><SP WIDTH="20" VPOS="909" HPOS="573"/>
							<String ID="string_159" HPOS="593" VPOS="909" WIDTH="50" HEIGHT="19" WC="0.93" CONTENT="sista"/><SP WIDTH="16" VPOS="909" HPOS="643"/>
							<String ID="string_160" HPOS="659" VPOS="911" WIDTH="113" HEIGHT="17" WC="0.95" CONTENT="momentet"/><SP WIDTH="14" VPOS="911" HPOS="772"/>
							<String ID="string_161" HPOS="786" VPOS="908" WIDTH="23" HEIGHT="19" WC="0.96" CONTENT="af"/><SP WIDTH="14" VPOS="908" HPOS="809"/>
							<String ID="string_162" HPOS="823" VPOS="909" WIDTH="12" HEIGHT="18" WC="0.91" CONTENT="2"/><SP WIDTH="16" VPOS="909" HPOS="835"/>
							<String ID="string_163" HPOS="851" VPOS="910" WIDTH="10" HEIGHT="22" WC="0.91" CONTENT="$"/><SP WIDTH="18" VPOS="910" HPOS="861"/>
							<String ID="string_164" HPOS="879" VPOS="909" WIDTH="24" HEIGHT="18" WC="0.96" CONTENT="15"/>
						</TextLine>
						<TextLine ID="line_20" HPOS="154" VPOS="942" WIDTH="751" HEIGHT="27">
							<String ID="string_165" HPOS="154" VPOS="943" WIDTH="48" HEIGHT="26" WC="0.95" CONTENT="kap."/><SP WIDTH="25" VPOS="943" HPOS="202"/>
							<String ID="string_166" HPOS="227" VPOS="943" WIDTH="24" HEIGHT="20" WC="0.93" CONTENT="R."/><SP WIDTH="23" VPOS="943" HPOS="251"/>
							<String ID="string_167" HPOS="274" VPOS="943" WIDTH="22" HEIGHT="19" WC="0.93" CONTENT="B."/><SP WIDTH="24" VPOS="943" HPOS="296"/>
							<String ID="string_168" HPOS="320" VPOS="943" WIDTH="75" HEIGHT="26" WC="0.93" CONTENT="gjorda"/><SP WIDTH="19" VPOS="943" HPOS="395"/>
							<String ID="string_169" HPOS="414" VPOS="943" WIDTH="179" HEIGHT="26" WC="0.91" CONTENT="inskränkningar"/><SP WIDTH="19" VPOS="943" HPOS="593"/>
							<String ID="string_170" HPOS="612" VPOS="943" WIDTH="28" HEIGHT="18" WC="0.91" CONTENT="uti"/><SP WIDTH="20" VPOS="943" HPOS="640"/>
							<String ID="string_171" HPOS="660" VPOS="943" WIDTH="124" HEIGHT="25" WC="0.92" CONTENT="konungens"/><SP WIDTH="15" VPOS="943" HPOS="784"/>
							<String ID="string_172" HPOS="799" VPOS="942" WIDTH="106" HEIGHT="26" WC="0.92" CONTENT="betjentes"/>
						</TextLine>
						<TextLine ID="line_21" HPOS="155" VPOS="976" WIDTH="749" HEIGHT="27">
							<String ID="string_173" HPOS="155" VPOS="979" WIDTH="41" HEIGHT="18" WC="0.96" CONTENT="rätt"/><SP WIDTH="15" VPOS="979" HPOS="196"/>
							<String ID="string_174" HPOS="211" VPOS="979" WIDTH="30" HEIGHT="17" WC="0.96" CONTENT="att"/><SP WIDTH="16" VPOS="979" HPOS="241"/>
							<String ID="string_175" HPOS="257" VPOS="977" WIDTH="31" HEIGHT="19" WC="0.93" CONTENT="för"/><SP WIDTH="16" VPOS="977" HPOS="288"/>
							<String ID="string_176" HPOS="304" VPOS="976" WIDTH="104" HEIGHT="27" WC="0.92" CONTENT="sakegare"/><SP WIDTH="16" VPOS="976" HPOS="408"/>
							<String ID="string_177" HPOS="424" VPOS="977" WIDTH="42" HEIGHT="19" WC="0.92" CONTENT="tala"/><SP WIDTH="15" VPOS="977" HPOS="466"/>
							<String ID="string_178" HPOS="481" VPOS="976" WIDTH="68" HEIGHT="20" WC="0.96" CONTENT="skulle"/><SP WIDTH="16" VPOS="976" HPOS="549"/>
							<String ID="string_179" HPOS="565" VPOS="976" WIDTH="32" HEIGHT="19" WC="0.96" CONTENT="för"/><SP WIDTH="15" VPOS="976" HPOS="597"/>
							<String ID="string_180" HPOS="612" VPOS="976" WIDTH="111" HEIGHT="20" WC="0.93" CONTENT="framtiden"/><SP WIDTH="17" VPOS="976" HPOS="723"/>
							<String ID="string_181" HPOS="740" VPOS="976" WIDTH="100" HEIGHT="26" WC="0.92" CONTENT="upphöra,"/><SP WIDTH="17" VPOS="976" HPOS="840"/>
							<String ID="string_182" HPOS="857" VPOS="976" WIDTH="47" HEIGHT="19" WC="0.96" CONTENT="med"/>
						</TextLine>
						<TextLine ID="line_22" HPOS="155" VPOS="1009" WIDTH="749" HEIGHT="27">
							<String ID="string_183" HPOS="155" VPOS="1011" WIDTH="103" HEIGHT="20" WC="0.91" CONTENT="förbehäll"/><SP WIDTH="16" VPOS="1011" HPOS="258"/>
							<String ID="string_184" HPOS="274" VPOS="1010" WIDTH="65" HEIGHT="20" WC="0.92" CONTENT="likväl"/><SP WIDTH="16" VPOS="1010" HPOS="339"/>
							<String ID="string_185" HPOS="355" VPOS="1012" WIDTH="31" HEIGHT="17" WC="0.93" CONTENT="att"/><SP WIDTH="17" VPOS="1012" HPOS="386"/>
							<String ID="string_186" HPOS="403" VPOS="1010" WIDTH="95" HEIGHT="20" WC="0.92" CONTENT="bemälde"/><SP WIDTH="16" VPOS="1010" HPOS="498"/>
							<String ID="string_187" HPOS="514" VPOS="1010" WIDTH="93" HEIGHT="26" WC="0.92" CONTENT="betjente"/><SP WIDTH="24" VPOS="1010" HPOS="607"/>
							<String ID="string_188" HPOS="631" VPOS="1011" WIDTH="18" HEIGHT="24" WC="0.90" CONTENT="ej"/><SP WIDTH="17" VPOS="1011" HPOS="649"/>
							<String ID="string_189" HPOS="666" VPOS="1010" WIDTH="84" HEIGHT="19" WC="0.92" CONTENT="komme"/><SP WIDTH="16" VPOS="1010" HPOS="750"/>
							<String ID="string_190" HPOS="766" VPOS="1012" WIDTH="29" HEIGHT="17" WC="0.93" CONTENT="att"/><SP WIDTH="18" VPOS="1012" HPOS="795"/>
							<String ID="string_191" HPOS="813" VPOS="1010" WIDTH="45" HEIGHT="19" WC="0.93" CONTENT="föra"/><SP WIDTH="15" VPOS="1010" HPOS="858"/>
							<String ID="string_192" HPOS="873" VPOS="1009" WIDTH="31" HEIGHT="20" WC="0.93" CONTENT="sä-"/>
						</TextLine>
						<TextLine ID="line_23" HPOS="156" VPOS="1043" WIDTH="750" HEIGHT="27">
							<String ID="string_193" HPOS="156" VPOS="1045" WIDTH="39" HEIGHT="19" WC="0.93" CONTENT="dan"/><SP WIDTH="18" VPOS="1045" HPOS="195"/>
							<String ID="string_194" HPOS="213" VPOS="1044" WIDTH="63" HEIGHT="26" WC="0.92" CONTENT="talan,"/><SP WIDTH="16" VPOS="1044" HPOS="276"/>
							<String ID="string_195" HPOS="292" VPOS="1051" WIDTH="44" HEIGHT="13" WC="0.93" CONTENT="som"/><SP WIDTH="16" VPOS="1051" HPOS="336"/>
							<String ID="string_196" HPOS="352" VPOS="1044" WIDTH="70" HEIGHT="19" WC="0.91" CONTENT="strede"/><SP WIDTH="17" VPOS="1044" HPOS="422"/>
							<String ID="string_197" HPOS="439" VPOS="1046" WIDTH="57" HEIGHT="17" WC="0.96" CONTENT="emot"/><SP WIDTH="16" VPOS="1046" HPOS="496"/>
							<String ID="string_198" HPOS="512" VPOS="1044" WIDTH="59" HEIGHT="19" WC="0.93" CONTENT="deras"/><SP WIDTH="21" VPOS="1044" HPOS="571"/>
							<String ID="string_199" HPOS="592" VPOS="1043" WIDTH="141" HEIGHT="27" WC="0.91" CONTENT="embetspligt,"/><SP WIDTH="19" VPOS="1043" HPOS="733"/>
							<String ID="string_200" HPOS="752" VPOS="1043" WIDTH="108" HEIGHT="20" WC="0.93" CONTENT="äfvensom"/><SP WIDTH="15" VPOS="1043" HPOS="860"/>
							<String ID="string_201" HPOS="875" VPOS="1045" WIDTH="31" HEIGHT="18" WC="0.88" CONTENT="ait"/>
						</TextLine>
						<TextLine ID="line_24" HPOS="156" VPOS="1075" WIDTH="749" HEIGHT="30">
							<String ID="string_202" HPOS="156" VPOS="1079" WIDTH="81" HEIGHT="26" WC="0.93" CONTENT="betjent"/><SP WIDTH="15" VPOS="1079" HPOS="237"/>
							<String ID="string_203" HPOS="252" VPOS="1079" WIDTH="7" HEIGHT="18" WC="0.93" CONTENT="i"/><SP WIDTH="16" VPOS="1079" HPOS="259"/>
							<String ID="string_204" HPOS="275" VPOS="1075" WIDTH="106" HEIGHT="23" WC="0.91" CONTENT="Öfverrätt"/><SP WIDTH="15" VPOS="1075" HPOS="381"/>
							<String ID="string_205" HPOS="396" VPOS="1078" WIDTH="56" HEIGHT="26" WC="0.96" CONTENT="finge"/><SP WIDTH="15" VPOS="1078" HPOS="452"/>
							<String ID="string_206" HPOS="467" VPOS="1078" WIDTH="101" HEIGHT="26" WC="0.96" CONTENT="rättighet"/><SP WIDTH="15" VPOS="1078" HPOS="568"/>
							<String ID="string_207" HPOS="583" VPOS="1080" WIDTH="30" HEIGHT="17" WC="0.93" CONTENT="att"/><SP WIDTH="15" VPOS="1080" HPOS="613"/>
							<String ID="string_208" HPOS="628" VPOS="1077" WIDTH="42" HEIGHT="20" WC="0.96" CONTENT="låta"/><SP WIDTH="16" VPOS="1077" HPOS="670"/>
							<String ID="string_209" HPOS="686" VPOS="1078" WIDTH="66" HEIGHT="19" WC="0.96" CONTENT="bruka"/><SP WIDTH="15" VPOS="1078" HPOS="752"/>
							<String ID="string_210" HPOS="767" VPOS="1078" WIDTH="31" HEIGHT="26" WC="0.97" CONTENT="sig"/><SP WIDTH="16" VPOS="1078" HPOS="798"/>
							<String ID="string_211" HPOS="814" VPOS="1078" WIDTH="30" HEIGHT="19" WC="0.92" CONTENT="till"/><SP WIDTH="15" VPOS="1078" HPOS="844"/>
							<String ID="string_212" HPOS="859" VPOS="1077" WIDTH="46" HEIGHT="20" WC="0.89" CONTENT="full-"/>
						</TextLine>
						<TextLine ID="line_25" HPOS="157" VPOS="1111" WIDTH="748" HEIGHT="27">
							<String ID="string_213" HPOS="157" VPOS="1112" WIDTH="80" HEIGHT="26" WC="0.96" CONTENT="mäktig"/><SP WIDTH="20" VPOS="1112" HPOS="237"/>
							<String ID="string_214" HPOS="257" VPOS="1112" WIDTH="65" HEIGHT="19" WC="0.96" CONTENT="också"/><SP WIDTH="18" VPOS="1112" HPOS="322"/>
							<String ID="string_215" HPOS="340" VPOS="1112" WIDTH="5" HEIGHT="19" WC="0.96" CONTENT="i"/><SP WIDTH="21" VPOS="1112" HPOS="345"/>
							<String ID="string_216" HPOS="366" VPOS="1112" WIDTH="66" HEIGHT="20" WC="0.96" CONTENT="andra"/><SP WIDTH="19" VPOS="1112" HPOS="432"/>
							<String ID="string_217" HPOS="451" VPOS="1112" WIDTH="44" HEIGHT="25" WC="0.96" CONTENT="fall,"/><SP WIDTH="17" VPOS="1112" HPOS="495"/>
							<String ID="string_218" HPOS="512" VPOS="1115" WIDTH="25" HEIGHT="16" WC="0.96" CONTENT="än"/><SP WIDTH="17" VPOS="1115" HPOS="537"/>
							<String ID="string_219" HPOS="554" VPOS="1112" WIDTH="12" HEIGHT="19" WC="0.93" CONTENT="3"/><SP WIDTH="16" VPOS="1112" HPOS="566"/>
							<String ID="string_220" HPOS="582" VPOS="1114" WIDTH="10" HEIGHT="22" WC="0.92" CONTENT="$"/><SP WIDTH="16" VPOS="1114" HPOS="592"/>
							<String ID="string_221" HPOS="608" VPOS="1118" WIDTH="80" HEIGHT="14" WC="0.93" CONTENT="samma"/><SP WIDTH="15" VPOS="1118" HPOS="688"/>
							<String ID="string_222" HPOS="703" VPOS="1112" WIDTH="79" HEIGHT="26" WC="0.96" CONTENT="kapitel"/><SP WIDTH="19" VPOS="1112" HPOS="782"/>
							<String ID="string_223" HPOS="801" VPOS="1112" WIDTH="38" HEIGHT="19" WC="0.93" CONTENT="och"/><SP WIDTH="19" VPOS="1112" HPOS="839"/>
							<String ID="string_224" HPOS="858" VPOS="1111" WIDTH="47" HEIGHT="20" WC="0.95" CONTENT="balk"/>
						</TextLine>
						<TextLine ID="line_26" HPOS="156" VPOS="1146" WIDTH="85" HEIGHT="19">
							<String ID="string_225" HPOS="156" VPOS="1146" WIDTH="85" HEIGHT="19" WC="0.92" CONTENT="tilläter."/>
						</TextLine>
					</TextBlock>
					<TextBlock ID="block_4" HPOS="157" VPOS="1179" WIDTH="754" HEIGHT="331">
						<TextLine ID="line_27" HPOS="226" VPOS="1179" WIDTH="682" HEIGHT="27">
							<String ID="string_226" HPOS="226" VPOS="1179" WIDTH="144" HEIGHT="20" WC="0.92" CONTENT="Omförmälda"/><SP WIDTH="16" VPOS="1179" HPOS="370"/>
							<String ID="string_227" HPOS="386" VPOS="1179" WIDTH="178" HEIGHT="26" WC="0.92" CONTENT="inskränkningar"/><SP WIDTH="15" VPOS="1179" HPOS="564"/>
							<String ID="string_228" HPOS="579" VPOS="1180" WIDTH="29" HEIGHT="18" WC="0.91" CONTENT="uti"/><SP WIDTH="19" VPOS="1180" HPOS="608"/>
							<String ID="string_229" HPOS="627" VPOS="1179" WIDTH="137" HEIGHT="27" WC="0.87" CONTENT="”konungens"/><SP WIDTH="21" VPOS="1179" HPOS="764"/>
							<String ID="string_230" HPOS="785" VPOS="1179" WIDTH="123" HEIGHT="27" WC="0.89" CONTENT="betjentes”,"/>
						</TextLine>
						<TextLine ID="line_28" HPOS="157" VPOS="1213" WIDTH="751" HEIGHT="26">
							<String ID="string_231" HPOS="157" VPOS="1214" WIDTH="51" HEIGHT="19" WC="0.95" CONTENT="eller"/><SP WIDTH="16" VPOS="1214" HPOS="208"/>
							<String ID="string_232" HPOS="224" VPOS="1214" WIDTH="26" HEIGHT="19" WC="0.96" CONTENT="de"/><SP WIDTH="16" VPOS="1214" HPOS="250"/>
							<String ID="string_233" HPOS="266" VPOS="1214" WIDTH="58" HEIGHT="25" WC="0.93" CONTENT="lägre"/><SP WIDTH="23" VPOS="1214" HPOS="324"/>
							<String ID="string_234" HPOS="347" VPOS="1213" WIDTH="168" HEIGHT="20" WC="0.91" CONTENT="administrativa"/><SP WIDTH="23" VPOS="1213" HPOS="515"/>
							<String ID="string_235" HPOS="538" VPOS="1214" WIDTH="181" HEIGHT="25" WC="0.91" CONTENT="tjenstemännens"/><SP WIDTH="16" VPOS="1214" HPOS="719"/>
							<String ID="string_236" HPOS="735" VPOS="1213" WIDTH="62" HEIGHT="19" WC="0.96" CONTENT="frihet"/><SP WIDTH="17" VPOS="1213" HPOS="797"/>
							<String ID="string_237" HPOS="814" VPOS="1216" WIDTH="31" HEIGHT="17" WC="0.96" CONTENT="att"/><SP WIDTH="15" VPOS="1216" HPOS="845"/>
							<String ID="string_238" HPOS="860" VPOS="1213" WIDTH="48" HEIGHT="20" WC="0.96" CONTENT="med"/>
						</TextLine>
						<TextLine ID="line_29" HPOS="158" VPOS="1247" WIDTH="752" HEIGHT="27">
							<String ID="string_239" HPOS="158" VPOS="1247" WIDTH="174" HEIGHT="26" WC="0.90" CONTENT="fullmäktigskap"/><SP WIDTH="23" VPOS="1247" HPOS="332"/>
							<String ID="string_240" HPOS="355" VPOS="1247" WIDTH="131" HEIGHT="26" WC="0.49" CONTENT="tillhandagä"/><SP WIDTH="23" VPOS="1247" HPOS="486"/>
							<String ID="string_241" HPOS="509" VPOS="1247" WIDTH="136" HEIGHT="20" WC="0.90" CONTENT="rättsökande"/><SP WIDTH="24" VPOS="1247" HPOS="645"/>
							<String ID="string_242" HPOS="669" VPOS="1249" WIDTH="71" HEIGHT="24" WC="0.93" CONTENT="parter"/><SP WIDTH="15" VPOS="1249" HPOS="740"/>
							<String ID="string_243" HPOS="755" VPOS="1247" WIDTH="68" HEIGHT="26" WC="0.95" CONTENT="hafva,"/><SP WIDTH="19" VPOS="1247" HPOS="823"/>
							<String ID="string_244" HPOS="842" VPOS="1248" WIDTH="68" HEIGHT="26" WC="0.96" CONTENT="enligt"/>
						</TextLine>
						<TextLine ID="line_30" HPOS="159" VPOS="1281" WIDTH="750" HEIGHT="27">
							<String ID="string_245" HPOS="159" VPOS="1282" WIDTH="55" HEIGHT="20" WC="0.92" CONTENT="hvad"/><SP WIDTH="16" VPOS="1282" HPOS="214"/>
							<String ID="string_246" HPOS="230" VPOS="1281" WIDTH="76" HEIGHT="27" WC="0.92" CONTENT="Kongl."/><SP WIDTH="17" VPOS="1281" HPOS="306"/>
							<String ID="string_247" HPOS="323" VPOS="1281" WIDTH="85" HEIGHT="20" WC="0.92" CONTENT="Brefvet"/><SP WIDTH="15" VPOS="1281" HPOS="408"/>
							<String ID="string_248" HPOS="423" VPOS="1281" WIDTH="40" HEIGHT="20" WC="0.96" CONTENT="den"/><SP WIDTH="19" VPOS="1281" HPOS="463"/>
							<String ID="string_249" HPOS="482" VPOS="1282" WIDTH="23" HEIGHT="19" WC="0.96" CONTENT="17"/><SP WIDTH="17" VPOS="1282" HPOS="505"/>
							<String ID="string_250" HPOS="522" VPOS="1282" WIDTH="55" HEIGHT="19" WC="0.96" CONTENT="Mars"/><SP WIDTH="18" VPOS="1282" HPOS="577"/>
							<String ID="string_251" HPOS="595" VPOS="1282" WIDTH="52" HEIGHT="19" WC="0.93" CONTENT="1696"/><SP WIDTH="21" VPOS="1282" HPOS="647"/>
							<String ID="string_252" HPOS="668" VPOS="1281" WIDTH="105" HEIGHT="26" WC="0.91" CONTENT="upplyser,"/><SP WIDTH="20" VPOS="1281" HPOS="773"/>
							<String ID="string_253" HPOS="793" VPOS="1281" WIDTH="116" HEIGHT="20" WC="0.91" CONTENT="föranledts"/>
						</TextLine>
						<TextLine ID="line_31" HPOS="159" VPOS="1315" WIDTH="750" HEIGHT="26">
							<String ID="string_254" HPOS="159" VPOS="1315" WIDTH="65" HEIGHT="26" WC="0.90" CONTENT="deraf,"/><SP WIDTH="17" VPOS="1315" HPOS="224"/>
							<String ID="string_255" HPOS="241" VPOS="1317" WIDTH="30" HEIGHT="18" WC="0.93" CONTENT="att"/><SP WIDTH="14" VPOS="1317" HPOS="271"/>
							<String ID="string_256" HPOS="285" VPOS="1315" WIDTH="143" HEIGHT="26" WC="0.91" CONTENT="rättegängar,"/><SP WIDTH="16" VPOS="1315" HPOS="428"/>
							<String ID="string_257" HPOS="444" VPOS="1315" WIDTH="28" HEIGHT="20" WC="0.92" CONTENT="uti"/><SP WIDTH="17" VPOS="1315" HPOS="472"/>
							<String ID="string_258" HPOS="489" VPOS="1315" WIDTH="73" HEIGHT="20" WC="0.92" CONTENT="hvilka"/><SP WIDTH="20" VPOS="1315" HPOS="562"/>
							<String ID="string_259" HPOS="582" VPOS="1316" WIDTH="124" HEIGHT="25" WC="0.92" CONTENT="tjenstemän"/><SP WIDTH="23" VPOS="1316" HPOS="706"/>
							<String ID="string_260" HPOS="729" VPOS="1321" WIDTH="50" HEIGHT="14" WC="0.88" CONTENT="voro"/><SP WIDTH="16" VPOS="1321" HPOS="779"/>
							<String ID="string_261" HPOS="795" VPOS="1315" WIDTH="114" HEIGHT="20" WC="0.91" CONTENT="fullmäkti-"/>
						</TextLine>
						<TextLine ID="line_32" HPOS="159" VPOS="1349" WIDTH="749" HEIGHT="26">
							<String ID="string_262" HPOS="159" VPOS="1356" WIDTH="33" HEIGHT="19" WC="0.93" CONTENT="ge,"/><SP WIDTH="17" VPOS="1356" HPOS="192"/>
							<String ID="string_263" HPOS="209" VPOS="1349" WIDTH="89" HEIGHT="26" WC="0.91" CONTENT="plägade"/><SP WIDTH="25" VPOS="1349" HPOS="298"/>
							<String ID="string_264" HPOS="323" VPOS="1352" WIDTH="48" HEIGHT="23" WC="0.92" CONTENT="taga"/><SP WIDTH="23" VPOS="1352" HPOS="371"/>
							<String ID="string_265" HPOS="394" VPOS="1349" WIDTH="92" HEIGHT="26" WC="0.93" CONTENT="uppskof"/><SP WIDTH="22" VPOS="1349" HPOS="486"/>
							<String ID="string_266" HPOS="508" VPOS="1349" WIDTH="38" HEIGHT="20" WC="0.92" CONTENT="och"/><SP WIDTH="24" VPOS="1349" HPOS="546"/>
							<String ID="string_267" HPOS="570" VPOS="1349" WIDTH="65" HEIGHT="26" WC="0.92" CONTENT="draga"/><SP WIDTH="23" VPOS="1349" HPOS="635"/>
							<String ID="string_268" HPOS="658" VPOS="1351" WIDTH="21" HEIGHT="17" WC="0.96" CONTENT="ut"/><SP WIDTH="15" VPOS="1351" HPOS="679"/>
							<String ID="string_269" HPOS="694" VPOS="1349" WIDTH="27" HEIGHT="26" WC="0.96" CONTENT="pä"/><SP WIDTH="16" VPOS="1349" HPOS="721"/>
							<String ID="string_270" HPOS="737" VPOS="1349" WIDTH="63" HEIGHT="26" WC="0.93" CONTENT="tiden,"/><SP WIDTH="19" VPOS="1349" HPOS="800"/>
							<String ID="string_271" HPOS="819" VPOS="1350" WIDTH="89" HEIGHT="19" WC="0.93" CONTENT="emedan"/>
						</TextLine>
						<TextLine ID="line_33" HPOS="160" VPOS="1383" WIDTH="749" HEIGHT="26">
							<String ID="string_272" HPOS="160" VPOS="1385" WIDTH="98" HEIGHT="24" WC="0.92" CONTENT="parterne"/><SP WIDTH="16" VPOS="1385" HPOS="258"/>
							<String ID="string_273" HPOS="274" VPOS="1383" WIDTH="123" HEIGHT="20" WC="0.62" CONTENT="esomofiast"/><SP WIDTH="15" VPOS="1383" HPOS="397"/>
							<String ID="string_274" HPOS="412" VPOS="1383" WIDTH="108" HEIGHT="20" WC="0.90" CONTENT="inkommo"/><SP WIDTH="17" VPOS="1383" HPOS="520"/>
							<String ID="string_275" HPOS="537" VPOS="1383" WIDTH="46" HEIGHT="20" WC="0.93" CONTENT="med"/><SP WIDTH="18" VPOS="1383" HPOS="583"/>
							<String ID="string_276" HPOS="601" VPOS="1383" WIDTH="76" HEIGHT="26" WC="0.95" CONTENT="ursäkt,"/><SP WIDTH="24" VPOS="1383" HPOS="677"/>
							<String ID="string_277" HPOS="701" VPOS="1385" WIDTH="30" HEIGHT="18" WC="0.93" CONTENT="att"/><SP WIDTH="19" VPOS="1385" HPOS="731"/>
							<String ID="string_278" HPOS="750" VPOS="1383" WIDTH="159" HEIGHT="26" WC="0.90" CONTENT="tjensteförrätt-"/>
						</TextLine>
						<TextLine ID="line_34" HPOS="160" VPOS="1417" WIDTH="750" HEIGHT="27">
							<String ID="string_279" HPOS="160" VPOS="1418" WIDTH="76" HEIGHT="25" WC="0.92" CONTENT="ningar"/><SP WIDTH="16" VPOS="1418" HPOS="236"/>
							<String ID="string_280" HPOS="252" VPOS="1417" WIDTH="84" HEIGHT="19" WC="0.92" CONTENT="hindrat"/><SP WIDTH="16" VPOS="1417" HPOS="336"/>
							<String ID="string_281" HPOS="352" VPOS="1417" WIDTH="60" HEIGHT="19" WC="0.93" CONTENT="deras"/><SP WIDTH="16" VPOS="1417" HPOS="412"/>
							<String ID="string_282" HPOS="428" VPOS="1417" WIDTH="107" HEIGHT="20" WC="0.92" CONTENT="sakförare"/><SP WIDTH="17" VPOS="1417" HPOS="535"/>
							<String ID="string_283" HPOS="552" VPOS="1420" WIDTH="29" HEIGHT="17" WC="0.93" CONTENT="att"/><SP WIDTH="15" VPOS="1420" HPOS="581"/>
							<String ID="string_284" HPOS="596" VPOS="1417" WIDTH="84" HEIGHT="20" WC="0.92" CONTENT="författa"/><SP WIDTH="23" VPOS="1417" HPOS="680"/>
							<String ID="string_285" HPOS="703" VPOS="1417" WIDTH="25" HEIGHT="20" WC="0.93" CONTENT="de"/><SP WIDTH="15" VPOS="1417" HPOS="728"/>
							<String ID="string_286" HPOS="743" VPOS="1417" WIDTH="66" HEIGHT="20" WC="0.92" CONTENT="förres"/><SP WIDTH="19" VPOS="1417" HPOS="809"/>
							<String ID="string_287" HPOS="828" VPOS="1417" WIDTH="82" HEIGHT="27" WC="0.92" CONTENT="inlagor"/>
						</TextLine>
						<TextLine ID="line_35" HPOS="160" VPOS="1451" WIDTH="751" HEIGHT="26">
							<String ID="string_288" HPOS="160" VPOS="1451" WIDTH="52" HEIGHT="20" WC="0.96" CONTENT="eller"/><SP WIDTH="15" VPOS="1451" HPOS="212"/>
							<String ID="string_289" HPOS="227" VPOS="1454" WIDTH="31" HEIGHT="17" WC="0.93" CONTENT="att"/><SP WIDTH="14" VPOS="1454" HPOS="258"/>
							<String ID="string_290" HPOS="272" VPOS="1451" WIDTH="84" HEIGHT="19" WC="0.95" CONTENT="inställa"/><SP WIDTH="16" VPOS="1451" HPOS="356"/>
							<String ID="string_291" HPOS="372" VPOS="1451" WIDTH="31" HEIGHT="26" WC="0.97" CONTENT="sig"/><SP WIDTH="15" VPOS="1451" HPOS="403"/>
							<String ID="string_292" HPOS="418" VPOS="1451" WIDTH="54" HEIGHT="19" WC="0.93" CONTENT="inför"/><SP WIDTH="16" VPOS="1451" HPOS="472"/>
							<String ID="string_293" HPOS="488" VPOS="1453" WIDTH="64" HEIGHT="23" WC="0.96" CONTENT="rätta;"/><SP WIDTH="15" VPOS="1453" HPOS="552"/>
							<String ID="string_294" HPOS="567" VPOS="1451" WIDTH="39" HEIGHT="20" WC="0.93" CONTENT="och"/><SP WIDTH="17" VPOS="1451" HPOS="606"/>
							<String ID="string_295" HPOS="623" VPOS="1451" WIDTH="70" HEIGHT="20" WC="0.93" CONTENT="blefvo"/><SP WIDTH="16" VPOS="1451" HPOS="693"/>
							<String ID="string_296" HPOS="709" VPOS="1451" WIDTH="96" HEIGHT="20" WC="0.92" CONTENT="bemälde"/><SP WIDTH="20" VPOS="1451" HPOS="805"/>
							<String ID="string_297" HPOS="825" VPOS="1452" WIDTH="86" HEIGHT="25" WC="0.92" CONTENT="tjenste-"/>
						</TextLine>
						<TextLine ID="line_36" HPOS="162" VPOS="1485" WIDTH="749" HEIGHT="25">
							<String ID="string_298" HPOS="162" VPOS="1488" WIDTH="47" HEIGHT="16" WC="0.93" CONTENT="män"/><SP WIDTH="17" VPOS="1488" HPOS="209"/>
							<String ID="string_299" HPOS="226" VPOS="1485" WIDTH="82" HEIGHT="19" WC="0.92" CONTENT="derföre"/><SP WIDTH="23" VPOS="1485" HPOS="308"/>
							<String ID="string_300" HPOS="331" VPOS="1490" WIDTH="77" HEIGHT="20" WC="0.94" CONTENT="genom"/><SP WIDTH="23" VPOS="1490" HPOS="408"/>
							<String ID="string_301" HPOS="431" VPOS="1490" WIDTH="80" HEIGHT="14" WC="0.93" CONTENT="samma"/><SP WIDTH="20" VPOS="1490" HPOS="511"/>
							<String ID="string_302" HPOS="531" VPOS="1485" WIDTH="46" HEIGHT="19" WC="0.93" CONTENT="bref"/><SP WIDTH="14" VPOS="1485" HPOS="577"/>
							<String ID="string_303" HPOS="591" VPOS="1485" WIDTH="110" HEIGHT="25" WC="0.92" CONTENT="förbjudne"/><SP WIDTH="16" VPOS="1485" HPOS="701"/>
							<String ID="string_304" HPOS="717" VPOS="1487" WIDTH="30" HEIGHT="17" WC="0.96" CONTENT="att"/><SP WIDTH="15" VPOS="1487" HPOS="747"/>
							<String ID="string_305" HPOS="762" VPOS="1487" WIDTH="49" HEIGHT="17" WC="0.93" CONTENT="utan"/><SP WIDTH="19" VPOS="1487" HPOS="811"/>
							<String ID="string_306" HPOS="830" VPOS="1485" WIDTH="81" HEIGHT="20" WC="0.90" CONTENT="konun-"/>
						</TextLine>
					</TextBlock>
					<TextBlock ID="block_5" HPOS="822" VPOS="1518" WIDTH="21" HEIGHT="16">
						<TextLine ID="line_37" HPOS="822" VPOS="1518" WIDTH="21" HEIGHT="16">
							<String ID="string_307" HPOS="822" VPOS="1518" WIDTH="21" HEIGHT="16" WC="0.96" CONTENT="13"/>
						</TextLine>
					</TextBlock>
				</ComposedBlock>
			</PrintSpace>
		</Page>
	</Layout>
</alto>
