1142 1786
868 167 33 17 421

175 227 37 19 mit
227 227 27 26 på
269 227 66 26 grund
352 227 23 19 af
389 227 120 20 Guvernörs
525 227 104 20 tillåtelse.
660 229 40 19 För
716 229 173 26 undanrödjande
904 231 23 19 af

174 263 30 18 ett
219 261 75 19 sådant
310 261 182 20 missförhållande
515 261 87 20 föreslås
618 263 6 18 i
640 263 40 19 den
696 263 83 26 Nådiga
799 265 124 25 propositio-

175 302 40 13 nen
233 302 27 13 en
283 295 91 26 ändring
397 295 23 19 af
440 295 122 20 förberörde
581 296 27 19 20
624 299 9 21 $
649 297 7 18 i
672 297 35 19 det
722 297 61 26 syfte,
799 299 30 18 att
848 299 76 19 omför-

175 330 63 20 mälte
261 329 58 20 olika
342 329 156 26 bestämningar
521 336 32 13 om
577 330 103 20 tillständs
704 331 139 21 meddelande
866 334 31 18 att
911 332 13 20 å

154 381 2 2 .
174 364 73 20 landet
261 364 51 20 idka
327 363 77 20 handel
420 365 54 18 samt
489 364 6 18 i
511 364 58 26 fråga
584 370 32 14 om
634 364 86 27 afgiften
737 365 69 20 derför
824 366 32 20 till
875 366 48 20 kro-

175 406 40 12 nan
232 398 85 20 komme
332 400 30 17 att
377 398 32 19 för
424 398 110 19 framtiden
552 398 100 26 upphöra,
667 399 64 25 jemte
751 400 34 19 det
809 400 115 27 Magistrat,

174 433 149 26 Ordningsrätt
346 432 51 20 eller
419 432 216 26 Kommunalstyrelse
659 432 68 20 skulle
750 434 116 26 medgifvas
885 437 40 17 rätt

174 469 30 17 att
219 468 74 25 pröfva
310 466 165 20 fabriksidkares
494 466 38 20 och
549 466 164 20 handtverkares
729 467 37 20 hos
782 468 47 19 dem
849 468 75 26 gjorda

174 501 119 26 ansökning
309 507 33 13 om
360 500 91 19 tillstånd
468 502 30 17 att
513 500 12 19 å
540 506 69 13 annan
625 502 32 17 ort
672 504 26 16 än
715 501 36 19 der
766 502 26 19 de
808 502 64 20 hafva
889 502 36 19 sitt

175 535 90 20 hemvist
287 534 52 20 eller
362 534 31 20 sin
417 534 166 26 hufvudrörelse,
603 536 56 18 utom
683 535 34 19 vid
737 536 138 26 frimarknad,
893 536 31 19 till

174 570 44 19 salu
235 569 56 20 hålla
306 569 46 20 sina
367 575 61 14 varor
444 569 38 19 och
494 569 171 26 tillverkningar;
681 570 105 20 äfvensom
800 571 125 19 förstnämn-

176 604 26 20 de
218 604 34 19 två
270 603 148 26 myndigheter
434 602 79 26 tillagts
528 602 112 20 enahanda
650 604 151 26 pröfningsrätt
812 604 112 20 beträffan-

176 639 26 19 de
218 638 131 20 handlandes
365 636 144 26 ansökningar
525 643 33 13 om
575 636 92 20 tillstånd
688 639 31 17 att
733 638 6 18 i
755 638 45 19 stad
820 638 52 20 eller
887 638 37 19 kö-

175 673 51 26 ping
241 675 70 23 öppna
326 672 84 19 handel.
426 671 9 19 I
451 671 73 19 sådant
540 671 100 19 afseende
656 674 35 17 äro
708 672 63 19 orden
788 672 66 20 ”efter
869 672 55 26 pröf-

176 707 63 26 ning?
256 706 5 20 i
280 707 7 18 1
306 712 61 14 mom.
384 705 23 20 af
420 706 40 19 den
477 705 118 26 föreslagna
611 705 126 20 förändrade
752 701 140 25 redaktionen
903 706 24 19 af

175 740 161 27 ifrågavarande
352 742 9 22 $
377 739 113 26 inskjutna.

244 775 40 19 För
300 775 31 19 sin
348 774 34 20 del
398 776 22 17 är
436 773 107 20 Utskottet
559 774 123 26 visserligen
699 774 21 19 af
735 774 39 20 den
790 775 94 26 mening,
897 776 30 18 att

175 808 161 27 ifrågavarande
352 808 115 26 stadgande
483 808 47 19 icke
542 808 130 26 nödvändigt
683 808 124 26 föranleder,
819 811 30 17 att
860 808 65 20 hand-

176 844 61 19 lande
254 844 6 18 i
276 843 31 19 för
330 845 42 17 stor
396 842 77 26 mängd
496 842 85 20 komma
602 844 29 17 att
647 842 96 20 nedsätta
757 843 32 26 sig
805 843 27 26 på
847 843 78 26 landet,

176 878 26 19 då
215 878 24 25 ju
255 877 40 19 den
312 876 38 19 fria
365 876 64 19 täflan
445 876 121 26 antagligeu
583 876 53 19 skall
653 877 4 18 i
674 876 57 20 detta
747 877 66 19 såsom
833 877 6 18 i
859 877 66 19 andra

175 912 35 19 fall
234 911 62 25 stäfja
319 910 26 19 all
369 909 200 26 öfverspekulation.
608 910 47 19 Men
675 910 132 27 obestridligt
822 911 105 19 förefaller

177 946 35 19 det
228 945 100 25 deremot,
352 946 30 18 att
405 944 27 19 uti
456 944 39 19 den
513 944 60 19 frihet
594 944 45 19 frän
655 944 60 26 afgift
731 945 29 18 till
777 945 88 26 kronan,
881 951 44 14 som

177 980 34 19 vid
228 979 122 20 utöfvandet
366 978 22 20 af
402 978 75 19 handel
494 978 26 26 pä
536 978 71 19 landet
623 978 91 25 ätnjutes
737 979 22 19 af
781 979 48 26 alla,
855 979 73 20 hvilka

177 1015 55 18 förut
239 1013 98 20 utverkat
345 1013 32 25 sig
385 1012 196 26 handelsrättighet,
590 1012 67 26 ligger
667 1019 26 13 en
703 1013 68 20 direkt
786 1015 140 24 uppmuntran

178 1049 31 18 för
224 1048 58 19 detta
304 1047 45 26 slag
372 1047 20 19 af
416 1046 143 25 landthandel,
583 1046 81 19 hvilket
680 1046 129 20 förhällande
828 1047 99 26 sluiligen

178 1083 39 18 kan
234 1081 48 20 leda
296 1081 87 25 derhän,
403 1082 31 17 att
452 1080 94 19 tillständ
568 1080 30 19 till
615 1080 88 19 handels
718 1081 93 19 idkande
827 1081 12 19 &
856 1081 73 19 landet

176 1117 19 25 ej
212 1116 72 19 vidare
300 1115 62 20 sökes
378 1115 38 19 hos
432 1114 144 25 Guvernören,
592 1116 48 17 utan
657 1116 30 17 att
701 1115 79 19 enhvar
799 1115 74 25 hellre,
891 1121 36 13 an-

176 1151 73 26 tingen
265 1150 6 19 i
288 1151 48 24 eget
351 1149 52 19 eller
418 1148 72 20 länadt
506 1155 69 19 namn,
593 1148 46 19 med
655 1148 120 27 ansökning
790 1149 73 19 derom
878 1152 49 16 vän-

177 1185 37 19 der
230 1185 31 25 sig
277 1184 30 18 till
323 1183 242 25 Kommunalstyrelsen,
581 1182 81 20 hvilket
677 1183 44 19 åter
733 1183 53 19 hade
797 1183 31 19 till
842 1183 88 26 påföljd,

177 1220 30 18 att
222 1218 41 20 den
280 1217 48 20 icke
343 1216 124 27 obetydliga
482 1216 93 20 inkomst
590 1216 31 20 för
637 1216 135 26 statskassan,
795 1223 45 14 som
859 1217 70 20 härin-

177 1253 43 19 tills
235 1252 79 20 influtit
329 1251 32 20 för
384 1251 125 19 meddelade
532 1250 213 27 handelsrättigheter
760 1251 26 26 pä
801 1251 73 20 landet
889 1251 39 20 och

177 1288 70 18 senast
270 1285 88 27 uppgätt
380 1285 32 19 till
435 1285 59 19 öfver
518 1285 75 25 85,000
617 1284 59 20 mark
700 1284 31 20 för
753 1285 52 25 äret,
828 1285 37 19 allt
884 1291 45 13 mer

177 1321 39 20 och
240 1327 44 13 mer
306 1319 68 20 skulle
399 1319 93 20 minskas
508 1319 39 20 och
564 1319 5 19 i
586 1319 75 25 stället,
685 1319 126 19 åtminstone
835 1319 31 19 till
893 1319 36 19 nä-

176 1362 42 19 gon
235 1355 40 25 del,
291 1354 100 26 antingen
415 1353 85 20 komma
521 1353 25 20 de
571 1353 47 20 med
641 1353 212 26 handelsrättigheter
873 1353 56 19 förut

177 1389 98 20 försedde
298 1394 100 20 personer
421 1387 31 20 till
474 1387 63 26 godo,
561 1387 72 20 hvilka
656 1386 71 20 kunde
747 1393 48 13 vara
811 1387 73 26 villige
899 1389 31 17 att

178 1425 43 17 mot
244 1422 68 26 nägon
336 1421 81 20 mindre
440 1421 135 26 godtgörelse
594 1421 42 19 läta
651 1421 5 18 i
673 1421 137 19 förevarande
828 1421 101 19 afseende

179 1457 97 26 begagna
291 1456 35 19 sitt
341 1462 69 18 namn,
427 1455 51 20 eller
494 1455 40 20 ock
552 1456 31 19 för
600 1455 54 25 dem,
670 1455 73 19 hvilka
761 1461 38 20 ega
816 1455 115 25 tillräcklig

182 1490 148 26 förmögenhet
344 1491 30 18 att
390 1490 31 19 för
437 1495 53 21 egen
506 1489 91 27 räkning
614 1488 67 21 drifva
691 1488 137 20 landthandel
838 1489 28 27 pä
882 1488 51 22 flere
