1142 1786
879 160 33 17 487

284 227 72 26 rings-
372 225 53 20 eller
439 224 242 27 utskänkningsställen
694 225 58 20 inom
763 225 172 26 landskommun,

285 259 92 21 inhemte
393 259 242 20 kommunalstämmans
651 258 136 27 ordförande
798 260 32 27 på
846 260 89 21 ordina-

285 295 33 19 rie
350 293 217 21 kommunalstämma
581 289 12 36 —
600 293 181 21 socknemännens
814 294 121 26 utlåtande,

286 328 54 21 dock
355 328 35 20 må
406 327 94 20 hvarken
517 326 231 22 bränvinstillverkare
767 328 53 20 eller
839 329 96 20 distilla-

286 365 34 18 tor
335 362 9 20 i
358 362 170 27 öfverläggning
544 361 38 21 och
598 361 68 21 beslut
682 362 76 20 härom
773 362 94 28 deltaga.
893 363 42 20 Ne-

286 396 40 21 kas
341 396 67 27 bifall
423 396 35 20 till
472 395 44 21 slik
526 395 154 28 försäljnings
698 397 132 25 inrättande,
857 397 80 27 blifver

286 430 77 21 dervid
378 430 109 25 beroende,
503 437 48 13 men
566 430 91 26 bifaller
671 430 126 21 kommunen
805 431 82 25 dertill,
899 431 38 21 bör

286 465 104 27 derjemte
406 464 92 21 beslutas
514 471 34 13 om
558 464 258 28 försäljningsställenas
825 466 62 20 antal
898 466 39 20 och

288 500 54 26 läge,
357 499 48 21 med
420 498 143 28 iakttagande
578 501 33 18 att
626 499 38 20 vid
679 498 103 22 bränneri
797 500 52 20 eller
865 501 72 20 distil-

287 532 163 28 lationsfabrik,
467 533 53 20 eller
534 533 58 20 inom
603 532 49 27 fem
667 536 58 18 verst
745 534 102 26 derifrän
869 535 67 27 något

282 567 218 28 försäljningsställe
522 566 47 21 icke
583 566 43 27 får
645 567 102 21 inrättas.
780 568 157 27 Ordföranden

288 602 90 21 insände
404 602 57 20 inom
484 603 33 18 tre
539 600 76 21 veckor
632 602 225 26 stämmoprotokollet,
874 603 63 21 hvari

288 636 54 21 hans
358 638 46 25 eget
418 635 114 21 utlåtande
547 636 37 20 vid
595 635 169 28 förrättningen
779 636 38 21 bör
835 644 54 14 vara
904 638 33 20 in-

288 673 64 25 taget,
369 670 35 20 till
420 670 140 20 Guvernören
575 670 8 20 i
599 670 64 25 länet,
680 670 91 26 hvilken,
787 671 67 20 sedan
865 672 73 20 veder-

288 704 94 22 börande
404 704 80 21 Pastor
506 704 39 20 och
563 703 178 22 Kronolänsman
757 704 97 28 blifvit
848 699 12 37 i
871 706 67 21 saken

288 739 72 25 hörde,
377 745 49 21 eger
440 740 119 18 stämmans
575 738 69 20 beslut
659 738 148 27 oförändradt
824 740 114 26 stadfästa

287 774 59 24 eller,
366 773 32 27 på
421 772 98 27 anförda
542 772 54 25 skäl,
620 773 74 27 ogilla.
724 772 34 21 De
776 774 95 20 sålunda
885 775 53 27 god-

288 808 73 20 kända
372 806 312 28 försäljningsrättigheterna
706 807 104 27 utbjudas
833 808 30 26 af
881 808 57 21 kom-

287 841 183 22 munalnämnden
488 841 33 27 på
540 840 99 28 offentlig
662 840 90 22 auktion
774 842 22 20 åt
819 842 41 20 den
885 842 54 21 eller

288 878 54 23 dem,
357 883 45 14 som
416 876 66 26 åtaga
497 876 35 26 sig
548 874 71 28 afgift
629 874 42 27 för
686 875 77 28 högsta
779 876 130 21 kannetalet.

357 910 16 21 I
384 910 51 21 stad
450 909 58 21 skall
523 909 120 27 Magistrat
659 909 52 20 eller
728 909 163 28 Ordningsrätt,
907 918 32 13 se-

289 946 45 21 dan
349 943 153 28 borgerskapet
518 943 38 20 och
571 943 160 28 gårdsegarene
747 943 74 28 blifvit
831 945 8 20 i
849 945 91 20 ärendet

289 979 76 25 hörda,
381 979 68 20 innan
460 977 70 28 förra
545 977 86 27 hälften
646 978 31 26 af
683 977 116 22 December
808 979 82 21 månad
901 979 39 21 hos

289 1013 167 28 Länestyrelsen
466 1012 89 27 föreslå
570 1012 84 20 antalet
669 1012 30 27 af
709 1013 178 27 utminuterings-
901 1013 39 21 och

288 1047 246 27 utskänkningsställen,
558 1046 117 27 äfvensom,
698 1047 9 19 i
729 1046 85 21 hvilken
840 1047 59 20 trakt
915 1047 30 27 af

288 1082 78 21 staden
381 1081 76 27 hvarje
468 1080 218 27 försäljningsställe
697 1080 76 27 finnas
795 1081 42 20 må.
870 1081 71 20 Läne-

288 1117 106 28 styrelsen
412 1115 60 27 fatte
496 1114 96 27 derefter
615 1114 69 21 beslut
699 1115 8 19 i
722 1115 90 20 ärendet
827 1115 39 20 och
880 1115 61 27 gifve

290 1152 35 20 det
342 1149 174 28 Stadsstyrelsen
532 1149 115 24 tillkänna,
664 1148 54 21 dock
732 1149 35 20 må
787 1151 55 18 emot
864 1149 77 26 styrel-

290 1192 48 14 sens
354 1185 38 20 och
408 1184 25 20 de
448 1183 194 27 röstberättigades
659 1183 7 19 i
681 1183 76 20 staden
773 1183 58 27 åsigt
847 1183 94 20 beslutas

290 1218 95 22 hvarken
396 1218 36 21 till
437 1217 140 28 förändring
589 1216 30 28 af
621 1216 260 29 försäljningsställenas
893 1217 49 27 läge

290 1254 53 21 eller
360 1253 35 20 till
410 1251 127 22 inrättande
552 1251 31 27 af
589 1251 60 27 flera
665 1253 29 18 än
709 1251 30 27 af
751 1251 46 21 dem
808 1251 135 27 föreslagna

285 1286 240 29 försäljningsställen.
555 1285 104 27 Derefter
685 1285 62 21 skola
772 1286 26 20 de
825 1285 118 28 godkända

285 1320 313 29 försäljningsrättigheterna
614 1320 57 20 inom
686 1319 98 21 Januari
797 1320 94 20 månads
910 1323 34 17 ut-

289 1357 59 28 gång
364 1355 30 27 af
406 1355 173 27 Stadsstyrelsen
593 1354 106 27 utbjudas
713 1354 32 27 på
768 1353 99 28 offentlig
891 1353 53 21 auk-

290 1392 46 20 tion
352 1390 34 21 till
402 1389 70 27 täflan
488 1395 33 14 om
536 1388 72 27 afgift
619 1387 42 28 för
676 1387 77 28 högsta
771 1387 110 21 kannetal.

356 1424 50 21 Den
415 1424 87 27 längsta
512 1423 38 24 tid,
562 1422 41 27 för
614 1422 87 21 hvilken
713 1421 230 28 minutförsäljnings-

290 1459 53 21 eller
358 1457 208 28 utskänkningsrätt
583 1457 44 26 fär
649 1456 31 27 af
696 1455 99 21 kommun
811 1455 92 27 beviljas
918 1457 27 18 är

294 1493 35 21 två
352 1492 26 20 år
393 1493 8 19 i
416 1492 78 20 sender
517 1491 39 21 och
577 1491 35 21 mä
631 1490 72 21 denna
721 1489 105 29 rättighet
841 1489 104 27 upplåtas
