1142 1786
241 156 33 17 176

219 221 35 19 det
269 219 229 27 ”egotillhörigheter?,
515 219 118 20 hvarunder
649 220 72 20 kunna
740 221 121 26 inbegripas
883 222 18 25 ej
919 222 52 19 min-

219 254 37 19 dre
272 254 127 19 fiskevatten
416 254 38 19 och
470 254 134 25 qvarnställe,
621 257 25 17 än
663 255 108 20 kalkbrott
787 255 39 20 och
837 255 65 20 andra
914 255 56 20 hem-

220 295 75 13 manen
312 287 118 26 tillydande
447 287 152 26 egoförmåner.

290 322 49 20 Som
356 322 35 19 det
406 321 24 19 af
442 322 90 19 flertalet
548 322 62 20 bland
627 322 118 20 Utskottets
767 323 135 19 medlemmar
918 323 52 19 före-

220 356 74 26 slagna
317 355 153 27 uppräknande
494 356 22 19 af
536 356 72 19 tvister
632 356 166 20 kronohemman
819 356 91 26 imellan,
927 363 43 13 som

220 393 55 17 ännu
292 389 118 20 tillkomme
424 390 113 25 Kejsarens
548 390 247 26 Befallningshafvandes
804 391 105 26 pröfning,
925 390 47 20 icke

220 430 63 20 synes
300 424 45 19 fullt
362 424 144 20 uttömmande
521 424 38 20 och
573 424 86 26 jemväl,
676 425 67 26 enligt
759 425 41 19 min
817 425 70 25 tanke,
904 424 67 20 skulle

220 458 67 20 verka
309 458 90 26 ändring
422 459 24 19 af
466 458 54 20 hvad
543 458 28 19 uti
592 459 12 19 2
621 461 9 21 $
646 459 27 19 27
689 458 49 26 kap.
754 459 23 19 B.
793 459 22 19 B.
833 459 66 19 finnes
917 458 54 20 stad-

220 492 57 27 gadt,
294 492 87 20 hvarom
398 492 69 26 Nådig
482 493 129 25 proposition
627 494 19 24 ej
664 493 69 20 blifvit
743 493 117 20 Ständerne
871 493 101 26 förelagd,

221 533 61 13 anser
295 527 38 25 jag
349 526 43 26 mig
408 526 48 20 icke
472 526 71 20 kunna
559 526 81 20 biträda
655 527 144 25 pluralitetens
816 528 85 25 mening
912 527 6 19 i
930 532 41 14 om-

220 560 105 20 förmälda
341 560 127 21 hänseende.

290 595 49 19 Med
355 594 116 26 anledning
487 595 23 19 af
524 595 52 19 hvad
594 596 37 25 jag
653 602 26 12 nu
695 598 70 24 yttrat,
785 596 67 19 skulle
865 596 37 26 jag
918 596 54 19 före-

222 628 30 20 slå
269 628 94 26 följande
379 628 125 20 förändrade
520 628 81 26 lydelse
617 629 23 19 af
656 630 23 19 16
695 632 10 22 $
725 630 22 19 10
764 630 48 26 kap.
831 630 22 19 R.
870 630 34 19 B.:

393 662 91 20 ”Tvista
499 662 142 27 innehafvare
655 663 30 27 af
695 663 172 25 kronohemman,
883 665 29 18 ett
923 663 51 20 eller

319 696 63 28 flere,
399 702 33 14 om
446 695 121 26 räskilmad,
579 703 50 21 egor
639 697 52 20 eller
699 697 201 27 egotillhörigheter,
912 697 62 27 lägge

325 730 138 20 Häradsrätt
482 730 46 20 dem
551 730 99 26 imellan;
673 730 37 21 och
728 730 109 28 förordne
855 730 119 28 Kejsarens

325 763 250 28 Befallmingshafvande
590 765 79 27 någon,
685 772 45 14 som
745 766 14 19 &
777 765 96 21 embetets
891 767 84 25 vägnar

325 800 43 19 när
383 800 33 18 är.
446 798 68 20 Döme
529 798 36 21 ock
580 798 137 22 Häradsrätt
735 806 33 14 om
788 799 93 21 åverkan
897 800 13 19 ä
925 798 49 21 kro-

326 832 98 26 nojord.”

292 901 35 20 Uti
343 901 133 20 förestäende
492 901 23 19 af
531 901 96 20 Friherre
650 901 103 26 Carpelan
777 902 80 26 afgifna
880 908 93 13 reserva-

222 937 42 19 tion
290 936 124 19 instämmer
435 936 35 25 jag
493 935 5 19 i
515 935 37 20 allt
574 935 64 26 öfrigt
660 937 57 18 utom
741 936 53 19 hvad
816 936 65 26 angår
897 936 40 19 den
954 936 23 19 af

222 970 112 20 Friherren
352 969 91 20 uttalade
460 969 145 26 betänklighet
620 971 29 18 att
665 969 67 20 forum
748 969 32 20 för
796 970 72 19 tvister
883 970 90 19 emellan

224 1004 167 19 kronohemman
408 1003 89 20 rörande
513 1003 114 24 kalkbrott,
644 1004 46 25 ler-,
707 1004 58 19 mull-
782 1005 39 19 och
840 1004 96 26 sandtägt
948 1011 25 12 m.

223 1045 26 12 m.
273 1038 48 19 icke
345 1037 75 26 skulle;
443 1044 76 19 genom
542 1038 64 19 orden
623 1038 6 19 i
649 1038 40 19 den
723 1038 72 26 Nädiga
817 1039 156 25 propositionen

223 1065 76 27 ”tvista
322 1071 166 20 kronohemman
510 1083 20 3 —
552 1073 27 13 '—
597 1084 24 3 --
639 1079 32 12 om
695 1075 58 24 ägor,
776 1072 127 25 råskilnad”,
926 1078 49 13 vara

224 1107 47 20 med
288 1106 65 26 nödig
369 1106 105 26 tydlighet
490 1105 113 26 bestämdt;
619 1106 40 20 och
675 1113 44 13 som
733 1107 37 26 jag
786 1106 66 20 håller
871 1107 52 24 före,
946 1108 30 17 att

224 1141 25 19 de
266 1147 50 20 nyss
332 1140 94 19 citerade
442 1140 65 19 orden
523 1140 88 19 alldeles
627 1140 54 19 klart
696 1140 103 20 innebära
818 1140 35 19 det
872 1141 73 19 tvister
955 1140 22 19 af

224 1175 80 25 antydd
328 1173 148 20 beskaffenhet
498 1177 36 16 äro
558 1174 104 20 derunder
684 1174 132 26 inbegripna,
835 1174 68 19 skulle
917 1175 58 25 jag
963 1169 17 35 i

224 1208 51 27 följd
292 1208 62 20 häraf
367 1208 107 20 vördsamt
489 1208 86 19 föreslå:

396 1244 33 18 att
444 1241 83 21 landets
544 1241 93 22 Ständer
652 1242 49 21 ville
711 1241 41 28 för
767 1243 63 20 deras
845 1241 34 22 del
895 1242 81 21 beslita

329 1276 35 21 till
379 1283 26 13 en
420 1276 24 21 sä
461 1275 92 28 lydande
563 1275 153 28 författning:

396 1309 50 22 Med
468 1309 95 28 ändring
585 1309 29 27 af
632 1309 55 21 hvad
711 1311 27 20 16
761 1310 14 27 $
797 1311 28 20 10
842 1309 49 28 kap.
908 1310 25 21 R.
949 1310 26 21 B.

327 1346 56 19 samt
406 1345 27 20 40
449 1344 14 26 $
477 1344 8 19 i
503 1343 80 28 Kongl.
607 1343 165 22 Instruktionen
789 1344 42 27 för
853 1344 124 27 Landshöf-

329 1379 107 26 dingarne
452 1377 29 28 af
492 1378 38 21 den
547 1379 13 20 4
576 1378 116 21 November
708 1379 57 20 1734
774 1378 37 21 och
823 1379 24 20 20
859 1379 12 26 $
880 1379 7 19 i
895 1378 80 27 Kongl.

328 1412 153 21 Resolutionen
500 1412 31 27 pä
555 1412 117 27 allmogens
695 1412 72 21 besvär
783 1411 27 28 af
823 1412 39 20 den
878 1413 30 20 29
922 1412 56 21 Juni

328 1448 61 20 1752
411 1446 118 26 innehålla,
552 1447 77 20 varder
651 1447 103 26 stadgadt
773 1449 33 18 att
819 1446 158 27 förstnämnda

330 1481 87 26 lagrum
432 1480 56 21 skall
504 1480 83 21 erhålla
598 1481 103 26 följande
717 1481 90 27 lydelse:
