1142 1786
845 167 33 16 211

148 228 84 27 Nådiga
255 227 157 26 propositionen
437 227 75 26 fogade
535 227 240 27 författningsförslaget.
811 229 31 26 Ty
865 236 33 13 om

149 263 81 24 vittnet,
248 261 26 26 på
290 263 40 18 sätt
345 261 36 20 det
396 261 111 19 anmärkta
522 261 126 26 stadgandet
659 264 100 24 otvunget
770 263 129 20 vidhanden-

148 297 75 25 gifver,
240 295 48 20 icke
304 295 41 19 kan
362 295 23 19 af
399 295 85 19 Kronan
501 294 136 20 utbekomma
652 297 143 25 'ersättningen
812 298 6 18 i
834 297 66 26 fråga,

149 330 63 18 innan
231 329 111 26 utredning
367 328 83 20 vunnits
473 328 79 26 derom,
575 331 27 17 att
621 329 38 19 den
677 330 100 20 tilltalade
799 331 99 26 antingen

149 363 48 20 icke
215 363 69 20 blifvit
299 362 49 20 fälld
365 362 21 20 åt
402 362 64 20 saken
484 362 57 26 eller,
557 362 44 20 ifall
625 363 40 19 han
686 363 68 20 blifvit
773 364 57 26 fälld,
854 365 45 19 der-

151 398 53 18 efter
220 397 106 19 befunnits
343 396 66 20 sakna
425 396 89 27 tillgång
530 396 32 20 till
578 398 155 26 ersättningens
748 398 111 26 gäldande,
878 400 23 19 så

150 431 54 19 skall
221 432 70 18 denna
306 430 114 26 föreskrift,
435 430 7 20 i
459 430 96 26 förening
578 431 47 19 med
650 432 39 19 den
717 433 182 27 omständigheten

150 467 30 18 att
196 465 90 20 berörda
302 464 114 26 stadgande
432 464 48 20 icke
498 464 125 20 bestämmer
643 466 59 19 hvem
726 466 175 21 införskaffandet

150 500 24 18 af
186 500 66 26 sagda
276 499 111 25 utredning
412 498 87 26 åligger,
522 498 82 27 ganska
627 500 106 20 sannolikt
749 500 47 20 leda
812 502 30 19 till
860 502 39 19 den

152 534 140 26 uppfattning,
308 535 30 17 att
353 533 81 25 vittnet,
450 532 67 20 såsom
534 532 101 26 sökande,
648 534 35 19 bör
696 534 113 27 behörigen
821 536 83 26 styrka,

151 570 29 17 att
196 568 41 20 den
254 567 60 20 sökta
337 567 143 26 ersättningen
501 567 109 27 verkligen
628 568 68 20 blifvit
712 569 73 20 vittnet
805 570 95 20 tilldömd

152 602 38 20 och
207 603 30 19 att
253 602 69 19 denna
338 601 116 26 ersättning
470 601 47 19 icke
533 601 80 20 kunnat
629 602 37 20 hos
685 602 39 20 den
745 603 102 21 sakfällde
871 607 29 17 ut-

151 638 65 24 tagas.
248 636 70 18 Blotta
333 635 58 19 lösen
408 635 31 19 för
455 635 35 19 det
506 635 74 27 utdrag
596 636 23 19 af
637 636 128 20 domstolens
788 638 112 26 protokoll,

151 676 44 13 som
212 670 6 19 i
231 669 144 19 förstnämnda
386 669 119 19 hänseende
518 669 39 19 blir
567 669 24 20 af
599 670 76 24 nöden,
687 670 52 20 skall
751 671 6 19 i
768 673 41 18 rätt
824 672 77 26 många

152 703 35 20 fall
204 703 114 26 öfverstiga
342 703 35 19 det
400 703 75 20 vittnet
497 704 110 20 tilldömda
631 704 110 26 beloppet;
765 706 38 20 och
820 713 33 13 om
870 706 30 20 till

152 737 70 20 denna
237 737 59 20 lösen
313 738 71 26 läggas
400 737 41 19 den
457 738 114 26 tidspillan,
587 738 90 27 omgång
693 739 38 19 och
747 739 97 27 kostnad,
856 747 43 13 som

152 772 225 26 protokollsutdragets
401 772 178 20 utbekommande
606 774 64 26 samt
684 773 175 21 införskaffandet
881 774 23 20 af

152 806 139 26 utredningen
316 812 33 13 om
372 806 39 19 den
435 806 115 20 sakfälldes
573 806 144 25 medellöshet,
733 807 36 19 der
788 808 65 20 sådan
872 811 28 17 ut-

153 840 90 26 redning
268 840 114 25 erfordras,
406 840 103 24 medföra,
536 840 39 20 och
601 840 31 20 för
658 840 72 20 hvilka
752 842 75 19 vittnet
854 842 47 20 icke

153 874 31 19 får
208 874 93 25 påräkna
324 874 68 25 någon
416 874 142 25 godtgörelse,
582 874 23 19 så
627 874 40 19 kan
692 874 35 20 det
748 877 88 24 antagas
857 882 44 13 som

155 907 100 26 temligen
280 907 76 24 säkert,
380 909 30 18 alt
431 907 81 27 ganska
534 907 27 23 få,
585 914 32 13 om
642 914 37 13 ens
697 908 76 26 någon,
795 909 61 20 skola
873 911 29 18 ta-

154 949 26 20 ga
203 942 96 19 Kronans
322 941 161 27 ifrågavarande
506 941 249 27 ersättningsskyldighet
774 943 6 18 i
803 943 99 26 anspråk,

154 976 39 20 och
208 978 30 17 att
254 976 40 19 den
312 975 106 20 blifvande
434 976 150 27 författningen
601 976 82 20 således
702 976 83 20 komme
805 979 30 17 att
855 977 46 20 sak-

154 1016 26 13 na
206 1010 27 19 all
261 1009 81 27 verklig
372 1009 116 27 betydelse.
525 1010 41 19 Det
591 1010 41 19 kan
661 1010 32 19 väl
721 1010 120 26 anmärkas,
871 1013 30 18 att

154 1044 102 20 Senatens
283 1043 31 20 för
340 1044 88 19 Finland
458 1044 295 26 Ekonomie-Departement,
781 1045 27 25 på
834 1045 67 26 grund

154 1079 24 19 af
191 1078 40 20 den
248 1077 128 27 befogenhet
399 1084 44 13 som
460 1077 235 27 författningsförslaget
713 1078 138 20 tillerkänner
867 1079 33 20 be-

154 1112 70 20 mälda
246 1112 158 25 Departement,
426 1115 22 16 är
464 1112 5 19 i
486 1111 81 20 tillfälle
592 1115 29 16 att
637 1112 130 26 undanrödja
782 1112 26 20 de
828 1113 75 20 hinder

154 1146 39 20 och
209 1145 136 27 svårigheter,
360 1151 45 14 som
422 1145 117 20 Ständerna
554 1146 37 19 här
610 1146 85 20 vidrört.
717 1145 118 21 Ständerna
855 1147 48 20 dela

154 1181 39 19 ock
210 1180 41 19 den
268 1180 182 25 förutsättningen,
466 1181 31 17 att
511 1179 301 26 Ekonomie-Departementet
827 1180 54 20 skall
897 1181 5 19 i

155 1214 36 20 det
213 1214 111 26 anmärkta
347 1214 64 25 syftet
434 1216 52 24 göra
509 1214 51 19 bruk
576 1214 23 19 af
612 1214 31 19 sin
660 1214 93 26 antydda
769 1214 134 27 befogenhet.

155 1249 47 19 Men
219 1255 32 13 om
269 1248 69 19 denna
362 1248 147 26 förutsättning
532 1251 22 16 är
577 1248 40 19 den
633 1248 84 26 riktiga,
736 1248 23 19 så
774 1249 93 20 förfaller
880 1250 23 25 ju

155 1282 39 20 ock
211 1282 27 20 all
253 1282 61 26 giltig
330 1281 116 27 anledning
462 1283 30 18 att
506 1282 6 19 i
529 1282 74 25 sjelfva
621 1282 126 26 stadgandet
769 1283 76 19 insätta
868 1283 35 20 be-

155 1316 137 26 stämningar,
309 1322 44 13 som
370 1315 72 20 kunna
457 1315 78 20 bereda
549 1323 44 12 rum
609 1315 32 20 för
661 1322 25 13 en
708 1318 84 17 motsatt
813 1317 89 26 uppfatt-

155 1351 56 26 ning.
242 1349 118 21 Ständerna
370 1349 64 20 hafva
445 1349 89 26 derföre,
542 1349 39 20 och
597 1349 27 20 då
640 1349 158 27 utbetalningen
813 1351 24 18 af
850 1357 52 13 mer-

155 1384 140 20 omförmälda
310 1383 147 26 ersättningar,
473 1383 67 26 enligt
554 1383 128 20 Ständernas
697 1383 70 26 tanke,
784 1383 37 20 bör
833 1384 71 21 kunna

157 1420 48 18 utan
222 1418 108 26 synnerlig
346 1417 108 26 svårighet
469 1418 76 19 ordnas
561 1418 26 25 på
603 1420 30 17 ett
648 1419 46 24 sätt,
711 1423 43 14 som
775 1417 128 28 tillbörligen

156 1453 55 19 afser
227 1452 53 20 både
297 1452 96 19 Kronans
409 1452 100 19 säkerhet
524 1452 39 19 och
579 1454 141 24 mottagarens
740 1451 164 28 beqvämlighet,

155 1487 72 19 tillåtit
249 1487 32 25 sig
300 1488 30 18 att
345 1487 18 25 ej
380 1486 88 20 allenast
484 1486 89 20 utesluta
588 1486 43 25 allt,
647 1492 44 13 som
707 1485 42 20 kan
765 1492 60 14 anses
845 1487 58 19 inne-
