1142 1786
875 174 32 17 311

180 237 88 26 lydelse,
284 236 130 26 fullständigt
431 236 78 25 häfves,
526 248 19 1 —
569 236 44 19 dels
630 236 130 26 derigenom,
771 238 30 18 att
811 237 119 20 Ständerna

179 271 31 20 till
227 271 60 19 deras
303 270 145 26 underdåniga
463 276 47 13 svar
526 270 27 25 på
572 270 139 19 förevarande
731 270 82 26 Nådiga
835 271 94 26 proposi-

180 305 42 19 tion
246 304 50 26 foga
318 304 40 19 den
374 303 106 26 anhållan,
504 305 29 17 att
556 303 133 20 utfärdandet
708 304 23 19 af
749 304 182 20 meromförmälda

181 338 232 27 grundlagsstadgande
442 337 63 20 måtte
533 337 37 20 ske
593 338 6 18 i
623 338 130 19 omedelbart
779 339 151 26 sammanhang

183 372 46 20 med
248 372 132 20 utfärdandet
395 372 23 19 af
431 372 154 20 ofvanberörda
601 372 122 26 förordning
739 372 110 26 angående
872 372 58 20 kom-

182 406 198 26 munalförvaltning
395 406 6 19 i
417 406 53 26 stad,
486 406 65 19 sådan
568 406 69 20 denna
648 406 123 26 förordning
782 407 21 19 af
813 406 118 21 Ständerna

182 441 34 19 vid
232 440 143 20 innevarande
391 440 101 26 landtdag
507 441 96 25 antagits.

250 474 30 20 På
302 474 66 25 grund
392 474 22 19 af
435 474 53 19 hvad
506 474 36 19 här
558 474 85 25 anförts,
659 474 31 19 får
705 474 146 26 Lagutskottet
871 475 59 19 vörd-

183 511 53 17 samt
252 508 112 26 tillstyrka,
380 510 30 17 att
425 508 82 19 landets
524 508 119 26 Höglofliga
659 508 89 20 Ständer
769 508 63 20 måtte
849 509 5 19 i
871 508 60 20 deras

182 542 146 27 underdåniga
343 548 47 13 svar
406 542 26 26 på
448 542 40 20 den
504 542 83 27 Nådiga
603 542 164 26 propositionen,
785 542 47 20 med
847 542 84 20 tillkän-

183 577 126 26 nagifvande
332 579 29 16 att
385 576 35 19 det
443 577 158 25 propositionen
621 576 115 26 åtföljande
756 577 175 25 författningsför-

182 612 68 26 slaget
272 612 19 25 ej
315 610 81 20 kunnat
418 610 22 20 af
460 610 46 20 dem
524 610 135 20 oförändradt
674 610 123 26 godkännas
815 613 53 17 samt
884 611 47 19 med

182 646 99 20 anhållan
298 646 30 18 att
343 644 133 20 utfärdandet
492 645 24 19 af
530 645 38 19 den
586 644 106 20 blifvande
709 645 150 27 förordningen
871 646 6 18 i
888 648 42 16 äm-

184 683 35 17 net
241 680 48 19 ieke
312 679 63 19 måtte
398 679 38 19 ske
459 679 132 19 annorlunda
611 682 25 16 än
653 680 6 18 i
676 678 130 20 omedelbart
829 685 102 13 samman-

184 715 55 25 hang
263 713 46 20 med
333 712 133 20 utfärdandet
489 713 22 19 af
528 712 138 20 förenämnda
682 713 122 26 förordning
820 712 111 27 angående

183 747 278 26 kommunalförvaltningen
477 748 6 18 i
500 747 52 25 stad,
568 747 64 19 sådan
650 747 69 19 denna
738 747 123 27 förordning
885 747 47 20 blif-

183 782 29 19 vit
228 782 22 19 af
263 781 117 20 Ständerna
402 781 34 19 vid
461 781 69 19 denua
549 781 101 27 landtdag
665 784 98 23 antagen,
779 781 152 26 underdånigst

183 816 89 24 anmäla,
295 817 29 17 att
346 815 124 25 Ständerna,
489 815 3 19 i
509 815 40 19 den
573 815 90 26 ordning
679 816 25 19 52
721 817 9 22 $
746 816 6 18 i
772 815 158 26 Regeringsfor-

184 856 47 14 men
248 850 22 19 af
284 849 39 20 den
340 850 24 18 21
391 849 88 26 Augusti
506 849 51 20 1772
577 850 38 19 och
632 850 24 18 71
674 852 10 22 $
701 850 6 19 i
726 849 206 26 Landtdagsordnin-

184 891 40 18 gen
241 884 23 19 af
278 884 40 19 den
343 884 23 18 15
384 883 59 26 April
469 884 51 18 1869
545 883 131 26 föreskrifva,
700 884 83 19 beslutit
810 885 78 24 antaga
906 890 26 12 en

184 918 122 25 förordning
322 917 22 19 af
360 917 91 26 följande
470 917 91 26 lydelse:

354 961 49 21 Med
419 961 96 27 ändring
530 961 30 27 af
569 961 56 21 hvad
640 963 13 19 3
668 962 33 26 $i
712 961 79 28 Kongl.
807 961 127 21 Försäkran

281 995 41 28 för
344 995 151 28 borgerskapet
518 995 36 20 och
576 995 110 26 städerna,
702 996 72 27 gifven
789 996 42 20 den
848 997 30 19 23
894 995 41 21 Fe-

287 1030 76 20 bruari
378 1031 64 23 1789,
453 1029 152 28 föreskrifver,
622 1033 56 17 samt
693 1031 14 19 6
721 1030 16 27 $
751 1030 8 19 i
777 1036 82 14 samma
879 1029 56 21 För-

287 1064 81 21 säkran
384 1071 32 13 om
431 1064 36 20 val
482 1064 30 27 af
523 1063 151 28 borgmästare,
695 1064 92 20 rädman
808 1063 36 21 och
863 1063 72 21 stads-

286 1098 131 21 sekreterare
440 1097 127 26 innehåller,
591 1098 78 21 varder
687 1098 123 27 härigenom
825 1098 109 27 stadyadt,

286 1133 70 20 såsom
367 1132 79 27 följer:

354 1167 49 20 Den
426 1166 151 26 borgerskapet
599 1165 36 21 och
663 1167 102 20 städerna
787 1165 149 27 härförinnan

288 1200 165 28 tillförsäkrade
476 1199 130 28 rättigheten
629 1202 32 18 att
678 1199 87 27 föreslå
789 1199 148 28 borgmästare

289 1235 36 20 och
340 1235 59 27 välja
415 1234 98 25 rådmän,
530 1236 32 18 att
577 1236 83 25 antaga
675 1234 84 20 mindre
775 1234 112 27 betjening,
904 1236 33 18 att

289 1272 87 17 taxeras
398 1268 30 27 af
446 1275 54 20 egna
524 1268 137 20 medlemmar
679 1267 37 21 och
732 1270 32 18 att
773 1267 101 28 förvalta
893 1270 44 17 stä-

288 1303 78 21 dernas
382 1302 106 21 'enskilda
510 1302 82 25 kassor,
615 1301 54 21 dock
690 1302 25 20 så
737 1304 32 18 att
791 1302 26 20 de
834 1302 36 19 mä
884 1308 54 13 vara

289 1336 133 28 tillräckliga
439 1336 37 21 och
486 1336 76 27 förslä
579 1336 34 21 till
629 1336 112 20 allmänna
757 1335 37 21 och
810 1335 80 27 nödiga
904 1335 34 20 be-

289 1370 43 27 hof,
348 1370 57 21 skall
420 1370 130 27 hädanefter
566 1369 97 21 orudbad
681 1369 119 21 tillkomma
818 1368 120 21 stadskom-

288 1411 118 14 munernas
428 1405 103 26 samtliga
553 1404 34 20 vid
610 1403 174 21 rädhusstämma
803 1403 135 20 röstberätti-

288 1439 54 27 gade
358 1439 143 28 medlemmar.
918 1435 3 2 |

254 1473 131 26 Helsingfors
402 1473 40 19 den
463 1473 22 19 15
501 1473 41 25 Maj
562 1473 59 19 1872.
