1142 1786
870 160 33 17 507

277 224 91 21 bränvin
384 223 106 20 inbetalas
500 222 140 27 förskottsvis
651 222 42 27 för
707 222 74 28 hvarje
796 224 86 27 qvartal
893 224 35 20 till

278 258 104 21 Kronans
404 257 161 27 uppbördsman
585 257 8 20 i
609 259 60 18 orten
691 257 37 20 och
750 257 129 21 inlevereras
902 258 29 26 af

276 293 77 19 honom
378 292 35 20 till
436 291 173 25 landtränteriet,
627 291 42 26 för
691 293 33 18 att
742 291 8 20 i
767 291 159 27 sammanhang

277 326 47 20 med
338 326 85 20 skatten
433 325 41 27 för
490 324 268 28 bränvinstillverkningen
773 326 115 20 redovisas.

569 376 14 27 $
598 377 35 19 64.

344 416 78 21 Andra
438 422 61 14 mom.
515 416 8 20 i
542 415 115 21 Utskottets
667 415 90 28 förslag
773 416 35 20 till
823 416 71 21 denna
904 417 21 27 $,

277 451 111 27 angående
402 450 136 21 handlandes
553 450 9 20 i
575 450 50 20 stad
639 452 46 19 rätt
701 452 32 19 att
744 450 13 20 å
767 450 83 28 upplag
865 450 61 20 hålla

278 484 92 21 bränvin
384 484 73 28 utgår.

311 552 31 20 Af
354 552 96 19 Rektor
466 550 108 22 Hallstén.

243 604 10 18 I
268 603 100 20 afseende
385 602 12 20 &
413 602 167 20 bestämmandet
595 602 23 20 af
631 602 26 20 de
673 602 32 20 för
720 603 151 26 utminutering
886 603 39 19 och

176 637 142 27 utskänkning
342 637 22 19 af
385 637 88 19 bränvin
497 636 104 26 utgäende
624 636 85 26 afgifter
728 636 83 20 förenar
829 638 36 25 jag
883 637 42 26 mig

175 672 47 19 med
247 671 108 20 Professor
378 670 71 26 Cleve,
470 677 47 13 men
534 671 4 19 i
555 670 100 20 afseende
671 670 12 20 å
698 670 61 20 dessa
778 671 95 26 afgifters
889 678 35 12 an-

177 706 109 20 vändande
302 706 66 19 skulle
382 706 38 26 jag
436 705 106 19 vördsamt
557 704 76 20 föreslä
649 707 36 23 att,
697 705 63 20 sedan
773 705 100 20 kontroll-
886 706 38 19 och

176 739 248 27 uppbördskostnaderna
450 739 72 26 afgätt,
547 738 119 20 återstoden
690 739 118 20 fördelades
831 739 94 25 sålunda,

175 776 30 18 att
225 780 40 13 ena
280 774 79 19 hälften
376 773 95 20 tillfaller
487 774 67 19 länets
569 773 216 27 landtbrukssällskap
801 776 30 17 att
847 776 78 17 använ-

174 808 36 20 das
232 808 30 19 till
279 808 105 25 ändamål,
400 814 44 13 som
461 808 31 19 för
508 808 57 19 länet
580 808 82 25 nyttiga
677 810 43 22 äro,
736 808 38 19 och
791 808 66 20 andra
872 808 51 20 hälf-

172 845 35 17 ten
224 842 128 20 kommunen
368 842 32 20 för
416 842 47 20 dess
478 848 157 20 gemensamma
652 842 68 20 behof.

358 979 241 20 Ekonomiutskottets
621 978 145 21 betänkande
789 979 31 20 N:o
841 979 12 20 6
869 979 54 20 inne-

309 1013 85 20 fattande
409 1013 73 26 förslag
497 1013 30 20 till
542 1013 181 26 sammanjemkning
741 1013 21 20 af
778 1013 23 20 de
817 1013 53 20 olika
890 1013 33 20 be-

306 1047 44 25 slut,
366 1047 5 20 i
387 1047 65 20 hvilka
467 1048 23 19 de
506 1047 95 20 särskilda
611 1047 82 20 Stånden
709 1049 74 18 stannat
797 1047 7 20 i
819 1047 103 26 anledning

306 1081 22 20 af
349 1081 56 20 Hans
430 1081 132 26 Kejserliga
576 1081 117 26 Majestäts
709 1081 70 26 Nädiga
793 1081 127 26 proposition,

306 1115 98 26 angående
422 1115 130 26 tillverkning,
567 1115 123 26 försäljning,
706 1115 69 26 upplag
790 1115 35 20 och
840 1115 82 26 forsling

306 1149 22 20 af
340 1149 85 20 bränvin.

237 1211 69 20 Sedan
323 1211 81 20 landets
421 1212 120 26 Höglofliga
556 1212 95 22 Ständer,
667 1212 52 19 efter
734 1211 65 20 skedd
811 1211 107 27 föredrag-

169 1247 52 26 ning
241 1247 23 19 af
277 1246 219 20 Ekonomiutskottets
512 1246 40 20 den
571 1247 24 19 10
612 1246 89 19 förlidne
717 1246 40 26 Maj
773 1247 59 25 gifna
849 1247 70 20 betän-

170 1280 69 20 kande
250 1281 6 19 i
268 1280 115 26 anledning
398 1281 24 18 af
435 1281 137 19 förenämnda
587 1281 83 26 Nädiga
685 1281 136 25 proposition,
833 1281 20 19 ät
864 1281 56 20 Eko-

169 1314 160 20 nomiutskottet
351 1314 140 20 öfverlemnat
512 1317 30 18 att
560 1315 114 19 verkställa
694 1315 26 19 de
741 1315 180 26 omredigeringar

170 1348 23 19 af
207 1348 149 25 betänkandet,
373 1355 43 12 som
429 1349 5 18 i
447 1349 51 26 följd
514 1349 23 19 af
550 1348 127 21 Ständernas
688 1348 6 19 i
705 1350 71 17 ämnet
791 1349 78 19 fattade
885 1348 34 20 be-

168 1381 40 20 slut
231 1381 71 20 blefve
322 1382 22 19 af
363 1382 75 26 nöden,
459 1383 23 19 sä
501 1383 38 19 har
554 1382 108 20 Utskottet
677 1383 6 18 i
700 1382 41 26 dag
757 1382 90 20 förehaft
863 1383 58 18 detta
940 1385 3 3 '

167 1416 78 19 ärende
269 1416 30 19 till
324 1417 161 26 öfverläggning
510 1417 39 20 och
571 1417 74 19 dervid
666 1417 109 25 inhemtat,
791 1418 30 17 att
836 1416 25 19 de
878 1419 41 16 sär-

168 1449 70 20 skilda
254 1449 92 20 Ständen
362 1450 60 20 fattat
438 1451 93 26 följande
546 1451 46 19 frän
604 1450 144 21 betänkandet
758 1450 115 20 afvikande
885 1450 34 20 be-

166 1483 48 26 slut,
230 1484 117 26 nemligen:
