1142 1786
224 165 34 18 180

306 227 104 27 myndiga
425 227 9 20 i
448 229 23 25 ty
484 226 44 27 fall
551 225 86 23 bistånd
658 229 61 26 göra.
748 226 17 22 I
780 227 90 27 ringare
888 226 67 21 brott-

306 261 45 20 mål
374 260 37 21 och
427 261 9 20 i
451 261 106 20 tvistemål
578 262 37 19 må
633 268 53 14 man
699 268 75 21 genom
790 261 51 27 laga
857 261 99 20 ombuds-

307 301 52 15 man
377 294 55 21 kära
453 294 37 21 och
512 302 76 18 svara;
610 295 52 21 dock
684 295 57 21 skall
763 294 135 26 hufvudman
915 294 41 28 för

306 330 61 20 rätta
382 328 90 26 komma,
488 330 42 19 när
545 329 103 21 domaren
663 329 34 21 det
713 329 110 23 fordrar.”

375 363 73 26 Enligt
470 363 66 20 Hans
559 363 149 27 Kejserliga
722 364 133 26 Majestäts
873 363 83 25 Nådiga

843 397 17 13 24
870 396 86 13 November

344 404 121 26 befallning,
485 404 70 26 gifven
575 404 6 19 i
597 404 30 20 S:t
646 404 126 26 Petersburg
787 404 41 19 den
848 414 76 3 sen

346 444 60 20 1871.

475 500 68 20 ALEX.
562 500 124 20 ARMFELT.

647 550 36 22 Ch.
703 550 46 21 Em.
765 550 122 21 Frosterus.

376 715 176 26 Lagutskottets
571 715 154 20 betänkande
748 715 32 21 N:o
801 716 12 19 3
829 716 6 19 i
853 715 103 26 anledning

342 750 21 20 af
376 750 56 20 Hans
447 749 136 26 Kejserliga
601 749 122 26 Majestäts
741 749 68 27 Nädiga
824 745 131 36 proposition,

210 795 15 10 -
343 784 98 26 angående
456 783 104 21 förändrad
574 783 72 26 lydelse
662 783 22 20 af
695 783 9 20 1
720 784 13 25 8
748 783 20 20 15
784 783 44 27 kap.
843 784 22 20 R.
881 784 18 20 B.

274 846 42 20 Till
338 846 157 26 Lagutskottets
518 846 129 26 behandling
669 846 64 20 hafva
747 846 98 26 samtliga
863 846 92 20 Ständen

206 880 142 20 öfverlemnat
369 880 70 19 denna
460 880 83 26 Nädiga
566 880 137 26 proposition,
726 880 92 25 hvarom,
837 880 68 26 enligt
919 880 36 19 Ut-

206 914 81 20 skottet
302 914 112 20 meddelad
430 914 157 26 underrättelse,
604 913 69 27 nägon
689 914 130 26 omröstning
834 914 6 19 i
857 913 98 27 Kejserli-

206 955 28 20 ga
248 948 93 21 Senaten
357 947 47 20 icke
420 950 35 25 egt
470 955 51 12 rum.

274 1016 10 20 I
300 1016 40 20 den
356 1015 83 27 Nädiga
461 1016 157 26 propositionen
633 1018 24 17 är
672 1015 46 20 med
736 1015 40 20 den
793 1015 44 20 deri
855 1015 100 27 föreslag-

206 1057 27 13 na
248 1050 126 20 förändrade
397 1049 81 26 lydelse
501 1049 23 20 af
549 1050 9 19 1
581 1051 9 22 $
610 1049 23 20 15
661 1049 48 26 kap
734 1049 24 20 R.
784 1049 23 20 B.
830 1049 75 26 afsedt,
927 1051 30 18 att

205 1085 7 18 i
228 1084 85 26 ringare
336 1083 99 20 brottmäl
456 1083 117 20 svaranden
597 1083 112 20 framdeles
731 1083 57 26 finge
813 1090 76 19 genom
908 1083 48 26 laga

206 1118 78 20 ombud
308 1117 188 20 tillstädeskomma
518 1117 40 20 och
580 1117 80 26 afgifva
682 1117 111 26 svaromäl,
816 1117 73 20 sävida
908 1117 48 20 icke

207 1152 125 25 domstolen,
356 1151 36 20 der
415 1151 64 20 mälet
501 1151 136 26 förekomme,
657 1151 100 26 pröfvade
773 1151 183 21 hufvudmannens

207 1185 121 26 personliga
345 1188 87 16 närvaro
448 1185 127 26 nödvändig,
591 1187 54 17 samt
660 1187 37 24 att,
713 1185 65 20 under
794 1185 111 20 enahanda
915 1185 41 19 för-

207 1219 79 26 behåll,
309 1218 136 27 mälsegande
466 1219 79 26 jemväl
567 1219 80 20 erhölle
671 1219 94 20 bestämd
791 1219 100 27 rättighet
905 1220 51 19 att
945 1214 14 36 i

208 1253 74 27 dylika
297 1253 42 20 mäl
355 1253 68 20 utföra
438 1253 32 20 sin
486 1253 56 20 talan
558 1259 75 21 genom
651 1253 84 26 ombud,
754 1253 88 20 emedan
865 1253 90 27 angäen-

208 1287 25 20 de
249 1287 131 20 sistnämnda
395 1287 157 26 omständighet
567 1287 94 20 bestämd
679 1288 105 19 föreskrift
799 1295 27 12 nu
845 1287 111 20 saknades.

276 1321 41 20 Det
332 1327 28 14 nu
376 1321 100 26 gällande
490 1321 126 26 stadgandet
631 1321 7 20 i
655 1322 53 19 1734
724 1321 33 20 års
773 1321 35 26 lag
823 1327 33 14 om
873 1328 84 13 svaran-

208 1355 52 20 dens
283 1354 127 27 ovilkorliga
433 1357 88 18 närvaro
536 1355 7 19 i
559 1355 98 20 brottmål
679 1358 23 17 är
727 1355 166 26 uppenbarligen
916 1355 41 19 till-

208 1389 93 19 kommet
315 1389 7 18 i
338 1389 111 19 rättvisans
465 1389 95 20 intresse.
591 1389 38 20 Om
646 1389 40 20 den
705 1389 102 20 tilltalade
826 1391 23 17 är
864 1389 93 26 skyldig,

209 1423 41 19 kan
266 1422 64 26 ingen
348 1428 75 20 annan,
440 1423 67 19 bättre
522 1425 26 17 än
565 1423 48 26 han,
628 1423 105 26 redogöra
748 1423 31 19 för
796 1423 117 19 motiverna
927 1422 30 19 till

209 1456 77 20 brottet
308 1458 53 17 samt
376 1456 26 19 de
418 1457 186 32 omständigheter,
620 1457 118 20 hvarunder
756 1457 36 19 det
807 1456 69 20 blifvit
894 1455 63 20 föröf-

208 1489 56 26 vadt,
280 1489 125 25 isynnerhet
426 1496 34 14 om
478 1490 82 26 brottet,
579 1490 68 20 såsom
667 1490 63 20 oftast
745 1493 23 17 är
783 1490 65 26 fallet,
866 1490 19 25 ej
903 1489 55 20 skett
