1142 1786
843 167 34 18 225

148 229 118 26 rättningar
282 228 68 20 skulle
366 235 76 19 genom
460 229 40 19 den
516 229 121 26 föreslagna
652 229 149 27 författningen
821 232 78 25 tagas
888 224 15 37 i

148 262 76 27 skydd,
247 262 143 20 förekommer
413 262 36 20 det
468 262 116 21 Ständerne
599 265 30 18 att
644 263 7 19 i
669 264 8 18 1
696 265 9 22 $
721 264 22 19 af
757 264 40 20 den
815 264 84 28 Nädiga

148 297 157 25 propositionen
322 296 67 20 under
405 302 25 13 en
447 303 121 19 gemensam
584 297 195 27 straffbestämning
794 304 104 14 samman-

146 330 52 19 förts
221 330 133 26 handlingar,
374 330 89 19 emellan
483 330 72 20 hvilka
570 336 25 14 en
612 330 120 27 väsendtlig
751 332 81 20 olikhet
847 332 6 20 i
869 333 30 19 af-

147 364 78 20 seende
241 364 12 20 å
268 364 40 20 den
325 364 121 26 subjektiva
461 364 162 20 straffbarheten
642 365 121 20 förefinnes.
792 366 9 20 I
824 366 72 20 anled-

147 399 51 26 ning
221 398 61 20 häraf
303 398 62 20 hafva
388 398 118 20 Ständerne
522 398 59 20 hällit
597 399 44 20 före
657 401 30 18 att
702 400 61 20 dessa
781 400 115 27 subjektivt

147 432 58 20 olika
227 433 45 26 slag
295 432 23 20 af
338 432 127 26 handlingar
488 432 49 20 böra
553 432 43 20 från
613 433 119 20 hvarandra
747 434 94 26 åtskiljas
857 435 39 20 och

147 467 97 19 hänföras
261 466 65 20 under
342 466 104 20 särskilda
461 466 218 28 straffbestämningar
698 467 23 20 så
737 468 84 26 mycket
839 476 59 15 mera

147 507 44 14 som
213 502 29 18 ett
261 500 50 20 slikt
329 500 183 20 sammanförande
534 500 22 20 af
573 500 117 20 olikartade
706 502 109 26 brottsliga
831 503 74 19 hand-'

146 535 76 26 lingar,
238 535 67 25 enligt
320 534 128 20 Ständernes
464 535 71 25 tanke,
551 535 40 19 kan
608 535 48 20 leda
667 536 31 19 till
713 536 183 27 missuppfattning

146 569 23 20 af
183 569 142 26 lagstiftarens
348 569 86 26 mening
457 575 33 14 om
514 569 26 20 de
560 569 57 20 olika
638 569 92 20 brottens
749 571 92 19 väsende
857 571 39 20 och

146 602 141 20 straffbarhet.
317 602 77 20 Likasä
410 602 63 20 hafva
488 603 116 20 Ständerne
620 606 69 18 ansett
708 604 79 26 nödigt,
806 606 31 18 att.
855 604 40 20 den

146 638 7 18 i
169 637 137 26 lagförslaget
327 637 87 26 intagna
437 637 193 27 straffbestämning
653 638 31 19 för
700 638 107 26 handling,
823 639 76 19 hvaraf

146 672 19 25 ej
183 672 45 26 följt
244 671 75 20 hinder
334 671 34 19 vid
385 671 140 27 begagnande
541 672 22 19 af
576 672 115 26 inrättning
707 672 22 19 af
748 679 25 13 nu
792 672 105 26 ifrägava-

146 706 65 19 rande
234 706 52 26 slag,
310 705 70 19 blefve
401 705 46 19 med
464 706 82 26 tydliga
562 706 36 19 ord
614 705 88 20 hänförd
719 706 74 19 endast
807 706 32 20 till
855 707 40 19 den

146 740 145 20 förstnämnda
313 739 46 19 utaf
380 739 178 21 ofvanomordade
578 742 32 17 art
625 739 22 20 af
660 740 124 26 lagstridiga
799 740 96 20 handlin-

146 780 38 20 gar
207 774 52 20 eller
282 772 132 27 uppsätligen
430 774 60 26 gjord
506 774 72 25 skada,
595 773 26 20 dä
637 774 40 19 den
693 774 88 20 sednare
799 774 52 20 eller
866 774 29 20 ät-

146 808 52 26 gärd
221 808 98 26 vidtagen
343 809 50 17 utan
417 807 97 27 behörigt
536 807 100 26 tillständ,
655 814 47 13 men
722 808 64 19 ocksä
801 809 50 19 utan
866 809 29 19 af-

147 842 41 26 sigt
201 844 40 20 .att
262 842 66 19 skada
344 841 42 19 kan
402 841 100 20 hemfalla
517 842 66 19 under
597 841 41 20 den
654 841 107 20 blifvande
777 842 118 19 författnin-

146 882 53 19 gens
222 875 109 24 straffbud,
355 875 75 20 endast
444 876 6 18 i
467 876 35 19 det
518 876 42 25 fall,
576 877 30 18 att
621 875 92 26 verkligt
727 875 75 20 hinder
817 875 32 20 för
864 876 31 19 in-

146 910 132 26 rättningens
294 909 110 20 drifvande
420 909 62 20 deraf
495 909 97 26 uppstätt.

214 944 9 19 I
246 943 138 20 betraktande
414 943 23 19 af
456 944 32 19 att
509 943 83 26 Nädiga
614 943 226 26 fridlysningsstadgan
864 943 32 20 för

146 978 82 19 landets
248 978 119 25 jernvägar,
391 977 87 19 kanaler
501 977 39 20 och
564 976 226 27 telegrafinrättningar
813 977 23 19 af
854 977 41 20 den

146 1012 26 20 24
195 1011 121 20 November
340 1011 54 19 1864
409 1011 6 18 i
432 1011 12 19 2
460 1011 39 20 och
516 1011 11 19 4
548 1013 21 22 $$
590 1011 85 26 stadgar
697 1010 58 20 straff
771 1011 32 19 för
824 1011 70 20 försök

146 1048 30 17 att
191 1045 67 20 skada
272 1048 58 23 göra,
346 1051 63 20 synes
425 1045 40 19 slik
477 1044 221 27 ansvarsbestämning
709 1045 31 20 för
751 1044 70 20 försök
834 1045 61 26 följd-

145 1080 75 26 riktigt
242 1079 51 20 böra
314 1079 52 26 ingä
389 1079 61 19 äfven
466 1079 6 19 i
489 1086 26 12 nu
538 1079 120 26 föreslagna
676 1079 83 26 stadga;
777 1079 40 19 och
832 1079 63 19 hafva

145 1114 117 20 Ständerne
286 1113 54 26 förty
363 1115 69 18 ansett
452 1113 40 19 den
508 1113 7 19 i
537 1113 6 20 2
559 1119 61 14 mom.
637 1113 22 19 af
675 1114 8 18 1
701 1115 10 22 $
726 1113 86 26 intagna
827 1112 67 20 straff-

147 1148 159 26 bestämningen
323 1147 51 20 böra
390 1147 118 19 utsträekas
521 1147 79 26 jemväl
615 1147 32 19 till
663 1147 70 20 försök
749 1149 30 17 att
795 1146 98 27 uppsätli-

145 1189 41 19 gen
210 1182 66 20 skada
298 1181 161 27 ifrägavarande
482 1181 159 26 anläggningar,
668 1181 86 19 hvarvid
778 1181 117 19 Ständerne

145 1217 31 20 till
192 1215 174 21 förekommande
382 1215 23 20 af
418 1215 41 20 den
475 1214 104 27 tolkning,
595 1216 30 19 att
640 1216 35 19 det
689 1215 7 19 i
718 1216 4 18 1
741 1220 60 15 mom.
818 1216 77 19 utsatta

146 1251 107 20 minimum
269 1250 23 19 af
305 1249 59 20 böter
380 1255 50 14 vore
446 1251 30 18 att
490 1249 106 26 iakttagas
611 1250 62 19 äfven
685 1249 34 20 vid
734 1249 161 26 tillämpningen

145 1286 23 19 af
182 1285 12 20 2
210 1291 70 19 mom,
296 1284 29 19 uti
340 1284 58 19 detta
414 1283 90 20 sednare
520 1285 92 18 moment
627 1283 69 26 tillagt
711 1284 30 19 ett
756 1283 107 20 minimum
874 1283 23 19 af

145 1320 58 25 tjugu
220 1318 66 20 mark.

213 1353 33 19 Då
268 1353 35 19 det
318 1352 6 19 i
340 1352 12 19 2
368 1353 10 22 $
394 1351 23 20 af
430 1351 136 27 lagförslaget
588 1351 47 20 icke
657 1354 23 17 är
698 1351 77 26 tydligt
794 1350 100 27 uttryckt,

144 1389 30 18 att
196 1384 65 23 också
284 1386 34 19 det
341 1385 81 26 hinder,
439 1385 86 20 hvarom
541 1385 7 20 i
564 1385 64 26 sagde
643 1387 10 22 $
669 1385 60 25 talas,
749 1384 37 20 bör
801 1391 51 13 vara
867 1391 26 13 en

144 1421 51 26 följd
219 1421 23 19 af
255 1420 64 26 något
341 1419 98 20 vållande
459 1419 31 20 för
506 1421 30 18 att
551 1419 35 20 det
601 1419 6 20 i
624 1419 75 26 denna,
718 1418 39 20 och
773 1419 18 25 ej
807 1418 36 20 det
857 1419 8 18 i
882 1419 9 19 1

144 1457 10 22 $
171 1455 31 20 för
217 1453 150 21 förorsakande
383 1453 23 20 af
420 1453 74 20 hinder
510 1453 101 26 stadgade
631 1453 60 19 straff
707 1452 53 20 skall
780 1452 72 19 kunna
872 1452 21 19 å-

144 1489 80 24 dömas,
248 1489 53 19 samt
323 1487 107 20 vållandet
452 1487 45 19 åter
520 1489 61 23 säges
603 1492 51 14 vara
676 1492 25 13 en
726 1485 51 26 följd
801 1485 54 20 blott
873 1485 24 19 af

803 1518 23 17 15
