1142 1786
889 161 33 16 235

195 227 31 18 att
240 225 82 20 landets
338 225 90 20 Ständer
443 224 50 20 ville
508 224 114 27 godkänna
637 224 40 19 den
693 224 82 26 Nådiga
785 224 158 26 propositionen

195 260 6 19 i
218 259 124 20 hufvudsak.

264 294 40 19 För
320 293 26 19 de
362 292 165 26 anmärkningar
546 293 55 18 emot
620 291 161 27 ifrågavarande
800 292 144 27 författnings-

196 327 84 26 förslag,
303 327 31 19 till
357 326 73 20 hvilka
451 326 108 20 Utskottet
583 325 34 20 vid
636 326 41 20 den
694 328 95 18 närmare
807 325 138 27 granskning,

196 367 43 13 som
256 360 107 21 Utskottet
382 363 64 23 egnat
463 360 122 26 detsamma,
605 359 68 20 funnit
688 359 46 21 skäl
754 360 137 25 förekomma,
908 360 37 19 har

197 395 107 21 Utskottet
319 396 51 18 trott
385 395 32 26 sig
432 394 69 20 tillika
516 394 51 20 böra
582 394 6 19 i
604 393 85 21 korthet
703 394 110 26 redogöra.

265 429 47 19 Med
328 428 125 27 stadgandet
468 428 7 20 i
490 428 64 20 första
570 434 62 14 mom.
648 428 23 20 af
685 428 12 20 2
713 430 10 22 $
738 428 7 20 i
761 428 36 20 det
806 428 84 26 Nådiga
905 428 40 19 för-

196 463 204 27 fattningeförslaget
422 465 22 17 är
466 462 74 26 afsedt,
560 464 36 24 att,
612 462 65 20 sedan
694 462 103 26 borgenär
812 462 47 20 låtit
877 461 69 27 någon

196 498 24 19 af
233 498 51 19 flere
299 497 204 27 proprielöftesmän,
519 497 51 19 eller
588 497 52 19 hans
663 496 195 26 rättsinnehafvare,
881 496 66 20 blifva

198 532 79 19 befriad
294 531 43 20 frän
354 531 40 20 den
411 531 128 19 förbindelse
555 531 40 19 han
611 530 75 27 ingätt,
702 531 26 19 de
743 531 67 26 öfrige
825 531 120 19 löftesmän-

198 573 40 13 nen
254 565 48 20 icke
318 566 61 26 äläge
394 565 135 26 ansvarighet
544 565 31 20 för
591 565 55 20 hvad
662 565 23 20 af
698 565 76 26 gälden
791 565 53 20 efter
858 564 89 20 hufvud-

198 600 52 20 talet
264 600 28 26 pä
307 600 77 19 honom
401 599 67 20 skulle
484 600 32 25 sig
532 599 85 26 belupit,
635 599 38 19 och
690 601 30 17 att
738 599 105 27 borgenär
861 599 87 19 dämera

198 634 18 26 ej
234 640 50 13 vore
307 633 118 26 berättigad
448 635 30 18 att
497 633 31 19 för
544 633 48 20 hela
607 633 120 19 äterstoden
742 633 24 19 af
778 633 77 27 gälden
874 633 74 19 kräfva

198 668 85 20 hvilken
307 668 23 19 af
350 667 27 20 de
400 667 68 27 öfriga
482 667 153 19 löftesmännen
652 667 40 19 han
709 667 58 25 ville;
790 673 47 14 men
857 667 89 19 emedan

198 702 35 20 det
248 704 58 24 synts
322 702 108 20 Utskottet
445 701 89 27 obilligt,
550 703 30 18 att
596 701 110 27 borgenär,
722 708 44 13 som
782 702 19 26 ej
817 702 47 19 lätit
877 701 70 27 nägon

198 736 144 20 försummelse
358 735 86 20 komma
458 736 32 26 sig
506 736 30 19 till
552 736 39 19 last
607 738 43 18 mot
665 736 26 20 de
707 736 67 26 öfriga
784 736 162 25 löftesmännen,

199 770 123 20 beröfvades
344 769 110 20 förmänen
477 769 22 20 af
520 770 40 19 den
579 770 125 20 solidariska
720 770 135 26 ansvarighet
873 770 26 20 de
915 770 32 20 för

198 804 87 26 gäldens
308 804 156 26 äterbetalning
486 804 68 20 iklädt
575 804 39 26 sig,
639 804 37 20 har
696 804 107 20 Utskottet
817 804 7 20 i
840 804 107 20 öfverens-

198 838 120 20 stämmelse
334 838 87 20 härmed
436 838 74 21 ändrat
526 838 148 26 ordalydelsen
690 838 7 20 i
713 838 65 26 sagde
793 840 101 18 moment.

268 872 40 20 Till
331 872 67 20 andra
421 878 61 14 mom.
498 872 6 20 i
520 878 80 14 samma
620 874 9 22 $
650 872 38 20 har
711 872 106 20 Utskottet
839 872 58 26 fogat
919 875 30 17 ett

198 906 116 27 stadgande
330 906 7 20 i
353 906 35 20 det
410 905 62 27 syfte,
494 906 32 20 att
547 906 111 19 löftesman
682 905 41 20 kan
747 906 7 19 i
777 906 170 20 medlöftesmans

198 940 101 26 konkurs,
315 940 51 20 eller
382 940 144 26 ärsproklama
542 940 12 20 &
569 940 52 20 hans
637 940 133 26 borgenärer,
786 942 49 17 utan
847 940 101 19 afseende

199 975 51 20 derä
272 981 34 13 om
330 974 169 27 fordringsegare
523 975 37 19 der
582 974 71 20 utsökt
674 975 32 18 sin
727 974 83 20 fordran
827 974 51 20 eller
893 973 56 26 icke,

200 1009 82 19 bevaka
297 1009 30 19 sin
345 1015 54 20 egen
415 1008 63 25 talan,
494 1015 34 13 om
544 1009 40 19 han
600 1008 23 20 sä
638 1009 32 19 för
685 1008 51 26 godt
751 1008 74 20 finner.
854 1008 41 20 Det
906 1007 42 20 kan

200 1043 106 26 nemligen
322 1042 90 25 inträffa,
429 1044 13 17 t.
458 1049 41 18 ex.,
515 1044 36 24 att,
566 1042 65 20 sedan
647 1049 26 13 en
690 1042 22 19 af
726 1044 30 18 tre
772 1042 110 20 löftesmän
903 1042 46 19 blif-

200 1077 29 19 vit
251 1077 32 19 sin
306 1076 136 27 ansvarighet
465 1076 31 19 för
516 1076 76 26 gälden
611 1077 54 25 gvitt
684 1082 76 20 genom
777 1076 114 26 borgenärs
908 1076 41 19 för-

200 1111 112 20 summelse
335 1112 30 18 att
380 1111 7 19 i
403 1110 51 19 hans
477 1110 92 20 konkurs
593 1110 82 19 bevaka
698 1110 31 19 sin
746 1110 91 25 fordran,
852 1110 41 19 den
910 1116 39 13 ene

200 1145 23 20 af
236 1145 27 20 de
279 1145 34 20 två
328 1145 68 26 öfriga
411 1145 154 19 löftesmännen
582 1144 79 26 nödgas
683 1144 68 20 betala
770 1143 34 20 två
824 1143 127 26 tredjedelar

200 1181 22 19 af
235 1180 89 27 gälden;
341 1185 47 13 men
404 1179 22 19 af
439 1179 39 19 den
494 1179 72 24 andre,
582 1178 6 19 i
605 1178 52 19 brist
671 1178 24 19 af
707 1177 96 27 tillgång,
819 1178 18 25 ej
859 1177 91 20 erhåller

201 1213 135 27 godtgörelse
346 1226 2 2 -
360 1213 31 19 för
414 1212 55 20 hvad
492 1212 40 19 han
549 1212 81 20 utöfver
645 1212 32 19 sin
693 1211 63 20 andel
773 1211 70 26 betalt,
861 1211 40 20 och
916 1211 33 19 för

200 1249 65 20 sådan
288 1247 101 20 händelse
412 1247 56 19 velat
490 1246 83 20 förvara
595 1246 32 27 sig
650 1246 56 20 talan
727 1246 30 19 till
772 1246 41 19 den
832 1246 118 25 löftesman,

201 1283 62 20 hvars
286 1281 129 20 förbindelse
439 1281 137 25 borgenären,
600 1280 27 26 på
647 1282 40 17 sätt
706 1280 3 19 i
725 1286 62 13 mom.
803 1283 68 23 säges,
887 1279 64 20 efter-

201 1316 68 27 gifvit.
300 1315 107 20 Utskottet
422 1314 37 20 har
474 1315 90 25 derföre,
579 1314 39 20 och
635 1314 26 20 då
677 1315 36 19 det
727 1314 48 19 icke
789 1314 162 19 öfverensstäm-

202 1357 44 13 mer
262 1349 47 20 med
325 1349 93 26 rättvisa,
434 1351 30 17 att
480 1349 113 26 borgenärs
608 1348 145 20 försummelse
769 1348 55 26 finge
844 1348 65 19 verka
924 1348 27 26 på

203 1384 170 19 medlöftesmans
389 1384 47 24 rätt,
452 1383 6 18 i
474 1383 94 26 enlighet
583 1383 86 20 dermed
690 1382 123 26 förtydligat
832 1382 119 26 ordalydel-

202 1424 36 13 sen
255 1417 29 20 uti
300 1417 160 26 ifrågavarande
476 1419 99 17 moment.

271 1451 72 20 Under
360 1450 117 20 Utskottets
492 1450 187 27 öfverläggningar
693 1450 7 19 i
715 1452 72 18 ämnet
806 1450 38 19 har
863 1450 36 19 det
916 1456 35 13 an-

204 1485 85 25 märkts,
312 1487 30 17 att
357 1484 26 20 de
399 1485 6 18 i
421 1485 11 19 3
450 1484 39 20 och
504 1485 13 18 4
533 1487 21 21 $$
575 1484 174 20 förekommande
766 1484 184 26 bestämningarne
