1142 1786
865 159 34 18 589

174 223 62 24 hålla,
259 223 30 18 att
310 221 131 20 föreskrifter
458 228 33 13 om
512 224 61 17 sättet
588 222 52 19 huru
656 223 101 26 rättighet
771 223 32 19 till
823 223 99 19 utskänk-

175 257 50 25 ning
242 256 22 19 af
278 256 88 19 berörde
382 256 90 25 drycker
488 256 34 19 må
537 256 70 19 kunna
624 257 73 19 vinnas
717 257 38 19 och
774 257 94 19 rörelsen
888 257 34 19 be-

174 289 86 26 drifvas,
277 289 62 20 måtte
356 289 22 19 af
391 290 133 26 Regeringen
541 291 94 19 utfärdas
650 291 38 19 och
705 291 67 19 deruti
791 291 82 25 intagas
894 293 28 17 att

174 324 64 25 ingen
254 326 49 17 utan
319 323 139 20 kommunens
475 324 92 20 tillstånd
585 324 32 19 må
633 324 138 20 tillerkännas
791 324 40 19 slik
850 324 73 26 rättig-

175 358 35 19 het
226 358 38 19 och
281 358 120 19 densamma
416 358 6 19 i
438 358 64 26 ingen
518 358 101 20 händelse
635 358 108 20 meddelas
758 365 70 13 annan
843 360 25 17 än
881 358 41 19 väl-

174 392 57 19 känd
248 392 38 18 och
303 391 115 26 välfrejdad
434 398 83 19 person,
533 397 53 15 samt
601 394 31 18 att
648 392 68 26 någon
733 399 69 13 annan
815 395 26 16 än
853 392 71 25 vanlig

176 426 148 26 näringsafgift
345 426 48 19 icke
416 426 54 26 finge
493 433 25 12 en
542 426 60 26 dylik
619 426 78 20 rörelse
713 426 86 25 åsättas;
817 426 105 19 hvaremol

176 459 156 27 Ridderskapet
354 460 38 19 och
415 459 70 20 Adeln
508 462 54 17 samt
576 460 178 26 Borgareståndet
769 462 84 18 stannat
867 460 7 19 i
890 460 36 20 det

176 494 68 20 beslut
265 496 30 17 att
318 494 39 19 den
380 494 82 26 Nådiga
477 494 158 26 propositionen
652 495 18 25 ej
687 494 64 20 borde
767 495 22 19 af
807 494 118 20 Ständerna

176 531 94 23 antagas.
302 528 70 20 Säsom
388 528 46 19 skäl
450 528 32 19 för
498 528 58 20 detta
571 528 68 20 beslut
654 531 23 17 är
699 528 115 20 framhållit
837 528 87 20 hufvud-

176 562 112 26 sakligast:
312 564 30 17 att
365 562 105 19 allmänna
484 562 180 20 föreskrifterna
659 558 15 35 i
683 562 82 27 Nädiga
774 562 150 27 förordningen

176 597 40 19 den
234 597 26 19 24
275 596 100 20 Februari
391 596 53 19 1868
461 596 109 26 angäende
587 596 95 20 vilkoren
699 596 31 20 för
746 596 129 20 inrättandet
886 597 39 19 och

176 630 120 20 drifvandet
311 630 23 19 af
347 630 92 19 fabriker
455 632 53 17 samt
526 630 151 26 försäljningen
703 630 22 20 af
747 631 60 19 deras
831 630 94 20 tillverk-

177 665 75 26 ningar
269 670 47 14 vore
332 664 6 19 i
354 664 41 19 allo
411 664 126 26 tillämpliga
552 664 60 20 äfven
629 664 26 26 pä
671 664 93 20 fabriker
779 665 32 19 för
832 664 93 20 tillverk-

177 700 50 25 ning
243 699 22 19 af
277 699 55 25 jästa
351 698 96 26 drycker,
464 700 48 18 utan
528 700 30 18 att
579 698 90 20 särskild
685 698 167 27 lagförklaringi
869 699 58 19 detta

177 733 99 20 afseende
293 732 69 20 blefve
378 732 23 20 af
417 732 81 25 nöden;
514 735 30 17 att
566 732 94 20 hvarken
677 740 23 12 ur
715 733 143 25 sedlighetens
875 732 52 20 eller

177 767 40 20 den
234 767 105 19 allmänna
357 767 127 25 ordningens
500 766 107 26 synpunkt
623 767 114 26 anledning
753 767 132 19 förekomme
898 769 30 17 att

176 802 32 19 för
231 801 129 20 sistnämnde
383 800 126 20 fabrikation
532 800 56 20 stifta
611 800 68 23 någon
706 801 161 26 undantagslag,
890 803 37 17 när

177 834 129 27 förtäringen
323 835 22 20 af
361 835 19 19 öl
396 836 6 18 i
418 835 88 19 Finland
524 835 114 26 veterligen
655 838 56 16 ännu
727 836 19 25 ej
762 836 81 25 antagit
862 835 65 26 några

177 870 31 19 för
225 870 130 18 moraliteten
379 869 85 26 vådliga
481 870 152 25 proportioner,
657 870 40 18 och
724 871 30 17 ett
779 869 104 19 missbruk
907 870 24 18 af

180 903 70 20 denna
266 903 65 26 dryck
343 903 69 26 aldrig
427 903 70 19 kunde
515 903 64 19 blifva
594 903 31 19 för
641 903 72 19 helsan
730 903 23 19 så
768 903 99 26 skadligt,
884 909 43 13 som

178 938 35 19 det
230 937 24 19 af
271 937 154 26 spritdrycker;
448 937 33 19 vid
506 937 81 19 hvilket
608 937 131 19 förhållande
755 937 107 19 allmänna
886 943 41 13 me-

178 972 85 25 ningen,
280 971 63 20 sådan
363 971 121 19 densamma
493 971 73 19 uttalat
581 971 32 26 sig
630 971 62 19 bland
713 973 64 17 annat
792 971 35 19 vid
845 971 80 19 1863—

180 1006 53 19 1864
256 1005 61 20 årens
344 1005 106 26 landtdag,
480 1007 89 17 tvärtom
603 1005 56 19 velat
681 1005 57 19 finna
765 1007 28 17 ett
819 1005 108 19 korrektiv

179 1041 42 18 mot
243 1039 136 25 fyllerilasten
406 1039 28 19 uti
458 1041 29 17 ett
510 1039 91 26 måttligt
627 1039 50 20 bruk
704 1039 23 19 af
751 1040 55 25 jästa
831 1039 98 26 drycker,

179 1074 81 19 hvilkas
283 1073 137 24 tillverkning
444 1073 38 19 och
498 1073 125 26 försäljning
639 1073 82 20 derföre
738 1073 70 25 borde,
825 1080 33 13 om
881 1073 48 20 icke

179 1110 142 24 uppmuntras,
344 1107 22 19 så
386 1107 126 20 åtminstone
532 1107 46 19 icke
598 1113 77 20 genom
698 1107 158 26 lagstiftningen
878 1110 51 17 mot-

179 1142 87 24 verkas;
289 1143 53 18 samt
365 1141 97 26 slutligen
486 1143 30 18 att
540 1141 27 19 då
590 1141 164 26 tillverkningen
774 1141 23 20 af
813 1141 19 20 öl
854 1141 75 20 bedrif-

179 1183 36 12 ves
236 1175 78 27 jemväl
338 1177 55 17 utom
418 1175 92 19 fabriker
534 1175 66 19 såsom
624 1181 26 13 en
671 1175 71 25 vanlig
761 1175 168 26 hushållssyssla,

180 1216 46 13 men
243 1211 30 17 ett
287 1209 197 26 reglementerande
500 1209 22 19 af
536 1209 69 19 denna
621 1208 137 26 tillverkning
766 1210 67 24 jemte
848 1209 79 26 försälj-

180 1245 77 24 ningen
274 1244 21 19 af
310 1244 127 26 hembrygdt
453 1244 19 19 öl
489 1243 31 20 för
537 1244 131 19 närvarande
685 1243 64 20 borde
761 1243 111 25 undvikas,
884 1244 44 25 ithy

179 1280 30 17 alt
224 1285 25 12 en
273 1278 131 26 lagstiftning
420 1278 5 19 i
442 1278 57 19 detta
522 1278 55 25 syfte
600 1278 69 19 skulle
688 1277 146 20 åstadkomma
852 1284 27 13 en
895 1278 34 19 de-

180 1312 141 19 moralisation
338 1312 23 19 af
374 1315 56 16 ännu
447 1312 146 26 betänkligare
609 1312 53 25 slag,
678 1315 25 16 än
721 1312 40 19 den
781 1318 45 13 som
843 1311 86 27 beklag-

180 1347 55 26 ligen
254 1346 129 19 framkallats
399 1346 23 19 af
435 1345 194 26 bränvinslagarne.
646 1345 59 20 Dock
723 1345 64 20 borde
799 1345 131 20 öl-utskänk-

181 1380 144 26 ningsställen,
349 1380 36 19 der
409 1380 78 19 sädana
509 1381 94 24 inrättas,
627 1386 49 13 vare
696 1379 155 20 underkastade
867 1380 63 25 polis-

181 1415 95 19 maktens
292 1421 123 19 noggranna
431 1414 79 26 tillsyn,
535 1417 47 16 utan
602 1416 29 17 att
648 1413 63 20 likväl
729 1413 29 19 till
775 1413 26 20 de
820 1413 110 26 ordnings-

179 1449 91 25 stadgar,
286 1455 43 12 som
346 1448 32 19 för
393 1448 57 19 detta
465 1448 97 19 ändamål
578 1448 72 19 kunna
669 1447 67 20 finnas
761 1447 113 26 behölliga,
898 1454 30 13 er-

180 1483 108 19 fordrades
304 1482 126 20 Ständernas
448 1482 135 19 medverkan,
