1142 1786
226 162 34 18 532

605 225 16 28 $
637 227 22 19 4.

377 271 279 27 Bränvinstillverkningen
671 271 58 21 skall
746 278 53 14 vara
819 272 86 21 tillåten
919 278 40 13 un-

308 306 39 20 der
368 306 36 27 sju
425 304 106 22 månader
546 304 29 28 af
586 305 46 20 året
642 304 117 28 fördelade
773 306 9 19 i
797 306 35 20 två
851 305 108 25 terminer,

308 346 45 14 som
369 338 114 26 beräknas,
502 339 40 20 den
556 338 76 28 första
642 338 59 28 från
716 339 37 21 och
768 339 47 21 med
829 339 41 21 den
889 341 15 19 2
919 338 40 22 Ja-

309 374 68 20 nuari
391 372 29 22 kl.
436 375 30 19 12
482 373 89 27 middag
586 373 60 20 intill
661 373 41 21 den
717 374 28 20 15
760 373 49 27 Maj
821 380 83 14 samma
920 373 38 25 tid,

309 407 38 21 och
370 407 41 21 den
433 407 72 21 andra
526 407 55 26 från
603 406 37 21 och
655 407 48 21 med
717 407 41 21 den
773 408 28 20 15
824 407 91 21 Oktober
930 406 29 21 kl.

310 443 30 20 12
355 442 89 27 middag
460 442 35 20 till
510 448 82 14 samma
608 441 32 21 tid
655 441 40 21 den
710 443 28 20 31
751 441 120 21 December.
886 441 74 27 Infal-

310 476 32 20 ler
357 475 96 21 sålunda
468 475 120 28 medgifven
604 475 77 27 början
696 475 30 27 af
737 475 140 28 tillverkning
888 476 13 20 å
911 477 49 19 sön-

310 510 53 20 eller
378 509 109 28 helgedag,
507 510 36 20 må
560 510 51 20 slikt
629 509 72 21 arbete
715 509 45 21 icke
775 509 89 27 vidtaga
876 508 84 28 förrän

311 544 29 20 kl.
356 546 30 19 12
402 544 13 20 å
425 543 105 28 följande
544 544 49 27 dag.
623 543 30 28 Ej
667 543 67 21 heller
746 543 43 28 får
812 543 149 21 bränvinstill-

310 578 105 27 verkning
437 578 109 20 anställas
562 577 58 27 från
637 577 29 21 kl.
681 579 14 19 6
707 579 32 25 på
754 577 91 27 aftonen
863 577 99 27 nästföre

310 613 50 19 sön-
375 612 52 20 eller
442 611 103 28 helgedag
560 612 35 20 till
609 611 29 21 kl.
654 612 13 20 9
682 618 32 14 om
729 611 89 27 aftonen
829 612 133 20 sistnämnde

312 646 49 27 dag,
377 645 86 21 hvadan
479 645 63 27 äfven
558 645 187 27 tillverkningstid,
761 646 9 20 i
779 645 48 27 fall
837 646 124 20 densamma

312 679 82 21 komme
416 682 32 18 att
471 679 146 28 tilländalöpa
640 680 13 20 &
668 679 71 21 sådan
761 679 49 27 dag,
831 678 131 28 föregående

312 713 196 27 söcknedagsafton
530 713 28 21 kl.
582 715 13 19 6
615 713 58 21 skall
688 713 106 27 upphöra.
826 713 136 21 Mäskbered-

313 748 61 27 ning,
397 747 102 21 hvarmed
516 747 245 27 bränneriinnehafvare
773 747 43 27 får
831 747 131 28 påbegynna

308 782 49 26 fem
372 782 71 26 dagar
452 781 53 27 före
520 782 41 20 den
570 780 41 28 för
627 781 270 27 bränvinstillverkningen
907 782 56 20 med-

312 815 66 28 gifna
394 816 38 24 tid,
455 816 36 20 mä
510 815 44 21 icke
572 816 108 20 anställas
699 816 13 20 &
727 817 48 19 sön-
791 816 52 20 eller
860 815 103 28 helgedag

313 850 79 20 medan
412 849 105 21 sabbaten
536 850 85 26 påstår,
644 849 36 21 vid
702 849 35 21 bot
754 856 45 14 som
813 850 9 20 i
837 851 14 19 3
867 849 50 27 kap.
933 849 30 21 M.

315 883 26 20 B.
357 883 96 27 stadgas.

611 934 16 27 $
641 935 21 20 5.

384 979 46 21 För
445 979 244 27 bränvinstillverkning
696 978 43 27 fär
753 979 9 20 i
777 978 74 28 hvarje
861 979 104 20 bränneri

316 1013 121 28 anbringas
460 1013 38 20 och
520 1013 106 28 begagnas
644 1013 99 27 redskap,
759 1019 26 14 en
800 1013 52 20 eller
861 1013 63 27 flere,
940 1013 29 27 af

316 1048 41 20 den
379 1047 87 25 storlek,
482 1047 141 27 beskaffenhet
638 1047 37 21 och
693 1047 204 27 sammansättning,
921 1047 44 21 till-

315 1081 89 21 verkare
421 1080 42 28 för
484 1081 52 28 godt
551 1081 82 28 finner,
655 1081 93 21 allenast
766 1081 47 21 med
831 1081 86 21 sådana
932 1082 34 20 in-

315 1115 172 27 skränkningar,
502 1122 45 14 som
557 1115 42 27 för
613 1115 168 27 handhafvande
796 1115 29 27 af
839 1116 76 27 tillsyn
933 1115 32 28 öf-

315 1157 37 13 ver
366 1149 157 28 afverkningen
538 1150 8 20 i
561 1150 70 21 denna
646 1150 141 27 Förordning
802 1151 39 19 äro
857 1149 108 21 bestämda

316 1184 53 20 eller
378 1183 121 27 framdeles
514 1184 68 20 varda
598 1184 29 27 af
639 1184 109 27 Styrelsen
758 1183 146 28 föreskrifna.

616 1235 15 28 $
646 1236 20 20 6.

386 1280 140 27 Rättigheten
541 1283 38 22 att,
595 1281 9 19 i
618 1280 95 27 enlighet
727 1280 48 21 med
783 1280 67 27 ofvan
860 1281 107 27 stadgade

317 1314 39 21 och
372 1314 42 21 här
428 1315 72 20 nedan
515 1317 80 18 utsatte
610 1315 72 20 andra
697 1314 76 25 vilkor,
790 1314 101 21 tillverka
903 1315 64 20 brän-

317 1349 43 24 vin,
375 1348 59 21 skall
444 1348 42 27 för
500 1348 77 27 hvarje
592 1349 37 20 län
644 1348 107 21 särskildt
761 1347 104 28 utbjudas
878 1349 89 20 medelst

318 1383 114 26 offentliga
454 1382 120 25 auktioner,
597 1389 45 14 som
667 1383 86 26 årligen
779 1384 78 18 tvänne
884 1383 83 27 gånger

318 1416 52 21 böra
386 1416 108 21 anställas
510 1417 13 20 å
538 1416 175 21 Landskontoret
729 1415 38 21 och
783 1415 88 21 hvarom
886 1416 81 28 kungö-

318 1450 56 20 relse
388 1450 58 20 skall
461 1450 66 20 minst
542 1450 67 20 sextio
625 1450 72 27 dagar
710 1449 66 28 förut
793 1457 54 13 vara
866 1449 79 28 införd
959 1451 9 20 i

318 1484 26 20 de
359 1483 95 27 oficiela
471 1484 140 27 tidningarne
635 1483 37 21 och
695 1483 117 27 afkunnad
830 1484 9 19 i
857 1483 111 28 kyrkorna
