1142 1786
343 432 57 20 Hans
416 432 135 26 Kejserliga
570 432 119 26 Majestäts
708 433 87 25 Nådiga
810 433 111 26 proposi-

310 467 49 19 tion
375 466 29 20 till
421 466 87 20 Finlands
522 466 86 25 Ständer,
623 467 97 25 angående
739 467 126 26 tillverkning
887 467 35 20 och

310 500 113 26 försäljning
438 500 21 20 af
472 500 25 25 öl,
512 502 67 24 porter
594 500 35 20 och
644 501 61 20 andra
716 501 53 26 jästa
789 501 90 26 drycker.

242 564 9 19 I
268 564 75 25 Kongl.
360 562 86 21 brefven
462 563 23 19 af
498 563 39 20 den
554 563 25 19 27
596 562 89 27 Augusti
703 563 60 26 1799,
783 564 23 19 12
822 564 100 19 Februari

177 599 53 19 1802
246 598 38 19 och
302 598 11 19 6
329 598 55 18 Mars
403 597 51 19 1807
470 600 23 16 är
509 597 98 26 stadgadt
621 599 36 23 att,
673 597 31 19 för
715 598 100 26 rättighet
826 598 31 19 till
869 598 52 19 salu-

176 632 81 26 bryggd
277 632 6 18 i
304 632 52 24 stad,
372 631 88 19 likasom
482 631 30 19 till
538 631 93 26 bakning
653 632 38 19 och
714 632 114 26 slagtning,
851 632 72 19 hvilka

175 666 150 26 handteringar
341 672 76 20 genom
434 665 60 19 deras
511 665 66 20 likhet
593 666 46 18 med
654 666 85 26 vanliga
749 666 174 25 hushållssysslor

176 700 18 26 ej
212 699 110 27 påkallade
338 699 67 26 några
420 699 103 19 särskilda
538 699 127 26 kunskaper,
680 700 47 19 icke
739 700 133 20 erfordrades
887 700 35 19 nå-

176 740 41 20 gon
234 734 42 19 viss
292 733 82 25 lärotid,
390 733 27 26 på
432 735 41 17 sätt
488 733 31 19 för
534 733 107 26 kunskaps
657 734 106 19 vinnande
779 734 12 19 &
804 734 119 19 handtverk

175 774 50 14 vore
241 768 140 24 föreskrifvet,
398 769 48 17 utan
462 767 69 20 skulle
546 774 26 13 en
588 768 57 23 hvar,
662 770 57 17 emot
733 768 62 20 hvars
811 768 53 26 fräjd
875 768 48 20 icke

176 802 64 26 något
262 809 50 13 vore
335 804 29 18 att
387 802 105 26 påminna,
516 802 53 19 efter
591 802 97 20 anmälan
705 802 38 20 hos
763 802 160 20 vederbörande

177 837 113 26 Magistrat,
314 842 50 13 vara
386 836 75 19 tillåtet
483 837 30 18 att
534 836 50 19 idka
607 836 89 20 berörde
715 836 150 26 handteringar
884 836 39 20 och

176 870 50 20 derå
243 871 63 19 vinna
322 870 90 25 burskap
428 873 49 16 utan
493 870 74 19 hinder
583 870 22 19 af
619 870 120 26 skråtvång,
759 870 53 20 dock
830 872 43 18 mot
888 870 35 19 be-

176 905 74 25 höriga
265 903 95 27 afgifters
376 903 128 26 erläggande
520 903 31 20 till
567 903 80 20 kronan
664 904 39 19 och
719 904 80 19 staden.
819 903 27 20 Sä
861 904 63 25 länge

176 938 186 25 öltillverkningen
380 937 92 20 derefter
487 937 73 20 fortfor
575 940 30 17 att
622 937 105 20 bedrifvas
745 938 7 19 i
776 938 81 19 mindre
880 944 43 13 om-

176 972 50 26 fäng
242 971 94 20 förekom
353 971 48 20 icke
417 971 66 20 behof
496 971 22 20 af
531 971 66 26 nägra
613 974 95 17 närmare
729 972 130 19 föreskrifter
878 972 45 19 der-

176 1012 40 13 om.
247 1006 47 19 Men
319 1006 65 19 under
408 1011 74 14 senare
505 1006 30 19 tid
551 1006 37 19 har
604 1006 176 19 ölfabrikationen
799 1006 65 19 likväl
881 1005 44 20 nätt

176 1047 24 12 en
218 1040 23 19 sä
257 1039 95 27 betydlig
368 1039 152 26 utsträckning,
536 1041 29 18 att
581 1041 39 18 den
641 1047 87 12 numera
750 1040 94 26 allmänt,
867 1039 57 20 säväl

175 1075 7 18 i
198 1074 98 19 städerne
319 1080 44 13 som
386 1073 27 26 pä
435 1073 79 26 landet,
530 1076 59 23 utgör
605 1074 87 19 föremäl
708 1074 31 19 för
755 1080 25 13 en
797 1073 83 26 verklig
895 1073 28 19 fa-

177 1108 157 25 briksindustri;
350 1108 39 19 och
406 1108 88 19 emedan
512 1108 64 26 nägra
591 1108 7 19 i
613 1108 100 19 afseende
730 1108 12 19 &
757 1108 70 19 denna
838 1108 87 19 industri

176 1143 124 25 tillämpliga
315 1142 147 26 författningar
477 1141 48 20 icke
541 1141 118 26 förefinnas,
675 1144 54 17 samt
745 1141 82 26 Nädiga
846 1141 79 20 förord-

176 1177 78 25 ningen
271 1177 23 18 af
307 1176 40 19 den
363 1176 27 19 24
406 1176 99 19 Februari
528 1176 59 25 1868,
607 1175 111 26 angående
742 1175 76 19 handel
835 1175 38 19 och
890 1178 35 16 nä-

177 1211 77 25 ringar,
277 1210 48 20 icke
348 1210 66 19 heller
437 1209 141 26 uttryckligen
596 1209 133 25 bestämmer,
745 1209 31 19 till
792 1209 86 19 hvilken
895 1210 32 18 art

176 1245 23 19 af
219 1244 123 20 industriela
364 1244 68 26 yrken
456 1244 165 26 tillverkningen
644 1243 23 20 af
687 1243 20 20 öl
731 1243 39 20 och
791 1243 65 19 andra
871 1243 56 25 jästa

178 1279 91 26 drycker
286 1279 36 19 bör
338 1278 104 25 hänföras,
459 1278 36 19 har
511 1278 35 19 det
561 1277 93 20 inträffat
669 1279 30 18 att
715 1277 103 19 särskilda
829 1276 97 27 myndig-

176 1313 59 20 heter
251 1313 35 19 vid
302 1312 158 26 behandlingen
476 1311 22 20 af
512 1311 124 20 hithörande
651 1311 72 26 frägor
738 1311 81 19 förfarit
829 1310 27 26 pä
869 1309 58 20 olika

176 1349 46 17 sätt.
254 1347 41 18 Till
311 1346 135 19 undvikande
463 1345 61 20 häraf
537 1346 31 19 för
583 1345 112 20 framtiden
716 1345 40 19 och
776 1345 31 19 för
823 1346 30 17 att
867 1344 7 19 i
889 1343 37 20 all-

178 1381 85 20 mänhet
285 1380 41 27 god
348 1380 90 25 ordning
462 1380 39 19 och
524 1379 99 20 säkerhet
646 1379 33 20 mä
702 1379 34 19 vid
761 1378 122 26 utöfningen
906 1377 24 20 af

178 1415 64 26 sagde
257 1414 54 25 yrke
327 1414 71 19 kunna
414 1413 115 27 behörigen
546 1413 157 26 upprätthällas,
723 1413 37 19 har
784 1412 67 19 Hans
871 1411 56 26 Kej-

177 1449 97 24 serliga
289 1449 115 24 Majestät
421 1447 56 20 velat
492 1448 31 19 till
538 1447 192 20 Landtständernas
745 1445 120 27 antagande
874 1445 53 20 före-

177 1483 30 19 slå
222 1489 26 13 en
265 1482 123 25 författning
404 1482 6 18 i
426 1483 72 18 ämnet
512 1482 24 18 af
549 1481 93 25 följande
658 1481 92 25 lydelse:
