1142 1786
244 169 34 16 562

322 236 82 21 person
420 229 29 27 af
460 230 66 20 minst
536 229 86 28 femton
641 231 37 20 års
700 229 67 26 ålder,
787 229 84 20 hvilken
886 229 40 20 hör
942 229 34 20 till

326 263 56 22 hans
397 263 88 28 husfolk
500 263 52 21 eller
567 264 88 27 ständig
670 264 47 20 kost
732 263 37 21 hos
784 263 76 20 honom
872 264 104 27 åtnjuter.

326 297 50 21 Den
398 304 45 14 som
466 304 86 13 annans
574 297 169 21 husbondevälde
769 297 137 27 underlyder,
930 303 47 14 men

326 331 34 27 sig
375 331 56 27 sjelf
440 330 125 26 kosthåller,
589 338 35 20 ege
647 331 44 21 lika
715 333 51 23 rätt,
788 337 33 14 om
840 330 44 21 han
903 330 74 21 dertill

328 364 114 28 bevisligen
464 364 90 27 undfått
576 364 135 22 husbondens
729 364 111 28 samtycke.
869 364 107 20 Enskilda

327 398 129 28 tjenstehjon
472 398 37 21 och
524 398 79 25 andra,
628 399 25 20 de
671 399 38 20 der
727 400 37 19 hos
783 398 108 21 husbonde
907 398 70 27 dagli-

326 439 41 21 gen
382 433 66 26 spisa,
464 439 50 14 vare
529 432 36 21 det
575 432 114 28 förbjudet
703 439 45 14 mer
759 432 51 21 eller
820 432 83 21 mindre
914 432 64 20 brän-

326 466 37 20 vin
378 466 125 26 innehafva.

400 495 159 31 Öfverträdelse
573 499 30 27 af
613 500 61 20 dessa
689 500 135 27 stadganden
839 499 84 27 medför
927 499 51 27 för-

328 534 44 20 lust
387 533 30 26 af
428 534 91 20 bränvin
534 533 37 21 och
586 533 50 21 kärl
650 534 63 20 hvari
727 534 35 20 det
775 533 110 25 förvaras.

400 563 86 26 Önskar
500 568 73 27 någon
588 567 29 27 af
628 568 25 20 de
665 575 110 20 personer,
791 567 73 21 hvilka
883 567 95 21 sålunda
1001 584 2 2 .

328 604 39 18 äro
384 601 133 27 berättigade
532 604 33 18 att
580 601 92 21 bränvin
687 601 124 27 innehafva,
827 601 68 27 deraf
905 601 73 27 någon

329 635 32 21 tid
376 635 38 21 hos
428 635 35 27 sig
478 635 110 27 upplägga
603 637 70 19 större
688 637 29 19 än
733 642 29 14 nu
777 635 103 27 stadgadt
897 634 80 27 belopp,

329 669 38 20 bör
382 668 106 21 anmälan
503 668 72 21 derom
589 670 66 26 göras
665 668 38 21 hos
713 668 172 28 Länestyrelsen,
901 668 14 20 å
925 668 54 20 hvil-

328 702 41 20 ken
384 702 34 20 det
434 702 124 20 ankommer
572 704 38 23 att,
626 702 56 27 efter
693 702 108 28 pröfning
816 702 37 20 och
871 702 34 27 sig
918 700 61 28 före-

330 736 72 20 teende
418 736 187 27 omständigheter,
623 736 100 21 tillstånd
738 736 74 21 dertill
827 736 83 27 bevilja.

592 815 90 21 Artikel
696 816 19 20 V.

332 866 43 21 Om
393 872 102 14 ansvar
514 865 43 21 och
576 872 92 14 annan
687 868 32 18 än
739 865 173 27 ofvanutsatt
931 866 48 26 på-

383 905 74 27 följd
472 906 49 25 jör
539 904 212 27 öfverträdelser
771 904 33 27 af
814 904 109 27 ifråga-

495 943 118 21 varande
627 943 187 28 föreskrifter.

621 1001 15 26 $
651 1002 34 19 67.

400 1045 82 21 Finnes
498 1046 78 26 någon,
591 1052 45 14 som
651 1045 45 20 icke
711 1052 48 21 eger
773 1047 45 19 rätt
833 1047 33 18 att
882 1045 99 20 tillverka

331 1079 99 24 bränvin,
446 1079 98 20 anställa
559 1079 52 20 eller
625 1080 97 20 anställa
738 1079 45 21 låta
799 1079 71 20 sådan
888 1079 93 20 tillverk-

331 1114 54 26 ning
408 1113 47 20 med
477 1113 55 20 hvad
550 1113 91 27 redskap
657 1113 35 21 det
707 1115 29 18 än
751 1120 53 13 vara
819 1113 41 24 må,
879 1113 52 20 eller
947 1113 34 20 till

332 1147 237 26 bränvinsdistillering
583 1147 136 27 oberättigad
739 1147 85 20 dermed
841 1147 33 27 sig
893 1147 88 26 befatta,

331 1181 63 26 hafve
411 1180 109 22 förverkat
535 1181 19 26 ej
569 1181 84 19 mindre
667 1180 160 27 innehafvande
847 1181 134 27 mäsknings-

326 1214 86 28 förråd
434 1213 37 21 och
493 1214 35 20 det
548 1213 91 21 bränvin
660 1213 45 21 han
727 1214 113 20 såmedelst
860 1214 76 25 beredt,
953 1216 29 18 än

331 1248 75 21 dervid
428 1247 102 21 använda
553 1247 91 27 redskap
664 1250 55 18 samt
743 1247 45 21 böte
803 1247 71 26 första
897 1249 85 26 gången

332 1281 118 21 etthundra
473 1281 35 20 till
534 1281 122 20 tvåhundra
675 1281 77 27 femtio
774 1281 63 20 mark
857 1281 38 21 och
910 1283 71 19 andra

332 1322 64 14 resan
420 1315 92 20 dubbelt.
554 1315 88 26 Utöfvas
667 1315 70 20 sådan
756 1315 134 28 förbrytelse
916 1316 67 27 tredje

331 1349 93 27 gången,
440 1349 57 20 skall
512 1349 41 20 den
569 1349 115 26 brottslige,
695 1349 66 26 jemte
777 1349 34 20 det
826 1349 44 20 han
880 1349 103 26 förlorar

331 1382 68 25 mäsk,
423 1382 91 21 bränvin
537 1382 37 21 och
596 1383 99 26 redskap,
718 1383 71 20 hållas
813 1385 28 18 ett
860 1383 58 26 halft
933 1384 50 19 år
970 1378 16 35 i

326 1415 110 28 fängelse.
452 1416 100 27 Förnyas
568 1416 77 21 brottet
659 1417 132 26 ytterligare,
808 1416 51 21 ökas
872 1416 111 28 fängelse-

333 1450 59 20 tiden
407 1449 59 21 ända
482 1450 35 20 till
532 1452 29 19 ett
576 1451 32 19 år.
641 1450 38 20 Om
696 1451 36 20 vid
749 1453 70 18 annat
839 1449 94 27 tillfälle,
954 1453 29 18 än

334 1489 30 13 nu
380 1483 141 26 omförmäldt
536 1485 32 23 är,
584 1490 39 14 sur
638 1484 151 26 tillmäskning
804 1483 29 27 af
843 1484 40 20 den
899 1484 83 27 beskaf-
