<?xml version="1.0" encoding="UTF-8"?>
<alto xmlns="http://www.loc.gov/standards/alto/ns-v3#" xmlns:xlink="http://www.w3.org/1999/xlink" xmlns:xsi="http://www.w3.org/2001/XMLSchema-instance" xsi:schemaLocation="http://www.loc.gov/standards/alto/ns-v3# http://www.loc.gov/alto/v3/alto-3-0.xsd">
	<Description>
		<MeasurementUnit>pixel</MeasurementUnit>
		<sourceImageInformation>
			<fileName>/tmp/tess_l6pef8x0_input.PNG</fileName>
		</sourceImageInformation>
		<OCRProcessing ID="OCR_0">
			<ocrProcessingStep>
				<processingSoftware>
					<softwareName>tesseract 5.3.4</softwareName>
				</processingSoftware>
			</ocrProcessingStep>
		</OCRProcessing>
	</Description>
	<Layout>
		<Page WIDTH="1142" HEIGHT="1786" PHYSICAL_IMG_NR="0" ID="page_0">
			<PrintSpace HPOS="0" VPOS="0" WIDTH="1142" HEIGHT="1786">
				<ComposedBlock ID="cblock_0" HPOS="861" VPOS="161" WIDTH="34" HEIGHT="18">
					<TextBlock ID="block_0" HPOS="861" VPOS="161" WIDTH="34" HEIGHT="18">
						<TextLine ID="line_0" HPOS="861" VPOS="161" WIDTH="34" HEIGHT="18">
							<String ID="string_0" HPOS="861" VPOS="161" WIDTH="34" HEIGHT="18" WC="0.95" CONTENT="321"/>
						</TextLine>
					</TextBlock>
				</ComposedBlock>
				<ComposedBlock ID="cblock_1" HPOS="167" VPOS="221" WIDTH="748" HEIGHT="61">
					<TextBlock ID="block_1" HPOS="167" VPOS="221" WIDTH="748" HEIGHT="61">
						<TextLine ID="line_1" HPOS="167" VPOS="221" WIDTH="748" HEIGHT="28">
							<String ID="string_1" HPOS="167" VPOS="223" WIDTH="88" HEIGHT="20" WC="0.96" CONTENT="hindrad"/><SP WIDTH="17" VPOS="223" HPOS="255"/>
							<String ID="string_2" HPOS="272" VPOS="224" WIDTH="30" HEIGHT="18" WC="0.96" CONTENT="att"/><SP WIDTH="15" VPOS="224" HPOS="302"/>
							<String ID="string_3" HPOS="317" VPOS="224" WIDTH="49" HEIGHT="24" WC="0.96" CONTENT="taga"/><SP WIDTH="15" VPOS="224" HPOS="366"/>
							<String ID="string_4" HPOS="381" VPOS="221" WIDTH="87" HEIGHT="20" WC="0.96" CONTENT="ärendet"/><SP WIDTH="16" VPOS="221" HPOS="468"/>
							<String ID="string_5" HPOS="484" VPOS="221" WIDTH="66" HEIGHT="20" WC="0.96" CONTENT="under"/><SP WIDTH="16" VPOS="221" HPOS="550"/>
							<String ID="string_6" HPOS="566" VPOS="221" WIDTH="39" HEIGHT="20" WC="0.96" CONTENT="den"/><SP WIDTH="18" VPOS="221" HPOS="605"/>
							<String ID="string_7" HPOS="623" VPOS="221" WIDTH="27" HEIGHT="26" WC="0.93" CONTENT="på"/><SP WIDTH="15" VPOS="221" HPOS="650"/>
							<String ID="string_8" HPOS="665" VPOS="222" WIDTH="146" HEIGHT="27" WC="0.90" CONTENT="Lagutskottet"/><SP WIDTH="17" VPOS="222" HPOS="811"/>
							<String ID="string_9" HPOS="828" VPOS="225" WIDTH="87" HEIGHT="20" WC="0.91" CONTENT="ankom-"/>
						</TextLine>
						<TextLine ID="line_2" HPOS="167" VPOS="256" WIDTH="198" HEIGHT="26">
							<String ID="string_10" HPOS="167" VPOS="257" WIDTH="76" HEIGHT="20" WC="0.87" CONTENT="mande"/><SP WIDTH="16" VPOS="257" HPOS="243"/>
							<String ID="string_11" HPOS="259" VPOS="256" WIDTH="106" HEIGHT="26" WC="0.87" CONTENT="pröfning."/>
						</TextLine>
					</TextBlock>
				</ComposedBlock>
				<ComposedBlock ID="cblock_2" HPOS="164" VPOS="322" WIDTH="752" HEIGHT="1149">
					<TextBlock ID="block_2" HPOS="164" VPOS="322" WIDTH="752" HEIGHT="1149">
						<TextLine ID="line_3" HPOS="234" VPOS="322" WIDTH="680" HEIGHT="29">
							<String ID="string_12" HPOS="234" VPOS="324" WIDTH="53" HEIGHT="20" WC="0.96" CONTENT="De"/><SP WIDTH="-11" VPOS="324" HPOS="287"/>
							<String ID="string_13" HPOS="276" VPOS="318" WIDTH="15" HEIGHT="37" WC="0.96" CONTENT="i"/><SP WIDTH="16" VPOS="318" HPOS="291"/>
							<String ID="string_14" HPOS="307" VPOS="324" WIDTH="52" HEIGHT="19" WC="0.95" CONTENT="1734"/><SP WIDTH="23" VPOS="324" HPOS="359"/>
							<String ID="string_15" HPOS="382" VPOS="322" WIDTH="33" HEIGHT="20" WC="0.96" CONTENT="års"/><SP WIDTH="20" VPOS="322" HPOS="415"/>
							<String ID="string_16" HPOS="435" VPOS="322" WIDTH="34" HEIGHT="26" WC="0.96" CONTENT="lag"/><SP WIDTH="19" VPOS="322" HPOS="469"/>
							<String ID="string_17" HPOS="488" VPOS="322" WIDTH="173" HEIGHT="21" WC="0.96" CONTENT="förekommande"/><SP WIDTH="16" VPOS="322" HPOS="661"/>
							<String ID="string_18" HPOS="677" VPOS="324" WIDTH="131" HEIGHT="27" WC="0.95" CONTENT="stadganden"/><SP WIDTH="16" VPOS="324" HPOS="808"/>
							<String ID="string_19" HPOS="824" VPOS="327" WIDTH="90" HEIGHT="19" WC="0.96" CONTENT="rörande"/>
						</TextLine>
						<TextLine ID="line_4" HPOS="167" VPOS="356" WIDTH="748" HEIGHT="31">
							<String ID="string_20" HPOS="167" VPOS="358" WIDTH="114" HEIGHT="20" WC="0.91" CONTENT="brandstod"/><SP WIDTH="17" VPOS="358" HPOS="281"/>
							<String ID="string_21" HPOS="298" VPOS="357" WIDTH="31" HEIGHT="20" WC="0.96" CONTENT="stå"/><SP WIDTH="15" VPOS="357" HPOS="329"/>
							<String ID="string_22" HPOS="344" VPOS="357" WIDTH="6" HEIGHT="19" WC="0.96" CONTENT="i"/><SP WIDTH="16" VPOS="357" HPOS="350"/>
							<String ID="string_23" HPOS="366" VPOS="356" WIDTH="120" HEIGHT="26" WC="0.93" CONTENT="fullkomlig"/><SP WIDTH="16" VPOS="356" HPOS="486"/>
							<String ID="string_24" HPOS="502" VPOS="356" WIDTH="218" HEIGHT="22" WC="0.92" CONTENT="öfverensstämmelse"/><SP WIDTH="12" VPOS="356" HPOS="720"/>
							<String ID="string_25" HPOS="732" VPOS="359" WIDTH="46" HEIGHT="20" WC="0.96" CONTENT="med"/><SP WIDTH="11" VPOS="359" HPOS="778"/>
							<String ID="string_26" HPOS="789" VPOS="359" WIDTH="41" HEIGHT="20" WC="0.97" CONTENT="den"/><SP WIDTH="16" VPOS="359" HPOS="830"/>
							<String ID="string_27" HPOS="846" VPOS="360" WIDTH="69" HEIGHT="27" WC="0.92" CONTENT="Bygg-"/>
						</TextLine>
						<TextLine ID="line_5" HPOS="167" VPOS="390" WIDTH="748" HEIGHT="29">
							<String ID="string_28" HPOS="167" VPOS="392" WIDTH="142" HEIGHT="27" WC="0.92" CONTENT="ningabalken"/><SP WIDTH="16" VPOS="392" HPOS="309"/>
							<String ID="string_29" HPOS="325" VPOS="392" WIDTH="7" HEIGHT="18" WC="0.93" CONTENT="i"/><SP WIDTH="16" VPOS="392" HPOS="332"/>
							<String ID="string_30" HPOS="348" VPOS="390" WIDTH="64" HEIGHT="27" WC="0.90" CONTENT="sagde"/><SP WIDTH="22" VPOS="390" HPOS="412"/>
							<String ID="string_31" HPOS="434" VPOS="390" WIDTH="36" HEIGHT="26" WC="0.95" CONTENT="lag"/><SP WIDTH="22" VPOS="390" HPOS="470"/>
							<String ID="string_32" HPOS="492" VPOS="390" WIDTH="169" HEIGHT="27" WC="0.95" CONTENT="genomgående,"/><SP WIDTH="23" VPOS="390" HPOS="661"/>
							<String ID="string_33" HPOS="684" VPOS="398" WIDTH="48" HEIGHT="14" WC="0.96" CONTENT="men"/><SP WIDTH="23" VPOS="398" HPOS="732"/>
							<String ID="string_34" HPOS="755" VPOS="400" WIDTH="77" HEIGHT="19" WC="0.96" CONTENT="genom"/><SP WIDTH="30" VPOS="400" HPOS="832"/>
							<String ID="string_35" HPOS="862" VPOS="395" WIDTH="53" HEIGHT="19" WC="0.96" CONTENT="1789"/>
						</TextLine>
						<TextLine ID="line_6" HPOS="166" VPOS="424" WIDTH="750" HEIGHT="29">
							<String ID="string_36" HPOS="166" VPOS="427" WIDTH="34" HEIGHT="19" WC="0.93" CONTENT="års"/><SP WIDTH="16" VPOS="427" HPOS="200"/>
							<String ID="string_37" HPOS="216" VPOS="426" WIDTH="127" HEIGHT="27" WC="0.96" CONTENT="grundlagar"/><SP WIDTH="15" VPOS="426" HPOS="343"/>
							<String ID="string_38" HPOS="358" VPOS="425" WIDTH="6" HEIGHT="19" WC="0.93" CONTENT="i"/><SP WIDTH="16" VPOS="425" HPOS="364"/>
							<String ID="string_39" HPOS="380" VPOS="424" WIDTH="119" HEIGHT="26" WC="0.91" CONTENT="väsendtlig"/><SP WIDTH="17" VPOS="424" HPOS="499"/>
							<String ID="string_40" HPOS="516" VPOS="424" WIDTH="46" HEIGHT="20" WC="0.93" CONTENT="mån"/><SP WIDTH="17" VPOS="424" HPOS="562"/>
							<String ID="string_41" HPOS="579" VPOS="424" WIDTH="132" HEIGHT="28" WC="0.90" CONTENT="frångångna"/><SP WIDTH="16" VPOS="424" HPOS="711"/>
							<String ID="string_42" HPOS="727" VPOS="427" WIDTH="139" HEIGHT="26" WC="0.96" CONTENT="grundtanke,"/><SP WIDTH="19" VPOS="427" HPOS="866"/>
							<String ID="string_43" HPOS="885" VPOS="431" WIDTH="31" HEIGHT="17" WC="0.94" CONTENT="att"/>
						</TextLine>
						<TextLine ID="line_7" HPOS="166" VPOS="458" WIDTH="750" HEIGHT="31">
							<String ID="string_44" HPOS="166" VPOS="462" WIDTH="67" HEIGHT="18" WC="0.96" CONTENT="staten"/><SP WIDTH="18" VPOS="462" HPOS="233"/>
							<String ID="string_45" HPOS="251" VPOS="460" WIDTH="37" HEIGHT="20" WC="0.93" CONTENT="bör"/><SP WIDTH="16" VPOS="460" HPOS="288"/>
							<String ID="string_46" HPOS="304" VPOS="466" WIDTH="40" HEIGHT="20" WC="0.92" CONTENT="ega"/><SP WIDTH="14" VPOS="466" HPOS="344"/>
							<String ID="string_47" HPOS="358" VPOS="458" WIDTH="72" HEIGHT="20" WC="0.91" CONTENT="utöfva"/><SP WIDTH="15" VPOS="458" HPOS="430"/>
							<String ID="string_48" HPOS="445" VPOS="458" WIDTH="73" HEIGHT="25" WC="0.96" CONTENT="tillsyn"/><SP WIDTH="16" VPOS="458" HPOS="518"/>
							<String ID="string_49" HPOS="534" VPOS="458" WIDTH="59" HEIGHT="20" WC="0.96" CONTENT="öfver"/><SP WIDTH="11" VPOS="458" HPOS="593"/>
							<String ID="string_50" HPOS="604" VPOS="458" WIDTH="40" HEIGHT="20" WC="0.96" CONTENT="den"/><SP WIDTH="12" VPOS="458" HPOS="644"/>
							<String ID="string_51" HPOS="656" VPOS="460" WIDTH="106" HEIGHT="20" WC="0.96" CONTENT="enskildes"/><SP WIDTH="11" VPOS="460" HPOS="762"/>
							<String ID="string_52" HPOS="773" VPOS="461" WIDTH="143" HEIGHT="28" WC="0.49" CONTENT="hushållning."/>
						</TextLine>
						<TextLine ID="line_8" HPOS="166" VPOS="492" WIDTH="750" HEIGHT="31">
							<String ID="string_53" HPOS="166" VPOS="494" WIDTH="73" HEIGHT="26" WC="0.95" CONTENT="Enligt"/><SP WIDTH="15" VPOS="494" HPOS="239"/>
							<String ID="string_54" HPOS="254" VPOS="495" WIDTH="18" HEIGHT="23" WC="0.95" CONTENT="4,"/><SP WIDTH="18" VPOS="495" HPOS="272"/>
							<String ID="string_55" HPOS="290" VPOS="494" WIDTH="11" HEIGHT="19" WC="0.96" CONTENT="5"/><SP WIDTH="17" VPOS="494" HPOS="301"/>
							<String ID="string_56" HPOS="318" VPOS="493" WIDTH="39" HEIGHT="19" WC="0.96" CONTENT="och"/><SP WIDTH="16" VPOS="493" HPOS="357"/>
							<String ID="string_57" HPOS="373" VPOS="493" WIDTH="11" HEIGHT="19" WC="0.96" CONTENT="6"/><SP WIDTH="17" VPOS="493" HPOS="384"/>
							<String ID="string_58" HPOS="401" VPOS="494" WIDTH="21" HEIGHT="22" WC="0.96" CONTENT="$$"/><SP WIDTH="17" VPOS="494" HPOS="422"/>
							<String ID="string_59" HPOS="439" VPOS="493" WIDTH="26" HEIGHT="19" WC="0.96" CONTENT="24"/><SP WIDTH="15" VPOS="493" HPOS="465"/>
							<String ID="string_60" HPOS="480" VPOS="492" WIDTH="53" HEIGHT="26" WC="0.91" CONTENT="Kap."/><SP WIDTH="16" VPOS="492" HPOS="533"/>
							<String ID="string_61" HPOS="549" VPOS="493" WIDTH="23" HEIGHT="19" WC="0.91" CONTENT="B."/><SP WIDTH="16" VPOS="493" HPOS="572"/>
							<String ID="string_62" HPOS="588" VPOS="493" WIDTH="23" HEIGHT="19" WC="0.91" CONTENT="B."/><SP WIDTH="16" VPOS="493" HPOS="611"/>
							<String ID="string_63" HPOS="627" VPOS="493" WIDTH="54" HEIGHT="20" WC="0.96" CONTENT="skall"/><SP WIDTH="12" VPOS="493" HPOS="681"/>
							<String ID="string_64" HPOS="693" VPOS="494" WIDTH="223" HEIGHT="29" WC="0.91" CONTENT="brandstodsförening"/>
						</TextLine>
						<TextLine ID="line_9" HPOS="167" VPOS="527" WIDTH="749" HEIGHT="29">
							<String ID="string_65" HPOS="167" VPOS="528" WIDTH="90" HEIGHT="20" WC="0.91" CONTENT="emellan"/><SP WIDTH="24" VPOS="528" HPOS="257"/>
							<String ID="string_66" HPOS="281" VPOS="527" WIDTH="156" HEIGHT="20" WC="0.91" CONTENT="häradsboerne"/><SP WIDTH="23" VPOS="527" HPOS="437"/>
							<String ID="string_67" HPOS="460" VPOS="528" WIDTH="107" HEIGHT="24" WC="0.93" CONTENT="upprättas"/><SP WIDTH="20" VPOS="528" HPOS="567"/>
							<String ID="string_68" HPOS="587" VPOS="527" WIDTH="13" HEIGHT="19" WC="0.93" CONTENT="&amp;"/><SP WIDTH="18" VPOS="527" HPOS="600"/>
							<String ID="string_69" HPOS="618" VPOS="528" WIDTH="67" HEIGHT="26" WC="0.96" CONTENT="tinget"/><SP WIDTH="16" VPOS="528" HPOS="685"/>
							<String ID="string_70" HPOS="701" VPOS="529" WIDTH="38" HEIGHT="19" WC="0.97" CONTENT="och"/><SP WIDTH="16" VPOS="529" HPOS="739"/>
							<String ID="string_71" HPOS="755" VPOS="529" WIDTH="41" HEIGHT="20" WC="0.96" CONTENT="alla"/><SP WIDTH="16" VPOS="529" HPOS="796"/>
							<String ID="string_72" HPOS="812" VPOS="530" WIDTH="104" HEIGHT="26" WC="0.95" CONTENT="hemman,"/>
						</TextLine>
						<TextLine ID="line_10" HPOS="168" VPOS="560" WIDTH="748" HEIGHT="31">
							<String ID="string_73" HPOS="168" VPOS="562" WIDTH="47" HEIGHT="20" WC="0.96" CONTENT="med"/><SP WIDTH="16" VPOS="562" HPOS="215"/>
							<String ID="string_74" HPOS="231" VPOS="562" WIDTH="108" HEIGHT="25" WC="0.95" CONTENT="undantag"/><SP WIDTH="22" VPOS="562" HPOS="339"/>
							<String ID="string_75" HPOS="361" VPOS="561" WIDTH="23" HEIGHT="20" WC="0.92" CONTENT="af"/><SP WIDTH="20" VPOS="561" HPOS="384"/>
							<String ID="string_76" HPOS="404" VPOS="560" WIDTH="152" HEIGHT="21" WC="0.92" CONTENT="frälsesäterier"/><SP WIDTH="15" VPOS="560" HPOS="556"/>
							<String ID="string_77" HPOS="571" VPOS="561" WIDTH="38" HEIGHT="20" WC="0.96" CONTENT="och"/><SP WIDTH="16" VPOS="561" HPOS="609"/>
							<String ID="string_78" HPOS="625" VPOS="562" WIDTH="126" HEIGHT="26" WC="0.96" CONTENT="ladugårdar"/><SP WIDTH="16" VPOS="562" HPOS="751"/>
							<String ID="string_79" HPOS="767" VPOS="566" WIDTH="53" HEIGHT="17" WC="0.93" CONTENT="samt"/><SP WIDTH="18" VPOS="566" HPOS="820"/>
							<String ID="string_80" HPOS="838" VPOS="564" WIDTH="78" HEIGHT="27" WC="0.92" CONTENT="kyrko-"/>
						</TextLine>
						<TextLine ID="line_11" HPOS="167" VPOS="595" WIDTH="748" HEIGHT="26">
							<String ID="string_81" HPOS="167" VPOS="596" WIDTH="107" HEIGHT="25" WC="0.88" CONTENT="herdebol,"/><SP WIDTH="17" VPOS="596" HPOS="274"/>
							<String ID="string_82" HPOS="291" VPOS="595" WIDTH="45" HEIGHT="19" WC="0.92" CONTENT="deri"/><SP WIDTH="16" VPOS="595" HPOS="336"/>
							<String ID="string_83" HPOS="352" VPOS="595" WIDTH="90" HEIGHT="25" WC="0.96" CONTENT="deltaga."/><SP WIDTH="30" VPOS="595" HPOS="442"/>
							<String ID="string_84" HPOS="472" VPOS="595" WIDTH="41" HEIGHT="19" WC="0.92" CONTENT="Vid"/><SP WIDTH="15" VPOS="595" HPOS="513"/>
							<String ID="string_85" HPOS="528" VPOS="595" WIDTH="142" HEIGHT="26" WC="0.92" CONTENT="brandskada,"/><SP WIDTH="16" VPOS="595" HPOS="670"/>
							<String ID="string_86" HPOS="686" VPOS="603" WIDTH="44" HEIGHT="13" WC="0.96" CONTENT="som"/><SP WIDTH="17" VPOS="603" HPOS="730"/>
							<String ID="string_87" HPOS="747" VPOS="597" WIDTH="56" HEIGHT="20" WC="0.96" CONTENT="skett"/><SP WIDTH="22" VPOS="597" HPOS="803"/>
							<String ID="string_88" HPOS="825" VPOS="599" WIDTH="23" HEIGHT="19" WC="0.93" CONTENT="af"/><SP WIDTH="14" VPOS="599" HPOS="848"/>
							<String ID="string_89" HPOS="862" VPOS="599" WIDTH="53" HEIGHT="19" WC="0.92" CONTENT="våda"/>
						</TextLine>
						<TextLine ID="line_12" HPOS="166" VPOS="628" WIDTH="749" HEIGHT="30">
							<String ID="string_90" HPOS="166" VPOS="630" WIDTH="51" HEIGHT="19" WC="0.96" CONTENT="eller"/><SP WIDTH="15" VPOS="630" HPOS="217"/>
							<String ID="string_91" HPOS="232" VPOS="636" WIDTH="76" HEIGHT="20" WC="0.96" CONTENT="genom"/><SP WIDTH="17" VPOS="636" HPOS="308"/>
							<String ID="string_92" HPOS="325" VPOS="628" WIDTH="96" HEIGHT="20" WC="0.96" CONTENT="vållande"/><SP WIDTH="16" VPOS="628" HPOS="421"/>
							<String ID="string_93" HPOS="437" VPOS="628" WIDTH="23" HEIGHT="20" WC="0.95" CONTENT="af"/><SP WIDTH="14" VPOS="628" HPOS="460"/>
							<String ID="string_94" HPOS="474" VPOS="629" WIDTH="47" HEIGHT="25" WC="0.95" CONTENT="den,"/><SP WIDTH="17" VPOS="629" HPOS="521"/>
							<String ID="string_95" HPOS="538" VPOS="636" WIDTH="42" HEIGHT="12" WC="0.96" CONTENT="som"/><SP WIDTH="17" VPOS="636" HPOS="580"/>
							<String ID="string_96" HPOS="597" VPOS="630" WIDTH="18" HEIGHT="25" WC="0.96" CONTENT="ej"/><SP WIDTH="17" VPOS="630" HPOS="615"/>
							<String ID="string_97" HPOS="632" VPOS="630" WIDTH="42" HEIGHT="20" WC="0.93" CONTENT="kan"/><SP WIDTH="20" VPOS="630" HPOS="674"/>
							<String ID="string_98" HPOS="694" VPOS="631" WIDTH="63" HEIGHT="25" WC="0.90" CONTENT="gälda"/><SP WIDTH="17" VPOS="631" HPOS="757"/>
							<String ID="string_99" HPOS="774" VPOS="632" WIDTH="87" HEIGHT="26" WC="0.95" CONTENT="skadan,"/><SP WIDTH="18" VPOS="632" HPOS="861"/>
							<String ID="string_100" HPOS="879" VPOS="633" WIDTH="36" HEIGHT="19" WC="0.96" CONTENT="bör"/>
						</TextLine>
						<TextLine ID="line_13" HPOS="166" VPOS="662" WIDTH="749" HEIGHT="31">
							<String ID="string_101" HPOS="166" VPOS="663" WIDTH="24" HEIGHT="20" WC="0.95" CONTENT="af"/><SP WIDTH="13" VPOS="663" HPOS="190"/>
							<String ID="string_102" HPOS="203" VPOS="664" WIDTH="87" HEIGHT="19" WC="0.93" CONTENT="häradet"/><SP WIDTH="16" VPOS="664" HPOS="290"/>
							<String ID="string_103" HPOS="306" VPOS="662" WIDTH="67" HEIGHT="27" WC="0.92" CONTENT="gifvas"/><SP WIDTH="17" VPOS="662" HPOS="373"/>
							<String ID="string_104" HPOS="390" VPOS="662" WIDTH="120" HEIGHT="26" WC="0.90" CONTENT="brandstod,"/><SP WIDTH="18" VPOS="662" HPOS="510"/>
							<String ID="string_105" HPOS="528" VPOS="663" WIDTH="53" HEIGHT="20" WC="0.96" CONTENT="dock"/><SP WIDTH="18" VPOS="663" HPOS="581"/>
							<String ID="string_106" HPOS="599" VPOS="664" WIDTH="18" HEIGHT="26" WC="0.96" CONTENT="ej"/><SP WIDTH="17" VPOS="664" HPOS="617"/>
							<String ID="string_107" HPOS="634" VPOS="664" WIDTH="31" HEIGHT="20" WC="0.96" CONTENT="för"/><SP WIDTH="16" VPOS="664" HPOS="665"/>
							<String ID="string_108" HPOS="681" VPOS="665" WIDTH="65" HEIGHT="19" WC="0.96" CONTENT="andra"/><SP WIDTH="16" VPOS="665" HPOS="746"/>
							<String ID="string_109" HPOS="762" VPOS="666" WIDTH="37" HEIGHT="19" WC="0.96" CONTENT="hus"/><SP WIDTH="20" VPOS="666" HPOS="799"/>
							<String ID="string_110" HPOS="819" VPOS="669" WIDTH="26" HEIGHT="17" WC="0.96" CONTENT="än"/><SP WIDTH="16" VPOS="669" HPOS="845"/>
							<String ID="string_111" HPOS="861" VPOS="667" WIDTH="54" HEIGHT="26" WC="0.95" CONTENT="dem,"/>
						</TextLine>
						<TextLine ID="line_14" HPOS="166" VPOS="697" WIDTH="749" HEIGHT="30">
							<String ID="string_112" HPOS="166" VPOS="704" WIDTH="45" HEIGHT="13" WC="0.96" CONTENT="som"/><SP WIDTH="23" VPOS="704" HPOS="211"/>
							<String ID="string_113" HPOS="234" VPOS="698" WIDTH="32" HEIGHT="19" WC="0.95" CONTENT="för"/><SP WIDTH="23" VPOS="698" HPOS="266"/>
							<String ID="string_114" HPOS="289" VPOS="697" WIDTH="76" HEIGHT="25" WC="0.95" CONTENT="bonde,"/><SP WIDTH="23" VPOS="697" HPOS="365"/>
							<String ID="string_115" HPOS="388" VPOS="697" WIDTH="67" HEIGHT="26" WC="0.96" CONTENT="enligt"/><SP WIDTH="21" VPOS="697" HPOS="455"/>
							<String ID="string_116" HPOS="476" VPOS="698" WIDTH="8" HEIGHT="18" WC="0.92" CONTENT="1"/><SP WIDTH="19" VPOS="698" HPOS="484"/>
							<String ID="string_117" HPOS="503" VPOS="699" WIDTH="10" HEIGHT="22" WC="0.92" CONTENT="$"/><SP WIDTH="16" VPOS="699" HPOS="513"/>
							<String ID="string_118" HPOS="529" VPOS="698" WIDTH="13" HEIGHT="19" WC="0.95" CONTENT="2"/><SP WIDTH="16" VPOS="698" HPOS="542"/>
							<String ID="string_119" HPOS="558" VPOS="698" WIDTH="47" HEIGHT="26" WC="0.95" CONTENT="kap."/><SP WIDTH="21" VPOS="698" HPOS="605"/>
							<String ID="string_120" HPOS="626" VPOS="698" WIDTH="39" HEIGHT="20" WC="0.96" CONTENT="och"/><SP WIDTH="20" VPOS="698" HPOS="665"/>
							<String ID="string_121" HPOS="685" VPOS="699" WIDTH="10" HEIGHT="19" WC="0.93" CONTENT="3"/><SP WIDTH="20" VPOS="699" HPOS="695"/>
							<String ID="string_122" HPOS="715" VPOS="700" WIDTH="10" HEIGHT="22" WC="0.92" CONTENT="$"/><SP WIDTH="19" VPOS="700" HPOS="725"/>
							<String ID="string_123" HPOS="744" VPOS="700" WIDTH="25" HEIGHT="18" WC="0.96" CONTENT="27"/><SP WIDTH="16" VPOS="700" HPOS="769"/>
							<String ID="string_124" HPOS="785" VPOS="700" WIDTH="50" HEIGHT="26" WC="0.93" CONTENT="kap."/><SP WIDTH="16" VPOS="700" HPOS="835"/>
							<String ID="string_125" HPOS="851" VPOS="701" WIDTH="64" HEIGHT="26" WC="0.93" CONTENT="sagde"/>
						</TextLine>
						<TextLine ID="line_15" HPOS="167" VPOS="730" WIDTH="748" HEIGHT="30">
							<String ID="string_126" HPOS="167" VPOS="731" WIDTH="57" HEIGHT="25" WC="0.95" CONTENT="balk,"/><SP WIDTH="16" VPOS="731" HPOS="224"/>
							<String ID="string_127" HPOS="240" VPOS="734" WIDTH="36" HEIGHT="17" WC="0.96" CONTENT="äro"/><SP WIDTH="16" VPOS="734" HPOS="276"/>
							<String ID="string_128" HPOS="292" VPOS="731" WIDTH="80" HEIGHT="26" WC="0.95" CONTENT="nödiga"/><SP WIDTH="14" VPOS="731" HPOS="372"/>
							<String ID="string_129" HPOS="386" VPOS="730" WIDTH="108" HEIGHT="20" WC="0.96" CONTENT="äfvensom"/><SP WIDTH="17" VPOS="730" HPOS="494"/>
							<String ID="string_130" HPOS="511" VPOS="731" WIDTH="31" HEIGHT="19" WC="0.96" CONTENT="för"/><SP WIDTH="16" VPOS="731" HPOS="542"/>
							<String ID="string_131" HPOS="558" VPOS="732" WIDTH="44" HEIGHT="25" WC="0.96" CONTENT="säd,"/><SP WIDTH="16" VPOS="732" HPOS="602"/>
							<String ID="string_132" HPOS="618" VPOS="732" WIDTH="59" HEIGHT="20" WC="0.96" CONTENT="foder"/><SP WIDTH="16" VPOS="732" HPOS="677"/>
							<String ID="string_133" HPOS="693" VPOS="732" WIDTH="38" HEIGHT="20" WC="0.96" CONTENT="och"/><SP WIDTH="20" VPOS="732" HPOS="731"/>
							<String ID="string_134" HPOS="751" VPOS="733" WIDTH="86" HEIGHT="27" WC="0.96" CONTENT="boskap,"/><SP WIDTH="24" VPOS="733" HPOS="837"/>
							<String ID="string_135" HPOS="861" VPOS="734" WIDTH="54" HEIGHT="20" WC="0.96" CONTENT="dock"/>
						</TextLine>
						<TextLine ID="line_16" HPOS="167" VPOS="764" WIDTH="748" HEIGHT="27">
							<String ID="string_136" HPOS="167" VPOS="764" WIDTH="48" HEIGHT="20" WC="0.96" CONTENT="icke"/><SP WIDTH="20" VPOS="764" HPOS="215"/>
							<String ID="string_137" HPOS="235" VPOS="764" WIDTH="31" HEIGHT="20" WC="0.96" CONTENT="till"/><SP WIDTH="21" VPOS="764" HPOS="266"/>
							<String ID="string_138" HPOS="287" VPOS="767" WIDTH="66" HEIGHT="17" WC="0.96" CONTENT="större"/><SP WIDTH="21" VPOS="767" HPOS="353"/>
							<String ID="string_139" HPOS="374" VPOS="764" WIDTH="76" HEIGHT="26" WC="0.96" CONTENT="mängd"/><SP WIDTH="19" VPOS="764" HPOS="450"/>
							<String ID="string_140" HPOS="469" VPOS="767" WIDTH="26" HEIGHT="17" WC="0.96" CONTENT="än"/><SP WIDTH="17" VPOS="767" HPOS="495"/>
							<String ID="string_141" HPOS="512" VPOS="765" WIDTH="30" HEIGHT="19" WC="0.96" CONTENT="till"/><SP WIDTH="16" VPOS="765" HPOS="542"/>
							<String ID="string_142" HPOS="558" VPOS="765" WIDTH="91" HEIGHT="26" WC="0.96" CONTENT="gårdens"/><SP WIDTH="16" VPOS="765" HPOS="649"/>
							<String ID="string_143" HPOS="665" VPOS="766" WIDTH="52" HEIGHT="19" WC="0.97" CONTENT="bruk"/><SP WIDTH="16" VPOS="766" HPOS="717"/>
							<String ID="string_144" HPOS="733" VPOS="767" WIDTH="110" HEIGHT="20" WC="0.93" CONTENT="erfordras."/><SP WIDTH="34" VPOS="767" HPOS="843"/>
							<String ID="string_145" HPOS="877" VPOS="768" WIDTH="38" HEIGHT="20" WC="0.91" CONTENT="Be-"/>
						</TextLine>
						<TextLine ID="line_17" HPOS="166" VPOS="798" WIDTH="749" HEIGHT="28">
							<String ID="string_146" HPOS="166" VPOS="800" WIDTH="73" HEIGHT="19" WC="0.91" CONTENT="hofvet"/><SP WIDTH="22" VPOS="800" HPOS="239"/>
							<String ID="string_147" HPOS="261" VPOS="798" WIDTH="39" HEIGHT="20" WC="0.93" CONTENT="och"/><SP WIDTH="24" VPOS="798" HPOS="300"/>
							<String ID="string_148" HPOS="324" VPOS="798" WIDTH="71" HEIGHT="26" WC="0.92" CONTENT="vigten"/><SP WIDTH="21" VPOS="798" HPOS="395"/>
							<String ID="string_149" HPOS="416" VPOS="799" WIDTH="22" HEIGHT="19" WC="0.97" CONTENT="af"/><SP WIDTH="14" VPOS="799" HPOS="438"/>
							<String ID="string_150" HPOS="452" VPOS="798" WIDTH="62" HEIGHT="20" WC="0.96" CONTENT="dessa"/><SP WIDTH="15" VPOS="798" HPOS="514"/>
							<String ID="string_151" HPOS="529" VPOS="798" WIDTH="151" HEIGHT="27" WC="0.96" CONTENT="obligatoriska"/><SP WIDTH="15" VPOS="798" HPOS="680"/>
							<String ID="string_152" HPOS="695" VPOS="800" WIDTH="130" HEIGHT="26" WC="0.96" CONTENT="stadganden"/><SP WIDTH="16" VPOS="800" HPOS="825"/>
							<String ID="string_153" HPOS="841" VPOS="802" WIDTH="32" HEIGHT="19" WC="0.96" CONTENT="för"/><SP WIDTH="16" VPOS="802" HPOS="873"/>
							<String ID="string_154" HPOS="889" VPOS="808" WIDTH="26" HEIGHT="13" WC="0.96" CONTENT="en"/>
						</TextLine>
						<TextLine ID="line_18" HPOS="167" VPOS="832" WIDTH="748" HEIGHT="27">
							<String ID="string_155" HPOS="167" VPOS="833" WIDTH="37" HEIGHT="25" WC="0.95" CONTENT="tid,"/><SP WIDTH="16" VPOS="833" HPOS="204"/>
							<String ID="string_156" HPOS="220" VPOS="832" WIDTH="27" HEIGHT="20" WC="0.86" CONTENT="dä"/><SP WIDTH="15" VPOS="832" HPOS="247"/>
							<String ID="string_157" HPOS="262" VPOS="838" WIDTH="70" HEIGHT="14" WC="0.92" CONTENT="annan"/><SP WIDTH="16" VPOS="838" HPOS="332"/>
							<String ID="string_158" HPOS="348" VPOS="835" WIDTH="64" HEIGHT="23" WC="0.96" CONTENT="utväg"/><SP WIDTH="15" VPOS="835" HPOS="412"/>
							<String ID="string_159" HPOS="427" VPOS="832" WIDTH="31" HEIGHT="20" WC="0.93" CONTENT="till"/><SP WIDTH="18" VPOS="832" HPOS="458"/>
							<String ID="string_160" HPOS="476" VPOS="833" WIDTH="116" HEIGHT="26" WC="0.92" CONTENT="egendoms"/><SP WIDTH="23" VPOS="833" HPOS="592"/>
							<String ID="string_161" HPOS="615" VPOS="834" WIDTH="136" HEIGHT="20" WC="0.90" CONTENT="försäkrande"/><SP WIDTH="23" VPOS="834" HPOS="751"/>
							<String ID="string_162" HPOS="774" VPOS="838" WIDTH="43" HEIGHT="17" WC="0.93" CONTENT="mot"/><SP WIDTH="23" VPOS="838" HPOS="817"/>
							<String ID="string_163" HPOS="840" VPOS="836" WIDTH="75" HEIGHT="20" WC="0.78" CONTENT="brand-"/>
						</TextLine>
						<TextLine ID="line_19" HPOS="166" VPOS="866" WIDTH="749" HEIGHT="27">
							<String ID="string_164" HPOS="166" VPOS="867" WIDTH="66" HEIGHT="20" WC="0.96" CONTENT="skada"/><SP WIDTH="23" VPOS="867" HPOS="232"/>
							<String ID="string_165" HPOS="255" VPOS="869" WIDTH="56" HEIGHT="17" WC="0.93" CONTENT="ännu"/><SP WIDTH="23" VPOS="869" HPOS="311"/>
							<String ID="string_166" HPOS="334" VPOS="866" WIDTH="112" HEIGHT="27" WC="0.89" CONTENT="saknades,"/><SP WIDTH="22" VPOS="866" HPOS="446"/>
							<String ID="string_167" HPOS="468" VPOS="867" WIDTH="36" HEIGHT="19" WC="0.93" CONTENT="vill"/><SP WIDTH="20" VPOS="867" HPOS="504"/>
							<String ID="string_168" HPOS="524" VPOS="867" WIDTH="107" HEIGHT="20" WC="0.92" CONTENT="Utskottet"/><SP WIDTH="15" VPOS="867" HPOS="631"/>
							<String ID="string_169" HPOS="646" VPOS="868" WIDTH="47" HEIGHT="20" WC="0.91" CONTENT="icke"/><SP WIDTH="19" VPOS="868" HPOS="693"/>
							<String ID="string_170" HPOS="712" VPOS="868" WIDTH="141" HEIGHT="21" WC="0.92" CONTENT="underskatta."/><SP WIDTH="31" VPOS="868" HPOS="853"/>
							<String ID="string_171" HPOS="884" VPOS="870" WIDTH="31" HEIGHT="19" WC="0.97" CONTENT="De"/>
						</TextLine>
						<TextLine ID="line_20" HPOS="166" VPOS="900" WIDTH="749" HEIGHT="27">
							<String ID="string_172" HPOS="166" VPOS="900" WIDTH="88" HEIGHT="21" WC="0.93" CONTENT="sälunda"/><SP WIDTH="15" VPOS="900" HPOS="254"/>
							<String ID="string_173" HPOS="269" VPOS="900" WIDTH="106" HEIGHT="26" WC="0.92" CONTENT="päbjudna"/><SP WIDTH="16" VPOS="900" HPOS="375"/>
							<String ID="string_174" HPOS="391" VPOS="900" WIDTH="276" HEIGHT="27" WC="0.91" CONTENT="brandstodsföreningarne"/><SP WIDTH="16" VPOS="900" HPOS="667"/>
							<String ID="string_175" HPOS="683" VPOS="901" WIDTH="112" HEIGHT="21" WC="0.96" CONTENT="omfattade"/><SP WIDTH="22" VPOS="901" HPOS="795"/>
							<String ID="string_176" HPOS="817" VPOS="903" WIDTH="48" HEIGHT="19" WC="0.93" CONTENT="hela"/><SP WIDTH="15" VPOS="903" HPOS="865"/>
							<String ID="string_177" HPOS="880" VPOS="903" WIDTH="35" HEIGHT="19" WC="0.92" CONTENT="hä-"/>
						</TextLine>
						<TextLine ID="line_21" HPOS="166" VPOS="934" WIDTH="749" HEIGHT="27">
							<String ID="string_178" HPOS="166" VPOS="935" WIDTH="60" HEIGHT="20" WC="0.92" CONTENT="radet"/><SP WIDTH="16" VPOS="935" HPOS="226"/>
							<String ID="string_179" HPOS="242" VPOS="934" WIDTH="52" HEIGHT="20" WC="0.93" CONTENT="eller"/><SP WIDTH="16" VPOS="934" HPOS="294"/>
							<String ID="string_180" HPOS="310" VPOS="934" WIDTH="121" HEIGHT="27" WC="0.96" CONTENT="domsagan."/><SP WIDTH="30" VPOS="934" HPOS="431"/>
							<String ID="string_181" HPOS="461" VPOS="935" WIDTH="9" HEIGHT="19" WC="0.95" CONTENT="I"/><SP WIDTH="16" VPOS="935" HPOS="470"/>
							<String ID="string_182" HPOS="486" VPOS="935" WIDTH="70" HEIGHT="19" WC="0.96" CONTENT="denna"/><SP WIDTH="23" VPOS="935" HPOS="556"/>
							<String ID="string_183" HPOS="579" VPOS="935" WIDTH="33" HEIGHT="20" WC="0.93" CONTENT="del"/><SP WIDTH="20" VPOS="935" HPOS="612"/>
							<String ID="string_184" HPOS="632" VPOS="935" WIDTH="53" HEIGHT="26" WC="0.91" CONTENT="egde"/><SP WIDTH="16" VPOS="935" HPOS="685"/>
							<String ID="string_185" HPOS="701" VPOS="935" WIDTH="65" HEIGHT="20" WC="0.95" CONTENT="likväl"/><SP WIDTH="16" VPOS="935" HPOS="766"/>
							<String ID="string_186" HPOS="782" VPOS="943" WIDTH="25" HEIGHT="13" WC="0.93" CONTENT="en"/><SP WIDTH="20" VPOS="943" HPOS="807"/>
							<String ID="string_187" HPOS="827" VPOS="937" WIDTH="88" HEIGHT="20" WC="0.91" CONTENT="hufvud-"/>
						</TextLine>
						<TextLine ID="line_22" HPOS="167" VPOS="968" WIDTH="748" HEIGHT="29">
							<String ID="string_188" HPOS="167" VPOS="969" WIDTH="69" HEIGHT="26" WC="0.91" CONTENT="saklig"/><SP WIDTH="16" VPOS="969" HPOS="236"/>
							<String ID="string_189" HPOS="252" VPOS="969" WIDTH="92" HEIGHT="26" WC="0.90" CONTENT="eftergift"/><SP WIDTH="16" VPOS="969" HPOS="344"/>
							<String ID="string_190" HPOS="360" VPOS="969" WIDTH="64" HEIGHT="19" WC="0.93" CONTENT="redan"/><SP WIDTH="16" VPOS="969" HPOS="424"/>
							<String ID="string_191" HPOS="440" VPOS="968" WIDTH="63" HEIGHT="27" WC="0.87" CONTENT="tidigt"/><SP WIDTH="15" VPOS="968" HPOS="503"/>
							<String ID="string_192" HPOS="518" VPOS="975" WIDTH="50" HEIGHT="13" WC="0.94" CONTENT="rum."/><SP WIDTH="25" VPOS="975" HPOS="568"/>
							<String ID="string_193" HPOS="593" VPOS="969" WIDTH="81" HEIGHT="20" WC="0.96" CONTENT="Genom"/><SP WIDTH="17" VPOS="969" HPOS="674"/>
							<String ID="string_194" HPOS="691" VPOS="970" WIDTH="25" HEIGHT="19" WC="0.93" CONTENT="43"/><SP WIDTH="17" VPOS="970" HPOS="716"/>
							<String ID="string_195" HPOS="733" VPOS="972" WIDTH="10" HEIGHT="21" WC="0.93" CONTENT="$"/><SP WIDTH="16" VPOS="972" HPOS="743"/>
							<String ID="string_196" HPOS="759" VPOS="970" WIDTH="5" HEIGHT="19" WC="0.93" CONTENT="i"/><SP WIDTH="20" VPOS="970" HPOS="764"/>
							<String ID="string_197" HPOS="784" VPOS="970" WIDTH="75" HEIGHT="27" WC="0.91" CONTENT="Kongl."/><SP WIDTH="16" VPOS="970" HPOS="859"/>
							<String ID="string_198" HPOS="875" VPOS="971" WIDTH="40" HEIGHT="19" WC="0.93" CONTENT="Re-"/>
						</TextLine>
						<TextLine ID="line_23" HPOS="166" VPOS="1003" WIDTH="749" HEIGHT="28">
							<String ID="string_199" HPOS="166" VPOS="1003" WIDTH="120" HEIGHT="20" WC="0.92" CONTENT="solutionen"/><SP WIDTH="17" VPOS="1003" HPOS="286"/>
							<String ID="string_200" HPOS="303" VPOS="1003" WIDTH="40" HEIGHT="20" WC="0.96" CONTENT="den"/><SP WIDTH="17" VPOS="1003" HPOS="343"/>
							<String ID="string_201" HPOS="360" VPOS="1003" WIDTH="11" HEIGHT="19" WC="0.96" CONTENT="9"/><SP WIDTH="17" VPOS="1003" HPOS="371"/>
							<String ID="string_202" HPOS="388" VPOS="1003" WIDTH="118" HEIGHT="19" WC="0.96" CONTENT="December"/><SP WIDTH="13" VPOS="1003" HPOS="506"/>
							<String ID="string_203" HPOS="519" VPOS="1003" WIDTH="52" HEIGHT="19" WC="0.93" CONTENT="1766"/><SP WIDTH="14" VPOS="1003" HPOS="571"/>
							<String ID="string_204" HPOS="585" VPOS="1003" WIDTH="141" HEIGHT="26" WC="0.91" CONTENT="berättigades"/><SP WIDTH="12" VPOS="1003" HPOS="726"/>
							<String ID="string_205" HPOS="738" VPOS="1004" WIDTH="105" HEIGHT="27" WC="0.92" CONTENT="nemligen"/><SP WIDTH="12" VPOS="1004" HPOS="843"/>
							<String ID="string_206" HPOS="855" VPOS="1005" WIDTH="60" HEIGHT="20" WC="0.92" CONTENT="sock-"/>
						</TextLine>
						<TextLine ID="line_24" HPOS="167" VPOS="1036" WIDTH="749" HEIGHT="27">
							<String ID="string_207" HPOS="167" VPOS="1043" WIDTH="65" HEIGHT="14" WC="0.91" CONTENT="narne"/><SP WIDTH="15" VPOS="1043" HPOS="232"/>
							<String ID="string_208" HPOS="247" VPOS="1037" WIDTH="7" HEIGHT="19" WC="0.96" CONTENT="i"/><SP WIDTH="16" VPOS="1037" HPOS="254"/>
							<String ID="string_209" HPOS="270" VPOS="1038" WIDTH="29" HEIGHT="19" WC="0.93" CONTENT="ett"/><SP WIDTH="15" VPOS="1038" HPOS="299"/>
							<String ID="string_210" HPOS="314" VPOS="1036" WIDTH="99" HEIGHT="20" WC="0.96" CONTENT="särskildt"/><SP WIDTH="15" VPOS="1036" HPOS="413"/>
							<String ID="string_211" HPOS="428" VPOS="1037" WIDTH="71" HEIGHT="25" WC="0.95" CONTENT="härad,"/><SP WIDTH="17" VPOS="1037" HPOS="499"/>
							<String ID="string_212" HPOS="516" VPOS="1038" WIDTH="30" HEIGHT="18" WC="0.93" CONTENT="att"/><SP WIDTH="15" VPOS="1038" HPOS="546"/>
							<String ID="string_213" HPOS="561" VPOS="1037" WIDTH="52" HEIGHT="19" WC="0.95" CONTENT="hvar"/><SP WIDTH="18" VPOS="1037" HPOS="613"/>
							<String ID="string_214" HPOS="631" VPOS="1038" WIDTH="31" HEIGHT="19" WC="0.96" CONTENT="för"/><SP WIDTH="18" VPOS="1038" HPOS="662"/>
							<String ID="string_215" HPOS="680" VPOS="1038" WIDTH="33" HEIGHT="25" WC="0.93" CONTENT="sig"/><SP WIDTH="19" VPOS="1038" HPOS="713"/>
							<String ID="string_216" HPOS="732" VPOS="1037" WIDTH="184" HEIGHT="22" WC="0.78" CONTENT="öfverenskomma"/>
						</TextLine>
						<TextLine ID="line_25" HPOS="166" VPOS="1070" WIDTH="749" HEIGHT="29">
							<String ID="string_217" HPOS="166" VPOS="1071" WIDTH="40" HEIGHT="20" WC="0.91" CONTENT="och"/><SP WIDTH="24" VPOS="1071" HPOS="206"/>
							<String ID="string_218" HPOS="230" VPOS="1071" WIDTH="102" HEIGHT="20" WC="0.90" CONTENT="fastställa"/><SP WIDTH="22" VPOS="1071" HPOS="332"/>
							<String ID="string_219" HPOS="354" VPOS="1071" WIDTH="40" HEIGHT="19" WC="0.91" CONTENT="den"/><SP WIDTH="24" VPOS="1071" HPOS="394"/>
							<String ID="string_220" HPOS="418" VPOS="1070" WIDTH="190" HEIGHT="27" WC="0.88" CONTENT="brandstodshjelp,"/><SP WIDTH="23" VPOS="1070" HPOS="608"/>
							<String ID="string_221" HPOS="631" VPOS="1071" WIDTH="100" HEIGHT="20" WC="0.92" CONTENT="hvarmed"/><SP WIDTH="21" VPOS="1071" HPOS="731"/>
							<String ID="string_222" HPOS="752" VPOS="1072" WIDTH="25" HEIGHT="19" WC="0.95" CONTENT="de"/><SP WIDTH="16" VPOS="1072" HPOS="777"/>
							<String ID="string_223" HPOS="793" VPOS="1073" WIDTH="6" HEIGHT="18" WC="0.95" CONTENT="i"/><SP WIDTH="16" VPOS="1073" HPOS="799"/>
							<String ID="string_224" HPOS="815" VPOS="1073" WIDTH="100" HEIGHT="26" WC="0.96" CONTENT="socknen,"/>
						</TextLine>
						<TextLine ID="line_26" HPOS="166" VPOS="1104" WIDTH="750" HEIGHT="28">
							<String ID="string_225" HPOS="166" VPOS="1111" WIDTH="45" HEIGHT="13" WC="0.93" CONTENT="som"/><SP WIDTH="16" VPOS="1111" HPOS="211"/>
							<String ID="string_226" HPOS="227" VPOS="1105" WIDTH="84" HEIGHT="20" WC="0.91" CONTENT="komme"/><SP WIDTH="23" VPOS="1105" HPOS="311"/>
							<String ID="string_227" HPOS="334" VPOS="1106" WIDTH="30" HEIGHT="18" WC="0.93" CONTENT="att"/><SP WIDTH="22" VPOS="1106" HPOS="364"/>
							<String ID="string_228" HPOS="386" VPOS="1105" WIDTH="44" HEIGHT="19" WC="0.92" CONTENT="lida"/><SP WIDTH="22" VPOS="1105" HPOS="430"/>
							<String ID="string_229" HPOS="452" VPOS="1104" WIDTH="83" HEIGHT="27" WC="0.92" CONTENT="vädeld,"/><SP WIDTH="24" VPOS="1104" HPOS="535"/>
							<String ID="string_230" HPOS="559" VPOS="1105" WIDTH="67" HEIGHT="20" WC="0.93" CONTENT="skulle"/><SP WIDTH="21" VPOS="1105" HPOS="626"/>
							<String ID="string_231" HPOS="647" VPOS="1106" WIDTH="152" HEIGHT="26" WC="0.90" CONTENT="understödjas,"/><SP WIDTH="18" VPOS="1106" HPOS="799"/>
							<String ID="string_232" HPOS="817" VPOS="1110" WIDTH="54" HEIGHT="16" WC="0.96" CONTENT="samt"/><SP WIDTH="15" VPOS="1110" HPOS="871"/>
							<String ID="string_233" HPOS="886" VPOS="1109" WIDTH="30" HEIGHT="18" WC="0.96" CONTENT="att"/>
						</TextLine>
						<TextLine ID="line_27" HPOS="166" VPOS="1138" WIDTH="749" HEIGHT="28">
							<String ID="string_234" HPOS="166" VPOS="1139" WIDTH="32" HEIGHT="20" WC="0.93" CONTENT="för"/><SP WIDTH="16" VPOS="1139" HPOS="198"/>
							<String ID="string_235" HPOS="214" VPOS="1139" WIDTH="49" HEIGHT="19" WC="0.96" CONTENT="slikt"/><SP WIDTH="15" VPOS="1139" HPOS="263"/>
							<String ID="string_236" HPOS="278" VPOS="1138" WIDTH="98" HEIGHT="20" WC="0.95" CONTENT="ändamål"/><SP WIDTH="16" VPOS="1138" HPOS="376"/>
							<String ID="string_237" HPOS="392" VPOS="1139" WIDTH="66" HEIGHT="19" WC="0.95" CONTENT="samla"/><SP WIDTH="15" VPOS="1139" HPOS="458"/>
							<String ID="string_238" HPOS="473" VPOS="1139" WIDTH="39" HEIGHT="20" WC="0.93" CONTENT="och"/><SP WIDTH="16" VPOS="1139" HPOS="512"/>
							<String ID="string_239" HPOS="528" VPOS="1139" WIDTH="77" HEIGHT="20" WC="0.96" CONTENT="inrätta"/><SP WIDTH="12" VPOS="1139" HPOS="605"/>
							<String ID="string_240" HPOS="617" VPOS="1139" WIDTH="32" HEIGHT="20" WC="0.97" CONTENT="sin"/><SP WIDTH="12" VPOS="1139" HPOS="649"/>
							<String ID="string_241" HPOS="661" VPOS="1139" WIDTH="97" HEIGHT="20" WC="0.96" CONTENT="enskilda"/><SP WIDTH="10" VPOS="1139" HPOS="758"/>
							<String ID="string_242" HPOS="768" VPOS="1140" WIDTH="71" HEIGHT="26" WC="0.93" CONTENT="kassa;"/><SP WIDTH="16" VPOS="1140" HPOS="839"/>
							<String ID="string_243" HPOS="855" VPOS="1141" WIDTH="60" HEIGHT="19" WC="0.92" CONTENT="hvar-"/>
						</TextLine>
						<TextLine ID="line_28" HPOS="168" VPOS="1173" WIDTH="748" HEIGHT="28">
							<String ID="string_244" HPOS="168" VPOS="1173" WIDTH="47" HEIGHT="19" WC="0.95" CONTENT="med"/><SP WIDTH="24" VPOS="1173" HPOS="215"/>
							<String ID="string_245" HPOS="239" VPOS="1173" WIDTH="37" HEIGHT="19" WC="0.92" CONTENT="allt"/><SP WIDTH="22" VPOS="1173" HPOS="276"/>
							<String ID="string_246" HPOS="298" VPOS="1173" WIDTH="118" HEIGHT="19" WC="0.90" CONTENT="häradsrätt"/><SP WIDTH="20" VPOS="1173" HPOS="416"/>
							<String ID="string_247" HPOS="436" VPOS="1173" WIDTH="39" HEIGHT="19" WC="0.93" CONTENT="och"/><SP WIDTH="16" VPOS="1173" HPOS="475"/>
							<String ID="string_248" HPOS="491" VPOS="1173" WIDTH="130" HEIGHT="19" WC="0.92" CONTENT="embetsmän"/><SP WIDTH="15" VPOS="1173" HPOS="621"/>
							<String ID="string_249" HPOS="636" VPOS="1173" WIDTH="48" HEIGHT="20" WC="0.91" CONTENT="icke"/><SP WIDTH="16" VPOS="1173" HPOS="684"/>
							<String ID="string_250" HPOS="700" VPOS="1174" WIDTH="67" HEIGHT="19" WC="0.93" CONTENT="skulle"/><SP WIDTH="18" VPOS="1174" HPOS="767"/>
							<String ID="string_251" HPOS="785" VPOS="1181" WIDTH="40" HEIGHT="19" WC="0.93" CONTENT="ega"/><SP WIDTH="15" VPOS="1181" HPOS="825"/>
							<String ID="string_252" HPOS="840" VPOS="1176" WIDTH="30" HEIGHT="18" WC="0.96" CONTENT="att"/><SP WIDTH="15" VPOS="1176" HPOS="870"/>
							<String ID="string_253" HPOS="885" VPOS="1175" WIDTH="31" HEIGHT="26" WC="0.94" CONTENT="sig"/>
						</TextLine>
						<TextLine ID="line_29" HPOS="166" VPOS="1206" WIDTH="749" HEIGHT="27">
							<String ID="string_254" HPOS="166" VPOS="1207" WIDTH="72" HEIGHT="19" WC="0.93" CONTENT="vidare"/><SP WIDTH="16" VPOS="1207" HPOS="238"/>
							<String ID="string_255" HPOS="254" VPOS="1206" WIDTH="84" HEIGHT="25" WC="0.96" CONTENT="befatta,"/><SP WIDTH="16" VPOS="1206" HPOS="338"/>
							<String ID="string_256" HPOS="354" VPOS="1209" WIDTH="25" HEIGHT="17" WC="0.96" CONTENT="än"/><SP WIDTH="18" VPOS="1209" HPOS="379"/>
							<String ID="string_257" HPOS="397" VPOS="1208" WIDTH="29" HEIGHT="18" WC="0.96" CONTENT="att"/><SP WIDTH="16" VPOS="1208" HPOS="426"/>
							<String ID="string_258" HPOS="442" VPOS="1206" WIDTH="32" HEIGHT="20" WC="0.93" CONTENT="för"/><SP WIDTH="15" VPOS="1206" HPOS="474"/>
							<String ID="string_259" HPOS="489" VPOS="1206" WIDTH="169" HEIGHT="27" WC="0.91" CONTENT="verkställighets"/><SP WIDTH="16" VPOS="1206" HPOS="658"/>
							<String ID="string_260" HPOS="674" VPOS="1207" WIDTH="97" HEIGHT="26" WC="0.96" CONTENT="åtgärder"/><SP WIDTH="21" VPOS="1207" HPOS="771"/>
							<String ID="string_261" HPOS="792" VPOS="1208" WIDTH="71" HEIGHT="20" WC="0.93" CONTENT="lemna"/><SP WIDTH="16" VPOS="1208" HPOS="863"/>
							<String ID="string_262" HPOS="879" VPOS="1208" WIDTH="36" HEIGHT="20" WC="0.93" CONTENT="be-"/>
						</TextLine>
						<TextLine ID="line_30" HPOS="166" VPOS="1240" WIDTH="750" HEIGHT="28">
							<String ID="string_263" HPOS="166" VPOS="1241" WIDTH="52" HEIGHT="26" WC="0.92" CONTENT="gärd"/><SP WIDTH="17" VPOS="1241" HPOS="218"/>
							<String ID="string_264" HPOS="235" VPOS="1240" WIDTH="166" HEIGHT="26" WC="0.89" CONTENT="handräekning."/><SP WIDTH="30" VPOS="1240" HPOS="401"/>
							<String ID="string_265" HPOS="431" VPOS="1241" WIDTH="75" HEIGHT="19" WC="0.93" CONTENT="Denna"/><SP WIDTH="23" VPOS="1241" HPOS="506"/>
							<String ID="string_266" HPOS="529" VPOS="1241" WIDTH="100" HEIGHT="25" WC="0.93" CONTENT="rättighet"/><SP WIDTH="25" VPOS="1241" HPOS="629"/>
							<String ID="string_267" HPOS="654" VPOS="1241" WIDTH="126" HEIGHT="20" WC="0.65" CONTENT="utsträektes"/><SP WIDTH="27" VPOS="1241" HPOS="780"/>
							<String ID="string_268" HPOS="807" VPOS="1242" WIDTH="64" HEIGHT="26" WC="0.87" CONTENT="några"/><SP WIDTH="22" VPOS="1242" HPOS="871"/>
							<String ID="string_269" HPOS="893" VPOS="1242" WIDTH="23" HEIGHT="20" WC="0.96" CONTENT="är"/>
						</TextLine>
						<TextLine ID="line_31" HPOS="166" VPOS="1274" WIDTH="749" HEIGHT="28">
							<String ID="string_270" HPOS="166" VPOS="1275" WIDTH="98" HEIGHT="24" WC="0.92" CONTENT="derefter,"/><SP WIDTH="23" VPOS="1275" HPOS="264"/>
							<String ID="string_271" HPOS="287" VPOS="1280" WIDTH="75" HEIGHT="21" WC="0.93" CONTENT="genom"/><SP WIDTH="24" VPOS="1280" HPOS="362"/>
							<String ID="string_272" HPOS="386" VPOS="1274" WIDTH="76" HEIGHT="27" WC="0.91" CONTENT="Kongl."/><SP WIDTH="24" VPOS="1274" HPOS="462"/>
							<String ID="string_273" HPOS="486" VPOS="1275" WIDTH="153" HEIGHT="26" WC="0.92" CONTENT="Förklaringen"/><SP WIDTH="24" VPOS="1275" HPOS="639"/>
							<String ID="string_274" HPOS="663" VPOS="1275" WIDTH="40" HEIGHT="20" WC="0.96" CONTENT="den"/><SP WIDTH="18" VPOS="1275" HPOS="703"/>
							<String ID="string_275" HPOS="721" VPOS="1276" WIDTH="9" HEIGHT="19" WC="0.96" CONTENT="1"/><SP WIDTH="17" VPOS="1276" HPOS="730"/>
							<String ID="string_276" HPOS="747" VPOS="1275" WIDTH="89" HEIGHT="27" WC="0.96" CONTENT="Augusti"/><SP WIDTH="19" VPOS="1275" HPOS="836"/>
							<String ID="string_277" HPOS="855" VPOS="1274" WIDTH="60" HEIGHT="27" WC="0.95" CONTENT="1770,"/>
						</TextLine>
						<TextLine ID="line_32" HPOS="165" VPOS="1308" WIDTH="750" HEIGHT="27">
							<String ID="string_278" HPOS="165" VPOS="1309" WIDTH="31" HEIGHT="19" WC="0.96" CONTENT="till"/><SP WIDTH="16" VPOS="1309" HPOS="196"/>
							<String ID="string_279" HPOS="212" VPOS="1309" WIDTH="42" HEIGHT="19" WC="0.96" CONTENT="alla"/><SP WIDTH="15" VPOS="1309" HPOS="254"/>
							<String ID="string_280" HPOS="269" VPOS="1308" WIDTH="59" HEIGHT="20" WC="0.97" CONTENT="delar"/><SP WIDTH="15" VPOS="1308" HPOS="328"/>
							<String ID="string_281" HPOS="343" VPOS="1308" WIDTH="23" HEIGHT="20" WC="0.96" CONTENT="af"/><SP WIDTH="12" VPOS="1308" HPOS="366"/>
							<String ID="string_282" HPOS="378" VPOS="1308" WIDTH="62" HEIGHT="26" WC="0.93" CONTENT="riket,"/><SP WIDTH="16" VPOS="1308" HPOS="440"/>
							<String ID="string_283" HPOS="456" VPOS="1309" WIDTH="116" HEIGHT="25" WC="0.91" CONTENT="hvarjemte"/><SP WIDTH="19" VPOS="1309" HPOS="572"/>
							<String ID="string_284" HPOS="591" VPOS="1309" WIDTH="36" HEIGHT="19" WC="0.96" CONTENT="det"/><SP WIDTH="17" VPOS="1309" HPOS="627"/>
							<String ID="string_285" HPOS="644" VPOS="1309" WIDTH="142" HEIGHT="26" WC="0.93" CONTENT="uttryckligen"/><SP WIDTH="19" VPOS="1309" HPOS="786"/>
							<String ID="string_286" HPOS="805" VPOS="1310" WIDTH="110" HEIGHT="25" WC="0.93" CONTENT="uttalades,"/>
						</TextLine>
						<TextLine ID="line_33" HPOS="164" VPOS="1342" WIDTH="751" HEIGHT="29">
							<String ID="string_287" HPOS="164" VPOS="1344" WIDTH="31" HEIGHT="18" WC="0.96" CONTENT="att"/><SP WIDTH="16" VPOS="1344" HPOS="195"/>
							<String ID="string_288" HPOS="211" VPOS="1343" WIDTH="39" HEIGHT="19" WC="0.96" CONTENT="den"/><SP WIDTH="16" VPOS="1343" HPOS="250"/>
							<String ID="string_289" HPOS="266" VPOS="1342" WIDTH="86" HEIGHT="26" WC="0.95" CONTENT="socken,"/><SP WIDTH="17" VPOS="1342" HPOS="352"/>
							<String ID="string_290" HPOS="369" VPOS="1349" WIDTH="43" HEIGHT="12" WC="0.96" CONTENT="som"/><SP WIDTH="17" VPOS="1349" HPOS="412"/>
							<String ID="string_291" HPOS="429" VPOS="1342" WIDTH="55" HEIGHT="20" WC="0.93" CONTENT="hade"/><SP WIDTH="15" VPOS="1342" HPOS="484"/>
							<String ID="string_292" HPOS="499" VPOS="1342" WIDTH="68" HEIGHT="27" WC="0.96" CONTENT="ingått"/><SP WIDTH="21" VPOS="1342" HPOS="567"/>
							<String ID="string_293" HPOS="588" VPOS="1343" WIDTH="84" HEIGHT="19" WC="0.93" CONTENT="enskild"/><SP WIDTH="20" VPOS="1343" HPOS="672"/>
							<String ID="string_294" HPOS="692" VPOS="1343" WIDTH="223" HEIGHT="28" WC="0.92" CONTENT="brandstodsförening"/>
						</TextLine>
						<TextLine ID="line_34" HPOS="165" VPOS="1376" WIDTH="750" HEIGHT="27">
							<String ID="string_295" HPOS="165" VPOS="1377" WIDTH="52" HEIGHT="19" WC="0.92" CONTENT="eller"/><SP WIDTH="15" VPOS="1377" HPOS="217"/>
							<String ID="string_296" HPOS="232" VPOS="1377" WIDTH="86" HEIGHT="19" WC="0.92" CONTENT="inrättat"/><SP WIDTH="10" VPOS="1377" HPOS="318"/>
							<String ID="string_297" HPOS="328" VPOS="1376" WIDTH="201" HEIGHT="27" WC="0.92" CONTENT="försäkringskassa,"/><SP WIDTH="15" VPOS="1376" HPOS="529"/>
							<String ID="string_298" HPOS="544" VPOS="1383" WIDTH="37" HEIGHT="13" WC="0.97" CONTENT="var"/><SP WIDTH="10" VPOS="1383" HPOS="581"/>
							<String ID="string_299" HPOS="591" VPOS="1377" WIDTH="88" HEIGHT="20" WC="0.93" CONTENT="alldeles"/><SP WIDTH="11" VPOS="1377" HPOS="679"/>
							<String ID="string_300" HPOS="690" VPOS="1377" WIDTH="81" HEIGHT="20" WC="0.92" CONTENT="befriad"/><SP WIDTH="11" VPOS="1377" HPOS="771"/>
							<String ID="string_301" HPOS="782" VPOS="1377" WIDTH="44" HEIGHT="20" WC="0.92" CONTENT="frän"/><SP WIDTH="14" VPOS="1377" HPOS="826"/>
							<String ID="string_302" HPOS="840" VPOS="1377" WIDTH="75" HEIGHT="20" WC="0.92" CONTENT="brand-"/>
						</TextLine>
						<TextLine ID="line_35" HPOS="164" VPOS="1410" WIDTH="751" HEIGHT="25">
							<String ID="string_303" HPOS="164" VPOS="1410" WIDTH="116" HEIGHT="25" WC="0.91" CONTENT="stodshjelp"/><SP WIDTH="16" VPOS="1410" HPOS="280"/>
							<String ID="string_304" HPOS="296" VPOS="1410" WIDTH="31" HEIGHT="19" WC="0.93" CONTENT="till"/><SP WIDTH="16" VPOS="1410" HPOS="327"/>
							<String ID="string_305" HPOS="343" VPOS="1410" WIDTH="129" HEIGHT="20" WC="0.91" CONTENT="invänarene"/><SP WIDTH="15" VPOS="1410" HPOS="472"/>
							<String ID="string_306" HPOS="487" VPOS="1411" WIDTH="6" HEIGHT="18" WC="0.96" CONTENT="i"/><SP WIDTH="17" VPOS="1411" HPOS="493"/>
							<String ID="string_307" HPOS="510" VPOS="1411" WIDTH="66" HEIGHT="19" WC="0.93" CONTENT="andra"/><SP WIDTH="15" VPOS="1411" HPOS="576"/>
							<String ID="string_308" HPOS="591" VPOS="1411" WIDTH="90" HEIGHT="19" WC="0.96" CONTENT="socknar"/><SP WIDTH="14" VPOS="1411" HPOS="681"/>
							<String ID="string_309" HPOS="695" VPOS="1411" WIDTH="57" HEIGHT="19" WC="0.93" CONTENT="inom"/><SP WIDTH="12" VPOS="1411" HPOS="752"/>
							<String ID="string_310" HPOS="764" VPOS="1411" WIDTH="93" HEIGHT="20" WC="0.91" CONTENT="häradet."/><SP WIDTH="16" VPOS="1411" HPOS="857"/>
							<String ID="string_311" HPOS="873" VPOS="1411" WIDTH="42" HEIGHT="19" WC="0.93" CONTENT="En-"/>
						</TextLine>
						<TextLine ID="line_36" HPOS="165" VPOS="1443" WIDTH="750" HEIGHT="28">
							<String ID="string_312" HPOS="165" VPOS="1444" WIDTH="39" HEIGHT="26" WC="0.90" CONTENT="ligt"/><SP WIDTH="16" VPOS="1444" HPOS="204"/>
							<String ID="string_313" HPOS="220" VPOS="1443" WIDTH="138" HEIGHT="20" WC="0.92" CONTENT="omförmälda"/><SP WIDTH="22" VPOS="1443" HPOS="358"/>
							<String ID="string_314" HPOS="380" VPOS="1444" WIDTH="80" HEIGHT="27" WC="0.91" CONTENT="lagrum"/><SP WIDTH="20" VPOS="1444" HPOS="460"/>
							<String ID="string_315" HPOS="480" VPOS="1445" WIDTH="40" HEIGHT="19" WC="0.90" CONTENT="och"/><SP WIDTH="21" VPOS="1445" HPOS="520"/>
							<String ID="string_316" HPOS="541" VPOS="1445" WIDTH="148" HEIGHT="26" WC="0.90" CONTENT="författningar"/><SP WIDTH="16" VPOS="1445" HPOS="689"/>
							<String ID="string_317" HPOS="705" VPOS="1445" WIDTH="113" HEIGHT="19" WC="0.89" CONTENT="förefinnes"/><SP WIDTH="16" VPOS="1445" HPOS="818"/>
							<String ID="string_318" HPOS="834" VPOS="1445" WIDTH="81" HEIGHT="20" WC="0.93" CONTENT="säledes"/>
						</TextLine>
					</TextBlock>
				</ComposedBlock>
				<ComposedBlock ID="cblock_3" HPOS="165" VPOS="1477" WIDTH="750" HEIGHT="51">
					<TextBlock ID="block_3" HPOS="165" VPOS="1477" WIDTH="750" HEIGHT="51">
						<TextLine ID="line_37" HPOS="165" VPOS="1477" WIDTH="750" HEIGHT="27">
							<String ID="string_319" HPOS="165" VPOS="1484" WIDTH="27" HEIGHT="12" WC="0.93" CONTENT="en"/><SP WIDTH="16" VPOS="1484" HPOS="192"/>
							<String ID="string_320" HPOS="208" VPOS="1477" WIDTH="307" HEIGHT="27" WC="0.89" CONTENT="häradsbrandstodsförening,"/><SP WIDTH="17" VPOS="1477" HPOS="515"/>
							<String ID="string_321" HPOS="532" VPOS="1485" WIDTH="47" HEIGHT="13" WC="0.93" CONTENT="men"/><SP WIDTH="16" VPOS="1485" HPOS="579"/>
							<String ID="string_322" HPOS="595" VPOS="1479" WIDTH="72" HEIGHT="25" WC="0.91" CONTENT="hvarje"/><SP WIDTH="16" VPOS="1479" HPOS="667"/>
							<String ID="string_323" HPOS="683" VPOS="1478" WIDTH="78" HEIGHT="20" WC="0.93" CONTENT="socken"/><SP WIDTH="17" VPOS="1478" HPOS="761"/>
							<String ID="string_324" HPOS="778" VPOS="1485" WIDTH="50" HEIGHT="19" WC="0.92" CONTENT="eger"/><SP WIDTH="16" VPOS="1485" HPOS="828"/>
							<String ID="string_325" HPOS="844" VPOS="1479" WIDTH="71" HEIGHT="25" WC="0.93" CONTENT="rättig-"/>
						</TextLine>
						<TextLine ID="line_38" HPOS="826" VPOS="1511" WIDTH="21" HEIGHT="17">
							<String ID="string_326" HPOS="826" VPOS="1511" WIDTH="21" HEIGHT="17" WC="0.96" CONTENT="21"/>
						</TextLine>
					</TextBlock>
				</ComposedBlock>
			</PrintSpace>
		</Page>
	</Layout>
</alto>
