<?xml version="1.0" encoding="UTF-8"?>
<alto xmlns="http://www.loc.gov/standards/alto/ns-v3#" xmlns:xlink="http://www.w3.org/1999/xlink" xmlns:xsi="http://www.w3.org/2001/XMLSchema-instance" xsi:schemaLocation="http://www.loc.gov/standards/alto/ns-v3# http://www.loc.gov/alto/v3/alto-3-0.xsd">
	<Description>
		<MeasurementUnit>pixel</MeasurementUnit>
		<sourceImageInformation>
			<fileName>/tmp/tess_c_p20baa_input.PNG</fileName>
		</sourceImageInformation>
		<OCRProcessing ID="OCR_0">
			<ocrProcessingStep>
				<processingSoftware>
					<softwareName>tesseract 5.3.4</softwareName>
				</processingSoftware>
			</ocrProcessingStep>
		</OCRProcessing>
	</Description>
	<Layout>
		<Page WIDTH="1142" HEIGHT="1786" PHYSICAL_IMG_NR="0" ID="page_0">
			<PrintSpace HPOS="0" VPOS="0" WIDTH="1142" HEIGHT="1786">
				<ComposedBlock ID="cblock_0" HPOS="266" VPOS="152" WIDTH="34" HEIGHT="17">
					<TextBlock ID="block_0" HPOS="266" VPOS="152" WIDTH="34" HEIGHT="17">
						<TextLine ID="line_0" HPOS="266" VPOS="152" WIDTH="34" HEIGHT="17">
							<String ID="string_0" HPOS="266" VPOS="152" WIDTH="34" HEIGHT="17" WC="0.95" CONTENT="150"/>
						</TextLine>
					</TextBlock>
				</ComposedBlock>
				<ComposedBlock ID="cblock_1" HPOS="244" VPOS="215" WIDTH="752" HEIGHT="1286">
					<TextBlock ID="block_1" HPOS="244" VPOS="215" WIDTH="752" HEIGHT="1047">
						<TextLine ID="line_1" HPOS="245" VPOS="215" WIDTH="748" HEIGHT="28">
							<String ID="string_1" HPOS="245" VPOS="215" WIDTH="184" HEIGHT="20" WC="0.89" CONTENT="kommunikation"/><SP WIDTH="24" VPOS="215" HPOS="429"/>
							<String ID="string_2" HPOS="453" VPOS="215" WIDTH="158" HEIGHT="27" WC="0.88" CONTENT="otvifvelaktigt"/><SP WIDTH="22" VPOS="215" HPOS="611"/>
							<String ID="string_3" HPOS="633" VPOS="216" WIDTH="84" HEIGHT="20" WC="0.96" CONTENT="komme"/><SP WIDTH="24" VPOS="216" HPOS="717"/>
							<String ID="string_4" HPOS="741" VPOS="218" WIDTH="29" HEIGHT="18" WC="0.95" CONTENT="att"/><SP WIDTH="15" VPOS="218" HPOS="770"/>
							<String ID="string_5" HPOS="785" VPOS="217" WIDTH="6" HEIGHT="19" WC="0.93" CONTENT="i"/><SP WIDTH="18" VPOS="217" HPOS="791"/>
							<String ID="string_6" HPOS="809" VPOS="217" WIDTH="119" HEIGHT="26" WC="0.91" CONTENT="väsendtlig"/><SP WIDTH="18" VPOS="217" HPOS="928"/>
							<String ID="string_7" HPOS="946" VPOS="216" WIDTH="47" HEIGHT="20" WC="0.96" CONTENT="män"/>
						</TextLine>
						<TextLine ID="line_2" HPOS="244" VPOS="249" WIDTH="749" HEIGHT="28">
							<String ID="string_8" HPOS="244" VPOS="249" WIDTH="96" HEIGHT="26" WC="0.96" CONTENT="bidraga,"/><SP WIDTH="17" VPOS="249" HPOS="340"/>
							<String ID="string_9" HPOS="357" VPOS="251" WIDTH="53" HEIGHT="18" WC="0.96" CONTENT="samt"/><SP WIDTH="16" VPOS="251" HPOS="410"/>
							<String ID="string_10" HPOS="426" VPOS="249" WIDTH="120" HEIGHT="20" WC="0.96" CONTENT="beredande"/><SP WIDTH="16" VPOS="249" HPOS="546"/>
							<String ID="string_11" HPOS="562" VPOS="250" WIDTH="23" HEIGHT="19" WC="0.96" CONTENT="af"/><SP WIDTH="13" VPOS="250" HPOS="585"/>
							<String ID="string_12" HPOS="598" VPOS="250" WIDTH="82" HEIGHT="20" WC="0.95" CONTENT="tillfälle"/><SP WIDTH="17" VPOS="250" HPOS="680"/>
							<String ID="string_13" HPOS="697" VPOS="251" WIDTH="31" HEIGHT="19" WC="0.93" CONTENT="till"/><SP WIDTH="15" VPOS="251" HPOS="728"/>
							<String ID="string_14" HPOS="743" VPOS="251" WIDTH="167" HEIGHT="26" WC="0.92" CONTENT="arbetsförtjenst"/><SP WIDTH="11" VPOS="251" HPOS="910"/>
							<String ID="string_15" HPOS="921" VPOS="251" WIDTH="21" HEIGHT="19" WC="0.96" CONTENT="åt"/><SP WIDTH="11" VPOS="251" HPOS="942"/>
							<String ID="string_16" HPOS="953" VPOS="251" WIDTH="40" HEIGHT="19" WC="0.96" CONTENT="den"/>
						</TextLine>
						<TextLine ID="line_3" HPOS="244" VPOS="283" WIDTH="751" HEIGHT="27">
							<String ID="string_17" HPOS="244" VPOS="290" WIDTH="78" HEIGHT="20" WC="0.96" CONTENT="genom"/><SP WIDTH="19" VPOS="290" HPOS="322"/>
							<String ID="string_18" HPOS="341" VPOS="284" WIDTH="53" HEIGHT="18" WC="0.96" CONTENT="1867"/><SP WIDTH="16" VPOS="284" HPOS="394"/>
							<String ID="string_19" HPOS="410" VPOS="283" WIDTH="33" HEIGHT="19" WC="0.96" CONTENT="års"/><SP WIDTH="20" VPOS="283" HPOS="443"/>
							<String ID="string_20" HPOS="463" VPOS="284" WIDTH="101" HEIGHT="19" WC="0.93" CONTENT="missväxt"/><SP WIDTH="19" VPOS="284" HPOS="564"/>
							<String ID="string_21" HPOS="583" VPOS="284" WIDTH="128" HEIGHT="20" WC="0.90" CONTENT="nödlidande"/><SP WIDTH="21" VPOS="284" HPOS="711"/>
							<String ID="string_22" HPOS="732" VPOS="285" WIDTH="150" HEIGHT="25" WC="0.96" CONTENT="befolkningen"/><SP WIDTH="19" VPOS="285" HPOS="882"/>
							<String ID="string_23" HPOS="901" VPOS="285" WIDTH="6" HEIGHT="19" WC="0.97" CONTENT="i"/><SP WIDTH="17" VPOS="285" HPOS="907"/>
							<String ID="string_24" HPOS="924" VPOS="285" WIDTH="71" HEIGHT="19" WC="0.95" CONTENT="landet"/>
						</TextLine>
						<TextLine ID="line_4" HPOS="245" VPOS="317" WIDTH="750" HEIGHT="27">
							<String ID="string_25" HPOS="245" VPOS="324" WIDTH="37" HEIGHT="13" WC="0.96" CONTENT="var"/><SP WIDTH="24" VPOS="324" HPOS="282"/>
							<String ID="string_26" HPOS="306" VPOS="317" WIDTH="23" HEIGHT="20" WC="0.91" CONTENT="af"/><SP WIDTH="21" VPOS="317" HPOS="329"/>
							<String ID="string_27" HPOS="350" VPOS="317" WIDTH="100" HEIGHT="20" WC="0.91" CONTENT="behofvet"/><SP WIDTH="23" VPOS="317" HPOS="450"/>
							<String ID="string_28" HPOS="473" VPOS="318" WIDTH="111" HEIGHT="26" WC="0.93" CONTENT="högeligen"/><SP WIDTH="25" VPOS="318" HPOS="584"/>
							<String ID="string_29" HPOS="609" VPOS="318" WIDTH="114" HEIGHT="26" WC="0.88" CONTENT="påkalladt,"/><SP WIDTH="23" VPOS="318" HPOS="723"/>
							<String ID="string_30" HPOS="746" VPOS="318" WIDTH="37" HEIGHT="20" WC="0.95" CONTENT="har"/><SP WIDTH="18" VPOS="318" HPOS="783"/>
							<String ID="string_31" HPOS="801" VPOS="318" WIDTH="57" HEIGHT="20" WC="0.96" CONTENT="Hans"/><SP WIDTH="18" VPOS="318" HPOS="858"/>
							<String ID="string_32" HPOS="876" VPOS="318" WIDTH="119" HEIGHT="26" WC="0.95" CONTENT="Kejserliga"/>
						</TextLine>
						<TextLine ID="line_5" HPOS="245" VPOS="351" WIDTH="748" HEIGHT="27">
							<String ID="string_33" HPOS="245" VPOS="352" WIDTH="104" HEIGHT="25" WC="0.92" CONTENT="Majestät,"/><SP WIDTH="17" VPOS="352" HPOS="349"/>
							<String ID="string_34" HPOS="366" VPOS="363" WIDTH="24" HEIGHT="2" WC="0.92" CONTENT="—"/><SP WIDTH="18" VPOS="363" HPOS="390"/>
							<String ID="string_35" HPOS="408" VPOS="351" WIDTH="64" HEIGHT="20" WC="0.93" CONTENT="sedan"/><SP WIDTH="16" VPOS="351" HPOS="472"/>
							<String ID="string_36" HPOS="488" VPOS="351" WIDTH="117" HEIGHT="20" WC="0.91" CONTENT="Ständerna"/><SP WIDTH="16" VPOS="351" HPOS="605"/>
							<String ID="string_37" HPOS="621" VPOS="352" WIDTH="34" HEIGHT="19" WC="0.93" CONTENT="vid"/><SP WIDTH="17" VPOS="352" HPOS="655"/>
							<String ID="string_38" HPOS="672" VPOS="352" WIDTH="127" HEIGHT="26" WC="0.90" CONTENT="landtdagen"/><SP WIDTH="16" VPOS="352" HPOS="799"/>
							<String ID="string_39" HPOS="815" VPOS="352" WIDTH="23" HEIGHT="20" WC="0.93" CONTENT="år"/><SP WIDTH="17" VPOS="352" HPOS="838"/>
							<String ID="string_40" HPOS="855" VPOS="353" WIDTH="138" HEIGHT="19" WC="0.90" CONTENT="1863—1864"/>
						</TextLine>
						<TextLine ID="line_6" HPOS="244" VPOS="385" WIDTH="749" HEIGHT="28">
							<String ID="string_41" HPOS="244" VPOS="386" WIDTH="80" HEIGHT="18" WC="0.90" CONTENT="lemnat"/><SP WIDTH="22" VPOS="386" HPOS="324"/>
							<String ID="string_42" HPOS="346" VPOS="385" WIDTH="36" HEIGHT="19" WC="0.96" CONTENT="sitt"/><SP WIDTH="23" VPOS="385" HPOS="382"/>
							<String ID="string_43" HPOS="405" VPOS="385" WIDTH="109" HEIGHT="26" WC="0.92" CONTENT="samtycke"/><SP WIDTH="24" VPOS="385" HPOS="514"/>
							<String ID="string_44" HPOS="538" VPOS="385" WIDTH="29" HEIGHT="19" WC="0.92" CONTENT="till"/><SP WIDTH="20" VPOS="385" HPOS="567"/>
							<String ID="string_45" HPOS="587" VPOS="386" WIDTH="134" HEIGHT="26" WC="0.96" CONTENT="upptagande"/><SP WIDTH="16" VPOS="386" HPOS="721"/>
							<String ID="string_46" HPOS="737" VPOS="386" WIDTH="22" HEIGHT="19" WC="0.96" CONTENT="af"/><SP WIDTH="14" VPOS="386" HPOS="759"/>
							<String ID="string_47" HPOS="773" VPOS="388" WIDTH="29" HEIGHT="18" WC="0.93" CONTENT="ett"/><SP WIDTH="19" VPOS="388" HPOS="802"/>
							<String ID="string_48" HPOS="821" VPOS="387" WIDTH="172" HEIGHT="26" WC="0.91" CONTENT="amorteringslån"/>
						</TextLine>
						<TextLine ID="line_7" HPOS="244" VPOS="418" WIDTH="751" HEIGHT="27">
							<String ID="string_49" HPOS="244" VPOS="419" WIDTH="31" HEIGHT="19" WC="0.89" CONTENT="till"/><SP WIDTH="25" VPOS="419" HPOS="275"/>
							<String ID="string_50" HPOS="300" VPOS="418" WIDTH="77" HEIGHT="27" WC="0.94" CONTENT="belopp"/><SP WIDTH="23" VPOS="418" HPOS="377"/>
							<String ID="string_51" HPOS="400" VPOS="419" WIDTH="24" HEIGHT="19" WC="0.96" CONTENT="af"/><SP WIDTH="19" VPOS="419" HPOS="424"/>
							<String ID="string_52" HPOS="443" VPOS="419" WIDTH="55" HEIGHT="19" WC="0.96" CONTENT="ända"/><SP WIDTH="22" VPOS="419" HPOS="498"/>
							<String ID="string_53" HPOS="520" VPOS="419" WIDTH="32" HEIGHT="19" WC="0.95" CONTENT="till"/><SP WIDTH="24" VPOS="419" HPOS="552"/>
							<String ID="string_54" HPOS="576" VPOS="420" WIDTH="24" HEIGHT="18" WC="0.96" CONTENT="18"/><SP WIDTH="18" VPOS="420" HPOS="600"/>
							<String ID="string_55" HPOS="618" VPOS="420" WIDTH="96" HEIGHT="25" WC="0.96" CONTENT="miljoner"/><SP WIDTH="15" VPOS="420" HPOS="714"/>
							<String ID="string_56" HPOS="729" VPOS="420" WIDTH="59" HEIGHT="19" WC="0.96" CONTENT="mark"/><SP WIDTH="16" VPOS="420" HPOS="788"/>
							<String ID="string_57" HPOS="804" VPOS="420" WIDTH="32" HEIGHT="19" WC="0.96" CONTENT="till"/><SP WIDTH="15" VPOS="420" HPOS="836"/>
							<String ID="string_58" HPOS="851" VPOS="420" WIDTH="144" HEIGHT="20" WC="0.96" CONTENT="förbättrande"/>
						</TextLine>
						<TextLine ID="line_8" HPOS="244" VPOS="453" WIDTH="749" HEIGHT="21">
							<String ID="string_59" HPOS="244" VPOS="453" WIDTH="23" HEIGHT="19" WC="0.95" CONTENT="af"/><SP WIDTH="13" VPOS="453" HPOS="267"/>
							<String ID="string_60" HPOS="280" VPOS="453" WIDTH="84" HEIGHT="19" WC="0.95" CONTENT="landets"/><SP WIDTH="16" VPOS="453" HPOS="364"/>
							<String ID="string_61" HPOS="380" VPOS="453" WIDTH="205" HEIGHT="20" WC="0.96" CONTENT="kommunikationer"/><SP WIDTH="16" VPOS="453" HPOS="585"/>
							<String ID="string_62" HPOS="601" VPOS="454" WIDTH="39" HEIGHT="19" WC="0.96" CONTENT="och"/><SP WIDTH="17" VPOS="454" HPOS="640"/>
							<String ID="string_63" HPOS="657" VPOS="454" WIDTH="91" HEIGHT="19" WC="0.96" CONTENT="derefter"/><SP WIDTH="16" VPOS="454" HPOS="748"/>
							<String ID="string_64" HPOS="764" VPOS="454" WIDTH="35" HEIGHT="20" WC="0.96" CONTENT="vid"/><SP WIDTH="18" VPOS="454" HPOS="799"/>
							<String ID="string_65" HPOS="817" VPOS="454" WIDTH="52" HEIGHT="20" WC="0.95" CONTENT="1867"/><SP WIDTH="16" VPOS="454" HPOS="869"/>
							<String ID="string_66" HPOS="885" VPOS="454" WIDTH="33" HEIGHT="20" WC="0.88" CONTENT="års"/><SP WIDTH="9" VPOS="454" HPOS="918"/>
							<String ID="string_67" HPOS="927" VPOS="455" WIDTH="66" HEIGHT="19" WC="0.88" CONTENT="landt-"/>
						</TextLine>
						<TextLine ID="line_9" HPOS="245" VPOS="487" WIDTH="749" HEIGHT="27">
							<String ID="string_68" HPOS="245" VPOS="487" WIDTH="42" HEIGHT="26" WC="0.96" CONTENT="dag"/><SP WIDTH="23" VPOS="487" HPOS="287"/>
							<String ID="string_69" HPOS="310" VPOS="487" WIDTH="75" HEIGHT="19" WC="0.96" CONTENT="uttalat"/><SP WIDTH="23" VPOS="487" HPOS="385"/>
							<String ID="string_70" HPOS="408" VPOS="488" WIDTH="32" HEIGHT="25" WC="0.96" CONTENT="sig"/><SP WIDTH="23" VPOS="488" HPOS="440"/>
							<String ID="string_71" HPOS="463" VPOS="488" WIDTH="31" HEIGHT="18" WC="0.96" CONTENT="för"/><SP WIDTH="17" VPOS="488" HPOS="494"/>
							<String ID="string_72" HPOS="511" VPOS="488" WIDTH="111" HEIGHT="26" WC="0.96" CONTENT="byggande"/><SP WIDTH="16" VPOS="488" HPOS="622"/>
							<String ID="string_73" HPOS="638" VPOS="488" WIDTH="23" HEIGHT="19" WC="0.95" CONTENT="af"/><SP WIDTH="13" VPOS="488" HPOS="661"/>
							<String ID="string_74" HPOS="674" VPOS="494" WIDTH="26" HEIGHT="13" WC="0.93" CONTENT="en"/><SP WIDTH="13" VPOS="494" HPOS="700"/>
							<String ID="string_75" HPOS="713" VPOS="488" WIDTH="91" HEIGHT="26" WC="0.91" CONTENT="jernväg"/><SP WIDTH="16" VPOS="488" HPOS="804"/>
							<String ID="string_76" HPOS="820" VPOS="488" WIDTH="45" HEIGHT="20" WC="0.93" CONTENT="från"/><SP WIDTH="16" VPOS="488" HPOS="865"/>
							<String ID="string_77" HPOS="881" VPOS="488" WIDTH="113" HEIGHT="20" WC="0.91" CONTENT="Riihimäki"/>
						</TextLine>
						<TextLine ID="line_10" HPOS="244" VPOS="521" WIDTH="749" HEIGHT="27">
							<String ID="string_78" HPOS="244" VPOS="522" WIDTH="79" HEIGHT="18" WC="0.96" CONTENT="station"/><SP WIDTH="16" VPOS="522" HPOS="323"/>
							<String ID="string_79" HPOS="339" VPOS="521" WIDTH="31" HEIGHT="19" WC="0.96" CONTENT="till"/><SP WIDTH="16" VPOS="521" HPOS="370"/>
							<String ID="string_80" HPOS="386" VPOS="521" WIDTH="30" HEIGHT="20" WC="0.86" CONTENT="S:t"/><SP WIDTH="15" VPOS="521" HPOS="416"/>
							<String ID="string_81" HPOS="431" VPOS="522" WIDTH="132" HEIGHT="26" WC="0.93" CONTENT="Petersburg,"/><SP WIDTH="15" VPOS="522" HPOS="563"/>
							<String ID="string_82" HPOS="578" VPOS="533" WIDTH="27" HEIGHT="3" WC="0.93" CONTENT="—"/><SP WIDTH="16" VPOS="533" HPOS="605"/>
							<String ID="string_83" HPOS="621" VPOS="528" WIDTH="77" HEIGHT="20" WC="0.93" CONTENT="genom"/><SP WIDTH="15" VPOS="528" HPOS="698"/>
							<String ID="string_84" HPOS="713" VPOS="522" WIDTH="79" HEIGHT="26" WC="0.92" CONTENT="Nädigt"/><SP WIDTH="15" VPOS="522" HPOS="792"/>
							<String ID="string_85" HPOS="807" VPOS="522" WIDTH="90" HEIGHT="26" WC="0.93" CONTENT="reskript"/><SP WIDTH="16" VPOS="522" HPOS="897"/>
							<String ID="string_86" HPOS="913" VPOS="523" WIDTH="40" HEIGHT="19" WC="0.96" CONTENT="den"/><SP WIDTH="16" VPOS="523" HPOS="953"/>
							<String ID="string_87" HPOS="969" VPOS="523" WIDTH="24" HEIGHT="19" WC="0.96" CONTENT="17"/>
						</TextLine>
						<TextLine ID="line_11" HPOS="244" VPOS="555" WIDTH="748" HEIGHT="28">
							<String ID="string_88" HPOS="244" VPOS="555" WIDTH="49" HEIGHT="25" WC="0.96" CONTENT="(29)"/><SP WIDTH="16" VPOS="555" HPOS="293"/>
							<String ID="string_89" HPOS="309" VPOS="555" WIDTH="120" HEIGHT="20" WC="0.96" CONTENT="November"/><SP WIDTH="19" VPOS="555" HPOS="429"/>
							<String ID="string_90" HPOS="448" VPOS="556" WIDTH="50" HEIGHT="19" WC="0.93" CONTENT="1867"/><SP WIDTH="17" VPOS="556" HPOS="498"/>
							<String ID="string_91" HPOS="515" VPOS="555" WIDTH="102" HEIGHT="20" WC="0.92" CONTENT="anbefallt"/><SP WIDTH="14" VPOS="555" HPOS="617"/>
							<String ID="string_92" HPOS="631" VPOS="557" WIDTH="30" HEIGHT="18" WC="0.85" CONTENT="att"/><SP WIDTH="14" VPOS="557" HPOS="661"/>
							<String ID="string_93" HPOS="675" VPOS="556" WIDTH="57" HEIGHT="26" WC="0.93" CONTENT="sagde"/><SP WIDTH="8" VPOS="556" HPOS="732"/>
							<String ID="string_94" HPOS="740" VPOS="556" WIDTH="174" HEIGHT="27" WC="0.92" CONTENT="jernvägsarbete"/><SP WIDTH="11" VPOS="556" HPOS="914"/>
							<String ID="string_95" HPOS="925" VPOS="556" WIDTH="67" HEIGHT="20" WC="0.96" CONTENT="skulle"/>
						</TextLine>
						<TextLine ID="line_12" HPOS="245" VPOS="589" WIDTH="749" HEIGHT="27">
							<String ID="string_96" HPOS="245" VPOS="589" WIDTH="107" HEIGHT="26" WC="0.92" CONTENT="företagas"/><SP WIDTH="17" VPOS="589" HPOS="352"/>
							<String ID="string_97" HPOS="369" VPOS="590" WIDTH="39" HEIGHT="18" WC="0.93" CONTENT="och"/><SP WIDTH="16" VPOS="590" HPOS="408"/>
							<String ID="string_98" HPOS="424" VPOS="589" WIDTH="97" HEIGHT="27" WC="0.92" CONTENT="päbörjas"/><SP WIDTH="16" VPOS="589" HPOS="521"/>
							<String ID="string_99" HPOS="537" VPOS="590" WIDTH="23" HEIGHT="19" WC="0.96" CONTENT="sä"/><SP WIDTH="15" VPOS="590" HPOS="560"/>
							<String ID="string_100" HPOS="575" VPOS="590" WIDTH="41" HEIGHT="19" WC="0.93" CONTENT="fort"/><SP WIDTH="15" VPOS="590" HPOS="616"/>
							<String ID="string_101" HPOS="631" VPOS="590" WIDTH="136" HEIGHT="26" WC="0.92" CONTENT="erforderlige"/><SP WIDTH="18" VPOS="590" HPOS="767"/>
							<String ID="string_102" HPOS="785" VPOS="591" WIDTH="67" HEIGHT="19" WC="0.93" CONTENT="medel"/><SP WIDTH="16" VPOS="591" HPOS="852"/>
							<String ID="string_103" HPOS="868" VPOS="591" WIDTH="69" HEIGHT="19" WC="0.91" CONTENT="dertill"/><SP WIDTH="11" VPOS="591" HPOS="937"/>
							<String ID="string_104" HPOS="948" VPOS="591" WIDTH="46" HEIGHT="19" WC="0.93" CONTENT="blif-"/>
						</TextLine>
						<TextLine ID="line_13" HPOS="247" VPOS="623" WIDTH="748" HEIGHT="27">
							<String ID="string_105" HPOS="247" VPOS="624" WIDTH="30" HEIGHT="19" WC="0.93" CONTENT="vit"/><SP WIDTH="15" VPOS="624" HPOS="277"/>
							<String ID="string_106" HPOS="292" VPOS="623" WIDTH="134" HEIGHT="26" WC="0.91" CONTENT="anskaffade;"/><SP WIDTH="24" VPOS="623" HPOS="426"/>
							<String ID="string_107" HPOS="450" VPOS="624" WIDTH="38" HEIGHT="19" WC="0.93" CONTENT="och"/><SP WIDTH="23" VPOS="624" HPOS="488"/>
							<String ID="string_108" HPOS="511" VPOS="624" WIDTH="66" HEIGHT="25" WC="0.92" CONTENT="jemte"/><SP WIDTH="24" VPOS="624" HPOS="577"/>
							<String ID="string_109" HPOS="601" VPOS="624" WIDTH="34" HEIGHT="19" WC="0.96" CONTENT="det"/><SP WIDTH="23" VPOS="624" HPOS="635"/>
							<String ID="string_110" HPOS="658" VPOS="624" WIDTH="56" HEIGHT="19" WC="0.90" CONTENT="Hans"/><SP WIDTH="27" VPOS="624" HPOS="714"/>
							<String ID="string_111" HPOS="741" VPOS="624" WIDTH="118" HEIGHT="26" WC="0.90" CONTENT="Kejserliga"/><SP WIDTH="18" VPOS="624" HPOS="859"/>
							<String ID="string_112" HPOS="877" VPOS="625" WIDTH="118" HEIGHT="25" WC="0.92" CONTENT="Majestät"/><SP WIDTH="-12" VPOS="625" HPOS="995"/>
							<String ID="string_113" HPOS="983" VPOS="619" WIDTH="16" HEIGHT="35" WC="0.96" CONTENT="i"/>
						</TextLine>
						<TextLine ID="line_14" HPOS="245" VPOS="657" WIDTH="749" HEIGHT="28">
							<String ID="string_114" HPOS="245" VPOS="657" WIDTH="72" HEIGHT="19" WC="0.93" CONTENT="Näder"/><SP WIDTH="16" VPOS="657" HPOS="317"/>
							<String ID="string_115" HPOS="333" VPOS="657" WIDTH="107" HEIGHT="20" WC="0.92" CONTENT="förordnat"/><SP WIDTH="16" VPOS="657" HPOS="440"/>
							<String ID="string_116" HPOS="456" VPOS="660" WIDTH="30" HEIGHT="17" WC="0.93" CONTENT="att"/><SP WIDTH="14" VPOS="660" HPOS="486"/>
							<String ID="string_117" HPOS="500" VPOS="658" WIDTH="118" HEIGHT="26" WC="0.92" CONTENT="Kejserliga"/><SP WIDTH="15" VPOS="658" HPOS="618"/>
							<String ID="string_118" HPOS="633" VPOS="658" WIDTH="91" HEIGHT="19" WC="0.92" CONTENT="Senaten"/><SP WIDTH="17" VPOS="658" HPOS="724"/>
							<String ID="string_119" HPOS="741" VPOS="658" WIDTH="54" HEIGHT="26" WC="0.92" CONTENT="egde"/><SP WIDTH="16" VPOS="658" HPOS="795"/>
							<String ID="string_120" HPOS="811" VPOS="659" WIDTH="85" HEIGHT="26" WC="0.92" CONTENT="vidtaga"/><SP WIDTH="19" VPOS="659" HPOS="896"/>
							<String ID="string_121" HPOS="915" VPOS="659" WIDTH="79" HEIGHT="19" WC="0.92" CONTENT="författ-"/>
						</TextLine>
						<TextLine ID="line_15" HPOS="246" VPOS="691" WIDTH="747" HEIGHT="28">
							<String ID="string_122" HPOS="246" VPOS="691" WIDTH="52" HEIGHT="26" WC="0.96" CONTENT="ning"/><SP WIDTH="16" VPOS="691" HPOS="298"/>
							<String ID="string_123" HPOS="314" VPOS="698" WIDTH="33" HEIGHT="12" WC="0.93" CONTENT="om"/><SP WIDTH="17" VPOS="698" HPOS="347"/>
							<String ID="string_124" HPOS="364" VPOS="691" WIDTH="64" HEIGHT="26" WC="0.92" CONTENT="sagde"/><SP WIDTH="16" VPOS="691" HPOS="428"/>
							<String ID="string_125" HPOS="444" VPOS="691" WIDTH="46" HEIGHT="20" WC="0.93" CONTENT="läns"/><SP WIDTH="16" VPOS="691" HPOS="490"/>
							<String ID="string_126" HPOS="506" VPOS="692" WIDTH="139" HEIGHT="26" WC="0.91" CONTENT="upptagande,"/><SP WIDTH="24" VPOS="692" HPOS="645"/>
							<String ID="string_127" HPOS="669" VPOS="692" WIDTH="37" HEIGHT="19" WC="0.96" CONTENT="har"/><SP WIDTH="15" VPOS="692" HPOS="706"/>
							<String ID="string_128" HPOS="721" VPOS="692" WIDTH="57" HEIGHT="20" WC="0.93" CONTENT="Hans"/><SP WIDTH="16" VPOS="692" HPOS="778"/>
							<String ID="string_129" HPOS="794" VPOS="692" WIDTH="118" HEIGHT="27" WC="0.92" CONTENT="Kejserliga"/><SP WIDTH="18" VPOS="692" HPOS="912"/>
							<String ID="string_130" HPOS="930" VPOS="693" WIDTH="63" HEIGHT="25" WC="0.93" CONTENT="Maje-"/>
						</TextLine>
						<TextLine ID="line_16" HPOS="246" VPOS="725" WIDTH="748" HEIGHT="28">
							<String ID="string_131" HPOS="246" VPOS="727" WIDTH="41" HEIGHT="17" WC="0.92" CONTENT="stät"/><SP WIDTH="23" VPOS="727" HPOS="287"/>
							<String ID="string_132" HPOS="310" VPOS="725" WIDTH="31" HEIGHT="19" WC="0.93" CONTENT="till"/><SP WIDTH="23" VPOS="725" HPOS="341"/>
							<String ID="string_133" HPOS="364" VPOS="725" WIDTH="159" HEIGHT="20" WC="0.96" CONTENT="underlättande"/><SP WIDTH="23" VPOS="725" HPOS="523"/>
							<String ID="string_134" HPOS="546" VPOS="726" WIDTH="22" HEIGHT="19" WC="0.92" CONTENT="af"/><SP WIDTH="21" VPOS="726" HPOS="568"/>
							<String ID="string_135" HPOS="589" VPOS="726" WIDTH="119" HEIGHT="19" WC="0.88" CONTENT="ännämnde"/><SP WIDTH="29" VPOS="726" HPOS="708"/>
							<String ID="string_136" HPOS="737" VPOS="726" WIDTH="159" HEIGHT="27" WC="0.83" CONTENT="arbetsföretag,"/><SP WIDTH="23" VPOS="726" HPOS="896"/>
							<String ID="string_137" HPOS="919" VPOS="727" WIDTH="23" HEIGHT="19" WC="0.93" CONTENT="af"/><SP WIDTH="18" VPOS="727" HPOS="942"/>
							<String ID="string_138" HPOS="960" VPOS="734" WIDTH="34" HEIGHT="19" WC="0.92" CONTENT="ry-"/>
						</TextLine>
						<TextLine ID="line_17" HPOS="246" VPOS="759" WIDTH="749" HEIGHT="27">
							<String ID="string_139" HPOS="246" VPOS="760" WIDTH="39" HEIGHT="19" WC="0.96" CONTENT="ska"/><SP WIDTH="16" VPOS="760" HPOS="285"/>
							<String ID="string_140" HPOS="301" VPOS="759" WIDTH="107" HEIGHT="20" WC="0.96" CONTENT="allmänna"/><SP WIDTH="16" VPOS="759" HPOS="408"/>
							<String ID="string_141" HPOS="424" VPOS="760" WIDTH="68" HEIGHT="19" WC="0.93" CONTENT="medel"/><SP WIDTH="16" VPOS="760" HPOS="492"/>
							<String ID="string_142" HPOS="508" VPOS="760" WIDTH="90" HEIGHT="26" WC="0.92" CONTENT="anslagit"/><SP WIDTH="15" VPOS="760" HPOS="598"/>
							<String ID="string_143" HPOS="613" VPOS="762" WIDTH="30" HEIGHT="17" WC="0.93" CONTENT="ett"/><SP WIDTH="18" VPOS="762" HPOS="643"/>
							<String ID="string_144" HPOS="661" VPOS="760" WIDTH="76" HEIGHT="26" WC="0.92" CONTENT="belopp"/><SP WIDTH="16" VPOS="760" HPOS="737"/>
							<String ID="string_145" HPOS="753" VPOS="760" WIDTH="23" HEIGHT="20" WC="0.93" CONTENT="af"/><SP WIDTH="16" VPOS="760" HPOS="776"/>
							<String ID="string_146" HPOS="792" VPOS="761" WIDTH="111" HEIGHT="25" WC="0.92" CONTENT="2,500,000"/><SP WIDTH="20" VPOS="761" HPOS="903"/>
							<String ID="string_147" HPOS="923" VPOS="761" WIDTH="72" HEIGHT="19" WC="0.92" CONTENT="metal-"/>
						</TextLine>
						<TextLine ID="line_18" HPOS="246" VPOS="793" WIDTH="748" HEIGHT="28">
							<String ID="string_148" HPOS="246" VPOS="794" WIDTH="56" HEIGHT="19" WC="0.91" CONTENT="liska"/><SP WIDTH="22" VPOS="794" HPOS="302"/>
							<String ID="string_149" HPOS="324" VPOS="793" WIDTH="66" HEIGHT="27" WC="0.88" CONTENT="rubel,"/><SP WIDTH="24" VPOS="793" HPOS="390"/>
							<String ID="string_150" HPOS="414" VPOS="794" WIDTH="47" HEIGHT="19" WC="0.93" CONTENT="med"/><SP WIDTH="24" VPOS="794" HPOS="461"/>
							<String ID="string_151" HPOS="485" VPOS="794" WIDTH="74" HEIGHT="26" WC="0.92" CONTENT="vilkor,"/><SP WIDTH="24" VPOS="794" HPOS="559"/>
							<String ID="string_152" HPOS="583" VPOS="794" WIDTH="63" HEIGHT="20" WC="0.96" CONTENT="bland"/><SP WIDTH="19" VPOS="794" HPOS="646"/>
							<String ID="string_153" HPOS="665" VPOS="796" WIDTH="70" HEIGHT="24" WC="0.96" CONTENT="annat,"/><SP WIDTH="16" VPOS="796" HPOS="735"/>
							<String ID="string_154" HPOS="751" VPOS="796" WIDTH="30" HEIGHT="18" WC="0.96" CONTENT="att"/><SP WIDTH="14" VPOS="796" HPOS="781"/>
							<String ID="string_155" HPOS="795" VPOS="795" WIDTH="65" HEIGHT="26" WC="0.92" CONTENT="ryska"/><SP WIDTH="18" VPOS="795" HPOS="860"/>
							<String ID="string_156" HPOS="878" VPOS="795" WIDTH="116" HEIGHT="20" WC="0.92" CONTENT="Riksskatt-"/>
						</TextLine>
						<TextLine ID="line_19" HPOS="246" VPOS="828" WIDTH="747" HEIGHT="27">
							<String ID="string_157" HPOS="246" VPOS="828" WIDTH="123" HEIGHT="19" WC="0.95" CONTENT="kammaren"/><SP WIDTH="23" VPOS="828" HPOS="369"/>
							<String ID="string_158" HPOS="392" VPOS="828" WIDTH="68" HEIGHT="19" WC="0.92" CONTENT="skulle"/><SP WIDTH="23" VPOS="828" HPOS="460"/>
							<String ID="string_159" HPOS="483" VPOS="828" WIDTH="79" HEIGHT="20" WC="0.92" CONTENT="erhålla"/><SP WIDTH="26" VPOS="828" HPOS="562"/>
							<String ID="string_160" HPOS="588" VPOS="828" WIDTH="67" HEIGHT="26" WC="0.72" CONTENT="&#39;/3:del"/><SP WIDTH="24" VPOS="828" HPOS="655"/>
							<String ID="string_161" HPOS="679" VPOS="828" WIDTH="22" HEIGHT="20" WC="0.96" CONTENT="af"/><SP WIDTH="18" VPOS="828" HPOS="701"/>
							<String ID="string_162" HPOS="719" VPOS="828" WIDTH="39" HEIGHT="20" WC="0.96" CONTENT="den"/><SP WIDTH="19" VPOS="828" HPOS="758"/>
							<String ID="string_163" HPOS="777" VPOS="836" WIDTH="52" HEIGHT="12" WC="0.93" CONTENT="rena"/><SP WIDTH="15" VPOS="836" HPOS="829"/>
							<String ID="string_164" HPOS="844" VPOS="829" WIDTH="149" HEIGHT="26" WC="0.96" CONTENT="behållningen"/>
						</TextLine>
						<TextLine ID="line_20" HPOS="246" VPOS="862" WIDTH="748" HEIGHT="27">
							<String ID="string_165" HPOS="246" VPOS="862" WIDTH="46" HEIGHT="19" WC="0.93" CONTENT="frän"/><SP WIDTH="25" VPOS="862" HPOS="292"/>
							<String ID="string_166" HPOS="317" VPOS="862" WIDTH="67" HEIGHT="26" WC="0.90" CONTENT="ärliga"/><SP WIDTH="22" VPOS="862" HPOS="384"/>
							<String ID="string_167" HPOS="406" VPOS="862" WIDTH="120" HEIGHT="20" WC="0.88" CONTENT="inkomsten"/><SP WIDTH="23" VPOS="862" HPOS="526"/>
							<String ID="string_168" HPOS="549" VPOS="862" WIDTH="22" HEIGHT="19" WC="0.93" CONTENT="af"/><SP WIDTH="21" VPOS="862" HPOS="571"/>
							<String ID="string_169" HPOS="592" VPOS="862" WIDTH="161" HEIGHT="26" WC="0.92" CONTENT="ifrägavarande"/><SP WIDTH="16" VPOS="862" HPOS="753"/>
							<String ID="string_170" HPOS="769" VPOS="864" WIDTH="97" HEIGHT="25" WC="0.92" CONTENT="jernväg,"/><SP WIDTH="16" VPOS="864" HPOS="866"/>
							<String ID="string_171" HPOS="882" VPOS="863" WIDTH="61" HEIGHT="19" WC="0.92" CONTENT="hvars"/><SP WIDTH="16" VPOS="863" HPOS="943"/>
							<String ID="string_172" HPOS="959" VPOS="870" WIDTH="35" HEIGHT="12" WC="0.92" CONTENT="an-"/>
						</TextLine>
						<TextLine ID="line_21" HPOS="246" VPOS="895" WIDTH="748" HEIGHT="27">
							<String ID="string_173" HPOS="246" VPOS="895" WIDTH="206" HEIGHT="26" WC="0.91" CONTENT="läggningskostnad"/><SP WIDTH="16" VPOS="895" HPOS="452"/>
							<String ID="string_174" HPOS="468" VPOS="895" WIDTH="121" HEIGHT="26" WC="0.92" CONTENT="förslagsvis"/><SP WIDTH="16" VPOS="895" HPOS="589"/>
							<String ID="string_175" HPOS="605" VPOS="895" WIDTH="112" HEIGHT="20" WC="0.92" CONTENT="beräknats"/><SP WIDTH="18" VPOS="895" HPOS="717"/>
							<String ID="string_176" HPOS="735" VPOS="896" WIDTH="28" HEIGHT="19" WC="0.96" CONTENT="till"/><SP WIDTH="18" VPOS="896" HPOS="763"/>
							<String ID="string_177" HPOS="781" VPOS="897" WIDTH="26" HEIGHT="19" WC="0.96" CONTENT="30"/><SP WIDTH="15" VPOS="897" HPOS="807"/>
							<String ID="string_178" HPOS="822" VPOS="897" WIDTH="95" HEIGHT="25" WC="0.96" CONTENT="miljoner"/><SP WIDTH="13" VPOS="897" HPOS="917"/>
							<String ID="string_179" HPOS="930" VPOS="897" WIDTH="64" HEIGHT="19" WC="0.96" CONTENT="mark."/>
						</TextLine>
						<TextLine ID="line_22" HPOS="248" VPOS="929" WIDTH="745" HEIGHT="28">
							<String ID="string_180" HPOS="248" VPOS="929" WIDTH="45" HEIGHT="20" WC="0.95" CONTENT="Och"/><SP WIDTH="23" VPOS="929" HPOS="293"/>
							<String ID="string_181" HPOS="316" VPOS="936" WIDTH="45" HEIGHT="13" WC="0.95" CONTENT="som"/><SP WIDTH="23" VPOS="936" HPOS="361"/>
							<String ID="string_182" HPOS="384" VPOS="929" WIDTH="23" HEIGHT="20" WC="0.95" CONTENT="af"/><SP WIDTH="21" VPOS="929" HPOS="407"/>
							<String ID="string_183" HPOS="428" VPOS="929" WIDTH="35" HEIGHT="20" WC="0.93" CONTENT="det"/><SP WIDTH="23" VPOS="929" HPOS="463"/>
							<String ID="string_184" HPOS="486" VPOS="930" WIDTH="45" HEIGHT="19" WC="0.92" CONTENT="utaf"/><SP WIDTH="17" VPOS="930" HPOS="531"/>
							<String ID="string_185" HPOS="548" VPOS="929" WIDTH="116" HEIGHT="20" WC="0.92" CONTENT="Ständerna"/><SP WIDTH="15" VPOS="929" HPOS="664"/>
							<String ID="string_186" HPOS="679" VPOS="930" WIDTH="35" HEIGHT="19" WC="0.93" CONTENT="vid"/><SP WIDTH="16" VPOS="930" HPOS="714"/>
							<String ID="string_187" HPOS="730" VPOS="930" WIDTH="127" HEIGHT="27" WC="0.92" CONTENT="landtdagen"/><SP WIDTH="17" VPOS="930" HPOS="857"/>
							<String ID="string_188" HPOS="874" VPOS="930" WIDTH="23" HEIGHT="19" WC="0.92" CONTENT="är"/><SP WIDTH="16" VPOS="930" HPOS="897"/>
							<String ID="string_189" HPOS="913" VPOS="931" WIDTH="80" HEIGHT="19" WC="0.92" CONTENT="1863—"/>
						</TextLine>
						<TextLine ID="line_23" HPOS="250" VPOS="963" WIDTH="745" HEIGHT="28">
							<String ID="string_190" HPOS="250" VPOS="964" WIDTH="53" HEIGHT="19" WC="0.96" CONTENT="1864"/><SP WIDTH="16" VPOS="964" HPOS="303"/>
							<String ID="string_191" HPOS="319" VPOS="963" WIDTH="31" HEIGHT="20" WC="0.93" CONTENT="till"/><SP WIDTH="17" VPOS="963" HPOS="350"/>
							<String ID="string_192" HPOS="367" VPOS="963" WIDTH="332" HEIGHT="20" WC="0.92" CONTENT="kommunikationsanstalternes"/><SP WIDTH="15" VPOS="963" HPOS="699"/>
							<String ID="string_193" HPOS="714" VPOS="964" WIDTH="143" HEIGHT="20" WC="0.92" CONTENT="förbättrande"/><SP WIDTH="18" VPOS="964" HPOS="857"/>
							<String ID="string_194" HPOS="875" VPOS="968" WIDTH="120" HEIGHT="23" WC="0.91" CONTENT="garantera-"/>
						</TextLine>
						<TextLine ID="line_24" HPOS="248" VPOS="997" WIDTH="748" HEIGHT="27">
							<String ID="string_195" HPOS="248" VPOS="999" WIDTH="26" HEIGHT="18" WC="0.92" CONTENT="de"/><SP WIDTH="23" VPOS="999" HPOS="274"/>
							<String ID="string_196" HPOS="297" VPOS="998" WIDTH="58" HEIGHT="19" WC="0.91" CONTENT="länet"/><SP WIDTH="24" VPOS="998" HPOS="355"/>
							<String ID="string_197" HPOS="379" VPOS="998" WIDTH="24" HEIGHT="19" WC="0.96" CONTENT="18"/><SP WIDTH="20" VPOS="998" HPOS="403"/>
							<String ID="string_198" HPOS="423" VPOS="997" WIDTH="96" HEIGHT="26" WC="0.96" CONTENT="miljoner"/><SP WIDTH="16" VPOS="997" HPOS="519"/>
							<String ID="string_199" HPOS="535" VPOS="998" WIDTH="65" HEIGHT="26" WC="0.96" CONTENT="mark,"/><SP WIDTH="16" VPOS="998" HPOS="600"/>
							<String ID="string_200" HPOS="616" VPOS="1000" WIDTH="30" HEIGHT="17" WC="0.93" CONTENT="ett"/><SP WIDTH="15" VPOS="1000" HPOS="646"/>
							<String ID="string_201" HPOS="661" VPOS="998" WIDTH="76" HEIGHT="26" WC="0.92" CONTENT="belopp"/><SP WIDTH="16" VPOS="998" HPOS="737"/>
							<String ID="string_202" HPOS="753" VPOS="999" WIDTH="22" HEIGHT="19" WC="0.93" CONTENT="af"/><SP WIDTH="14" VPOS="999" HPOS="775"/>
							<String ID="string_203" HPOS="789" VPOS="999" WIDTH="90" HEIGHT="25" WC="0.92" CONTENT="699,400"/><SP WIDTH="20" VPOS="999" HPOS="879"/>
							<String ID="string_204" HPOS="899" VPOS="999" WIDTH="58" HEIGHT="19" WC="0.96" CONTENT="mark"/><SP WIDTH="16" VPOS="999" HPOS="957"/>
							<String ID="string_205" HPOS="973" VPOS="999" WIDTH="23" HEIGHT="19" WC="0.96" CONTENT="är"/>
						</TextLine>
						<TextLine ID="line_25" HPOS="250" VPOS="1032" WIDTH="746" HEIGHT="27">
							<String ID="string_206" HPOS="250" VPOS="1032" WIDTH="53" HEIGHT="19" WC="0.93" CONTENT="1865"/><SP WIDTH="16" VPOS="1032" HPOS="303"/>
							<String ID="string_207" HPOS="319" VPOS="1032" WIDTH="107" HEIGHT="25" WC="0.92" CONTENT="upptagits"/><SP WIDTH="15" VPOS="1032" HPOS="426"/>
							<String ID="string_208" HPOS="441" VPOS="1032" WIDTH="56" HEIGHT="19" WC="0.96" CONTENT="inom"/><SP WIDTH="17" VPOS="1032" HPOS="497"/>
							<String ID="string_209" HPOS="514" VPOS="1032" WIDTH="71" HEIGHT="19" WC="0.96" CONTENT="landet"/><SP WIDTH="15" VPOS="1032" HPOS="585"/>
							<String ID="string_210" HPOS="600" VPOS="1032" WIDTH="22" HEIGHT="19" WC="0.97" CONTENT="af"/><SP WIDTH="13" VPOS="1032" HPOS="622"/>
							<String ID="string_211" HPOS="635" VPOS="1034" WIDTH="30" HEIGHT="17" WC="0.96" CONTENT="ett"/><SP WIDTH="15" VPOS="1034" HPOS="665"/>
							<String ID="string_212" HPOS="680" VPOS="1032" WIDTH="27" HEIGHT="19" WC="0.93" CONTENT="dä"/><SP WIDTH="14" VPOS="1032" HPOS="707"/>
							<String ID="string_213" HPOS="721" VPOS="1033" WIDTH="119" HEIGHT="19" WC="0.92" CONTENT="tillämnadt"/><SP WIDTH="12" VPOS="1033" HPOS="840"/>
							<String ID="string_214" HPOS="852" VPOS="1033" WIDTH="144" HEIGHT="26" WC="0.93" CONTENT="jernvägslän,"/>
						</TextLine>
						<TextLine ID="line_26" HPOS="247" VPOS="1066" WIDTH="747" HEIGHT="27">
							<String ID="string_215" HPOS="247" VPOS="1066" WIDTH="93" HEIGHT="19" WC="0.96" CONTENT="återstod"/><SP WIDTH="16" VPOS="1066" HPOS="340"/>
							<String ID="string_216" HPOS="356" VPOS="1068" WIDTH="30" HEIGHT="17" WC="0.96" CONTENT="att"/><SP WIDTH="15" VPOS="1068" HPOS="386"/>
							<String ID="string_217" HPOS="401" VPOS="1066" WIDTH="32" HEIGHT="19" WC="0.96" CONTENT="för"/><SP WIDTH="16" VPOS="1066" HPOS="433"/>
							<String ID="string_218" HPOS="449" VPOS="1066" WIDTH="113" HEIGHT="27" WC="0.96" CONTENT="byggande"/><SP WIDTH="15" VPOS="1066" HPOS="562"/>
							<String ID="string_219" HPOS="577" VPOS="1067" WIDTH="24" HEIGHT="18" WC="0.96" CONTENT="af"/><SP WIDTH="12" VPOS="1067" HPOS="601"/>
							<String ID="string_220" HPOS="613" VPOS="1066" WIDTH="30" HEIGHT="20" WC="0.84" CONTENT="S:t"/><SP WIDTH="14" VPOS="1066" HPOS="643"/>
							<String ID="string_221" HPOS="657" VPOS="1066" WIDTH="271" HEIGHT="27" WC="0.93" CONTENT="Petersburg"/><SP WIDTH="-134" VPOS="1066" HPOS="928"/>
							<String ID="string_222" HPOS="794" VPOS="1062" WIDTH="12" HEIGHT="35" WC="0.92" CONTENT="—"/><SP WIDTH="11" VPOS="1062" HPOS="806"/>
							<String ID="string_223" HPOS="817" VPOS="1066" WIDTH="109" HEIGHT="27" WC="0.93" CONTENT="Riihimäki"/><SP WIDTH="13" VPOS="1066" HPOS="926"/>
							<String ID="string_224" HPOS="939" VPOS="1067" WIDTH="55" HEIGHT="26" WC="0.93" CONTENT="jern-"/>
						</TextLine>
						<TextLine ID="line_27" HPOS="248" VPOS="1100" WIDTH="746" HEIGHT="26">
							<String ID="string_225" HPOS="248" VPOS="1103" WIDTH="68" HEIGHT="23" WC="0.93" CONTENT="vägen"/><SP WIDTH="17" VPOS="1103" HPOS="316"/>
							<String ID="string_226" HPOS="333" VPOS="1101" WIDTH="157" HEIGHT="25" WC="0.92" CONTENT="uppnegociera"/><SP WIDTH="17" VPOS="1101" HPOS="490"/>
							<String ID="string_227" HPOS="507" VPOS="1101" WIDTH="123" HEIGHT="25" WC="0.92" CONTENT="17,300,000"/><SP WIDTH="17" VPOS="1101" HPOS="630"/>
							<String ID="string_228" HPOS="647" VPOS="1100" WIDTH="66" HEIGHT="26" WC="0.93" CONTENT="mark,"/><SP WIDTH="19" VPOS="1100" HPOS="713"/>
							<String ID="string_229" HPOS="732" VPOS="1101" WIDTH="85" HEIGHT="19" WC="0.92" CONTENT="hvilken"/><SP WIDTH="21" VPOS="1101" HPOS="817"/>
							<String ID="string_230" HPOS="838" VPOS="1107" WIDTH="86" HEIGHT="19" WC="0.96" CONTENT="summa,"/><SP WIDTH="24" VPOS="1107" HPOS="924"/>
							<String ID="string_231" HPOS="948" VPOS="1101" WIDTH="46" HEIGHT="19" WC="0.96" CONTENT="med"/>
						</TextLine>
						<TextLine ID="line_28" HPOS="248" VPOS="1133" WIDTH="748" HEIGHT="27">
							<String ID="string_232" HPOS="248" VPOS="1134" WIDTH="101" HEIGHT="19" WC="0.92" CONTENT="afseende"/><SP WIDTH="16" VPOS="1134" HPOS="349"/>
							<String ID="string_233" HPOS="365" VPOS="1133" WIDTH="12" HEIGHT="20" WC="0.91" CONTENT="&amp;"/><SP WIDTH="17" VPOS="1133" HPOS="377"/>
							<String ID="string_234" HPOS="394" VPOS="1134" WIDTH="35" HEIGHT="19" WC="0.93" CONTENT="det"/><SP WIDTH="25" VPOS="1134" HPOS="429"/>
							<String ID="string_235" HPOS="454" VPOS="1134" WIDTH="72" HEIGHT="26" WC="0.92" CONTENT="bidrag"/><SP WIDTH="23" VPOS="1134" HPOS="526"/>
							<String ID="string_236" HPOS="549" VPOS="1135" WIDTH="22" HEIGHT="18" WC="0.95" CONTENT="af"/><SP WIDTH="18" VPOS="1135" HPOS="571"/>
							<String ID="string_237" HPOS="589" VPOS="1135" WIDTH="26" HEIGHT="18" WC="0.96" CONTENT="20"/><SP WIDTH="20" VPOS="1135" HPOS="615"/>
							<String ID="string_238" HPOS="635" VPOS="1135" WIDTH="96" HEIGHT="25" WC="0.96" CONTENT="miljoner"/><SP WIDTH="19" VPOS="1135" HPOS="731"/>
							<String ID="string_239" HPOS="750" VPOS="1135" WIDTH="66" HEIGHT="25" WC="0.96" CONTENT="mark,"/><SP WIDTH="16" VPOS="1135" HPOS="816"/>
							<String ID="string_240" HPOS="832" VPOS="1141" WIDTH="44" HEIGHT="14" WC="0.96" CONTENT="som"/><SP WIDTH="16" VPOS="1141" HPOS="876"/>
							<String ID="string_241" HPOS="892" VPOS="1135" WIDTH="23" HEIGHT="19" WC="0.97" CONTENT="af"/><SP WIDTH="13" VPOS="1135" HPOS="915"/>
							<String ID="string_242" HPOS="928" VPOS="1135" WIDTH="68" HEIGHT="19" WC="0.97" CONTENT="finska"/>
						</TextLine>
						<TextLine ID="line_29" HPOS="248" VPOS="1168" WIDTH="747" HEIGHT="26">
							<String ID="string_243" HPOS="248" VPOS="1168" WIDTH="107" HEIGHT="19" WC="0.93" CONTENT="allmänna"/><SP WIDTH="17" VPOS="1168" HPOS="355"/>
							<String ID="string_244" HPOS="372" VPOS="1168" WIDTH="68" HEIGHT="19" WC="0.93" CONTENT="medel"/><SP WIDTH="18" VPOS="1168" HPOS="440"/>
							<String ID="string_245" HPOS="458" VPOS="1168" WIDTH="112" HEIGHT="19" WC="0.96" CONTENT="beräknats"/><SP WIDTH="16" VPOS="1168" HPOS="570"/>
							<String ID="string_246" HPOS="586" VPOS="1175" WIDTH="50" HEIGHT="13" WC="0.96" CONTENT="vara"/><SP WIDTH="16" VPOS="1175" HPOS="636"/>
							<String ID="string_247" HPOS="652" VPOS="1169" WIDTH="31" HEIGHT="19" WC="0.93" CONTENT="för"/><SP WIDTH="13" VPOS="1169" HPOS="683"/>
							<String ID="string_248" HPOS="696" VPOS="1169" WIDTH="182" HEIGHT="25" WC="0.23" CONTENT="jernväysarbetet"/><SP WIDTH="15" VPOS="1169" HPOS="878"/>
							<String ID="string_249" HPOS="893" VPOS="1169" WIDTH="102" HEIGHT="19" WC="0.92" CONTENT="erforder-"/>
						</TextLine>
						<TextLine ID="line_30" HPOS="248" VPOS="1202" WIDTH="747" HEIGHT="26">
							<String ID="string_250" HPOS="248" VPOS="1202" WIDTH="46" HEIGHT="26" WC="0.89" CONTENT="ligt,"/><SP WIDTH="17" VPOS="1202" HPOS="294"/>
							<String ID="string_251" HPOS="311" VPOS="1202" WIDTH="61" HEIGHT="19" WC="0.91" CONTENT="bordt"/><SP WIDTH="15" VPOS="1202" HPOS="372"/>
							<String ID="string_252" HPOS="387" VPOS="1202" WIDTH="61" HEIGHT="19" WC="0.92" CONTENT="äfven"/><SP WIDTH="18" VPOS="1202" HPOS="448"/>
							<String ID="string_253" HPOS="466" VPOS="1202" WIDTH="46" HEIGHT="19" WC="0.93" CONTENT="med"/><SP WIDTH="16" VPOS="1202" HPOS="512"/>
							<String ID="string_254" HPOS="528" VPOS="1202" WIDTH="120" HEIGHT="26" WC="0.92" CONTENT="uppoffring"/><SP WIDTH="15" VPOS="1202" HPOS="648"/>
							<String ID="string_255" HPOS="663" VPOS="1202" WIDTH="23" HEIGHT="20" WC="0.96" CONTENT="af"/><SP WIDTH="14" VPOS="1202" HPOS="686"/>
							<String ID="string_256" HPOS="700" VPOS="1209" WIDTH="25" HEIGHT="13" WC="0.96" CONTENT="en"/><SP WIDTH="17" VPOS="1209" HPOS="725"/>
							<String ID="string_257" HPOS="742" VPOS="1202" WIDTH="64" HEIGHT="26" WC="0.93" CONTENT="högre"/><SP WIDTH="16" VPOS="1202" HPOS="806"/>
							<String ID="string_258" HPOS="822" VPOS="1204" WIDTH="59" HEIGHT="18" WC="0.92" CONTENT="ränta"/><SP WIDTH="19" VPOS="1204" HPOS="881"/>
							<String ID="string_259" HPOS="900" VPOS="1202" WIDTH="95" HEIGHT="26" WC="0.92" CONTENT="tillväga-"/>
						</TextLine>
						<TextLine ID="line_31" HPOS="248" VPOS="1236" WIDTH="92" HEIGHT="26">
							<String ID="string_260" HPOS="248" VPOS="1236" WIDTH="92" HEIGHT="26" WC="0.92" CONTENT="bringas."/>
						</TextLine>
					</TextBlock>
					<TextBlock ID="block_2" HPOS="247" VPOS="1270" WIDTH="749" HEIGHT="231">
						<TextLine ID="line_32" HPOS="316" VPOS="1270" WIDTH="678" HEIGHT="27">
							<String ID="string_261" HPOS="316" VPOS="1271" WIDTH="59" HEIGHT="19" WC="0.93" CONTENT="Efter"/><SP WIDTH="15" VPOS="1271" HPOS="375"/>
							<String ID="string_262" HPOS="390" VPOS="1270" WIDTH="86" HEIGHT="20" WC="0.96" CONTENT="inledda"/><SP WIDTH="17" VPOS="1270" HPOS="476"/>
							<String ID="string_263" HPOS="493" VPOS="1271" WIDTH="191" HEIGHT="26" WC="0.96" CONTENT="underhandlingar"/><SP WIDTH="17" VPOS="1271" HPOS="684"/>
							<String ID="string_264" HPOS="701" VPOS="1271" WIDTH="25" HEIGHT="26" WC="0.93" CONTENT="pä"/><SP WIDTH="18" VPOS="1271" HPOS="726"/>
							<String ID="string_265" HPOS="744" VPOS="1271" WIDTH="49" HEIGHT="19" WC="0.80" CONTENT="flere"/><SP WIDTH="17" VPOS="1271" HPOS="793"/>
							<String ID="string_266" HPOS="810" VPOS="1271" WIDTH="41" HEIGHT="19" WC="0.93" CONTENT="håll"/><SP WIDTH="18" VPOS="1271" HPOS="851"/>
							<String ID="string_267" HPOS="869" VPOS="1271" WIDTH="72" HEIGHT="19" WC="0.92" CONTENT="afslöts"/><SP WIDTH="14" VPOS="1271" HPOS="941"/>
							<String ID="string_268" HPOS="955" VPOS="1271" WIDTH="39" HEIGHT="19" WC="0.97" CONTENT="den"/>
						</TextLine>
						<TextLine ID="line_33" HPOS="248" VPOS="1305" WIDTH="747" HEIGHT="26">
							<String ID="string_269" HPOS="248" VPOS="1305" WIDTH="23" HEIGHT="18" WC="0.96" CONTENT="31"/><SP WIDTH="19" VPOS="1305" HPOS="271"/>
							<String ID="string_270" HPOS="290" VPOS="1305" WIDTH="86" HEIGHT="19" WC="0.96" CONTENT="Januari"/><SP WIDTH="18" VPOS="1305" HPOS="376"/>
							<String ID="string_271" HPOS="394" VPOS="1305" WIDTH="54" HEIGHT="19" WC="0.96" CONTENT="1868"/><SP WIDTH="17" VPOS="1305" HPOS="448"/>
							<String ID="string_272" HPOS="465" VPOS="1305" WIDTH="46" HEIGHT="20" WC="0.93" CONTENT="med"/><SP WIDTH="16" VPOS="1305" HPOS="511"/>
							<String ID="string_273" HPOS="527" VPOS="1305" WIDTH="180" HEIGHT="20" WC="0.91" CONTENT="Bankirfirmorna"/><SP WIDTH="15" VPOS="1305" HPOS="707"/>
							<String ID="string_274" HPOS="722" VPOS="1311" WIDTH="40" HEIGHT="14" WC="0.93" CONTENT="von"/><SP WIDTH="16" VPOS="1311" HPOS="762"/>
							<String ID="string_275" HPOS="778" VPOS="1305" WIDTH="104" HEIGHT="26" WC="0.92" CONTENT="Erlanger"/><SP WIDTH="15" VPOS="1305" HPOS="882"/>
							<String ID="string_276" HPOS="897" VPOS="1305" WIDTH="17" HEIGHT="19" WC="0.92" CONTENT="&amp;"/><SP WIDTH="12" VPOS="1305" HPOS="914"/>
							<String ID="string_277" HPOS="926" VPOS="1305" WIDTH="69" HEIGHT="19" WC="0.89" CONTENT="Söhne"/>
						</TextLine>
						<TextLine ID="line_34" HPOS="247" VPOS="1338" WIDTH="749" HEIGHT="27">
							<String ID="string_278" HPOS="247" VPOS="1339" WIDTH="7" HEIGHT="18" WC="0.96" CONTENT="i"/><SP WIDTH="16" VPOS="1339" HPOS="254"/>
							<String ID="string_279" HPOS="270" VPOS="1339" WIDTH="114" HEIGHT="19" WC="0.96" CONTENT="Frankfurt"/><SP WIDTH="15" VPOS="1339" HPOS="384"/>
							<String ID="string_280" HPOS="399" VPOS="1345" WIDTH="32" HEIGHT="12" WC="0.96" CONTENT="am"/><SP WIDTH="16" VPOS="1345" HPOS="431"/>
							<String ID="string_281" HPOS="447" VPOS="1339" WIDTH="56" HEIGHT="19" WC="0.96" CONTENT="Main"/><SP WIDTH="17" VPOS="1339" HPOS="503"/>
							<String ID="string_282" HPOS="520" VPOS="1339" WIDTH="38" HEIGHT="19" WC="0.95" CONTENT="och"/><SP WIDTH="16" VPOS="1339" HPOS="558"/>
							<String ID="string_283" HPOS="574" VPOS="1339" WIDTH="79" HEIGHT="25" WC="0.92" CONTENT="Haller,"/><SP WIDTH="16" VPOS="1339" HPOS="653"/>
							<String ID="string_284" HPOS="669" VPOS="1338" WIDTH="63" HEIGHT="21" WC="0.90" CONTENT="Söhle"/><SP WIDTH="15" VPOS="1338" HPOS="732"/>
							<String ID="string_285" HPOS="747" VPOS="1339" WIDTH="17" HEIGHT="19" WC="0.91" CONTENT="&amp;"/><SP WIDTH="17" VPOS="1339" HPOS="764"/>
							<String ID="string_286" HPOS="781" VPOS="1339" WIDTH="81" HEIGHT="26" WC="0.89" CONTENT="Comp:i"/><SP WIDTH="13" VPOS="1339" HPOS="862"/>
							<String ID="string_287" HPOS="875" VPOS="1339" WIDTH="5" HEIGHT="19" WC="0.96" CONTENT="i"/><SP WIDTH="9" VPOS="1339" HPOS="880"/>
							<String ID="string_288" HPOS="889" VPOS="1339" WIDTH="107" HEIGHT="26" WC="0.96" CONTENT="Hamburg"/>
						</TextLine>
						<TextLine ID="line_35" HPOS="248" VPOS="1372" WIDTH="747" HEIGHT="21">
							<String ID="string_289" HPOS="248" VPOS="1374" WIDTH="54" HEIGHT="17" WC="0.91" CONTENT="samt"/><SP WIDTH="23" VPOS="1374" HPOS="302"/>
							<String ID="string_290" HPOS="325" VPOS="1372" WIDTH="89" HEIGHT="19" WC="0.92" CONTENT="Vereins"/><SP WIDTH="24" VPOS="1372" HPOS="414"/>
							<String ID="string_291" HPOS="438" VPOS="1372" WIDTH="56" HEIGHT="19" WC="0.92" CONTENT="bank"/><SP WIDTH="18" VPOS="1372" HPOS="494"/>
							<String ID="string_292" HPOS="512" VPOS="1373" WIDTH="12" HEIGHT="19" WC="0.87" CONTENT="å"/><SP WIDTH="15" VPOS="1373" HPOS="524"/>
							<String ID="string_293" HPOS="539" VPOS="1373" WIDTH="128" HEIGHT="19" WC="0.96" CONTENT="sistnämnde"/><SP WIDTH="16" VPOS="1373" HPOS="667"/>
							<String ID="string_294" HPOS="683" VPOS="1375" WIDTH="32" HEIGHT="17" WC="0.93" CONTENT="ort"/><SP WIDTH="18" VPOS="1375" HPOS="715"/>
							<String ID="string_295" HPOS="733" VPOS="1373" WIDTH="214" HEIGHT="20" WC="0.88" CONTENT="öfverenskommelse"/><SP WIDTH="16" VPOS="1373" HPOS="947"/>
							<String ID="string_296" HPOS="963" VPOS="1379" WIDTH="32" HEIGHT="13" WC="0.94" CONTENT="om"/>
						</TextLine>
						<TextLine ID="line_36" HPOS="248" VPOS="1406" WIDTH="747" HEIGHT="27">
							<String ID="string_297" HPOS="248" VPOS="1408" WIDTH="30" HEIGHT="17" WC="0.92" CONTENT="ett"/><SP WIDTH="16" VPOS="1408" HPOS="278"/>
							<String ID="string_298" HPOS="294" VPOS="1406" WIDTH="85" HEIGHT="19" WC="0.91" CONTENT="statslän"/><SP WIDTH="17" VPOS="1406" HPOS="379"/>
							<String ID="string_299" HPOS="396" VPOS="1406" WIDTH="27" HEIGHT="26" WC="0.96" CONTENT="pä"/><SP WIDTH="16" VPOS="1406" HPOS="423"/>
							<String ID="string_300" HPOS="439" VPOS="1407" WIDTH="92" HEIGHT="25" WC="0.93" CONTENT="följande"/><SP WIDTH="16" VPOS="1407" HPOS="531"/>
							<String ID="string_301" HPOS="547" VPOS="1407" WIDTH="154" HEIGHT="25" WC="0.92" CONTENT="hufvudvilkor,"/><SP WIDTH="17" VPOS="1407" HPOS="701"/>
							<String ID="string_302" HPOS="718" VPOS="1407" WIDTH="105" HEIGHT="26" WC="0.92" CONTENT="nemligen"/><SP WIDTH="17" VPOS="1407" HPOS="823"/>
							<String ID="string_303" HPOS="840" VPOS="1409" WIDTH="30" HEIGHT="16" WC="0.93" CONTENT="att"/><SP WIDTH="20" VPOS="1409" HPOS="870"/>
							<String ID="string_304" HPOS="890" VPOS="1407" WIDTH="56" HEIGHT="18" WC="0.92" CONTENT="länet"/><SP WIDTH="15" VPOS="1407" HPOS="946"/>
							<String ID="string_305" HPOS="961" VPOS="1406" WIDTH="34" HEIGHT="20" WC="0.92" CONTENT="be-"/>
						</TextLine>
						<TextLine ID="line_37" HPOS="248" VPOS="1440" WIDTH="748" HEIGHT="27">
							<String ID="string_306" HPOS="248" VPOS="1440" WIDTH="92" HEIGHT="19" WC="0.93" CONTENT="stämdes"/><SP WIDTH="16" VPOS="1440" HPOS="340"/>
							<String ID="string_307" HPOS="356" VPOS="1441" WIDTH="102" HEIGHT="19" WC="0.91" CONTENT="nominelt"/><SP WIDTH="16" VPOS="1441" HPOS="458"/>
							<String ID="string_308" HPOS="474" VPOS="1441" WIDTH="30" HEIGHT="19" WC="0.93" CONTENT="till"/><SP WIDTH="17" VPOS="1441" HPOS="504"/>
							<String ID="string_309" HPOS="521" VPOS="1441" WIDTH="110" HEIGHT="26" WC="0.92" CONTENT="4,670,000"/><SP WIDTH="17" VPOS="1441" HPOS="631"/>
							<String ID="string_310" HPOS="648" VPOS="1441" WIDTH="66" HEIGHT="19" WC="0.66" CONTENT="tbaler"/><SP WIDTH="19" VPOS="1441" HPOS="714"/>
							<String ID="string_311" HPOS="733" VPOS="1443" WIDTH="92" HEIGHT="22" WC="0.90" CONTENT="courant,"/><SP WIDTH="17" VPOS="1443" HPOS="825"/>
							<String ID="string_312" HPOS="842" VPOS="1440" WIDTH="62" HEIGHT="19" WC="0.91" CONTENT="hvarä"/><SP WIDTH="25" VPOS="1440" HPOS="904"/>
							<String ID="string_313" HPOS="929" VPOS="1440" WIDTH="67" HEIGHT="20" WC="0.95" CONTENT="skulle"/>
						</TextLine>
						<TextLine ID="line_38" HPOS="248" VPOS="1474" WIDTH="747" HEIGHT="27">
							<String ID="string_314" HPOS="248" VPOS="1474" WIDTH="93" HEIGHT="19" WC="0.96" CONTENT="utfärdas"/><SP WIDTH="21" VPOS="1474" HPOS="341"/>
							<String ID="string_315" HPOS="362" VPOS="1474" WIDTH="141" HEIGHT="26" WC="0.96" CONTENT="obligationer"/><SP WIDTH="19" VPOS="1474" HPOS="503"/>
							<String ID="string_316" HPOS="522" VPOS="1475" WIDTH="30" HEIGHT="19" WC="0.96" CONTENT="till"/><SP WIDTH="19" VPOS="1475" HPOS="552"/>
							<String ID="string_317" HPOS="571" VPOS="1481" WIDTH="80" HEIGHT="14" WC="0.90" CONTENT="samma"/><SP WIDTH="19" VPOS="1481" HPOS="651"/>
							<String ID="string_318" HPOS="670" VPOS="1475" WIDTH="82" HEIGHT="26" WC="0.95" CONTENT="belopp,"/><SP WIDTH="16" VPOS="1475" HPOS="752"/>
							<String ID="string_319" HPOS="768" VPOS="1474" WIDTH="90" HEIGHT="26" WC="0.96" CONTENT="löpande"/><SP WIDTH="21" VPOS="1474" HPOS="858"/>
							<String ID="string_320" HPOS="879" VPOS="1474" WIDTH="45" HEIGHT="19" WC="0.96" CONTENT="med"/><SP WIDTH="18" VPOS="1474" HPOS="924"/>
							<String ID="string_321" HPOS="942" VPOS="1474" WIDTH="11" HEIGHT="19" WC="0.92" CONTENT="6"/><SP WIDTH="18" VPOS="1474" HPOS="953"/>
							<String ID="string_322" HPOS="971" VPOS="1475" WIDTH="24" HEIGHT="25" WC="0.83" CONTENT="%,"/>
						</TextLine>
					</TextBlock>
				</ComposedBlock>
			</PrintSpace>
		</Page>
	</Layout>
</alto>
