1142 1786
873 136 22 16 15

178 203 26 16 än
220 199 54 20 intill
291 199 106 26 utgången
414 199 22 19 af
449 199 23 19 år
488 199 60 25 1875,
569 197 94 22 kommer
679 199 78 26 förslag
773 199 30 19 till
819 198 109 20 ordnande

178 233 54 20 efter
247 233 92 20 nämnde
356 233 40 20 tids
412 233 82 26 förlopp
510 233 23 19 af
546 233 65 26 sagde
631 233 138 26 tillverkning
784 233 39 19 och
839 232 26 19 de
881 232 46 19 der-

179 267 47 20 med
242 267 209 26 sammanhängande
471 266 71 27 frågor
556 269 29 17 att
601 267 10 19 å
629 267 69 20 denna
714 266 100 27 landtdag
829 266 98 20 Ständer-

178 308 26 13 na
220 301 126 26 föreläggas.

185 328 3 4 |
246 335 54 19 27:0.
331 334 88 20 Jemlikt
442 334 127 20 Ständernas
593 334 146 26 underdåniga
758 334 119 26 tillstyrkan
898 334 29 19 uti

178 369 115 19 aflemnadt
312 375 48 13 svar
375 368 12 20 å
402 368 56 20 Hans
477 368 119 27 Kejserliga
614 368 107 26 Majestäts
740 368 77 26 nådiga
833 369 94 25 proposi-

177 404 44 19 tion
237 409 33 13 om
287 402 128 27 indragning
428 402 23 20 af
460 402 172 23 Kämnersrätter,
648 403 169 26 Lagmansrätter
827 402 39 20 och
878 402 49 20 Rid-

177 437 147 26 daresynerätt
339 439 53 17 samt
400 430 95 33 "ändring
510 436 51 20 eller
576 436 148 26 upphäfvande
741 436 22 20 af
777 436 107 26 ätskilliga
898 436 28 20 la-

176 477 53 20 gens
245 478 45 12 rum
306 471 89 19 rörande
411 470 240 27 rättegängsordningen
672 470 39 20 och
731 471 55 19 vissa
801 470 125 20 domstolars

177 505 150 25 organisation,
344 505 36 19 har
396 504 57 20 Hans
469 504 118 27 Kejserliga
601 504 98 26 Majestät
714 504 46 20 lätit
775 504 40 20 den
827 505 25 19 27
866 504 59 27 April

179 539 53 19 1868
252 539 73 19 härom
345 538 83 20 utfärda
447 538 128 26 förordning.
606 538 45 20 Och
671 538 38 20 har
730 538 57 20 Hans
807 538 119 27 Kejserliga

176 573 104 25 Majestät,
301 573 6 19 i
328 573 115 26 anledning
464 573 23 20 af
507 573 55 20 hvad
585 573 118 20 Ständerna
725 573 68 20 tillika
816 573 111 20 framställt

176 609 54 17 samt
245 606 155 30 Ridderskapet
418 606 40 20 och
473 606 69 20 Adeln
558 607 28 19 uti
602 607 105 19 aflemnad
726 606 132 27 underdänig
873 608 52 25 peti-

176 641 43 19 tion
235 640 94 26 anhällit,
350 640 108 20 förordnat
472 640 31 20 till
520 640 127 27 vidtagande
662 641 23 19 af
698 641 108 26 ätskilliga
820 641 105 27 ätgärder,

176 675 86 19 hvarom
278 674 90 20 särskild
385 674 111 20 berättelse
512 678 22 16 är
550 675 31 19 till
597 674 118 21 Ständerna
731 675 110 20 aflemnad.

244 709 9 19 I
269 708 40 20 den
326 709 77 26 nådiga
421 709 156 26 propositionen
597 709 54 20 hade
672 709 57 20 Hans
749 709 118 27 Kejserliga
882 710 42 19 Ma-

172 744 65 24 jestät
256 743 69 19 funnit
344 743 72 26 nödigt
436 745 29 18 att
483 743 53 19 fästa
552 742 128 21 Ständernas
697 743 186 26 uppmärksamhet
897 744 27 25 pä

175 777 183 27 angelägenheten
379 777 65 25 deraf,
464 779 36 24 att,
520 777 46 19 dä
564 773 16 35 i
587 783 80 14 samma
686 778 129 26 proposition
837 778 86 19 föresla-

174 811 48 27 gits,
239 811 35 19 det
289 811 229 27 revisionsskillingens
534 811 76 26 belopp
626 811 85 20 komme
725 813 31 18 att
766 812 107 19 nedsättas
885 812 39 19 och

174 845 95 20 aktlösen
287 846 6 18 i
308 842 134 26 Hofrätterne
457 845 106 25 afskaffas,
583 845 117 27 ersättning
720 845 102 20 bereddes
840 846 83 20 Hofrät-

174 881 70 17 ternes
267 879 116 20 ledamöter
406 879 38 20 och
468 880 124 24 tjenstemän
614 879 31 19 för
665 879 40 20 den
727 879 122 26 minskning
869 880 6 19 i
891 880 31 19 in-

174 913 76 26 komst,
270 919 45 13 som
334 913 122 26 derigenom
475 913 67 19 skulle
559 913 47 19 dem
623 912 132 26 tillskyndas.
785 913 9 19 I
809 913 115 26 anledning

174 947 61 19 häraf
248 946 64 20 hafva
326 947 118 19 Ständerna
459 947 85 25 anmält,
559 948 30 18 att
604 946 32 26 de,
649 946 136 20 erkännande
798 947 123 26 billigheten

173 980 23 20 af
209 980 139 20 omförmälda
368 979 168 28 framställning,
549 981 6 18 i
571 980 169 27 underdänighet
755 980 76 20 önskat
846 983 30 18 att
891 981 31 19 till

173 1015 57 22 Hans
250 1014 118 27 Kejserliga
388 1014 96 26 Majestät
507 1014 130 19 öfverlemna
652 1016 30 17 att
697 1014 105 27 förordna,
819 1015 103 19 huruvida

172 1048 162 27 ifrägavarande
354 1048 116 26 ersättning
491 1048 39 25 mä,
553 1048 101 26 antingen
674 1054 77 20 genom
775 1049 147 20 motsvarande

172 1082 172 26 löneförhöjning
363 1082 51 19 eller
430 1082 26 26 pä
472 1083 64 18 annat
554 1081 96 27 lämpligt
668 1084 46 23 sätt,
730 1082 31 19 till
777 1082 145 20 Höfrätternas

172 1116 117 20 ledamöter
308 1116 39 19 och
368 1116 125 25 tjenstemän
510 1122 22 13 ur
548 1115 135 20 statsmedlen
705 1116 59 26 utgä;
784 1116 65 20 hvarä
865 1116 57 20 Hans

172 1150 119 26 Kejserliga
307 1150 96 25 Majestät
418 1150 6 19 i
440 1149 65 20 näder
525 1149 85 26 beviljat
629 1149 54 20 fasta
697 1149 188 28 lönetillökningar
901 1151 23 19 af

172 1184 40 20 400
230 1184 58 19 mark
304 1183 32 20 för
352 1177 46 26 Äbo
414 1183 93 20 Hofrätts
523 1183 162 26 Vicepresident
700 1183 108 20 äfvensom
825 1184 32 19 för
867 1191 53 13 sam-

172 1224 34 13 ma
226 1218 94 19 Hofrätts
344 1219 53 18 samt
416 1217 65 20 Wasa
503 1216 39 21 och
562 1216 99 27 Wiborgs
684 1217 116 20 Hofrätters
824 1218 97 27 samtlige

171 1251 132 20 Hofrättsräd
321 1252 39 19 och
379 1251 130 26 Assessorer,
528 1251 39 19 och
587 1251 22 19 af
626 1251 41 20 200
683 1251 60 20 mark
759 1251 30 20 för
805 1252 115 25 Hofrätter-

171 1292 37 13 nas
224 1285 41 20 alla
280 1285 68 26 öfriga
363 1285 105 20 ordinarie
484 1285 132 26 tjenstemän,
633 1287 30 17 att
678 1285 50 26 utgä
743 1285 44 20 frän
804 1285 40 20 den
863 1287 8 18 1
885 1286 35 19 Ja-

171 1320 59 19 nuari
248 1319 60 20 1869.

239 1353 102 26 Slutligen
358 1353 62 19 hafva
435 1352 118 20 Ständerna
569 1352 68 19 tillika
649 1353 56 25 gjort
716 1352 131 27 underdänig
858 1353 61 20 fram-

170 1387 106 25 ställning,
292 1389 30 17 att
337 1387 56 19 Hans
410 1386 118 27 Kejserliga
542 1386 97 26 Majestät
654 1386 50 19 ville
720 1386 6 19 i
742 1386 65 20 näder
823 1387 42 20 läta
876 1388 43 19 vid-

169 1424 51 23 taga
234 1421 79 26 nödiga
328 1420 98 27 åtgärder
442 1420 85 26 derhän,
543 1422 30 17 att
588 1419 158 20 Slottsrätterna
761 1421 6 18 i
783 1420 72 20 landet
867 1421 51 20 blef-

170 1461 25 13 ve
211 1455 104 25 indragna
330 1454 38 19 och
385 1454 25 20 de
430 1454 30 19 till
480 1454 60 19 dessa
560 1453 124 20 domstolars
704 1453 160 28 handläggning
884 1455 34 19 hö-
