1142 1786
250 169 34 17 300

512 260 2 2 =
571 234 64 26 18.

402 277 148 27 Oförändrad.

297 324 132 26 Helsingfors
445 323 40 20 den
502 324 11 19 3
531 324 39 25 Maj
591 324 58 20 1872.

421 505 108 20 Finlands
555 505 112 20 Ständers
694 506 169 26 underdäniga
888 512 54 14 svar
972 507 6 19 i

364 540 103 25 anledning
490 539 20 20 af
530 540 57 19 Haus
609 539 139 26 Kejserliga
770 540 120 26 Majestäts
909 540 69 26 Nädiga

365 573 125 26 proposition,
506 579 29 14 om
551 573 107 25 antagande
674 573 22 20 af
708 579 24 14 en
747 574 113 26 författning
879 575 98 25 angående

364 607 86 20 forntida
465 606 162 21 minnesmärkens
645 606 93 21 fredande
754 607 35 20 och
808 607 113 21 bevarande.

228 676 214 26 Stormäktigste,
458 674 191 26 Allernädigste
661 674 107 26 Kejsare
780 676 39 19 och
831 675 144 21 Storfurste!

296 738 8 18 I
322 738 116 25 anledning
454 737 22 19 af
488 736 100 20 Finlands
605 737 33 19 vid
657 738 51 18 1867
726 737 33 19 &rs
774 737 101 27 landtdag
890 738 84 20 försam-

228 772 47 19 lade
291 771 100 20 Ständers
408 770 144 26 underdäniga
567 770 88 26 petition
673 777 33 13 om
723 771 123 20 utfärdande
862 772 23 19 af
898 779 25 12 en
935 772 40 20 för-

228 805 97 27 fattning,
342 812 44 13 som
403 805 72 26 afsäge
490 804 124 26 skyddande
631 805 22 19 af
671 805 81 19 landets
772 805 91 20 forntida
886 806 89 20 minnes-

228 839 86 19 märken
336 839 38 19 och
395 839 244 25 älderdomslemningar,
663 839 36 19 har
722 839 82 20 Eders
827 840 149 27 Kejserliga

227 874 123 25 Majestät
368 873 34 20 vid
419 872 143 20 innevarande
577 872 101 26 landtdag
694 873 90 26 förelagt
800 873 117 22 Ständerna
934 875 41 19 Nä-

227 907 35 26 dig
286 907 129 26 proposition
440 913 32 14 om
496 907 119 25 antagande
633 907 23 18 af
673 913 26 13 en
723 907 124 27 författning
865 909 110 26 angäende

227 942 92 19 forntida
336 941 180 20 minnesmärkens
533 941 100 19 fredande
650 941 38 19 och
708 941 126 20 bevarande.

296 975 41 20 Vid
353 975 36 20 det
411 975 117 20 Ständerna
551 975 51 26 tagit
625 975 56 19 detta
697 975 77 20 ärende
790 975 6 19 i
813 975 162 27 öfvervägande,

228 1010 63 19 hafva
314 1009 123 25 Ständerna,
458 1009 65 25 jemte
544 1009 35 19 det
594 1009 26 19 de
635 1011 69 17 ansett
719 1009 36 20 det
773 1010 156 25 propositionen
945 1011 30 19 ät-

227 1044 93 26 följande
336 1043 79 24 förslag
432 1043 30 19 till
478 1043 122 26 förordning
616 1043 6 18 i
638 1045 71 17 ämnet
732 1043 139 20 öfverhufvud
890 1051 49 13 vara
955 1045 22 19 af

229 1078 147 20 beskaffenhet
394 1079 30 18 att
446 1077 49 20 böra
510 1077 24 19 af
550 1077 118 20 Ständerna
683 1077 104 26 omfattas,
803 1078 68 19 funnit
887 1079 32 25 sig
935 1078 39 19 för-

227 1112 86 19 anlätne
329 1114 30 17 att
374 1112 6 19 i
396 1111 99 20 afseende
510 1111 13 19 &
538 1111 103 20 särskilda
657 1111 45 20 deri
718 1111 104 26 ingående
833 1112 142 26 stadgandens

228 1145 94 20 innehäll
346 1146 39 19 och
407 1145 79 26 lydelse
503 1145 85 26 vidtaga
602 1145 27 20 de
645 1145 120 27 ändringar,
781 1152 44 13 som
842 1146 67 19 tillika
928 1147 46 18 med

228 1180 73 19 skälen
324 1180 32 19 för
379 1180 107 19 desamma
505 1179 6 19 i
533 1179 35 19 det
583 1179 93 25 följande
691 1179 7 19 i
715 1179 168 29 underdänighet
899 1181 74 18 omför-

228 1214 72 19 mälas.

297 1248 31 20 De
344 1248 5 19 i
368 1249 7 18 I
394 1249 10 22 $
420 1247 173 20 förekommande
616 1247 65 20 orden
704 1248 19 19 ”i
743 1255 25 12 en
787 1248 93 26 aflägsen
898 1249 75 20 forntid

228 1284 98 24 uppresta
349 1282 32 19 för
403 1281 188 26 andaktsöfningar
611 1282 51 19 eller
681 1282 31 19 till
732 1283 70 18 minne
818 1282 23 19 af
855 1283 68 25 någon
939 1290 35 13 an-

228 1316 176 25 märkningsvärd
421 1315 142 26 tilldragelse”
578 1316 63 19 hafva
657 1316 116 19 Ständerna
789 1318 69 17 ansett
872 1317 49 19 böra
932 1319 43 18 ute-

228 1350 64 19 slutas
316 1350 88 19 emedan
429 1350 107 19 desamma
558 1352 59 23 synts
633 1349 118 20 Ständerna
770 1356 50 13 vara
835 1350 92 20 hvarken
944 1355 30 16 ut-

228 1384 121 20 tömmande
365 1384 51 19 eller
432 1384 142 26 erforderliga,
592 1390 47 13 men
655 1384 78 25 kunna,
750 1384 33 19 vid
795 1384 42 19 åtal
848 1385 23 18 af
882 1385 92 20 åverkan

228 1419 12 18 å
255 1418 41 19 fast
311 1417 147 27 fornlemning,
475 1418 87 25 erbjuda
577 1418 40 19 den
635 1418 101 19 tilltalade
753 1425 25 13 en
790 1418 61 27 giltig
865 1419 109 20 förevänd-

228 1453 50 25 ning
301 1454 30 17 alt
353 1451 81 26 påyrka
457 1452 47 26 laga
528 1452 121 27 bevisnings
673 1452 149 20 föreställande
847 1453 78 26 derom,
946 1457 30 17 att

227 1486 169 25 fornlemningen
413 1486 6 18 i
436 1486 55 19 tiden
515 1486 109 26 verkligen
648 1487 121 19 tillkommit
792 1487 6 17 i
815 1486 62 26 något
896 1488 23 18 af
931 1494 43 13 om-
