1142 1786
245 159 35 16 442

223 222 72 26 tillsyn
312 222 78 20 honom
406 225 23 17 är
444 223 129 26 uppdragen,
591 223 46 20 med
653 224 152 27 sorgfällighet,
822 225 31 20 flit
869 227 39 19 och
919 233 53 14 sam-

223 257 152 26 vetsgrannhet
399 257 96 26 iakttaga
516 259 30 18 att
569 257 94 20 hvarken
679 259 248 27 tillverkningsbeloppet
943 260 29 20 öf-

222 290 121 20 verskrides
359 290 52 20 eller
426 291 70 26 någon
512 291 34 19 del
562 291 61 20 deraf
636 292 150 26 undansnillas,
802 293 69 20 såsom
887 294 39 20 ock
943 296 30 18 att

222 324 42 20 den
280 324 6 19 i
303 323 147 21 tillverkarens
467 325 99 19 kontrakt
581 325 118 21 fastställda
713 326 100 27 rättighet
828 328 18 25 ej
863 328 66 20 heller
941 328 31 20 får

221 358 7 19 i
244 364 70 14 annan
331 358 63 20 måtto
412 358 135 21 missbrukas.
577 359 171 21 Tillkommande
763 361 116 20 kontrollör
894 362 32 20 för
941 362 30 20 öf-

222 392 42 26 rigt
286 394 30 18 att
340 392 61 20 ställa
422 393 31 25 sig
476 393 32 19 till
531 392 80 21 ofelbar
627 394 138 20 efterrättelse
781 395 41 20 alla
837 396 66 20 andra
917 396 52 20 före-

221 426 92 26 skrifter,
329 432 52 20 som,
397 426 90 20 rörande
503 427 51 19 hans
569 427 153 27 skyldigheter,
738 428 66 20 finnas
820 430 7 18 i
845 430 70 20 denna
930 430 40 20 för-

221 460 91 26 fattning
327 460 89 26 intagna
431 460 52 20 eller
498 461 113 20 framdeles
627 462 72 20 kunna
714 463 114 20 meddelas.

568 520 10 22 S
593 518 34 20 29.

290 558 65 24 Öfver
370 562 36 20 det
420 562 7 20 i
443 562 121 21 bränneriet
579 563 125 20 tillverkade
720 564 89 20 bränvin
825 565 60 26 skall,
905 566 66 27 enligt

221 596 71 20 denna
307 596 123 26 författning
446 596 112 26 vidfogadt
572 596 107 26 formulär,
695 598 22 20 af
730 598 117 20 kontrollör
857 600 55 19 föras
923 606 47 20 pro-

221 630 74 25 tokoll,
318 630 66 26 hvari,
408 630 53 20 efter
484 630 66 20 skedd
568 632 136 26 uppmätning
720 632 39 20 och
775 633 106 27 profning,
897 636 74 24 genast

220 664 114 20 inskrifves
357 664 121 20 bränvinets
500 664 107 26 kannetal,
631 665 105 20 skenbara
751 666 78 26 styrka,
845 668 124 26 värmegrad

221 699 40 19 och
277 698 171 26 alkoholmängd,
468 701 53 17 samt
536 698 106 20 dessutom
661 699 96 21 deremot
774 701 103 19 svarande
893 701 76 27 belopp

220 733 24 19 af
257 733 40 19 den
314 732 72 26 styrka
401 732 6 19 i
423 734 10 22 $
450 733 10 19 3
478 735 22 17 är
515 734 68 18 utsatt.
614 733 75 19 Denna
710 733 139 27 antecknings
869 735 102 26 riktighet

221 766 107 20 bekräftas
344 766 31 20 för
390 766 73 26 hvarje
479 766 57 27 gång
550 767 23 19 af
586 766 116 21 kontrollör
722 768 39 19 och
781 768 122 21 tillverkare
919 770 51 19 eller

220 800 80 20 dennes
316 800 78 20 ombud
411 800 47 20 med
474 801 171 26 namnteckning.
675 802 31 19 De
717 802 170 27 anmärkningar,
898 803 72 20 hvilka

219 834 117 20 kontrollör
352 834 66 20 under
434 834 57 20 tiden
507 834 32 20 för
554 834 30 20 sin
601 834 134 21 verksamhet
750 836 67 20 finner
833 843 50 13 vara
897 837 23 19 af
934 837 35 20 be-

220 868 72 20 hofvet
307 868 119 26 påkallade,
442 868 68 19 införe
526 868 40 20 han
579 868 80 26 jemväl
673 869 8 19 i
699 869 134 25 protokollet.

565 926 10 22 s
591 924 33 20 30.

288 969 145 20 Omförmälde
449 969 95 26 mätning
560 969 38 20 och
614 969 98 27 profning
728 970 53 20 skall
797 971 124 20 verkställas
939 972 29 19 uti

219 1004 225 25 sprithållarerummet
459 1003 23 20 så
497 1003 43 20 ofta
555 1003 74 26 nödigt
643 1006 23 17 är
681 1004 39 19 och
732 1005 66 19 under
809 1005 98 26 dagsljus,
923 1005 46 20 der-

219 1039 35 18 vid
278 1037 92 27 behöflig
393 1037 160 26 handräckning
575 1038 80 19 lemnas
679 1039 22 18 af
726 1039 242 25 bränvinstillverkaren,

219 1078 43 13 som
280 1072 38 19 ock
335 1074 23 17 är
374 1071 85 26 skyldig
475 1072 159 19 tillhandahålla
649 1072 84 26 nödiga,
757 1072 114 27 behörigen
892 1073 77 19 krönta

219 1107 52 19 mått
286 1108 55 18 samt
356 1106 65 19 andre
437 1106 32 19 för
485 1106 164 26 uppmätningen
666 1106 137 26 erforderlige
819 1107 45 19 kärl
880 1107 39 19 och
928 1107 40 19 till-

220 1141 72 19 behör.
323 1140 161 26 Förrättningen
508 1140 38 20 bör
568 1140 86 20 bivistas
681 1140 24 19 af
731 1140 237 20 bränvinstillverkaren

218 1175 52 19 eller
286 1175 48 18 dess
350 1173 84 25 ombud,
450 1173 54 20 dock
521 1174 19 25 ej
556 1174 31 18 för
603 1173 79 20 dennes
698 1176 85 17 utevaro
798 1174 101 25 inställas,
915 1176 54 17 samt

219 1208 106 20 dessutom
341 1207 121 20 öfvervaras
478 1207 22 19 af
513 1214 26 12 en
556 1207 105 26 trovärdig
677 1207 39 20 och
731 1207 135 26 skrifkunnig
885 1214 82 19 person,

219 1243 86 19 hvilken
323 1243 99 18 bränvins
438 1241 157 27 tillverknings-
611 1242 51 19 eller
677 1242 177 25 försäljningsrätt
868 1242 49 19 icke
936 1242 31 19 in-

219 1277 71 19 nehar.
320 1277 63 18 Detta
399 1276 73 24 vittne,
495 1276 62 19 hvars
575 1275 112 27 åliggande
708 1276 35 19 det
758 1279 22 16 är
795 1278 30 17 att
840 1276 127 26 riktigheten

218 1311 23 19 af
254 1311 166 26 uppmätningen
436 1310 40 19 och
492 1309 125 26 profningen
633 1309 95 26 iakttaga
743 1312 52 17 samt
815 1310 40 19 den
871 1310 98 19 deröfver

218 1345 6 18 i
240 1344 129 26 protokollet
384 1343 84 20 införda
482 1344 129 26 anteckning
627 1344 47 19 med
691 1344 135 26 egenhändig
840 1344 129 19 underskrift

219 1378 107 26 bestyrka,
349 1378 108 19 äfvensom
478 1378 81 19 biträda
578 1378 144 19 kontrollören
742 1378 34 19 vid
793 1377 100 26 tillsynen
909 1378 59 19 öfver

219 1412 121 19 bränvinets
363 1411 119 20 insättande
498 1411 12 20 &
526 1412 107 26 nederlag,
656 1414 55 17 utses
734 1411 32 20 för
785 1411 73 24 hvarje
874 1411 93 20 tillverk-

218 1446 146 26 ningstermin,
381 1446 5 18 i
403 1446 53 25 stad,
479 1446 23 19 af
522 1446 165 26 Borgerskapets
709 1445 66 20 äldste
796 1445 39 19 och
855 1445 26 25 pä
897 1445 72 19 landet

218 1480 36 21 vid
271 1479 220 20 kommunalstämma.
521 1480 66 19 Innan
604 1480 65 20 vittne
686 1479 30 20 får
731 1479 72 19 utöfva
818 1478 91 19 nämnde
934 1479 33 19 be-
