1142 1786
873 157 33 17 567

572 219 15 26 $
601 220 34 19 77.

353 263 42 20 Vid
414 263 153 27 öfverträdelse
586 263 29 28 af
625 264 131 27 stadgandet
775 265 8 20 i
799 265 16 27 $
833 265 28 21 54
879 273 51 14 vare

281 297 35 21 bot
338 298 63 26 tjugu
424 297 34 21 till
480 298 67 20 sextio
569 297 62 21 mark
644 297 42 27 för
695 297 76 27 första
787 299 39 20 och
845 299 85 21 dubbelt

276 330 41 28 för
331 331 73 20 andra
418 331 92 27 gängen.
540 330 54 26 Den,
617 338 45 14 som
685 331 69 27 deraf
771 332 34 27 sig
832 333 21 26 ej
875 333 56 20 läter

280 366 66 23 rätta,
362 364 57 21 skall
429 364 42 27 för
485 364 70 27 tredje
573 372 65 13 resan
656 364 109 28 begängen
782 365 43 21 slik
840 366 91 28 förbry-

282 399 49 20 telse
342 397 74 28 plikta
432 398 123 21 tvähundra
565 398 88 28 fyratio
669 398 62 21 mark
751 399 38 20 och
807 400 29 26 gå
856 400 75 27 förlu-

280 433 44 27 stig
338 433 36 20 sin
388 432 118 26 apotheks-,
522 432 100 21 handels-
637 432 52 21 eller
708 434 144 26 näringsrätt.

573 484 15 26 $
605 484 34 20 78.

349 528 81 28 Bryter
454 528 125 21 handlande
601 529 8 20 i
631 529 50 20 stad
703 529 53 21 eller
777 529 82 28 köping
877 534 54 18 emot

276 562 147 28 föreskriften
438 563 8 20 i
461 562 15 27 $
490 563 34 24 55,
544 570 49 13 vare
607 562 111 28 förfallen
739 563 34 21 till
791 570 82 15 samma
893 572 38 13 an-

281 604 51 14 svar
348 596 38 21 och
402 603 76 14 annan
489 596 99 28 påföljd,
603 603 45 14 som
664 598 8 19 i
685 597 16 27 $
715 598 28 19 77
758 599 27 19 är
799 600 75 18 utsatt.

573 648 15 27 $
602 649 33 19 79.

350 692 237 21 Bränvinstillverkare
602 693 51 20 eller
669 693 126 25 distillatör,
811 700 46 14 som
871 695 60 21 miss-

284 726 80 21 brukar
386 726 42 21 den
447 726 77 21 honom
542 727 8 19 i
567 727 30 26 $$
613 727 29 20 45
660 726 39 21 och
713 728 28 20 46
755 728 112 26 medgifna
881 728 51 27 för-

282 761 163 27 säljningsrätt,
461 761 52 20 eller
529 760 122 21 densamma
667 760 110 28 utöfvar
764 756 12 36 å
787 762 40 24 tid,
839 762 29 20 då
879 762 54 21 han-

284 794 34 21 del
332 794 48 21 med
396 794 98 25 bränvin,
510 795 67 27 enligt
591 795 15 26 $
621 795 35 24 52,
673 794 44 21 icke
733 797 26 18 är
779 795 92 25 tillåten,
887 796 46 20 böte

278 828 76 28 första
368 828 86 27 gången
468 829 68 19 sextio
551 828 67 24 mark,
635 828 71 21 andra
721 836 66 14 resan
805 829 127 21 etthundra-

284 862 63 27 tjugu
361 862 68 26 mark,
445 864 62 22 samt,
524 862 51 27 ifall
590 861 45 21 han
649 862 129 27 ytterligare
797 864 88 20 dermed
901 863 32 21 be-

284 896 79 25 trädes,
380 896 76 27 hvarje
470 896 59 27 gång
544 895 209 28 tvåhundrafyratio
777 897 68 20 mark.
880 897 53 20 Sker

279 929 141 29 försäljning
442 929 30 28 af
490 929 92 21 bränvin
605 930 34 20 till
661 930 85 20 mindre
769 930 74 27 belopp
862 933 30 18 än
907 938 26 13 en

279 965 123 28 fjerdedels
416 963 81 26 kanna,
512 970 51 14 vare
578 963 34 21 bot
622 963 145 28 fördubblad.
804 964 41 21 Vid
864 965 69 26 tredje

284 999 39 21 och
337 999 57 26 flere
412 1005 60 13 resor
486 997 101 28 förnyad
600 997 133 28 förbrytelse
748 998 30 27 af
791 997 143 28 omförmälde

285 1032 149 27 beskaffenhet,
450 1031 57 21 skall
522 1032 41 20 den
577 1031 109 28 sakfällde
699 1032 84 27 jemväl
804 1032 75 21 dömas
899 1033 35 20 till

279 1067 101 28 fängelse
396 1066 69 20 under
480 1073 36 13 sex
530 1066 111 20 månader.
663 1061 131 32 Öfverträda
810 1066 124 21 tillverkare

284 1101 52 20 eller
351 1100 121 21 distillatör
487 1099 57 21 hvad
559 1100 8 19 i
581 1100 29 27 $$
625 1101 34 24 56,
675 1101 28 19 57
721 1100 39 20 och
779 1101 28 20 64
829 1102 27 19 är
872 1100 62 27 före-

284 1134 96 27 skrifvet,
398 1133 44 21 böte
458 1133 76 28 hvarje
548 1134 58 27 gång
616 1134 87 27 fyratio
719 1134 36 21 till
774 1134 78 21 åttatio
872 1133 63 21 mark

285 1169 37 20 och
339 1167 63 28 hafve
412 1167 116 27 förverkat
544 1167 91 22 bränvin
650 1168 47 20 med
712 1167 51 21 kärl
773 1167 110 27 äfvensom
899 1167 36 20 det

286 1202 44 20 icke
345 1201 80 21 renade
441 1201 92 21 bränvin
544 1202 66 26 jemte
625 1201 56 25 kärl,
697 1201 64 21 hvari
775 1202 35 20 det
820 1200 114 28 förvaras.

575 1258 14 27 $
603 1259 35 20 80.

356 1303 37 21 Om
411 1303 126 28 försäljare
559 1305 54 19 emot
635 1303 66 28 något
720 1303 29 27 af
759 1303 153 27 stadgandena
928 1303 8 20 i

285 1339 29 27 $$
338 1339 34 24 45,
395 1339 35 23 47,
452 1339 35 24 49,
511 1338 34 25 51,
568 1338 34 24 52,
625 1337 28 20 53
673 1337 38 20 och
726 1337 28 20 57
769 1337 34 27 sig
813 1336 122 28 förbryter,

285 1373 57 20 skall
365 1372 44 21 han
431 1379 54 13 vara
503 1371 108 28 förlustig
633 1371 167 27 innehafvande,
823 1371 58 24 eller,
903 1377 33 14 om

281 1407 148 28 förbrytelsen
443 1406 49 21 sker
508 1406 13 20 &
535 1405 221 28 försäljningsställe,
779 1405 41 20 alli
843 1404 38 20 der
904 1404 32 20 be-

282 1441 88 27 fintligt
392 1440 99 25 bränvin,
514 1442 55 18 samt
585 1439 54 24 böta,
657 1438 77 28 första
749 1445 65 14 resan
824 1438 58 27 från
898 1437 38 21 och

287 1475 47 20 med
348 1475 67 19 sextio
432 1474 35 20 till
482 1473 39 21 och
536 1473 47 21 med
602 1473 182 26 etthundratjugu
805 1471 68 25 mark,
897 1478 39 14 an-
