1142 1786
20 1007 36 63 www
32 933 11 58 ME

863 152 33 17 253

236 217 100 19 Deremot
351 216 37 19 har
404 215 106 20 Utskottet
526 216 51 19 trott
595 216 35 19 det
649 222 50 13 vara
717 216 135 26 öfverflödigt
867 218 30 18 att
912 217 5 18 i

168 251 40 19 den
224 250 23 19 af
263 250 108 20 Utskottet
393 249 111 20 förordade
528 249 107 27 lagtexten
651 250 73 26 intaga
739 250 64 26 något
819 250 99 20 särskildt

168 284 116 26 stadgande
300 285 80 24 derom,
396 286 29 17 att
441 284 55 19 talan
514 290 32 13 om
564 283 127 20 skadestånd
709 284 30 19 för
756 284 61 25 brott,
838 284 80 19 hvilket

167 318 19 26 ej
203 320 23 17 är
241 318 142 26 preskription
407 317 158 26 underkastadt,
589 318 36 19 bör
645 318 23 19 af
685 317 150 27 målseganden
851 318 21 19 få
887 320 30 17 ut-

168 352 54 20 föras
238 352 7 19 i
262 352 152 26 sammanhang
438 352 46 19 med
508 352 70 23 åtalet,
597 352 61 19 äfven
675 358 34 13 om
725 352 57 20 detta
797 352 68 20 skulle
881 358 36 13 an-

167 386 71 22 ställas
255 386 51 20 först
321 386 53 20 efter
390 386 40 19 den
446 386 62 20 civila
522 386 223 26 preskriptionstidens
756 386 90 27 utgång;
861 393 56 13 eme-

168 420 40 20 dan
224 420 64 26 sagde
305 420 80 26 lagtext
400 420 47 20 icke
464 420 113 26 uppställer
593 420 64 26 något
673 420 74 20 hinder
763 420 32 20 för
810 427 25 13 en
852 421 64 19 sådan

168 453 104 27 tolkning.
302 454 24 26 Ej
350 454 66 19 heller
439 454 59 20 torde
521 461 80 13 samma
623 456 46 18 text
691 454 84 20 komma
793 457 30 17 att
838 455 78 26 ligga
906 449 14 36 i

168 490 67 24 vägen
252 488 32 20 för
299 488 40 20 den
356 488 96 26 tolkning
468 488 22 20 af
504 489 10 19 7
531 490 10 22 $
558 489 11 19 8
585 488 48 26 kap.
650 484 24 24 Ä.
691 488 30 25 B.,
737 490 30 18 att
785 489 40 19 den
844 489 71 26 rättig-

168 522 36 19 het
226 522 32 19 till
281 522 114 26 nödtorftig
418 522 49 20 föda
489 522 39 20 och
551 522 128 26 uppfostran,
702 529 43 13 som
766 522 26 27 på
813 523 67 25 grund
897 523 24 19 af

169 552 91 24 nämnda
275 556 82 26 lagrum
373 556 41 20 kan
431 556 32 20 för
478 556 64 21 oäkta
557 556 50 21 barn
619 559 60 24 göras
691 556 97 27 gällande
802 558 57 19 emot
869 557 48 20 dess

168 591 58 19 fader
242 591 52 19 eller
310 592 78 24 moder,
404 591 19 25 ej
440 594 22 16 är
478 591 142 26 preskription
637 591 147 19 underkastad.

236 624 29 20 På
287 624 68 27 grund
378 624 23 20 af
422 625 54 19 hvad
500 624 107 21 Utskottet
623 625 5 19 i
644 624 133 20 förestående
793 625 64 20 måtto
873 625 43 20 haft

167 661 50 17 äran
233 658 81 26 anföra,
329 658 31 20 får
375 658 107 20 Utskottet
498 658 60 20 alltså
574 659 153 19 vördsammast
742 659 114 26 tillstyrka:

338 695 33 18 att
386 692 84 21 landets
486 692 116 28 höglofliga
623 692 93 21 Ständer
735 693 54 25 ville,
809 693 47 20 med
865 692 52 28 för-

269 726 106 21 klarande
390 728 33 19 att
438 726 40 21 den
493 726 90 28 Nädiga
595 727 164 27 propositionen
773 727 44 21 icke
832 727 85 21 kunnat

269 760 137 28 oförändrad
427 760 134 28 godkännas,
584 760 37 24 för
643 762 34 20 sin
692 762 35 20 del
741 761 82 21 besluta
841 762 35 20 till
891 768 25 14 en

268 794 122 26 sälydande
399 794 150 28 författning:

337 828 50 22 Med
402 829 78 27 tillägg
496 829 34 21 till
540 828 56 22 hvad
605 828 81 28 Kongl.
697 829 167 28 Förordningen
875 829 40 21 den

268 865 30 20 20
312 863 100 21 Januari
435 864 57 20 1779
512 862 38 22 och
567 863 90 21 sednare
667 862 169 29 författningar
853 864 63 20 inne-

268 897 62 21 hålla
345 904 33 14 om
394 897 32 21 tid
436 897 41 27 för
492 897 140 21 anställande
647 897 30 26 af
687 897 47 20 åtal
744 897 41 26 för
795 897 56 21 brott
866 904 49 13 var-

268 932 38 20 der
321 931 102 28 stadgadt
438 938 45 14 som
493 931 81 28 följer:

336 961 34 25 Är
385 965 32 21 tid
426 965 42 28 för
483 966 140 21 anställande
638 966 29 27 af
678 966 47 21 åtal
737 966 41 27 för
796 966 57 21 brott
863 967 52 27 för-

266 1002 79 24 sutten,
361 1000 52 21 eller
428 1000 41 21 den
484 999 111 28 brottslige
609 1000 68 21 redan
692 1000 100 27 straffad,
811 1001 52 20 eller
880 1001 36 27 af-

268 1034 69 25 liden;
359 1041 49 14 vare
431 1034 51 21 dock
504 1034 137 28 mälsegande
660 1035 121 26 derigenom
796 1035 20 25 ej
834 1034 82 28 betaget

267 1071 33 18 att
322 1068 52 21 söka
396 1068 132 21 skadeständ
537 1068 41 28 för
593 1069 77 20 brottet
684 1069 58 20 inom
757 1069 40 20 den
817 1069 38 26 tid,
871 1075 44 14 som

262 1102 41 27 för
318 1103 63 20 talan
396 1103 8 20 i
414 1101 164 29 fordringsmäl
587 1102 148 26 föreskrifven
751 1104 32 19 är.

233 1143 132 26 Helsingfors
381 1143 40 20 den
440 1143 24 20 18
480 1143 60 26 April
560 1144 59 19 1872.

436 1252 201 21 Reservationer:

264 1315 32 20 Af
308 1314 163 27 Lagmannen
489 1314 120 28 Cajander:

231 1371 61 20 Emot
308 1371 156 26 Lagutskottets
480 1372 133 20 förestående
626 1372 133 20 betänkande
775 1373 5 18 i
797 1373 115 26 anledning

162 1405 23 20 af
198 1405 57 20 Hans
271 1405 119 26 Kejserliga
405 1406 107 25 Majestäts
527 1406 83 27 Nådiga
625 1406 130 26 proposition
772 1406 89 19 rörande
878 1406 33 20 be-

161 1439 130 20 stämmande
314 1439 23 20 af
357 1439 40 20 den
417 1440 35 25 tid,
468 1440 57 20 inom
542 1440 85 20 hvilken
645 1440 127 20 skadestånd
787 1440 7 19 i
814 1440 98 20 brottmål

161 1472 39 19 bör
215 1473 92 25 utsökas,
323 1473 31 19 fär
366 1474 38 26 jag
419 1474 86 20 härmed
522 1481 108 13 reservera
650 1475 49 25 mig.
729 1474 40 26 Jag
792 1476 23 16 är
835 1474 22 19 af
871 1474 40 19 den
