<?xml version="1.0" encoding="UTF-8"?>
<alto xmlns="http://www.loc.gov/standards/alto/ns-v3#" xmlns:xlink="http://www.w3.org/1999/xlink" xmlns:xsi="http://www.w3.org/2001/XMLSchema-instance" xsi:schemaLocation="http://www.loc.gov/standards/alto/ns-v3# http://www.loc.gov/alto/v3/alto-3-0.xsd">
	<Description>
		<MeasurementUnit>pixel</MeasurementUnit>
		<sourceImageInformation>
			<fileName>/tmp/tess__by1eh8n_input.PNG</fileName>
		</sourceImageInformation>
		<OCRProcessing ID="OCR_0">
			<ocrProcessingStep>
				<processingSoftware>
					<softwareName>tesseract 5.3.4</softwareName>
				</processingSoftware>
			</ocrProcessingStep>
		</OCRProcessing>
	</Description>
	<Layout>
		<Page WIDTH="1142" HEIGHT="1786" PHYSICAL_IMG_NR="0" ID="page_0">
			<PrintSpace HPOS="0" VPOS="0" WIDTH="1142" HEIGHT="1786">
				<ComposedBlock ID="cblock_0" HPOS="843" VPOS="155" WIDTH="33" HEIGHT="18">
					<TextBlock ID="block_0" HPOS="843" VPOS="155" WIDTH="33" HEIGHT="18">
						<TextLine ID="line_0" HPOS="843" VPOS="155" WIDTH="33" HEIGHT="18">
							<String ID="string_0" HPOS="843" VPOS="155" WIDTH="33" HEIGHT="18" WC="0.95" CONTENT="273"/>
						</TextLine>
					</TextBlock>
				</ComposedBlock>
				<ComposedBlock ID="cblock_1" HPOS="148" VPOS="217" WIDTH="766" HEIGHT="1304">
					<TextBlock ID="block_1" HPOS="148" VPOS="217" WIDTH="763" HEIGHT="1080">
						<TextLine ID="line_1" HPOS="148" VPOS="217" WIDTH="749" HEIGHT="30">
							<String ID="string_1" HPOS="148" VPOS="223" WIDTH="25" HEIGHT="19" WC="0.96" CONTENT="de"/><SP WIDTH="23" VPOS="223" HPOS="173"/>
							<String ID="string_2" HPOS="196" VPOS="220" WIDTH="137" HEIGHT="27" WC="0.93" CONTENT="lagförslaget"/><SP WIDTH="23" VPOS="220" HPOS="333"/>
							<String ID="string_3" HPOS="356" VPOS="217" WIDTH="117" HEIGHT="20" WC="0.90" CONTENT="bibehålles"/><SP WIDTH="25" VPOS="217" HPOS="473"/>
							<String ID="string_4" HPOS="498" VPOS="217" WIDTH="130" HEIGHT="19" WC="0.91" CONTENT="bördsrätten"/><SP WIDTH="23" VPOS="217" HPOS="628"/>
							<String ID="string_5" HPOS="651" VPOS="217" WIDTH="74" HEIGHT="20" WC="0.96" CONTENT="endast"/><SP WIDTH="23" VPOS="217" HPOS="725"/>
							<String ID="string_6" HPOS="748" VPOS="218" WIDTH="31" HEIGHT="19" WC="0.96" CONTENT="för"/><SP WIDTH="18" VPOS="218" HPOS="779"/>
							<String ID="string_7" HPOS="797" VPOS="219" WIDTH="100" HEIGHT="26" WC="0.96" CONTENT="säljarens"/>
						</TextLine>
						<TextLine ID="line_2" HPOS="150" VPOS="250" WIDTH="748" HEIGHT="29">
							<String ID="string_8" HPOS="150" VPOS="256" WIDTH="50" HEIGHT="20" WC="0.96" CONTENT="barn"/><SP WIDTH="24" VPOS="256" HPOS="200"/>
							<String ID="string_9" HPOS="224" VPOS="254" WIDTH="39" HEIGHT="20" WC="0.96" CONTENT="och"/><SP WIDTH="24" VPOS="254" HPOS="263"/>
							<String ID="string_10" HPOS="287" VPOS="252" WIDTH="107" HEIGHT="21" WC="0.91" CONTENT="föräldrar."/><SP WIDTH="32" VPOS="252" HPOS="394"/>
							<String ID="string_11" HPOS="426" VPOS="250" WIDTH="118" HEIGHT="20" WC="0.91" CONTENT="Ständerna"/><SP WIDTH="22" VPOS="250" HPOS="544"/>
							<String ID="string_12" HPOS="566" VPOS="257" WIDTH="49" HEIGHT="12" WC="0.95" CONTENT="anse"/><SP WIDTH="24" VPOS="257" HPOS="615"/>
							<String ID="string_13" HPOS="639" VPOS="251" WIDTH="54" HEIGHT="19" WC="0.96" CONTENT="dock"/><SP WIDTH="16" VPOS="251" HPOS="693"/>
							<String ID="string_14" HPOS="709" VPOS="254" WIDTH="30" HEIGHT="17" WC="0.96" CONTENT="att"/><SP WIDTH="19" VPOS="254" HPOS="739"/>
							<String ID="string_15" HPOS="758" VPOS="253" WIDTH="81" HEIGHT="26" WC="0.92" CONTENT="vigtiga"/><SP WIDTH="15" VPOS="253" HPOS="839"/>
							<String ID="string_16" HPOS="854" VPOS="253" WIDTH="44" HEIGHT="20" WC="0.96" CONTENT="skäl"/>
						</TextLine>
						<TextLine ID="line_3" HPOS="149" VPOS="285" WIDTH="748" HEIGHT="28">
							<String ID="string_17" HPOS="149" VPOS="290" WIDTH="42" HEIGHT="19" WC="0.96" CONTENT="tala"/><SP WIDTH="15" VPOS="290" HPOS="191"/>
							<String ID="string_18" HPOS="206" VPOS="289" WIDTH="31" HEIGHT="19" WC="0.93" CONTENT="för"/><SP WIDTH="16" VPOS="289" HPOS="237"/>
							<String ID="string_19" HPOS="253" VPOS="287" WIDTH="142" HEIGHT="20" WC="0.91" CONTENT="bördsrättens"/><SP WIDTH="16" VPOS="287" HPOS="395"/>
							<String ID="string_20" HPOS="411" VPOS="285" WIDTH="149" HEIGHT="19" WC="0.96" CONTENT="bibehållande"/><SP WIDTH="17" VPOS="285" HPOS="560"/>
							<String ID="string_21" HPOS="577" VPOS="285" WIDTH="61" HEIGHT="19" WC="0.96" CONTENT="äfven"/><SP WIDTH="17" VPOS="285" HPOS="638"/>
							<String ID="string_22" HPOS="655" VPOS="285" WIDTH="32" HEIGHT="19" WC="0.96" CONTENT="för"/><SP WIDTH="13" VPOS="285" HPOS="687"/>
							<String ID="string_23" HPOS="700" VPOS="286" WIDTH="101" HEIGHT="25" WC="0.96" CONTENT="säljarens"/><SP WIDTH="11" VPOS="286" HPOS="801"/>
							<String ID="string_24" HPOS="812" VPOS="288" WIDTH="85" HEIGHT="25" WC="0.95" CONTENT="syskon."/>
						</TextLine>
						<TextLine ID="line_4" HPOS="150" VPOS="318" WIDTH="749" HEIGHT="30">
							<String ID="string_25" HPOS="150" VPOS="323" WIDTH="29" HEIGHT="19" WC="0.96" CONTENT="På"/><SP WIDTH="15" VPOS="323" HPOS="179"/>
							<String ID="string_26" HPOS="194" VPOS="323" WIDTH="26" HEIGHT="19" WC="0.96" CONTENT="de"/><SP WIDTH="16" VPOS="323" HPOS="220"/>
							<String ID="string_27" HPOS="236" VPOS="322" WIDTH="61" HEIGHT="19" WC="0.96" CONTENT="flesta"/><SP WIDTH="15" VPOS="322" HPOS="297"/>
							<String ID="string_28" HPOS="312" VPOS="322" WIDTH="55" HEIGHT="18" WC="0.96" CONTENT="orter"/><SP WIDTH="16" VPOS="322" HPOS="367"/>
							<String ID="string_29" HPOS="383" VPOS="320" WIDTH="6" HEIGHT="18" WC="0.96" CONTENT="i"/><SP WIDTH="17" VPOS="320" HPOS="389"/>
							<String ID="string_30" HPOS="406" VPOS="318" WIDTH="72" HEIGHT="20" WC="0.96" CONTENT="landet"/><SP WIDTH="15" VPOS="318" HPOS="478"/>
							<String ID="string_31" HPOS="493" VPOS="321" WIDTH="23" HEIGHT="16" WC="0.96" CONTENT="är"/><SP WIDTH="16" VPOS="321" HPOS="516"/>
							<String ID="string_32" HPOS="532" VPOS="318" WIDTH="105" HEIGHT="26" WC="0.96" CONTENT="nämligen"/><SP WIDTH="17" VPOS="318" HPOS="637"/>
							<String ID="string_33" HPOS="654" VPOS="319" WIDTH="86" HEIGHT="27" WC="0.96" CONTENT="vanligt,"/><SP WIDTH="17" VPOS="319" HPOS="740"/>
							<String ID="string_34" HPOS="757" VPOS="322" WIDTH="28" HEIGHT="17" WC="0.96" CONTENT="att"/><SP WIDTH="15" VPOS="322" HPOS="785"/>
							<String ID="string_35" HPOS="800" VPOS="321" WIDTH="99" HEIGHT="27" WC="0.92" CONTENT="jordega-"/>
						</TextLine>
						<TextLine ID="line_5" HPOS="151" VPOS="352" WIDTH="750" HEIGHT="30">
							<String ID="string_36" HPOS="151" VPOS="364" WIDTH="43" HEIGHT="18" WC="0.94" CONTENT="ren,"/><SP WIDTH="23" VPOS="364" HPOS="194"/>
							<String ID="string_37" HPOS="217" VPOS="356" WIDTH="61" HEIGHT="19" WC="0.96" CONTENT="hvars"/><SP WIDTH="24" VPOS="356" HPOS="278"/>
							<String ID="string_38" HPOS="302" VPOS="354" WIDTH="55" HEIGHT="20" WC="0.96" CONTENT="enda"/><SP WIDTH="22" VPOS="354" HPOS="357"/>
							<String ID="string_39" HPOS="379" VPOS="353" WIDTH="89" HEIGHT="26" WC="0.95" CONTENT="tillgång"/><SP WIDTH="23" VPOS="353" HPOS="468"/>
							<String ID="string_40" HPOS="491" VPOS="352" WIDTH="23" HEIGHT="20" WC="0.94" CONTENT="af"/><SP WIDTH="13" VPOS="352" HPOS="514"/>
							<String ID="string_41" HPOS="527" VPOS="352" WIDTH="65" HEIGHT="26" WC="0.93" CONTENT="något"/><SP WIDTH="15" VPOS="352" HPOS="592"/>
							<String ID="string_42" HPOS="607" VPOS="353" WIDTH="133" HEIGHT="26" WC="0.92" CONTENT="ansenligare"/><SP WIDTH="17" VPOS="353" HPOS="740"/>
							<String ID="string_43" HPOS="757" VPOS="354" WIDTH="62" HEIGHT="20" WC="0.96" CONTENT="värde"/><SP WIDTH="20" VPOS="354" HPOS="819"/>
							<String ID="string_44" HPOS="839" VPOS="355" WIDTH="62" HEIGHT="21" WC="0.96" CONTENT="oftast"/>
						</TextLine>
						<TextLine ID="line_6" HPOS="148" VPOS="386" WIDTH="755" HEIGHT="31">
							<String ID="string_45" HPOS="148" VPOS="392" WIDTH="44" HEIGHT="25" WC="0.96" CONTENT="just"/><SP WIDTH="15" VPOS="392" HPOS="192"/>
							<String ID="string_46" HPOS="207" VPOS="390" WIDTH="74" HEIGHT="26" WC="0.96" CONTENT="sjelfva"/><SP WIDTH="13" VPOS="390" HPOS="281"/>
							<String ID="string_47" HPOS="294" VPOS="388" WIDTH="75" HEIGHT="26" WC="0.96" CONTENT="jorden"/><SP WIDTH="17" VPOS="388" HPOS="369"/>
							<String ID="string_48" HPOS="386" VPOS="390" WIDTH="28" HEIGHT="21" WC="0.92" CONTENT="är,"/><SP WIDTH="18" VPOS="390" HPOS="414"/>
							<String ID="string_49" HPOS="432" VPOS="386" WIDTH="140" HEIGHT="20" WC="0.91" CONTENT="öfverlemnar"/><SP WIDTH="16" VPOS="386" HPOS="572"/>
							<String ID="string_50" HPOS="588" VPOS="386" WIDTH="69" HEIGHT="20" WC="0.96" CONTENT="denna"/><SP WIDTH="12" VPOS="386" HPOS="657"/>
							<String ID="string_51" HPOS="669" VPOS="387" WIDTH="48" HEIGHT="25" WC="0.96" CONTENT="jord"/><SP WIDTH="16" VPOS="387" HPOS="717"/>
							<String ID="string_52" HPOS="733" VPOS="388" WIDTH="20" HEIGHT="19" WC="0.96" CONTENT="åt"/><SP WIDTH="17" VPOS="388" HPOS="753"/>
							<String ID="string_53" HPOS="770" VPOS="390" WIDTH="29" HEIGHT="18" WC="0.96" CONTENT="ett"/><SP WIDTH="15" VPOS="390" HPOS="799"/>
							<String ID="string_54" HPOS="814" VPOS="390" WIDTH="55" HEIGHT="19" WC="0.96" CONTENT="enda"/><SP WIDTH="12" VPOS="390" HPOS="869"/>
							<String ID="string_55" HPOS="881" VPOS="390" WIDTH="22" HEIGHT="19" WC="0.96" CONTENT="af"/>
						</TextLine>
						<TextLine ID="line_7" HPOS="153" VPOS="420" WIDTH="748" HEIGHT="28">
							<String ID="string_56" HPOS="153" VPOS="426" WIDTH="46" HEIGHT="18" WC="0.96" CONTENT="sina"/><SP WIDTH="15" VPOS="426" HPOS="199"/>
							<String ID="string_57" HPOS="214" VPOS="423" WIDTH="96" HEIGHT="20" WC="0.95" CONTENT="stundom"/><SP WIDTH="11" VPOS="423" HPOS="310"/>
							<String ID="string_58" HPOS="321" VPOS="428" WIDTH="41" HEIGHT="20" WC="0.96" CONTENT="nog"/><SP WIDTH="10" VPOS="428" HPOS="362"/>
							<String ID="string_59" HPOS="372" VPOS="421" WIDTH="76" HEIGHT="26" WC="0.96" CONTENT="många"/><SP WIDTH="10" VPOS="421" HPOS="448"/>
							<String ID="string_60" HPOS="458" VPOS="420" WIDTH="58" HEIGHT="26" WC="0.96" CONTENT="barn,"/><SP WIDTH="16" VPOS="420" HPOS="516"/>
							<String ID="string_61" HPOS="532" VPOS="420" WIDTH="87" HEIGHT="20" WC="0.96" CONTENT="hvarvid"/><SP WIDTH="18" VPOS="420" HPOS="619"/>
							<String ID="string_62" HPOS="637" VPOS="421" WIDTH="25" HEIGHT="19" WC="0.96" CONTENT="de"/><SP WIDTH="16" VPOS="421" HPOS="662"/>
							<String ID="string_63" HPOS="678" VPOS="421" WIDTH="67" HEIGHT="26" WC="0.96" CONTENT="öfriga"/><SP WIDTH="16" VPOS="421" HPOS="745"/>
							<String ID="string_64" HPOS="761" VPOS="422" WIDTH="78" HEIGHT="20" WC="0.92" CONTENT="barnen"/><SP WIDTH="17" VPOS="422" HPOS="839"/>
							<String ID="string_65" HPOS="856" VPOS="424" WIDTH="45" HEIGHT="18" WC="0.91" CONTENT="blif-"/>
						</TextLine>
						<TextLine ID="line_8" HPOS="154" VPOS="454" WIDTH="747" HEIGHT="28">
							<String ID="string_66" HPOS="154" VPOS="465" WIDTH="26" HEIGHT="13" WC="0.93" CONTENT="va"/><SP WIDTH="15" VPOS="465" HPOS="180"/>
							<String ID="string_67" HPOS="195" VPOS="456" WIDTH="141" HEIGHT="21" WC="0.91" CONTENT="förfördelade"/><SP WIDTH="16" VPOS="456" HPOS="336"/>
							<String ID="string_68" HPOS="352" VPOS="456" WIDTH="6" HEIGHT="18" WC="0.93" CONTENT="i"/><SP WIDTH="14" VPOS="456" HPOS="358"/>
							<String ID="string_69" HPOS="372" VPOS="454" WIDTH="121" HEIGHT="27" WC="0.92" CONTENT="jemförelse"/><SP WIDTH="17" VPOS="454" HPOS="493"/>
							<String ID="string_70" HPOS="510" VPOS="455" WIDTH="46" HEIGHT="19" WC="0.96" CONTENT="med"/><SP WIDTH="17" VPOS="455" HPOS="556"/>
							<String ID="string_71" HPOS="573" VPOS="454" WIDTH="42" HEIGHT="26" WC="0.96" CONTENT="det,"/><SP WIDTH="20" VPOS="454" HPOS="615"/>
							<String ID="string_72" HPOS="635" VPOS="461" WIDTH="43" HEIGHT="13" WC="0.96" CONTENT="som"/><SP WIDTH="21" VPOS="461" HPOS="678"/>
							<String ID="string_73" HPOS="699" VPOS="455" WIDTH="82" HEIGHT="20" WC="0.96" CONTENT="erhållit"/><SP WIDTH="16" VPOS="455" HPOS="781"/>
							<String ID="string_74" HPOS="797" VPOS="456" WIDTH="104" HEIGHT="26" WC="0.96" CONTENT="familjens"/>
						</TextLine>
						<TextLine ID="line_9" HPOS="152" VPOS="488" WIDTH="749" HEIGHT="30">
							<String ID="string_75" HPOS="152" VPOS="492" WIDTH="106" HEIGHT="26" WC="0.95" CONTENT="fastighet."/><SP WIDTH="31" VPOS="492" HPOS="258"/>
							<String ID="string_76" HPOS="289" VPOS="490" WIDTH="39" HEIGHT="20" WC="0.96" CONTENT="Om"/><SP WIDTH="28" VPOS="490" HPOS="328"/>
							<String ID="string_77" HPOS="356" VPOS="489" WIDTH="26" HEIGHT="20" WC="0.96" CONTENT="då"/><SP WIDTH="20" VPOS="489" HPOS="382"/>
							<String ID="string_78" HPOS="402" VPOS="489" WIDTH="80" HEIGHT="19" WC="0.96" CONTENT="händer"/><SP WIDTH="18" VPOS="489" HPOS="482"/>
							<String ID="string_79" HPOS="500" VPOS="491" WIDTH="29" HEIGHT="17" WC="0.96" CONTENT="att"/><SP WIDTH="21" VPOS="491" HPOS="529"/>
							<String ID="string_80" HPOS="550" VPOS="488" WIDTH="39" HEIGHT="20" WC="0.96" CONTENT="den"/><SP WIDTH="17" VPOS="488" HPOS="589"/>
							<String ID="string_81" HPOS="606" VPOS="489" WIDTH="26" HEIGHT="26" WC="0.96" CONTENT="på"/><SP WIDTH="17" VPOS="489" HPOS="632"/>
							<String ID="string_82" HPOS="649" VPOS="489" WIDTH="25" HEIGHT="19" WC="0.93" CONTENT="de"/><SP WIDTH="16" VPOS="489" HPOS="674"/>
							<String ID="string_83" HPOS="690" VPOS="489" WIDTH="78" HEIGHT="25" WC="0.91" CONTENT="öfriges"/><SP WIDTH="17" VPOS="489" HPOS="768"/>
							<String ID="string_84" HPOS="785" VPOS="490" WIDTH="116" HEIGHT="20" WC="0.96" CONTENT="bekostnad"/>
						</TextLine>
						<TextLine ID="line_10" HPOS="153" VPOS="522" WIDTH="750" HEIGHT="30">
							<String ID="string_85" HPOS="153" VPOS="526" WIDTH="99" HEIGHT="26" WC="0.95" CONTENT="gynnade"/><SP WIDTH="22" VPOS="526" HPOS="252"/>
							<String ID="string_86" HPOS="274" VPOS="525" WIDTH="100" HEIGHT="25" WC="0.95" CONTENT="antingen"/><SP WIDTH="20" VPOS="525" HPOS="374"/>
							<String ID="string_87" HPOS="394" VPOS="523" WIDTH="22" HEIGHT="19" WC="0.93" CONTENT="af"/><SP WIDTH="17" VPOS="523" HPOS="416"/>
							<String ID="string_88" HPOS="433" VPOS="522" WIDTH="161" HEIGHT="26" WC="0.92" CONTENT="oförmögenhet"/><SP WIDTH="18" VPOS="522" HPOS="594"/>
							<String ID="string_89" HPOS="612" VPOS="525" WIDTH="29" HEIGHT="17" WC="0.96" CONTENT="att"/><SP WIDTH="15" VPOS="525" HPOS="641"/>
							<String ID="string_90" HPOS="656" VPOS="523" WIDTH="35" HEIGHT="19" WC="0.96" CONTENT="sitt"/><SP WIDTH="13" VPOS="523" HPOS="691"/>
							<String ID="string_91" HPOS="704" VPOS="523" WIDTH="102" HEIGHT="25" WC="0.93" CONTENT="jordbruk"/><SP WIDTH="19" VPOS="523" HPOS="806"/>
							<String ID="string_92" HPOS="825" VPOS="525" WIDTH="78" HEIGHT="19" WC="0.91" CONTENT="förestå"/>
						</TextLine>
						<TextLine ID="line_11" HPOS="154" VPOS="556" WIDTH="747" HEIGHT="29">
							<String ID="string_93" HPOS="154" VPOS="560" WIDTH="51" HEIGHT="20" WC="0.96" CONTENT="eller"/><SP WIDTH="23" VPOS="560" HPOS="205"/>
							<String ID="string_94" HPOS="228" VPOS="559" WIDTH="22" HEIGHT="20" WC="0.95" CONTENT="af"/><SP WIDTH="21" VPOS="559" HPOS="250"/>
							<String ID="string_95" HPOS="271" VPOS="564" WIDTH="68" HEIGHT="15" WC="0.95" CONTENT="annan"/><SP WIDTH="25" VPOS="564" HPOS="339"/>
							<String ID="string_96" HPOS="364" VPOS="557" WIDTH="60" HEIGHT="20" WC="0.93" CONTENT="orsak"/><SP WIDTH="20" VPOS="557" HPOS="424"/>
							<String ID="string_97" HPOS="444" VPOS="557" WIDTH="59" HEIGHT="26" WC="0.92" CONTENT="afgår"/><SP WIDTH="17" VPOS="557" HPOS="503"/>
							<String ID="string_98" HPOS="520" VPOS="556" WIDTH="44" HEIGHT="20" WC="0.93" CONTENT="från"/><SP WIDTH="17" VPOS="556" HPOS="564"/>
							<String ID="string_99" HPOS="581" VPOS="557" WIDTH="130" HEIGHT="20" WC="0.91" CONTENT="hemmanets"/><SP WIDTH="19" VPOS="557" HPOS="711"/>
							<String ID="string_100" HPOS="730" VPOS="558" WIDTH="135" HEIGHT="27" WC="0.95" CONTENT="förvaltning,"/><SP WIDTH="16" VPOS="558" HPOS="865"/>
							<String ID="string_101" HPOS="881" VPOS="559" WIDTH="20" HEIGHT="20" WC="0.96" CONTENT="så"/>
						</TextLine>
						<TextLine ID="line_12" HPOS="154" VPOS="591" WIDTH="749" HEIGHT="29">
							<String ID="string_102" HPOS="154" VPOS="600" WIDTH="62" HEIGHT="20" WC="0.96" CONTENT="synes"/><SP WIDTH="16" VPOS="600" HPOS="216"/>
							<String ID="string_103" HPOS="232" VPOS="593" WIDTH="36" HEIGHT="20" WC="0.96" CONTENT="det"/><SP WIDTH="16" VPOS="593" HPOS="268"/>
							<String ID="string_104" HPOS="284" VPOS="593" WIDTH="46" HEIGHT="19" WC="0.96" CONTENT="med"/><SP WIDTH="16" VPOS="593" HPOS="330"/>
							<String ID="string_105" HPOS="346" VPOS="592" WIDTH="86" HEIGHT="19" WC="0.95" CONTENT="rättvisa"/><SP WIDTH="16" VPOS="592" HPOS="432"/>
							<String ID="string_106" HPOS="448" VPOS="591" WIDTH="38" HEIGHT="19" WC="0.93" CONTENT="och"/><SP WIDTH="20" VPOS="591" HPOS="486"/>
							<String ID="string_107" HPOS="506" VPOS="591" WIDTH="96" HEIGHT="26" WC="0.91" CONTENT="billighet"/><SP WIDTH="20" VPOS="591" HPOS="602"/>
							<String ID="string_108" HPOS="622" VPOS="591" WIDTH="236" HEIGHT="27" WC="0.92" CONTENT="öfverensstämmande,"/><SP WIDTH="16" VPOS="591" HPOS="858"/>
							<String ID="string_109" HPOS="874" VPOS="596" WIDTH="29" HEIGHT="17" WC="0.96" CONTENT="att"/>
						</TextLine>
						<TextLine ID="line_13" HPOS="155" VPOS="625" WIDTH="748" HEIGHT="29">
							<String ID="string_110" HPOS="155" VPOS="628" WIDTH="129" HEIGHT="20" WC="0.91" CONTENT="afträdarens"/><SP WIDTH="16" VPOS="628" HPOS="284"/>
							<String ID="string_111" HPOS="300" VPOS="626" WIDTH="85" HEIGHT="26" WC="0.96" CONTENT="syskon,"/><SP WIDTH="17" VPOS="626" HPOS="385"/>
							<String ID="string_112" HPOS="402" VPOS="632" WIDTH="32" HEIGHT="12" WC="0.97" CONTENT="om"/><SP WIDTH="18" VPOS="632" HPOS="434"/>
							<String ID="string_113" HPOS="452" VPOS="625" WIDTH="69" HEIGHT="26" WC="0.96" CONTENT="någon"/><SP WIDTH="17" VPOS="625" HPOS="521"/>
							<String ID="string_114" HPOS="538" VPOS="625" WIDTH="22" HEIGHT="19" WC="0.96" CONTENT="af"/><SP WIDTH="14" VPOS="625" HPOS="560"/>
							<String ID="string_115" HPOS="574" VPOS="625" WIDTH="47" HEIGHT="19" WC="0.96" CONTENT="dem"/><SP WIDTH="16" VPOS="625" HPOS="621"/>
							<String ID="string_116" HPOS="637" VPOS="628" WIDTH="23" HEIGHT="16" WC="0.93" CONTENT="är"/><SP WIDTH="16" VPOS="628" HPOS="660"/>
							<String ID="string_117" HPOS="676" VPOS="625" WIDTH="68" HEIGHT="20" WC="0.91" CONTENT="dertill"/><SP WIDTH="17" VPOS="625" HPOS="744"/>
							<String ID="string_118" HPOS="761" VPOS="626" WIDTH="70" HEIGHT="26" WC="0.96" CONTENT="fallen,"/><SP WIDTH="17" VPOS="626" HPOS="831"/>
							<String ID="string_119" HPOS="848" VPOS="628" WIDTH="55" HEIGHT="26" WC="0.95" CONTENT="finge"/>
						</TextLine>
						<TextLine ID="line_14" HPOS="156" VPOS="659" WIDTH="747" HEIGHT="26">
							<String ID="string_120" HPOS="156" VPOS="664" WIDTH="56" HEIGHT="18" WC="0.96" CONTENT="emot"/><SP WIDTH="15" VPOS="664" HPOS="212"/>
							<String ID="string_121" HPOS="227" VPOS="667" WIDTH="79" HEIGHT="13" WC="0.95" CONTENT="samma"/><SP WIDTH="16" VPOS="667" HPOS="306"/>
							<String ID="string_122" HPOS="322" VPOS="660" WIDTH="68" HEIGHT="19" WC="0.95" CONTENT="vilkor"/><SP WIDTH="16" VPOS="660" HPOS="390"/>
							<String ID="string_123" HPOS="406" VPOS="666" WIDTH="42" HEIGHT="12" WC="0.95" CONTENT="som"/><SP WIDTH="18" VPOS="666" HPOS="448"/>
							<String ID="string_124" HPOS="466" VPOS="666" WIDTH="25" HEIGHT="12" WC="0.93" CONTENT="en"/><SP WIDTH="17" VPOS="666" HPOS="491"/>
							<String ID="string_125" HPOS="508" VPOS="659" WIDTH="130" HEIGHT="19" WC="0.90" CONTENT="fremmande"/><SP WIDTH="16" VPOS="659" HPOS="638"/>
							<String ID="string_126" HPOS="654" VPOS="666" WIDTH="74" HEIGHT="19" WC="0.96" CONTENT="person"/><SP WIDTH="18" VPOS="666" HPOS="728"/>
							<String ID="string_127" HPOS="746" VPOS="660" WIDTH="85" HEIGHT="21" WC="0.96" CONTENT="komma"/><SP WIDTH="15" VPOS="660" HPOS="831"/>
							<String ID="string_128" HPOS="846" VPOS="662" WIDTH="6" HEIGHT="19" WC="0.93" CONTENT="i"/><SP WIDTH="17" VPOS="662" HPOS="852"/>
							<String ID="string_129" HPOS="869" VPOS="662" WIDTH="34" HEIGHT="20" WC="0.90" CONTENT="be-"/>
						</TextLine>
						<TextLine ID="line_15" HPOS="155" VPOS="693" WIDTH="748" HEIGHT="28">
							<String ID="string_130" HPOS="155" VPOS="696" WIDTH="87" HEIGHT="25" WC="0.93" CONTENT="sittning"/><SP WIDTH="23" VPOS="696" HPOS="242"/>
							<String ID="string_131" HPOS="265" VPOS="696" WIDTH="22" HEIGHT="18" WC="0.96" CONTENT="af"/><SP WIDTH="21" VPOS="696" HPOS="287"/>
							<String ID="string_132" HPOS="308" VPOS="694" WIDTH="41" HEIGHT="20" WC="0.96" CONTENT="den"/><SP WIDTH="23" VPOS="694" HPOS="349"/>
							<String ID="string_133" HPOS="372" VPOS="693" WIDTH="60" HEIGHT="19" WC="0.90" CONTENT="ärfda"/><SP WIDTH="20" VPOS="693" HPOS="432"/>
							<String ID="string_134" HPOS="452" VPOS="693" WIDTH="82" HEIGHT="25" WC="0.96" CONTENT="jorden,"/><SP WIDTH="20" VPOS="693" HPOS="534"/>
							<String ID="string_135" HPOS="554" VPOS="693" WIDTH="26" HEIGHT="19" WC="0.95" CONTENT="då"/><SP WIDTH="20" VPOS="693" HPOS="580"/>
							<String ID="string_136" HPOS="600" VPOS="693" WIDTH="6" HEIGHT="19" WC="0.95" CONTENT="i"/><SP WIDTH="21" VPOS="693" HPOS="606"/>
							<String ID="string_137" HPOS="627" VPOS="694" WIDTH="74" HEIGHT="24" WC="0.96" CONTENT="sjelfva"/><SP WIDTH="16" VPOS="694" HPOS="701"/>
							<String ID="string_138" HPOS="717" VPOS="694" WIDTH="94" HEIGHT="20" WC="0.96" CONTENT="verket"/><SP WIDTH="-6" VPOS="694" HPOS="811"/>
							<String ID="string_139" HPOS="805" VPOS="689" WIDTH="13" HEIGHT="33" WC="0.96" CONTENT="i"/><SP WIDTH="13" VPOS="689" HPOS="818"/>
							<String ID="string_140" HPOS="831" VPOS="696" WIDTH="72" HEIGHT="19" WC="0.96" CONTENT="sådant"/>
						</TextLine>
						<TextLine ID="line_16" HPOS="156" VPOS="726" WIDTH="748" HEIGHT="26">
							<String ID="string_141" HPOS="156" VPOS="729" WIDTH="35" HEIGHT="20" WC="0.96" CONTENT="fall"/><SP WIDTH="17" VPOS="729" HPOS="191"/>
							<String ID="string_142" HPOS="208" VPOS="729" WIDTH="39" HEIGHT="19" WC="0.93" CONTENT="den"/><SP WIDTH="17" VPOS="729" HPOS="247"/>
							<String ID="string_143" HPOS="264" VPOS="729" WIDTH="110" HEIGHT="19" WC="0.92" CONTENT="förutsatta"/><SP WIDTH="15" VPOS="729" HPOS="374"/>
							<String ID="string_144" HPOS="389" VPOS="726" WIDTH="74" HEIGHT="20" WC="0.96" CONTENT="kärlek"/><SP WIDTH="17" VPOS="726" HPOS="463"/>
							<String ID="string_145" HPOS="480" VPOS="727" WIDTH="31" HEIGHT="19" WC="0.93" CONTENT="för"/><SP WIDTH="16" VPOS="727" HPOS="511"/>
							<String ID="string_146" HPOS="527" VPOS="726" WIDTH="168" HEIGHT="26" WC="0.90" CONTENT="fädernejorden,"/><SP WIDTH="20" VPOS="726" HPOS="695"/>
							<String ID="string_147" HPOS="715" VPOS="734" WIDTH="43" HEIGHT="13" WC="0.96" CONTENT="som"/><SP WIDTH="20" VPOS="734" HPOS="758"/>
							<String ID="string_148" HPOS="778" VPOS="729" WIDTH="79" HEIGHT="20" WC="0.93" CONTENT="anförts"/><SP WIDTH="16" VPOS="729" HPOS="857"/>
							<String ID="string_149" HPOS="873" VPOS="730" WIDTH="31" HEIGHT="19" WC="0.92" CONTENT="sä-"/>
						</TextLine>
						<TextLine ID="line_17" HPOS="156" VPOS="760" WIDTH="750" HEIGHT="29">
							<String ID="string_150" HPOS="156" VPOS="770" WIDTH="43" HEIGHT="13" WC="0.95" CONTENT="som"/><SP WIDTH="24" VPOS="770" HPOS="199"/>
							<String ID="string_151" HPOS="223" VPOS="762" WIDTH="45" HEIGHT="20" WC="0.96" CONTENT="skäl"/><SP WIDTH="23" VPOS="762" HPOS="268"/>
							<String ID="string_152" HPOS="291" VPOS="762" WIDTH="31" HEIGHT="19" WC="0.93" CONTENT="för"/><SP WIDTH="20" VPOS="762" HPOS="322"/>
							<String ID="string_153" HPOS="342" VPOS="761" WIDTH="142" HEIGHT="19" WC="0.86" CONTENT="bördsrättens"/><SP WIDTH="17" VPOS="761" HPOS="484"/>
							<String ID="string_154" HPOS="501" VPOS="760" WIDTH="128" HEIGHT="20" WC="0.96" CONTENT="fortfarande"/><SP WIDTH="17" VPOS="760" HPOS="629"/>
							<String ID="string_155" HPOS="646" VPOS="761" WIDTH="125" HEIGHT="27" WC="0.95" CONTENT="bevarande,"/><SP WIDTH="20" VPOS="761" HPOS="771"/>
							<String ID="string_156" HPOS="791" VPOS="763" WIDTH="115" HEIGHT="26" WC="0.92" CONTENT="ingalunda"/>
						</TextLine>
						<TextLine ID="line_18" HPOS="157" VPOS="794" WIDTH="748" HEIGHT="30">
							<String ID="string_157" HPOS="157" VPOS="797" WIDTH="64" HEIGHT="20" WC="0.93" CONTENT="borde"/><SP WIDTH="17" VPOS="797" HPOS="221"/>
							<String ID="string_158" HPOS="238" VPOS="796" WIDTH="111" HEIGHT="20" WC="0.92" CONTENT="förefinnas"/><SP WIDTH="19" VPOS="796" HPOS="349"/>
							<String ID="string_159" HPOS="368" VPOS="796" WIDTH="2" HEIGHT="18" WC="0.96" CONTENT="i"/><SP WIDTH="18" VPOS="796" HPOS="370"/>
							<String ID="string_160" HPOS="388" VPOS="794" WIDTH="80" HEIGHT="20" WC="0.96" CONTENT="mindre"/><SP WIDTH="16" VPOS="794" HPOS="468"/>
							<String ID="string_161" HPOS="484" VPOS="794" WIDTH="51" HEIGHT="26" WC="0.96" CONTENT="grad"/><SP WIDTH="17" VPOS="794" HPOS="535"/>
							<String ID="string_162" HPOS="552" VPOS="795" WIDTH="55" HEIGHT="19" WC="0.93" CONTENT="inom"/><SP WIDTH="13" VPOS="795" HPOS="607"/>
							<String ID="string_163" HPOS="620" VPOS="795" WIDTH="136" HEIGHT="21" WC="0.92" CONTENT="nästberörda"/><SP WIDTH="13" VPOS="795" HPOS="756"/>
							<String ID="string_164" HPOS="769" VPOS="797" WIDTH="136" HEIGHT="27" WC="0.91" CONTENT="skyldskaps-"/>
						</TextLine>
						<TextLine ID="line_19" HPOS="157" VPOS="828" WIDTH="749" HEIGHT="28">
							<String ID="string_165" HPOS="157" VPOS="832" WIDTH="33" HEIGHT="19" WC="0.96" CONTENT="led"/><SP WIDTH="24" VPOS="832" HPOS="190"/>
							<String ID="string_166" HPOS="214" VPOS="834" WIDTH="26" HEIGHT="16" WC="0.94" CONTENT="än"/><SP WIDTH="23" VPOS="834" HPOS="240"/>
							<String ID="string_167" HPOS="263" VPOS="831" WIDTH="56" HEIGHT="19" WC="0.96" CONTENT="inom"/><SP WIDTH="25" VPOS="831" HPOS="319"/>
							<String ID="string_168" HPOS="344" VPOS="830" WIDTH="53" HEIGHT="24" WC="0.93" CONTENT="dem,"/><SP WIDTH="24" VPOS="830" HPOS="397"/>
							<String ID="string_169" HPOS="421" VPOS="828" WIDTH="73" HEIGHT="20" WC="0.91" CONTENT="hvilka"/><SP WIDTH="23" VPOS="828" HPOS="494"/>
							<String ID="string_170" HPOS="517" VPOS="828" WIDTH="39" HEIGHT="20" WC="0.93" CONTENT="den"/><SP WIDTH="20" VPOS="828" HPOS="556"/>
							<String ID="string_171" HPOS="576" VPOS="829" WIDTH="82" HEIGHT="26" WC="0.92" CONTENT="Nädiga"/><SP WIDTH="17" VPOS="829" HPOS="658"/>
							<String ID="string_172" HPOS="675" VPOS="831" WIDTH="156" HEIGHT="25" WC="0.96" CONTENT="propositionen"/><SP WIDTH="20" VPOS="831" HPOS="831"/>
							<String ID="string_173" HPOS="851" VPOS="832" WIDTH="55" HEIGHT="19" WC="0.96" CONTENT="velat"/>
						</TextLine>
						<TextLine ID="line_20" HPOS="157" VPOS="862" WIDTH="750" HEIGHT="27">
							<String ID="string_174" HPOS="157" VPOS="866" WIDTH="63" HEIGHT="19" WC="0.95" CONTENT="hafva"/><SP WIDTH="23" VPOS="866" HPOS="220"/>
							<String ID="string_175" HPOS="243" VPOS="864" WIDTH="34" HEIGHT="20" WC="0.93" CONTENT="vid"/><SP WIDTH="20" VPOS="864" HPOS="277"/>
							<String ID="string_176" HPOS="297" VPOS="863" WIDTH="122" HEIGHT="26" WC="0.95" CONTENT="åtnjutande"/><SP WIDTH="21" VPOS="863" HPOS="419"/>
							<String ID="string_177" HPOS="440" VPOS="863" WIDTH="22" HEIGHT="19" WC="0.93" CONTENT="af"/><SP WIDTH="18" VPOS="863" HPOS="462"/>
							<String ID="string_178" HPOS="480" VPOS="862" WIDTH="105" HEIGHT="20" WC="0.73" CONTENT="bördsräit"/><SP WIDTH="16" VPOS="862" HPOS="585"/>
							<String ID="string_179" HPOS="601" VPOS="862" WIDTH="126" HEIGHT="21" WC="0.89" CONTENT="bibehällne."/><SP WIDTH="30" VPOS="862" HPOS="727"/>
							<String ID="string_180" HPOS="757" VPOS="864" WIDTH="74" HEIGHT="20" WC="0.93" CONTENT="Härtill"/><SP WIDTH="17" VPOS="864" HPOS="831"/>
							<String ID="string_181" HPOS="848" VPOS="868" WIDTH="59" HEIGHT="17" WC="0.91" CONTENT="kom-"/>
						</TextLine>
						<TextLine ID="line_21" HPOS="159" VPOS="896" WIDTH="748" HEIGHT="28">
							<String ID="string_182" HPOS="159" VPOS="905" WIDTH="42" HEIGHT="14" WC="0.95" CONTENT="mer"/><SP WIDTH="23" VPOS="905" HPOS="201"/>
							<String ID="string_183" HPOS="224" VPOS="901" WIDTH="30" HEIGHT="16" WC="0.93" CONTENT="att"/><SP WIDTH="21" VPOS="901" HPOS="254"/>
							<String ID="string_184" HPOS="275" VPOS="897" WIDTH="130" HEIGHT="20" WC="0.91" CONTENT="bördsrätten"/><SP WIDTH="21" VPOS="897" HPOS="405"/>
							<String ID="string_185" HPOS="426" VPOS="896" WIDTH="47" HEIGHT="20" WC="0.96" CONTENT="med"/><SP WIDTH="17" VPOS="896" HPOS="473"/>
							<String ID="string_186" HPOS="490" VPOS="896" WIDTH="40" HEIGHT="19" WC="0.93" CONTENT="den"/><SP WIDTH="18" VPOS="896" HPOS="530"/>
							<String ID="string_187" HPOS="548" VPOS="896" WIDTH="141" HEIGHT="27" WC="0.89" CONTENT="begränsning"/><SP WIDTH="16" VPOS="896" HPOS="689"/>
							<String ID="string_188" HPOS="705" VPOS="897" WIDTH="39" HEIGHT="20" WC="0.93" CONTENT="den"/><SP WIDTH="17" VPOS="897" HPOS="744"/>
							<String ID="string_189" HPOS="761" VPOS="898" WIDTH="82" HEIGHT="26" WC="0.92" CONTENT="Nädiga"/><SP WIDTH="18" VPOS="898" HPOS="843"/>
							<String ID="string_190" HPOS="861" VPOS="905" WIDTH="46" HEIGHT="19" WC="0.92" CONTENT="pro-"/>
						</TextLine>
						<TextLine ID="line_22" HPOS="158" VPOS="930" WIDTH="750" HEIGHT="29">
							<String ID="string_191" HPOS="158" VPOS="932" WIDTH="118" HEIGHT="27" WC="0.92" CONTENT="positionen"/><SP WIDTH="24" VPOS="932" HPOS="276"/>
							<String ID="string_192" HPOS="300" VPOS="931" WIDTH="108" HEIGHT="26" WC="0.92" CONTENT="föreslagit"/><SP WIDTH="24" VPOS="931" HPOS="408"/>
							<String ID="string_193" HPOS="432" VPOS="930" WIDTH="62" HEIGHT="19" WC="0.92" CONTENT="oftast"/><SP WIDTH="16" VPOS="930" HPOS="494"/>
							<String ID="string_194" HPOS="510" VPOS="930" WIDTH="83" HEIGHT="20" WC="0.92" CONTENT="komme"/><SP WIDTH="16" VPOS="930" HPOS="593"/>
							<String ID="string_195" HPOS="609" VPOS="933" WIDTH="30" HEIGHT="17" WC="0.93" CONTENT="att"/><SP WIDTH="15" VPOS="933" HPOS="639"/>
							<String ID="string_196" HPOS="654" VPOS="931" WIDTH="66" HEIGHT="19" WC="0.92" CONTENT="sakna"/><SP WIDTH="16" VPOS="931" HPOS="720"/>
							<String ID="string_197" HPOS="736" VPOS="931" WIDTH="93" HEIGHT="26" WC="0.91" CONTENT="praktisk"/><SP WIDTH="21" VPOS="931" HPOS="829"/>
							<String ID="string_198" HPOS="850" VPOS="933" WIDTH="58" HEIGHT="26" WC="0.92" CONTENT="bety-"/>
						</TextLine>
						<TextLine ID="line_23" HPOS="159" VPOS="964" WIDTH="748" HEIGHT="27">
							<String ID="string_199" HPOS="159" VPOS="966" WIDTH="64" HEIGHT="25" WC="0.92" CONTENT="delse,"/><SP WIDTH="23" VPOS="966" HPOS="223"/>
							<String ID="string_200" HPOS="246" VPOS="966" WIDTH="45" HEIGHT="25" WC="0.91" CONTENT="ithy"/><SP WIDTH="19" VPOS="966" HPOS="291"/>
							<String ID="string_201" HPOS="310" VPOS="967" WIDTH="30" HEIGHT="17" WC="0.93" CONTENT="att"/><SP WIDTH="19" VPOS="967" HPOS="340"/>
							<String ID="string_202" HPOS="359" VPOS="964" WIDTH="102" HEIGHT="19" WC="0.92" CONTENT="föräldrar"/><SP WIDTH="20" VPOS="964" HPOS="461"/>
							<String ID="string_203" HPOS="481" VPOS="964" WIDTH="33" HEIGHT="19" WC="0.96" CONTENT="vid"/><SP WIDTH="18" VPOS="964" HPOS="514"/>
							<String ID="string_204" HPOS="532" VPOS="964" WIDTH="63" HEIGHT="25" WC="0.96" CONTENT="tiden,"/><SP WIDTH="18" VPOS="964" HPOS="595"/>
							<String ID="string_205" HPOS="613" VPOS="964" WIDTH="26" HEIGHT="19" WC="0.88" CONTENT="dä"/><SP WIDTH="15" VPOS="964" HPOS="639"/>
							<String ID="string_206" HPOS="654" VPOS="965" WIDTH="25" HEIGHT="19" WC="0.96" CONTENT="de"/><SP WIDTH="18" VPOS="965" HPOS="679"/>
							<String ID="string_207" HPOS="697" VPOS="965" WIDTH="68" HEIGHT="20" WC="0.93" CONTENT="kunde"/><SP WIDTH="16" VPOS="965" HPOS="765"/>
							<String ID="string_208" HPOS="781" VPOS="966" WIDTH="59" HEIGHT="19" WC="0.89" CONTENT="träda"/><SP WIDTH="16" VPOS="966" HPOS="840"/>
							<String ID="string_209" HPOS="856" VPOS="967" WIDTH="5" HEIGHT="18" WC="0.93" CONTENT="i"/><SP WIDTH="17" VPOS="967" HPOS="861"/>
							<String ID="string_210" HPOS="878" VPOS="969" WIDTH="29" HEIGHT="16" WC="0.91" CONTENT="ut-"/>
						</TextLine>
						<TextLine ID="line_24" HPOS="159" VPOS="998" WIDTH="748" HEIGHT="28">
							<String ID="string_211" HPOS="159" VPOS="1001" WIDTH="73" HEIGHT="25" WC="0.90" CONTENT="öfning"/><SP WIDTH="16" VPOS="1001" HPOS="232"/>
							<String ID="string_212" HPOS="248" VPOS="999" WIDTH="22" HEIGHT="20" WC="0.96" CONTENT="af"/><SP WIDTH="14" VPOS="999" HPOS="270"/>
							<String ID="string_213" HPOS="284" VPOS="999" WIDTH="31" HEIGHT="19" WC="0.93" CONTENT="sin"/><SP WIDTH="18" VPOS="999" HPOS="315"/>
							<String ID="string_214" HPOS="333" VPOS="999" WIDTH="110" HEIGHT="25" WC="0.92" CONTENT="bördsrätt,"/><SP WIDTH="17" VPOS="999" HPOS="443"/>
							<String ID="string_215" HPOS="460" VPOS="998" WIDTH="97" HEIGHT="26" WC="0.93" CONTENT="vanligen"/><SP WIDTH="18" VPOS="998" HPOS="557"/>
							<String ID="string_216" HPOS="575" VPOS="1001" WIDTH="35" HEIGHT="16" WC="0.93" CONTENT="äro"/><SP WIDTH="17" VPOS="1001" HPOS="610"/>
							<String ID="string_217" HPOS="627" VPOS="998" WIDTH="140" HEIGHT="20" WC="0.93" CONTENT="urständsatte"/><SP WIDTH="15" VPOS="998" HPOS="767"/>
							<String ID="string_218" HPOS="782" VPOS="1001" WIDTH="29" HEIGHT="17" WC="0.92" CONTENT="att"/><SP WIDTH="12" VPOS="1001" HPOS="811"/>
							<String ID="string_219" HPOS="823" VPOS="1000" WIDTH="84" HEIGHT="19" WC="0.90" CONTENT="omhän-"/>
						</TextLine>
						<TextLine ID="line_25" HPOS="160" VPOS="1032" WIDTH="748" HEIGHT="28">
							<String ID="string_220" HPOS="160" VPOS="1035" WIDTH="87" HEIGHT="25" WC="0.91" CONTENT="dertaga"/><SP WIDTH="15" VPOS="1035" HPOS="247"/>
							<String ID="string_221" HPOS="262" VPOS="1033" WIDTH="128" HEIGHT="25" WC="0.96" CONTENT="förvaltning"/><SP WIDTH="16" VPOS="1033" HPOS="390"/>
							<String ID="string_222" HPOS="406" VPOS="1032" WIDTH="22" HEIGHT="20" WC="0.93" CONTENT="af"/><SP WIDTH="11" VPOS="1032" HPOS="428"/>
							<String ID="string_223" HPOS="439" VPOS="1032" WIDTH="150" HEIGHT="26" WC="0.92" CONTENT="jordlägenhet"/><SP WIDTH="15" VPOS="1032" HPOS="589"/>
							<String ID="string_224" HPOS="604" VPOS="1032" WIDTH="39" HEIGHT="19" WC="0.93" CONTENT="och"/><SP WIDTH="21" VPOS="1032" HPOS="643"/>
							<String ID="string_225" HPOS="664" VPOS="1032" WIDTH="78" HEIGHT="19" WC="0.91" CONTENT="barnen"/><SP WIDTH="17" VPOS="1032" HPOS="742"/>
							<String ID="string_226" HPOS="759" VPOS="1033" WIDTH="44" HEIGHT="19" WC="0.92" CONTENT="äter"/><SP WIDTH="19" VPOS="1033" HPOS="803"/>
							<String ID="string_227" HPOS="822" VPOS="1036" WIDTH="35" HEIGHT="17" WC="0.92" CONTENT="äro"/><SP WIDTH="16" VPOS="1036" HPOS="857"/>
							<String ID="string_228" HPOS="873" VPOS="1040" WIDTH="35" HEIGHT="13" WC="0.91" CONTENT="an-"/>
						</TextLine>
						<TextLine ID="line_26" HPOS="160" VPOS="1066" WIDTH="751" HEIGHT="29">
							<String ID="string_229" HPOS="160" VPOS="1069" WIDTH="71" HEIGHT="26" WC="0.93" CONTENT="tingen"/><SP WIDTH="25" VPOS="1069" HPOS="231"/>
							<String ID="string_230" HPOS="256" VPOS="1067" WIDTH="114" HEIGHT="26" WC="0.92" CONTENT="omyndige"/><SP WIDTH="24" VPOS="1067" HPOS="370"/>
							<String ID="string_231" HPOS="394" VPOS="1067" WIDTH="52" HEIGHT="19" WC="0.93" CONTENT="eller"/><SP WIDTH="22" VPOS="1067" HPOS="446"/>
							<String ID="string_232" HPOS="468" VPOS="1066" WIDTH="62" HEIGHT="26" WC="0.93" CONTENT="eljest"/><SP WIDTH="15" VPOS="1066" HPOS="530"/>
							<String ID="string_233" HPOS="545" VPOS="1066" WIDTH="124" HEIGHT="26" WC="0.92" CONTENT="oförmögne"/><SP WIDTH="16" VPOS="1066" HPOS="669"/>
							<String ID="string_234" HPOS="685" VPOS="1067" WIDTH="75" HEIGHT="19" WC="0.84" CONTENT="dertill."/><SP WIDTH="33" VPOS="1067" HPOS="760"/>
							<String ID="string_235" HPOS="793" VPOS="1067" WIDTH="118" HEIGHT="20" WC="0.84" CONTENT="Ständerna"/>
						</TextLine>
						<TextLine ID="line_27" HPOS="161" VPOS="1100" WIDTH="749" HEIGHT="26">
							<String ID="string_236" HPOS="161" VPOS="1103" WIDTH="55" HEIGHT="20" WC="0.96" CONTENT="hålla"/><SP WIDTH="15" VPOS="1103" HPOS="216"/>
							<String ID="string_237" HPOS="231" VPOS="1101" WIDTH="61" HEIGHT="20" WC="0.96" CONTENT="alltså"/><SP WIDTH="15" VPOS="1101" HPOS="292"/>
							<String ID="string_238" HPOS="307" VPOS="1101" WIDTH="51" HEIGHT="25" WC="0.96" CONTENT="före,"/><SP WIDTH="16" VPOS="1101" HPOS="358"/>
							<String ID="string_239" HPOS="374" VPOS="1103" WIDTH="30" HEIGHT="17" WC="0.96" CONTENT="att"/><SP WIDTH="16" VPOS="1103" HPOS="404"/>
							<String ID="string_240" HPOS="420" VPOS="1107" WIDTH="62" HEIGHT="13" WC="0.96" CONTENT="mom."/><SP WIDTH="19" VPOS="1107" HPOS="482"/>
							<String ID="string_241" HPOS="501" VPOS="1101" WIDTH="8" HEIGHT="18" WC="0.93" CONTENT="1"/><SP WIDTH="19" VPOS="1101" HPOS="509"/>
							<String ID="string_242" HPOS="528" VPOS="1100" WIDTH="28" HEIGHT="19" WC="0.95" CONTENT="uti"/><SP WIDTH="17" VPOS="1100" HPOS="556"/>
							<String ID="string_243" HPOS="573" VPOS="1100" WIDTH="135" HEIGHT="26" WC="0.96" CONTENT="lagförslaget"/><SP WIDTH="12" VPOS="1100" HPOS="708"/>
							<String ID="string_244" HPOS="720" VPOS="1100" WIDTH="63" HEIGHT="21" WC="0.92" CONTENT="borde"/><SP WIDTH="11" VPOS="1100" HPOS="783"/>
							<String ID="string_245" HPOS="794" VPOS="1101" WIDTH="5" HEIGHT="18" WC="0.95" CONTENT="i"/><SP WIDTH="13" VPOS="1101" HPOS="799"/>
							<String ID="string_246" HPOS="812" VPOS="1101" WIDTH="23" HEIGHT="19" WC="0.93" CONTENT="sä"/><SP WIDTH="12" VPOS="1101" HPOS="835"/>
							<String ID="string_247" HPOS="847" VPOS="1101" WIDTH="63" HEIGHT="20" WC="0.96" CONTENT="måtto"/>
						</TextLine>
						<TextLine ID="line_28" HPOS="162" VPOS="1134" WIDTH="747" HEIGHT="28">
							<String ID="string_248" HPOS="162" VPOS="1136" WIDTH="94" HEIGHT="26" WC="0.95" CONTENT="undergå"/><SP WIDTH="22" VPOS="1136" HPOS="256"/>
							<String ID="string_249" HPOS="278" VPOS="1135" WIDTH="123" HEIGHT="26" WC="0.95" CONTENT="förändring"/><SP WIDTH="22" VPOS="1135" HPOS="401"/>
							<String ID="string_250" HPOS="423" VPOS="1138" WIDTH="31" HEIGHT="16" WC="0.95" CONTENT="att"/><SP WIDTH="23" VPOS="1138" HPOS="454"/>
							<String ID="string_251" HPOS="477" VPOS="1134" WIDTH="130" HEIGHT="20" WC="0.91" CONTENT="bördsrätten"/><SP WIDTH="19" VPOS="1134" HPOS="607"/>
							<String ID="string_252" HPOS="626" VPOS="1134" WIDTH="68" HEIGHT="19" WC="0.92" CONTENT="blefve"/><SP WIDTH="17" VPOS="1134" HPOS="694"/>
							<String ID="string_253" HPOS="711" VPOS="1134" WIDTH="118" HEIGHT="20" WC="0.96" CONTENT="bibehållen"/><SP WIDTH="20" VPOS="1134" HPOS="829"/>
							<String ID="string_254" HPOS="849" VPOS="1135" WIDTH="60" HEIGHT="20" WC="0.96" CONTENT="äfven"/>
						</TextLine>
						<TextLine ID="line_29" HPOS="160" VPOS="1168" WIDTH="750" HEIGHT="28">
							<String ID="string_255" HPOS="160" VPOS="1172" WIDTH="32" HEIGHT="19" WC="0.95" CONTENT="för"/><SP WIDTH="24" VPOS="1172" HPOS="192"/>
							<String ID="string_256" HPOS="216" VPOS="1170" WIDTH="100" HEIGHT="26" WC="0.92" CONTENT="säljarens"/><SP WIDTH="24" VPOS="1170" HPOS="316"/>
							<String ID="string_257" HPOS="340" VPOS="1169" WIDTH="78" HEIGHT="25" WC="0.92" CONTENT="syskou"/><SP WIDTH="24" VPOS="1169" HPOS="418"/>
							<String ID="string_258" HPOS="442" VPOS="1169" WIDTH="38" HEIGHT="19" WC="0.96" CONTENT="och"/><SP WIDTH="24" VPOS="1169" HPOS="480"/>
							<String ID="string_259" HPOS="504" VPOS="1170" WIDTH="30" HEIGHT="17" WC="0.94" CONTENT="att"/><SP WIDTH="16" VPOS="1170" HPOS="534"/>
							<String ID="string_260" HPOS="550" VPOS="1169" WIDTH="5" HEIGHT="18" WC="0.94" CONTENT="i"/><SP WIDTH="17" VPOS="1169" HPOS="555"/>
							<String ID="string_261" HPOS="572" VPOS="1168" WIDTH="95" HEIGHT="26" WC="0.96" CONTENT="enlighet"/><SP WIDTH="22" VPOS="1168" HPOS="667"/>
							<String ID="string_262" HPOS="689" VPOS="1168" WIDTH="85" HEIGHT="19" WC="0.96" CONTENT="dermed"/><SP WIDTH="21" VPOS="1168" HPOS="774"/>
							<String ID="string_263" HPOS="795" VPOS="1169" WIDTH="29" HEIGHT="18" WC="0.95" CONTENT="till"/><SP WIDTH="23" VPOS="1169" HPOS="824"/>
							<String ID="string_264" HPOS="847" VPOS="1170" WIDTH="7" HEIGHT="18" WC="0.89" CONTENT="1"/><SP WIDTH="19" VPOS="1170" HPOS="854"/>
							<String ID="string_265" HPOS="873" VPOS="1171" WIDTH="9" HEIGHT="21" WC="0.92" CONTENT="$"/><SP WIDTH="17" VPOS="1171" HPOS="882"/>
							<String ID="string_266" HPOS="899" VPOS="1169" WIDTH="11" HEIGHT="19" WC="0.96" CONTENT="6"/>
						</TextLine>
						<TextLine ID="line_30" HPOS="162" VPOS="1201" WIDTH="749" HEIGHT="29">
							<String ID="string_267" HPOS="162" VPOS="1205" WIDTH="47" HEIGHT="25" WC="0.93" CONTENT="kap."/><SP WIDTH="16" VPOS="1205" HPOS="209"/>
							<String ID="string_268" HPOS="225" VPOS="1204" WIDTH="19" HEIGHT="19" WC="0.90" CONTENT="J."/><SP WIDTH="16" VPOS="1204" HPOS="244"/>
							<String ID="string_269" HPOS="260" VPOS="1204" WIDTH="30" HEIGHT="21" WC="0.92" CONTENT="B.,"/><SP WIDTH="16" VPOS="1204" HPOS="290"/>
							<String ID="string_270" HPOS="306" VPOS="1202" WIDTH="64" HEIGHT="20" WC="0.96" CONTENT="sådan"/><SP WIDTH="18" VPOS="1202" HPOS="370"/>
							<String ID="string_271" HPOS="388" VPOS="1202" WIDTH="69" HEIGHT="20" WC="0.89" CONTENT="denna"/><SP WIDTH="15" VPOS="1202" HPOS="457"/>
							<String ID="string_272" HPOS="472" VPOS="1204" WIDTH="10" HEIGHT="22" WC="0.89" CONTENT="$"/><SP WIDTH="18" VPOS="1204" HPOS="482"/>
							<String ID="string_273" HPOS="500" VPOS="1202" WIDTH="66" HEIGHT="19" WC="0.95" CONTENT="blifvit"/><SP WIDTH="16" VPOS="1202" HPOS="566"/>
							<String ID="string_274" HPOS="582" VPOS="1202" WIDTH="6" HEIGHT="18" WC="0.96" CONTENT="i"/><SP WIDTH="17" VPOS="1202" HPOS="588"/>
							<String ID="string_275" HPOS="605" VPOS="1202" WIDTH="39" HEIGHT="19" WC="0.96" CONTENT="den"/><SP WIDTH="17" VPOS="1202" HPOS="644"/>
							<String ID="string_276" HPOS="661" VPOS="1201" WIDTH="82" HEIGHT="27" WC="0.92" CONTENT="Nådiga"/><SP WIDTH="10" VPOS="1201" HPOS="743"/>
							<String ID="string_277" HPOS="753" VPOS="1202" WIDTH="158" HEIGHT="26" WC="0.96" CONTENT="propositionen"/>
						</TextLine>
						<TextLine ID="line_31" HPOS="162" VPOS="1236" WIDTH="749" HEIGHT="28">
							<String ID="string_278" HPOS="162" VPOS="1238" WIDTH="124" HEIGHT="26" WC="0.95" CONTENT="föreslagen,"/><SP WIDTH="25" VPOS="1238" HPOS="286"/>
							<String ID="string_279" HPOS="311" VPOS="1237" WIDTH="63" HEIGHT="19" WC="0.95" CONTENT="borde"/><SP WIDTH="24" VPOS="1237" HPOS="374"/>
							<String ID="string_280" HPOS="398" VPOS="1236" WIDTH="53" HEIGHT="19" WC="0.92" CONTENT="efter"/><SP WIDTH="23" VPOS="1236" HPOS="451"/>
							<String ID="string_281" HPOS="474" VPOS="1236" WIDTH="69" HEIGHT="19" WC="0.92" CONTENT="ordet:"/><SP WIDTH="23" VPOS="1236" HPOS="543"/>
							<String ID="string_282" HPOS="566" VPOS="1236" WIDTH="128" HEIGHT="20" WC="0.79" CONTENT="”föräldrar”"/><SP WIDTH="25" VPOS="1236" HPOS="694"/>
							<String ID="string_283" HPOS="719" VPOS="1236" WIDTH="97" HEIGHT="26" WC="0.88" CONTENT="tilläggas"/><SP WIDTH="20" VPOS="1236" HPOS="816"/>
							<String ID="string_284" HPOS="836" VPOS="1237" WIDTH="75" HEIGHT="20" WC="0.96" CONTENT="orden:"/>
						</TextLine>
						<TextLine ID="line_32" HPOS="162" VPOS="1271" WIDTH="166" HEIGHT="26">
							<String ID="string_285" HPOS="162" VPOS="1272" WIDTH="51" HEIGHT="20" WC="0.61" CONTENT="”oeh"/><SP WIDTH="17" VPOS="1272" HPOS="213"/>
							<String ID="string_286" HPOS="230" VPOS="1271" WIDTH="98" HEIGHT="26" WC="0.65" CONTENT="syskon.”"/>
						</TextLine>
					</TextBlock>
					<TextBlock ID="block_2" HPOS="163" VPOS="1303" WIDTH="750" HEIGHT="129">
						<TextLine ID="line_33" HPOS="230" VPOS="1303" WIDTH="683" HEIGHT="27">
							<String ID="string_287" HPOS="230" VPOS="1305" WIDTH="118" HEIGHT="20" WC="0.91" CONTENT="Ständerna"/><SP WIDTH="16" VPOS="1305" HPOS="348"/>
							<String ID="string_288" HPOS="364" VPOS="1304" WIDTH="73" HEIGHT="19" WC="0.95" CONTENT="hvilka"/><SP WIDTH="15" VPOS="1304" HPOS="437"/>
							<String ID="string_289" HPOS="452" VPOS="1304" WIDTH="6" HEIGHT="19" WC="0.96" CONTENT="i"/><SP WIDTH="17" VPOS="1304" HPOS="458"/>
							<String ID="string_290" HPOS="475" VPOS="1304" WIDTH="38" HEIGHT="19" WC="0.96" CONTENT="allt"/><SP WIDTH="15" VPOS="1304" HPOS="513"/>
							<String ID="string_291" HPOS="528" VPOS="1304" WIDTH="63" HEIGHT="26" WC="0.96" CONTENT="öfrigt"/><SP WIDTH="15" VPOS="1304" HPOS="591"/>
							<String ID="string_292" HPOS="606" VPOS="1303" WIDTH="92" HEIGHT="26" WC="0.96" CONTENT="godkänt"/><SP WIDTH="18" VPOS="1303" HPOS="698"/>
							<String ID="string_293" HPOS="716" VPOS="1303" WIDTH="39" HEIGHT="20" WC="0.93" CONTENT="den"/><SP WIDTH="17" VPOS="1303" HPOS="755"/>
							<String ID="string_294" HPOS="772" VPOS="1303" WIDTH="84" HEIGHT="27" WC="0.91" CONTENT="Nådiga"/><SP WIDTH="9" VPOS="1303" HPOS="856"/>
							<String ID="string_295" HPOS="865" VPOS="1311" WIDTH="48" HEIGHT="19" WC="0.91" CONTENT="pro-"/>
						</TextLine>
						<TextLine ID="line_34" HPOS="163" VPOS="1337" WIDTH="750" HEIGHT="29">
							<String ID="string_296" HPOS="163" VPOS="1339" WIDTH="125" HEIGHT="27" WC="0.95" CONTENT="positionen,"/><SP WIDTH="16" VPOS="1339" HPOS="288"/>
							<String ID="string_297" HPOS="304" VPOS="1341" WIDTH="36" HEIGHT="16" WC="0.93" CONTENT="äro"/><SP WIDTH="20" VPOS="1341" HPOS="340"/>
							<String ID="string_298" HPOS="360" VPOS="1337" WIDTH="103" HEIGHT="26" WC="0.90" CONTENT="derjemte"/><SP WIDTH="16" VPOS="1337" HPOS="463"/>
							<String ID="string_299" HPOS="479" VPOS="1337" WIDTH="23" HEIGHT="20" WC="0.96" CONTENT="af"/><SP WIDTH="14" VPOS="1337" HPOS="502"/>
							<String ID="string_300" HPOS="516" VPOS="1337" WIDTH="39" HEIGHT="20" WC="0.93" CONTENT="den"/><SP WIDTH="16" VPOS="1337" HPOS="555"/>
							<String ID="string_301" HPOS="571" VPOS="1337" WIDTH="61" HEIGHT="26" WC="0.93" CONTENT="äsigt,"/><SP WIDTH="20" VPOS="1337" HPOS="632"/>
							<String ID="string_302" HPOS="652" VPOS="1339" WIDTH="29" HEIGHT="18" WC="0.93" CONTENT="att"/><SP WIDTH="21" VPOS="1339" HPOS="681"/>
							<String ID="string_303" HPOS="702" VPOS="1337" WIDTH="142" HEIGHT="20" WC="0.92" CONTENT="bördsrättens"/><SP WIDTH="19" VPOS="1337" HPOS="844"/>
							<String ID="string_304" HPOS="863" VPOS="1345" WIDTH="50" HEIGHT="19" WC="0.93" CONTENT="upp-"/>
						</TextLine>
						<TextLine ID="line_35" HPOS="163" VPOS="1371" WIDTH="750" HEIGHT="26">
							<String ID="string_305" HPOS="163" VPOS="1373" WIDTH="105" HEIGHT="20" WC="0.90" CONTENT="häfvande"/><SP WIDTH="15" VPOS="1373" HPOS="268"/>
							<String ID="string_306" HPOS="283" VPOS="1373" WIDTH="6" HEIGHT="18" WC="0.96" CONTENT="i"/><SP WIDTH="16" VPOS="1373" HPOS="289"/>
							<String ID="string_307" HPOS="305" VPOS="1371" WIDTH="45" HEIGHT="20" WC="0.93" CONTENT="stad"/><SP WIDTH="17" VPOS="1371" HPOS="350"/>
							<String ID="string_308" HPOS="367" VPOS="1371" WIDTH="127" HEIGHT="26" WC="0.91" CONTENT="följdrigtigt"/><SP WIDTH="16" VPOS="1371" HPOS="494"/>
							<String ID="string_309" HPOS="510" VPOS="1371" WIDTH="36" HEIGHT="20" WC="0.93" CONTENT="bör"/><SP WIDTH="16" VPOS="1371" HPOS="546"/>
							<String ID="string_310" HPOS="562" VPOS="1371" WIDTH="49" HEIGHT="20" WC="0.91" CONTENT="leda"/><SP WIDTH="15" VPOS="1371" HPOS="611"/>
							<String ID="string_311" HPOS="626" VPOS="1371" WIDTH="30" HEIGHT="19" WC="0.96" CONTENT="till"/><SP WIDTH="16" VPOS="1371" HPOS="656"/>
							<String ID="string_312" HPOS="672" VPOS="1378" WIDTH="26" HEIGHT="13" WC="0.96" CONTENT="en"/><SP WIDTH="18" VPOS="1378" HPOS="698"/>
							<String ID="string_313" HPOS="716" VPOS="1371" WIDTH="146" HEIGHT="20" WC="0.93" CONTENT="motsvarande"/><SP WIDTH="16" VPOS="1371" HPOS="862"/>
							<String ID="string_314" HPOS="878" VPOS="1375" WIDTH="35" HEIGHT="16" WC="0.92" CONTENT="än-"/>
						</TextLine>
						<TextLine ID="line_36" HPOS="164" VPOS="1405" WIDTH="318" HEIGHT="27">
							<String ID="string_315" HPOS="164" VPOS="1407" WIDTH="61" HEIGHT="25" WC="0.90" CONTENT="dring"/><SP WIDTH="16" VPOS="1407" HPOS="225"/>
							<String ID="string_316" HPOS="241" VPOS="1407" WIDTH="22" HEIGHT="19" WC="0.96" CONTENT="af"/><SP WIDTH="13" VPOS="1407" HPOS="263"/>
							<String ID="string_317" HPOS="276" VPOS="1406" WIDTH="13" HEIGHT="19" WC="0.92" CONTENT="2"/><SP WIDTH="16" VPOS="1406" HPOS="289"/>
							<String ID="string_318" HPOS="305" VPOS="1407" WIDTH="9" HEIGHT="22" WC="0.90" CONTENT="$"/><SP WIDTH="17" VPOS="1407" HPOS="314"/>
							<String ID="string_319" HPOS="331" VPOS="1405" WIDTH="12" HEIGHT="19" WC="0.96" CONTENT="4"/><SP WIDTH="17" VPOS="1405" HPOS="343"/>
							<String ID="string_320" HPOS="360" VPOS="1405" WIDTH="48" HEIGHT="26" WC="0.96" CONTENT="kap."/><SP WIDTH="16" VPOS="1405" HPOS="408"/>
							<String ID="string_321" HPOS="424" VPOS="1405" WIDTH="19" HEIGHT="20" WC="0.93" CONTENT="J."/><SP WIDTH="17" VPOS="1405" HPOS="443"/>
							<String ID="string_322" HPOS="460" VPOS="1405" WIDTH="22" HEIGHT="19" WC="0.92" CONTENT="B."/>
						</TextLine>
					</TextBlock>
					<TextBlock ID="block_3" HPOS="164" VPOS="1439" WIDTH="750" HEIGHT="59">
						<TextLine ID="line_37" HPOS="232" VPOS="1439" WIDTH="682" HEIGHT="26">
							<String ID="string_323" HPOS="232" VPOS="1440" WIDTH="32" HEIGHT="20" WC="0.95" CONTENT="Då"/><SP WIDTH="23" VPOS="1440" HPOS="264"/>
							<String ID="string_324" HPOS="287" VPOS="1439" WIDTH="113" HEIGHT="26" WC="0.96" CONTENT="nämligen,"/><SP WIDTH="24" VPOS="1439" HPOS="400"/>
							<String ID="string_325" HPOS="424" VPOS="1445" WIDTH="76" HEIGHT="20" WC="0.92" CONTENT="genom"/><SP WIDTH="26" VPOS="1445" HPOS="500"/>
							<String ID="string_326" HPOS="526" VPOS="1439" WIDTH="141" HEIGHT="20" WC="0.66" CONTENT="bördsrättens"/><SP WIDTH="23" VPOS="1439" HPOS="667"/>
							<String ID="string_327" HPOS="690" VPOS="1439" WIDTH="131" HEIGHT="20" WC="0.92" CONTENT="afskaffande"/><SP WIDTH="20" VPOS="1439" HPOS="821"/>
							<String ID="string_328" HPOS="841" VPOS="1439" WIDTH="5" HEIGHT="19" WC="0.96" CONTENT="i"/><SP WIDTH="17" VPOS="1439" HPOS="846"/>
							<String ID="string_329" HPOS="863" VPOS="1441" WIDTH="51" HEIGHT="23" WC="0.96" CONTENT="stad,"/>
						</TextLine>
						<TextLine ID="line_38" HPOS="164" VPOS="1473" WIDTH="750" HEIGHT="25">
							<String ID="string_330" HPOS="164" VPOS="1475" WIDTH="40" HEIGHT="19" WC="0.96" CONTENT="den"/><SP WIDTH="17" VPOS="1475" HPOS="204"/>
							<String ID="string_331" HPOS="221" VPOS="1475" WIDTH="5" HEIGHT="18" WC="0.93" CONTENT="i"/><SP WIDTH="18" VPOS="1475" HPOS="226"/>
							<String ID="string_332" HPOS="244" VPOS="1473" WIDTH="137" HEIGHT="20" WC="0.90" CONTENT="nästnämnda"/><SP WIDTH="16" VPOS="1473" HPOS="381"/>
							<String ID="string_333" HPOS="397" VPOS="1475" WIDTH="10" HEIGHT="21" WC="0.93" CONTENT="$"/><SP WIDTH="16" VPOS="1475" HPOS="407"/>
							<String ID="string_334" HPOS="423" VPOS="1473" WIDTH="102" HEIGHT="25" WC="0.92" CONTENT="stadgade"/><SP WIDTH="17" VPOS="1473" HPOS="525"/>
							<String ID="string_335" HPOS="542" VPOS="1473" WIDTH="27" HEIGHT="19" WC="0.96" CONTENT="tid"/><SP WIDTH="18" VPOS="1473" HPOS="569"/>
							<String ID="string_336" HPOS="587" VPOS="1473" WIDTH="23" HEIGHT="19" WC="0.93" CONTENT="af"/><SP WIDTH="14" VPOS="1473" HPOS="610"/>
							<String ID="string_337" HPOS="624" VPOS="1473" WIDTH="39" HEIGHT="19" WC="0.89" CONTENT="tolf"/><SP WIDTH="14" VPOS="1473" HPOS="663"/>
							<String ID="string_338" HPOS="677" VPOS="1473" WIDTH="78" HEIGHT="19" WC="0.90" CONTENT="veekor"/><SP WIDTH="16" VPOS="1473" HPOS="755"/>
							<String ID="string_339" HPOS="771" VPOS="1473" WIDTH="53" HEIGHT="19" WC="0.92" CONTENT="efter"/><SP WIDTH="24" VPOS="1473" HPOS="824"/>
							<String ID="string_340" HPOS="848" VPOS="1473" WIDTH="66" HEIGHT="25" WC="0.91" CONTENT="tredje"/>
						</TextLine>
					</TextBlock>
					<TextBlock ID="block_4" HPOS="827" VPOS="1505" WIDTH="21" HEIGHT="16">
						<TextLine ID="line_39" HPOS="827" VPOS="1505" WIDTH="21" HEIGHT="16">
							<String ID="string_341" HPOS="827" VPOS="1505" WIDTH="21" HEIGHT="16" WC="0.96" CONTENT="18"/>
						</TextLine>
					</TextBlock>
				</ComposedBlock>
			</PrintSpace>
		</Page>
	</Layout>
</alto>
