1142 1786
849 164 34 17 347

156 231 48 20 dem
226 237 27 12 nu
276 229 99 20 hvilande
392 228 67 26 dryga
474 227 79 26 arbete,
569 234 45 13 som
630 227 105 26 knappast
749 227 23 20 af
786 227 69 27 någon
871 228 35 19 hä-

157 264 139 26 radshöfding
319 263 42 20 kan
385 264 48 18 utan
453 261 93 20 aflönadt
562 261 82 20 biträde
660 262 23 19 af
697 262 94 26 lagfarne
806 268 101 20 personer

158 298 136 25 verkställas;
311 297 39 20 och
365 297 6 19 i
388 302 79 14 samma
483 296 47 19 mån
547 295 70 20 blefve
633 296 35 19 det
683 296 31 19 till
731 296 64 20 sådan
811 297 95 26 aflöning

158 333 39 20 och
221 331 155 27 tingsfärderna
399 337 27 13 nu
449 330 105 26 åtgående
574 330 97 26 afdraget
686 330 45 19 från
747 330 161 20 häradshöfdin-

157 373 75 19 garnes
248 364 156 22 löneförmåner
420 364 112 25 minskadt,
549 364 23 19 så
587 366 30 17 att
633 364 26 20 de
675 364 62 20 äfven
753 364 7 20 i
775 364 79 20 sådana
865 365 43 26 fall,

160 401 26 19 då
202 401 141 25 domsagorna
360 398 64 20 måste
440 398 31 20 för
487 404 165 20 permanensens
667 398 166 26 genomförande
849 400 6 19 i
872 400 35 20 nå-

157 442 41 19 gon
224 434 47 20 mån
295 433 93 26 styckas,
411 432 82 20 ändock
512 432 71 20 kunde
599 432 46 20 med
662 432 91 20 tillskott
768 433 22 19 af
804 433 103 27 lagmans-

160 468 184 26 tingsgästningen
367 467 45 19 från
436 467 60 19 deras
521 466 112 27 domsagor
645 466 62 20 hafva
723 466 40 20 den
779 467 130 27 tillräckliga

162 503 39 19 och
226 502 127 26 anständiga
379 501 109 27 bergning,
514 507 44 13 som
584 507 25 13 en
637 500 86 20 domare
749 500 68 27 aldrig
842 501 65 20 borde

161 536 72 20 sakna.

226 570 62 21 Såväl
310 576 77 20 genom
411 569 132 20 tillkomsten
566 569 23 20 af
607 569 26 20 de
652 569 161 27 ifrågavarande
830 569 78 20 bisitta-

159 612 58 18 rene,
230 611 44 13 som
290 603 65 21 också
370 604 6 18 i
392 603 52 26 följd
460 603 22 20 af
495 603 116 20 reformens
627 603 68 27 öfriga
707 603 63 26 delar,
787 603 70 20 blefve
873 603 35 20 nå-

159 646 39 20 gra
220 639 115 25 ändringar
351 638 6 19 i
373 638 39 19 och
435 638 73 26 tillägg
532 638 30 19 till
586 638 81 19 landets
690 644 27 12 nu
733 637 98 27 gällande
845 640 63 18 rätte-

160 672 159 27 gångsordning
344 671 116 27 behöfliga;
482 672 96 20 hvarföre
594 672 94 20 komitén
705 672 62 19 äfven
783 672 58 19 torde
858 672 51 20 böra

160 707 20 19 få
194 707 31 26 sig
241 706 58 27 ålagt
314 708 30 18 att
360 706 79 26 afgifva
454 706 78 26 förslag
548 706 31 19 till
596 706 61 20 dessa
671 706 182 26 lagförändringar
869 706 40 20 och

161 742 80 26 tillägg.

229 774 60 21 Hvad
305 774 94 20 komitén
415 777 27 17 än
458 774 34 20 må
506 774 85 20 komma
606 776 30 18 att
652 774 83 26 föreslå,
751 774 58 20 torde
821 774 34 20 vid
869 774 39 20 för-

160 810 78 26 slagets
257 808 115 21 affattande
397 808 50 20 böra
470 808 73 26 tillses,
566 810 30 18 att
617 808 26 20 de
667 809 108 25 reformer,
793 808 73 20 hvilka
882 816 27 12 nu

161 845 71 19 kunna
248 844 84 19 komma
348 843 5 19 i
369 842 65 27 fråga,
451 842 47 20 icke
515 842 69 20 blefve
600 842 119 27 hinderliga
734 843 31 19 för
781 843 40 19 den
837 843 72 20 vidare

162 878 128 25 utveckling,
314 884 45 12 som
382 876 23 19 af
425 877 163 26 tidsrigtningen
608 877 6 18 i
630 876 65 20 andra
718 876 73 21 länder
813 878 97 26 angifves

162 912 39 20 och
217 911 135 20 tvifvelsutan
368 910 63 20 äfven
447 911 6 19 i
469 911 88 19 Finland
574 910 53 20 skall
643 911 6 18 i
665 917 26 13 en
708 910 81 21 framtid
806 911 52 20 söka
873 914 36 24 gö-

163 953 22 13 ra
200 947 32 26 sig
247 945 105 27 gällande.
369 945 9 19 I
394 945 57 19 detta
466 945 100 19 afseende
582 951 61 13 anser
658 945 146 26 Lagutskottet
815 945 32 27 sig
859 945 51 20 böra

162 980 117 25 framhälla,
303 982 29 17 att
355 979 133 20 &tskilnaden
511 979 89 19 emellan
622 979 179 20 underdumstolar
816 979 32 20 för
863 980 47 19 stad

162 1015 39 20 och
221 1015 49 19 land
293 1013 65 20 redan
378 1013 107 20 flerstädes
501 1013 132 26 öfvergifvits
649 1013 39 19 och
704 1013 136 20 annorstädes
856 1014 53 20 före-

162 1049 72 26 slagits
250 1047 31 20 till
298 1047 155 26 upphäfvande,
469 1047 23 20 sä
507 1049 36 24 att,
561 1047 47 20 med
625 1047 106 26 undautag
747 1047 31 20 för
793 1049 66 18 större
869 1051 40 17 stä-

165 1083 43 25 der,
231 1088 43 14 som
299 1084 36 17 äro
351 1082 7 19 i
375 1081 65 20 behof
462 1081 22 19 af
498 1087 54 20 egna
568 1081 121 26 domstolar,
705 1081 158 21 underrätterne
879 1083 32 20 för

162 1117 64 26 öfrigt
248 1119 36 17 äro
309 1115 51 20 eller
383 1115 119 26 föreslagits
521 1117 29 18 att
567 1115 64 20 blifva
646 1121 157 20 gemensamma
817 1116 32 20 för
865 1117 45 20 stad

163 1151 39 19 och
226 1149 163 27 kringliggande
408 1149 106 25 landsort;
530 1152 29 17 att
574 1155 55 20 man,
645 1149 125 26 öfvertygad
786 1157 33 12 om
836 1151 74 20 vansk-

162 1185 94 25 ligheten
273 1183 65 26 deraf,
354 1185 29 17 att
400 1183 39 19 den
457 1183 34 20 vid
508 1183 159 20 underrätterna
681 1183 110 21 företedda
800 1184 111 28 bevisning

163 1218 91 27 pröfvas,
277 1217 48 20 icke
348 1218 89 19 allenast
460 1218 21 19 af
502 1218 68 25 dessa,
594 1219 49 18 utan
667 1217 61 20 äfven
744 1218 23 19 af
780 1218 130 27 öfverrätter,

164 1253 72 19 hvilka
259 1253 18 26 ej
303 1252 53 19 varit
370 1251 6 20 i
393 1251 81 20 tillfälle
497 1254 30 17 att
547 1251 26 26 på
589 1251 66 27 grund
671 1251 23 20 af
707 1259 54 19 egen
777 1253 77 26 sinnlig
869 1253 40 20 för-

162 1287 110 20 nimmelse
297 1286 56 20 bilda
372 1286 32 26 sig
420 1292 26 13 en
462 1286 142 26 öfvertygelse
620 1292 33 13 om
671 1285 79 20 målens
767 1286 145 21 beskaffenhet

164 1321 40 20 och
220 1321 150 26 bevisningens
386 1320 151 27 trovärdighet,
554 1322 48 17 utan
619 1320 65 20 måste
700 1321 69 19 förlita
785 1321 31 26 sig
832 1321 27 26 på
874 1329 36 12 un-

164 1355 192 20 derdomstolarnes
378 1354 137 26 protokoller,
538 1354 129 20 fortfarande
686 1355 89 19 sträfvar
790 1355 31 19 till
837 1361 26 14 en
879 1356 31 19 så-

164 1389 41 20 dan
228 1388 165 27 omgestaltning
416 1389 23 19 af
459 1388 248 27 rättegångsordningen,
727 1390 30 18 att
773 1388 138 28 bevisningen

164 1423 84 26 pröfvas
264 1423 100 26 antingen
380 1423 90 19 allenast
485 1423 23 19 af
522 1423 165 25 underrätterna,
699 1422 72 20 hvilka
782 1423 130 20 fördeuskull

165 1457 66 20 förses
255 1457 47 19 med
323 1456 50 20 flere
388 1457 94 26 lagfarne
498 1457 93 26 domare,
607 1457 51 19 eller
674 1456 40 20 ock
730 1457 5 18 i
752 1457 102 26 vigtigare
871 1457 40 20 mäl

164 1491 23 19 af
200 1497 26 13 en
240 1491 56 25 jury,
312 1494 52 16 samt
382 1492 36 24 att,
434 1491 6 19 i
456 1490 51 26 följd
524 1490 64 26 deraf,
604 1490 188 26 förhandlingarne
808 1490 34 20 vid
854 1491 56 19 dom-
