1142 1786
230 169 34 18 144

208 232 40 20 och
264 231 142 27 Björneborgs
422 231 40 26 län,
482 231 70 20 tillåtit
573 233 30 18 att
628 232 305 27 husbehofsbränvinsredskap
949 233 7 19 i

208 267 58 19 vissa
280 265 37 20 fall
333 265 56 26 finge
410 265 46 20 med
476 265 113 20 Allmänna
607 266 141 19 statsfondens
771 266 112 27 tillgångar
904 267 52 19 inlö-

210 306 40 18 sas,
266 300 6 18 i
288 299 52 26 följd
363 299 75 19 hvaraf
459 299 23 19 af
501 299 136 20 statsverkets
657 300 70 19 medel
745 300 7 19 i
768 299 75 21 sådant
857 300 99 21 afseende

211 333 89 26 106,386
318 332 58 20 mark
392 333 26 20 36
434 333 64 26 penni
515 333 68 20 blifvit
598 333 68 20 såsom
683 333 90 20 förskott
788 334 112 20 utbetalde.

278 367 43 20 Vid
344 367 62 19 ofvan
430 367 87 19 anförda
538 367 130 20 förhållande
685 368 39 19 och
740 368 27 19 då
782 368 69 26 någon
868 368 89 26 betydli-

209 408 51 20 gare
280 400 114 27 tillökning
413 401 12 19 å
444 401 183 20 bränvinsskatten
643 401 68 20 under
727 404 104 18 närmaste
845 402 112 20 framtiden

210 436 48 20 icke
279 442 37 12 var
338 436 30 18 att
393 436 80 18 emotse
488 438 54 16 samt
557 435 117 20 Ständerna
689 435 35 20 vid
742 436 53 19 1867
811 436 33 19 års
859 436 100 26 landtdag

211 469 85 20 anhöllo
322 471 30 17 att
370 468 30 20 till
416 468 81 20 inlösen
516 468 22 20 af
553 469 333 27 bränvinsbränningsredskapen
903 470 55 20 inom

212 504 84 20 kortare
320 503 29 20 tid
372 504 30 18 ett
425 502 33 20 lån
474 503 6 19 i
496 509 26 13 en
545 502 51 20 eller
617 509 70 13 annan
703 503 53 19 form
772 503 64 20 måtte
852 506 108 24 upptagas,

212 538 37 20 har
272 538 58 19 Hans
352 537 120 26 Kejserliga
490 537 97 25 Majestät
606 537 40 19 den
667 537 26 19 22
710 537 54 19 Mars
780 538 22 24 (3
818 537 70 27 April)
907 537 53 20 1868

212 573 6 18 i
234 571 71 20 Nåder
321 571 71 20 tillåtit
407 573 30 18 att
452 571 32 20 för
499 571 40 19 slik
554 571 82 19 inlösen
653 571 56 26 finge
729 571 68 20 såsom
817 571 89 21 förskott
925 579 35 12 an-

212 606 81 20 vändas
309 605 26 20 de
351 605 6 19 i
373 604 259 26 Militie-Boställskassan,
643 604 250 27 Krigsmanshusfonden,
905 605 56 20 Hall-

213 639 142 21 kassafonden
386 639 39 19 och
450 638 148 27 Längmanska
624 638 202 20 testamentsfonden
855 639 108 27 befintliga

213 673 121 26 disponibla
349 672 120 27 tillgångar,
491 672 45 20 med
557 672 69 20 vilkor
641 674 30 18 att
686 672 116 20 förskotten
819 673 66 19 skulle
902 674 61 19 dessa

213 707 75 20 fonder
304 706 112 20 framdeles
432 708 86 18 ersättas
535 706 46 20 med
598 706 25 20 de
639 706 24 20 af
676 706 117 20 Ständerna
809 707 31 19 för
855 707 64 26 sagde
931 708 30 18 in-

213 742 59 19 lösen
295 741 103 25 anslagna
422 740 75 26 medel,
517 741 6 19 i
540 740 40 20 den
597 747 47 13 mon
659 740 62 20 dessa
736 740 71 21 kunde
822 741 75 26 inflyta
911 742 52 19 eller

214 775 109 20 eventuelt
339 775 47 19 med
402 774 66 20 andra
488 774 68 20 medel
575 780 44 14 som
636 774 118 21 Ständerna
768 775 112 20 framdeles
896 776 67 19 skulle

214 810 32 19 för
261 808 122 21 ändamälet
398 809 79 25 anvisa,
499 811 54 17 samt
571 811 30 17 ait
620 809 119 20 emellertid
759 816 26 13 en
804 812 60 17 ränta
887 810 22 19 af
921 810 41 19 fem

214 845 89 25 procent
318 843 32 19 för
366 842 26 20 de
407 842 95 27 längifna
516 842 83 20 medlen
616 843 66 19 borde
698 843 89 19 berörde
807 843 74 20 fonder
904 844 59 26 godt-

215 880 62 23 göras
297 876 134 20 förskottsvis
449 876 23 19 af
493 876 218 27 bevillningsfondens
739 876 141 27 besparingar,
904 878 60 19 hvar-

214 912 66 25 jemte
296 911 58 19 Hans
369 910 119 26 Kejserliga
503 910 97 26 Majestät
616 911 7 18 i
638 910 71 20 Näder
724 910 109 20 förordnat
847 913 30 18 att
887 911 76 27 ifräga-

216 945 93 20 varande
325 945 83 19 inlösen
424 944 67 20 skulle
507 944 125 20 verkställas
647 944 94 26 sälunda,
758 947 30 17 att
804 945 161 20 bränvinsbrän-

216 979 183 26 ningsredskapen
424 979 71 18 främst
518 980 115 25 emottoges
657 978 7 19 i
682 974 66 30 ligvid
772 979 31 19 för
826 979 139 26 kronorester,

217 1014 85 20 dernäst
324 1013 32 20 för
379 1013 95 26 spanmäl
496 1013 31 19 till
544 1012 102 20 brödföda
664 1013 40 19 och
720 1013 79 25 utsäde,
815 1019 45 14 som
879 1020 23 13 ur
918 1013 47 20 kro-

217 1055 53 13 nans
293 1047 120 27 magasiner
436 1047 64 20 under
518 1047 24 19 är
566 1047 53 19 1868
642 1047 101 26 utgifvits,
763 1049 54 17 samt
831 1047 30 20 till
878 1047 88 26 ligvide-

217 1082 66 19 rande
298 1081 24 20 af
336 1081 53 20 1867
406 1081 33 19 års
455 1081 44 20 från
515 1080 113 20 Allmänna
643 1081 130 19 statsfonden
790 1081 104 26 beviljade
905 1087 61 20 span-

219 1115 94 26 mälslän,
330 1115 106 20 hvarefter
452 1115 46 19 med
521 1115 130 26 redskapens
671 1115 82 19 inlösen
769 1117 44 18 mot
827 1115 89 20 kontant
931 1115 36 20 be-

219 1149 82 27 talning
316 1149 68 20 skulle
404 1149 104 26 päbörjas.

288 1183 49 20 Med
353 1183 29 19 de
395 1183 88 19 sälunda
499 1183 117 26 upplänade
633 1183 91 24 medlen,
746 1183 124 26 uppgäende
888 1184 31 18 till
940 1185 30 18 ett

220 1216 156 27 sammanlagdt
392 1216 77 27 belopp
486 1216 22 20 af
521 1216 90 26 865,925
628 1216 59 20 mark
705 1217 25 19 15
742 1217 71 26 penni,
824 1216 145 27 verkställdes,

219 1253 7 18 i
242 1251 96 27 enlighet
361 1251 48 20 med
433 1250 136 20 omförmälde
591 1250 84 26 Nädiga
697 1251 148 26 förordnande,
861 1251 108 20 bränvins-

221 1285 247 26 bränningsredskapens
492 1285 88 25 inlösen,
603 1285 52 19 först
670 1285 7 18 i
694 1285 55 19 vissa
772 1285 58 19 delar
853 1285 23 19 af
892 1285 78 26 landet,

221 1326 48 13 men
286 1319 122 20 sedermera
423 1319 62 19 äfven
501 1319 12 19 &
528 1319 68 25 öfriga
611 1321 62 23 orter,
689 1319 7 18 i
711 1319 82 19 hvilket
806 1319 99 20 afseende
917 1319 53 20 före-

221 1353 61 20 skrift
302 1353 80 26 jemväl
408 1352 134 20 meddelades
567 1355 30 17 att
619 1353 37 19 allt
679 1353 35 19 vid
735 1352 117 26 redskapen
871 1353 99 20 häftande

218 1388 47 25 jern
282 1387 39 20 och
338 1387 36 25 bly
398 1386 65 20 borde
485 1386 45 20 från
554 1387 121 19 densamma
697 1386 94 26 afskiljas
807 1388 53 17 samt
880 1388 31 18 att
925 1387 46 20 red-

222 1421 81 26 skapen
317 1420 49 20 icke
382 1421 90 19 allenast
490 1421 67 19 skulle
577 1423 62 24 göras
655 1420 106 20 obrukbar
777 1420 40 19 och
832 1422 117 25 emottagas
966 1421 6 20 i

222 1455 222 26 kronomagasinerne,
468 1457 48 17 utan
539 1454 47 25 ock,
606 1455 31 19 för
657 1456 30 17 att
707 1453 86 27 betinga
808 1456 65 17 större
892 1454 80 27 försälj-

223 1489 114 25 ningspris,
360 1488 121 20 sedermera
500 1490 152 24 transporteras
673 1488 31 18 till
727 1488 55 19 vissa
797 1489 58 18 orter
870 1488 34 19 vid
921 1488 52 20 hafs-
