1142 1786
242 165 34 18 246

221 228 122 27 vilrättsligt
358 229 50 20 aftal
424 230 34 25 sig
474 229 70 27 åtagit.
561 229 37 20 Att
609 229 160 27 tillämpningen
781 230 22 19 af
813 229 69 20 denna
895 228 76 27 grund-

220 264 42 18 sats
279 269 50 14 vore
345 263 149 20 förnärmande
510 264 32 19 för
558 264 40 20 den
615 264 106 20 enskildes
737 266 40 17 rätt
793 263 96 20 framstår
909 263 62 19 äfven

222 296 66 26 deraf,
304 299 30 17 att
348 296 37 20 fall
401 298 44 19 ofta
461 297 84 20 inträffa
560 298 59 19 hvari
635 298 57 20 tiden
709 298 31 19 för
756 298 35 19 det
801 297 113 20 kriminela
929 297 42 19 åta-

222 330 38 20 lets
276 331 131 20 anställande
423 331 66 20 redan
505 331 45 27 gått
564 332 31 19 till
611 332 61 25 ända,
688 332 64 19 innan
768 331 141 26 förbrytelsen
920 331 51 19 kun-

222 366 36 17 nat
280 364 66 20 blifva
369 366 32 18 för
424 364 232 28 mälseganden'
602 360 57 36 känd
676 366 39 20 och
732 366 40 19 han
789 365 81 20 således
886 365 52 20 först
953 365 22 20 af

222 398 48 20 dess
286 398 76 26 följder
378 398 38 20 fått
431 399 117 27 anledning
563 402 30 17 att
609 406 33 13 om
659 399 76 21 brottet
745 399 52 20 äska
807 399 165 26 undersökning.

291 432 29 20 På
335 433 67 26 grund
419 433 62 20 häraf
493 433 39 20 och
549 434 30 19 till
595 434 172 20 förekommande
783 434 32 20 för
831 434 110 19 framtiden
952 434 23 19 af

222 466 58 20 olika
296 466 90 20 domslut
401 467 7 19 i
423 467 75 27 dylika
512 467 77 27 frågor,
605 468 36 19 har
663 468 68 20 Hans
754 468 147 26 Kejserliga
922 468 49 18 Ma-

220 501 83 25 jestät
318 502 6 19 i
340 501 71 20 Nåder
426 501 58 20 velat
500 502 30 19 till
548 501 191 21 Landtständernas
762 502 119 26 antagande
904 502 68 19 såsom

224 534 75 27 tillägg:
319 535 33 19 till
374 535 186 27 ofvanäberopade
582 536 123 26 förordning
728 536 77 20 föreslå
828 535 93 27 följande
937 535 34 20 be-

224 570 112 26 stämning.

293 604 95 20 ”Genom
412 604 55 20 hvad
483 605 7 19 i
507 604 74 26 Kongl.
604 604 151 26 förordhingen
778 604 40 20 den
843 604 26 20 20
888 604 86 20 Januari

227 638 52 20 1779
303 638 93 26 stadgats
419 638 91 20 rörande
533 639 29 19 tid
584 638 31 20 för
631 638 52 20 ätals
699 638 140 26 anställande,
854 645 49 13 vare
919 638 54 20 dock

226 671 135 28 mälsegande
377 673 18 25 ej
413 672 85 26 betaget
513 674 36 24 att,
565 672 68 20 ehvad
649 672 42 20 ätal
707 672 30 20 för
748 672 127 26 gerningens
887 672 86 20 bestraf-

225 706 63 20 fande
310 708 36 25 egt
367 713 45 13 rum
436 706 52 20 eller
507 706 54 26 icke,
577 706 52 20 söka
644 706 127 20 skadeständ
787 706 31 20 för
837 706 138 26 förbrytelser

225 740 58 20 inom
299 740 40 20 den
356 740 35 26 tid,
408 747 45 13 som
469 740 31 20 för
516 740 207 27 fordringsanspräks
739 740 110 22 utförande
864 740 7 20 i
886 740 87 20 allmän-

226 774 36 20 het
276 774 88 27 stadgad
382 775 43 19 är.”

397 826 74 26 Enligt
488 826 68 20 Hans
574 826 152 26 Kejserliga
741 826 133 26 Majestäts
892 825 84 27 Nädiga

365 860 121 26 befallning,
504 860 71 26 gifven
591 860 7 20 i
617 860 30 20 S:t
666 860 132 27 Petersburg,
821 860 40 20 den
887 861 22 25 3?
934 860 41 26 Maj

367 895 59 19 1871.

491 956 69 21 ALEX.
578 956 123 21 ARMFELT.

671 1013 36 21 Ch.
723 1013 47 21 Em.
789 1013 120 21 Frosterus.

401 1189 176 26 Lagutskottets
597 1189 153 20 betänkande
773 1189 31 20 N:o
826 1189 11 20 8
853 1189 6 19 i
877 1189 103 26 anledning

368 1224 21 20 af
402 1224 56 20 Hans
473 1223 136 26 Kejserliga
626 1223 121 26 Majestäts
766 1223 69 26 Nådiga
853 1224 127 26 proposition,

369 1258 83 20 rörande
467 1257 140 20 bestämmande
623 1257 22 20 af
657 1257 37 20 den
708 1257 35 25 tid,
758 1257 51 20 inom
825 1257 76 21 hvilken
912 1258 69 20 skade-

368 1292 55 20 stånd
439 1292 4 19 i
460 1291 90 20 brottmål
565 1291 35 20 bör
619 1291 83 20 utsökas,

301 1354 69 20 Sedan
394 1354 98 20 Finlands
515 1353 89 21 Ständer
622 1355 6 18 i
647 1354 60 19 deras
726 1353 145 27 underdåniga
892 1360 47 13 svar
955 1354 25 26 på

234 1388 40 19 den
291 1388 33 19 vid
344 1388 51 20 1867
412 1388 34 19 års
464 1387 100 27 landtdag
583 1388 116 26 framlagda
717 1387 82 27 Nådiga
817 1388 164 26 propositionen,

233 1422 111 27 angående
360 1422 147 26 upphäfvande
522 1422 24 19 af
560 1422 114 20 dödsstraff
687 1422 32 19 för
734 1422 109 26 åtskilliga
859 1422 55 19 brott
929 1426 50 15 samt

234 1457 132 20 afskaffande
389 1457 23 19 af
432 1457 55 19 vissa
509 1456 65 19 andra
597 1456 120 26 straffarter,
738 1456 37 19 hos
791 1456 57 19 Hans
864 1456 117 27 Kejserliga

234 1490 97 26 Majestät
345 1490 5 20 i
367 1490 168 26 underdänighet
550 1490 115 20 framhällit
679 1490 170 19 önskvärdheten
866 1490 23 19 af
897 1492 30 17 ett
937 1490 42 26 lag-
