1142 1786
293 144 11 17 2

259 207 71 20 blefve
346 207 64 26 ledig,
432 213 77 20 genom
530 207 119 26 Styrelsens
668 207 89 27 försorg,
777 207 56 20 inom
850 208 26 19 de
893 208 118 26 domsagor,

259 241 37 20 der
312 241 41 20 den
370 241 47 20 icke
432 243 76 24 genast
519 241 70 20 kunde
599 241 54 20 efter
664 241 155 20 ofvannämnde
831 241 107 20 allmänna
948 248 62 20 grun-

259 275 38 20 der
317 275 32 20 till
368 275 223 26 Häradshöfdingarne
615 275 119 26 öfverlåtas,
758 275 94 26 uppbära
871 276 38 19 och
929 275 31 20 för
976 275 35 20 det

259 309 101 20 anvisade
380 309 120 20 ändamålet
520 309 97 20 använda
636 309 123 20 densamma
777 310 108 19 äfvensom
901 311 36 24 att,
953 310 6 18 i
975 309 35 19 fall

259 343 70 27 någon
346 343 34 19 del
396 343 23 19 af
432 344 71 19 denna
523 344 156 26 tingsgästning
699 344 66 20 under
784 344 58 19 tiden
863 344 31 19 för
909 343 100 27 reglerin-

258 384 42 20 gen
315 378 85 19 komme
416 380 30 17 att
461 378 38 19 hos
515 378 106 26 Styrelsen
638 378 97 20 oanvänd
747 378 88 25 innestå,
847 377 89 20 särskild
948 377 61 19 fram-

258 412 101 26 ställning
380 418 32 13 om
434 412 48 20 dess
502 412 124 26 förfogande
647 412 124 20 derutinnan
793 412 63 20 måtte
875 412 6 19 i
897 412 66 20 sinom
980 412 29 19 tid

257 446 39 20 hos
312 446 118 20 Ständerna
444 448 69 24 göras.

327 480 107 26 Derjemte
450 480 38 20 har
503 480 100 20 Finlands
619 480 35 20 vid
670 487 81 13 samma
765 481 102 26 landtdag
883 480 126 20 församlade

259 514 133 26 Ridderskap
408 514 39 20 och
464 514 55 20 Adel
534 515 29 19 uti
579 521 26 13 en
621 515 133 26 underdånig
769 515 62 19 skrift
850 514 109 20 framställt
974 520 35 20 pe-

258 549 60 20 tition
335 548 71 21 derom
422 551 31 18 att
472 549 65 20 Hans
552 548 146 28 Kejserliga
714 549 117 26 Majestät
842 549 49 20 ville
903 548 42 20 låta
956 550 53 17 utar-

258 584 50 19 beta
324 583 38 19 och
379 583 13 19 å
407 585 61 17 nästa
482 583 101 26 landtdag
601 583 111 27 förelägga
727 583 118 20 Ständerna
860 583 78 25 förslag
954 583 55 25 åsyf-

259 617 63 20 tande
338 616 186 21 Häradsrätternes
540 618 29 18 uti
585 617 26 20 de
627 619 66 18 tätare
709 617 114 20 befolkade
838 617 85 19 delarne
935 616 22 20 af
965 616 43 19 lan-

258 652 36 19 det
309 651 124 26 förändring
453 652 32 19 till
504 654 139 24 permanenta
662 652 120 25 domstolar,
803 651 122 20 förmedelst
944 650 64 20 sådan

259 686 107 26 reglering
389 686 23 19 af
430 686 150 26 domsagornas
606 686 92 26 omfång,
724 691 44 15 som
792 686 70 19 kunde
885 685 124 20 verkställas

259 720 48 20 med
326 720 109 20 anlitande
455 720 23 19 af
496 720 36 20 det
551 720 90 20 tillskott
660 720 31 19 till
711 720 232 26 Häradshöfdingarnes
959 719 50 19 aflö-

259 755 57 26 ning,
336 754 82 20 hvilket
437 760 51 14 vore
507 756 30 18 att
555 754 94 26 påräkna
664 754 24 20 af
700 754 287 27 lagmanstingsgästningen,
1003 754 5 18 i

258 788 102 20 händelse
376 788 198 26 Lagmansrätterne
591 788 84 20 komme
691 790 30 18 att
736 788 105 26 indragas.

326 822 60 20 Efter
398 822 35 20 det
443 822 67 20 Hans
520 822 146 26 Kejserliga
677 822 117 26 Majestät
805 828 76 20 genom
891 822 66 26 nådig
968 822 40 19 för-

258 857 91 25 ordning
364 856 98 20 utfärdad
478 856 40 20 den
535 857 26 19 27
577 856 59 26 April
655 857 60 23 1868,
731 857 47 19 med
795 856 128 20 Ständernas
937 856 70 20 ofvan-

258 890 121 26 åberopade
394 890 118 26 samtycke,
528 891 83 26 stadgat
621 893 30 17 att
662 891 198 26 Lagmansrätterne
873 890 68 20 skulle
952 891 55 18 inom

258 924 56 20 årets
330 924 79 26 utgång
425 925 95 26 upphöra
536 925 26 26 på
579 927 40 17 sätt
634 925 39 20 och
685 925 6 19 i
703 925 41 20 den
759 925 91 26 ordning
865 925 66 19 andra
942 925 66 25 punk-

259 961 34 17 ten
309 958 23 19 af
345 958 65 27 sagde
429 958 123 27 förordning
571 959 71 20 derom
665 962 96 17 närmare
781 959 124 26 innehåller,
921 959 37 19 har
973 959 35 19 Se-

258 995 75 18 natens
348 992 274 27 Ekonomiedepartement,
642 993 90 20 medelst
750 993 141 20 cirkulärbref
904 993 22 19 af
940 993 40 20 den
997 996 11 15 &

258 1027 96 20 Oktober
373 1033 81 13 samma
470 1026 22 20 är
508 1027 30 19 till
554 1027 163 20 Guvernörerne
733 1027 6 20 i
755 1027 83 20 landets
855 1027 98 26 samtliga
967 1027 41 20 län,

258 1057 108 24 förordnat
385 1063 37 23 att,
442 1061 116 20 tillsvidare
578 1061 39 20 och
637 1061 104 20 intilldess
760 1062 72 19 derom
854 1061 71 20 kunde
945 1061 64 19 varda

258 1095 132 20 annorlunda
409 1095 141 26 föreskrifvet,
570 1095 279 27 lagmanstingsgästningen
871 1095 64 20 borde
955 1095 52 19 ifrån

259 1129 26 20 de
303 1129 105 26 lagsagor,
428 1135 44 14 som
491 1129 27 20 dä
537 1129 64 20 redan
625 1136 50 13 voro
695 1130 92 19 vakanta
806 1130 45 19 frän
867 1130 39 19 och
923 1129 47 20 med
986 1129 23 20 är

260 1163 61 26 1869,
337 1169 48 14 men
401 1162 53 20 ifrän
471 1163 69 26 öfriga
554 1163 97 27 lagsagor
667 1164 45 19 frän
729 1165 38 19 och
785 1164 47 19 med
848 1163 103 20 mänaden
963 1166 45 17 näsi

259 1197 53 20 efter
328 1196 36 20 det
378 1196 137 26 Lagmannen
535 1197 47 20 med
603 1197 68 20 döden
693 1198 66 26 afgätt
775 1198 51 20 eller
842 1198 83 19 erhällit
940 1204 67 13 annan

259 1230 125 27 befattning,
400 1237 77 20 genom
494 1231 117 26 Styrelsens
627 1232 82 27 försorg
726 1232 104 27 uppbäras
846 1234 54 18 samt
910 1231 98 20 särskildt

258 1265 100 20 förvaltas
374 1265 40 20 och
430 1265 114 20 redovisas.

327 1299 73 27 Enligt
415 1299 26 20 de
457 1300 138 19 summariska
609 1300 122 27 räkningar,
747 1307 51 19 som,
814 1301 6 18 i
836 1301 51 25 följd
903 1301 23 19 af
938 1301 70 19 ofvan-

259 1333 89 21 anförda
362 1333 149 26 förordnande,
527 1334 116 20 tillsvidare
659 1334 54 20 blott
728 1335 32 20 för
776 1335 50 19 åren
839 1335 53 19 1869
904 1335 39 19 och
957 1335 52 19 1870

259 1368 75 19 hunnit
352 1367 32 20 till
403 1368 247 27 Finans-Expeditionen
671 1369 115 26 inkomma,
805 1368 81 27 uppgår
905 1369 103 26 lagmans-

259 1401 185 27 tingsgästningen
460 1402 54 20 ifrån
530 1396 47 26 Åbo
593 1403 39 19 och
649 1400 148 29 Björnebörgs,
813 1402 60 26 Uleå,
889 1402 66 20 Wasa
969 1403 39 19 och

259 1435 101 27 Wiborgs
385 1435 75 20 fordna
485 1437 98 26 lagsagor
603 1437 65 26 sagde
691 1437 23 19 år
737 1437 30 20 till
790 1436 97 20 behållne
911 1439 96 18 sextnsen

259 1469 129 27 fyrahundra
403 1471 77 18 tunnor
495 1477 25 13 en
537 1471 39 19 och
592 1477 25 13 en
635 1471 48 31 half
694 1472 67 25 kappe
778 1470 102 26 spanmål,
897 1471 83 19 hvaraf:
