1142 1786
854 162 34 17 349

265 224 35 21 det
328 224 128 21 åtminstone
478 223 25 20 de
527 223 112 20 ordinarie
661 222 156 28 häradstingen
839 223 72 21 kunde

266 258 52 21 ökas
341 259 35 20 till
399 258 93 25 antalet;
514 259 55 18 samt
589 259 33 18 att
638 257 95 20 nämnda
748 257 79 21 komité
841 257 70 21 kunde

266 293 100 26 derjemte
376 291 30 27 få
420 292 34 26 sig
470 291 76 27 ålagdt
562 291 19 27 ej
596 291 84 20 mindre
695 293 33 18 att
743 291 116 28 öfverväga
874 291 37 21 och

265 328 67 26 yttra,
355 326 107 20 huruvida
482 325 36 21 och
534 326 8 20 i
557 325 56 21 hvad
631 325 50 20 mån
697 325 34 21 det
747 324 65 28 blefve
827 326 85 27 möjligt

266 362 39 23 att,
321 360 47 20 med
383 360 113 20 anlitande
511 360 29 26 af
550 360 69 20 redan
633 358 142 22 åstadkomna
791 359 38 21 och
844 362 29 18 än
881 360 32 20 vi-

267 395 53 20 dare
327 394 88 21 skeende
429 394 141 27 besparingar
581 393 29 27 af
617 394 296 28 lagmanstingsgästningen,

266 429 96 20 anställa
386 435 26 13 en
435 428 101 28 lagfaren
558 428 99 20 bisittare
673 428 128 20 åtminstone
816 428 9 20 i
839 428 74 28 hvarje

266 462 71 22 sådan
360 462 134 26 häradsrätt,
517 468 45 15 som
584 461 81 21 komme
687 464 32 18 att
735 461 66 23 blifva
817 462 95 28 ständig,

267 498 30 19 än
312 496 38 21 ock
364 499 38 23 att,
419 496 8 20 i
442 496 119 27 anledning
576 495 29 28 af
615 496 56 20 hvad
686 495 93 21 komitén
789 495 73 28 funne
872 496 41 27 för

268 530 59 21 tiden
352 537 52 14 vara
427 530 81 28 görligt
531 530 35 20 och
583 530 19 27 ej
617 530 48 20 lade
680 530 78 20 hinder
773 530 7 20 i
794 532 68 25 vägen
872 530 42 27 för

268 571 26 14 en
312 564 111 27 framtida
446 564 102 27 tidsenlig
564 564 119 27 utveckling
698 564 29 27 af
738 564 176 25 domstolsväsen-

269 598 35 21 det
320 598 36 20 och
371 598 254 27 rättegångsordningen,
641 598 99 20 utarbeta
750 598 90 28 förslag
854 599 61 20 såväl

269 632 35 21 till
326 632 192 21 häradsrätternas
538 632 133 27 ombildning
693 632 64 26 äfven
772 633 8 19 i
795 633 34 20 det
851 632 62 28 syfte,

270 669 32 18 att
318 666 108 21 nämnden
441 666 79 21 komme
536 669 32 18 att
583 666 29 27 af
619 666 155 21 kommunerna
785 667 76 26 väljas,
870 673 45 14 som

269 700 37 21 ock
329 701 35 20 till
386 701 26 20 de
434 701 123 27 ändringar
576 700 29 26 af
616 700 37 21 och
669 700 78 28 tillägg
762 701 34 20 till
811 701 104 27 gällande

270 735 42 27 lag,
336 734 71 21 hvilka
429 734 29 28 af
476 735 64 27 sagde
563 734 133 28 ombildning
719 741 48 14 vore
782 734 133 28 påkallade;

270 769 108 26 äfvensom
401 771 32 19 att
452 769 64 21 Hans
531 768 123 28 Kejserliga
670 768 103 27 Majestät
788 769 79 21 täcktes
882 776 33 14 se-

269 803 45 21 dan
329 804 9 19 i
352 803 75 21 Nåder
450 804 46 20 låta
511 803 65 27 sagde
596 803 51 21 eller
663 805 69 19 annat
747 803 30 27 af
787 802 64 22 Hans
867 803 48 21 Ma-

264 838 70 27 jestät
351 837 111 27 godkändt
475 836 90 28 förslag
580 837 7 20 i
603 839 71 18 ämnet
684 836 130 28 föreläggas
830 837 85 21 landets

271 871 93 21 Ständer
380 872 35 20 till
429 871 136 27 granskning
580 871 37 21 och
632 872 130 26 antagande,
778 874 56 18 samt
853 878 16 14 e
886 883 29 9 sv

270 905 64 20 lertid
350 905 46 20 låta
412 904 165 28 ledigblifvande
593 904 273 29 häradshöfdingetjenster
876 912 39 13 an-

269 939 45 20 slås
338 939 35 20 till
395 938 121 28 ansökning
539 939 93 20 allenast
652 939 46 20 med
713 939 74 26 vilkor,
804 941 32 18 att
851 939 64 20 deras

269 972 142 27 innehafvare
433 972 132 21 underkasta
583 973 33 27 sig
626 972 112 27 framtida
755 973 161 27 bestämningar

270 1013 34 14 om
326 1007 144 28 domsagorna
494 1007 36 20 och
553 1007 188 25 häradsrätterna,
765 1006 90 21 likasom
878 1006 38 21 ock

271 1041 46 20 låta
334 1041 295 28 lagmanstingsgästningen,
645 1041 68 24 deraf
724 1041 145 20 kostnaderna
875 1043 42 25 för

265 1074 150 27 förenämnda
440 1075 78 21 komité
544 1075 74 21 kunna
641 1075 112 26 bestridas,
771 1074 146 28 fortfarande

271 1109 110 27 uppbäras
403 1111 62 24 samt,
488 1116 33 14 om
543 1109 90 27 möjligt,
652 1109 77 26 jemväl
739 1109 125 27 förräntas,
875 1108 42 27 för

270 1145 33 18 att
319 1143 7 20 i
336 1143 124 25 framtiden
471 1143 41 28 för
527 1143 111 28 uppgifvet
653 1143 104 21 ändamål
773 1143 119 21 användas.

236 1183 131 26 Helsingfors
384 1183 40 20 den
440 1184 27 19 22
485 1184 41 26 Maj
544 1184 59 19 1872.
