1142 1786
252 160 35 17 420

402 222 246 21 Ekonomiutskottets
663 223 154 22 betänkande
837 225 30 20 N:o
877 225 12 20 2
900 225 6 20 i
918 225 65 20 anled-

367 257 46 26 ning
428 257 22 19 af
462 257 57 20 Hans
534 257 135 26 Kejserliga
688 257 120 26 Majestäts
827 259 70 26 Nådiga
912 265 70 21 propo-

366 291 66 24 sition,
448 297 30 13 om
494 291 80 25 ändring
589 291 22 19 af
623 291 25 20 20
667 291 12 25 &
699 292 27 19 uti
744 292 70 26 Nädiga
836 293 146 26 förordningen,

367 325 99 25 angående
487 324 69 21 handel
578 325 35 20 och
636 325 92 26 näringar
743 326 6 20 i
765 326 84 26 Finland,
865 328 62 25 gifven
946 328 36 20 den

366 358 25 20 24
406 358 92 21 Februari
512 358 53 21 1868.

298 422 74 19 Denna
387 421 84 27 Nädiga
487 422 128 25 proposition
632 421 62 20 hafva
710 422 96 27 samtlige
822 423 92 21 Ständen
931 424 6 19 i
951 424 29 19 af-

229 456 78 20 seende
324 455 12 20 &
351 455 130 26 behandling
496 455 139 20 öfverlemnat
651 456 30 19 till
701 456 216 27 Ekonomiutskottet,
936 464 43 13 som

229 490 56 26 uppä
301 490 66 20 skedd
384 489 107 27 förfrägan
507 489 70 20 blifvit
592 490 151 26 underrättadt,
759 492 30 18 att
805 491 68 27 nägon
893 494 86 18 omröst-

229 525 52 26 ning
298 524 33 20 vid
348 524 98 19 ärendets
467 523 129 25 behandling
611 524 6 19 i
634 524 119 27 Kejserliga
771 525 91 21 Senaten
882 526 47 20 icke
945 528 35 24 egt

228 565 53 13 rum.

298 632 82 20 Genom
403 631 70 26 Nädig
496 631 123 26 förordning
642 632 23 19 af
686 632 39 20 den
751 633 24 19 19
791 633 118 21 December
926 635 52 19 1859

229 666 45 20 blef
295 666 31 20 till
348 666 104 20 Senatens
474 665 117 20 Ekonomie
612 666 151 26 Departement
781 667 154 21 öfverlemnadt
950 671 30 17 att

228 701 67 20 under
317 701 56 19 vissa
396 700 68 19 vilkor
489 700 95 19 meddela
606 700 93 20 tillstånd
722 702 30 18 att
769 701 12 19 &
797 701 72 20 landet
887 702 32 19 till
935 702 43 20 salu

228 736 58 19 hålla
300 735 173 26 köpmansvaror,
490 734 46 20 med
553 734 73 20 hvilka
641 734 77 20 handel
733 735 134 21 derförinnan
887 736 39 20 fått
949 736 29 20 id-

228 770 38 19 kas
290 769 74 20 endast
380 768 4 19 i
402 768 105 26 städerne,
530 768 39 20 och
593 768 112 26 stadgades
728 769 75 26 tillika,
827 770 62 20 bland
909 772 70 22 annat,

227 806 29 18 att
273 804 31 19 för
319 803 65 20 sädan
402 802 137 20 landthandel
554 802 67 20 skulle
637 802 31 20 till
684 802 79 20 kronan
776 804 97 26 erläggas
884 810 26 14 en
926 804 53 20 efter

228 837 207 27 omständigheterne
451 836 82 26 lämpad
550 836 61 26 afgift
626 836 23 20 af
663 837 62 19 minst
740 838 26 19 20
782 838 58 20 rubel
856 838 73 20 silfver
944 844 32 14 om

227 872 51 20 året.
308 872 35 19 Uti
359 871 49 24 den,
423 871 6 19 i
446 870 218 20 öfverensstämmelse
681 872 46 19 med
747 871 127 21 Ständernes
894 872 36 20 vid
946 879 31 13 se-

227 907 59 18 naste
303 905 100 26 landtdag
419 905 78 19 fattade
514 905 73 23 beslut,
603 904 108 21 utfärdade
722 905 129 27 förordning,
867 905 111 27 angående

227 940 76 19 handel
328 939 39 20 och
391 939 99 26 näringar
506 939 6 18 i
528 939 88 19 Finland
639 939 24 19 af
682 939 40 20 den
745 939 27 20 24
794 939 101 20 Februari
918 940 59 25 1868,

227 974 45 20 blef
285 973 128 27 rättigheten
429 975 28 18 att
476 973 95 20 meddela
594 973 92 20 tillstånd
708 973 31 20 för
754 973 92 20 idkande
865 974 22 19 af
901 973 75 20 handel

227 1008 27 27 på
271 1008 71 20 landet
358 1007 144 20 öfverlemnad
514 1007 30 20 till
557 1007 168 26 Guvernörerne,
739 1007 116 26 hvarjemte
866 1007 111 20 beträffan-

227 1043 26 19 de
265 1042 88 27 afgiften
370 1041 31 20 till
419 1041 79 20 kronan
515 1041 31 20 för
562 1041 64 20 sådan
642 1041 79 20 rörelse
739 1041 124 24 bestämdes,
882 1044 30 17 att
927 1042 50 19 den-

226 1083 81 13 samma
322 1076 48 19 icke
386 1075 57 27 finge
460 1075 115 26 öfverstiga
592 1076 38 19 160
646 1075 59 20 mark
721 1082 32 13 om
770 1075 51 20 året.
845 1076 46 19 Men
909 1076 68 19 tillika

226 1110 60 20 inflöt
303 1111 5 18 i
319 1111 27 19 20
362 1112 10 22 $
388 1109 23 20 af
424 1109 165 26 nästäberopade
606 1110 123 27 förordning
745 1112 28 17 ett
796 1110 116 27 stadgande
929 1110 48 19 der-

225 1151 41 19 om,
282 1146 30 17 att
328 1143 160 26 vederbörligen
505 1146 90 24 antagen
613 1143 118 20 handlande
748 1143 69 20 kunde
830 1144 79 26 jemväl
919 1146 55 17 utom

225 1178 41 19 den
283 1180 39 23 ort,
338 1178 37 19 der
391 1178 41 18 han
448 1177 86 19 inrättat
548 1177 30 19 sin
596 1177 165 26 hufvudrörelse,
773 1181 70 23 öppna
853 1178 124 26 försäljning

224 1212 24 20 af
262 1212 172 26 köpmansvaror,
459 1213 48 17 utan
530 1218 68 12 annan
623 1211 91 27 omgång
737 1214 26 17 än
783 1218 24 13 en
825 1212 97 19 anmälan
938 1212 37 19 hos

225 1246 159 20 vederbörande
400 1246 114 26 Magistrat,
531 1245 148 26 Ordningsrätt
688 1246 51 19 eller
748 1246 228 26 Kommunalstyrelse
969 1241 12 35 ;

224 1281 39 20 och
280 1281 68 20 skulle
364 1281 32 19 för
412 1280 64 20 sådan
493 1280 131 20 filialrörelse
640 1280 27 26 på
682 1280 72 20 landet
769 1280 69 27 någon
860 1281 63 26 afgift
944 1280 31 19 till

224 1315 82 20 kronan
329 1315 48 19 icke
400 1321 40 20 ega
463 1321 51 12 rum.
544 1314 73 20 Säsom
640 1321 25 13 en
687 1314 50 26 följd
754 1315 62 19 häraf
832 1315 141 19 framhälles
960 1310 16 35 i

224 1349 40 19 den
280 1349 84 26 Nådiga
379 1349 157 26 propositionen
554 1349 43 19 dels
613 1351 30 17 att
661 1349 108 26 åtskilliga
789 1349 186 19 landskommuner

224 1383 52 19 hade
292 1383 84 19 erhållit
391 1385 30 17 ett
436 1382 134 27 öfverflödigt
585 1385 50 17 stort
651 1383 56 19 antal
727 1383 126 25 handlande,
877 1383 45 19 dels
945 1385 30 17 att

222 1423 26 13 en
265 1417 34 19 del
315 1417 23 19 af
352 1417 66 25 desse,
441 1417 52 19 eller
517 1417 25 19 de
566 1417 22 19 af
592 1417 263 29 Kommunalstyrelserne
875 1419 100 24 antagne,

222 1451 90 26 undgått
328 1451 40 19 den
384 1451 60 26 afgift
461 1451 29 19 till
507 1451 88 26 kronan,
611 1457 44 14 som
671 1451 61 26 eljest
747 1451 68 20 skulle
832 1451 78 26 påförts
926 1451 46 20 dem

222 1485 6 18 i
244 1484 67 20 likhet
328 1485 46 19 med
392 1485 25 19 de
433 1485 186 26 landthandlande,
636 1485 82 19 hvilkas
734 1485 124 26 rättigheter
881 1485 92 19 tillkom-
