1142 1786
888 157 34 17 583

261 217 93 20 Oaktadt
376 217 156 20 fabrikationen
555 217 23 20 af
598 218 27 25 öl,
650 220 71 24 porter
743 219 40 20 och
806 219 66 20 andra
888 221 57 25 jästa

192 251 92 26 drycker
300 251 48 20 icke
364 251 68 19 finnes
448 253 106 24 upptagen
572 251 63 20 bland
651 252 26 19 de
693 252 75 26 yrken,
785 253 12 20 å
812 253 79 26 hvilka,
907 261 37 13 en-

191 285 39 26 ligt
246 287 9 21 $
274 286 22 18 11
315 285 22 19 af
356 285 56 19 Hans
436 285 118 26 Kejserliga
578 285 106 26 Majestäts
707 286 84 27 Nådiga
813 287 132 27 förordning,

192 318 111 27 angående
320 318 77 20 handel
413 319 38 19 och
469 319 98 26 näringar
582 319 6 19 i
605 319 201 21 Storfurstendömet
823 322 89 20 Finland
925 322 22 20 af

192 353 41 19 den
250 354 27 18 24
293 352 100 20 Februari
411 353 60 25 1868,
488 352 155 26 stadganderne
658 354 7 18 i
681 354 65 26 sagde
762 354 123 28 förordning
896 356 48 20 icke

193 388 51 18 böra
268 387 111 25 tillämpas,
403 386 75 20 hvaraf
491 386 82 20 således
589 387 64 20 borde
669 388 70 25 slutas,
759 390 30 18 att
808 390 91 19 nämnde
915 390 30 19 fa-

192 421 106 19 brikation
322 420 53 20 skall
399 421 98 19 hänföras
521 421 31 19 till
575 421 78 19 sådana
675 422 105 26 näringar,
796 429 43 13 som
857 423 88 20 obehin-

193 455 62 20 dradt
270 455 20 19 få
306 455 23 20 af
342 455 72 25 hvarje
430 455 116 26 välfrejdad
563 455 54 19 finsk
634 455 139 27 medborgare
791 456 68 26 idkas,
879 457 66 20 under

194 489 25 20 de
243 489 69 20 vilkor
334 490 38 19 och
390 490 4 18 i
412 490 40 18 den
468 489 91 26 ordning
582 495 79 13 samma
681 490 124 26 författning
820 491 125 25 innehåller,

195 524 37 19 har
248 523 61 23 dock,
325 523 27 26 på
368 525 40 17 sätt
424 530 23 12 ur
462 523 40 19 den
522 523 83 26 Nådiga
623 524 157 25 propositionen
801 524 97 27 framgår,
915 526 30 18 in-

194 557 76 26 träffat,
293 559 30 18 att
345 557 123 26 skiljaktiga
491 557 77 26 åsigter
591 557 37 20 hos
648 558 177 26 myndigheterna
843 560 56 25 gjort
914 560 33 26 sig

194 591 98 26 gällande
308 591 34 19 vid
360 591 156 26 behandlingen
533 591 22 19 af
568 591 125 19 hithörande
709 592 79 26 frågor;
804 593 6 18 i
830 593 116 27 anledning

195 625 76 19 hvaraf
291 625 57 19 Hans
370 625 118 26 Kejserliga
512 625 102 25 Majestät,
631 626 32 18 för
678 627 30 18 att
723 626 131 20 förekomma
872 626 75 20 sådant

195 660 39 18 och
258 659 68 19 tillika
349 659 125 26 möjliggöra
493 659 192 26 upprätthållandet
707 659 22 20 af
742 660 41 26 god
800 660 91 26 ordning
907 660 39 20 och

195 693 99 20 säkerhet
310 693 34 19 vid
361 693 124 26 utöfningen
501 693 23 19 af
538 693 63 25 sagde
616 693 61 25 yrke,
693 694 30 19 till
739 694 129 20 Ständernas
888 697 58 17 anta-

195 728 69 26 gande
280 727 140 20 öfverlemnat
435 727 78 26 förslag
529 727 32 19 till
576 727 124 27 författning
716 728 6 19 i
738 730 77 18 ämnet.

264 761 105 19 Ehuruväl
386 761 43 19 ölet
444 761 39 19 och
500 763 91 23 portern,
606 761 7 19 i
628 761 67 19 likhet
711 762 47 19 med
775 762 26 20 de
817 762 130 20 distillerade

196 795 125 26 dryckerne,
338 798 36 16 äro
390 795 136 26 rusgifvande
543 795 38 20 och
597 795 88 25 således,
702 795 25 19 då
744 796 26 19 de
785 796 106 26 omåttligt
912 796 35 20 be-

196 836 87 20 gagnas,
300 829 62 19 hafva
378 835 80 13 samma
473 829 97 26 skadliga
585 829 102 19 inverkan
704 829 27 26 på
746 830 76 19 folkets
843 830 106 26 sedlighet

197 864 39 19 och
254 863 108 20 materiela
377 863 129 26 utveckling,
530 870 43 12 som
599 863 116 26 bränvinet,
739 864 37 19 har
796 864 151 20 ölkonsumtio-

198 904 40 13 nen
255 897 53 20 dock
324 897 57 20 inom
399 897 45 19 vårt
459 897 49 19 land
524 899 55 17 ännu
598 897 54 24 icke,
675 897 127 20 åtminstone
822 898 7 19 i
849 898 98 19 anmärk-

197 931 152 26 ningsvärdare
364 931 60 26 grad,
440 931 54 19 visat
509 931 23 19 så
547 931 121 26 förderfliga
686 931 135 27 verkningar,
844 934 29 17 att
892 932 56 19 kraf-

198 965 43 26 tiga
257 965 97 26 åtgärder
370 965 30 20 till
417 965 132 20 densammas
565 965 157 20 inskränkande
739 972 50 13 vore
805 966 23 19 af
841 966 108 20 allmänna

197 999 128 20 tänkesättet
340 999 116 26 påyrkade,
473 1001 48 17 utan
538 1002 22 16 är
575 1001 89 17 tvärtom
680 999 43 20 ölet
738 999 23 20 af
771 999 90 26 mången
874 1001 75 18 ansedt

197 1033 68 20 såsom
289 1035 30 18 ett
340 1033 96 26 lämpligt
459 1035 96 24 surrogat
577 1033 31 19 för
632 1033 117 20 bränvinet.
780 1033 48 20 Men
845 1033 26 20 då
887 1034 36 19 det
937 1034 12 19 å

197 1067 67 20 andra
278 1067 60 19 sidan
354 1066 157 26 otvifvelaktigt
526 1069 22 16 är
563 1069 30 16 att
609 1066 78 26 befara,
698 1069 30 17 att
739 1067 138 20 omförmälda
893 1074 56 13 men-

198 1101 44 26 liga
256 1101 77 26 följder
348 1101 48 19 icke
412 1101 60 19 skola
492 1100 107 26 uteblifva,
619 1101 70 19 derest
709 1101 69 19 denna
793 1101 157 26 angelägenhet

198 1135 48 19 icke
262 1135 76 20 ordnas
354 1141 77 20 genom
448 1135 78 19 sådana
541 1135 106 19 allmänna
666 1135 137 25 föreskrifter,
827 1141 44 13 som
894 1136 57 25 tjena

199 1169 31 18 till
246 1170 36 23 att,
305 1169 69 19 såvidt
397 1169 87 25 möjligt,
508 1168 130 19 förekomma
655 1168 102 20 missbruk
773 1169 24 19 af
811 1175 70 18 varan,
901 1171 49 18 utan

200 1204 30 18 att
246 1202 26 26 pä
288 1208 80 14 samma
384 1202 56 26 gång
462 1202 115 19 inskränka
600 1202 133 19 densammas
749 1202 6 18 i
771 1202 39 19 och
827 1202 31 19 för
873 1202 33 25 sig
929 1208 22 14 o-

200 1236 97 26 skadliga
320 1236 134 25 fabrikation,
479 1236 36 19 har
538 1236 107 19 Utskottet
667 1238 68 17 ansett
759 1242 25 13 en
804 1236 148 26 författning
939 1232 16 34 i

200 1273 71 17 ämnet
287 1276 49 13 vara
352 1270 23 19 af
390 1270 98 20 behofvet
504 1270 105 26 påkallad.

271 1305 39 18 Det
326 1311 26 12 nu
368 1304 146 26 föreliggande
530 1304 77 25 förslag
623 1304 31 19 till
669 1310 26 13 en
711 1304 40 19 slik
768 1303 124 27 författning
911 1305 41 18 slu-

201 1340 31 18 ter
248 1339 32 25 sig
296 1338 6 19 i
318 1338 164 26 hufvudsakliga
498 1338 58 19 delar
571 1338 31 19 till
619 1337 184 26 ofvanåberopade
814 1337 83 27 Nådiga
912 1339 40 18 för-

202 1373 90 25 ordning
308 1373 23 18 af
344 1372 41 19 den
402 1373 26 18 24
444 1372 100 19 Februari
562 1373 59 24 1868,
644 1372 65 19 ehuru
732 1372 63 19 redan
816 1372 6 19 i
838 1372 12 19 2
869 1374 9 22 $
895 1372 61 20 deraf

201 1406 61 24 ingår
279 1408 29 17 ett
324 1407 44 18 från
386 1407 64 25 sagde
466 1406 123 26 förordning
606 1406 104 25 betydligt
725 1405 114 20 afvikande
855 1406 98 26 stadgan-

204 1440 34 19 de.
269 1440 61 19 Detta
346 1440 118 25 stadgande
479 1441 55 18 afser
550 1440 90 19 kontroll
656 1440 59 19 öfver
731 1439 57 20 såväl
808 1439 146 21 beskaffenhe-

203 1477 35 16 ten
256 1480 42 13 som
323 1473 100 27 beloppet
446 1475 22 18 af
489 1474 164 25 tillverkningen
669 1474 36 19 vid
722 1473 93 19 fabriker
831 1473 31 19 för
880 1474 74 20 bered-
