1142 1786
881 161 33 18 341

186 223 102 26 spanmål,
312 225 53 18 samt
380 225 30 18 att
426 223 62 20 deraf
502 224 65 19 under
583 224 84 26 vanliga
683 225 147 20 förhållanden
847 226 26 19 68
890 227 45 18 tun-

185 264 38 13 nor
246 258 39 19 och
301 258 12 19 2
330 257 80 26 kappar
432 257 48 20 icke
504 258 91 25 utginge.
627 258 31 20 Då
680 259 81 19 således
784 259 150 26 afkortningen

184 293 58 18 inom
261 291 63 20 Wasa
338 292 34 19 län
390 292 65 19 under
472 292 85 26 vanliga
574 291 146 21 förhållanden
737 296 59 22 utgör
813 294 74 18 endast
899 293 35 19 nå-

184 329 38 23 got
242 332 58 13 mera
316 328 26 17 än
358 326 25 26 51
401 328 93 23 procent,
511 325 58 19 torde
585 325 151 27 afkortningen
753 326 30 20 för
799 327 48 19 hela
862 327 73 19 landet

184 360 49 19 ieke
250 359 104 20 beräknas
370 360 31 18 för
418 359 49 26 lågt,
483 359 45 19 ifall
544 359 39 19 den
600 362 88 24 antages
704 362 74 24 utgöra
793 361 12 19 6
821 363 94 24 procent.

254 393 47 26 Om,
325 394 47 19 med
395 394 120 25 antagande
538 393 64 25 häraf,
624 394 35 19 det
675 394 72 20 vidare
762 394 126 27 förutsättes,
904 397 31 17 att

184 428 75 26 frågan
289 434 32 13 om
346 428 180 19 häradsrätternas
549 428 167 26 reorganisation
739 428 70 20 kunde
833 430 64 19 redan
921 429 12 19 &

185 462 128 26 landtdagen
338 462 22 19 är
386 462 50 19 1877
460 462 23 19 af
504 462 117 20 Ständerna
643 462 104 26 slutföras,
763 469 47 13 men
826 466 31 17 att
872 463 60 20 verk-

185 496 135 26 ställigheten
337 497 22 19 af
372 496 104 20 reformen
493 496 54 19 dock
563 496 47 20 icke
625 496 84 20 komme
721 498 29 18 att
761 496 109 26 begynnas
881 497 51 19 förr-

185 534 26 16 än
235 530 35 20 vid
289 530 105 26 ingängen
412 530 22 19 af
450 530 22 19 är
489 530 61 25 1879,
566 530 22 19 sä
603 530 48 25 kan,
669 530 47 20 med
731 530 120 20 kännedom
867 530 65 26 deraf,

184 567 31 17 att
230 564 41 20 den
288 564 30 20 för
334 564 50 20 åren
402 564 52 20 1869
471 564 39 20 och
529 564 52 19 1870
598 564 115 25 besparade
724 564 207 27 lagmanstingsgäst-

185 599 78 25 ningen
280 598 6 19 i
295 598 71 20 värde
390 600 114 18 motsvarar
525 598 88 24 131,454
630 598 59 19 mark
705 598 26 20 29
747 598 71 26 penni,
834 601 54 17 samt
903 600 30 18 att

183 633 13 19 f.
208 633 20 19 d.
244 633 128 24 lagmannen
387 632 6 19 i
408 631 103 22 Karelska
529 632 100 26 lagsagan
645 632 68 20 aflidit
730 632 3 20 i
748 632 86 20 Januari
857 632 74 20 månad

185 667 144 19 innevarande
352 666 29 26 är,
400 672 48 14 men
467 668 30 17 att
512 662 183 30 fingsgästningen
712 666 44 19 från
773 666 102 26 Nylands-
893 666 39 20 och

185 701 131 19 Tavastehus
339 700 86 26 lagsaga
444 700 127 20 fortfarande
587 700 104 26 uppbäres
707 700 23 19 af
743 695 130 25 sistnämnda
888 700 43 26 lag-

186 741 60 20 sagas
267 735 99 19 sednaste
382 734 144 26 innehafvare,
541 734 92 26 följande
650 734 117 26 beräkning
783 740 102 20 uppgöras
902 734 29 20 öf-

186 776 36 12 ver
238 769 35 19 det
297 768 83 26 belopp,
396 768 84 20 hvartill
496 768 40 20 den
553 768 114 25 besparade
686 768 245 26 lagmanstingsgästnin-

186 810 40 20 gen
244 802 106 20 sannolikt
366 802 84 20 komme
466 804 30 17 att
512 802 74 26 uppgå,
601 804 38 17 när
648 802 40 19 den
698 802 158 26 ifrågavarande
867 802 63 20 refor-

187 844 47 13 men
251 837 86 26 tidigast
352 836 70 20 kunde
439 838 49 24 taga
503 836 31 19 sin
552 836 83 25 början:

798 869 58 17 Mark,
902 869 30 22 pii.

254 899 142 26 Besparingar
411 897 32 21 för
458 897 50 20 åren
527 897 52 20 1869
595 898 40 19 och
654 898 66 19 1870.
751 913 4 4 .
787 898 95 25 131,454:
899 898 33 20 29.

254 933 38 20 D:o
310 933 30 19 för
356 933 44 18 äret
418 933 49 18 1871
486 932 39 19 och
540 931 86 20 Januari
645 932 52 19 1872
708 931 45 20 frän

289 967 46 26 fyra
350 967 98 26 lagsagor
467 981 4 4 .
502 981 5 4 .
538 981 4 4 .
573 981 4 4 .
608 981 4 4 .
642 981 4 4 «+
797 966 82 25 86,544:
897 967 34 19 30.

254 1002 39 19 D:o
309 1001 31 20 för
357 1001 24 19 11
400 1000 99 20 månader
510 1000 23 20 af
544 1000 44 19 året
598 1000 53 19 1872
659 999 46 20 från
714 1000 41 19 fem

290 1035 96 26 lagsagor
397 1050 4 4 .
467 1049 40 4 sr
538 1049 39 4 rr
608 1049 5 4 er
644 1049 39 4 kr
799 1034 83 25 96,152:
899 1035 34 20 98.

254 1069 39 20 D:o
309 1069 31 19 för
356 1069 50 19 åren
425 1068 52 19 1873
488 1080 4 1 -
510 1068 52 19 1878
578 1067 45 20 från
635 1067 41 20 fem
689 1068 65 26 lagsa-

289 1109 45 20 gor,
350 1103 12 18 &
380 1103 88 25 104,94
485 1101 58 20 mark
557 1103 23 18 15
592 1102 63 25 penni
667 1108 33 13 om
712 1101 45 20 året
786 1101 97 26 629,364:
899 1102 34 20 90.

623 1125 22 44 *
670 1125 89 44 Summa
780 1125 107 44 943,516:
898 1125 41 44 47.

256 1178 47 18 Men
320 1183 44 13 som
382 1177 25 19 de
424 1176 109 20 efterhand
549 1176 116 26 inflytande
682 1175 84 20 medlen
783 1176 63 19 borde
862 1176 73 19 kunna

186 1215 62 24 göras
270 1210 160 25 räntebärande,
454 1210 22 19 sä
498 1212 23 17 är
542 1210 35 19 det
591 1210 110 25 antagligt,
717 1212 31 16 att
763 1209 39 19 den
820 1209 115 26 besparade

187 1252 94 13 summan
305 1245 49 25 kan,
379 1244 46 19 med
450 1244 74 26 tillägg
546 1244 22 19 af
582 1246 106 23 räntorna,
705 1243 33 20 vid
754 1243 106 26 ingängen
876 1243 23 19 af
911 1243 24 20 är

189 1281 53 19 1879
262 1279 70 26 uppgä
349 1279 30 19 till
396 1278 63 26 nägot
474 1277 59 20 öfver
549 1284 25 13 en
591 1277 72 26 miljon
680 1277 58 19 mark
754 1277 61 19 äfven
831 1283 33 13 om
881 1277 53 19 ifrån

189 1315 123 18 densamma
328 1313 84 19 komme
430 1314 28 17 att
474 1312 97 25 afdragas
587 1311 143 20 kostnaderna
746 1311 31 19 för
793 1311 40 19 den
849 1311 86 25 komité,

188 1349 62 19 hvars
266 1347 129 20 tillsättande
411 1346 31 19 för
457 1346 98 19 ärendets
571 1346 72 19 vidare
660 1345 115 26 beredning
790 1344 146 27 Lagutskottet

188 1381 116 21 nedanföre
328 1381 100 19 förordar.
459 1379 73 21 Skulle
552 1380 87 20 ärendet
654 1379 44 20 åter
714 1379 51 19 först
781 1379 33 19 vid
833 1379 53 19 1882
902 1379 33 18 års

189 1415 102 26 landtdag
315 1414 71 20 kunna
408 1415 23 19 af
452 1414 117 20 Ständerna
587 1413 103 25 slutföras,
706 1413 23 19 så
745 1413 84 19 komme
845 1413 39 18 den
901 1412 34 20 be-

190 1450 88 26 sparade
296 1449 182 26 tingsgästningen
494 1450 30 17 att
540 1448 33 19 vid
590 1447 105 26 ingången
711 1447 23 19 af
747 1447 22 19 år
788 1447 59 24 1884,
863 1446 26 19 dä
905 1453 30 13 re-

190 1485 92 18 formens
307 1482 160 26 verkställighet
489 1482 7 18 i
518 1481 64 20 sådan
607 1481 100 19 händelse
728 1480 70 20 kunde
823 1481 114 25 begynnas,
