1142 1786
603 229 10 21 s
630 227 18 19 4.

386 265 53 20 Lika
456 265 46 20 med
519 267 9 22 $
546 268 11 18 5
573 266 6 19 i
596 266 105 27 förslaget.

605 314 10 22 S
632 314 18 18 5.

388 351 30 19 Af
432 357 80 13 samma
527 352 94 19 innehäll
637 358 44 14 som
698 355 9 22 $
724 354 11 18 7
751 354 7 18 i
774 354 39 19 den
827 354 83 26 Nädiga
922 362 45 19 pro-

320 385 126 26 positionen.

564 433 21 21 SS
603 431 10 19 6
631 432 39 19 och
685 432 20 19 7.

389 470 149 20 Motsvarande
554 472 21 23 $$
591 472 12 18 8
619 472 40 19 och
675 472 11 19 9
702 472 7 19 i
725 472 105 27 förslaget.

389 510 80 20 Tillika
491 510 31 20 får
544 511 107 20 Utskottet
678 512 105 20 vördsamt
810 513 109 21 hemställa
939 517 30 17 att

320 544 119 20 Ständerna
456 544 48 20 ville
520 544 93 20 anhälla:

389 585 33 19 att
438 584 80 26 nödiga
539 584 145 27 föreskrifter
707 592 33 14 om
762 587 70 24 sättet,
853 586 56 21 huru
925 590 45 18 rät-

321 617 66 27 tiyhet
403 618 35 20 till
453 617 148 28 utskänkning
616 619 30 26 af
657 619 26 25 öl,
700 622 76 24 porter
795 620 36 20 och
852 621 71 21 andra
933 622 38 26 jä-

320 654 35 18 sta
370 651 91 27 drycker
476 652 35 20 mä
526 652 75 20 kunna
621 653 78 21 vinnas
722 654 37 20 och
777 655 95 20 rörelsen
891 655 80 27 bedrif-

321 692 43 19 vas,
388 686 66 20 måtte
477 686 30 26 af
527 686 134 28 Regeringen
683 687 105 27 utfärdas
811 688 36 20 och
870 689 47 21 deri
939 690 32 20 in-

322 722 73 24 tagas:

390 756 33 18 att
438 754 65 27 ingen
526 757 54 17 utan
598 754 138 22 kommunens
756 756 101 21 tillständ
875 758 35 19 mä
926 758 43 20 till-

322 788 110 21 erkännas
448 788 42 21 slik
506 789 103 27 rättighet
625 790 36 20 och
677 790 122 21 densamma
815 791 8 20 i
839 791 64 27 ingen
917 792 56 20 hän-

322 822 56 20 delse
401 822 107 21 meddelas
531 830 74 13 annan
629 826 29 18 än
680 824 95 20 välkänd
794 824 35 21 och
849 825 124 27 välfrejdad

321 863 80 21 person
418 859 57 18 samt
498 857 102 27 slutligen
623 860 33 18 att
679 859 71 26 nägon
766 866 75 13 annan
857 862 28 17 än
901 860 73 26 vanlig

323 890 165 27 näringsafgijt
510 891 45 20 icke
571 892 61 26 finge
655 898 25 13 en
703 892 59 27 dylik
780 892 195 28 utskänkningsrö-

322 925 54 20 relse
392 925 90 20 äsättas.

289 965 44 19 Allt
349 965 63 25 detta,
432 966 66 24 jemte
524 972 25 13 en
574 966 23 19 af
617 966 108 26 ätskilliga
743 967 116 20 ledamöter
879 967 94 26 afgifven

220 999 130 19 reservation
367 999 6 19 i
389 999 73 26 saken,
479 999 31 20 får
525 1000 208 20 Ekonomiutskottet
749 1001 100 26 härjemte
867 1001 29 20 till
912 1001 59 20 Stän-

220 1034 75 19 dernas
311 1033 99 26 pröfning
426 1034 152 19 vördsammast
593 1035 138 19 öfverlemna.

292 1073 139 26 Helsingfors,
448 1073 41 20 den
509 1075 23 18 17
549 1074 40 25 Maj
608 1075 59 18 1872.

515 1187 168 20 Reservation:

290 1249 69 20 Jemte
376 1250 35 19 det
424 1250 44 25 jag,
485 1250 25 25 pä
526 1250 45 19 skäl
587 1257 44 12 som
647 1250 23 19 af
678 1250 108 19 Utskottet
799 1250 67 19 blifvit
880 1251 95 25 anförde,

222 1284 68 19 finner
307 1283 25 20 de
348 1283 108 20 allmänna
472 1284 158 19 föreskrifterna
646 1284 5 19 i
667 1284 83 26 Nädiga
767 1284 150 27 förordningen
934 1285 40 19 den

222 1319 27 18 24
273 1317 101 20 Februari
399 1318 53 19 1868
476 1318 110 25 angäende
609 1317 95 20 vilkoren
728 1318 31 19 för
786 1318 127 19 inrättandet
937 1319 38 18 och

222 1352 121 19 drifvandet
365 1351 23 20 af
409 1351 93 20 fabriker
526 1354 54 17 samt
596 1352 152 26 färsäljningen
764 1352 23 19 af
801 1352 59 19 deras
875 1352 100 19 'tillverk-

224 1386 75 26 ningar
316 1392 50 13 vara
381 1386 6 19 i
404 1386 41 19 allo
462 1386 125 26 tillämpliga
603 1386 61 19 äfven
682 1386 26 26 pä
724 1386 93 19 fabriker
833 1387 30 18 för
883 1386 92 19 tillverk-

224 1420 51 26 ning
290 1420 23 19 af
324 1421 56 24 jästa
395 1420 99 25 drycker,
511 1422 47 17 utan
575 1422 29 17 att
620 1420 89 19 särskild
726 1420 152 26 lagförklaring
893 1421 5 18 i
918 1420 57 19 detta

224 1454 101 19 afseende
341 1457 23 16 är
379 1454 23 19 af
416 1454 76 24 nöden,
509 1454 66 19 häller
588 1455 37 24 jag
641 1455 44 18 före
701 1456 30 17 att
746 1454 93 19 hvarken
857 1461 22 12 ur
899 1454 76 25 sedlig-

225 1488 73 19 hetens
322 1487 51 19 eller
396 1488 40 18 den
460 1488 107 19 allmänna
590 1488 129 25 ordningens
739 1488 107 25 synpunkt
861 1488 116 26 anledning
