1023 1686
304 141 72 22 Nådiga
387 142 140 22 Propositionen
539 141 37 17 N:o
586 142 28 16 31.
788 140 44 19 1029

92 190 33 20 det
139 192 50 18 antal
203 191 107 19 ledamöter
324 191 129 19 Guvernören
468 191 86 19 bestämt
567 192 22 17 är
602 190 95 25 fulltaligt,
716 190 29 19 för
758 190 76 19 hvilket

90 217 91 20 ändamål
196 217 127 25 suppleanter
337 217 53 23 böra,
407 217 35 19 der
463 216 21 20 så
500 216 106 24 erfordras,
622 216 21 20 af
654 217 129 19 Guvernören
797 216 37 20 till-

90 243 64 19 kallas
166 244 64 18 ibland
245 243 133 20 ledamöterne
392 243 6 19 i
412 243 24 19 de
451 244 29 18 för
494 242 43 20 året
558 242 83 20 utsedde
655 242 180 26 bevillningskomi-

90 270 69 18 téerna
173 270 5 17 i
192 270 59 19 länet.

144 295 129 20 Guvernören
287 297 21 18 är-
323 295 200 25 Pröfningskomiténs
543 295 124 22 ordförande,
682 295 47 19 med
743 294 91 25 rättighet

90 323 28 25 att
132 321 5 19 i
151 321 99 20 komiténs
264 322 176 25 öfverläggningar,
456 327 45 14 men
515 321 44 19 icke
574 321 4 18 i
593 321 47 19 dess
657 321 72 24 beslut,
748 320 84 25 deltaga.

89 345 27 22 Är
136 348 127 19 Guvernören
283 348 80 19 hindrad
384 351 28 16 att
432 347 200 26 Pröfningskomiténs
653 347 180 20 sammankomster

89 375 77 24 bivista,
176 375 52 19 föres
238 375 56 20 ordet
304 375 21 19 af
333 375 43 25 den,
385 375 141 19 Guvernören
513 369 10 35 i
537 374 34 19 sitt
582 375 55 18 ställe
646 374 63 19 dertill
720 373 110 20 förordnar.

91 401 75 20 Uteblir
179 401 86 20 ledamot
279 402 47 19 eller
340 401 47 20 dess
402 401 109 25 suppleant,
527 403 48 17 utan
591 401 68 24 förfall,
679 399 41 20 från
734 400 99 19 komiténs

90 428 156 23 sammanträde,
263 428 45 19 böte
328 428 70 26 fyratio
412 427 65 24 mark;
501 428 37 19 och
555 427 36 19 bör
609 427 92 24 komitén,
723 427 69 19 derest
804 427 29 18 in-

90 454 86 25 gendera
197 454 179 20 tillstäleskommit
396 455 38 18 och
455 454 85 19 komitén
561 453 78 20 således
661 453 16 25 ej
696 453 38 20 kan
748 453 63 24 träda
826 453 6 18 i

90 481 136 24 verksamhet,
243 481 77 24 vidtaga
338 481 100 19 enahanda
456 480 68 26 åtgärd
541 485 44 14 som
601 480 28 19 uti
646 480 10 25 $
671 481 25 18 14
711 481 22 18 är
750 479 6 19 i
770 479 63 26 dylikt

89 507 31 20 fall
135 507 30 19 för
178 507 191 26 Bevillningskomité
383 507 133 19 föreskrifvet.

142 533 120 20 Protokollet
276 533 32 20 vid
323 533 99 19 komiténs
438 533 146 19 sammanträde
598 533 53 19 föres
667 533 21 18 af
699 532 38 20 den
751 537 80 20 person,

89 560 129 19 Guvernören
238 560 62 19 dertill
318 562 61 22 utser,
396 562 53 16 emot
470 558 113 26 åtnjutande
603 558 74 20 arvode
698 559 21 18 af
731 558 26 19 tio
775 558 56 19 mark

90 591 33 14 om
137 585 70 25 dagen.
712 586 2 2 :

144 611 71 20 Såsom
225 612 84 19 kronans
316 611 73 20 ombud
400 612 38 19 och
447 612 30 19 för
486 611 152 27 upplysningars
647 610 130 21 meddelande
787 609 46 27 älig-

89 644 35 19 ger
132 639 193 19 Ländskamreraren
336 639 46 18 eller
392 639 44 24 den,
445 639 128 19 Guvernören
583 639 5 17 i
599 639 49 18 hans
659 638 54 19 ställe
721 637 110 24 förordnar,

90 665 105 19 öfvervara
209 665 202 24 Pröfningskomitöns
426 665 184 24 sammankomster,
625 664 45 19 med
684 663 112 26 skyldighet
806 665 29 17 att

90 694 46 23 göra
149 691 25 19 de
189 691 147 23 anmärkningar
346 692 38 19 och
398 691 169 25 framställningar,
583 691 77 18 hvartill
675 691 37 18 han
723 690 29 19 för
765 689 70 20 iaktta-

90 717 62 26 gande
166 718 20 19 af
194 718 85 19 kronans
292 720 38 17 rätt
345 717 62 20 finner
422 718 29 24 sig
462 724 35 19 ega
511 717 108 24 anledning.
641 717 130 19 Guvernören
785 721 49 14 vare

90 744 108 25 berättigad
216 746 27 17 att
257 745 5 18 i
278 745 38 18 och
333 745 29 18 för
377 744 152 26 upplysningars
541 743 130 19 meddelande
685 742 28 19 till
724 742 111 25 Pröfnings-

90 770 98 19 komitöns
206 770 157 19 sammankomst
379 770 69 19 inkalla
468 771 26 19 Je
510 769 137 20 kronoombud
662 769 5 18 i
682 767 153 26 bevillningsko-

90 797 102 24 miteerna,
215 797 77 18 hvilkas
308 798 83 17 närvaro
410 802 60 13 anses
490 797 5 18 i
516 795 68 20 sådant
605 795 92 20 afseende
717 794 64 25 nödig.
811 793 22 25 Ej

90 823 76 19 mindre
177 823 68 19 -desse
260 829 102 19 personer,
381 824 23 18 än
419 823 133 19 ledamöterne
567 823 4 17 i
587 821 189 25 Pröfningskomitén
790 825 42 23 ega,

89 851 35 25 att,
142 848 24 20 då
187 849 25 19 de
228 849 43 19 icke
292 850 34 18 äro
344 850 5 18 i
364 848 215 20 läne-residensstaden
594 848 84 24 bosatte,
699 847 135 25 tillgodonjuta

90 875 108 25 skjutslega
212 876 29 18 för
262 881 23 13 en
300 875 44 19 häst
358 875 28 19 för
407 875 58 19 fram-
480 876 37 18 och
531 874 101 19 återresan
649 876 53 17 samt
715 874 28 18 tio
757 872 57 20 mark
828 872 6 19 i

91 902 129 19 traktamente
234 902 29 19 för
278 900 70 26 hvarje
361 906 54 15 rese-
428 902 38 19 och
479 900 171 26 förrättningsdag.

434 954 10 25 $
458 954 32 20 26.

144 995 48 25 Den,
208 1001 44 14 som
266 995 56 20 öfver
331 995 203 26 Bevillningskomités
543 994 65 25 utslag
621 994 29 25 sig
664 994 101 24 besvärat,
778 994 57 19 med-

90 1021 44 20 dele
147 1022 190 25 Pröfningskomitén
352 1023 36 18 alla
404 1022 25 19 de
443 1021 141 26 upplysningar
598 1021 73 18 honom
691 1019 30 20 stå
736 1020 27 19 till
778 1019 52 20 buds

90 1047 83 20 rörande
188 1049 48 18 hans
251 1049 119 19 inkomsters
381 1048 85 25 verkliga
481 1049 79 24 belopp.
583 1046 84 20 Sålunda
681 1047 86 24 frivilligt
777 1046 55 19 med-

90 1074 56 20 delad
161 1075 75 24 uppgift
250 1074 32 20 må
296 1075 44 19 icke
354 1077 46 17 utan
414 1075 149 19 besvärandens
577 1073 120 26 uttryckliga
707 1073 106 26 samtycke
827 1073 7 19 i

89 1101 100 18 komitens
203 1101 96 24 protokoll
313 1101 74 25 intagas
402 1101 48 19 eller
464 1101 20 19 af
493 1100 62 25 någon
570 1100 97 19 komiténs
681 1099 86 20 ledamot
779 1101 56 17 utom

89 1126 88 20 komiten
192 1127 90 25 omtalas,
298 1127 38 19 och
349 1127 50 19 skall
415 1126 44 24 den,
476 1126 60 20 sedan
547 1125 66 25 frågan
627 1131 35 13 om
675 1130 76 14 samma
764 1125 71 19 bevill-

90 1153 158 25 ningsskyldiges
269 1154 53 24 afgift
343 1153 63 19 blifvit
423 1152 81 26 afgjord,
527 1155 69 22 genast
613 1152 26 19 till
657 1152 72 19 honom
745 1151 91 20 äterstäl-

90 1179 30 19 las
135 1180 47 18 eller
195 1180 109 25 bevisligen
320 1180 96 18 förstöras
432 1179 19 19 af
464 1179 44 23 den,
530 1184 44 14 som
590 1178 114 19 densamma
724 1178 108 24 emottagit.

92 1205 49 19 Utan
162 1205 68 19 hinder
247 1206 20 18 af
279 1206 93 19 uteblifna
393 1206 47 19 eller
454 1205 133 25 ofullständiga
602 1204 97 26 uppgifter
717 1204 49 20 skall
783 1204 51 20 dock

90 1232 187 24 pröfningskomit&n
292 1232 68 25 päföra
372 1232 38 19 den
425 1231 200 25 inkomstbevillning,
641 1236 44 14 som
699 1230 88 26 skäligen
801 1236 33 14 an-

91 1263 33 14 ses
139 1258 46 19 böra
200 1258 20 19 af
232 1258 195 26 bevillningsskyldig
444 1259 87 25 utgöras.

433 1311 10 23 $
457 1312 33 17 27.

143 1346 198 26 Pröfningskomitens
355 1347 73 19 fattade
448 1348 65 18 beslut
531 1346 53 20 skola
599 1346 4 18 i
619 1346 47 19 Jess
686 1346 98 24 protokoll
799 1351 33 14 an-

91 1373 81 19 tecknas
186 1373 37 19 och
237 1373 25 19 de
276 1373 199 25 bevillningsafgifter,
487 1378 44 15 som
545 1372 5 19 i
565 1371 44 25 följd
623 1372 20 19 af
653 1372 98 19 komitens
766 1372 66 20 beslut

91 1399 111 20 tillkommit
216 1400 47 19 eller
276 1400 63 19 blifvit
353 1400 107 19 fastställde
474 1400 26 19 till
518 1401 57 17 annat
588 1399 71 24 belopp
675 1399 25 18 än
715 1398 33 19 det
764 1398 68 20 bevill-

92 1425 141 26 ningskomiten
248 1425 69 27 päfört,
334 1426 54 19 skola
410 1428 96 23 -upptagas
523 1425 5 20 i
542 1424 228 27 bevillningslängderne;
785 1424 47 21 med
