1011 1686
169 143 42 32 206
389 145 71 21 Nådiga
471 145 139 22 Propositionen
624 143 35 17 N:o
671 144 27 16 30.

176 177 80 33 a
363 177 11 33 —
384 177 9 33 =-
396 177 57 33 -?"
180 189 737 13 ——————
730 177 16 33 —
749 177 3 33 —
755 177 55 33 —
813 177 38 33 =X==
860 177 5 33 2
869 177 7 33 2
904 177 17 33 2

206 221 45 19 med
265 220 61 20 finskt
339 220 48 20 eller
400 220 58 26 ryskt
472 220 63 24 fartyg
562 234 3 4 .
597 234 3 2 +
632 233 3 3 <
668 234 2 3 <
703 233 2 3 <
738 233 3 3 +]
785 228 26 3 —
866 218 24 18 30

221 256 10 8 »
319 246 99 20 utländskt
472 246 269 19 TEN
754 240 12 34 |
865 244 25 20 60

179 273 124 24 Kontrakt,
319 272 98 25 skriftligt:
592 295 2 3 N

182 301 32 18 4:0
231 300 38 19 Om
287 299 92 24 arrende,
399 298 58 26 hyra,
476 298 51 25 lega,
545 296 63 25 städja
623 297 46 19 eller
683 301 61 15 annan

207 326 62 25 afgäld
287 325 28 19 för
333 315 91 34 egendom
428 331 12 13 ,
460 325 47 22 hus,
526 329 54 19 rum,
596 323 49 23 bod,
661 323 82 22 källare,

209 337 56 44 tomt,
281 350 99 26 trädgård,
396 357 68 18 gvarn,
481 340 69 33 fabrik,
566 340 56 34 bruk,
634 339 55 34 åker,
699 350 45 23 äng,

207 363 115 50 beleshage,
338 377 56 25 skog,
410 376 67 20 fiskeri
492 382 26 13 m.
536 382 25 13 m.,
590 375 21 20 så
626 376 4 18 i
646 364 43 30 stad
703 380 43 14 som

208 404 25 31 på
248 404 71 23 landet,
335 403 48 20 skall
398 405 47 17 utan
460 403 91 19 afseende
565 391 10 30 å
588 401 34 20 det
632 403 44 23 sätt,
688 401 58 20 hvar-

209 430 23 25 på
248 419 112 30 kontraktet
374 431 21 18 är
409 429 124 26 upprättadt,
551 429 64 18 förses
632 418 45 29 med
691 427 55 20 karta

208 456 101 20 beräknad
324 457 50 18 efter
392 455 39 20 den
446 441 171 50 arrendesumma,
637 455 48 25 hyra
699 454 48 19 eller

209 483 68 25 afgäld,
301 488 44 14 som
358 482 30 19 för
402 483 41 18 helt
460 481 21 20 år
503 482 29 25 sig
550 470 85 37 belöper,
655 481 90 20 sålunda:

209 509 24 19 då
248 510 62 25 hyran
320 509 29 18 för
359 508 43 20 året
416 509 55 25 utgör
486 509 24 19 till
526 508 38 19 och
578 507 46 20 med
638 508 38 19 200
690 507 58 20 mark
760 503 15 36 |
790 518 25 3 —
870 507 24 19 80

208 535 115 20 derutöfver
336 535 26 20 till
378 535 38 20 och
430 528 46 26 med
490 536 38 19 300
543 535 62 19 mark.
803 535 9 18 1
869 543 26 4 —

255 570 10 9 »
346 570 10 9 »
444 570 9 8 »
493 563 36 18 500
560 568 10 10 »
600 576 4 3 .
803 561 12 18 2
870 570 26 3 —

256 596 10 9 »
348 596 9 9 »
445 596 10 9 »
493 588 37 19 750
560 595 10 9 »
803 587 11 19 3
870 597 26 3 =

252 609 14 32 »”
348 622 9 9 »
445 622 10 9 »
471 614 59 23 1,000
560 622 10 8 »
805 613 10 19 5
870 623 26 3 —

257 649 10 9 »
348 649 10 8 »
445 649 10 8 »
472 641 58 24 4,500
560 648 9 8 »
600 655 4 3 <
672 654 75 4 001
805 640 11 18 7
837 629 18 41 |
871 650 26 2 —

257 676 10 8 »
348 675 9 9 »
445 675 9 9 »
470 667 61 21 2,000
561 674 9 9 »
602 682 2 2 .
638 682 2 2 =
673 682 3 2 oc
709 681 2 3 .
747 682 1 3 |
792 666 24 19 10
870 676 26 3 =

257 702 10 8 »
348 702 9 8 ”
445 702 10 8 »
471 692 59 24 2500
561 700 9 9 »
601 708 3 3 so
637 708 3 3 sc
672 708 3 2 co
708 707 3 3 cv
744 708 3 4 vh
792 693 24 19 42
871 703 25 3 —

257 728 10 9 a
348 728 9 8 N
445 728 11 8 »
472 719 59 23 3,000
561 728 10 8 »
638 735 3 2 <
673 734 39 3 sv
755 734 1 4 I
793 719 24 19 45]
871 729 26 3 —

257 754 10 9 j
349 754 9 8 »
447 754 9 9 »
471 746 60 23 4,000
561 754 9 8 »
602 761 3 3 2
709 761 39 3 0.1
792 746 25 18 20
839 734 18 40 |
872 756 26 3 —

257 781 10 9 »
349 780 10 9 »
447 781 9 8 »
472 772 60 24 6,000
603 787 3 3 os
638 787 3 3 <
673 787 4 3 <
709 787 39 4 L.
793 772 24 20 30
872 782 26 3 ==

258 808 10 9 »
348 807 10 9 »
446 807 10 9 »
472 799 59 23 8,009
563 807 9 9 »
674 814 3 2 <
745 814 4 3 001
793 799 25 19 40
872 809 26 3 —

213 828 52 17 samt
279 825 112 19 derutöfver
406 824 29 20 för
449 814 68 35 hvarje
531 826 44 19 fulla
587 826 8 18 1
601 814 45 35 000
674 837 39 7 0.
807 825 11 20 5
872 836 25 3 —

185 853 101 24 Begagnas
304 851 113 20 kontraktet
433 852 78 19 utöfver
528 851 38 20 den
585 841 42 30 deri
648 840 103 31 bestämda

212 879 34 23 tid,
263 879 89 25 erlägges
367 879 29 18 för
410 878 111 26 fö:nyelsen
536 878 38 19 lika
588 877 62 26 karta,
666 883 43 14 som
725 877 25 20 till

213 907 44 26 nytt
271 894 91 30 kontrakt
376 905 107 19 erfordras.

186 931 93 25 Förhöjes
294 931 78 25 afgiften
388 931 46 19 eller
449 932 71 25 hyran,
536 931 74 24 lämpas
625 930 70 20 kartan
709 930 43 20 der-

213 957 57 20 efter.

186 983 56 26 Ingår
257 984 4 19 i
277 984 118 23 kontraktet,
411 987 56 16 utom
482 984 41 19 viss
533 983 93 19 summa
615 979 14 34 i
637 983 114 26 penningar,

214 1010 66 25 beting
295 1015 32 14 om
337 1009 99 20 förmåner
445 1010 48 19 eller
503 1010 137 25 prestationer,
652 1015 43 14 som
708 1010 44 19 icke

213 1039 34 16 äro
265 1037 24 19 till
309 1036 60 19 värde
386 1036 6 19 i
409 1037 106 24 penningar
531 1038 81 22 utsatte,
630 1036 45 19 eller
693 1035 60 26 angår

213 1063 112 19 kontraktet
339 1062 70 19 endast
423 1062 73 19 sådane
509 1062 105 25 förmåner,
629 1063 60 19 varde
699 1062 4 19 i
715 1063 38 19 för-

215 1095 20 12 ra
251 1089 52 19 fallet
317 1089 67 19 kartan
399 1089 61 19 tillökt
474 1089 64 19 med.
569 1104 4 3 .
712 1104 39 4 NA
763 1086 14 33 |
795 1100 26 2 =
875 1089 25 20 30

214 1116 38 18 och
267 1115 5 18 i
287 1115 34 19 Jet
335 1115 83 19 sednare
433 1114 111 20 kontraktet
558 1103 75 31 försedt
640 1104 52 30 med
712 1130 3 4 .
753 1130 1 3 |
795 1126 26 3 —
875 1116 25 19 80

189 1141 33 19 2:0
236 1140 104 26 Angående
354 1140 38 26 köp
406 1142 37 18 och
458 1142 47 24 byte
519 1142 20 18 af
550 1140 54 26 jord,
620 1142 38 18 hus
672 1146 27 14 m.
715 1147 36 17 m.,

215 1166 24 19 dä
255 1155 93 31 särskildt
361 1167 99 24 köpebref
474 1169 108 23 upprättas,
596 1156 30 30 för
635 1166 69 25 hvarje
719 1167 34 19 ark
768 1162 14 35 |
796 1179 25 2 —
838 1162 15 35 |
875 1168 25 19 80

214 1199 45 13 men
274 1193 5 19 i
294 1195 57 17 annat
365 1193 29 19 fall
410 1193 90 20 karteras
515 1193 59 20 dessa
589 1193 113 20 kontrakter
713 1192 40 21 lika

214 1219 46 19 med
275 1219 101 24 köpebref.

189 1245 32 18 3:0
235 1244 39 19 Om
288 1245 56 24 bolag
358 1245 5 18 i
378 1245 77 24 handel,
469 1245 70 24 fartyg,
550 1244 132 25 manufaktur,
694 1245 57 24 bruk,

216 1270 63 19 fabrik
293 1271 47 18 eller
354 1275 62 14 annan
432 1270 60 19 sådan
506 1271 80 24 rörelse,
603 1270 114 45 landlering
727 1271 27 20 el-

215 1296 28 19 ler
257 1296 74 25 näring,
347 1297 29 18 för
391 1297 69 23 hvarje
474 1296 34 20 ark
536 1312 3 3 .
570 1312 4 3 .
809 1298 11 19 5
875 1308 26 3 —

188 1323 35 19 4:0
237 1323 40 19 Alla
292 1312 60 35 öfriga
367 1323 82 20 emellan
464 1323 87 20 enskilde
565 1311 95 37 personer
674 1312 80 31 skriftli-

215 1354 38 21 gen
267 1349 116 26 upprättade
397 1349 214 20 öfverenskommelser
628 1350 37 19 och
682 1350 72 20 förbin-

215 1375 72 25 delser,
304 1376 66 20 hvilka
384 1376 44 20 icke
443 1377 65 20 kunna
528 1376 62 20 under
612 1377 142 26 ofvanupptag-

215 1407 24 14 ne
253 1392 91 30 rubriker
359 1403 97 24 hänföras,
472 1404 29 18 för
515 1402 68 26 hvarje
598 1403 35 19 ark
676 1418 3 4 =.
711 1419 4 3 .
795 1415 25 3 —
875 1404 25 19 80

189 1428 71 26 Köpe-
275 1429 47 20 eller
336 1430 56 19 salu-
408 1420 52 29 samt
474 1430 78 24 gälvo-
562 1431 38 18 och
613 1430 120 25 bytesbref
741 1420 10 30 ä
