1006 1692
178 143 50 34 1044
392 149 71 22 Nådiga
475 150 139 22 Propositionen
627 150 36 16 N:o
675 149 28 17 32.

180 198 79 19 Banken
274 199 61 25 erlagt
349 199 74 25 51,250
437 198 54 20 rubel
506 199 5 19 i
526 198 202 26 provisionskostnad,
745 198 54 20 har-i
814 198 61 20 nåder
889 204 35 14 va-

180 224 25 19 rit
218 225 100 19 bestämdt
332 225 27 19 till
372 224 109 20 understöd
495 226 29 18 för
538 225 90 19 Finlands
645 230 70 20 genom
730 226 50 18 1857
796 224 33 20 års
842 225 81 25 pennin-

181 250 66 25 gekris
262 250 117 21 blottställda
394 251 148 20 manufakturer
555 251 38 19 och
607 251 77 25 handel,
696 254 52 17 samt
762 252 5 18 i
782 250 69 20 sådant
865 251 58 19 ända-

180 276 38 21 mål
233 278 57 19 äfven
304 278 60 19 redan
379 277 62 20 blifvit
455 278 92 25 användt,
563 277 37 20 och
616 278 37 19 kan
670 278 62 20 under
746 277 123 20 närvarande
884 278 41 19 kri-

181 304 51 19 tiska
246 304 27 20 tid
288 305 44 19 icke
346 307 46 18 utan
405 305 89 20 kännbar
506 305 97 25 rubbning
617 305 6 18 i
632 305 38 19 den
681 305 94 20 allmänna
789 304 134 21 lånerörelsen

180 331 89 26 frigöras.

235 358 51 20 Utan
300 360 29 17 att
342 357 79 20 tillmäta
436 359 29 25 sig
479 357 64 27 någon
557 358 138 27 pröfningsrätt
712 359 6 19 i
731 357 94 21 afseende
839 357 11 21 å
865 361 60 18 stats-

181 384 83 20 verkets
277 385 62 20 behof
351 385 37 20 och
409 385 121 20 användning
551 386 20 19 af
585 385 25 20 de
627 385 74 26 bidrag,
726 385 66 20 hvilka
813 384 112 21 detsamma

182 411 59 20 redan
255 411 36 20 fått
312 412 38 19 och
367 411 59 26 enligt
445 412 38 19 den
499 401 69 36 nådiga
588 412 147 25 propositionen
756 413 51 18 ännu
827 412 98 26 framgent

181 437 62 20 borde
257 437 17 20 få
290 439 20 18 af
322 438 89 19 Bankens
426 439 53 18 vinst
500 439 94 26 uppbära,
614 439 36 19 har
664 438 101 20 Utskottet
784 438 61 20 likväl
859 441 66 17 ansett

181 464 29 25 sig
223 464 75 26 pligtigt
312 467 28 17 att
356 465 29 18 för
399 465 110 20 Ständerne
529 464 100 21 framhålla
647 465 24 20 de
686 465 130 25 olägenheter,
831 464 92 21 Fintands

181 490 54 20 Bank
248 490 66 21 måste
327 491 37 19 lida
377 496 71 20 genom
462 491 72 26 dylika,
553 494 56 17 utom
625 491 47 20 dess
689 493 100 18 närmaste
803 491 38 19 och
859 494 66 23 egent-

181 517 37 25 liga
232 517 140 20 bestämmelse
386 517 82 20 stående
481 518 74 25 afdrag.

234 543 44 20 Med
292 543 91 20 afseende
404 543 47 20 härå
471 543 62 21 finner
547 544 102 20 Utskottet
665 544 29 26 sig
715 544 47 20 böra
776 543 149 21 vördsammast

180 569 106 26 tillstyrka,

284 599 28 17 att
327 597 71 20 landets
419 597 83 20 Ständer
520 597 57 20 måtte
596 598 35 19 hos
646 597 64 20 Hans
725 597 137 26 Kejserliga
877 597 49 20 Ma-

277 625 81 26 jestät
371 627 7 18 i
393 625 148 26 underdänighet
550 626 113 26 framställa
683 626 30 19 det
728 625 148 26 önskningsmål,
897 628 29 17 att

282 653 81 20 Banken
377 654 58 19 skulle
445 654 49 26 från
509 655 111 19 statsverket
631 653 62 27 återfå
703 655 44 18 sina
760 654 127 26 härförinnan
897 654 28 19 dit

283 682 84 20 lemnade
386 682 79 25 bidrag,
485 685 49 17 samt
554 685 28 17 att
597 682 116 23 Ständerne,
733 682 62 20 såsom
815 683 59 19 vilkor
888 683 37 26 för

282 710 90 20 Bankens
385 711 96 26 framtida
497 710 88 24 bestånd,
605 711 57 19 måtte
681 710 135 27 underdänigst
834 711 47 20 söka
896 713 28 18 ut-

272 754 2 2 .
282 739 58 19 verka
354 739 116 20 densammas
486 739 87 26 befrielse
586 739 50 26 från
651 739 64 20 vidare
731 739 61 26 årliga
810 739 79 20 tillskott
904 739 21 19 ät

282 767 123 24 statsverket;
423 767 96 19 hvaremot
534 767 107 20 Ständerne
660 767 54 20 torde
732 774 48 13 vara
795 767 86 20 betänkte
897 769 28 18 att

280 795 28 25 på
323 797 59 17 annat
400 797 39 18 sätt
458 795 67 26 bevilja
543 796 58 19 medel
619 795 28 19 till
661 795 89 26 fyllande
765 796 26 25 af
801 796 124 19 statsverkets

283 823 148 27 ifrågavarande
447 823 62 27 behof,
525 825 96 26 äfvensom
640 824 121 23 statsverket,
779 823 57 20 hvars
851 824 76 26 fonder

277 852 59 25 jemte
350 852 135 19 militieverkets
495 853 99 25 framgent
609 854 6 17 i
625 852 79 19 Banken
718 852 72 20 vårdas
805 852 33 19 och
847 852 77 26 förval-

283 882 39 21 tas,
338 880 38 20 icke
391 880 70 20 komme
479 883 28 17 att
521 881 43 19 med
578 880 57 26 något
652 880 159 26 penningebidrag
827 880 28 20 till
869 880 52 20 Ban-

282 908 46 20 kens
343 909 131 25 aflöningsstat
489 910 34 19 och
537 909 79 27 utgifter
630 909 95 25 betungas.

235 936 67 20 Under
316 936 72 20 sådana
402 937 161 26 förutsättningar
576 938 35 18 har
626 936 99 20 Utskottet
738 939 65 17 ansett
816 936 109 20 Ständerne

181 962 66 20 kunna
261 962 56 27 åtaga
338 963 29 25 sig
380 963 74 25 garanti
474 964 29 19 för
520 964 89 19 Bankens
623 963 72 26 utgifna
716 964 65 19 sedlar
798 966 53 17 samt
864 963 61 26 öfriga

181 988 27 20 till
225 990 99 25 primitiva
340 990 38 19 och
395 990 210 26 hypotheksfonderne
624 990 85 20 hörande
727 990 196 25 affärsförbindelser,

182 1015 57 21 likväl
255 1015 46 21 med
314 1016 100 26 undantag
428 1017 20 19 af
460 1018 51 24 dem,
529 1023 44 14 som
587 1016 48 26 angå
645 1016 89 21 Bankens
748 1016 121 26 gemenskap
878 1017 47 20 med

182 1041 241 27 Hypotheksföreningens
437 1044 111 20 tillämnade
561 1044 76 19 utrikes
651 1042 38 26 lån,
701 1044 80 19 hvilken
795 1042 54 26 fråga
863 1043 64 20 blifvit

181 1068 6 19 i
204 1075 24 15 en
248 1069 85 19 särskild
352 1068 57 27 nådig
423 1070 120 25 proposition
563 1070 108 20 framställd
691 1070 38 19 och
750 1070 27 19 uti
795 1073 131 17 sammansatt

181 1095 64 20 Stats-
259 1095 38 20 och
310 1096 145 19 Bank-Utskott
468 1096 115 20 behandlad.

234 1121 57 20 Hvad
305 1121 61 20 sedan
378 1122 93 20 beträffar
479 1123 26 19 de
519 1122 126 25 fullmäktige,
656 1128 44 14 som
714 1122 25 26 på
749 1121 119 21 Ständernes
878 1124 47 24 väg-

181 1153 36 14 nar
230 1148 80 19 komme
324 1150 28 17 at
371 1148 113 20 handhafva
504 1148 94 20 inseende
611 1148 56 20 öfver
687 1149 100 25 primitiva
807 1148 38 19 och
862 1149 63 25 hypo-

181 1173 161 24 theksfonderne,
357 1174 42 21 shar
413 1175 100 19 Utskottet
529 1174 98 20 förmodat
648 1174 124 25 svårigheter
791 1174 65 20 kunna
869 1176 54 18 möta

182 1202 29 17 ett
224 1200 48 20 eller
285 1202 59 16 annat
357 1196 67 28 Stånd,
441 1204 28 16 att
483 1202 52 18 inom
549 1200 42 22 sina
604 1200 130 20 medlemmar
747 1199 73 25 utvälja
834 1200 91 20 bemälde

182 1226 80 24 ombud,
273 1226 53 18 helst
338 1226 71 19 desses
419 1226 111 24 befattning,
543 1227 38 18 och
593 1227 116 25 isynnerhet
718 1226 140 19 ordförandens
867 1227 58 19 bland

182 1251 52 25 dem,
250 1251 29 19 för
293 1253 28 17 att
334 1250 108 27 behörigen
456 1252 98 25 fullgöras,
573 1252 99 20 erfordrar
689 1252 97 20 särskilda
803 1252 122 25 egenskaper

182 1278 38 18 och
235 1278 86 24 insigter,
337 1283 44 14 som
395 1277 43 20 icke
451 1278 52 20 alltid
518 1278 37 19 hos
569 1278 90 20 ståndets
675 1278 108 20 ledamöter
797 1279 34 18 äro
848 1281 29 17 att
890 1278 35 25 på-

181 1303 68 20 räkna.
278 1303 44 20 Med
339 1303 92 21 afseende
452 1304 48 20 härå
516 1304 64 20 finner
593 1305 101 19 Utskottet
715 1304 28 25 sig
760 1304 47 20 böra
822 1304 105 21 vördsam-

181 1332 53 18 mast
254 1330 99 26 tillstyrka
370 1331 120 20 Ständernes
510 1331 52 20 bifall
583 1332 27 19 till
630 1332 38 19 den
689 1330 68 26 nådiga
778 1332 147 25 propositionen

180 1356 89 26 sålunda,

282 1386 28 16 att
319 1384 51 26 fyra
384 1384 173 26 bankfullmäktige,
573 1392 22 12 en
604 1386 37 24 för
650 1385 56 20 hvart
717 1384 68 24 Stånd,
800 1384 58 20 måtte
873 1386 50 18 inom

281 1412 45 19 eller
340 1415 49 17 utom
404 1413 103 19 detsamma
521 1414 32 19 vid
567 1414 64 25 hvarje
641 1413 103 26 Landtdag
758 1414 71 25 väljas,
845 1414 34 19 och
893 1415 30 18 att

281 1440 53 20 desse
344 1441 49 26 fyra
408 1444 38 23 äga
460 1441 57 20 bland
531 1443 29 24 sig
574 1445 41 16 utse
630 1442 121 26 ordförande.
865 1455 3 2 :
