1070 1689
182 152 45 19 1172
399 151 71 23 Nådiga
482 151 139 22 Propositionen
636 152 34 17 N:o
683 151 28 19 38.

183 202 35 19 bot
232 202 63 18 sextio
309 201 55 18 mark
381 201 59 18 första
455 201 38 19 och
508 201 81 19 dubbelt
605 201 28 18 för
647 200 59 19 andra
721 194 84 36 gången,
813 198 59 26 jemte
882 199 47 20 sist-

184 227 84 20 nämnde
288 232 72 15 ansvar
381 227 48 19 skail
446 227 37 19 den
498 227 89 25 skyldige
601 227 95 19 förklaras
711 227 120 25 oberättigad
846 229 28 16 att
888 226 40 19 del-

185 257 43 22 taga
244 255 4 17 i
264 253 32 20 val
311 253 45 19 eller
371 253 61 24 väljas
447 254 25 18 till
488 252 71 20 sådana
569 253 141 24 förrättningar,
723 258 43 13 som
773 252 92 24 innefatta
873 252 55 19 med-

185 280 107 25 borgerligt
312 279 119 20 förtroende.
460 280 49 23 Den,
533 285 43 13 som
593 279 58 19 deraf
664 280 30 23 sig
709 278 16 25 ej
742 278 48 20 låter
804 280 59 23 rätta,
880 278 50 20 skall

185 307 30 18 för
228 305 65 26 tredje
307 311 58 14 resan
379 305 100 26 begången
494 305 35 20 slik
544 305 119 26 förbrytelse
672 305 61 25 plikta
739 304 111 20 tvåhundra
858 305 72 26 fyratio

186 333 58 19 mark
262 333 38 18 och
317 331 23 26 gå
358 332 89 25 förlustig
464 333 30 18 sin
508 331 113 26 apotheks-,
637 332 90 19 handels-
741 332 47 19 eller
802 331 126 26 näringsrätt.

186 359 60 20 Utom
260 359 26 19 de
300 359 56 19 böter
370 359 5 18 i
389 358 65 20 denna
468 358 10 25 $
493 358 112 25 ådömmes,
622 363 47 14 vare
683 358 123 26 förbrytaren
815 357 78 27 skyldig
903 359 29 17 att

186 385 56 26 gälda
263 384 179 26 försäljningsafgift
459 385 50 20 efter
522 385 25 20 de
561 384 94 26 grunder,
671 390 44 14 som
730 385 5 18 i
749 384 11 26 $
774 383 25 20 42
814 384 116 21 fastställas.

527 438 10 25 S
552 439 33 18 44.

225 484 4 4 *
240 484 117 24 Underläter
374 486 48 25 den,
441 492 44 14 som
499 486 77 20 erhållit
591 486 92 24 rättighet
698 486 25 20 till
739 484 133 22 minuthandel
885 486 47 20 med

188 514 92 24 bränvin,
298 514 46 19 eller
358 518 44 14 som
416 512 24 26 pä
456 512 63 26 grund
533 513 20 19 af
565 513 10 25 $
589 514 12 18 4
615 512 78 20 utöfvar
707 512 188 26 utskänkningsrätt,
905 516 28 16 att

186 540 56 24 afgift
261 540 65 19 derför
345 540 6 18 i
371 539 132 19 föreskrilven
523 538 27 20 tid
571 539 86 25 erlägga,
678 538 62 20 varde
763 539 79 25 afgiften
861 541 71 23 genast

187 568 79 17 utmätt.
295 566 36 19 Vid
348 565 62 20 sådan
427 565 152 19 underlåtenhet
596 565 59 19 andra
669 564 77 26 gången
760 570 48 14 vare
821 566 113 19 minuthan-

186 592 52 20 dels-
260 592 47 20 eller
324 592 260 24 utskänkningsrättigheten
601 591 112 24 förverkad,
730 592 38 19 och
782 592 61 18 varde
857 590 76 26 försälj-

186 619 72 25 ningen
272 621 68 22 genast
354 618 87 23 inställd,
456 618 6 18 i
477 618 43 19 stad
535 618 20 18 af
567 618 125 24 Magistraten
708 618 38 19 och
761 616 10 20 å
786 618 65 19 landet
857 618 20 18 af
888 617 44 19 Kro-

187 645 107 25 nofogden;
310 650 45 14 men
369 644 160 25 näringsidkaren
544 649 48 14 vare
606 643 78 20 ändock
697 643 67 27 pligtig
778 646 28 16 att
819 644 63 19 under
896 644 37 19 för-

187 670 135 26 säljningsåret
336 671 79 25 afgiften
429 670 118 20 fortfarande
562 671 75 24 utgöra.

241 704 51 23 Den,
315 708 44 14 som
379 703 57 19 idkar
457 703 133 19 minuthandel
609 702 55 24 med,
684 702 46 20 eller
747 702 24 26 på
786 702 64 26 grund
865 703 20 19 af
897 703 10 25 $
920 703 14 18 4

187 731 78 19 utöfvar
285 730 133 25 utskänkning
434 730 20 18 af
469 729 83 19 bränvin
571 729 61 19 under
648 729 39 25 tid,
703 730 79 19 hvarför
796 729 53 25 afgift
863 729 6 19 i
883 730 51 18 före-

188 756 88 20 skrifven
296 756 83 25 ordning
400 756 45 19 icke
465 756 64 20 blifvit
546 756 75 24 erlagd,
640 756 45 19 böte
703 756 60 19 första
779 754 76 27 gången
870 756 65 19 sextio

189 783 55 19 mark
259 783 38 18 och
310 782 61 20 andra
385 782 76 26 gången
475 782 89 20 dubbelt.

530 836 11 25 $
555 835 33 19 45.

240 886 38 19 Om
292 885 37 20 den
344 889 44 15 som
403 884 77 20 erhällit
495 885 92 24 rättighet
602 884 26 20 till
643 884 133 20 minuthandel
785 884 46 20 med
842 884 90 24 bränvin,

187 912 109 20 utskänker
315 911 55 19 deraf
389 910 29 20 till
438 910 76 20 mindre
531 911 72 24 belopp
617 912 24 18 än
656 916 24 13 en
695 912 43 19 half
750 911 71 23 kanna,
838 911 47 19 eller
901 916 33 14 om

187 938 64 26 nägon
266 938 54 20 idkar
334 938 133 19 minuthandel
482 938 45 19 med
541 938 85 19 bränvin
642 938 46 19 eller
699 937 130 25 utskänkning
837 936 25 26 pä
871 937 62 26 grund

188 965 20 19 af
224 964 10 26 $
251 965 11 19 3
280 964 11 20 å
309 966 59 18 annat
386 964 56 19 ställe
459 970 25 13 en
502 964 102 25 uppgifvet
618 965 28 23 är,
662 964 46 19 eller
724 970 32 12 om
769 964 45 25 den,
830 964 26 20 till
872 962 61 21 sådan

187 991 136 25 utskänkning
343 990 43 20 icke
403 992 21 17 är
442 990 115 26 berättigad,
572 990 74 20 tillåter
660 993 34 23 att,
711 990 23 20 dä
750 991 37 19 han
802 991 4 18 i
821 991 52 24 parti
887 990 47 20 eller

188 1018 65 20 minut
269 1016 89 26 försäljer
374 1017 89 24 bränvin,
482 1015 59 27 något
557 1017 21 19 af
590 1017 33 19 det
637 1016 54 20 sålda
706 1016 23 26 pä
744 1016 190 26 försäljningsstället

189 1045 84 19 förtäres
288 1044 48 19 eller
349 1044 99 19 afhemtas
462 1044 4 18 i
483 1043 75 19 mindre
572 1043 72 25 belopp
658 1045 24 17 än
697 1044 38 18 han
750 1045 21 17 är
779 1043 108 26 berättigad
896 1044 39 18 för-

188 1074 64 23 yttra,
274 1071 45 19 böte
340 1070 60 19 första
421 1070 76 25 gången
518 1070 62 19 sextio
598 1070 55 19 mark
669 1070 37 19 och
721 1070 60 19 andra
796 1069 75 26 gången
885 1069 50 20 dub-

188 1098 50 23 belt,
262 1098 39 18 och
320 1102 48 13 vare
388 1096 105 19 dessutom
507 1096 59 19 andra
581 1096 73 25 gängen
669 1096 29 19 sin
713 1096 94 25 rättighet
821 1096 25 20 till
863 1096 72 19 minut-

190 1123 70 19 handel
281 1122 46 20 med
348 1122 48 19 eller
416 1122 130 24 utskänkning
567 1123 20 18 af
601 1122 83 19 bränvin
699 1122 98 25 förlustig;
812 1122 31 25 lag
857 1128 76 14 samma

189 1154 47 14 vare
250 1149 30 19 för
294 1149 46 24 den,
356 1154 44 13 som
414 1151 41 16 mot
469 1148 58 26 något
541 1148 107 26 stadgande
664 1149 5 19 i
684 1148 9 25 %
708 1149 23 19 21
748 1149 29 25 sig
786 1148 106 26 förbryter.
908 1148 23 24 Ej

189 1181 48 14 vare
251 1175 63 25 nägon
328 1174 110 25 berättigad
453 1177 28 16 att
494 1174 70 20 utsöka
578 1174 96 26 betalning
688 1175 30 19 för
733 1175 90 24 bränvin,
835 1180 45 14 som
890 1175 43 19 blif-

188 1202 28 18 vit
230 1202 33 19 vid
277 1200 132 20 minuthandel
424 1201 47 19 eller
485 1201 130 25 utskänkning
629 1201 113 25 utborgadt.

529 1259 10 24 $
553 1260 32 18 46.

241 1308 37 20 Om
299 1308 119 26 gästgifvare
439 1308 48 20 eller
506 1308 158 26 näringsidkare,
687 1313 43 15 som
747 1306 24 28 pä
786 1308 63 26 grund
863 1308 20 20 af
896 1309 11 25 $
920 1309 13 19 4

187 1335 182 26 utskänkningsrätt
382 1336 84 24 utöfvar,
483 1334 20 20 ät
516 1341 63 14 annan
593 1335 24 19 än
632 1334 92 26 spisande
738 1337 43 24 gäst
795 1335 83 20 bränvin
892 1336 42 19 för-

188 1361 64 26 säljer,
270 1362 46 20 eller
330 1362 115 20 annorledes
459 1362 68 26 bryter
543 1364 53 17 emot
610 1362 143 25 stadganderne
767 1362 4 18 i
787 1361 20 25 $$
817 1362 24 20 22
852 1362 38 19 och
897 1363 33 23 23,

187 1388 46 20 böte
247 1389 29 18 för
291 1388 69 25 hvarje
374 1388 61 20 sådan
449 1388 97 20 förseelse
561 1389 63 19 sextio
631 1388 63 20 mark.
724 1388 95 20 Beträdes
826 1390 38 18 han
873 1389 61 19 andra

187 1414 76 26 gängen
278 1415 45 19 med
337 1414 64 26 oloflig
414 1414 217 26 bränvinsförsäljning,
648 1415 53 25 gifve
715 1415 74 19 dubbel
799 1415 34 19 bot
840 1415 38 19 och
885 1420 48 14 vare

187 1441 117 19 omnämnde
319 1441 118 25 näringsrätt
452 1440 28 20 för
495 1441 52 19 alltid
562 1442 98 24 förlnstig,
676 1441 53 25 eller,
745 1446 33 14 om
793 1442 36 19 han
841 1442 91 19 densam-
