1000 1689
192 132 45 33 1252
408 137 72 22 Nådiga
491 137 142 22 Propositionen
646 136 36 17 N:o
694 137 28 17 38.

193 187 34 18 äro
242 185 62 20 under
318 185 48 20 dess
380 190 48 20 egen
442 185 127 20 omedelbara
583 185 124 25 förvaltning;
725 185 37 19 och
780 185 59 24 enligt
854 185 23 20 17
892 185 11 25 $
916 185 21 20 af

192 217 77 14 samma
282 211 75 25 Nådiga
371 211 83 25 Stadgaf
464 210 11 21 å
489 211 70 25 krogar
572 211 38 19 och
624 211 162 20 marketenterier
803 211 82 20 inrättas
902 211 32 20 så-

194 238 31 19 väl
240 237 11 20 å
266 237 99 25 faktoriet,
382 242 42 14 som
439 237 10 20 å
464 236 32 25 sju
512 237 96 20 särskilda
626 238 69 19 ställen
712 238 53 19 inom
781 237 47 20 dess
845 236 89 21 område.

194 264 70 19 Ehuru
277 263 78 20 införsel
369 264 21 19 af
402 264 84 19 bränvin
499 263 43 20 från
556 263 103 20 faktoriets
673 264 72 25 krogar
759 265 38 18 och
811 263 81 20 område
908 263 26 21 till

194 290 34 20 det
242 290 60 26 öfriga
315 290 80 20 Finland
409 292 22 17 är
444 289 102 26 förbjuden
561 291 27 18 uti
602 291 128 19 nästnämnde
744 290 20 25 $,
780 290 36 19 kan
830 290 54 20 detta
898 290 38 19 för-

194 317 41 20 bud
248 317 57 20 likväl
320 316 45 20 icke
380 318 61 18 sättas
455 317 6 18 i
475 317 159 24 verkställighet,
651 317 26 19 då
694 317 60 25 sagde
772 315 80 22 område
869 316 68 20 består

195 343 21 20 af
227 343 37 20 alla
278 343 28 20 till
320 343 97 20 Kivinebb
431 343 73 20 socken
519 343 87 20 hörande
620 346 51 16 samt
685 343 98 20 särskilda
797 344 53 19 inom
858 343 79 26 Nykyr-

196 369 26 20 ka
236 370 39 19 och
289 370 63 23 Mohla
366 369 86 20 socknar
464 369 80 26 belägna
560 370 101 24 hemman,
677 369 66 20 hvilka
756 369 45 20 icke
818 369 119 20 annorlunda

196 397 23 18 än
234 396 86 20 medelst
333 395 116 20 skiftesråer
462 398 35 17 äro
511 395 82 20 afskilda
607 395 43 20 från
664 395 136 26 angränsande
816 396 120 25 lägenheter;

195 422 45 20 Och
257 422 61 20 sedan
339 427 23 15 en
383 423 113 19 arrendator
510 423 20 19 af
549 422 93 20 faktoriet
655 422 94 25 tillhöriga
769 422 85 26 Kyyrölä
868 421 69 27 gård
928 417 14 35 i

196 449 63 19 Mohla
281 448 74 20 socken
378 449 29 18 för
424 449 88 25 omkring
529 449 26 19 tio
572 448 21 20 år
610 449 80 19 tillbaka
707 448 104 20 derstädes
828 449 65 25 anlagt
910 451 29 17 ett

196 475 129 25 ångbränneri
340 475 4 18 i
359 477 42 17 stor
414 475 62 25 skala,
492 475 62 20 hvars
568 474 122 27 tillverkning
704 475 26 20 till
749 475 72 20 största
837 475 57 20 delen
908 477 30 17 ut-

196 501 54 20 föres
264 501 43 21 från
321 501 103 20 faktoriets
438 501 88 25 område,
542 501 58 20 hafva
613 501 57 20 deraf
683 501 88 26 ständiga
785 502 38 19 och
832 501 59 20 svåra
900 501 39 19 för-

196 527 113 26 vecklingar
326 527 132 26 uppkommit,
477 527 67 20 hvilka
560 529 46 18 hota
622 529 29 18 att
669 528 81 19 beröfva
770 530 67 18 ortens
856 529 83 24 allmoge

196 554 107 25 aktningen
316 554 31 19 för
360 555 30 24 lag
404 555 38 18 och
456 555 45 19 rätt.
529 554 38 20 Vid
581 553 69 20 sådant
664 553 120 25 förhållande
793 554 64 20 finner
865 554 75 20 sektio-

197 586 37 14 nen
249 581 31 19 sin
294 580 49 26 pligt
357 586 47 13 vara
418 583 28 17 att
461 581 145 19 vördsammast
619 580 80 26 föreslå,
715 580 34 20 det
762 581 84 19 Landets
856 581 84 19 Ständer

196 607 63 19 måtte
272 607 28 20 uti
315 612 25 21 en
349 607 122 25 underdånig
480 607 81 26 petition
570 607 37 19 hos
616 607 64 20 Hans
690 606 133 25 Kejserliga
832 606 108 25 Majestät

197 633 76 20 anhålla
293 639 32 14 om
349 633 139 26 upphätvande
510 634 21 19 af
551 633 143 20 ofvanberörde
714 633 225 26 undantagsstadgande,

197 659 128 26 hvarigenom
339 659 91 26 rättighet
445 660 25 19 till
485 666 25 14 en
524 660 6 19 i
544 661 36 19 allo
597 659 144 20 okontrollerad
757 660 184 20 bränvinstillverk-

197 687 44 24 ning
257 689 52 17 samt
323 686 136 25 krogrörelses
473 687 84 19 idkande
571 686 11 20 å
596 686 135 25 landsbygden
745 686 101 20 förunnats
860 687 81 26 Syster-

197 712 62 20 bäcks
273 713 150 25 gevärsfaktori,
439 713 76 20 hvilket
528 713 96 23 deremot,
640 718 32 13 om
687 712 71 20 sådant
772 713 80 25 pröfvas
866 713 74 25 nödigt,

197 738 67 21 kunde
278 738 108 21 tillsvidare
399 739 5 18 i
420 739 108 25 ersättning
541 738 59 20 undfå
614 737 22 20 så
651 738 42 20 står
707 739 30 19 del
752 739 21 19 af
783 739 52 20 den
832 733 12 36 i
846 739 95 26 Wiborgs

196 765 32 19 län
241 765 107 20 framdeles
362 765 104 26 inflytande
479 765 154 24 bränvinsskatt,
650 771 43 13 som
707 767 113 18 motsvarar
834 765 109 26 folkmäng-

198 791 38 19 den
249 791 53 19 inom
316 790 102 21 faktoriets
433 791 80 20 område
528 791 49 20 efter
594 791 108 26 beräkning
719 791 20 20 af
756 791 32 20 två
806 792 38 19 och
861 797 24 14 en
902 792 42 20 half

197 817 65 21 kanna
276 817 29 20 för
319 817 70 25 hvarje
403 823 80 20 person.

251 844 72 19 Derest
337 843 59 26 årliga
411 844 228 26 tillverkningsbeloppet
652 844 22 19 af
686 844 83 20 bränvin
783 843 36 21 blir
828 844 113 27 fastställdt,

198 869 27 21 till
239 870 111 25 4,300,000
370 871 74 19 kannor
464 871 38 19 och
516 871 78 19 skatten
608 871 124 20 bestämmes
747 871 27 20 till
788 877 24 13 en
825 871 58 20 mark
898 877 44 14 sex-

197 897 26 18 tio
238 897 58 25 penni
309 897 31 19 för
354 896 69 25 hvarje
437 897 69 24 kanna,
522 897 86 25 komme,
624 897 58 20 äfven
697 897 5 20 i
716 898 38 19 den
768 897 96 20 händelse
872 900 28 17 att
909 897 33 20 nä-

198 925 34 23 got
245 923 82 20 tillskott
341 923 26 20 till
382 923 62 20 denna
458 923 54 26 afgift
526 923 32 20 vid
572 923 128 20 auktionerna
714 924 45 19 icke
769 923 63 20 skulle
842 923 100 26 erbjudas,

199 950 44 19 total
259 949 111 20 inkomsten
384 950 30 19 för
428 949 241 26 bränvinstillverkningen
683 952 28 17 att
721 949 65 27 uppgå
797 951 25 19 till
833 950 110 25 6,880,000

198 976 57 19 mark
270 981 31 14 om
317 976 43 19 året
374 977 38 18 och
429 976 88 19 Kronans
535 975 91 21 behållna
643 976 30 20 del
691 977 66 24 häraf,
776 977 50 19 efter
844 977 67 25 afdrag
924 977 21 20 af

198 1008 24 13 en
237 1002 102 25 fjerdedel,
356 1007 44 14 som
414 1002 64 20 skulle
495 1002 46 20 med
555 1002 107 26 fördelning
676 1002 24 26 på
710 1003 57 19 länen
777 1002 65 20 anslås
852 1003 26 20 till
888 1003 57 20 kom-

198 1029 78 19 munala
290 1028 68 24 behof,
374 1031 28 16 att
416 1027 78 22 således
509 1029 68 24 utgöra
591 1029 63 19 minst
664 1029 110 24 5,160,000
784 1029 56 20 mark
850 1035 32 13 om
892 1028 50 21 året.

251 1054 122 20 Beträffande
390 1054 136 20 användandet
542 1055 20 19 af
581 1054 63 20 denna
663 1055 101 25 betydliga
785 1060 79 14 summa
885 1060 60 14 anser

198 1080 201 25 Utskottssektionen,
415 1080 4 19 i
434 1081 86 25 enlighet
534 1081 46 19 med
594 1080 53 20 hvad
662 1081 38 19 den
714 1081 74 25 Nådiga
798 1082 146 24 propositionen

198 1107 69 19 härom
282 1106 113 25 innehåller,
411 1106 57 20 deraf
480 1107 70 19 främst
563 1106 47 20 böra
625 1106 46 26 utgå
685 1107 27 19 till
731 1108 125 19 Statsverket
874 1108 72 19 ersätt-

198 1133 44 25 ning
263 1133 44 19 icke
324 1133 82 19 allenast
423 1133 29 19 för
469 1133 97 24 härintills
583 1132 104 26 uppburen
705 1133 88 20 inkomst
812 1134 21 19 af
850 1134 96 20 bränvins

198 1159 93 19 arrendet
306 1158 48 20 med
370 1159 88 25 660,000
475 1160 67 24 mark,
562 1161 45 17 utan
624 1159 40 20 ock
680 1160 31 19 för
728 1160 26 20 de
770 1160 46 25 med
834 1160 111 20 kontrollen

198 1186 56 18 öfver
268 1185 139 20 brännerierne
421 1185 94 20 förenade
529 1185 87 27 utgifter,
631 1186 30 19 för
676 1186 74 20 inlösen
764 1187 20 19 af
797 1186 68 20 hittills
875 1187 71 25 begag-

198 1211 37 20 nad
249 1211 183 26 bränvinsredskap
446 1215 50 17 samt
511 1212 133 20 kostnaderna
657 1212 30 20 för
701 1212 50 20 ökad
765 1213 49 19 tull-
830 1213 38 19 och
882 1218 64 14 annan

196 1238 123 24 bevakning
313 1234 9 34 ,
336 1238 26 18 till
377 1238 161 19 förekommande
552 1238 21 19 af
585 1238 64 25 oloflig
663 1238 90 25 införsel,
769 1238 122 26 tillverkning
908 1239 39 19 och

197 1262 114 26 försäljning
325 1264 21 18 af
357 1263 82 19 bränvin
454 1263 5 19 i
474 1263 72 25 landet,
562 1264 79 19 hvilken
656 1264 108 26 ersättning
778 1264 28 20 uti
820 1264 38 20 den
872 1264 74 26 Nådiga

198 1290 147 25 propositionen
360 1289 115 27 förslagsvis
488 1290 99 26 upptagits
608 1290 27 20 till
656 1290 88 24 200,000
761 1290 56 20 mark
840 1296 33 14 om
896 1290 48 21 året.

198 1316 44 20 Med
257 1316 93 20 afseende
366 1315 10 20 å
395 1316 65 26 vigten
478 1316 56 20 deraf
550 1320 28 16 att
594 1316 82 26 kraftiga
693 1316 92 26 åtgärder
802 1317 6 19 i
824 1318 123 26 nyssnämnd

198 1343 88 26 syftning
301 1342 89 26 vidtagas
404 1345 76 23 genast,
497 1342 24 21 då
536 1344 38 19 den
591 1349 39 20 nya
647 1344 107 26 ordningen
770 1344 30 20 för
816 1344 132 20 bränvinstill-

198 1369 123 26 verkningen
339 1369 95 26 inträder,
454 1373 52 16 samt
523 1370 25 19 då
569 1370 101 20 sektionen
690 1371 97 25 förordat,
806 1374 28 16 att
852 1371 20 20 af
886 1371 61 20 dessa

200 1396 65 20 medel
278 1395 75 26 jemväl
368 1396 62 20 borde
448 1396 45 26 utgå
511 1397 113 25 belöningar
641 1397 25 20 till
685 1397 99 27 angifvare
801 1398 38 19 och
856 1396 92 28 åklagare

198 1422 32 21 vid
250 1423 71 20 urbota
336 1422 66 21 straffs
416 1423 126 26 tillämpning,
558 1424 36 20 har
607 1424 103 20 sektionen
724 1427 67 18 ansett
807 1424 34 20 det
857 1425 29 20 för
903 1424 45 21 ifrå-
