1011 1686
180 140 42 33 802
401 144 71 22 Nådiga
483 145 140 22 Propositionen
636 144 36 16 N:o
683 144 29 16 30.

191 192 736 23 -—nr------—r-

238 219 130 19 försvarsfolk
392 234 4 3 .
427 234 4 4 .
819 218 9 19 1|
873 218 25 20 60

213 246 92 20 Fabriks-
314 245 37 20 och
361 230 199 65 Handtverkstärling,
568 234 76 56 dräng
640 233 43 31 "och
693 234 58 30 annat

240 271 121 25 tjenstefolk.
392 286 3 4 .
427 286 4 4 .
463 286 3 4 .
806 282 25 2 —|
873 270 25 19 80

188 299 34 20 8:0
236 299 37 19 För
287 299 95 24 allmogen
396 297 11 20 ä
422 287 80 30 landet:

213 325 130 25 Rusthållare,
360 324 129 20 nämndeman
504 327 52 17 samt
572 329 59 21 egare
647 323 21 20 af
684 324 68 19 frälse-

239 352 93 25 lägenhet
821 350 11 19 5]
873 361 26 3 —

212 366 78 31 Skalle-
304 379 37 18 och
355 366 167 31 kronohemmans
535 365 117 31 innehafvare
669 366 10 30 .
711 392 39 4 0.
821 376 10 19 3]
875 387 25 3 —

214 404 125 25 Arrendator,
358 403 109 20 landbonde
481 404 37 19 och
531 403 222 20 socknehandiverkare
821 403 9 19 1|
874 403 25 19 60

213 426 88 33 Bondeson
316 437 12 13 .
395 445 4 4 ;
711 445 4 4 a
747 445 3 3 5
821 429 8 19 1!
875 429 25 19 50

213 457 152 20 iiammarsmed
379 457 39 19 och
429 441 133 44 masmästare
570 445 40 31 "vid
628 445 51 31 bruk
820 455 12 20 21
875 466 25 3 —

214 484 67 19 Annan
296 484 165 24 bruksarbetare,
479 484 104 19 äfvensom
599 483 152 25 landbondeson,

241 513 89 23 torpare,
358 511 89 25 inhysing
471 511 38 18 och
529 509 62 26 dräng
617 513 53 16 samt
695 510 59 19 deras

241 526 103 30 velerlike
360 552 4 3 .
395 551 4 4 >
430 551 4 3 .
807 545 25 3 —|
875 534 26 20 80

184 563 35 20 9:0
235 563 38 19 För
288 562 160 26 stänusperson
437 558 15 34 i
463 552 43 29 stad
521 551 54 32 eller
581 552 29 35 på
621 551 70 35 landet,
704 551 50 31 hvil-

213 589 37 20 ken
264 589 18 25 ej
298 589 38 20 kan
350 589 91 20 hänföras
456 589 26 19 till
497 588 124 21 förestäende
639 579 99 29 rubriker:

214 616 64 25 Egare
292 617 20 18 af
324 615 58 26 bruk,
399 615 126 19 manufaktur
540 616 37 19 och
591 616 64 19 större
669 615 49 46 gods
748 631 4 3 :
809 614 24 19 50
847 609 15 34 |
875 625 27 3 —

213 643 74 20 Bruks-
302 643 38 18 och
354 632 155 35 godsförvaltare
537 657 39 4 sr
608 657 38 4 er
713 657 39 4 sa
808 641 25 19 151
876 651 25 3 —

215 669 128 25 Apothekare
360 685 3 3 .
395 683 4 4 .
749 684 3 3 5
807 667 26 20 20|
876 678 26 3 —

210 691 71 34 Annan
296 683 142 38 ständsperson
452 695 6 18 i
465 683 51 31 stad
530 684 47 31 eller
591 684 25 35 pä
631 683 86 32 landet
713 679 12 45 =
822 694 12 19 8

215 721 156 26 Ständspersons
385 719 155 28 livrebetjening.
572 737 3 4 .
823 721 9 19 1!
877 721 25 18 60

188 749 46 19 10:0
250 749 36 19 För
300 754 72 25 person
387 748 20 19 af
419 748 52 20 hvad
485 736 104 37 värdighet
603 737 43 30 och
656 736 61 31 stånd
722 737 33 30 det

215 780 47 15 vara
277 774 39 25 må,
333 774 79 20 hvilken
427 774 44 20 icke
481 777 22 16 är
511 759 53 45 finsk
573 774 137 25 medborgare,
723 774 31 19 må

215 801 81 20 kartans
311 791 70 35 belopp
396 801 47 20 bero
457 801 20 19 af
490 801 44 25 den,
547 806 44 14 som
594 789 83 40 lysning
685 786 67 46 begär,

216 833 46 14 men
276 827 30 19 får
320 827 52 19 dock
385 827 30 19 för
429 817 141 35 ståndsperson
580 826 18 26 ej
607 827 113 26 understiga

215 855 38 19 och
267 854 30 19 för
310 859 64 15 annan
396 868 3 4 .
431 869 4 3 .
537 869 39 4 kos
607 869 4 4 a
677 869 5 3 s
713 870 5 3 a

188 880 178 26 Magisterbref,
382 886 25 13 se
421 868 94 58 diplom.

188 903 156 34 Mästarebref
362 922 4 4 .
468 922 3 4 a

188 933 118 20 Mätebref
326 949 4 3 .
539 948 39 4 ÅR
609 949 4 3 og
679 948 4 4 om
715 948 4 4 a
750 948 4 4 W

188 948 259 32 Naturalisationsbref
469 948 45 31 och
538 939 218 41 tillståndsregökt

216 987 59 18 tion:

191 1013 31 19 1:0
237 1012 10 20 å
265 1011 85 26 beviljad
364 1013 39 18 rätt
416 1014 28 17 att
457 1011 25 26 pä
497 1011 62 21 finska
573 1011 132 21 Riddarhuset
714 1013 42 18 vin-

216 1045 25 13 na
255 1039 144 19 introduktion:

216 1066 30 18 för
260 1065 122 20 främmande
397 1065 54 25 Adlig
465 1066 40 19 ätt.
537 1080 4 4 .
573 1081 3 4 oc
608 1081 4 3 .
644 1080 4 3 .
679 1081 4 3 .
715 1081 3 2 .
750 1079 4 4 .|
796 1064 38 20 4001
878 1075 26 4 —

216 1092 30 19 för
300 1091 34 20 d:o
395 1091 111 26 Friherrlig.Z
538 1107 4 4 .
608 1107 4 3 .
644 1106 3 4 <
679 1107 3 4 .
714 1107 3 3 .
751 1106 3 4 .|
797 1090 38 20 800]
878 1101 26 3 —

216 1118 30 18 för
301 1117 34 19 d:o
395 1117 73 25 Greflig
503 1132 4 4 —.
775 1117 60 22 1,600,
878 1128 26 3 —

189 1144 34 19 2:0
237 1144 37 18 För
291 1143 92 20 utländsk
400 1119 118 54 Adelstnan,,
536 1132 28 30 att
574 1132 110 56 upptagas
694 1132 62 31 under

216 1170 61 19 redan
291 1170 137 19 introducerad
444 1172 28 17 ätt
503 1185 4 4 .
538 1185 4 3 .
798 1169 37 19 100
847 1165 15 34 |
879 1180 25 3 —

192 1196 33 19 3:o
239 1196 37 19 För
290 1196 113 25 utländning
423 1196 47 20 eller
483 1196 49 26 rysk
546 1181 90 44 inföding,
656 1202 43 13 som
715 1184 42 31 vin-

218 1228 36 12 ner
267 1222 171 25 medborgarerätt
454 1223 4 18 i
473 1222 88 19 Finland:

219 1248 29 18 för
262 1247 149 25 ständsperson,
427 1248 109 19 handlande
550 1248 37 18 och
602 1247 95 19 fabrikant
716 1262 4 4 .
751 1263 4 3 .
810 1248 26 18 40!
879 1258 26 4 —

217 1274 29 18 för
261 1274 152 24 handtverkare,
429 1274 90 19 arbetare
533 1274 38 19 och
585 1274 59 18 deras
656 1273 102 20 vederlike
812 1274 24 18 10]
879 1284 26 3 —

191 1300 202 24 Notariatsbevis,
412 1300 21 19 af
448 1300 51 20 hvad
516 1305 58 15 namn
591 1300 39 19 och
647 1300 110 20 beskaffen-

216 1327 34 19 het
264 1326 34 20 det
313 1332 49 14 vara
375 1325 32 33 mä
433 1342 3 3 .
646 1342 4 4 S
681 1342 4 4 x
716 1342 39 4 ara
825 1327 9 19 1|
879 1337 26 3 —

190 1353 58 20 Pass
265 1353 88 20 utfärdas
369 1352 25 27 pä
412 1342 106 37 stämplalt
534 1342 86 37 papper,
639 1354 26 19 till
685 1353 73 20 nedan-

219 1380 82 20 stäende
315 1380 82 26 belopp,
412 1380 104 26 nemligen:

194 1407 33 22 4:o
242 1407 99 25 Resepass
355 1407 26 20 tili
395 1407 76 20 utrikes
486 1409 38 18 ort:

219 1433 29 23 för
262 1433 142 25 ständsperson
435 1449 3 4 .
471 1449 2 4 so
506 1449 2 4 so
541 1450 3 3 so
576 1450 3 3 so
612 1449 2 3 ro
646 1449 4 4 so
681 1449 4 4 co
717 1449 36 4 cc
824 1435 13 18 4!
880 1445 25 3 —

823 935 11 16 o
823 906 11 17 0
822 825 12 46 [+]

877 864 27 3 |
