1006 1686
195 151 44 32 1042
410 154 71 23 Nådiga
493 156 140 23 Propositionen
646 155 35 17 N:o
693 155 28 17 32.

196 205 100 19 enahanda'
310 205 54 26 syfte
377 205 46 19 med
437 204 37 20 den
489 204 50 20 förra
553 203 186 27 hypotheksfonden
751 205 30 18 för
797 203 140 25 smäsellarne,

196 231 99 20 användas
312 231 26 20 till
356 231 31 20 lån
405 233 54 17 emot
476 233 47 22 pant
542 230 19 20 af
576 230 102 19 inhemska
695 230 109 25 produkter
822 230 37 19 och
877 230 4 19 i
903 230 36 19 fast

197 257 98 25 egendom
309 257 10 20 &
332 257 66 26 fäntlet
411 257 119 19 intecknade
544 257 135 24 skuldsedlar,
699 262 45 14 men
762 257 103 19 dessutom
883 257 58 18 äfven

198 287 53 15 emot'
270 283 98 25 säkerhet
376 283 29 23 af'
413 278 62 34 finska
491 284 89 18 Bankens
601 283 39 19 och
659 283 60 25 ryska
737 283 204 21 krelit-anstalternas

184 316 3 2 *
198 310 142 20 räntebärande
348 309 139 25 :obligationer,
503 312 52 17 samt
569 309 99 19 enskildes
685 309 65 20 kredit
767 310 49 18 och-
833 308 109 26 värdepap-

198 340 42 22 per:
270 336 80 26 Iöfrigt
364 336 99 46 VAIN
478 337 29 18 för
522 336 78 25 Banken
616 341 23 13 en
654 341 26 21 ny
692 336 130 19 verksamhet
832 340 72 19 genom
915 336 28 19 di-

200 362 112 26 sköntering'
328 363 17 19 af
383 362 75 20 inhemska
475 362 67 20 vexlar
557 362 37 20 och
609 362 123 26 anvisningar
746 364 51 17 samt
812 361 70 20 handel
896 362 46 20 med

199 390 104 19 utländska
321 389 74 19 vexlär:
429 389 40 19 Den
491 388 119 20 sistnämnua
628 389 124 25 operationen
769 392 36 15 var
823 388 22 19 sä
862 389 82 26 mycket

200 422 53 14 mera
267 416 21 19 af
300 416 100 19 behofvet
408 415 96 25 påkallad,
521 421 44 14 som
579 415 77 19 Banken
671 415 4 19 i
695 415 68 20 silfver
780 418 74 16 omsatt
870 415 25 20 de
914 418 29 16 ut-

199 442 80 21 ländska
294 442 72 24 sedlar,
382 442 65 20 hvilka
462 443 57 24 förut,
539 442 62 20 under
617 442 74 19 saknad
709 443 21 19 af
745 441 102 20 inhemska
865 442 76 24 börser,

199 470 74 19 kunnat
287 468 24 26 på
325 468 66 27 dylika
412 469 125 25 inrättningar
554 471 54 17 utom
629 468 65 20 landet
710 468 28 20 till
755 468 98 25 vexelköp
870 470 73 18 använ-

199 496 43 20 das.
272 496 75 19 Genom
363 496 50 19 4859
427 494 33 20 års
475 494 144 20 ofvannämnde
634 495 113 25 förordning
761 494 118 25 utvidgades
893 496 51 18 Ban-

200 522 49 20 kens
263 522 128 19 verksamhet
405 522 6 19 i
425 521 22 20 så
462 521 67 25 måtto,
546 524 27 16 att
587 521 88 20 enskilde
690 520 51 26 fingo
758 521 35 19 der
810 521 70 20 insätta
898 522 47 19 den-

200 554 88 14 sammas
302 548 67 19 sedlar
381 548 24 25 på
421 550 61 22 ränta,
499 548 90 25 antingen
597 550 54 17 emot
658 547 181 26 depositionsbevis
849 548 47 19 eller
905 547 38 20 ock

202 574 23 26 på
241 580 51 19 upp-
306 574 38 19 och
359 574 214 25 afskrifningsräkning;
589 575 37 18 och
644 574 58 19 tillika
720 573 131 26 berättigades
867 574 78 19 Banken

200 603 29 17 att
246 602 4 18 i
268 601 52 19 form
337 601 21 19 af
371 600 144 20 kassakreditiv
534 601 109 19 försträcka
661 600 63 20 medel
742 602 53 18 emot
811 601 83 25 antaglig
913 602 32 18 sä-

200 628 76 19 kerhet.

253 654 164 20 Bank-Utskottet
431 654 42 24 har,
489 654 26 19 till
531 654 96 19 vinnande
642 654 20 19 af
674 653 57 25 nödig
740 652 103 26 utredning
853 653 5 19 i
869 655 73 23 ämnet,

200 680 42 20 från
248 675 8 35 -
257 680 125 19 Direktionen
396 680 31 19 för
440 680 89 20 Finlands
544 680 54 20 Bank
613 680 76 19 erhållit
703 679 98 25 åtskilliga
808 680 96 25 specifika
914 681 30 18 rä-

200 707 172 25 kenskapsutdrag
385 708 38 18 och
437 706 124 26 handlingar;
575 707 19 19 af
611 706 67 20 hvilka
695 709 30 17 tre
741 706 76 20 tablåer
833 706 56 20 öfver
905 706 40 26 pri-

202 733 74 23 mitiva,
293 732 119 21 småsedels-
427 733 37 19 och
483 733 220 25 hypotheksfondernes
720 733 88 25 ställning
826 732 61 20 under
905 734 41 18 sär-

203 759 61 20 skilda
278 759 22 19 är
315 758 95 26 härjemte
424 759 75 25 bifogas
515 760 47 24 (tab.
579 760 14 24 I,
609 760 16 18 II
640 760 37 18 och
689 758 40 26 HI).

254 786 36 19 För
304 788 27 17 att
346 787 89 18 närmare
449 786 68 18 utreda
531 786 25 19 de
571 785 130 19 omvexlande
715 785 134 20 förhållanden
859 801 4 8 ,
883 791 43 13 som
940 785 5 19 i

204 812 92 20 afseende
310 812 12 20 ä
337 812 91 20 Finlands
442 812 38 19 och
494 812 47 19 dess
555 812 64 19 Banks
631 812 186 25 penningestälining
827 811 62 20 under
899 811 47 19 åren

202 838 117 19 1840
271 833 12 34 —
293 833 27 34 62
337 840 32 23 ägt
382 843 51 19 rum,
446 838 77 24 bifogas
538 838 67 19 vidare
622 840 30 17 tre
669 837 74 20 tablåer
763 838 39 25 (1V,
819 838 18 19 V
851 838 38 19 och
903 838 41 24 VD,

202 864 162 20 sammanfattade
378 870 23 13 ur
416 864 144 19 ofvannämnde
575 863 194 26 räkenskapsutdrag
783 864 38 19 och
835 864 61 19 andra
909 864 37 19 till-

202 891 87 24 gängliga
304 891 105 25 uppgifter.
439 891 63 19 Dessa
517 890 78 20 tablåer
609 889 76 27 åtföljas
700 890 21 20 af
738 896 24 14 en
782 890 165 20 historisk-stati-

202 917 51 19 stisk
267 917 140 25 framställning
421 917 5 18 i
441 917 72 25 ämnet,
529 923 43 14 som
587 918 91 18 närmära
692 916 80 27 belyser
786 917 59 20 deras
859 916 86 21 innehåll

201 943 38 19 och
253 943 187 20 hufvudresultater.

255 970 64 19 Sedan
334 969 89 20 Finlands
437 969 60 26 Bank,
520 969 67 20 såsom
604 969 57 19 ofvan
682 971 22 18 är
723 970 86 25 anfördt,
831 969 115 27 grundlagts

203 1001 72 19 genom
291 996 67 25 bidrag
377 995 43 20 från:
437 997 128 23 statsverket,
588 997 36 18 har
641 996 128 20 densammas
788 996 136 25 verksamhet,
940 996 6 20 i

203 1022 46 19 män
265 1023 21 18 af
298 1022 95 20 särskilda
408 1021 190 21 -tidsförhällandens
619 1022 49 25 kraf,
687 1022 74 26 jemväl
782 1022 64 20 blifvit
861 1023 86 19 medelst

204 1049 134 24 Regeringens
353 1049 76 24 försorg
443 1049 120 20 understödd
577 1054 71 21 genom
662 1049 113 20 anskaffade
789 1049 102 20 utländska
906 1049 38 20 län.

202 1074 43 20 Men
260 1075 24 25 pä
300 1075 59 19 andra
374 1075 54 18 sidan
448 1075 36 19 har
498 1075 78 19 Banken
590 1075 65 25 äfven,
677 1076 63 19 under
761 1075 93 20 sednaste
873 1078 73 17 tvenne

204 1100 110 25 årtionden,
338 1101 43 19 gicke
398 1101 83 19 allenast
500 1101 25 20 till
544 1101 121 20 statsverket
679 1101 96 21 äterburit
795 1101 36 20 den
846 1102 99 24 primitiva

202 1127 83 19 fondens
299 1127 135 25 urdbrungliga
449 1127 76 25 belopp,
536 1130 45 16 utan
595 1127 38 19 ock
647 1128 74 19 lemnat
734 1128 69 25 bidrag
813 1128 26 20 till
851 1127 94 27 åtskilliga

203 1154 194 24 statsutgifterflels
412 1154 129 24 omedelbart,
558 1153 41 20 dels
614 1159 71 19 genom
697 1154 86 20 tillskott
792 1154 25 20 till
833 1155 114 19 amortisse-

203 1175 138 34 mentsfonden
398 1180 131 20 statsverkets
544 1180 38 20 lån.
606 1180 32 20 Till
654 1183 27 17 att
691 1180 68 26 belysa
769 1180 58 20 dessa
842 1180 105 20 förhållan-

203 1206 38 19 den
255 1206 75 26 bifogas
344 1207 109 19 emJgmväl
469 1206 24 26 på
511 1206 62 26 grund
593 1206 20 20 af
626 1207 187 19 Bankdirektionens
830 1208 58 19 ofvan
906 1213 41 14 om-

204 1232 94 19 förmälda
320 1232 97 24 uppgifter
435 1232 55 24 gjord
505 1233 59 23 liqvid
582 1233 55 18 öfver
658 1234 133 19 statsverkets
806 1234 38 18 och
857 1234 90 18 Bankens

203 1258 118 24 ömsesidiga
336 1258 67 25 bidrag
417 1258 24 19 till
459 1258 109 19 hvarandra
583 1258 47 23 (tab.
646 1259 49 23 VII.

256 1284 44 19 Med
314 1284 101 25 anledning
429 1284 60 24 deraf,
501 1286 27 17 att
543 1284 142 20 ofvanberörde
699 1284 69 26 nådiga
782 1285 121 26 proposition
918 1286 27 19 af-

203 1316 33 14 ser
249 1310 90 20 Bankens
354 1311 96 26 primitiva
465 1312 38 18 och
517 1311 193 26 hypotheksfonders
722 1311 89 27 ställning
825 1312 37 20 den
873 1313 23 19 34
907 1312 38 20 De-

204 1337 81 20 cember
300 1338 51 19 1862
366 1340 51 17 samt
431 1338 127 19 summariskt
567 1341 96 23 upptager
672 1338 59 20 deras
745 1337 112 22 dåvarande
871 1339 76 20 behåll-

203 1364 51 25 ning,
271 1365 35 18 har
321 1364 99 21 Utskottet
441 1365 89 24 slutligen
548 1365 63 20 funnit
631 1365 30 25 sig
674 1365 47 20 böra
736 1365 74 26 bilägga
831 1372 24 13 en
868 1365 77 26 jemlikt

203 1391 187 20 Bankdirektionens
411 1391 136 25 redogörelser
567 1392 104 25 upprättad
691 1391 52 21 tablå
761 1392 55 20 öfver
829 1392 60 20 dessa
903 1393 44 19 fon-

203 1417 46 20 ders
264 1417 80 20 skulder
358 1418 37 18 och
409 1416 100 26 tillgångar
524 1418 31 20 vid
571 1424 77 14 samma
663 1418 26 20 tid
705 1418 48 26 (tab.
768 1419 58 25 VIII).

256 1444 75 19 Genom
346 1444 127 25 utredningen
487 1444 20 19 af
520 1445 36 19 alla
566 1444 60 20 dessa
640 1444 168 26 omständigheter
821 1446 38 18 och
873 1445 72 20 förhål-
