1020 1692
301 140 72 22 Nådiga
384 142 139 22 Propositionen
536 141 37 18 N:o
583 142 29 18 28.
796 141 34 20 19

86 191 104 19 äfvensom
207 186 65 34 deras:
283 190 71 25 enkor,
374 190 65 20 sävidt
455 191 26 20 de
497 191 45 19 icke
559 196 71 20 genom
647 192 75 20 födseln
736 193 34 19 äro
785 192 46 21 eller

87 217 115 20 sedermera
216 216 65 20 blifvit
294 220 83 22 antagne
392 218 26 19 till
433 217 64 20 finske
512 218 136 26 medborgare.

139 243 11 25 $
164 244 31 18 10.
227 244 39 19 Alla
281 244 61 24 öfriga
357 244 87 19 hitintills
457 244 88 25 gällande
560 245 38 18 och
612 244 5 19 i
632 244 54 20 äldre
695 245 136 26 författningar

85 272 99 22 upptagne
198 269 104 20 befrielser
314 268 51 21 ifrån
379 271 198 24 mantaispenningar,
592 271 65 19 ehvad
671 270 26 20 de
711 272 51 18 varit
776 272 54 19 vissa

85 296 67 19 städer
166 296 39 18 och
219 295 118 20 kommuner
352 296 46 19 eller
413 296 88 19 enskilda
515 296 57 19 stånd
587 297 38 19 och
640 302 96 20 personer
749 297 82 25 bevilja-

85 321 32 23 de,
133 322 80 19 komma
228 324 28 16 att
270 322 29 18 för
311 322 105 19 framtiden
426 322 79 19 alldeles
515 322 96 26 upptiöra;
622 322 38 20 och
670 322 31 20 mä
712 322 63 26 ingen,
786 328 44 14 som

84 348 61 25 enligt
158 348 62 19 denna
235 347 113 26 förordning
362 349 22 18 är
398 349 191 24 mantalspenningar
597 349 192 24 underkastad,
747 343 42 35 från
799 352 30 16 ut-

84 374 86 25 görande
184 374 20 19 af
215 374 87 20 nämnde
314 374 54 20 skatt
382 374 116 20 hädanefter
514 380 46 14 vara
575 374 80 21 befriad.

137 400 10 26 $
163 401 31 19 41.
224 400 144 26 Gerningsören
382 400 122 21 bestämmas
518 401 28 20 till
561 400 33 20 två
609 402 57 19 mark
680 402 37 19 och
732 403 95 24 erläggas,

83 426 68 20 såsom
168 427 61 25 förut,
246 427 23 28 af
285 427 35 20 alla
331 425 31 27 pä
379 427 65 20 landet
457 430 83 23 antagne
556 428 220 20 socknehandtverkare
790 429 39 19 och

83 454 145 25 gerningsmän,
242 453 75 25 jemväl
332 454 52 19 inom
398 454 94 26 Wiborgs
504 454 39 19 län.

139 481 11 24 $
164 480 32 19 12.
227 480 106 19 Hvar-och
352 485 24 15 en
393 480 52 20 finsk
462 480 131 26 medborgare
610 480 50 20 skall
672 480 62 26 jemte
749 482 78 24 hustru,

83 506 49 20 barn
149 506 38 20 och
203 506 63 25 örfrige
283 506 26 26 till.
328 507 50 19 hans
395 507 79 20 husfolk
492 507 100 26 rätteligen
610 508 86 19 hörande
713 508 116 24 personer
816 502 16 35 i

84 534 73 19 mantal
172 536 95 22 upptagas
282 536 52 17 samt
348 533 4 19 i
368 533 103 27 kyrkobok
485 534 72 20 införas
572 532 11 20 å
597 534 37 19 den
649 536 38 22 ort,
702 534 36 19 der
747 534 38 20 han
794 534 34 19 sitt

83 560 26 20 bo
123 561 38 18 och
176 561 49 18 rätta
239 560 87 19 hemvist
340 560 76 26 hafver,
432 560 97 26 borgerlig
542 560 75 20 rörelse
632 560 47 20 eller
687 566 64 15 annan
761 560 67 26 näring

83 586 57 20 idkar
154 586 48 20 eller
216 586 60 26 tjenst
290 586 101 20 förvaltar.

137 612 95 25 Slutligen
247 612 30 20 fär
290 613 104 25 utskottet,
410 614 47 19 enär
471 613 37 20 den
518 613 108 25 föreslagne
636 613 192 25 mantalspenninge-

83 639 86 25 afgilten,
185 638 25 26 pä
225 640 39 19 sätt
277 639 101 20 ofvanföre
392 639 62 20 blifvit
469 639 70 25 visadt,
555 639 56 20 torde
625 640 80 19 komma
723 642 27 17 att
764 640 65 19 öfver-

84 665 48 26 stiga
147 666 146 25 sammanlagda
307 666 92 26 beloppet
413 667 21 18 af
445 666 25 20 de
485 672 25 13 nu
524 666 98 26 utgäende
632 666 110 26 personella
751 666 75 26 utskyl-

82 692 68 26 derna,
166 693 37 19 hos
218 692 105 20 ständerna
340 692 149 20 vördsammast
503 692 116 25 hemställa,
635 692 97 20 huruvida
746 692 44 20 icke
804 692 26 20 de

83 718 82 21 sednast
179 719 33 20 vid
225 719 116 26 landtdagen
355 719 5 19 i
374 718 61 26 Borgå
450 719 27 20 till
491 718 153 26 nästpäföljande
658 719 93 25 landtdag
765 718 63 20 under

83 751 60 15 namn
160 746 22 20 af
197 745 215 27 slottsbyggnalshjelp
432 746 38 20 och
488 745 149 21 medicinalfond
650 746 101 30 medgifne
761 746 68 19 bevill-

83 772 68 26 ningar
170 772 76 25 kunde,
266 773 5 18 i
290 772 85 26 enlighet
390 772 47 20 med
454 772 51 20 hvad
523 772 62 20 Hans
605 772 132 26 Kejserliga
757 771 71 26 Maje-

83 800 48 18 stät
145 800 5 18 i
164 799 39 19 den
217 798 74 26 Näliga
308 799 146 25 propositionen
467 798 73 26 jemväl
555 798 108 26 föreslagit,
681 798 30 20 för
725 798 102 20 framtiden

83 826 96 25 upphöra.

324 992 263 23 Reservationer.

162 1055 28 21 Af
202 1055 138 22 Statsrädet
352 1056 19 19 J.
387 1057 23 19 A.
427 1062 45 14 von
487 1057 71 20 Born:

135 1092 37 24 Jag
186 1092 38 19 kan
238 1091 45 20 icke
297 1091 106 20 instämma
417 1091 6 20 i
436 1091 38 20 den
484 1092 20 19 af
511 1092 112 20 Utskottets
632 1091 99 26 pluralitet
740 1091 87 26 godkän-

82 1117 26 20 da
122 1117 52 26 åsigt
187 1121 29 17 att
228 1118 39 19 den
277 1123 38 20 nya
325 1118 110 25 personella
445 1118 61 26 afgift,
518 1124 43 13 som
570 1118 63 20 under
642 1118 116 25 benämning
767 1123 60 14 man-

83 1145 184 25 talspenningar
279 1144 64 21 skulle
356 1143 93 27 päläggas
464 1145 5 18 i
483 1145 65 19 stället
561 1144 29 19 för
604 1144 116 20 nuvarande
732 1144 96 20 mantals-

84 1171 114 24 penningar,
209 1172 97 24 lagmans-
315 1171 38 19 och
362 1170 228 25 häradshöfdingeränta,
604 1169 176 27 djeknepenningar
789 1171 38 19 och

83 1196 239 26 poduschniepenningar,
341 1197 36 19 bör
394 1197 58 19 blifva
471 1197 25 20 till
514 1197 92 24 beloppet
623 1196 39 20 lika
681 1197 29 19 för
725 1197 35 19 alla
774 1201 54 14 sam-

83 1223 134 24 hällsklasser,
234 1223 82 19 emedan
329 1222 32 25 jag
375 1228 59 14 anser
447 1222 109 20 införandet
573 1221 67 21 såsom
657 1223 98 19 ordinarie
772 1222 56 19 skatt

83 1249 21 20 af
116 1254 24 14 en
154 1248 52 26 dylik
222 1249 177 25 kapitationsafgift,
415 1249 37 19 lika
466 1249 30 19 för
509 1249 42 19 rika
565 1248 37 20 och
616 1248 74 26 fattiga,
705 1254 47 13 vara
761 1251 29 16 ett
799 1248 28 20 till

83 1275 30 20 sin
128 1275 63 25 grund
205 1275 109 20 irrationelt
327 1275 182 25 beskattningssätt,
525 1275 76 20 hvilket
617 1275 46 19 icke
676 1275 61 19 heller
752 1275 28 19 uti
794 1273 34 21 nå-

83 1303 34 43 got
131 1303 59 18 annat
204 1301 44 21 land
264 1301 4 20 i
283 1302 80 24 Europa
376 1307 82 14 numera
473 1301 55 20 torde
546 1301 91 20 existera.
667 1301 36 25 Jag
719 1300 108 26 tillstyrker

98 1328 53 18 erför
164 1332 24 14 en
204 1327 61 19 sådan
280 1327 139 20 klassifikation
434 1327 21 19 af
467 1327 147 25 ifrågavarande
628 1326 55 24 afgift
696 1331 44 15 som
751 1327 29 18 uti
788 1325 40 20 den

84 1352 74 26 Nädiga
172 1353 146 25 propositionen
333 1354 22 18 är
369 1353 120 24 föreslagen,
505 1353 59 19 likväl
577 1352 46 19 med
638 1352 34 19 det
685 1352 100 24 undantag
798 1354 29 17 att

84 1378 131 21 medlemmar
229 1379 20 20 af
261 1379 146 25 Ridderskapet
424 1379 38 19 och
479 1379 72 23 Adeln,
569 1377 59 26 enligt
644 1379 41 18 min
701 1378 65 24 tanke,
782 1377 45 21 icke

85 1405 47 20 böra
147 1405 4 19 i
166 1406 38 19 och
218 1406 29 19 för
264 1405 63 20 denna
344 1405 58 20 deras
420 1405 109 26 egenskap,
547 1404 128 27 ovilkorligen
691 1404 91 20 hänföras
800 1404 26 21 till

83 1432 38 20 den
135 1432 57 26 högst
205 1432 116 21 beskattade
334 1431 86 23 klassen,
433 1431 90 26 emedan,
534 1431 67 21 såsom
610 1431 60 20 kändt
680 1434 28 22 är,
720 1431 48 21 flere
776 1437 46 20 per-
