1014 1692
178 135 34 33 832
394 138 71 22 Nädiga
476 139 141 23 Propositionen
630 139 36 17 N:o
678 139 28 17 30.

205 214 24 26 pä
243 198 114 35 kontraktet
368 214 24 19 är
406 214 124 25 upprättadt,
545 214 64 19 förses
625 213 46 19 med
685 214 60 20 stäm-

205 240 54 27 pladt
272 246 82 19 papper,
370 240 109 19 beräknadt
492 240 29 20 för
536 239 69 27 hvarje
615 239 22 20 är
646 240 50 19 efter
706 240 38 19 Jen

205 266 171 24 arrendesumma,
392 268 49 24 hyra
456 267 46 19 eller
517 266 68 26 afgäld,
602 272 44 14 som
660 267 30 20 för
705 266 41 19 helt

205 294 22 20 är
241 294 30 24 sig
285 293 87 25 belöper,
388 293 87 20 sälunda:
491 293 24 20 dä
530 294 62 25 hyran
609 293 29 19 för
658 293 43 20 äret
714 295 31 16 ut-

205 321 34 25 gör
253 320 26 19 till
294 321 38 18 och
347 319 46 20 med
406 321 39 19 200
461 320 69 19 mark.
597 335 39 4 E
669 336 3 3 m
704 335 4 3 5
740 335 4 3 %

205 346 114 21 derutöfver
332 347 27 19 till
374 347 39 19 och
426 346 45 20 med
487 347 37 19 300
540 346 62 19 mark.

251 381 10 9 »
342 381 10 9 »
439 381 10 9 »
488 374 38 19 500
556 381 10 9 »

251 408 10 9 »
342 407 10 16 »
440 407 11 10 »
489 401 37 18 750
556 407 10 10 »

252 435 9 9 »
344 435 9 8 »
441 434 10 9 »
467 426 59 24 1,000
556 434 10 9 »

252 461 10 9 »
343 461 10 8 »
440 461 10 9 »
467 453 59 25 1,500
556 460 10 9 »

253 487 9 10 »
344 487 10 9 »
441 487 9 9 »
466 479 60 25 2,000
556 487 10 9 »

253 515 10 8 »
344 513 10 10 »
442 513 9 10 »
467 506 59 23 2,500
556 513 10 9 »

253 541 10 9 »
344 539 10 10 »
441 540 10 9 »
467 533 59 23 3,000
556 539 10 10 »

248 554 13 31 »”
344 566 9 9 »
441 567 9 8 »
466 559 60 24 4,000
556 566 10 10 »

251 594 10 9 »
343 581 9 29 »”»
440 593 10 9 »
465 586 60 24 6,000
555 593 10 8 »

342 619 10 9 »
361 623 7 2 -
439 619 10 10 »
465 601 19 34 8;
488 613 37 19 000
554 619 11 9 »

206 620 55 38 samt
271 637 113 20 derutöfver
399 637 29 19 för
442 627 69 35 hvarje
525 638 45 19 fulla
580 638 18 24 1,
596 627 43 30 000
704 653 4 3 s
740 653 4 4 ä

179 666 100 24 Begagnas
298 663 113 20 kontraktet
427 665 79 19 utöfver
522 665 38 19 den
580 653 42 30 deri
642 663 103 20 bestämda

207 692 34 23 tid,
257 691 91 25 erlägges
362 690 154 26 för-förnyelsen
530 691 38 20 lika
582 689 62 26 karta,
660 696 44 13 som
719 690 25 20 till

207 707 44 36 nytt
265 717 92 20 kontrakt
371 717 106 19 erfordras.

181 743 93 26 Förhöjes
288 743 79 26 afgiften
382 743 48 20 eller
444 744 72 25 hyran,
531 744 75 25 lämpas
620 743 69 20 kartan
704 743 43 20 der-

207 770 58 31 efter.

181 796 55 20 Ingår
251 797 5 18 i
271 797 119 24 kontraktet,
405 798 56 17 utom
476 797 41 19 viss
528 796 93 20 summa
612 792 12 34 i
632 797 114 25 penningar,

221 823 53 25 eting
288 828 33 14 om
330 813 100 29 förmåner
438 823 48 18 eller
496 823 138 24 prestationer,
646 828 44 13 som
703 813 45 30 icke

206 852 34 17 äro
257 838 26 31 till
303 849 60 20 värde
380 850 5 18 i
402 850 107 24 penningar
524 852 82 22 utsatte,
624 842 45 26 eller
686 849 62 29 angår

206 876 112 19 kontraktet
332 875 70 20 endast
416 874 72 20 sådane
502 862 108 43 förmåner;
624 875 60 20 varde
695 882 4 12 i
710 876 39 19 för-

207 908 21 13 ra
242 902 53 20 fallet
310 902 110 24 stämplade
429 905 83 21 pappret
520 902 62 20 tillökt
595 892 46 30 med

207 929 38 21 och
259 928 5 19 i
279 928 35 19 det
328 928 84 19 sednare
425 928 112 19 kontraktet
552 928 84 20 skrifvet
650 928 24 20 ä.
706 944 3 3 .

181 955 43 20 Och
245 954 50 20 skall
317 952 46 22 med
381 952 156 28 hyreskontrakt
557 955 6 19 i
583 954 44 20 stad
647 954 29 20 för
690 940 58 45 öfrigt

208 981 93 25 iakttagas
321 980 53 20 hvad
388 980 10 26 $
412 981 25 19 27
452 980 111 20 innehåller.

180 1008 33 18 2:0
228 1006 111 26 Angäen
316 1002 25 35 de
353 1006 37 26 köp
404 1007 38 19 och
455 1007 47 25 byte
516 1008 20 18 af
546 1006 54 26 jord,
616 1008 38 19 hus
669 1013 26 14 m.
710 1013 36 18 m.,

207 1034 24 20 dä
247 1033 85 20 särskild
346 1034 98 24 köpebref
457 1034 107 25 upprättas,
584 1034 58 25 hvart
656 1034 35 19 ark
707 1050 4 2 .

206 1066 45 14 men
266 1060 5 19 i
285 1062 58 17 annat
358 1060 28 19 fall
403 1060 91 20 karteras
508 1060 59 20 dessa
583 1060 113 20 kontrakter
709 1060 39 20 lika

206 1086 46 20 med
266 1086 102 30 köpebref.

181 1113 32 19 3:o
228 1113 39 19 Om
281 1112 57 26 bolag
352 1113 6 18 i
373 1112 77 25 handel,
463 1112 70 26 fartyg,
544 1112 133 25 manufaktur,
688 1112 58 24 bruk,

208 1138 63 20 fabrik
286 1139 47 19 eller
347 1144 63 14 annan
426 1128 60 30 sädan
500 1135 81 33 rörelse,
598 1125 114 43 handtering
721 1128 37 31 el.

207 1165 29 19 ler
249 1164 75 26 näring,
340 1165 59 19 hvart
412 1164 52 20 ark
455 1160 12 34 .

180 1192 33 18 4:0
228 1191 41 19 Alla
283 1191 61 24 öfriga
358 1191 83 19 emellan
456 1176 87 45 enskilde
558 1180 96 36 personer
668 1180 79 31 skriftli-

207 1222 38 40 sa
259 1210 117 32 upprättade
390 1218 214 18 öfverenskommelser
621 1217 37 19 och
676 1218 72 19 förbin-

221 1243 58 23 elser,
296 1242 66 20 hvilka
377 1242 43 19 icke
434 1242 67 20 kunna
521 1242 63 20 under
604 1243 144 25 ofvanupptag-

207 1274 24 13 ne
246 1258 90 30 rubriker
350 1268 98 24 hänföras,
464 1267 67 26 hvarje
546 1268 58 18 ark
598 1263 12 36 .
635 1284 4 3 .

181 1294 32 20 5:0
228 1294 104 25 Kontrakt,
348 1284 129 35 hvarigenom
491 1294 78 20 Kronan
584 1283 46 31 eller
648 1284 99 36 menighet

206 1316 92 34 upplåter
312 1310 116 30 fabrikation
443 1321 46 19 eller
503 1320 110 26 försäljning
628 1321 21 19 af
656 1321 89 24 bränvin,

205 1347 90 20 karteras
311 1348 25 20 till
352 1346 71 20 dubbla
434 1347 92 26 beloppet
536 1347 20 20 af
563 1346 25 21 de
597 1347 5 19 i
612 1348 62 19 första
684 1340 63 33 punk-

206 1376 33 18 ten
253 1376 75 17 utsatta
344 1374 81 19 värden.

179 1400 41 21 Der
236 1400 120 21 annorlunda
372 1399 18 26 ej
407 1400 195 26 öfverenskommits,
622 1401 36 20 bör
677 1400 70 26 hvarje

207 1427 117 20 kontrahent
341 1427 85 20 anskaffa
444 1427 54 19 karta
515 1427 27 21 till
560 1427 33 20 sitt
610 1428 100 25 exemplar
728 1428 20 19 af

802 453 10 17 a
793 427 28 17 67
793 399 28 19 00
793 373 28 18 10
802 346 8 14 >
787 329 26 3 |

789 478 23 19 10

788 505 25 19 12

789 531 25 19 15

788 557 25 20 20

788 584 25 19 30

788 611 25 18 40

867 319 27 332 MIKKNNNNNNNK

870 902 25 20 30

870 928 25 20 80

870 1033 25 19 80

870 1268 24 20 80
