3367 3275
157 220 151 39 Ekonomie
333 219 156 54 Utskottets
513 219 106 51 förslag
644 219 38 38 till
704 219 264 51 sammanjemkning
988 219 32 38 af
1036 219 34 38 de
1092 218 226 52 skiljaktigheter,
1341 232 59 25 som
1421 223 127 48 uppstått
1568 217 45 40 vid
1633 209 205 65 Riksståndens
1861 215 167 52 behandling
2049 216 32 38 af
2096 215 112 51 Nädiga
2227 217 215 50 propositionen,
2464 215 148 49 angående
2633 216 358 56 kommunallörvaltningen
3008 223 38 47 på
3065 218 105 41 landet.

98 2985 10 24 $
123 2985 31 24 39,
163 2985 59 19 Mom.
231 2984 28 25 d),
269 2990 13 20 p

100 3011 32 20 34.

104 3057 26 4 —
144 3047 56 19 Mom.
218 3046 40 25 10.)

341 2984 59 19 Förra
414 2983 130 24 alternativet.

873 2940 2 12 I
1189 2948 7 7 ,

843 2982 57 19 Förra
914 2980 132 21 alternativet.

1340 2980 74 19 Senare
1430 2979 128 20 alternativet.

1340 3041 119 20 Redaktions
1473 3041 118 25 förändring.

1840 2979 58 19 Förra
1912 2978 129 21 alternativet.

127 327 129 45 Utskottets
1669 338 3 22 |
2938 342 2 23 i

114 374 156 27 betänkande.
307 384 3 13 |:
382 373 173 33 Ridderskapet
574 373 43 26 och
640 372 79 27 Adeln,
959 367 181 43 Presteständet.
1449 366 208 43 Borgareständet.
1962 364 181 44 Bondeständet.
2478 369 132 27 Utskottets
2633 369 352 46 sammanjenikningsförslag.

2690 411 7 14 +
3131 415 29 4 v

94 469 10 26 $
119 470 18 25 6,
153 475 19 20 p.
190 471 31 19 17.
337 469 73 25 Antogs
426 468 46 20 med
490 469 38 19 den
544 468 84 25 ändring
645 471 28 16 att
690 467 101 26 uttrycket
800 463 13 38 |
822 479 5 3 =
849 480 19 3 i
880 471 1409 12 -------<=-------000|
1330 463 64 38 <<<
1406 463 185 38 000000000
1602 463 55 38 000
1662 463 84 38 i000
1754 463 33 38 00
1799 463 10 38 |
1821 463 188 38 000000800
2017 463 87 38 nitto
2125 463 13 38 if
2150 463 115 38 000000
2274 463 20 38 -
2328 490 8 3 =
2379 463 171 26 Amendementet,
2576 463 66 20 såsom
2662 467 78 23 antaget
2761 465 21 19 af
2791 464 78 23 jendast
2889 468 27 17 ett
2937 466 62 24 stånd,
3013 467 64 19 torde
3096 467 54 21 böra

311 495 154 20 «försvarslöse»
483 495 5 19 i
506 495 24 19 12
550 500 62 14 mom.
632 495 63 19 skulle
710 495 79 25 utbytas
2317 490 81 20 förfalla.
2416 497 2 10 >
2792 496 2 15 i

311 524 53 17 emot
376 521 63 20 orden
454 520 128 26 «vanfrejdad
596 522 38 19 och
642 521 148 26 kringstrykan-
2017 522 22 12 an
2184 527 55 21 EL
2412 521 7 11 äv
2792 516 2 18 |

311 548 46 19 des
716 543 90 35 |
823 566 25 3 öm
860 565 50 4 feg
919 543 18 35 25)
945 543 30 35 mate
983 543 14 35 san
1009 543 16 35 mii
1039 565 44 4 tj
1099 565 8 4 m
1120 543 32 35 sims
1184 543 16 35 jin
1216 543 25 35 an
1249 543 12 35 ju
1272 543 12 35 TS
1295 543 10 35 |
1313 543 18 35 can
1348 543 36 35 msi
1400 543 36 35 vitro
1453 564 27 3 is
1492 564 8 3 i
1511 543 13 35 ji
1537 543 28 35 mij
1581 563 8 4 i
1602 543 52 35 mis
1667 534 7 34 L
1688 544 30 35 misä
1732 563 8 3 a
1754 563 31 3 S
1840 551 32 19 Till
1887 550 63 20 denna
1965 550 10 25 $
1990 549 60 20 borde
2065 549 65 26 läggas
2148 551 30 18 1:o
2193 550 25 19 till
2233 550 51 19 vilko
2380 542 95 27 Dä'isäväl
2490 549 38 20 den
2543 549 19 20 af
2576 550 144 31 Ridderskapet
2733 552 41 18 och
2790 542 58 29 Adeln
2863 553 80 24 antagna
2958 552 192 22 redaktionsändrin-

93 583 11 25 $
118 583 19 25 9,
152 588 20 19 p.
189 583 35 19 17.
338 581 79 25 Antogs,
436 586 46 14 men
496 581 64 19 skulle
575 579 74 21 erhälla
663 579 82 26 följande
760 585 30 14 re-
854 602 2 3 N
1813 583 35 14 ren
1865 577 29 19 för
1912 576 95 20 vinnande
2024 577 24 20 af
2061 576 95 30 rättighet
2172 579 28 16 att
2217 576 5 19 i
2237 577 55 19 kom-
2299 571 11 39 |
2318 581 43 20 gen,
2378 575 43 20 sori
2436 576 35 19 ock
2486 576 25 19 de
2525 576 20 19 af
2558 576 145 20 Bondeständet
2717 577 87 20 beslutna
2819 578 73 29 tillägg,
2905 562 129 45 understödas
3044 579 20 19 af
3072 580 73 35 endast

130 609 75 11 SKE
310 607 89 20 daktion:
419 607 111 26 «Rättighet
548 610 28 17 att
593 606 4 20 i
615 607 175 19 kommunalstäm-
854 606 9 11 3
1814 604 162 19 munalstämmas
1999 603 147 25 ö[verläggning
2169 603 36 20 och
2227 604 66 19 beslut
2296 599 9 33 |
2318 605 28 17 ett
2358 592 64 35 stånd,
2440 603 54 19 torde
2509 602 63 26 någon
2587 602 69 27 åtgärd
2670 604 6 19 i
2690 604 101 25 anledning!
2792 619 2 13 '
2806 605 56 19 deraf
2875 611 16 18 ej
2907 605 105 20 erfordras.
3060 605 2 10 E
3099 609 2 2 4

289 639 1 3 '|
311 639 42 14 mas
370 634 145 25 öfverläggning
532 634 38 19 och
585 633 65 20 beslut
664 633 76 25 deltaga
754 633 37 19 till-
853 631 10 14 U
1814 630 89 30 deltaga,
1920 632 54 27 utom
1993 629 54 30 hvad
2058 625 34 39 uti
2109 629 54 29 detta
2171 630 103 30 afseende
2288 630 5 19 i

311 660 86 25 komme,
416 662 46 17 utan
479 660 94 19 afseende
591 659 10 20 å
619 659 169 25 trosbekännelse,
1814 657 58 29 öfrigt
1886 656 131 29 föreskrifvits
2033 656 51 19 «och
2098 662 5 12 i
2118 660 37 14 sex
2169 662 33 13 års
2216 656 29 28 tid
2259 662 35 13 va-

311 686 68 26 hvarje
405 686 108 25 välfrejlad
540 686 132 20 kommunens
696 686 92 25 medlem,
853 691 10 7 j
1814 684 26 19 rit
1854 689 5 13 i
1872 682 79 20 Finland
1968 682 78 20 bosatt»
2062 682 38 19 och
2114 682 34 19 2:0
2162 685 28 17 att
2206 686 88 21 «tjenare

311 718 55 14 som»
382 718 18 15 0.
416 719 17 13 s.
449 719 21 14 v.
863 721 1 3 ;
1815 710 105 25 beråttigas
1930 712 28 16 att
1968 709 28 25 sig
2009 709 84 19 emellan
2103 712 45 16 utse
2165 709 73 24 ombud,
2255 705 39 34 som

192 741 8 10 b
862 733 3 29 !
1814 736 23 26 pä
1852 736 58 20 deras
1924 738 76 22 vägnar
2010 737 46 24 äger
2066 736 52 18 rösta
2129 735 33 20 vid
2172 735 120 21 kommunal-

1783 783 3 4 .
1801 758 9 33 |
1814 765 84 17 stämma
1912 764 34 17 när
1956 762 62 20 saken
2028 762 124 20 omedelbart
2161 763 55 18 rörer
2223 762 68 20 dem.»
2917 782 1 11 |
3138 787 2 2 |

94 800 10 25 $
118 801 32 23 10,
166 806 19 20 p.
202 801 32 19 18.
337 798 75 20 Senare
426 798 126 20 alternativet
566 798 21 19 af
599 799 59 19 Mom.
676 799 18 25 4,
711 801 77 23 antogs,
801 794 12 35 |
840 799 56 20 Förra
910 799 123 20 alternativet
1047 800 20 18 af
1078 800 60 19 Mom.
1155 800 10 19 1
1180 801 76 24 antogs.
1338 798 47 20 Lika
1404 798 45 20 med
1466 796 219 27 presteständet,
1638 789 51 38 dock
1700 796 45 20 med
1760 796 29 20 til-
1802 789 11 38 |
1840 795 47 20 Lika
1902 794 44 20 med
1961 793 153 27 presteständet.
2381 795 41 19 Den
2436 795 20 19 af
2467 794 167 26 Borgareständet
2648 798 82 22 antagna
2744 795 124 21 redaktionen
2883 794 37 22 af
2917 790 12 35 4
2933 797 59 19 Mom.
3003 797 4 19 i
3018 795 130 23 förevarande

311 825 45 19 med
374 825 72 25 tillägg:
467 827 41 17 «att
524 824 128 20 innehafvare
667 825 19 19 af
702 825 89 20 kronolä-
1311 826 49 24 lägg:
1372 826 51 18 «och
1430 826 71 24 ägaren
1508 823 16 26 ej
1537 826 18 18 är
1567 824 1 19 i
1574 818 120 26 kommunen
1701 824 87 19 bosatt.»
2319 821 10 25 S
2344 822 31 24 10,
2392 827 60 25 synes
2466 809 94 32 förmedla
2575 822 25 19 de
2614 822 20 19 af
2646 810 96 32 utskottet
2756 822 110 26 uppställda
2878 823 134 26 alternativer,
3024 824 91 26 hvarföre
3122 825 26 20 de

310 853 73 23 genhet
398 852 46 19 eller
458 852 91 25 boställe,
567 852 63 18 ehuru
646 851 44 20 icke
705 853 57 25 ägare
772 852 20 19 af
1329 839 81 39 Vidare
1426 851 63 19 skulle
1503 851 96 25 tilläggas:
2318 837 60 35 öfriga
2399 847 79 20 stånden
2499 848 91 25 inbjudas
2608 851 28 17 att
2650 849 66 19 förena
2729 848 33 29 sig
2776 849 44 26 med
2834 836 178 43 Borgareståndet.
3034 850 56 20 Detta
3104 856 45 15 mo-

310 878 38 19 den
363 878 94 25 fastighet
472 879 38 18 han
524 878 108 25 bebrukar,
648 878 57 20 likväl
721 880 21 18 är
757 878 33 20 be-
1339 873 55 25 «Åbo
1410 877 11 20 å
1437 878 155 19 kronohemman
1609 876 37 20 och
1661 876 126 20 innehafvare
2318 877 54 16 ment
2386 874 61 20 skulle
2461 876 5 18 i
2482 874 70 20 sådant
2566 876 31 19 fall
2613 874 73 20 erhålla
2701 874 79 26 följande
2791 865 93 58 [ydelse:

310 904 55 26 hörig
379 907 27 16 att
420 907 46 16 utan
481 904 93 20 särskildt
591 904 157 26 bemyndigande
761 905 29 19 för
860 904 3 24 :
1311 905 21 18 af
1343 904 152 25 kronoboställe,
1512 904 62 19 ehuru
1588 904 44 18 icke
1646 905 58 23 ägare
1718 903 20 19 af
1750 903 38 19 den
2380 897 97 27 «Landbo,
2493 901 118 19 arrendator
2626 901 46 19 eller
2686 902 158 19 hälftenbrukare
2860 903 52 19 röste
2921 900 30 29 för
2960 902 38 20 den
3008 903 89 25 lägenhet
3106 904 39 18 han

310 931 114 19 densamma
436 931 5 19 i
451 931 202 19 kommunalstämmäa
662 932 67 18 utöfva
740 932 48 19 röst-
860 930 4 25 4
1311 931 93 25 fastighet
1417 932 39 18 han
1470 916 105 44 bebrukar,
1591 936 48 13 vare
1656 918 56 32 likväl
1728 930 60 19 behö-
2318 927 88 28 innehar,
2423 932 31 14 om
2469 916 39 30 han
2522 928 29 18 för
2566 928 116 19 densamma
2697 928 89 25 erlägger
2796 919 133 44 kommunala
2938 929 104 34 utskylder
3055 930 38 19 och
3102 931 44 25 äga-

310 958 59 19 rätt.»
551 972 4 2 5
860 957 3 23 :
1310 958 30 24 rig
1357 945 35 37 att,
1415 960 48 16 utan
1478 946 97 30 särskildt
1587 952 154 37 bemyndigande
1758 956 30 19 för
2317 960 35 13 ren
2367 952 25 28 ej,
2399 955 21 18 är
2437 953 2 19 i
2453 954 122 20 kommunen
2590 955 74 23 bosatt;
2681 954 57 25 eljest
2751 957 41 17 röst
2817 956 75 24 ägaren,

860 983 1 3 |
1311 973 129 31 densamma
1433 969 12 44 i
1451 978 201 25 kommunalstämma
1671 975 57 27 utöfva
1738 985 51 17 röst-
2380 975 41 25 Åbo
2435 979 10 20 å
2460 980 158 20 kronohemman
2632 970 38 30 och
2684 981 124 19 innehafvare
2822 970 20 30 af
2856 982 149 29 kronoboställe,
3024 983 63 19 ehuru
3101 983 44 19 icke

862 1029 2 4 N
1312 1012 58 18 rätt.»
2318 1008 58 24 ägare
2393 1007 20 19 af
2427 1006 37 20 den
2479 1007 93 25 fastighet
2590 1008 38 18 han
2647 1008 105 24 bebrukar,
2776 1014 46 13 vare
2836 1008 57 20 likväl
2908 1003 80 31 behörig
3002 998 28 30 att
3043 1012 47 16 utan
3104 1012 42 17 sär-

851 1028 13 34 s
2316 1022 58 30 skildt
2388 1018 157 45 bemyndigande
2560 1034 28 19 för
2604 1034 114 20 densamma
2732 1034 6 19 i
2749 1023 35 31 kor
2799 1035 151 23 munalstämma
2964 1023 65 32 utöfva
3043 1036 99 20 rösträtt».

337 1064 74 26 Senare
427 1071 124 19 alternativet
567 1071 21 18 af
602 1071 60 19 Mom.
683 1070 11 19 5
712 1072 74 24 antogs,
800 1060 9 42 |
839 1071 55 20 Förra
908 1071 130 19 alternativet.
1338 1070 74 19 Senare
1426 1069 131 20 alternativet.
1671 1061 2 19 |
1838 1068 74 19 Senare
1926 1067 130 20 alternativet.
2379 1065 27 20 Då
2420 1066 38 20 den
2472 1066 20 20 af
2505 1066 147 30 Ridderskapet
2668 1068 39 18 och
2721 1066 61 20 Adeln
2806 1070 70 22 antagna
2890 1067 222 28 redäktionsförändring
3126 1070 20 18 af

309 1096 51 20 dock
372 1096 46 20 med
428 1096 83 26 följande
521 1096 86 27 lydelse:
624 1098 50 18 «För
684 1097 102 25 egendom,
862 1110 2 5 ;
2317 1089 127 23 förevarande
2463 1094 11 18 5
2491 1096 88 26 moment
2597 1093 5 19 i
2616 1094 10 24 $
2642 1094 23 18 10
2680 1092 17 25 ej
2710 1093 100 51 (Ey
2825 1081 25 31 ai
2858 1093 69 26 något
2928 1091 62 22 jannat
3006 1094 64 26 stånd,
3089 1083 55 32 torde

309 1124 67 25 näring
394 1124 47 19 eller
458 1124 82 24 rörelse,
557 1129 44 13 som
616 1124 64 19 under
693 1124 96 25 borgenä-
1671 1125 4 26 |
2317 1118 59 27 något
2384 1119 97 31 afseende
2496 1119 47 21 derä
2559 1118 16 26 ej
2590 1120 54 30 böra
2654 1120 61 19 fästas,
2738 1123 45 16 utan
2804 1120 74 20 föreslår
2884 1109 104 31 utskottet
3003 1124 27 16 att
3040 1111 69 30 senare
3119 1123 26 19 al-

309 1156 43 13 rers
369 1150 117 25 förvaltning
504 1150 48 24 stär,
568 1152 36 24 äge
618 1150 51 25 gode
682 1151 46 18 män
743 1151 46 19 eller
2316 1135 107 31 ternativet
2442 1153 5 12 i
2468 1143 109 39 utskottets
2599 1136 123 29 betänkande
2742 1141 78 46 antages
2838 1147 21 19 af
2874 1143 144 29 Ridderskapet
3032 1149 37 18 och
3083 1148 61 20 Adeln

308 1176 104 20 kuratorer
429 1176 67 20 utöfva
514 1176 39 20 den
570 1178 83 18 rösträtt
667 1178 71 25 ägaren
753 1177 35 19 till-
862 1192 2 10 i
1467 1183 5 7 4
1671 1191 5 7 i
2318 1175 51 17 samt
2382 1173 152 25 presteståndet.
2798 1191 3 10 I
2921 1182 1 3 ;

309 1199 112 32 kommer.»
1671 1205 3 20 |
2788 1203 21 48 L

92 1237 10 25 S
118 1238 32 23 13,
165 1243 19 19 p.
201 1238 31 19 18.
252 1235 2 4 '
336 1236 57 19 Förra
408 1236 125 20 alternativet
548 1236 20 19 af
580 1236 61 20 Mom.
658 1237 18 19 1.
838 1236 56 19 Förra
908 1236 130 20 alternativet.
1337 1235 58 19 Förra
1410 1234 123 20 alternativet
1548 1234 20 19 af
1579 1234 58 19 Mom.
1654 1234 20 19 41
1840 1233 74 19 Senare
1928 1232 130 20 alternativet.
2378 1232 58 20 Förra
2451 1232 123 20 alternativet
2588 1232 26 19 till
2628 1232 58 19 Mom.
2703 1233 10 19 1
2729 1232 4 18 i
2749 1232 36 19 denna
2824 1232 9 25 $
2848 1234 21 17 är
2884 1232 19 19 af
2911 1232 30 20 tre
2948 1232 56 20 stånd
3012 1236 83 23 antaget,
3107 1235 37 19 och

839 1263 56 19 Mom.
914 1264 11 18 2
943 1265 69 23 antogs
1029 1262 6 20 i
1052 1262 85 26 enlighet
1157 1254 48 38 med:
1214 1254 72 38 Nädiga
2303 1274 1 7 |
2317 1258 61 20 likaså
2393 1260 11 18 2
2418 1260 58 18 Mom.
2492 1259 59 25 enligt
2566 1258 106 20 utskottets
2687 1259 79 27 förslag,
2782 1259 90 19 hvarföre
2886 1258 58 26 något
2958 1260 93 20 afseende
3062 1260 18 26 ej
3089 1250 56 51 torde

814 1283 149 51 propositionen.
2316 1285 65 19 kunna
2402 1285 59 19 fästas
2482 1286 31 18 vid
2531 1274 159 30 Bondeståndets
2708 1284 107 31 skiljaktiga
2830 1286 66 18 beslut
2910 1274 83 31 rörande
3007 1292 61 14 mom.
3081 1283 22 46 1,

99 1335 2 2 i
1078 1323 2 2 :
1374 1322 2 2 N
2174 1327 6 3 5
2316 1311 47 20 eller
2376 1311 33 20 vid
2423 1311 157 26 presteständets
2594 1311 47 19 med
2654 1311 93 20 afseende
2761 1310 10 20 ä
2806 1317 40 14 mom.
2862 1313 19 18 2.

92 1349 10 24 $
117 1350 31 24 14,
164 1354 20 19 p
201 1349 31 19 49.
314 1359 471 4 —.|--------7-----0-0000nn-
840 1331 41 36 Med
894 1347 38 20 den
946 1347 110 26 förändring
1070 1331 28 36 att
1108 1329 142 38 innetiafvandé
1260 1347 27 20 ci-
1298 1339 10 39 |
1338 1347 52 18 Sista:
1411 1346 71 19 Mom.:
1505 1345 87 20 «Vorder
1609 1345 82 19 förfallet
1708 1344 17 25 ej
1741 1344 47 26 god-|
1830 1343 35 20 Till
1880 1343 64 20 denna
1959 1343 10 25 $
1984 1343 63 20 skulle
2061 1343 87 31 tilläggas
2158 1343 33 29 det
2201 1343 91 30 stadgan-
2305 1339 11 39 |
2335 1371 1 2 =
2378 1343 28 20 Dä
2420 1343 68 26 hvarje
2503 1344 20 19 af
2536 1344 24 19 de
2575 1346 31 17 tre
2619 1343 179 30 amendementerni
2818 1343 69 20 endast
2902 1345 99 19 omfattats
3016 1345 18 19 af
3048 1347 28 17 ett
3088 1345 56 20 stånd

240 1377 2 2 ;
814 1373 125 26 vil,emilitär-
953 1375 47 19 eller
1010 1374 124 19 ecklesiastik
1144 1373 143 26 tjenstebefatt-
1299 1367 9 36 |
1311 1373 66 24 kändt,
1386 1373 94 25 uppgifve
1488 1372 177 19 kommunalstämmän
1685 1371 43 20 de
1736 1367 50 37 skäl,
1812 1370 25 19 de
1851 1372 27 17 att
1892 1370 131 26 Kyrkoherde
2037 1366 49 38 skall
2100 1371 42 18 frän
2156 1376 29 13 sin
2195 1370 31 30 lön
2236 1369 56 30 gälda
2316 1370 83 20 föreslås
2412 1373 27 17 att
2452 1370 134 21 betänkandet
2600 1369 124 20 oförändradt
2738 1373 84 23 antages.
2987 1375 3 6 »

813 1401 44 26 ning
872 1401 60 20 borde
948 1401 95 26 berättiga
1058 1401 26 19 till
1099 1401 95 25 afsägelse
1208 1401 21 18 af
1242 1401 45 19 ord-
1296 1392 11 39 |
1312 1405 43 14 som
1369 1399 25 20 till
1410 1399 81 25 afslaget
1500 1398 124 23 medverkat,
1637 1398 30 19 och
1683 1398 105 25 hänskjute
1797 1392 10 39 |
1813 1396 72 20 hälften
1902 1397 20 19 af
1938 1397 37 19 den
1990 1397 89 25 aflöning,
2096 1402 44 24 som
2154 1396 118 30 ordförande
2286 1402 5 13 i

814 1427 85 20 förande-
916 1428 37 19 och
970 1427 43 20 vice
1030 1427 168 25 ordförandeskap
1212 1427 5 19 i
1232 1427 56 20 kom-
1293 1421 9 36 |
1311 1425 153 26 afgörandet
1431 1421 45 36 till
1480 1425 142 20 Guvernören»
1638 1425 89 28 uteslöts.
1812 1423 198 29 kommunalstämma
2037 1423 37 20 kan
2098 1423 130 25 tillerkännas,
2253 1423 37 19 ifall
2747 1430 3 6 ,

814 1451 154 33 munalstämma.
1812 1450 122 19 kommunen
1949 1450 25 19 till
1985 1449 115 20 ordförande
2109 1451 56 18 utser
2174 1455 63 14 annan
2247 1455 43 19 per-

1812 1482 44 19 son,
1872 1477 39 18 och
1926 1477 42 19 hela
1983 1476 106 25 aflöningen
2104 1476 68 19 derest
2182 1476 110 26 kyrkoher-
2423 1485 2 7 i

858 1526 2 3 ;
1813 1503 45 24 den,
1874 1503 45 20 valu
1934 1503 27 19 till
1976 1503 129 24 Ordförande,
2122 1505 71 22 vägrar
2203 1505 28 16 att
2240 1502 51 20 Ord-

848 1533 14 14 i
1811 1529 159 26 förandesysslan
1987 1531 97 23 emoltaga
2104 1531 50 17 samt
2168 1529 64 19 denna
2246 1529 45 20 der-

666 1571 1 3 i
856 1561 8 21 jä
1676 1563 16 20 k
1812 1557 41 18 före
1867 1555 20 20 ät
1900 1561 65 14 annan
1979 1556 118 25 uppurages.

92 1594 10 25 $
118 1594 31 25 15,
165 1599 20 20 p.
202 1594 32 25 19,
337 1593 73 25 Antogs
424 1593 46 20 med
484 1593 125 26 uteslutande
623 1593 22 20 af
657 1592 71 20 orden:
746 1591 44 20 &sä-
798 1587 10 37 |
818 1605 9 2 -
840 1605 8 2 -
857 1592 11 18 x
1838 1583 74 40 Antogs
1927 1588 41 31 meu
1986 1588 34 29 det
2034 1588 66 29 tillägg
2114 1590 28 27 att
2156 1593 33 13 om
2199 1587 92 31 kommu-
2376 1589 37 20 Vid
2420 1565 43 43 en
2478 1589 20 19 af
2510 1589 151 30 Ridderskapet
2670 1589 38 19 och
2723 1589 58 19 Adeln
2792 1581 87 27 Beslutna
2890 1589 81 25 ändring
2980 1582 20 26 af
3004 1568 139 47 vedaksohen;

304 1620 50 19 'som
369 1620 5 19 i
389 1619 10 25 $
414 1621 23 18 13
454 1620 56 25 sagdt
524 1622 30 17 är.
859 1611 6 33 1
1812 1615 102 19 nalnämnd
1928 1620 51 13 ännu
1994 1619 16 20 ej
2026 1614 62 29 blifvit
2104 1613 64 21 bildad
2185 1615 39 18 och
2234 1614 54 19 såväl
2301 1607 11 40 |
2316 1620 43 14 som
2376 1611 87 27 ockivid
2480 1615 33 20 det
2530 1616 20 19 af
2566 1614 146 21 Bondeståndet
2729 1617 80 23 antagna
2823 1616 71 24 tillägg,
2911 1604 59 31 torde
2983 1615 56 24 något
3053 1607 92 30 afseende

390 1640 4 5 N
869 1643 2 2 i
1811 1641 140 23 Ordföranden,
1969 1645 43 14 som
2027 1645 44 14 vice
2081 1640 136 19 Ordföranden
2226 1640 64 24 afsagt
2299 1636 9 33 |
2314 1640 17 25 ej
2347 1641 47 19 böra
2408 1639 67 32 fästas,
2491 1640 24 20 då
2531 1640 97 20 hvardera
2643 1641 59 19 beror
2717 1641 20 18 af
2750 1630 67 30 endast
2832 1643 27 16 ett
2864 1635 78 26 ”Sländs
2956 1632 72 29 beslut.

1811 1667 29 24 sig
1856 1667 116 25 uppdraget,
1991 1668 47 23 äger
2052 1668 98 17 stämman
2165 1666 30 19 för
2209 1666 81 19 tillfället
2916 1675 1 3 ;

1811 1696 44 17 utse
1870 1693 123 20 ordförande.

93 1731 11 25 $
118 1731 31 24 17,
165 1736 20 20 p.
201 1731 33 20 20.
338 1731 79 25 Antogs,
436 1730 50 20 dock
503 1730 46 20 med
566 1730 34 19 det
617 1730 65 25 tillägg
699 1729 26 20 till
741 1729 47 19 sista
802 1716 12 45 |
840 1731 46 26 Från
901 1730 9 25 $
924 1730 63 19 skulle
1001 1729 45 25 utgå
1060 1729 69 19 orden:
1147 1725 39 24 «Är
1194 1729 92 19 kommu-
1301 1716 12 45 |
1315 1738 467 4 ----------------------
1843 1727 7 18 I
1864 1726 63 19 denna
1942 1725 9 25 $
1966 1725 60 20 borde
2041 1725 71 19 införas
2126 1725 6 19 i
2150 1726 6 18 1
2168 1725 60 19 Mom.
2240 1717 49 26 efter
2366 1710 156 35 "Presleständet
2539 1728 53 17 samt
2608 1725 164 26 Borgareständet
2788 1725 88 26 inbjudas
2893 1729 29 17 att
2936 1727 66 19 förena
3018 1727 28 26 sig
3061 1728 45 19 med
3121 1728 24 19 de

311 1759 109 18 momentet
440 1760 27 16 att
490 1756 109 20 kallelsetid
619 1756 28 19 till
668 1756 122 19 kommunal-
797 1747 9 34 |
814 1751 115 25 nalstimma
949 1758 61 17 utsatt
1023 1744 33 31 Tilt
1076 1755 38 26 dag
1134 1755 24 20 då
1175 1749 111 41 gudstjenst
1811 1752 61 20 orden
1893 1751 31 20 «af
1943 1752 44 19 vice
2008 1751 128 20 ordförande»
2154 1749 84 27 följande
2252 1751 37 20 till-
2300 1743 8 38 |
2313 1751 32 20 två
2353 1751 171 26 öfriga]ständen,
2541 1752 6 19 i
2561 1752 34 20 det
2609 1752 58 20 deras
2682 1752 65 20 beslut
2760 1752 183 25 ölverensstämmä,
2956 1753 48 19 eller
3019 1747 27 26 att
3056 1754 89 20 kallelse-

312 1785 83 18 stämma
414 1784 18 19 «i
447 1783 56 26 ingen
518 1783 94 20 händelse
628 1782 32 20 mä
675 1782 113 25 understiga
795 1778 12 35 |
814 1783 66 25 hålles,
902 1783 35 19 bör
954 1783 129 24 kungörelsen
1100 1775 37 26 den
1154 1781 62 26 dagen
1235 1781 50 26 ånyo
1810 1779 52 30 lägg:
1885 1779 59 30 «eller
1962 1778 6 19 i
1985 1778 93 31 händelse
2100 1777 124 20 Ordförande
2242 1778 46 19 eller
2296 1765 11 40 |
2313 1778 27 20 tid
2354 1778 26 20 till
2395 1769 200 29 kohmunalstämma
2609 1779 6 18 i
2625 1779 57 25 ingen
2693 1779 92 20 händelse
2795 1779 30 20 mä
2835 1765 113 43 understiga
2959 1779 39 20 ätta
3009 1780 66 26 dagar,
3088 1782 58 18 hvar-

311 1810 39 20 åtta
365 1811 80 25 dagar.»
813 1808 112 27 uppläsas.»
1811 1811 43 14 vice
1869 1805 120 20 Ordförande
2003 1805 45 19 icke
2062 1805 68 23 finnas,
2147 1805 20 18 af
2177 1804 112 26 kyrkoher-
2300 1794 11 40 |
2315 1807 53 17 emot
2382 1805 96 19 utskottet
2492 1811 58 14 anser
2565 1805 24 20 de
2604 1798 72 27 tvenne
2690 1806 21 19 af
2723 1803 146 22 Presteständet
2884 1807 37 18 och
2926 1796 149 31 Bondeständet
3087 1809 58 18 hvart

1811 1832 51 20 den»
1878 1833 38 18 och
1930 1832 5 19 i
1950 1832 46 19 sista
2012 1832 47 19 eller
2073 1832 10 18 3
2096 1831 58 19 Mom.
2170 1831 50 19 elter
2233 1831 57 19 ordet
2296 1827 9 36 |
2314 1832 29 19 för
2358 1832 29 25 sig
2402 1837 79 20 anlagna
2496 1832 162 19 amendementer
2673 1832 47 19 böra
2736 1832 76 20 förfalla.
2841 1833 52 19 Sista
2908 1833 58 20 Mom.
2982 1834 20 19 af
3015 1833 10 26 $
3038 1835 26 36 17
3078 1834 66 25 finge
3136 1830 12 34 i

1814 1858 133 21 «kallelsetid»
1962 1857 85 25 följande
2061 1857 84 26 mening,
2163 1863 58 13 «som
2230 1857 59 20 likväl
2300 1853 9 34 |
2315 1857 70 20 sädant
2399 1859 24 19 fal
2444 1846 84 37 följande
2543 1858 85 26 lydelse:

1812 1885 44 20 icke
1870 1885 5 19 i
1889 1885 63 26 någon
1962 1885 98 20 händelse
2074 1883 31 20 mä
2120 1883 114 26 understiga
2250 1883 40 20 åtta
2378 1885 95 19 «Fordras
2488 1885 29 19 för
2531 1885 75 19 ärende
2621 1879 64 26 större
2700 1879 153 32 skyndsamhet,
2855 1879 45 26 må
2905 1879 117 27 detsamma
3030 1868 58 38 äfven
3096 1888 49 19 efter

1656 1925 16 17 a
1812 1912 80 25 dagar.»
2315 1911 79 20 kortare
2408 1911 114 26 källelsetiä,
2538 1917 46 14 som
2597 1911 52 20 Jock
2662 1911 6 20 i
2683 1911 56 26 ingen
2754 1911 91 21 händelse
2860 1912 31 20 mä
2906 1913 114 25 understiga
3029 1913 39 20 åtta
3078 1914 64 25 dagar,

1663 1937 9 16 4
2315 1938 97 25 företagas
2426 1932 26 25 kill
2467 1938 39 19 den
2518 1928 78 35 åtgärd,
2613 1944 43 13 som
2671 1938 20 19 af
2700 1939 190 25 omständigheterna
2900 1939 88 26 påkallas
2998 1941 38 18 och
3045 1941 44 19 icke
3101 1929 44 31 utan

872 1988 2 3 |
2315 1954 102 36 olägenhet
2442 1963 104 26 ppskjutas
2560 1965 60 19 kan.»

95 2003 9 22 $
119 2002 31 24 18,
166 2007 12 20 p.
192 1995 41 27 20.
316 2012 74 4 koo
425 2012 75 4 sera
513 2012 53 3 ess
579 2011 31 3 ss
623 2011 97 3 00000
733 2003 53 11 0in]
840 2001 16 19 Då
888 2004 29 16 tre
937 1999 96 21 ordinarie
1050 1999 236 19 kommunalstämmorna
1299 1991 13 39 |
1338 1996 65 22 Denna
1421 1998 10 25 $
1452 1998 113 26 godkändes
1584 1998 46 20 med
1650 1998 36 20 den
1706 1998 81 24 ändring
1796 1991 13 39 |
1838 1996 123 20 Terminerna
1982 1997 30 19 för
2032 1996 22 19 de
2061 1998 43 28 tre
2121 1995 99 30 ordinarie
2234 1996 58 18 kom-
2378 1998 99 19 Utskottet
2498 1996 90 25 föreslår,
2610 2000 29 16 att
2655 1997 38 20 den
2710 1998 20 18 af
2746 1981 163 48 Borgareståndet
2924 1998 108 26 föreslagna
3046 2000 80 25 ändring
3140 2000 5 18 i

814 2026 47 20 bordé
890 2027 43 19 icke
949 2026 73 20 fixeras
1039 2025 11 19 å
1067 2025 102 20 bestämda
1184 2020 100 40 månader,
1312 2027 27 17 att
1352 2025 42 20 deri
1409 2024 112 26 åberopade
1536 2024 22 26 «$
1574 2025 36 19 56»
1621 2024 62 20 skulle
1692 2024 47 25 utgå
1750 2025 38 19 och
1798 2018 11 38 |
1812 2023 186 19 munalstämmorna
2012 2022 114 20 bestämdes
2137 2028 5 13 i
2150 2022 87 30 enlighet
2244 2022 46 20 med
2296 2018 10 38 |
2315 2023 131 25 redaktionen,
2463 2022 32 20 mä
2510 2024 20 18 af
2542 2023 26 20 de
2581 2013 63 35 öfriga
2659 2023 83 21 stånden
2756 2009 84 45 antagas,
2853 2024 67 20 såsom
2930 2015 216 30 öfverensstämmande

438 2053 9 1 -
813 2056 45 16 utan
873 2053 61 20 (borde
951 2053 33 19 det
998 2053 55 19 heta:
1070 2052 85 26 «årligen
1170 2054 30 17 tre
1214 2050 72 32 gånger
1311 2052 5 19 i
1331 2052 64 19 stället
1409 2052 83 19 insättas
1508 2051 22 25 «$
1546 2052 30 19 57.
1812 2050 52 29 hvad
1878 2049 194 30 Landtdagsmannen
2087 2049 63 19 Klami
2164 2054 5 13 i
2185 2054 31 14 sin
2226 2054 64 14 reser-
2305 2045 10 38 |
2315 2050 45 20 med
2381 2050 73 20 denlaf
2470 2050 100 20 Utskottet
2588 2050 110 26 föreslagna
2717 2051 38 19 och
2771 2051 20 19 af
2800 2040 107 31 ständerna
2922 2051 68 26 gillade
3005 2052 139 30 ordningsföljd

88 2096 8 8 N
813 2081 37 18 och
877 2080 36 19 helst
927 2079 24 27 pä
965 2078 83 26 följande
1062 2079 59 19 tider:
1134 2084 23 14 en
1167 2078 5 19 i
1182 2078 52 20 Mars
1244 2077 43 20 mä-
1812 2079 66 17 vation
1892 2076 107 26 föreslagit.
2315 2077 29 19 för
2361 2076 27 26 $$.
2431 2076 55 20 Ilikasä
2504 2076 84 20 föreslår
2605 2077 101 19 Utskottet
2723 2079 28 18 att
2768 2076 81 21 stånden
2866 2077 45 21 ville
2925 2078 67 20 förena
3007 2079 29 24 sig
3050 2079 5 19 i
3069 2082 77 22 preste-

96 2105 23 27 N
814 2106 81 20 nad»!o.
912 2112 16 15 s.
944 2112 20 14 v.
2316 2102 90 21 ständets
2420 2104 67 21 beslut
2503 2102 103 28 angäende
2623 2103 52 20 tiden
2690 2104 29 18 för
2734 2104 24 20 de
2772 2106 30 17 tre
2815 2104 97 20 ordinarie
2926 2090 219 42 kommunalstämmor-

120 2133 23 23 W
2316 2136 30 18 na,
2363 2130 73 19 hvilkdt
2450 2127 65 23 beslut
2529 2130 108 20 förmedlar
2650 2130 25 20 de
2690 2130 20 19 af
2722 2130 143 31 Ridderskapet
2879 2132 38 18 och
2932 2132 60 19 Adeln
3007 2135 51 16 samt
3075 2133 71 25 Borga-

140 2144 29 38 EN
308 2170 4 6 ,
2315 2156 101 20 reständet
2430 2156 6 5 jä
2454 2162 42 19 ena,
2513 2157 38 19 och
2565 2156 147 20 Bondeständet
2726 2156 10 20 ä
2751 2156 59 20 andra
2825 2157 55 19 sidan
2894 2160 82 23 antagna
2991 2142 152 47 bestämningar.

95 2193 9 25 $
122 2194 29 25 19,
168 2180 32 39 D
216 2194 11 19 ÖVER
289 2171 18 46 |
319 2204 71 4 hien
403 2171 74 46 siiven
491 2171 52 46 hrapa
557 2203 30 4 ana
606 2203 24 3 Sä
644 2171 28 46 mt
691 2171 50 46 nenä!
756 2171 29 46 män
839 2192 71 20 Orden:
931 2194 67 17 «extra
1012 2191 208 24 kommunalstämma,
1234 2188 52 26 jem-
1297 2177 11 42 |
1320 2201 25 4 ==
1360 2177 51 42 -----
1424 2198 862 6 --------<--i-0-
1752 2177 32 42 00
1797 2177 25 42 |
1843 2177 11 42 -
1860 2177 53 42 <<<
1927 2177 186 42 000000000
2126 2177 162 42 0000000
2377 2189 48 19 Ama
2438 2169 102 47 dementet
2554 2190 78 24 antaget
2644 2188 72 24 endast
2730 2190 21 18 af
2763 2189 97 20 ett:ständ
2875 2190 56 19 torde
2945 2190 48 20 böra
3007 2190 79 21 förfalla.

814 2219 30 19 väl
860 2218 13 23 &
901 2218 74 25 söndag,»
991 2217 97 20 ändrades
1102 2217 36 20 till:
1151 2219 67 17 «extra
1230 2216 56 19 kom-
2908 2228 18 8 W
3088 2224 10 6 ä

232 2244 22 21 ja
501 2265 2 6 N
813 2246 155 23 munalstämma,
984 2244 51 20 dock
1050 2243 16 26 ej
1082 2244 11 20 ä
1108 2246 35 18 sön
1158 2244 47 19 eller
1219 2243 67 25 helge-

123 2282 3 2 N
812 2272 57 26 dag.»
1671 2291 1 3 .

94 2306 11 26 $
120 2306 31 25 23,
167 2312 19 20 p
203 2307 31 19 2.
267 2300 21 36 —
294 2300 18 36 |
321 2317 47 4 -&-
382 2317 95 4 ester
490 2315 295 5 esset
688 2300 32 36 nn
731 2300 57 36 ner
818 2316 54 20 rr
875 2299 57 41 fade
993 2312 49 8 a
1055 2313 227 5 RN
1251 2299 35 41 e
1338 2302 118 20 Godkändes
1470 2302 81 20 sålunda
1564 2305 28 17 att
1605 2302 19 20 af
1635 2302 41 21 de
1668 2298 10 35 i
1686 2303 49 19 sista
1744 2308 44 14 mo-|
1816 2311 470 4 ----------------------
2378 2301 25 20 På
2421 2302 61 30 ffvan
2502 2302 63 19 under
2582 2302 10 25 $
2607 2303 25 19 18
2647 2304 98 24 upptagna
2761 2302 40 21 skäl
2816 2302 108 26 tillstyrker
2938 2303 97 19 utskottet
3050 2306 28 17 att
3091 2303 53 21 detta

364 2334 21 24 N
446 2348 5 8 N
870 2337 2 5 |
1311 2332 74 17 mentet
1400 2329 112 31 åberopade
1526 2329 21 26 $$
1562 2330 31 24 56,
1606 2330 23 18 57
1640 2330 38 19 och
1688 2330 24 19 58
1724 2329 62 20 skulle
2314 2328 174 26 Borgareständets
2502 2328 139 20 amendement
2655 2332 89 22 antages:

388 2358 70 29 LEN
870 2361 1 18 |
1312 2356 22 26 «$
1348 2357 38 19 56»
1401 2355 45 27 utgå
1462 2357 38 19 och
1514 2356 68 20 endast
1590 2346 26 35 $$
1631 2356 23 19 57
1670 2356 37 20 och
1722 2356 24 19 58
1758 2356 30 24 hi-
2780 2362 21 19 E

458 2369 20 41 N
870 2384 1 14 |
1311 2382 95 21 behållas:
2792 2383 8 16 h

94 2418 10 25 $
119 2419 31 24 25,
167 2424 19 20 p.
202 2419 32 19 22.
480 2415 86 27 Norre
603 2427 95 4 error
712 2426 74 4 rer
818 2428 51 4 kodan
928 2428 28 3 nn
971 2427 28 4 lh
1014 2426 72 4 luin
1122 2426 8 4 n
1143 2425 30 5 ho
1187 2426 30 3 in
1231 2424 551 5 [EE
1729 2409 57 37 EE
1830 2412 142 30 Ordföranden
1992 2412 35 20 bör
2034 2412 110 30 förklaras
2161 2412 88 30 skyldig
2258 2412 33 20 vid
2378 2414 162 30 Amendementet
2554 2416 79 24 antaget
2647 2414 21 20 af
2680 2414 69 20 endast
2763 2414 98 20 ett'ständ
2876 2415 58 20 torde
2947 2415 46 20 böra
3010 2416 79 20 förfalla.

95 2439 4 5 N
428 2442 4 6 a
494 2443 4 9 |
1814 2442 40 16 vite
1875 2441 27 17 att
1922 2444 85 15 ansvara
2024 2439 30 19 för
2070 2441 28 17 att
2112 2439 119 25 protokollet
2246 2439 44 19 icke
2425 2445 2 3 i
2798 2456 2 2 i

500 2459 4 11 N
1917 2467 9 3 an
2016 2466 8 3 p
2128 2467 8 3 a

504 2471 7 23 |
1813 2466 81 20 allenast
1914 2472 22 13 är
1956 2466 42 19 fullt
2014 2465 216 20 öfverensstämmande
2244 2466 46 19 med

512 2498 4 13 |
1814 2494 107 18 stämmans
1942 2492 70 25 beslut,
2034 2495 46 17 utan
2102 2492 58 20 äfven
2174 2492 11 19 ä
2199 2492 92 20 bestäml

517 2517 5 33 |
1813 2518 37 30 dag
1869 2519 71 19 blifver
1958 2518 99 26 justeralt
2074 2520 39 18 och
2127 2519 51 19 efter
2193 2518 97 20 ästundan
2793 2524 7 13 E

522 2555 4 24 |
1812 2546 27 18 till
1853 2548 91 22 parterne
1958 2545 114 20 utlemnadt.

95 2583 10 25 $
119 2584 32 25 26,
167 2584 58 19 Mom.
237 2584 17 25 4,
266 2589 20 20 p.
299 2575 10 39 |
320 2575 10 39 -
338 2584 58 19 Förra
410 2579 141 25 alternativet.
840 2582 56 20 Förra
910 2582 133 20 alternativet.
1339 2580 76 19 Senare
1429 2578 132 21 alternativet.
1840 2578 73 19 Senare
1926 2577 129 20 alternativet.
2378 2578 162 31 Borgareståndet
2555 2582 50 17 samt
2619 2579 145 21 Bondeståndet
2777 2579 89 26 inbjudas
2880 2583 28 17 att
2922 2581 66 20 förena
3003 2581 30 25 sig
3046 2581 44 19 med
3099 2582 45 20 Rid-

95 2604 33 34 29.
532 2607 10 29 N
872 2605 3 30 |
2315 2605 96 26 Janan
2433 2595 39 62 och
2486 2606 61 19 Adeln
2562 2609 51 16 samt
2626 2606 154 25 presteständet.

96 2642 9 26 $
120 2643 31 25 27,
167 2649 19 19 p.
202 2643 32 19 23.
338 2638 73 34 Senare
424 2637 134 36 alternativet,
566 2640 54 26 (med
634 2636 100 34 tillägget).
841 2639 44 23 Lika
899 2639 45 20 med
959 2639 142 26 Ridderskapet
1116 2639 37 19 och
1167 2639 71 20 Adeln.
1339 2638 8 19 I
1361 2637 87 26 enlighet
1462 2637 46 20 med
1522 2637 74 26 Nådiga
1609 2637 154 26 propositionen.
1838 2636 46 20 Lika
1898 2635 46 20 med
1958 2635 170 26 Borgareståndet.
2378 2638 127 46 Borgarestam
2512 2638 28 20 let
2558 2641 51 17 samt
2625 2639 145 20 Bondeståndet
2787 2629 89 61 Näe
2894 2641 28 18 att.
2936 2639 66 20 förona
3017 2639 30 26 sig
3061 2639 44 21 med
3119 2641 25 20 de

558 2674 11 11 N
1672 2667 4 30 i
2314 2667 72 17 tvenne
2400 2671 58 13 andra
2474 2665 89 20 stånden.

96 2701 56 26 $.30,
168 2707 20 20 p.
205 2702 31 19 25.
274 2693 74 38 of--
360 2709 428 6 se-none
690 2693 56 38 ten
754 2693 37 38 nr
819 2710 9 3 =
840 2710 30 3 ERS
948 2709 8 4 =
973 2692 49 38 mina
1047 2692 32 38 ST
1114 2708 59 4 NER
1188 2708 9 3 o
1220 2708 64 3 non
1296 2692 13 38 |
1331 2707 16 4 <
1366 2707 24 3 RA
1399 2692 15 38 OK
1429 2692 73 38 onion
1517 2707 7 3 0
1540 2707 28 3 00
1584 2707 5 2 o
1606 2707 48 3 onn
1667 2692 11 38 RÅ
1689 2707 29 3 HR
1733 2707 51 3 nn
1839 2696 7 18 I
1867 2695 65 30 stället
1954 2695 29 19 för
2006 2695 56 29 ordet
2086 2695 108 23 «hälften,»
2216 2695 76 29 hvilket
2377 2697 169 34 Amendementet,
2570 2698 69 19 endast
2658 2698 117 19 understödt
2792 2681 19 36 al
2826 2701 28 16 ett
2868 2698 57 20 stånd
2940 2699 56 19 torde
3010 2683 48 35 böra
3072 2699 79 20 förfalla.

1814 2721 63 20 skulle
1890 2723 52 24 utgå,
1959 2721 62 20 borde”
2036 2723 81 18 insättas
2132 2721 57 20 ordet
2205 2721 87 26 «tredje-

1070 2747 4 6 "
1812 2748 78 20 delen.»

98 2787 10 25 $
122 2787 32 26 34,
169 2793 19 20 p.
205 2787 32 20 26.
340 2786 66 20 Orden
419 2786 6 19 i
440 2786 59 20 slutet
513 2786 20 19 af
545 2785 10 26 S
568 2785 35 20 «sä
614 2785 46 26 läng
668 2785 28 19 tid
706 2791 45 14 S0m
760 2785 32 19 fÖRA
820 2796 10 3 =
842 2795 29 4 scope.
905 2781 30 34 --—
945 2781 12 34 se
970 2781 53 34 menn
1038 2795 6 3 =
1058 2781 52 34 MERA
1126 2795 6 3 =
1145 2781 29 34 mio
1188 2794 8 4 =
1214 2795 5 2 i
1234 2781 29 34 min
1276 2781 15 34 mi
1296 2781 9 34 |
1311 2781 15 34 JA
1336 2781 12 34 PR
1361 2781 31 34 mien
1400 2781 14 34 SR
1424 2781 20 34 omi
1450 2792 52 3 RÖR
1511 2781 14 34 im
1538 2781 29 34 ROR
1577 2781 13 34 (=
1603 2781 51 34 nimim
1666 2781 10 34 AR
1687 2781 31 34 SRA
1725 2781 16 34 CR
1755 2781 29 34 myi
1800 2781 10 34 [|
1817 2781 30 34 mun
1855 2781 13 34 ÅR
1883 2791 51 3 SSS
1948 2791 8 3 €
1972 2781 28 34 RIS
2014 2781 30 34 ROR
2059 2781 29 34 RÖR
2121 2791 11 3 RN
2146 2781 52 34 Sinin
2212 2781 17 34 SI
2234 2792 53 3 mn
2286 2789 8 2 "|
2341 2782 169 26 Amenddmentet,
2526 2783 117 20 understödt
2657 2784 20 19 af
2690 2784 70 20 endast
2774 2787 27 17 ett
2815 2784 63 25 stånd,
2896 2785 55 20 torde
2964 2785 49 20 böra
3027 2785 79 20 förfalla.

314 2813 37 19 den
372 2812 93 26 afgängne
486 2812 112 25 äterstätt,»
623 2811 63 20 skulle
710 2812 82 25 utbytas

314 2841 61 17 emot:
392 2839 39 20 «till
446 2839 98 26 utgången
558 2839 21 19 af
590 2834 35 35 den
646 2838 33 25 tid,
696 2838 30 19 för
741 2838 51 19 hvil-

227 2885 3 3 N
314 2865 37 20 ken
365 2865 37 20 den
416 2865 94 26 afgängne
524 2865 63 20 blifvit
600 2865 69 20 vald.»
1417 2890 4 1 N
2796 2872 3 3 :

98 2899 10 25 $
122 2899 32 26 37,
170 2905 19 20 p.
207 2899 31 19 26.
340 2899 59 18 Förra
413 2898 130 20 alternativet.
844 2896 71 28 Senare
928 2895 130 20 alternativet.
1339 2894 47 20 Lika
1400 2893 46 21 med
1460 2892 144 27 Ridderskapet
1618 2894 37 19 och
1669 2894 67 20 Adeln.
1840 2893 46 20 Lika
1900 2892 46 20 med
1960 2891 155 27 presteständet.
2378 2894 28 20 Då
2428 2900 64 15 tvenne
2506 2895 58 20 stånd
2578 2899 71 17 ansett.
2657 2878 33 38 det
2704 2896 110 20 alternativt
2827 2897 110 26 föreslagna
2949 2897 86 26 tillägget
3044 2897 96 26 behölligt,

2315 2921 38 20 och
2368 2921 24 20 då
2406 2921 33 20 dét
2452 2922 40 19 kan
2506 2922 81 25 bidraga
2602 2923 27 20 till
2643 2923 142 30 förtydligande
2798 2924 20 19 af
2826 2923 16 25 $,
2853 2912 92 43 inbjudas
2954 2923 143 31 Ridderskapet
3106 2911 38 32 och

2316 2947 61 20 Adeln
2392 2951 50 16 samt
2456 2938 166 36 Borgareståndet
2636 2952 28 17 att
2678 2950 66 19 förena
2759 2950 30 25 sig
2803 2950 45 20 med
2862 2950 25 20 de
2901 2950 34 19 två
2950 2951 60 25 öfriga
3025 2949 86 21 stånden.

2336 3006 6 5 N
2378 2979 166 54 i
2561 2982 109 25 föreslagna
2684 2982 85 25 tillägget
2783 2982 24 20 till
2823 2983 51 19 detta
2889 2988 60 14 mom.
2965 2984 22 18 är
3002 2983 70 19 endast
3084 2983 19 19 af
3116 2985 28 17 ett

2315 3007 57 19 stånd
2386 3009 78 24 antaget,
2487 3009 38 18 och
2540 3008 56 20 torde
2611 3007 77 21 således
2704 3007 16 26 ej
2735 3009 97 20 föranleda
2846 3009 26 20 till
2888 3009 68 20 vidare
2970 3009 76 26 åtgärd.

2377 3043 265 39 Rediktionsförändringen,
2664 3044 91 20 förordad
2773 3045 20 18 af
2810 3045 70 19 endast
2898 3047 27 16 ett
2940 3044 64 26 stånd,
3026 3044 55 20 torde
3096 3045 46 20 böra

2314 3069 80 19 förfalla.

3363 1207 3 16 oo
3360 1001 7 21 N
3360 802 7 173 NN

3360 2901 7 374 ———LK
3348 2880 19 7 =
3360 2834 7 33 =
3360 2767 7 34 maan
3360 2502 7 232 Laas
3348 2499 19 53 7
