1011 1686
297 138 71 22 Nådiga
379 139 139 22 Propositionen
530 140 36 17 N:o
578 142 28 16 30.

789 141 32 18 867

107 213 69 25 dantag
190 213 19 19 af
222 213 111 26 bevakning
346 214 5 18 i
366 213 87 20 konkurs
470 214 47 19 eller
534 214 110 25 årsprokla-

108 244 38 18 ma,
163 239 80 25 ingifves
258 240 47 19 eller
319 242 71 23 upptes
402 240 37 19 hos
452 240 83 20 domstol
550 240 47 20 eller
610 246 34 14 ve-

107 265 123 19 derbörande
241 266 101 23 exekutor,
357 265 46 20 skall
415 266 113 19 densamma
540 266 25 24 på
578 266 65 25 gälde-

107 292 69 17 närens
191 291 110 20 bekostnad
311 292 91 24 beläggas
412 291 45 19 med
468 291 68 19 sådant
551 293 92 24 stämpel-

106 322 81 20 papper,
202 323 43 13 som
260 317 49 19 efter
326 317 33 19 det
375 317 115 20 resterande
504 317 139 26 kapitalbelop-

105 345 34 22 pet
153 343 37 19 ken
205 343 106 20 erfordras.

79 369 71 19 Finska
165 369 89 20 Bankens
265 371 66 18 vexlar
341 370 37 31 och
388 370 131 25 anvisningar,
531 369 22 20 sä
562 370 27 19 in-
600 376 42 14 som

106 395 109 26 utländska,
231 396 88 20 utfärdas
336 395 24 26 pä

107 425 51 16 samt
172 412 86 30 erfordra
273 423 44 19 icke
332 423 66 19 vidare
412 412 103 36 kartering,
531 411 27 31 dä
566 411 38 32 "de
614 412 26 31 till

106 449 72 19 inlösen
192 449 5 19 i
211 449 79 19 Banken
305 449 47 20 eller
365 449 37 19 hos
416 455 63 14 annan
490 449 115 26 myndighet
614 450 27 19 fö-

105 478 60 17 retes.

78 501 220 26 Försäkringsbref,
314 502 185 25 assuranspolis,
515 501 57 20 bevis
585 502 56 19 öfver

105 529 83 25 förnyad
202 529 48 19 eller
270 528 99 20 öfverförd
384 528 118 26 försäkring,
519 533 44 14 som
580 527 10 20 ä
611 531 30 17 ut-

105 554 79 20 ländskt
202 555 189 25 försäkringsbolags
405 556 73 24 vägnar
492 555 21 19 af
525 554 46 20 dess
583 557 58 22 agent

105 581 47 19 eller
169 581 73 19 ombud
259 582 6 18 i
279 581 79 19 Finland
371 581 90 19 utställes
476 581 46 19 eller
536 581 102 23 utlemnas,

103 607 83 20 rörande
203 608 109 24 försäkring
329 608 21 18 af
364 607 126 20 menniskolif
505 607 37 19 och
561 606 79 20 lifstids-

105 634 64 24 ränta,
191 634 47 19 eller
258 634 21 19 af
297 634 95 25 egendom
412 636 52 17 emot
479 633 30 20 eld
525 634 38 18 och
578 633 61 19 brand

106 660 47 19 eller
166 650 93 34 sjöskada
319 676 3 3 a

77 685 132 21 Gäfvobref
221 687 89 19 karteras
320 676 37 30 lika
367 675 46 31 med
423 675 99 36 köpebref,
529 674 43 31 "och
582 675 56 30 skall,

104 712 25 31 pä
144 714 38 18 sätt
195 718 32 14 om
242 713 103 26 bytesbref
357 714 21 18 är
393 712 89 25 stadgadt
496 714 51 17 samt
560 712 32 19 vid
602 707 38 24 lika

103 738 79 26 påföljd,
198 738 81 27 gäfvans
294 739 60 19 värde
367 739 6 19 i
387 739 105 25 penningar
502 738 51 20 alltid
564 738 26 19 uti
600 737 40 26 gäf-

106 766 105 19 vobrefvet
224 768 85 17 utsättas
323 766 46 18 eller
383 765 5 18 i
404 768 58 16 annat
475 765 30 30 fall
519 764 80 26 lagligen
610 767 29 17 ut-

104 794 65 21 redas,
185 792 24 25 pä
225 792 34 19 det
274 792 175 25 stämpelbeloppet
467 790 31 20 mä
515 779 63 31 kunna
596 790 44 20 der-

106 818 50 20 efter
166 808 131 30 bestämmas.

77 844 151 20 Handelsbok
230 839 13 35 ä
258 844 146 19 utkrediterade
413 849 58 14 varor
481 843 48 20 skall
539 843 32 19 vid
582 844 59 18 hvar-

102 869 39 26 je
133 876 32 14 ärs
174 870 67 25 början
251 870 95 25 uppvisas
360 871 37 18 hos
403 866 127 39 Magistraten
546 869 46 19 eller
602 869 37 19 Jen

104 897 119 25 myndighet,
241 903 44 13 som
299 897 46 19 dess
360 897 55 19 ställe
430 895 10 20 ä
454 899 57 16 orten
525 895 112 24 företräder,

103 926 52 16 samt
162 923 68 20 dervid
239 924 63 18 förses
311 923 44 19 med
362 923 83 30 stämpel
454 923 26 18 till
488 907 152 44 nedanstadgadt

103 949 78 26 belopp,
193 949 107 20 beräknadt
313 949 29 20 för
358 952 27 16 ett
394 949 28 23 år,
436 948 62 25 jemte
512 949 54 24 intyg
576 937 63 30 deröf-

104 981 37 14 ver
155 979 27 16 att
197 976 126 26 karteringen
338 975 62 20 blifvit
414 974 99 27 fullgjord;
532 974 105 25 nemligen:

104 1002 5 19 i
123 1002 122 25 Helsingfors
259 991 38 30 och
311 997 41 25 Åbo
529 1016 4 3 N
599 1015 3 4 :

105 1028 5 19 i
124 1014 126 44 Björneborg,
266 1027 96 26 Uleåborg
376 1028 37 19 och
424 1012 88 45 "Wiborg
528 1042 39 3 PIEN

105 1054 6 19 i
124 1054 69 25 Borgä,
210 1054 114 25 Brahestad,
339 1053 158 24 Fredrikshamn,
496 1029 9 53 N
522 1033 116 39 ämiakartoi

103 1081 38 44 m
159 1077 101 33 Jakobstad
272 1097 3 8 ,
293 1071 139 33 Kristinestad,
451 1069 84 35 Kuopio,
559 1079 79 22 Lovisa,

104 1097 127 34 Nikolaistad,
245 1097 123 35 Nykarleby,
384 1096 131 29 Tammerfors
529 1095 37 29 och
580 1105 61 19 Tava-

105 1134 77 18 stehus.
494 1146 38 4 ss
564 1146 3 3 a
599 1145 4 4 mm
634 1144 4 4 a

105 1158 4 18 i
124 1158 75 19 landets
213 1158 60 25 öfriga
283 1147 74 30 'städer
368 1147 37 30 och
420 1146 53 30 orter
495 1173 3 2 .
530 1172 3 3 .

78 1173 188 30 Konnässement
280 1185 47 18 eller
340 1183 106 20 fraktsedel
461 1182 11 20 å
489 1182 58 25 gods,
563 1170 78 37 afgåen-

106 1211 25 18 de
145 1211 25 18 till
186 1213 30 16 ort
229 1213 56 17 utom
299 1210 88 19 Finland:

106 1237 46 19 med
166 1236 59 19 finskt
239 1237 48 19 eller
301 1236 57 26 ryskt
371 1236 65 25 fartyg

120 1271 10 9 »
218 1262 100 20 utländskt
370 1261 39 20 dito
425 1276 3 3 .

79 1288 123 25 Kontrakt,
218 1289 99 24 skriftligt:

81 1316 33 17 1:0
131 1315 38 18 Om
187 1315 92 23 arrende,
299 1314 58 25 hyra,
374 1314 52 24 lega,
443 1313 63 23 städja
521 1313 45 18 eller
580 1317 61 13 annan

107 1340 62 25 afgäld
186 1340 29 18 för
233 1330 106 34 egendom,
358 1340 48 22 hus,
425 1344 54 19 rum,
495 1338 47 24 bod,
558 1337 82 22 källare,

108 1368 57 23 tomt,
180 1365 99 26 trädgård,
296 1371 67 19 qvarn,
379 1354 70 34 fabrik,
465 1355 56 40 bruk,
532 1350 54 42 åker,
597 1364 43 23 äng,

107 1377 114 51 heteshage,
238 1392 56 25 skog,
310 1391 66 20 fiskeri
391 1397 27 13 m.
434 1396 27 14 m.,
489 1389 40 20 säi
543 1379 43 29 stad
600 1394 44 14 som

109 1418 24 26 pä
148 1418 71 26 landet,
235 1418 48 20 skall
297 1420 47 18 utan
358 1417 92 20 afseende
464 1423 11 13 å
487 1416 33 21 det
530 1417 44 23 sätt,
586 1416 58 18 hvar-

682 1000 24 19 12

682 1026 24 20 10

761 397 25 20 60

760 659 25 20 80

761 1233 24 19 30

761 1259 25 19 60
