984 1692
256 148 71 24 Nådiga
338 150 140 24 Propositionen
490 150 37 18 N:o
538 150 29 18 26.
751 153 34 19 649

39 199 77 21 tillhöra
130 200 38 19 den
185 204 76 21 senare,
282 199 72 26 jemväl
372 200 21 19 af
408 200 62 20 denna
487 200 115 20 behandlas.
631 201 60 20 Utom
707 202 35 20 det
755 205 28 18 att

40 226 58 20 dessa
112 226 95 19 ärenders
221 226 117 26 behandling
351 226 137 25 principenligt
497 226 118 20 tillkommer
623 226 156 29 kyrkostämma,

40 252 36 19 har
90 252 70 20 sådant
172 251 71 26 jemväl
258 253 21 19 af
292 252 36 20 vär
344 252 118 26 lagstiftning
478 252 83 21 alltifrån
579 253 159 22 kristendomens
754 256 29 19 in-

40 279 80 19 förande
134 279 4 18 i
154 279 65 19 landet
229 279 49 19 varit
292 279 96 25 stadgadt.
413 279 66 19 Redan
494 279 63 20 under
565 279 38 20 den
616 281 103 19 katholska
729 281 53 20 tiden

40 311 47 13 voro
101 305 97 23 nemligen
218 305 159 25 församlingarne
396 305 121 25 berättigade
536 308 29 17 att
577 309 46 16 med
645 307 41 19 sina
704 310 77 22 prester

39 331 172 20 öfverenskomma
230 332 37 19 och
288 331 76 20 besluta
381 330 99 26 angående
500 331 73 26 kyrko-
590 332 41 20 och
645 333 138 26 prestegårds-

39 357 99 27 byggnad,
155 358 79 19 hvilken
254 358 114 25 grundsatts
390 357 20 20 af
422 358 38 19 den
474 358 193 26 kyrkolagstiftning,
683 365 44 14 som
741 359 42 26 följt

40 385 50 19 efter
103 384 158 24 reformationen,
278 384 116 20 oförändrad
408 384 118 25 bibehållits,
544 387 53 17 samt
610 386 112 25 ytterligare
736 387 47 19 fast-

40 411 63 19 ställts
117 411 5 18 i
137 411 11 25 $
161 411 25 20 23
201 411 20 19 af
234 411 51 20 1723
300 409 33 21 års
351 411 112 25 privilegier
483 411 30 20 för
531 411 152 25 prestaståndet.
712 410 70 22 Ehuru

40 437 34 20 det
88 436 18 26 ej
120 437 38 20 kan
173 437 99 20 bestridas
291 439 29 18 att
336 437 42 24 der,
400 438 82 19 hvarest
498 437 96 20 kommun
611 438 38 19 och
669 439 114 26 församling

40 463 136 20 sammanfalla
190 463 22 20 sä
226 466 30 17 att
268 463 155 20 medlemmarne
437 463 5 20 i
456 464 38 19 den
508 469 37 15 ena
557 463 73 26 jemväl
645 466 34 18 äro
688 465 95 20 medlem-

41 496 43 14 mar
98 491 5 18 i
118 490 38 20 den
166 490 66 25 andra,
244 489 146 27 ifrågavarande
404 490 163 25 angelägenheter
576 490 61 21 också
650 493 47 18 utan
707 493 77 24 olägen-

41 517 34 20 het
88 517 65 20 kunna
169 516 33 21 vid
211 517 198 19 kommunalstämma
423 517 114 23 bahandlas,
549 517 39 19 kan
602 517 57 26 dock,
669 519 50 18 enär
729 518 54 20 detta

41 543 121 20 förhållande
176 543 103 25 ingalunda
293 543 91 20 öfverallt
397 543 90 20 kommer
497 546 29 17 att
552 549 23 14 ega
589 549 52 20 rum,
652 545 39 18 och
704 544 25 20 då
743 545 6 19 i
759 550 25 14 en

42 569 84 26 framtid,
142 569 6 20 i
162 569 94 20 händelse
270 575 23 14 en
307 569 134 20 utsträcktare
458 545 150 55 religionsfrihet
624 570 118 27 medgifves,
758 571 25 20 de

42 596 90 27 kyrkliga
141 596 173 26 församlingarnes
324 597 38 18 och
368 596 25 19 de
403 596 155 29 medborgerliga
568 596 152 21 kommunernas
729 597 56 20 med-

42 623 82 19 lemmar
138 623 127 25 ovilkorligen
280 624 50 25 ännu
345 628 55 14 mera
418 623 107 25 särskiljas,
541 622 96 21 utskottet
650 622 18 26 ej
686 623 98 27 tillstyrka

42 649 110 26 förändring
167 649 20 20 af
200 655 26 14 nu
240 649 88 26 gällande
340 649 152 26 lagstadganden
507 649 5 19 i
526 651 72 18 ämnet.

85 691 2 2 -
96 676 36 20 Vid
147 676 11 19 8
174 681 60 14 mom.
250 676 21 20 af
283 675 10 26 $
306 676 13 19 6
334 681 58 14 anser
408 676 98 19 utskottet
519 678 28 17 ett
564 675 141 27 förtydligande
719 677 65 26 tillägg

42 703 49 20 böra
104 703 65 26 göras.
198 701 28 22 Då
240 702 34 20 det
288 703 97 24 nemligen
403 703 57 24 säges
477 705 28 17 att
521 702 200 21 kommunalstämma
737 705 48 24 äger

43 730 66 25 afgöra
123 735 46 14 «om
183 729 51 20 hvad
248 729 26 20 till
289 728 161 20 förekommande
464 729 21 19 af
497 727 95 21 eldsvåda
604 729 37 19 och
655 729 61 20 fareld
728 730 58 20 lända

43 756 59 25 kan»,
118 755 67 21 kunde
198 755 34 21 det
246 761 60 21 synas
320 755 68 20 såsom
402 761 48 14 vore
466 755 65 20 denna
544 755 115 27 myndighet
675 755 18 26 ej
707 757 80 20 berätti-

44 783 38 26 gad
96 785 28 17 att
136 782 78 21 besluta
228 788 33 14 om
274 781 100 27 åtgärder,
390 788 50 18 som,
456 781 5 19 i
475 782 95 20 händelse
584 781 93 21 eldsvåda
691 783 48 19 eller
747 783 38 20 far-

44 810 32 20 eld
89 809 91 25 utbrutit,
195 809 55 20 skola
269 808 31 20 för
313 809 118 19 hemmande
448 809 38 19 och
506 808 99 26 släckning
619 808 57 20 deraf
689 809 95 25 vidtagas,

44 836 26 20 Af
82 836 62 20 sådan
158 836 103 25 anledning
275 835 63 24 torde,
349 836 26 19 till
391 834 160 20 förekommande
565 834 20 20 af
598 834 33 21 allt
639 835 146 26 missförstånd,

45 868 48 14 vara
107 862 89 26 lämpligt
211 864 29 18 att
249 862 70 20 derom
332 862 6 18 i
352 861 39 20 den
405 862 100 20 blifvande
513 861 170 27 kommunallagen
696 863 91 19 närmare

45 890 119 20 bestämma.

98 916 101 20 Utskottet
219 921 58 14 anser
297 915 29 27 sig
346 918 47 16 utan
407 915 68 20 vidare
491 914 119 26 motivering
629 914 66 20 kunna
709 915 78 21 förorda

45 943 117 26 antagandet
175 943 21 19 af
207 942 61 26 öfriga
282 940 16 26 ej
313 942 83 20 nämnda
413 947 82 14 momm.
511 942 20 18 af
544 941 10 25 $
568 941 20 25 6,
605 941 84 20 emedan
705 941 26 20 de
746 942 43 19 deri

46 970 122 20 omförmälta
182 968 84 20 ärender
279 968 96 25 sjelffallet
387 967 66 21 måste
466 973 59 15 anses
543 967 106 21 tillkomma
666 968 123 20 kommunal-

46 998 96 19 stämmas
162 995 126 25 behandling,
306 994 53 20 hvad
380 994 51 20 dock
452 994 59 26 angår
524 999 61 15 mom.
601 994 32 25 12,
652 994 62 20 under
728 995 61 19 förut-

47 1023 84 25 sättning
144 1025 29 17 att
186 1028 24 13 en
224 1021 112 25 förordning
350 1021 70 19 derom
433 1020 96 21 utfärdas.

101 1050 24 19 Af
138 1049 10 25 $
162 1050 10 18 7
189 1048 82 20 föreslår
288 1048 102 24 utskottet,
412 1048 46 18 med
476 1046 121 25 fullständigt
617 1046 140 26 godkännande
771 1047 20 19 af

47 1076 49 20 dess
109 1075 90 25 innehåll,
215 1080 24 14 en
254 1074 110 25 förändring
379 1074 4 19 i
398 1073 136 20 redaktionen.

101 1104 8 18 1
123 1102 10 25 $
148 1102 11 20 8
174 1100 83 21 föreslås
274 1103 29 18 att
322 1101 200 19 kommunalstämma
543 1100 27 20 till
587 1099 170 26 upprätthållande
771 1100 20 19 af

48 1129 26 20 de
86 1128 181 26 ordningsstadgar,
282 1128 47 19 dem
350 1128 97 18 stämman
462 1128 38 18 kan
519 1125 51 21 finna
584 1126 42 28 skäl
647 1128 28 17 att
691 1126 31 19 för
734 1126 57 20 kom-

48 1161 72 15 munen
134 1158 75 22 antaga,
225 1154 51 26 ägde
289 1152 71 21 föreslå
371 1154 58 24 viten,
445 1153 66 20 hvilka
520 1152 51 20 dock
586 1158 17 18 ej
618 1152 52 26 finge
683 1152 107 26 öfverstiga

49 1183 26 19 tio
89 1182 65 20 mark.
184 1181 98 19 Utskottet
300 1185 58 15 anser
372 1180 34 19 det
426 1178 98 26 sjelffallet
540 1181 29 17 att
585 1184 24 14 en
623 1177 62 27 sådan
699 1178 92 25 rättighet

49 1210 35 19 bör
98 1208 203 20 kommunalstämma
318 1206 90 21 tilldelas,
430 1206 46 19 med
490 1205 34 20 Jet
535 1204 75 26 jemväl
631 1205 108 25 föreslagna
752 1204 40 20 för-

50 1234 65 22 behåll
129 1237 29 17 att
172 1234 65 20 beslut
250 1233 68 19 derom
333 1232 57 24 skall,
406 1232 30 19 för
450 1235 27 16 att
493 1233 36 24 äga
549 1230 88 28 gällande
649 1230 58 26 kraft,
725 1231 22 19 af
757 1235 36 20 gu-

50 1262 99 19 vernoren
159 1260 114 24 fastställas,
284 1258 24 27 pä
322 1258 34 20 det
364 1261 28 17 att
406 1257 72 21 sådana
492 1258 66 20 beslut
571 1262 18 20 ej
604 1256 6 20 i
626 1256 59 26 något
698 1256 95 20 afseende

51 1287 33 21 mä
99 1287 60 20 strida
174 1289 53 17 emot
247 1286 69 20 allmän
330 1286 39 23 lag;
385 1290 45 14 men
452 1284 59 26 enligt
526 1283 108 21 utskottets
654 1283 61 20 tanke
730 1284 22 18 är
766 1285 28 18 ett

52 1315 41 19 vite
106 1315 22 18 af
141 1313 25 20 tio
180 1313 58 19 mark
252 1313 31 19 allt
298 1313 28 18 för
340 1300 46 36 lågt,
397 1312 31 18 för
441 1313 28 17 att
484 1311 65 19 kunna
563 1309 58 24 stäfja
637 1309 34 20 det
684 1308 108 25 sjelfsvåld,

53 1345 45 14 som
111 1339 25 26 på
151 1338 95 25 åtskilliga
260 1340 55 17 orter
327 1337 71 19 inrotat
412 1336 35 25 sig.
476 1337 38 18 För
528 1337 28 18 att
569 1337 101 18 motsvara
683 1333 113 21 ändamålet

54 1371 61 21 synas
129 1365 78 20 derföre
221 1363 66 26 dylika
301 1363 54 20 viten
369 1363 47 20 böra
429 1361 19 20 få
462 1363 85 18 utsättas
556 1362 29 27 af
595 1361 200 20 kommunalstämma

55 1393 27 20 till
97 1394 29 17 ett
139 1391 72 26 belopp
225 1390 20 20 af
257 1391 60 24 högst
333 1389 69 26 fyratio
422 1388 62 20 mark.
514 1388 101 25 Derjemte
635 1386 57 21 torde
703 1387 93 30 kommu-

55 1419 132 20 nalstämman
201 1419 76 19 lemnas
292 1418 38 18 rätt
342 1418 35 23 att,
392 1415 2 20 i
408 1415 96 20 händelse
511 1415 40 20 Jen
560 1419 59 15 anser
632 1416 29 17 ett
674 1413 70 30 sådant
755 1415 42 28 vite

56 1447 21 19 af
88 1445 72 27 fyratio
172 1444 57 21 mark
244 1443 17 26 ej
276 1443 88 21 medföra
377 1441 78 28 äsyftad
469 1441 81 26 verkan,
563 1443 47 18 utan
624 1439 88 21 erfordra
725 1439 72 25 förhöj-

720 1471 33 18 4
