1011 1686
293 147 70 23 Nådiga
375 148 139 22 Propositionen
527 148 37 17 N:o
574 148 29 18 31.
786 148 35 18 983

80 199 63 24 vägen
157 197 55 29 öfver
221 197 67 21 Lahtis
301 197 90 21 deremot
405 198 63 20 skulle
481 197 65 26 uppgå
561 198 27 19 till
603 203 37 15 sex
654 197 31 21 mil
701 197 68 27 sjöväg
783 198 38 20 och

79 224 52 20 elfva
145 224 32 19 mil
189 223 85 26 jernväg
287 226 52 17 samt
352 224 89 20 erfordra
451 230 24 14 en
489 224 100 25 besvärlig
603 224 124 25 omlestning.
742 219 9 35 -
756 224 26 20 På
797 224 25 20 de

80 251 41 19 skäl
137 250 37 20 och
187 250 94 26 grunder,
296 255 44 15 som
355 251 101 19 ofvanföre
471 251 62 19 blifvit
550 235 120 46 framstälda,
690 251 35 19 har
742 251 80 20 Utskot-

80 279 28 16 tet
122 276 45 19 icke
182 265 74 31 kunnat
274 261 52 45 lästa
343 276 59 25 något
422 277 81 20 särskilt
522 277 93 19 afseende
633 267 37 30 vid
685 277 84 19 nämnda
786 283 36 13 an-

80 302 70 21 hållan.

135 328 98 26 Vällofliga
249 328 163 31 Borgareståndet
429 330 36 18 har
481 329 38 19 ock
539 329 52 19 velat
608 329 119 20 öfverlemna
748 329 26 20 till
789 329 35 20 Ut-

81 355 87 20 skottets
182 355 134 26 bepröfvande
330 361 24 13 en
368 356 27 19 uti
405 355 83 20 Ståndet
501 355 101 20 framstäld
616 355 84 25 begäran
710 361 32 13 om
757 355 66 26 anslag

81 381 30 20 för
126 382 110 19 inrättande
250 382 20 19 af
283 387 24 14 en
321 381 71 27 fyrbåk
407 381 25 27 på
447 382 133 21 Walkiankari
598 382 65 19 holme
683 382 76 19 utanför
772 370 52 31 Rau-

82 414 32 13 mo
130 407 51 21 stad.
210 408 33 19 Till
258 408 62 20 denna
336 408 84 25 begäran
430 414 59 14 anser
497 409 100 19 Utskottet
611 408 29 25 sig
654 408 44 19 icke
711 407 65 20 kunna
787 409 37 18 till-

81 435 69 30 styrka
165 434 59 25 bifall,
243 434 69 21 såvida
329 434 33 20 det
382 435 96 20 allaredan
499 434 98 25 föreslagit
618 434 129 30 uppförandet
763 435 21 19 af
800 434 21 19 så

81 467 70 24 många
166 450 166 37 fyrinrättningar,
343 467 43 13 som
401 461 37 20 enligt
453 461 127 20 Utskottets
595 461 79 26 mening
689 461 37 19 och
737 461 87 20 sakkun-

81 487 44 26 nige
145 493 107 24 personers
270 487 69 26 afgifna
359 467 114 41 utlåtanien
493 489 29 18 för
538 487 122 20 närvarande
681 487 66 20 kunde
764 493 59 14 anses

77 510 101 54 behöfliga
192 513 6 19 i
212 513 25 20 de
247 502 71 33 Finska
332 514 117 26 farvattnen,
460 515 39 18 och
512 513 24 21 då
551 514 43 20 icke
609 514 61 19 heller
681 513 63 26 någon
758 514 66 19 utred-

81 540 46 45 aine
141 539 64 21 blifvit
217 540 89 20 företedd
326 540 101 25 angående
441 531 38 29 den
493 546 27 14 nu
536 536 148 34 ifrågavarande
701 529 75 31 båkens
790 540 34 19 be-

122 567 52 25 ighet
188 565 38 21 och
238 572 57 20 gagn.

135 593 37 19 För
185 581 65 31 bältre
262 573 95 44 ötversiat
370 593 101 20 meddelas
486 593 36 19 här
532 593 102 24 sluteligen
644 598 25 13 en
683 592 141 20 sammanstäld

81 619 77 24 uppgift
170 619 57 19 öfver
242 619 25 19 de
280 619 74 24 anslag,
370 619 68 20 hvilka
454 619 98 20 Utskottet
566 619 6 19 i
582 619 33 20 det
629 618 118 26 föregående
760 621 64 17 ansett

81 645 30 25 sig
125 645 46 21 böra
186 645 86 20 förorda.
300 645 64 20 Dessa
379 646 44 19 äro:

730 671 58 18 Mark.

82 694 71 26 Anslag
167 694 29 19 för
210 693 193 20 folkskoleväsendet
417 694 5 19 i
436 695 72 24 landet,
524 695 87 24 390,000
626 694 55 19 mark

223 721 29 19 för
267 720 43 19 året
324 721 47 20 eller
385 721 28 18 för
428 723 30 18 tre
472 721 22 20 år
507 721 67 20 inalles
606 736 3 4 .
641 733 3 4 +
677 736 4 4 .
707 721 115 24 4,170,000.

117 755 10 9 »
146 742 11 40 —
168 747 30 20 för
212 753 24 14 en
250 746 70 27 fyrbåk
335 747 24 25 på
373 747 100 26 Skälskär,
492 750 28 17 ett
528 747 105 31 fyrfartyg
650 747 33 20 vid

222 773 84 27 grundet
315 774 73 25 Snipan
398 775 39 18 och
451 764 24 29 en
481 765 73 42 fyrbåk
564 773 24 26 på
598 773 85 26 Wargö-

214 789 90 41 gaddar,
319 801 35 19 alla
368 799 80 26 belägna
463 801 4 18 i
482 800 99 21 Bottniska
597 800 59 20 viken
678 816 3 3 .
708 795 12 36 =
728 800 94 26 357,449.

116 834 11 10 »
168 827 31 19 för
210 826 84 27 jernväg
307 827 82 19 emellan
398 815 122 32 Tavastehus
534 827 38 19 och
582 827 101 19 Tammer-

225 853 40 19 fors
280 841 65 31 städer
360 868 3 4 .
395 869 3 2 .
430 868 4 4 .
677 868 4 3 -
705 853 118 26 9,244,892.

117 887 11 10 »
145 874 12 35 —
170 879 29 20 för
210 878 83 27 jernväg
306 880 81 19 emellan
397 864 106 45 Riihimäki
514 868 72 32 station
596 868 33 31 vid
641 869 43 30 Hel-

226 906 235 29 singfors—Tavastehus
471 907 48 19 bana
529 906 38 19 och
577 905 67 21 Lahtis
654 906 27 26 by

224 932 34 20 vid
272 930 105 26 Wesijärvi
397 932 28 23 sjö
468 948 3 4 =.
678 948 4 3 .
707 932 116 25 5,860,000.

116 967 11 9 »
146 953 12 34 —
169 959 30 19 för
212 958 56 20 kanal
283 958 82 21 emellan
376 957 105 25 Wesijärvi
496 948 38 30 och
538 948 87 40 Päijäne
635 948 50 34 sjöar
729 958 93 26 640,000.

118 994 10 9 »
143 980 12 35 —
170 985 29 19 för
212 984 97 21 särskilda
327 984 221 26 kanaliseringsarbeten
564 985 54 20 inom
632 984 53 20 Wir-

224 1011 44 20 dois
274 1010 91 31 kapell
359 1006 11 39 .
395 1027 5 4 .
467 1027 38 4 sar
536 1027 40 4 ros
678 1027 4 4 L
728 1011 95 25 680,000.

117 1046 11 10 »
144 1034 12 34 —
169 1038 30 19 för
213 1038 92 25 rensning
319 1038 20 19 af
351 1027 47 30 Uleå
413 1027 27 30 elf
467 1053 4 4 .
728 1038 95 25 100,000.

118 1073 11 10 »
146 1059 12 35 —
169 1065 30 20 för
213 1063 130 26 kanalisering
357 1065 20 18 af
390 1053 150 42 vattendragen
546 1053 82 32 emellan
640 1053 45 31 Kal-

166 1115 2 2 N
225 1091 63 20 lavesi
301 1091 38 19 och
351 1091 104 20 Idensalmi
469 1092 53 24 sjöar
541 1107 1 4 .
573 1106 4 4 .
608 1107 4 4 .
644 1107 4 4 .
679 1107 4 4 .
729 1091 93 25 200,924.

118 1126 11 9 »
144 1112 12 36 —
170 1117 30 20 för
213 1116 136 27 uttorkningen
364 1118 20 18 af
395 1118 58 19 Pelso
468 1123 66 14 mossa
573 1133 3 3 .
742 1118 82 23 76,000.

119 1152 10 10 »
148 1138 12 36 —
170 1144 30 20 för
214 1143 46 21 kärr
274 1144 38 20 och
326 1143 144 27 mossodlingar
485 1144 84 25 111,600
584 1132 64 31 mark
655 1133 30 30 för

226 1170 43 20 året
282 1170 47 21 eller
343 1173 30 16 tre
387 1170 22 20 är
423 1160 84 30 inalles.
538 1186 4 4 .
573 1186 4 4 .
729 1170 95 25 334,800.

117 1204 11 10 »
146 1191 12 36 —
170 1197 29 20 för
216 1196 33 20 två
269 1195 95 28 fyrbäkar
383 1196 25 26 pä
429 1195 120 26 Marjaniemi
572 1186 52 30 udde
644 1185 40 31 och

226 1223 101 22 Säbbskär
340 1223 76 19 utanför
429 1222 93 22 städerne
535 1222 96 26 Uleåborg
646 1223 38 19 och

225 1248 116 27 Björneborg
363 1264 4 4 .
730 1249 95 24 164,671.

118 1284 11 10 »
147 1271 12 36 —
170 1276 30 20 för
214 1276 56 19 kanal
286 1275 31 20 vid
332 1264 70 42 Kalkis
410 1265 42 30 fors
469 1264 38 31 och
520 1265 93 37 Jyränkö
624 1264 63 32 ström
730 1275 94 25 400,000.

119 1310 11 10 »
146 1296 14 38 —
170 1302 30 20 för
214 1308 24 14 en
252 1301 72 29 fyrbåk.
339 1301 24 26 på
380 1301 100 21 Ulkokalla
497 1302 67 25 klippa
579 1302 33 20 vid
630 1300 57 21 Kala-

218 1327 47 31 .joki
280 1328 86 19 sockens
380 1327 52 24 kust,
445 1330 27 16 ett
483 1327 96 26 fyrfartyg
593 1328 5 18 i
608 1326 76 27 Ladoga

227 1352 30 26 sjö
274 1355 37 18 och
330 1359 23 14 en
364 1343 70 36 fyrbåk
449 1353 24 25 på
490 1354 128 25 Skälgrundet
630 1355 55 17 utan-

228 1380 29 19 för
271 1380 65 19 Kaskö
352 1379 43 20 stad
433 1395 4 3 .
469 1395 4 4 .
646 1395 38 4 <.
731 1379 94 25 183,770.

121 1413 10 10 »
144 1401 12 33 -
172 1406 30 20 för
215 1405 56 21 kanal
286 1407 55 19 öfver
350 1406 122 20 Lemströms
486 1395 34 31 näs
535 1396 24 36 pä
574 1395 74 30 Äland.
730 1405 94 24 179,656.

600 1439 81 19 Summa
696 1438 127 25 19,589,162.
