1023 1692
183 152 34 18 758
398 151 71 22 Nådiga
480 152 140 22 Propositionen
633 150 36 18 N:o
681 150 29 18 28.

178 204 30 16 att
222 200 86 20 derefter
322 200 80 26 utgöras
417 200 38 20 och
468 200 100 25 uppbäras
582 200 20 19 af
614 199 37 20 alla
664 204 96 20 personer
776 199 56 19 öfver
847 200 24 18 15
885 199 38 19 och

178 227 62 19 under
255 227 24 19 63
294 226 33 20 ärs
342 226 61 24 älder,
418 226 149 25 undantagande
580 226 70 19 endast
661 225 144 25 Ridderskapet
814 225 38 19 och
863 225 60 19 Adeln

178 253 47 20 med
238 252 60 20 deras
315 252 118 25 tjenstefolk,
453 252 45 20 med
515 252 71 25 tillägg:
606 254 41 17 «att
662 250 138 26 krigsbefälet,
819 256 43 14 som
880 251 44 19 icke

179 285 37 14 var
230 280 20 18 af
263 279 50 25 adel,
330 279 63 19 skulle
407 282 105 16 annoteras
526 278 5 19 i
544 278 90 26 längden,
650 283 46 13 men
710 277 44 19 icke
767 277 27 19 till
803 276 63 26 någon
876 283 39 19 pen

177 306 123 25 ningeutlaga
315 308 85 23 tvungne
417 306 70 24 varda,
503 308 47 16 utan
567 304 74 25 ätnjuta
658 304 30 19 för
704 304 42 19 sina
764 309 48 20 egna
829 309 96 20 personer

177 332 59 19 frihet
257 331 49 20 ifrån
323 332 211 24 mantalspenningar».
567 330 67 26 Någon
652 336 62 14 annan
731 330 92 20 befrielse
840 329 42 20 från
900 335 24 14 en

179 358 80 26 utskyld
274 364 45 14 som
333 358 102 26 rätteligen
449 358 35 20 bör
499 358 75 19 drabba
588 357 115 20 samhällets
717 357 46 24 alla,
784 356 25 20 till
828 356 98 20 arbetsför

178 384 55 20 ålder
247 385 72 19 komne
333 384 136 26 medlemmar,
486 384 56 20 fanns
556 384 80 20 således
650 383 151 26 ursprungligen
810 383 51 19 icke.
890 384 36 19 Se-

180 412 91 19 dermera
284 411 71 20 utkom
369 410 62 20 under
445 411 37 20 den
497 412 25 18 20
537 410 112 20 December
664 410 51 20 1693
725 410 200 20 Mantalskommissa-

179 438 185 24 rie-irstruktionen,
381 443 44 14 som
438 437 44 20 icke
496 437 50 20 blott
560 439 90 18 närmare
664 437 122 19 bestämmer
800 436 93 26 beloppet
907 436 22 20 af

179 464 224 26 mantalspenningarne,
422 467 47 17 utan
486 464 38 20 ock
541 467 96 23 upptager
653 463 47 20 flera
717 469 39 20 nya
773 462 110 25 befrielser,
899 462 27 21 till

180 490 65 20 hvilka
259 490 63 20 under
335 490 63 20 tidens
412 490 56 26 längd
483 490 95 26 ätskilliga
588 490 67 25 andra,
666 495 71 20 genom
746 490 129 25 öfverhetliga
888 490 38 19 för-

179 517 115 19 ordnanden
307 517 114 26 ytterligare
437 517 118 20 tillkommit.

231 543 212 26 Mantalspenningarne
457 542 46 27 utgå
518 544 46 19 med
578 543 42 20 dels
636 544 31 22 18,
684 544 25 18 24
724 543 37 19 och
776 543 26 19 36
811 542 66 26 kopek
887 542 40 20 silf-

179 576 37 13 ver
236 570 140 19 motsvarande
393 570 24 19 12
436 570 37 19 och
492 570 25 20 16
534 571 34 19 öre
585 572 52 17 samt
654 570 10 19 3
682 570 56 18 mark
757 569 133 26 silfvermynt,
906 569 22 19 af

178 596 70 25 hvarje
262 601 80 21 person,
358 602 45 14 man
417 597 39 19 och
470 596 78 25 gvinna,
564 602 44 14 som
621 595 84 26 uppnått
719 596 25 19 15
759 595 33 20 års
810 594 62 21 ålder.

231 622 28 20 Pä
274 622 63 26 grund
351 622 21 20 af
383 622 376 20 Mantalskommissarie-instruktionen
769 624 52 18 samt
830 621 96 26 ätskilliga

178 648 113 20 sedermera
305 648 93 20 utkomna
412 649 134 26 författningar
569 650 79 24 erlägga
670 649 103 19 städernas
794 648 88 26 samtliga
896 648 29 19 in-

178 675 106 24 nevånare,
300 676 105 19 äfvensom
418 675 25 26 på
458 676 66 19 landet
537 674 166 26 ståndspersoner
718 676 21 18 af
746 675 36 19 alla
792 674 77 20 klasser
876 674 51 25 jem-

178 704 20 17 te
211 702 45 20 bro-
270 702 39 19 och
323 702 124 26 skallfogdar,
463 702 124 26 gästgifvare,
602 701 90 26 krögare,
705 701 222 20 socknehandtverkare

178 729 38 19 och
230 728 146 26 gerningsmän,
392 728 93 25 utridare,
502 730 75 18 rättare
590 734 28 14 m.
634 728 20 19 fl.
668 734 104 20 personer,
784 734 43 13 som
836 728 45 19 icke
890 728 36 20 till-

178 755 48 19 höra
240 755 34 19 det
292 755 97 25 egentliga
405 754 153 26 bondeståndet,
578 756 5 18 i
602 755 192 26 mantalspenningar
811 754 25 20 36
854 755 71 25 kopek.

179 782 25 18 Af
216 781 145 20 bondeständet
374 782 78 25 erlägga
467 782 89 19 deremot
570 781 117 21 rusthällare
702 782 26 19 24
742 781 71 26 kopek,
829 782 76 20 bönder
914 781 11 20 ä

178 808 78 24 krono-,
274 808 73 20 skatte-
362 809 38 19 och
414 808 152 20 frälsehemman
583 808 43 20 dels
644 809 30 24 18,
694 808 43 20 dels
754 808 38 19 ock
809 809 25 19 24
851 808 73 26 kopek,

178 834 100 20 beroende
300 834 43 20 dels
365 834 57 20 deraf
444 840 32 13 om
498 836 112 17 hemmanet
632 836 22 17 är
667 834 97 25 beläget
760 830 15 34 i
785 834 96 20 Savolaks
900 836 26 18 el-

178 860 29 19 ler
222 860 53 20 inom
290 860 65 26 någon
372 861 21 19 af
407 860 62 25 öfrige
485 861 104 25 provinser
606 861 21 19 af
642 861 74 25 landet,
735 861 43 20 dels
795 861 58 19 äfven
871 861 57 20 deraf

179 892 33 14 om
226 887 33 20 det
274 887 49 20 varit
336 887 59 20 indelt
409 886 24 26 pä
449 887 121 20 kavalleriet.
600 887 137 25 Landbönder,
756 887 168 26 hälftenbrukare,

176 912 55 25 jord-
245 913 37 20 och
297 913 180 26 spanmälstorpare
491 916 51 17 samt
561 913 112 26 inhysingar
690 914 65 20 betala
772 913 43 20 äter
832 913 42 20 dels
892 915 32 24 18,

179 940 30 25 24
219 941 37 18 och
271 940 25 19 36
324 940 57 25 kopek,
398 940 75 19 hvilket
486 940 44 25 igen
543 941 123 19 bestämmes
676 940 42 20 dels
728 941 20 18 af
756 941 126 24 lägenhetens
891 947 35 12 na-

178 969 33 16 tur
226 967 38 18 och
278 966 48 20 dess
339 966 138 19 beskaffenhet
491 967 21 18 af
524 967 91 18 hemman
630 967 47 18 eller
691 967 75 25 säteri,,
780 967 83 19 boställe
878 967 48 20 eller

179 991 91 26 rusthäll,
286 992 43 20 dels
343 993 38 18 ock
395 993 57 20 deraf
465 998 32 14 om
512 993 37 18 den
564 993 64 19 tillhör
643 992 142 26 ständsperson
798 993 47 20 eller
853 993 72 20 bonde.

179 1019 8 18 I
201 1019 106 19 allmänhet
320 1019 61 25 gäller
395 1019 66 25 tillika,
477 1021 30 18 att
521 1019 100 20 enahanda
634 1019 196 26 mantalspenningar,
842 1025 44 14 som
896 1026 31 13 er-

178 1045 68 26 lägges
260 1046 21 19 af
293 1045 80 25 värden,
393 1045 54 20 skola
467 1045 77 26 päföras
561 1046 51 19 hans
629 1046 82 19 hurstru
728 1046 46 19 ellev
791 1046 59 25 enka,
869 1047 55 24 barn,

180 1074 50 16 samt
246 1071 120 26 tjenstefolk,
381 1071 25 26 pä
421 1073 38 18 sätt
473 1072 34 19 allt
525 1073 5 18 i
548 1072 37 19 den
602 1072 132 25 förteckning,
754 1078 42 13 som
814 1072 62 26 ätföljt
892 1073 34 19 det

179 1103 74 18 genom
267 1097 80 27 trycket
356 1098 72 25 utgifna
438 1098 168 19 Cirkulärbrefvet
616 1098 29 19 för
654 1098 38 19 den
702 1099 25 18 23
737 1099 118 24 September
866 1100 57 23 1815,

180 1125 90 18 närmare
284 1126 104 23 upptages.
418 1125 76 19 Genom
508 1124 59 20 dessa
582 1124 121 25 stadganden
718 1125 59 19 hafva
791 1125 25 20 de
830 1128 53 16 mest
891 1126 35 19 be-

179 1150 111 31 synnerliga
304 1150 39 19 och
352 1150 111 20 hvarandra
473 1150 129 25 motsägande
612 1150 206 26 Jebiteringsgrunder
827 1151 96 26 uppstått,

179 1182 70 13 såsom
262 1179 15 16 t.
293 1181 31 14 ex.
340 1179 28 16 att
382 1176 24 20 då
421 1176 6 19 i
441 1177 45 20 hela
500 1177 106 25 provinsen
625 1177 105 23 Savolaks,
750 1177 74 20 bönder
841 1177 11 20 å
869 1178 57 19 hem-

163 1202 165 25 --man,-hvilkas
335 1204 61 25 ränta
411 1203 77 20 fordom
502 1203 51 19 varit
570 1203 59 19 indelt
643 1202 19 20 åt
679 1203 123 25 kavalleriet,
822 1204 62 19 betala
899 1205 26 18 24

179 1229 67 24 kopek
260 1232 52 15 samt
326 1228 241 26 bönder
413 1224 12 35 å
437 1228 75 26 öfriga,
522 1224 45 35 dels
573 1229 77 22 indelte
664 1229 43 19 dels
724 1230 92 23 oindelte,
833 1231 92 18 hemman

180 1254 71 19 endast
266 1255 24 19 18
304 1254 75 25 kopek,
396 1255 22 19 så
433 1255 77 25 erlägga
524 1257 86 17 tvärtom
624 1255 10 25 i
645 1255 59 20 södra
721 1249 91 35 Finland,
829 1255 26 20 de
868 1255 80 20 förre—
959 1271 6 1 -

181 1281 23 18 18
220 1281 37 18 och
272 1280 24 19 de
310 1280 83 19 sednare
407 1281 26 19 24
447 1281 71 25 kopek,
535 1284 52 16 samt
600 1281 5 18 i
620 1281 128 20 Österbotten
767 1281 42 20 åter
826 1282 36 19 alla
875 1281 49 20 bön-

180 1307 119 19 der-endast
314 1307 24 20 18
354 1307 75 29 kopek,
445 1310 56 17 utom
518 1308 4 19 i
540 1308 25 19 de
581 1307 68 20 fordna
672 1308 169 20 Vesterbottniska
859 1308 64 26 sock-

180 1339 68 17 narne,
265 1339 44 14 som
322 1334 89 25 utgjorde
424 1335 14 18 f.
455 1334 19 20 d.
489 1334 74 20 Torneå
579 1334 68 26 härad,
662 1330 52 34 eller
724 1335 67 20 Neder-
803 1336 38 19 och
853 1334 71 21 Öfver-

178 1359 74 20 Torneå
268 1363 52 16 samt
336 1360 132 21 Muonioniska
487 1361 20 25 (f.
527 1361 19 20 d.
565 1361 43 20 Carl
627 1355 97 35 Gustafs)
734 1355 101 35 socknar,
847 1355 43 35 der
904 1355 32 35 de
943 1371 34 4 —

181 1387 64 19 betala
260 1387 25 19 24
300 1386 73 26 kopek.
405 1387 55 21 Jord-
477 1389 40 18 och
534 1387 190 27 spannmälstorpare
741 1390 53 18 samt
811 1388 113 27 inhysingar

180 1413 72 26 betala,
268 1419 32 14 om
314 1413 25 20 de
352 1415 33 18 äro
401 1415 78 20 bosatte
493 1414 24 26 pä
532 1414 66 25 säteri,
614 1415 94 25 prestbol,
730 1415 92 25 boställe,
838 1415 47 20 eller
899 1414 24 27 pä

180 1439 90 26 rusthäll,
287 1445 44 15 som
346 1440 63 21 tillhör
423 1441 149 26 ständsperson,
588 1441 26 20 36
628 1441 73 26 kopek,
716 1447 45 14 men
776 1447 32 14 om
820 1441 104 20 rusthället
