1014 1686
297 145 71 22 Nådiga
380 146 140 21 Propositionen
533 145 36 18 N:o
581 145 28 18 31.
793 144 34 19 959

84 195 58 25 ning
143 195 21 19 af
177 194 70 20 härvid
267 194 160 20 förekommande
445 194 139 25 förhållanden,
607 194 103 19 förordnar
724 199 32 14 om
777 195 51 18 utta-

85 217 73 34 gandet
171 221 21 19 af
204 221 25 20 de
242 221 62 25 böter,
317 221 77 19 hvartill
410 227 24 13 en
447 222 47 19 eller
504 227 61 13 annan
579 210 37 29 kan
625 221 64 18 finnas
703 220 59 19 hafva
776 219 52 26 gjort

86 247 30 25 sig
130 247 92 25 förfallen,
235 249 52 17 samt
300 237 89 35 vidtager
399 247 26 20 de
439 247 90 25 åtgärder
540 253 44 13 som
596 247 78 19 anmäld
689 247 139 18 försummelse

86 274 47 18 eller
147 264 108 28 uteblifven
276 258 149 44 verkställighet
441 274 21 18 af
478 273 51 19 hvad
550 273 135 25 författningen
707 273 78 29 stadgar
798 273 30 18 för

85 300 59 30 öfrigt
157 300 39 18 kan
210 299 84 25 påkalla.
322 300 75 18 Besvär
411 300 56 18 öfver
484 299 163 31 Länestyrelsens
663 299 67 19 beslut
744 299 5 18 i
764 298 64 26 dylika

85 324 65 27 frågor
164 325 18 19 få
198 326 76 19 anföras
288 326 6 18 i
307 326 99 18 enahanda
417 326 90 25 ordning,
519 331 43 13 som
577 324 101 26 angående
687 325 74 19 besvär
775 324 5 19 i
791 324 38 20 mål

86 352 86 19 rörande
185 351 98 25 tjenstefel
297 355 22 17 är
333 352 97 26 stadgadt.

139 378 133 20 Omförmälde
287 379 57 19 böter
358 378 78 25 tillfalla,
453 378 36 20 der
508 378 44 20 icke
565 378 122 20 annorlunda
702 378 22 19 är
738 377 92 20 särskildt

85 404 133 24 föreskrifvet,
236 405 24 19 de
281 405 67 24 fattiga
369 405 53 19 inom
436 405 37 19 den
488 404 118 26 församling,
627 404 36 20 der
677 404 39 19 den
736 403 93 21 bötfällde

85 433 23 17 är
122 431 180 20 mantalsskrifven.

428 483 11 26 $
452 484 33 18 47.

137 522 89 19 Emedan
240 521 177 20 bestämmelserne
431 521 28 20 uti
473 521 12 20 6
499 521 38 20 och
553 521 11 19 7
578 520 89 26 Kapitlen
681 520 21 20 af
718 520 62 20 denna
794 520 36 20 Be-

85 548 159 26 villningsstadga
258 547 100 25 angående
373 549 59 17 sättet
441 547 29 19 för
485 547 139 25 bevillningens
637 547 142 31 fastställande,
795 547 35 19 de-

85 574 84 30 bitering
182 575 38 19 och
235 574 89 25 uppbörd
338 574 45 19 icke
396 575 35 17 äro
447 574 111 26 tillämpliga
575 573 5 19 i
595 573 94 20 afseende
709 572 11 20 å
735 573 24 19 de
774 563 56 29 utom

85 600 79 20 Finland
178 601 78 19 bosatte
270 600 72 20 Finske
355 600 137 26 medborgare,
515 600 64 20 hvilka
600 600 92 25 antingen
713 599 67 20 såsom
794 605 35 13 va-

86 627 60 19 rande
161 627 5 19 i
181 627 51 19 finsk
246 627 70 19 allmän
331 626 65 25 tjenst,
420 615 47 31 eller
481 616 56 35 eljest
557 626 61 25 enligt
631 626 63 20 denna
708 626 118 25 författning,

85 654 34 18 äro
133 653 105 25 bevillning
258 638 151 42 underkastade,
429 653 116 19 ankommer
561 652 33 20 det
615 652 10 20 å
641 653 97 19 Senatens
751 652 79 19 Ekono-

86 680 190 24 mie-Departement
290 681 28 17 att
331 679 5 18 i
351 679 145 19 ofvanberörde
509 679 127 19 hänseenden
649 680 91 18 närmare
754 678 77 20 förord-

86 711 35 17 na;
139 706 38 19 och
191 711 47 20 eger
251 706 97 19 Senatens
361 705 91 19 bemälde
462 706 142 24 Departement
616 704 72 25 jemväl
703 704 90 20 meddela
804 704 25 20 de

86 732 70 19 vidare
170 732 122 19 föreskrifter
306 732 38 18 och
359 732 128 24 förklaringar
500 732 5 19 i
520 732 92 19 afseende
630 731 10 19 å
654 731 176 25 verkställigheten

86 758 21 19 af
119 758 64 19 denna
197 758 191 25 Bevillningsstadga,
401 758 64 20 hvilka
475 758 64 20 finnas
553 758 21 19 af
587 757 192 25 omständigheterna
792 756 38 20 och

86 784 95 19 behofvet
195 784 107 25 påkallade,
314 786 52 17 samt
379 784 70 25 nödiga
463 785 124 23 formulärer,
599 790 26 13 m.
637 790 26 13 m.
679 772 152 51 vederbörande

86 810 27 19 till
127 810 131 20 efterrättelse
272 810 102 20 fastställa.

300 861 63 26 Enligt
380 863 63 19 Hans
458 862 133 26 Kejserliga
612 862 123 26 Majestäts
755 861 75 26 Nådiga

228 889 112 25 befallning,
359 889 65 25 gifven
440 889 6 19 i
463 890 32 19 S:t
510 889 123 24 Petersburg
650 889 38 20 den
703 889 23 42 3
742 889 39 19 Juli
795 888 34 25 (12

227 914 91 26 Augusti)
334 915 58 20 1863.

354 965 73 17 Alex.
441 964 124 19 Armfelt.

557 1013 21 18 A.
591 1013 28 19 W.
631 1013 133 19 Wallensköld.

291 1175 306 24 Ekonomie-Utskottets
610 1175 166 24 betänkande
791 1175 39 24 N:o

224 1204 13 22 7
252 1204 8 22 i
275 1203 120 28 anledning
406 1204 26 23 af
444 1204 66 23 Hans
525 1204 152 33 Kejserliga
691 1204 138 27 Majestäts

224 1227 89 37 Nådiga
322 1232 148 50 Prostia,
486 1231 113 29 angäende
615 1233 79 28 anslag
709 1232 38 23 till
761 1233 69 22 inrät-

224 1260 66 22 tande
312 1265 13 17 af
367 1260 127 27 folkskolor,
517 1261 37 22 till
576 1261 150 50 aalkaa
740 1260 25 22 af
787 1265 45 23 nya

224 1287 312 24 kommunikationsanstalter
551 1289 52 22 samt
614 1283 47 37 till
670 1288 114 23 särskilda
793 1293 37 18 an-

225 1315 41 22 dra
280 1316 172 28 allmännyttiga
466 1317 93 26 företag.

143 1375 8 19 I
170 1375 206 20 öfverensstämmelse
395 1375 47 20 med
465 1375 143 26 Ridderskapet
627 1375 38 19 och
685 1375 75 19 Adelns
778 1377 53 16 samt

89 1401 79 19 Presta-
188 1401 39 19 och
247 1401 160 20 Bondeständens
428 1402 131 30 likstämmiga
580 1402 65 19 beslut
661 1401 119 19 tillkommer
798 1401 34 20 det

89 1427 221 21 Ekonomie-Utskottet
329 1430 28 17 att
370 1427 80 26 föreslå,
472 1428 66 19 hvilka
559 1428 20 19 af
591 1428 26 19 de
631 1428 80 25 företag,
734 1432 44 14 som
792 1426 39 20 den
