1006 1689
176 152 44 19 1036

178 201 51 24 tade,
245 201 62 20 finner
322 202 63 19 Hans
399 201 82 25 Kejser

177 228 39 19 den
230 228 98 25 olämpligt
342 228 41 19 att
374 223 9 34 i
394 227 54 20 detta
458 228 30 19 för:

177 254 88 25 ändring.
295 255 60 18 Hans
369 253 118 26 Kejserlig

178 281 109 19 Ständerna
303 283 25 17 ett
344 280 69 20 sådant
427 281 60 18 ordna

177 307 110 19 Ständerna
301 313 70 20 genom
387 307 82 20 utsedda

177 333 34 20 det
224 334 55 19 öfver
297 333 140 26 förvaltningen
454 334 20 19 af

177 360 143 25 förvaltningen
335 360 20 19 af
367 360 61 25 öfrige
442 360 5 19 i
461 361 25 18 Ba

391 152 71 22 Nädiga
474 153 138 22 Propositionen
627 153 33 17 N:o
674 153 28 17 32.

496 203 34 24 iga
545 201 109 25 Majestät
668 201 34 20 det
717 201 118 20 vara
766 197 9 34 i
785 201 50 20 flere
845 201 76 19 afseen-

489 228 89 19 hållande
592 228 30 19 för
636 228 121 19 närvarande
771 227 77 26 vidtaga
858 227 63 26 någon

492 260 9 13 a
516 254 112 25 Majestät
643 254 35 19 har
692 254 77 19 derföre
784 253 51 20 velat
848 253 72 20 föreslå

490 281 37 19 nde
541 281 19 19 af
573 281 89 18 Bankens
683 281 94 25 styrelse,
793 283 36 22 att,
849 281 72 18 medan

494 307 110 25 ullmäktige
616 307 79 19 komme
706 310 26 15 att
743 313 34 19 ega
788 307 133 19 öfverinseen-

490 334 97 25 primitiva
606 334 38 18 och
661 333 196 26 hypotheksfonden,
876 338 46 14 men

489 361 49 19 nken
553 360 89 19 nedsatta
652 360 69 19 fonder
731 360 117 20 fortfarande
858 360 63 19 skulle

178 385 30 21 stå
223 387 62 19 under
299 387 98 20 Senatens
411 387 87 24 uppsigt,
514 387 62 20 denna
592 387 115 24 förvaltning
722 387 64 19 skulle
796 387 124 19 handhafvas

177 413 44 19 utaf
233 419 25 13 en
272 414 20 18 af
306 413 95 25 Regering
415 413 36 19 och
467 414 83 19 Ständer
565 414 67 18 tillsatt
650 413 172 19 Bankodirektion.

230 440 40 19 Vid
287 440 54 19 detta
358 440 72 24 förslag
447 440 35 18 har
499 440 58 20 likväl
577 440 63 18 Hans
660 438 131 27 Kejserliga
811 438 112 26 Majestät

178 466 61 19 funnit
253 466 120 25 nödvändigt
386 468 28 17 att
428 467 43 25 foga
493 466 76 26 följande
578 466 103 20 förbehåll.
710 466 26 19 På
750 466 62 26 grund
825 467 20 19 af
857 466 64 19 Hans

180 492 134 26 Kejserliga
329 491 124 26 Majestäts
467 492 130 20 förordnande
613 493 35 19 har
665 492 59 20 sedan
742 492 21 20 år
782 493 51 19 1849
850 493 21 19 af
886 493 37 25 hy-

177 519 167 25 potheksfondens
360 520 108 18 räntevinst
478 522 28 17 ett
516 520 67 24 anslag
597 520 21 18 af
630 519 90 25 omkring
733 520 73 24 24,000
817 520 55 19 rubel
882 519 41 19 silf-

177 551 36 14 ver
227 547 37 18 och
283 546 60 20 sedan
361 546 52 20 1858
432 546 20 19 af
467 546 99 25 primitiva
584 546 81 19 fondens
682 545 110 26 behållning
809 548 28 17 ett
854 546 69 25 anslag

178 573 20 18 af
210 572 74 25 20,000
299 573 54 19 rubel
369 572 67 20 silfver
450 573 30 19 for
494 572 42 20 året
551 572 61 26 utgått
627 572 26 20 till
668 572 126 20 bestridande
809 572 18 20 af
840 572 81 20 kostna-

177 598 38 20 den
229 599 29 19 för
273 598 118 26 dårvården,
409 599 29 19 för
451 599 132 20 realskolorna
598 599 38 19 och
650 599 26 19 till
694 599 96 19 särskilda
807 600 67 24 anslag
892 599 30 19 för

177 624 146 26 upphjelpande
337 626 21 19 af
369 626 75 19 landets
456 625 106 25 jordbruk.
590 626 42 19 Med
647 626 93 19 afseende
754 625 24 25 på
793 625 24 20 de
827 628 54 16 stora
891 628 31 16 ut-

177 652 57 25 gifter
249 651 122 21 statsverket
384 652 36 20 fått
434 652 108 20 vidkännas
557 658 70 19 genom
644 652 119 26 omortering
777 652 38 19 och
832 652 91 19 räntebe-

179 678 72 26 talning
265 678 11 20 å
291 678 25 20 de
329 678 26 20 till
366 678 196 27 krigskostnadernas
572 679 122 19 betäckande
704 678 47 20 åren
761 679 51 20 1855
822 680 37 18 och
870 679 52 19 1856

177 708 99 22 upptagna
291 705 32 19 län
338 708 51 16 samt
403 711 69 20 genom
487 705 231 26 undsättningsåtgärder
732 706 31 19 vid
779 706 24 19 de
818 706 51 20 1856
885 705 38 20 och

178 732 51 19 4862
250 732 101 19 inträffade
367 732 59 20 svåra
445 733 153 21 missväxterna,
615 732 63 20 finner
692 732 56 20 Hans
763 731 108 26 Majestät
888 732 35 20 det

178 758 66 26 nödigt
258 761 27 17 att
299 758 59 20 dessa
372 758 82 21 tillskott
468 761 50 18 ännu
532 759 109 20 tillsvidare
655 759 47 19 böra
717 760 21 18 af
750 759 132 20 bankvinsten
891 762 32 16 ut-

177 784 34 26 gå,
231 786 39 18 och
287 786 76 24 hoppas
381 786 62 19 Hans
460 786 106 24 Majestät
580 788 27 17 att
622 786 118 24 Ständerna,
755 786 51 19 efter
820 788 28 17 att
862 786 59 19 hafva

177 811 47 25 tagit
238 812 112 19 kännedom
364 817 32 14 om
411 813 132 19 statsverkets
558 812 96 25 ställning,
670 812 55 19 skola
740 812 84 20 erkänna
834 812 88 26 billighe-

175 840 34 17 ten
223 838 20 19 af
255 838 54 19 detta
318 837 100 26 förbehåll,
429 840 114 24 isynnerhet
552 844 43 14 som
607 838 194 26 hypotheksfondens
811 839 110 19 räntevinst

177 864 62 20 under
256 864 24 20 de
298 870 69 14 senare
387 864 47 20 åren
455 865 95 26 betydligt
571 865 83 19 tillvuxit
675 865 114 25 derigenom
809 868 28 16 att
859 866 60 18 Hans

176 890 117 26 Majestät,
309 891 26 19 till
350 890 108 20 understöd
474 892 28 19 för
517 892 75 20 landets
602 892 19 19 af
629 892 163 25 penningekrisen
803 892 50 20 1857
863 892 59 20 blott-

177 917 69 20 ställda
260 918 218 19 manufaktur-industri
493 919 38 18 och
545 918 78 25 handel,
640 917 41 20 låtit
696 917 20 20 åt
730 919 76 18 Banken
817 919 105 18 öfverlem-

177 949 25 13 na
217 945 28 18 ett
258 946 95 23 upptaget
366 943 83 20 statslän
464 945 20 18 af
497 945 108 24 1,500,000
615 944 55 19 rubel
681 944 75 25 silfver,
768 944 10 19 ä
788 945 76 19 hvilket
873 945 49 19 Ban-

177 969 39 20 ken
231 972 50 17 ännu
297 970 81 19 innehar
393 971 107 24 1,440,000
515 971 63 22 rubel,
595 971 47 19 eller
656 971 108 24 5,760,000
778 971 64 19 mark.

231 995 75 20 Genom
321 996 133 20 förordnande
468 997 20 19 af
501 997 36 19 den
553 998 25 19 19
591 997 45 20 Juni
651 997 51 19 1860
715 998 35 19 har
759 998 62 19 Hans
832 997 89 25 Kejser-

177 1022 44 25 liga
236 1021 109 26 Majestät
359 1022 62 21 tillåtit
435 1025 28 18 att
476 1023 232 26 Hypotheksföreningen
723 1024 5 18 i
742 1024 81 19 Finland
837 1023 52 26 finge
903 1025 21 18 af

177 1049 98 24 primitiva
289 1049 84 20 fondens
387 1050 143 19 ränteinkomst
544 1050 131 19 understödas
690 1050 44 19 med
750 1053 26 16 ett
789 1049 56 26 årligt
855 1051 67 25 anslag

177 1076 21 18 af
211 1076 72 23 15,000
299 1075 54 19 rubel
369 1075 75 24 silfver,
460 1079 28 16 att
502 1076 4 19 i
521 1076 25 19 tio
561 1076 33 19 års
609 1076 27 19 tid
651 1075 67 20 såsom
732 1076 32 19 lån
775 1077 26 19 till
812 1077 59 25 sagde
882 1077 40 19 för-

177 1102 56 25 ening
246 1101 54 25 utgå.
329 1102 62 19 Hans
405 1101 123 25 Majestäts
543 1102 49 24 Vilja
606 1104 22 17 är
642 1105 28 16 att
686 1103 234 26 Hypotheksföreningen

176 1128 49 19 skall
243 1127 32 20 vid
293 1128 72 25 denna,
381 1128 116 19 densamma
515 1129 96 25 medgifna
631 1128 76 19 förmån
725 1128 116 26 bibehållas,
861 1130 59 19 äfven

176 1154 60 19 sedan
251 1153 108 21 Ständerna
374 1155 104 24 öfvertagit
492 1158 92 16 ansvaret
598 1156 30 18 för
637 1155 37 19 och
682 1155 103 20 inseendet
795 1156 55 19 öfver
860 1156 61 19 bank-

176 1180 103 20 fondernas
294 1181 122 24 förvaltning.

229 1207 7 18 I
257 1207 209 20 öfverensstämmelse
487 1207 46 20 med
555 1208 59 19 ofvan
634 1208 121 19 framställda
775 1208 86 25 grunder
884 1209 36 19 har

176 1233 63 17 Hans
254 1232 136 25 Kejserliga
407 1233 109 24 Majestät
532 1235 53 17 velat
602 1235 29 16 för
648 1233 37 19 den
700 1234 88 23 afsedda,
804 1234 116 19 förändrade

176 1258 157 24 organisationen
347 1258 20 19 af
380 1259 90 19 Bankens
484 1259 95 25 styrelse,
595 1259 28 19 till
641 1259 118 19 Ständernas
776 1259 89 26 pröfning
881 1260 39 19 och

175 1284 106 25 antagande
295 1284 72 19 föreslå
382 1283 84 26 följande
479 1286 91 18 närmare
584 1284 151 27 bestämningar:

229 1311 40 19 1:0.
299 1311 109 19 Ständerna
422 1311 62 20 ikläda
499 1311 29 26 sig
546 1311 126 25 ansvarighet
690 1312 29 19 för
736 1312 76 19 Banken
831 1313 38 18 och
887 1318 33 19 ga-

175 1339 78 18 rantera
267 1337 48 20 dess
328 1337 73 26 utgifna
416 1338 64 19 sedlar
495 1339 37 18 och
547 1339 61 24 öfriga
622 1338 136 24 förbindelser,
775 1338 66 20 sävidt
855 1339 64 20 denna

174 1364 73 25 garanti
261 1364 94 19 beträffar
368 1364 25 20 de
406 1365 28 19 uti
448 1364 77 20 Banken
537 1365 95 20 inrättade
642 1365 97 25 primitiva
749 1365 36 20 och
795 1366 124 25 hypotheks-

174 1391 101 20 fonderna.

227 1417 37 20 Vid
279 1417 69 25 hvarje
362 1417 89 26 landtdag
464 1420 46 17 utse
518 1418 109 20 Ständerna
637 1419 43 25 fyra
695 1419 181 26 Bankfullmäktige,
895 1425 24 14 en

174 1444 31 19 för
218 1443 69 27 hvarje
301 1443 64 26 stånd,
382 1444 66 20 hvilka
461 1444 81 20 komma
557 1447 28 17 att
599 1445 51 19 efter
666 1445 120 21 Ständernas
800 1446 119 19 instruktion
