1009 1689
283 132 71 23 Nädiga
366 134 138 23 Propositionen
519 133 35 18 N:o
566 134 28 17 32.
767 133 56 27 1043;

72 181 67 29 'anden
154 188 62 19 synes
231 188 25 14 en
268 183 67 20 säker.
343 183 95 30 grundval
454 189 45 14 vara
516 189 77 14 vunnen
610 185 30 18 för
652 184 35 19 Jet
703 183 105 26 utlåtande,

70 203 73 29 hvilket
155 206 171 28 Bank-Utskottet,
343 210 5 19 i
362 209 102 26 anledning
482 210 20 19 af
514 210 63 20 Hans
591 209 132 26 Kejserliga
740 210 69 25 Maje-

67 237 61 18 stäts
142 235 69 30 nådiga
225 222 127 46 proposition,
368 242 26 14 nu
408 236 35 26 gär
452 225 32 30 att
499 237 146 19 vördsammast
658 237 78 31 afgilva.

119 262 64 19 Hvad"
196 263 5 18 i
219 262 58 20 detta”
292 262 92 20 afseende
405 251 49 31 först
474 263 93 19 beträffar
588 262 152 27 hufvudfrägan,
763 263 46 20 eller

66 288 65 19 Hans
155 287 123 26 Majestäts
303 288 70 25 nådiga
394 289 64 20 anbud
481 289 26 20 till
528 289 108 20 Ständerne
660 291 28 18 att
696 278 112 37 ”öfvertaga

69 314 139 25 ”örvaltningen
224 315 20 18 af
256 316 38 18 och
309 316 150 24 änsvarigheten
473 315 29 19 för
517 310 97 39 primitiva
632 316 38 18 och
688 304 121 37 hypotheks-

70 340 90 20 'onderne
176 330 9 29 i
201 341 90 20 Finlands
303 337 63 34 Bank,
382 326 43 45 har,
447 341 68 20 såsom
532 342 50 19 förut
603 343 22 18 är
639 341 130 25 omförmäldt,
785 347 24 14 en

68 366 118 27 anderdänig
205 367 88 20 anhållan
308 367 5 19 i
327 353 98 45 likartadt'
434 369 53 24 sylte
508 368 60 19 redan
583 368 33 19 vid
633 367 61 27 Borgä
705 353 104 46 Landtdag

68 393 62 20 blifvit
150 394 21 19 af
190 393 75 21 landets
280 393 113 21 dåvarande
412 394 85 20 Ständer
518 395 25 19 till
564 383 118 31 Monarken
692 394 115 20 framställd.

67 420 35 20 För
117 420 149 26 äganderättens
276 420 56 26 helg
343 420 64 20 måste
418 421 44 19 icke
472 421 50 20 blott
532 423 28 18 ett
570 421 83 19 ordnadt
666 419 141 25 rättstillstånd,

66 449 44 17 utan
126 448 37 18 ock
178 449 28 17 ett
220 447 91 25 stadgadt
326 447 124 26 myntvärde,
467 453 59 13 anses
540 448 68 30 utgöra
619 448 24 19 de
655 450 53 16 mest
717 448 93 19 väsendt-

66 473 36 27 liga
117 474 133 25 grundvilkor.
275 475 38 19 Det
326 474 84 24 sednare
424 464 26 30 af
456 474 46 20 dem
513 476 21 18 är
544 473 42 21 åter
600 475 5 18 i
617 473 137 27 hufvudsaklig
763 474 45 20 mån

66 488 62 42 bygdt
141 500 25 26 på
175 499 89 21 krediten
274 501 47 19 eller
331 496 95 24 allmänna
440 500 128 25 förtroendet,
579 501 75 19 hvilket
664 500 84 20 erhåller
758 500 52 21 kraf-

66 527 37 25 tigt
117 527 43 19 stöd
176 526 61 26 deraf,
254 530 28 16 att
299 528 90 18 nationen
410 526 46 26 sjelf
469 527 29 19 får
512 532 71 20 genom
604 527 41 19 sina
659 526 73 20 ombud
750 526 59 21 hand-

66 553 58 20 hafva
143 552 48 20 vård
210 543 37 29 och
262 554 64 26 tillsyn
341 554 55 19 öfver
410 554 25 19 de
454 554 136 24 redbarheter,
609 559 44 14 som
666 554 68 24 utgöra
748 554 61 18 basen

67 580 30 19 för
111 580 133 25 myntvärdet.
274 580 33 19 Att
320 580 59 19 dessa
389 580 135 23 redbarheter,
537 580 46 19 eller
593 580 89 19 Bankens
696 580 113 19 nuvarande

67 606 110 20 metalliska
192 607 72 24 valuta,
282 606 99 25 verkligen
396 606 64 20 blifvit
473 607 20 18 af
506 606 91 20 Finlands
612 605 93 20 invånare
719 606 90 20 nedsatta

66 633 6 19 i
86 632 128 20 densammas
229 633 66 19 förvar
308 635 54 17 emot
375 632 48 31 dess
437 632 5 19 i
457 633 64 19 stället
543 632 71 26 utgifna
632 632 177 25 depositionsbevis

66 659 48 20 eller
128 658 71 25 sedlar,
210 659 39 19 och
263 662 29 16 att
305 659 78 19 Banken
394 658 26 29 på
432 658 130 20 emissionen
566 659 20 19 af
598 658 66 26 dylika
674 658 136 31 värdepapper

66 685 62 26 byggt
141 686 31 18 sin
187 675 62 30 under
264 685 64 19 tidens
342 686 46 24 lopp
401 684 75 27 gjorda,
491 685 44 19 icke
549 685 111 25 obetydliga
671 684 58 24 vinst,
740 686 22 18 är
776 690 34 19 ge-

66 717 46 14 nom
127 711 117 25 föregående
265 712 105 19 historiska
392 712 139 25 framställning
552 711 121 25 ådagalagdt.
702 701 27 30 På
747 711 62 25 grund

66 738 22 20 af
100 738 33 20 allt
147 727 53 30 detta
214 738 64 20 finner
292 738 99 20 Utskottet
405 738 30 25 sig
448 738 54 20 böra.
511 722 145 45 vördsammast
670 738 104 26 tillstyrka,

169 776 28 17 att
213 774 73 20 landets
300 774 100 26 höglofliga
411 773 83 20 Ständer
507 773 59 21 måtte
580 774 60 18 under
652 775 30 18 sin
691 774 119 26 förvaltning

170 802 34 20 och
218 802 121 26 ansvarighet
354 804 93 24 emottaga
460 804 97 24 primitiva
571 802 33 20 och
618 802 192 26 hypotheksfonderne

153 842 2 2 +
171 832 7 17 i
192 831 94 19 Finlands
301 831 66 22 Bank,
388 833 48 17 samt
455 831 111 25 handhafva
586 830 94 19 inseendet
699 830 53 26 öfver
770 830 40 19 dem

157 869 3 3 -
170 865 66 19 genom
251 859 125 25 fullmäktige;
390 858 95 20 hvaremot
499 861 56 17 stats-
571 858 33 20 och
618 858 136 19 militieverkets
764 858 46 25 jem-

171 887 31 19 väl
216 888 6 18 i
237 887 79 19 Banken
326 886 107 26 förvarade
445 887 74 25 fonder
533 887 67 21 skulle,
621 886 89 19 särskildt
723 886 50 25 frän
788 886 22 19 de

166 916 69 24 förra,
250 915 63 19 såsom
327 915 65 19 hittills
406 915 95 25 förblifva
520 915 60 18 under
595 914 105 25 Kejserliga
719 914 91 19 Senatens

172 943 68 26 tillsyn.

121 976 38 21 Vid
172 977 63 20 denna
250 977 109 26 tillstyrkan
381 977 35 19 har
429 977 102 31 Utskottet
550 975 51 20 dock
623 975 17 25 ej
657 975 74 20 kunnat
748 975 63 30 undgå

69 1006 28 18 att
110 1004 57 19 äfven
182 1004 49 19 fästa
241 1003 177 26 uppmärksamhet
432 1002 9 21 å
452 1003 37 20 den
501 1002 147 25 förminskning,
659 1002 95 21 Bankens,
761 1002 50 21 vinst

69 1036 72 19 genom
158 1030 141 25 utbetalningar
309 1030 25 24 till.
349 1030 123 19 statsverket
484 1029 122 25 härförinnan
616 1028 106 32 undergått
732 1029 37 19 och
779 1034 33 15 en-

69 1057 34 26 ligt
120 1057 63 20 Hans
198 1042 132 44 Kejserliga
344 1055 122 26 Majestäts
487 1052 69 29 nådiga.
576 1055 120 26 proposition
717 1057 52 18 ännu
783 1055 29 22 för

69 1077 105 26 framtiden
192 1083 79 20 komme
286 1086 28 17 att
328 1083 115 19 vidkännas.
466 1071 93 36 Liqviden
568 1083 56 18 öfver
633 1082 179 31 statsverkets.och

70 1110 91 21 Bankens
178 1110 118 25 ömsesidiga
310 1109 68 25 bidrag
393 1109 26 20 till
434 1110 109 19 hvarandra.
562 1109 49 25 (tab.
627 1109 54 24 VII),
689 1107 124 24 utvisar:så-

71 1143 43 14 som
130 1137 74 24 balans,
223 1137 47 19 eller
284 1136 165 25 öfverleverering
463 1135 42 20 från
520 1135 88 22 Bankens
623 1135 102 22 sidasintill
740 1135 37 19 den
787 1135 24 22 34.

71 1159 112 34 December
193 1149 58 44 1862,
267 1165 29 17 ett
309 1163 71 25 belopp
394 1162 20 19 af
428 1150 44 37 747,
475 1163 37 18 454
526 1161 53 20 rubel.
593 1161 62 27 487/j
658 1161 68 25 :kopek
733 1161 79 30 silfver,

70 1189 79 20 hvilken
164 1189 55 25 utgift
240 1179 122 34 naturligtvis
376 1188 42 19 haft
438 1179 34 28 ett
479 1188 73 25 ganska
570 1171 89 51 menligt.
669 1187 109 28 inflytande.
788 1192 24 19 pä

71 1211 88 35 Bankens
173 1204 99 36 tillgångar
287 1204 47 30 och:
339 1215 95 28 ställning.
462 1213 122 21 Beträffande
594 1213 41 20 'åter
645 1213 37 19 den
696 1212 117 26 efterföljan-

71 1241 25 20 de
105 1242 65 23 tiden,
190 1241 34 19 har
239 1242 63 18 Hans
315 1240 109 25 Majestät
444 1241 32 19 vid
491 1240 145 19 ofvanberörde
654 1239 70 26 nådiga
740 1239 73 31 förslag

72 1267 54 26 fogat
138 1253 35 44 det
187 1267 101 25 förbehåll,
304 1269 28 17 att
352 1267 121 19 statsverket
493 1259 103 42 framgent.
608 1265 62 20 måtte.
686 1254 27 31 af"
719 1264 96 26 ifrågava-

73 1282 60 32 rande
148 1293 78 20 fonders
242 1283 53 30 vinst
308 1294 48 19 eller
369 1292 110 26 behållning
492 1291 58 21 undfå.
566 1288 89 29 omkring
669 1292 74 24 44,000
758 1291 60 20 rubel.

74 1321 68 18 silfver
155 1319 81 24 årligen,
260 1320 126 28 hvarigenom
407 1308 90 29 Bankens
512 1318 129 19 verksamhet
655 1319 37 16 och
713 1317 101 24 framgäng

74 1345 113 26 ytterligare
201 1345 80 19 komme
295 1348 28 16 att
337 1345 4 18 i
357 1344 85 25 betydlig
456 1344 46 25 grad
519 1344 97 19 förlamas.
645 1343 119 24 Visserligen
779 1344 36 18 har

75 1371 78 20 Banken
160 1365 10 35 .
174 1376 70 20 genom
259 1371 131 25 Regeringens
411 1371 76 24 försorg
501 1369 77 20 erhållit
592 1369 53 20 andel
661 1369 4 18 i
680 1371 28 16 ett
722 1358 90 34 statsiän,

74 1403 43 14 som
133 1398 27 20 till
174 1390 72 34 belopp
261 1397 19 19 af
288 1390 24 31 1,
315 1385 45 37 440,
364 1398 38 19 000
416 1397 55 19 rubel
475 1384 57 32 ”med
550 1395 114 32 fortgående
678 1395 137 27 amorterings-

75 1422 112 28 skyldighet
200 1426 51 17 ännu
265 1424 37 20 hos
316 1413 76 40 Banken
406 1423 96 24 innestär;
518 1428 45 14 men
577 1423 53 19 detta
644 1421 38 36 län,
695 1419 32 23 för
742 1410 74 31 hvi'ket
