1000 1692
277 142 73 22 Nådiga
360 143 140 23 Propositionen
513 144 36 18 N:o
560 144 29 18 26.
767 146 32 18 631

62 190 60 30 rande
135 191 39 19 och
187 191 61 26 öfrige
261 192 108 20 ledamöter
383 190 29 22 för
426 193 25 20 de
465 193 63 20 medel
543 194 97 20 nämnden
649 194 65 20 under
723 195 30 19 sin
763 195 40 19 för-

62 216 86 30 valtning
162 216 47 26 haft,
225 217 74 20 så:ock
313 218 30 20 för
356 219 25 19 de
393 220 227 25 säkerhetshandlingar,
631 224 42 16 mot
682 221 78 20 hvilkas
769 227 33 14 an-

61 243 91 25 taglighet
166 244 38 18 han
218 244 44 19 icke
275 244 26 20 till
316 245 119 25 protokollet
448 245 51 26 gjort
513 246 136 26 anmärkning.

400 298 10 25 s
424 298 33 20 53.

113 334 61 25 Hvar,
190 340 45 14 som
248 334 53 20 inom
315 334 120 21 kommunen
449 336 36 20 bor
501 337 48 19 eller
565 336 30 27 sig
610 337 127 26 uppehåller,
753 344 50 14 vare

60 360 78 46 skyldig
153 363 28 17 att
196 360 48 20 inför
257 360 185 22 kommunalnämnd
457 363 29 26 sig
499 363 82 25 inställa,
597 363 24 20 då
635 364 50 20 hans
699 364 101 21 hörande
787 356 16 38 i

60 386 139 27 ordningsmål,
215 388 47 19 eller
276 388 5 19 i
295 388 90 26 ärender,
401 389 30 19 för
446 389 64 20 hvilka
520 390 38 20 han
567 390 49 20 inför
625 390 98 20 nämnden
737 392 23 19 är
768 397 33 14 re-

61 413 25 20 do
100 413 84 27 skyldig,
199 420 60 14 anses
272 414 66 26 nödigt
352 416 38 19 och
404 416 44 24 han,
464 422 70 19 genom
547 415 62 27 någon
624 417 110 20 nämndens
749 418 53 20 leda-

61 443 41 17 mot
116 441 48 19 eller
177 446 62 14 annan
253 442 21 19 af
286 441 116 21 densamma
416 442 63 21 dertill
493 443 73 20 utsedd
579 448 74 21 person
663 444 46 20 med
719 447 28 17 ett
756 444 46 20 vitt-

61 472 32 20 ne,
109 467 44 29 fyra
166 467 60 26 dagar
240 468 53 20 förut
305 468 78 20 undfått
399 469 87 20 kallelse.
516 470 109 20 Uteblifver
641 471 39 19 han
697 472 39 18 och
752 477 49 20 upp-

60 493 63 26 gifves
133 499 16 19 ej
161 494 41 25 laga
212 495 68 25 förfall,
291 500 44 15 som
344 495 80 20 styrkas
433 496 45 24 kan,
489 496 62 26 plikte
564 496 27 20 till
601 497 131 20 kommunens
741 497 60 21 kassa

60 519 34 21 två
108 521 57 19 mark
179 520 38 20 och
232 521 67 25 varde,
315 521 34 21 vid
370 522 118 20 fördubbladt
501 522 42 21 vite
556 523 21 19 af
589 523 44 26 fyra
647 523 64 26 mark,
722 524 80 26 förplik-

60 546 34 20 tad
108 549 27 18 att
149 546 10 20 å
174 552 64 15 annan
251 548 38 26 dag
302 548 32 25 sig
347 548 82 20 inställa.
460 550 38 19 Har
511 549 38 20 den
564 549 121 20 tredskande
694 550 64 20 blifvit
767 556 34 14 om

60 573 54 21 detta
134 574 110 20 nämndens
261 574 66 20 beslut
343 575 107 26 bevisligen
466 576 127 20 underrättad
611 577 38 19 och
666 576 31 26 sig
713 576 49 21 ändå
783 576 18 27 ej

60 600 77 26 inställt,
154 606 36 20 ege
204 601 96 20 nämnden
315 602 5 18 i
335 604 21 24 ty
370 602 31 20 fall
417 602 46 20 med
477 603 84 25 begäran
576 608 33 14 om
618 603 149 27 handräckning
774 604 27 20 till

60 627 38 20 den
112 628 106 19 uteblifnes
232 628 114 20 inställande
360 628 43 26 ingå
418 628 27 20 till
461 629 134 25 Guvernören,
606 629 25 26 på
640 629 62 21 hvars
711 630 90 26 pröfning

59 654 34 20 det
106 654 115 20 ankommer
235 654 98 21 huruvida
347 655 36 20 slik
397 655 85 26 begären
496 655 33 21 må
543 656 87 20 villfaras
644 656 49 20 eller
707 657 51 20 icke.

389 730 13 20 5
416 730 55 26 Kap.

133 785 31 19 Om
175 785 211 24 kommunalutskylder,
399 785 54 20 deras
464 786 83 25 uppbörd
559 786 34 20 och
604 786 127 26 redovisning.

400 826 10 26 $
425 828 31 19 54.

113 864 34 20 Till
162 865 132 19 kommunens
309 865 5 18 i
329 864 11 26 $
355 865 11 19 5
381 865 130 20 omförmälda
525 870 149 21 gemensamma
687 865 80 26 utgifter
780 866 23 19 är

62 897 23 14 en
100 891 51 20 hvar
164 891 66 26 pligtig
243 893 29 17 att
285 891 87 26 bidraga,
388 897 45 14 som
446 891 54 20 inom
509 891 125 24 kommunen,
646 891 64 20 ehvad
719 891 38 20 han
766 892 36 20 der

61 918 36 20 bor
112 918 47 20 eller
172 917 51 26 icke,
239 923 47 20 eger
300 918 47 19 eller
360 918 74 19 brukar
450 918 5 19 i
472 919 73 19 mantal
564 920 42 17 satt
620 917 45 25 jord
682 919 47 19 eller
745 921 57 17 annat

61 945 90 19 deremot
165 944 98 19 svarande
277 944 98 24 skattetal,
395 943 91 26 jordtorp
503 945 48 19 eller
567 949 62 14 annan
645 944 70 21 afskild
730 944 73 26 -jordlä-

61 971 79 26 genhet,
156 971 81 19 innebar
251 971 39 19 och
303 970 75 20 drifver
392 971 93 20 särskildt
501 970 46 26 äng-
555 970 48 20 eller
612 971 125 26 vattenverk,
748 971 55 20 idkar

62 997 119 25 bergsbruk,
198 997 134 20 manufaktur-
346 997 47 20 eller
406 997 157 24 fabriksrörelse,
575 997 77 25 handel,
663 997 103 20 handverk
776 997 28 20 el-

62 1024 30 19 ler
105 1029 62 14 annan
181 1024 52 25 loflig
246 1023 74 26 näring,
337 1023 67 20 säsom
417 1023 38 20 ock
470 1029 24 14 en
508 1025 59 23 hvar,
583 1029 43 14 som
644 1024 53 19 inom
713 1023 92 20 kommu-

61 1056 37 13 nen
113 1050 33 19 sitt
160 1051 50 18 rätta
224 1050 25 19 bo
263 1051 38 18 och
315 1050 88 20 hemvist
418 1051 35 18 har
469 1050 47 19 eller
531 1049 58 20 hafva
606 1050 35 19 bör
658 1051 39 18 och
714 1050 90 26 antingen

61 1077 21 18 af
94 1077 74 24 Staten,
184 1077 122 19 kommunen
321 1076 47 20 eller
388 1075 25 26 pä
425 1082 62 14 annan
509 1076 64 25 grund
594 1075 64 25 njuter
681 1075 61 21 sädan
765 1077 38 24 lön,

61 1103 82 25 pension
169 1103 48 19 eller
243 1103 99 24 inkomst,
371 1103 47 19 eller
441 1103 46 19 med
509 1102 70 20 arbete
604 1101 61 21 sådan
688 1101 117 27 försörjning

62 1135 53 20 eger,
139 1131 28 18 att
181 1129 50 19 hans
246 1128 128 26 sjelfbeständ
387 1129 37 19 kan
439 1134 58 15 anses
519 1129 90 26 tryggadt
630 1128 39 20 och
692 1129 51 19 hans
765 1129 40 19 för-

61 1155 58 26 måga
133 1156 42 19 fullt
189 1155 49 20 känd
253 1158 28 17 att
297 1155 3 20 i
314 1155 130 20 kommunens
458 1156 94 19 allmänna
566 1155 74 20 besvär
658 1155 86 25 deltaga;
759 1155 46 20 här-

62 1181 50 20 ifrån
131 1182 52 19 dock
199 1183 130 24 undantagen,
348 1182 39 19 den
405 1187 44 14 som
466 1181 65 20 under
547 1187 74 14 annans
640 1181 164 20 husbondevälde

63 1208 41 20 står
119 1209 37 19 och
171 1208 16 25 ej
202 1209 60 19 tillika
280 1209 82 19 innehar
376 1208 61 20 sådan
455 1208 88 26 ställning
560 1208 53 19 inom
630 1208 131 24 kommunen,
777 1210 28 17 att

63 1236 44 25 han,
123 1235 50 20 efter
187 1235 52 20 hvad
253 1235 58 20 ofvan
325 1235 58 25 sagdt
396 1236 28 23 är,
440 1234 77 20 derföre
531 1236 23 18 är
567 1235 26 19 till
608 1234 68 26 bidrag
690 1233 77 27 pliktig.

116 1261 105 20 Enahanda
235 1261 113 27 skyldighet
361 1260 74 27 åligger
449 1261 36 19 ock
500 1261 65 25 bolag.

403 1313 11 24 $
429 1314 32 18 55.

116 1351 133 20 Kommunens
263 1351 143 24 skattskyldige
421 1351 137 23 medlemmar,
574 1350 51 19 hvar
638 1350 50 19 efter
702 1349 59 20 deras
774 1350 6 18 i
795 1349 10 26 $

63 1379 25 19 54
102 1380 98 24 upptagna
209 1377 50 20 olika
269 1353 183 55 samhällsstälining
466 1377 38 20 och
518 1376 69 25 vilkor,
599 1376 61 25 skola,
671 1376 6 19 i
687 1375 34 20 det
729 1376 76 19 afseen-

62 1405 26 20 de
101 1410 76 15 samma
191 1404 10 26 $
215 1406 88 23 nämner,
319 1404 21 19 af
353 1404 83 19 särskild
454 1404 2 19 i
470 1403 199 20 kommunalstämma
683 1402 72 20 utsedd
765 1402 40 20 Ko-

62 1432 55 25 mite,
133 1432 48 20 eller
195 1431 44 24 ock,
255 1431 36 21 der
305 1430 62 21 sådan
381 1430 19 24 ej
413 1433 80 23 utsetts,
509 1431 20 20 af
542 1429 196 25 kommunalnämnä,
754 1429 51 20 efter
