1011 1686
178 139 42 32 902
399 143 71 22 Nådiga
481 142 139 22 Propositionen
632 142 36 16 N:o
681 142 28 18 30,

183 174 58 33 —
269 174 61 33 SE

236 218 168 24 Anmärkning:
421 218 92 19 Utfärdas
527 220 123 22 gemensamt
659 222 47 20 pass
719 218 30 18 för

184 250 45 14 man
243 245 38 19 och
301 245 77 24 hustru,
400 244 94 19 föräldrar
511 244 37 19 och
568 243 55 25 barn,
645 243 104 20 husbonde

184 271 47 20 eller
249 271 111 19 matmoder
380 271 38 18 och
439 270 47 19 dess
506 269 126 26 tjenstehjon,
656 270 47 19 eller
719 270 30 19 för

184 297 36 20 alla
234 297 26 20 till
278 299 29 17 ett
327 297 76 20 hushåll
421 297 86 19 hörande
521 301 107 26 personer,
650 297 99 25 begagnas

186 329 77 14 samma
276 323 64 25 karta,
356 329 43 13 som
414 323 28 18 för
457 329 47 19 pass
518 323 20 19 åt
553 328 23 13 en
591 328 79 25 person.

185 350 32 19 7:0
231 351 58 18 Pass
309 339 31 30 för
359 349 89 26 borgare,
466 350 108 19 inskrifven
595 349 6 18 i
622 349 51 19 finsk
694 349 53 24 stad,

211 379 27 16 att
253 377 62 19 vistas
332 377 5 18 i
352 361 104 46 Ryssland,
473 377 101 18 äfvensom
590 361 160 45 tillståndsbiljett

209 403 28 20 till
251 402 86 25 förlängd
353 403 81 19 vistelse
448 392 112 30 derstädes:

210 429 30 19 för
253 413 152 45 grosshandlare
426 443 39 4 ox
638 443 3 4 sn
673 443 3 4 8
708 443 3 3 a
743 443 4 4 16:
783 427 37 19 4490
870 438 26 3 —

211 455 31 19 för
255 460 64 14 annan
333 455 108 20 handlande
456 444 46 30 eller
516 443 96 31 fabrikant
638 469 110 5 00]
795 451 48 29 60;
870 465 26 2 —

212 481 29 20 för
255 487 62 14 annan
332 481 97 25 borgare.
461 497 3 3 .
796 480 25 19 15
870 490 26 3 —

185 507 33 20 8:0
232 496 253 40 Fartygsförpassning
497 496 44 31 från
551 491 161 48 Tullkammare,
722 496 28 30 äl
849 530 3 2 I

211 540 86 13 vensom
311 533 111 25 Magistrats
435 534 64 19 Folk-
512 534 47 19 eller
573 533 104 25 Sjöpass:
841 547 2 16 |

186 558 23 25 a)
222 560 30 19 för
265 548 88 31 utrikes
356 559 76 26 gående
446 560 72 25 fartyg:
539 569 3 2 -
841 564 3 13 |

344 585 61 20 finskt
419 587 38 18 och
471 586 57 25 ryskt
542 585 100 20 däckadt
633 581 13 34 .
809 585 11 18 21
872 595 21 3 —

370 620 10 9 »
490 620 10 9 »
520 607 15 34 —
542 611 96 21 odäckadt
809 611 9 19 1
871 622 25 3 —

541 638 100 21 utländskt
808 638 12 19 4
871 648 25 3 —

185 666 21 26 5)
221 665 29 19 för
265 665 73 20 inrikes
352 663 76 26 gående
441 665 74 26 fartyg:

539 691 85 20 däckadt
638 706 4 3 .
673 707 4 3 .
709 707 38 4 cc.
809 691 10 18 4
872 701 25 3 —

543 717 98 20 odäekalt
673 733 4 3 .
709 733 3 3 .
751 734 1 3 I
796 727 25 3 —
836 713 15 34 |
871 717 25 19 40

185 744 177 20 Pensionsbref:

185 771 32 19 1:o
245 771 30 18 för
289 770 163 25 afskedstagande
470 770 86 20 embets-
569 771 39 18 och
623 769 124 26 tjensteman,

211 802 44 15 som
269 796 85 21 erhäller
368 797 83 25 pension
465 803 24 14 ur
503 797 97 24 Kronans,
615 797 64 24 nägon
693 797 56 20 stads
920 809 3 5 i

211 825 47 18 eller
277 829 63 14 annan
358 823 70 20 allmän
444 824 69 23 kassa,
533 829 24 14 en
574 824 40 19 half
628 826 83 22 procent
730 824 21 19 af
841 820 3 16 H
920 816 4 17 j

211 849 188 26 pensionsbeloppet
413 850 29 19 för
457 853 28 16 ett
498 850 29 19 är.

185 876 33 20 2:0
239 876 11 20 ä
271 876 81 24 pension
366 882 24 14 ur
404 876 232 25 Krigsmanshusfonden,
654 879 51 17 samt
720 876 30 20 för

211 903 50 19 enka
276 902 37 20 och
331 902 48 20 barn
396 902 50 20 efter
464 903 89 19 embets-
569 902 47 20 eller
632 902 118 25 tjensteman

210 929 33 20 vid
260 928 78 20 landets
354 929 91 25 militär-,
464 930 66 24 civil-,
549 931 51 17 samt
617 929 134 20 ecklesiastik-

211 956 39 18 och
264 955 113 24 skolstater,
392 956 103 19 äfvensom
507 955 10 20 ä
534 955 88 26 pension,
640 961 43 14 som
699 956 51 19 enka

211 982 38 19 och
263 982 50 19 barn
327 982 72 19 erhälla
414 988 24 13 ur
451 982 25 19 de
490 982 20 19 af
521 981 141 26 borgerskapet
676 982 4 19 i
696 983 54 18 vissa

211 1008 67 19 städer
289 1007 95 20 inrättade
393 1007 196 25 understödskassor,
598 1009 34 18 äro
640 1008 29 19 för
676 1010 75 23 stämp-

210 1034 39 19 ladt
263 1039 75 20 papper
352 1034 41 25 fria,
410 1034 82 25 enligt
486 1030 15 33 $
508 1035 24 19 14
546 1039 54 14 mom
615 1035 32 18 16.

185 1059 33 20 3:0
232 1061 37 18 För
283 1060 35 20 alla
332 1060 60 25 öfriga
407 1065 95 20 personer
515 1061 21 19 af
548 1060 51 20 hvad
614 1066 58 14 namn
681 1060 24 20 de
716 1066 34 14 va-
841 1062 3 24 i

210 1091 22 14 ra
246 1086 33 19 mä
293 1088 52 17 samt
357 1087 63 19 ehvad
435 1087 107 24 pensionen
554 1086 56 25 utgår
621 1093 22 12 ur
652 1087 96 24 Kronans,
841 1089 3 23 i

211 1112 63 24 nägon
289 1111 54 21 stads
358 1113 46 18 eller
418 1118 62 14 annan
494 1113 70 19 allmän
578 1113 66 24 kassa,
659 1114 35 18 när
704 1118 46 20 pen-

211 1138 68 20 sionen
293 1138 47 20 eller
357 1138 129 20 understödet
503 1138 117 25 öfverstiger
637 1139 38 20 200
693 1139 57 19 mark

212 1164 29 19 för
255 1164 49 25 äret,
321 1166 12 17 4
347 1168 82 22 procent
442 1165 22 19 af
474 1165 47 19 dess
531 1166 78 24 belopp.

184 1190 187 26 Privilegiebref
384 1192 38 18 och
431 1191 264 25 tillständsresolution,
707 1197 43 15 som

211 1218 20 18 af
247 1218 85 18 Senaten
350 1217 47 19 eller
417 1217 148 20 vederbörande
586 1217 115 25 myndighet
719 1221 31 16 ut-

211 1242 75 20 färdas:

185 1268 32 20 1:0
232 1268 26 20 till
273 1268 118 26 anläggande
407 1269 21 19 af
440 1268 58 25 berg-
511 1270 38 18 och
564 1268 184 24 manufakturverk,

211 1294 64 20 fabrik
289 1295 47 19 eller
348 1300 64 14 annan
427 1294 60 20 sådan
507 1295 110 25 inrättning,
640 1294 47 20 bok-
701 1295 50 20 eller

211 1321 139 25 stentryckeri,
367 1320 117 25 bokhandel,
495 1321 85 20 böckers
590 1321 38 19 och
642 1320 107 27 tidningars
840 1322 3 24 H

211 1347 119 25 utgifvande,
346 1347 102 20 äfvensom
463 1348 26 20 till
504 1348 100 19 drifvande
617 1347 20 19 af
649 1347 102 20 landthan-

211 1373 39 25 del,
266 1374 110 19 handtverk
390 1374 46 19 eller
451 1380 61 14 annan
526 1375 74 25 näring,
617 1374 45 19 med
676 1374 75 20 undan-

212 1403 32 22 tag
253 1400 21 19 af
281 1400 52 25 dem,
346 1405 42 15 som
399 1401 35 19 här
443 1401 105 20 nedanföre
560 1402 121 22 omnämnas,
692 1400 58 20 skrif-

213 1431 34 14 ves
265 1427 49 19 efter
333 1426 190 27 omstänligheterne
545 1427 37 19 och
602 1427 147 26 anläggningens
