3360 3213
245 335 129 27 Utskottets

232 376 159 41 betänkande.

503 373 171 33 Ridderskapet
692 372 44 27 "och
747 357 90 41 Adeln,

916 33 103 14 Spree
1062 33 61 3 ee

939 377 47 33 E
1079 367 182 29 Presteständet.
1280 384 34 12 <:
1352 378 30 16 >.

2470 25 108 14 pommin
2829 25 4 1 =
3142 25 34 3 =

1571 364 207 34 Borgareständet,
1792 380 2 2 :

2082 337 182 61 Bondeständet.
2272 388 3 2 :

2491 368 1 13 |
2556 350 2 2 >
2603 359 130 30 Utskottets
2746 358 364 34 .sammanjemkningsförslag.
3132 342 37 3 +
3192 340 37 6 N

213 475 57 25 5.49,
287 480 19 19 p.
323 474 32 19 35.

325 606 31 20 35.

326 660 31 20 36.

214 607 10 26 $
240 596 31 36 51,
288 612 19 20 p.

216 660 10 26 S
241 660 31 26 53,
289 665 19 21 p.

217 740 10 26 $
242 740 31 25 54,
289 745 20 20 p.
326 741 32 19 40.

217 792 10 26 $
242 793 67 30 58,
288 782 27 45 p.
325 793 33 19 41.

217 846 9 26 $
237 841 37 31 60,
289 851 20 20 p.

325 847 33 19 41.

221 1006 8 26 $
239 994 38 37 62,
293 1011 19 22 p.
329 1006 32 19 42.

221 1139 10 26 $
245 1140 32 24 64,
293 1144 20 20 p.

223 1192 9 26 S
247 1193 32 25 66,
293 1198 20 20 p:
328 1203 33 7 44.

223 1326 10 25 $
247 1326 32 24 68,
296 1331 18 20 p.

271 2205 113 21 Utskottets

253 2233 66 25 tillägg
333 2239 20 19 p.
370 2233 32 19 50.

224 1617 24 26 SS
262 1617 87 32 72—T4,
358 1613 20 29 p.
388 1617 32 25 46.

226 1746 9 29 $
251 1751 30 23 81,
299 1751 18 23 p.
325 1742 125 25 48%]

438 621 2 3 ;
452 604 59 20 Förra
526 594 123 39 alternativet
659 602 21 20 af
687 594 61 28 Mom.
757 601 19 19 2.
799 593 2 4 -

452 657 60 19 Förra
526 656 131 20 alternativen.

453 738 74 19 Senare
541 736 129 20 alternativet.

461 1482 118 20 Godkändes
593 1481 46 20 med
653 1482 64 24 tillägg
731 1481 21 19 af
765 1480 24 20 de
803 1479 33 20 två
848 1486 70 13 senare

443 1535 115 26 positionen,

464 1746 43 20 Med
521 1726 92 43 afsednde
627 1744 10 21 å
652 1745 37 20 den
705 1745 80 25 ändring
795 1745 24 19 de
829 1745 35 18 här
875 1743 66 20 åbe-
926 1739 18 35 ||

446 1772 73 26 ropade
533 1771 74 28 lagrum
621 1772 56 20 torde
692 1772 79 19 komma
786 1773 27 18 att
825 1769 94 26 undergå,

446 1799 61 20 borde
524 1788 62 38 denna
600 1799 10 25 $
625 1799 71 19 ändras
714 1799 81 24 derhän,
811 1799 28 18 att
853 1797 68 25 förgri-

446 1827 65 24 pelser
532 1823 51 23 emöt
603 1810 240 45 kommunaltjensteman,
865 1824 5 19 i
885 1824 37 19 och

447 1853 29 19 för
496 1853 47 20 dess
564 1852 118 26 befattnings
697 1851 58 26 skull,
771 1851 91 25 beläggas
877 1850 44 19 med

447 1885 76 19 samma
543 1883 77 25 ansvar,

447 1902 53 33 emot
514 1895 123 40 tjenstemän,
644 1905 5 19 i
667 1905 108 20 allmänhet
791 1903 85 26 stadgar.

465 1933 83 19 Gillades
562 1938 24 14 de
600 1932 4 19 i
619 1931 148 26 propositionen
779 1919 87 37 antagna,
877 1935 45 14 men

447 1960 20 19 af
479 1959 94 26 utskottet
580 1959 113 20 förbisedda
701 1940 171 48 bestämningarne
880 1957 43 19 der-

447 1992 39 19 om,
503 1989 27 16 att
544 1981 36 41 den
594 1985 100 20 blifvande
711 1973 139 36 förordningen
863 1983 6 20 i
883 1985 40 18 äm-

448 2003 38 30 net
501 2013 44 19 icke
566 2008 62 25 skulle
645 2013 34 24 äga
698 2011 117 26 tillämpning
829 2010 25 26 på
869 2010 55 20 kom-

448 2045 93 14 munerna
556 2039 4 19 i
571 2023 144 46 Lappmarken,
728 2040 51 17 samt
789 2040 28 17 att
826 2039 50 17 räst-'
887 2038 36 18 och

448 2092 144 31 Öfverläggning
613 2091 11 20 å
645 2091 162 20 socknestämma
821 2092 102 24 upprättas

448 2119 56 20 innan
525 2119 136 25 författningen"
683 2118 57 26 ginge
757 2118 5 19 i
777 2117 148 26 verkställighet

449 2227 56 26 dring
525 2226 21 20 af
564 2227 57 34 Mom.
645 2227 12 18 4
679 2229 28 16 att
725 2225 5 20 i
745 2226 64 19 stället
823 2225 29 18 för
868 2226 57 23 «äger

450 2239 126 45 underställa|
589 2253 72 26 förslag
682 2252 61 31 dertill
765 2247 129 34 Guvernörens
914 2251 10 20 i

450 2278 52 32 länet
522 2263 92 43 pröfning,
638 2267 39 32 och
697 2278 32 20 må
751 2279 129 19 Guvernören
895 2283 31 14 om

451 2308 38 19 han.
509 2303 93 24 finnerj»
601 2299 7 37 ;
617 2312 17 13 0.
659 2312 16 14 s.
700 2311 18 14 v.
741 2305 64 20 skulle
825 2304 34 20 det
881 2305 44 18 heta

451 2337 60 22 «äger
534 2334 40 19 und
563 2320 91 43 derställa
679 2333 102 24 förslaget:
791 2329 99 34 pröfning:
909 2330 18 20 af

451 2347 131 49 Guvernörer)
591 2361 6 18 i
611 2360 57 30 länet,
692 2347 78 32 hvilken
787 2358 39 25 mä,
843 2364 32 13 om
890 2359 35 18 han

451 2385 82 27 finner,»
549 2393 50 13 0.is.
616 2393 19 12 v.

443 1514 82 14 momm.
548 1508 20 20 af
586 1514 76 14 samma
676 1508 11 26 $
701 1508 6 19 i
722 1507 48 20 den:
786 1506 73 26 Näliga
873 1508 45 24 pto-
941 1528 4 5 |:

643 1884 45 14 som
702 1879 31 24 lag
747 1867 32 30 om
793 1877 129 26 förbrytelser
939 1885 2 3 |;

447 2065 178 31 debiteringsiängd
639 2065 29 19 för
687 2065 122 19 kommunen
819 2063 62 20 borde
892 2062 40 22 vid!

449 2147 38 19 och
506 2145 51 26 tjena
573 2145 26 20 till
615 2138 110 27 rältesnöre
739 2145 64 20 under
817 2144 33 20 det
864 2137 60 26 första

449 2169 49 34 året.
885 2175 2 3 5

467 2200 123 25 Godkändes;
607 2199 52 20 med"
680 2199 38 20 den
735 2198 112 20 redaktions
862 2198 63 19 förän-
941 2200 2 2 |!

939 460 13 40 1.
949 464 39 22 Vid
1008 464 63 20 denna
1085 464 10 32 $
1109 464 62 20 borde
1185 464 85 29 tilläggas
1285 464 50 19 efter
1349 462 60 20 första

939 487 103 30 meningen:
1060 490 37 26 «pä
1113 492 38 18 sätt
1164 491 70 19 härom
1247 490 6 19 i
1267 490 10 25 $
1292 491 24 19 76
1333 491 78 18 närma-

934 522 21 24 te
969 518 100 28 stadgas,»
1085 518 39 19 och
1138 518 4 19 i
1157 516 68 26 början
1238 516 21 20 af
1266 516 60 20 andra
1336 516 75 19 menin-

934 541 35 30 gen
991 545 56 19 ordet
1068 544 68 20 «Han»
1157 544 81 26 utbytas
1259 546 54 16 emot
1328 542 82 21 «Ordfö-

935 571 92 20 randen.»

939 595 60 52 jääkn
1013 597 46 21 med
1072 597 144 25 Ridderskapet
1230 597 38 19 och
1285 596 67 20 Adeln.

939 650 2 2 |
951 652 60 19 Förra
1025 650 123 20 alternativet
1161 650 27 20 till
1198 650 59 20 Mom.
1268 650 12 20 2
1291 650 39 19 och
1340 654 71 15 senare

942 678 18 20 ill
974 678 59 20 Mom.
1050 678 36 26 3.
1313 693 2 2 ;

952 733 74 19 Senare
1040 732 130 19 alternativet.

953 840 67 19 Denna
1034 838 9 26 $
1058 838 61 21 borde
1139 837 132 21 underkastas
1289 836 39 20 den
1342 836 71 20 redak-

944 866 43 20 ions
1006 865 118 25 förändring,
1148 870 44 14 som
1206 864 20 20 af
1242 863 91 21 ständets
1347 863 67 20 beslut

946 893 23 30 id
983 892 10 26 $
1007 893 24 19 18
1046 892 120 26 päkallades.

941 1409 4 14 I

941 1426 3 19 i
1347 1452 2 2 y

940 1467 5 42 i
959 1479 46 19 Lika
1019 1478 46 20 med
1079 1478 143 25 Ridderskapet
1237 1477 38 19 och
1290 1476 68 20 Adeln.
1380 1491 1 4 «+

937 1506 8 28 ja
1095 1516 1 4 N
1197 1509 6 22 E:
1314 1517 3 5 >

941 1534 3 21 i

941 1560 3 14 i

940 1586 8 57 |
960 1610 105 22 Innchållet
1086 1611 21 19 af
1126 1610 20 25 $$
1164 1611 78 18 72—74
1258 1609 64 20 skulle
1336 1613 84 21 gruppe-

943 1642 31 15 ras.
997 1637 66 19 såsom
1078 1638 5 17 i
1093 1636 112 30 Kejserliga
1226 1635 194 31 propositionens
1397 1631 27 39 SS

944 1665 23 18 72
989 1663 38 20 och
1050 1663 47 19 73:i
1109 1661 48 31 följd
1173 1662 70 19 hvaraf
1256 1661 10 25 $
1281 1661 59 20 75:af
1352 1661 70 19 betän-

944 1690 71 20 kandet
1029 1689 66 20 blefve
1108 1689 6 19 i
1128 1683 138 50 nummerföljd
1288 1687 10 26 $
1319 1688 31 24 74,
1368 1693 18 14 0.
1402 1693 16 14 s.

938 1723 24 15 Vi
979 1717 50 36 ända
1039 1712 30 34 till
1085 1716 46 37 slut.

1453 598 59 19 Mom.
1524 598 113 23 2.uteslöts.—
1684 592 3 26 i

1454 651 74 19 Senare
1543 650 134 20 alternativen.
1684 650 3 15 |

1454 731 59 19 Förra
1528 730 128 20 alternativet.

1461 1459 78 42 Antogs
1543 1466 53 29 "med
1608 1470 118 30 uteslutning
1740 1474 20 20 af
1773 1479 23 14 en
1810 1473 30 20 del
1857 1478 61 14 mom.

1444 1507 44 14 som
1508 1502 90 23 betingas
1618 1501 21 19 af
1658 1500 36 20 den
1709 1500 5 19 i
1731 1500 7 26 $
1756 1501 24 19 14
1798 1500 74 20 skedda
1886 1501 34 18 än-

1444 1528 87 30 dringen,
1554 1530 52 18 samt
1625 1527 46 20 med
1690 1527 65 30 tillägg

1444 1555 49 20 sista
1513 1560 62 14 mom.

1445 1582 90 19 sitionen.

1776 1527 21 19 af
1815 1526 25 20 de
1858 1527 62 25 begge

1598 1554 26 20 till
1638 1554 64 38 Jenna
1715 1554 10 25 $
1739 1554 5 19 i
1758 1552 74 27 Näliga
1846 1553 74 25 Propo-

1466 1919 46 27 Likä
1527 1918 45 27 med
1587 1925 141 26 Ridderskapet
1743 1925 37 19 och
1796 1924 67 20 Adeln.

1955 592 47 20 Lika
2016 592 46 20 med
2076 590 169 27 Borgareständet.

1956 646 46 20 Lika
2016 645 46 20 med
2076 644 156 20 Presteständet.

1956 727 73 19 Senare
2042 725 130 21 alternativet.

1956 779 74 24 Antogs
2045 778 45 19 med
2104 778 64 31 tillägg
2183 783 32 14 om
2226 776 130 29 tjenstehjons
2367 777 50 19 röst-

1938 807 44 23 rätt,
1999 805 96 26 grundadt
2105 804 24 26 pä
2141 804 89 20 ständets
2240 802 105 21 redaktion
2353 804 19 18 af
2379 803 9 25 $
2396 804 18 19 9.

1950 822 150 41 «September»
2123 832 63 20 skulle
2207 831 83 26 utbytas
2305 832 53 17 emot
2373 830 44 19 «Ja-

1938 856 63 32 nuari.
1998 867 17 21 >

1958 991 112 22 December
2083 992 63 21 borde
2160 991 101 21 förändras
2272 991 26 19 till
2312 990 87 20 Januari.

1959 1123 103 24 Ändrades
2076 1126 6 20 i
2096 1125 88 25 enlighet
2197 1124 46 20 med
2253 1123 114 21 Statsrådet
2381 1129 39 31 von

1941 1154 61 19 Borns
2016 1153 69 25 afgifna
2103 1152 129 20 reservation.

1959 1179 51 21 Frän
2024 1167 62 32 denna
2100 1178 10 26 $
2125 1178 61 21 borde
2200 1177 54 26 utgä,
2267 1176 53 20 hvad
2331 1182 44 14 som
2385 1150 36 46 föl-

1940 1206 32 26 jer
1992 1206 50 20 efter
2062 1206 58 20 ordet
2134 1204 133 26 «rästlängd,»
2284 1204 38 19 och
2336 1203 6 19 i
2357 1203 64 19 stället

1943 1233 80 25 stadgas
2044 1235 28 17 att
2088 1232 202 20 kommunalstämma
2305 1230 55 20 eller
2365 1229 56 20 kom-

1942 1258 186 26 munalfullmäktige
2149 1260 36 24 äga
2189 1253 14 35 ::
2205 1260 69 23 antaga
2289 1257 132 25 lämplig:per-

1943 1292 36 14 son
1994 1288 28 18 att
2035 1273 137 39 utskylderna
2178 1272 91 32 indrifva.

1962 1313 136 29 «December»
2120 1312 64 19 skulle
2204 1311 83 25 utbytas
2304 1312 53 17 emot
2371 1298 50 41 Sep-

1942 1340 78 20 tember
2033 1339 39 19 och
2086 1338 5 20 i
2106 1338 64 20 stället
2180 1334 38 47 för.
2235 1336 161 45 SSEptembatart
2393 1336 28 19 in-

1943 1368 61 33 sättas
2019 1361 87 47 Januari.
2117 1383 1 3 ;
2351 1379 46 5 va

2224 1422 71 17 davrå
2352 1428 27 10 15.

1961 1472 47 20 Lika
2022 1472 47 20 med
2082 1470 146 26 Ridderskapet
2241 1471 39 19 och
2294 1469 69 21 Adeln.

1969 2191 37 19 Det
2026 2191 20 19 af
2065 2189 96 21 utskottet
2175 2188 106 27 tillstyrkta:
2293 2188 135 26 slutstadgan-

1950 2217 26 20 de
1989 2216 99 33 angäende
2106 2216 52 21 tiden
2172 2217 30 19 för
2218 2216 115 19 kommunal
2348 2204 80 31 Törvalt-

1951 2245 81 24 ningens
2043 2243 25 26 pä
2078 2243 65 20 landet
2157 2243 102 20 ordnande
2271 2242 78 25 jemlikt
2359 2241 88 26 ifräga-
2436 2237 15 36 |:

1951 2271 85 19 varande
2051 2271 72 24 förslag
2137 2270 41 20 blef
2190 2270 21 19 af
2224 2269 78 20 ständet
2315 2269 46 19 icke
2375 2257 55 31 anta-

1952 2299 38 24 get,
2006 2299 46 18 utan
2066 2284 63 32 skulle
2142 2297 6 18 i
2162 2296 48 20 dess
2225 2296 56 26 ställe
2295 2295 73 20 införas
2382 2295 48 20 slut-

1952 2311 106 38 stadgande
2079 2323 21 20 af
2118 2323 34 20 det
2172 2321 91 27 innehåll,
2286 2324 29 17 att
2332 2322 33 19 det
2379 2321 50 26 finge

1952 2350 104 20 ankomma
2077 2349 24 26 på
2123 2349 70 25 hvarje
2217 2338 108 30 kommuns
2349 2332 81 49 godtfin-

1952 2377 64 20 nande
2037 2379 33 23 :att,
2093 2377 35 18 när
2148 2377 37 19 den
2207 2381 58 14 anser
2285 2375 34 20 det
2335 2374 93 26 lämpligt,

1954 2403 60 20 ordna
2028 2403 30 20 sin
2067 2389 233 43 ”kommunalförvaltning
2315 2402 4 3 i
2314 2408 5 13 i
2330 2401 101 20 öfverens-

2460 590 21 20 Ri
2495 579 114 42 derskapet:
2616 570 45 40 EN
2668 573 70 42 Adeln,

2440 1380 2 3 ;
2463 1360 66 26 Mom
2533 1362 18 19 1.

2466 1594 162 26 Ambndementet
2643 1584 70 53 endast
2723 1584 82 40 ahtäget
2819 1599 26 36 af
2853 1587 27 40 o
2891 1586 75 41 stånd,
2965 1594 70 40 torde
3049 1598 49 19 böra
3112 1583 81 34 förfalla.

2459 449 208 38 Amendementerna,;
2675 449 92 38 antagna.
2772 454 70 21 endast
2855 454 21 20 af
2886 453 115 27 ett:ständ,;
3010 454 57 21 torde
3080 455 48 19 böra
3138 455 94 28 förfalla.:

2761 577 41 32 amt
2811 570 150 44 prösteståndet
2969 588 92 42 inbjuda
3071 590 28 18 att
3109 572 68 36 förena
3188 589 29 26 sig
3227 573 46 35 med

2441 616 163 26 Borgareståndet
2619 617 37 19 och
2670 606 154 35 Bondeståndet.
2871 616 40 19 U

2459 643 57 19 Förra
2531 643 124 26 alternativet
2663 643 44 26 till
2701 639 9 34 -
2707 639 60 44 Mom.
2784 643 11 19 2
2812 639 55 23 samt
2878 635 69 27 senare
2959 627 128 46 alternativet
3100 642 27 20 till
3141 643 59 30 Mom.
3217 642 10 20 3
3239 643 33 19 äro

2442 672 43 17 anta;

2442 696 75 20 låtande
2525 686 64 30 deraf
2595 692 54 24 böra
2664 684 64 32 bero.

2459 716 73 27 Senare
2554 723 130 24 alternativet,
2707 724 76 24 antaget
2803 723 22 23 af
2843 724 30 25 tre
2888 701 65 46 stånd,
2959 712 66 30 "torde
3040 711 47 31 böra
3101 724 70 24 utgöra
3187 722 86 20 Riksens

2441 751 90 29 ständers
2545 749 105 20 utlåtande.

2459 771 153 39 Amendementet
2635 776 71 33 endast
2711 771 126 39 ,understödt.
2845 761 30 44 a
2881 777 32 28 ett
2924 774 66 30 stånd,
3006 774 58 20 torde
3077 774 52 32 böra
3135 773 94 33 förfalla.

2459 828 27 20 På
2494 824 67 31 grund
2575 824 56 24 deraf
2641 830 30 18 att
2685 824 104 24 utskottet
2793 823 103 25 förördadt
2909 819 38 29 den
2961 816 78 43 lydelse
3052 828 21 19 af
3085 827 44 25 $18
3137 832 44 14 som
3187 819 86 27 Preste-

2443 853 77 23 ståndet
2540 852 80 39 antagit,
2643 855 29 20 får
2680 852 101 23 utskottet
2795 855 148 19 vördsammast
2954 854 88 21 föreslå”
3040 857 34 28 att
3087 855 60 19 Mom.
3165 855 10 18 1
3191 854 20 19 af
3223 854 51 19 före-

2442 882 85 26 varande
2541 882 11 26 $
2565 882 33 19 mä
2613 872 79 30 erhålla”
2701 879 90 31 följande
2800 881 85 27 lydelse:
2927 900 4 3 >.
2958 896 1 3 +

2461 905 79 23 Utgifts-
2554 909 45 25 och
2605 906 163 28 inkomstförslag
2779 904 47 24 böra
2841 913 48 14 vara
2895 905 30 22 så
2935 907 63 26 tidigt
3009 904 122 29 uppgjorda,
3154 909 28 17 att
3195 906 79 20 desam-

2443 941 31 14 ma
2508 936 19 20 vid
2547 935 52 19 den
2595 932 118 23 "ordinarie
2707 928 10 38 '
2719 923 205 37 kominunalstämmä,
2945 940 44 14 som
3002 934 65 30 under
3083 934 71 19 hösten
3169 932 70 26 hvarje
3253 933 20 19 är

2443 962 66 25 hålles,
2526 961 32 20 mä
2573 962 64 19 kunna
2652 962 25 20 till
2693 961 118 26 granskning
2825 962 124 24 framläggas.
3024 961 1 3 |

2461 988 22 20 På
2496 983 3 32 |
2506 978 50 35 skäl,
2579 994 44 14 som
2637 988 32 20 vid
2683 989 11 25 $
2709 988 25 20 60
2749 988 80 25 anförts,
2845 987 84 38 föreslås
2944 974 149 33 vördsammäst
3107 986 82 25 följande
3204 986 71 20 redak-

2443 1016 40 19 tion
2496 1008 19 27 af
2527 1021 71 13 senare
2604 1016 66 23 Mom:

2461 1037 53 40 Efter
2528 1032 103 41 förloppet
2639 1041 20 22 af.
2671 1041 62 31 denna
2747 1040 34 31 tid,
2789 1041 54 19 skola
2857 1021 107 46 [körerna
2976 1040 33 20 vid
3023 1040 38 20 den
3076 1040 98 20 ordinarie
3184 1040 92 19 kommu-

2443 1063 121 29 nalstämma,
2577 1068 54 19 soin'
2639 1066 72 27 ärligen
2738 1062 54 43 nde”
2804 1065 79 40 vintern:
2889 1056 73 48 hålles,
2977 1062 32 44 till”
3020 1067 83 33 allmänn
3115 1066 118 26 granskning
3247 1066 29 19 fö-

2443 1095 88 26 reläggas
2546 1100 17 14 0;
2580 1091 111 23 sitviset!

2462 1121 167 37 Amendemenitöt,
2639 1118 122 23 undérstödt
2787 1101 62 57 ndast
2854 1120 31 40 ar
2891 1120 37 37 ett
2934 1099 64 57 stånd,
3011 1120 59 37 torde
3084 1120 49 20 böra
3147 1120 82 19 förfalla.

2607 1148 57 12 Fed
2677 1144 34 23 "Yå
2759 1147 23 16 L

2463 1154 174 52 Ambndementet;:
2646 1152 78 52 antaget
2741 1156 79 38 vädest"
2822 1164 24 40 af"
2855 1156 30 37 ett
2893 1155 70 51 stånd,
2979 1175 66 35 torde"
3049 1153 51 45 pora
3115 1168 80 43 förfalla.

2498 1205 3 21 i
2705 1223 2 3 ,
3043 1206 2 3 ;

2498 1225 6 29 k
2520 1241 3 4 i
2689 1222 81 23 ak

2455 1294 34 34 På
2499 1292 52 42 skäl,
2567 1313 44 14 som
2626 1308 58 19 ofvan
2698 1288 37 38 vid.
2741 1304 14 28 '$
2769 1308 25 19 60
2809 1306 74 20 anförts
2897 1306 84 39 föreslås
2991 1301 84 34 följande
3087 1301 103 47 redaktion
3201 1306 20 19 af
3231 1305 47 35 den-

2447 1341 24 13 na
2485 1335 20 30 $i

2581 1350 73 33 Sedan
2666 1350 25 30 de
2706 1350 23 30 af.
2737 1348 42 32 den
2793 1338 206 52 kommunalstäinmä,
3017 1364 44 14 som
3074 1343 69 42 under
3147 1338 84 51 vinterh
3242 1343 36 35 bör

2582 1387 69 25 hällas,.
2666 1387 85 19 utsedde
2765 1387 107 25 revisorer,
2889 1392 18 14 0.
2923 1392 17 14 s..
2957 1392 19 14 v.

2447 1406 9 29 -
2470 1416 49 22 Mom
2533 1415 20 20 2.
2582 1415 41 19 Har
2636 1404 33 30 vid
2683 1413 160 28 räkenskaperna
2857 1424 27 3 —
2897 1424 26 3 —
2937 1424 27 4 —
2977 1424 27 3 —
3018 1414 52 18 samt
3084 1412 26 20 till
3122 1412 38 20 den
3170 1412 63 19 under
3244 1412 35 19 hö-

2500 1447 50 19 jun
2583 1444 42 16 Sten
2643 1440 134 24 inträffande,
2782 1446 18 14 0.
2817 1446 16 17 s.
2849 1446 20 13 v.

2464 1457 173 41 Borgareständets
2659 1464 137 32 amendement
2816 1466 130 26 i'anledning
2960 1466 21 19 af
2994 1465 91 20 ständets
3102 1465 66 19 beslut
3182 1464 33 20 vid
3230 1464 9 26 $
3255 1465 23 19 14

2447 1495 56 19 torde
2515 1495 48 19 böra
2577 1493 79 26 förfalla,
2673 1488 110 30 hvarjemte
2797 1493 97 19 utskottet
2907 1480 39 32 bör
2957 1493 86 30 upplysa
3058 1494 28 17 att
3096 1491 40 20 de
3130 1487 11 40 i
3147 1491 132 19 betänkandet

2447 1521 85 26 saknade
2546 1526 60 14 mom.
2623 1520 20 20 af
2653 1510 64 30 denna
2732 1520 16 25 $,
2764 1519 62 20 sådan
2841 1519 37 20 den
2893 1519 70 27 lyder
2959 1513 12 37 i
2975 1518 74 26 Nådiga
3060 1518 154 26 propositionen,
3229 1517 51 25 jem-

2448 1548 30 20 väl
2494 1544 56 29 enligt
2563 1547 108 19 utskottets
2686 1546 50 26 åsigt
2750 1546 59 20 bordt
2822 1546 73 26 inflyt>,
2911 1552 46 14 men
2971 1546 33 19 vid
3015 1544 138 26 expeditionen
3165 1534 108 36 förbigåtts.

2466 1723 163 35 Ainendementet.
2643 1724 83 37 antaget.
2735 1722 104 36 endast
2813 1718 23 44 af
2851 1732 28 21 ett
2893 1729 64 26 stånd,
2970 1729 60 26 torde
3048 1730 47 19 böra
3112 1729 81 20 förfalla.

2495 1781 6 12 8
2538 1789 8 3 lea
2582 1789 16 2 Na
2683 1782 9 9 5
2756 1777 83 14 SAMIA

2468 1918 148 21 Presteständet
2638 1920 51 17 samt
2710 1917 145 20 Bondeständet
2868 1916 90 25 inbjudas
2972 1919 29 18 att
3015 1917 66 19 förena
3097 1917 28 25 sig
3139 1916 46 19 med
3200 1915 82 20 Ridder-

2451 1947 68 24 skapet
2540 1945 38 20 och
2599 1944 62 20 Adeln
2676 1947 51 17 samt
2740 1943 170 26 Borgareständet,
2927 1943 101 26 angående
3042 1943 133 26 upptagandet
3189 1943 20 18 af
3221 1943 60 19 dessa

2450 1972 125 32 stadganden,
2591 1971 66 20 hvilka
2671 1971 44 20 frän
2729 1971 34 33 det
2777 1959 18 36 å
2812 1971 87 19 svenska
2913 1958 90 52 språket)
3016 1970 70 26 afgiina
3101 1969 124 31 betänkande
3236 1966 46 39 blif-

2445 2000 34 31 vit
2493 1998 116 42 uteglonila.

2473 2034 23 27 sy

2498 2067 4 9 i

2497 2077 28 18 k:

2497 2098 4 15 !

2498 2157 4 24 i
3208 2139 34 30 PA

2471 2178 32 36 Då
2519 2186 128 20 förevarande
2669 2186 20 19 af
2707 2185 101 20 Utskottet
2821 2185 108 26 föreslagna
2944 2184 65 32 tillägg
3025 2183 64 22 blifvit
3104 2183 35 20 till.
3145 2165 106 41 innehället
3265 2181 20 19 af

2454 2217 29 26 tre
2496 2207 63 32 iständ
2580 2213 105 26 godkändt,
2701 2212 55 20 torde
2771 2210 58 28 något
2842 2212 93 19 afseende
2949 2211 11 20 å
2974 2205 157 27 bondeständets
3143 2207 141 29 amendement

2445 2240 36 26 +ej'
2492 2236 66 25 kunna
2576 2241 68 24 fästas,
2667 2229 92 30 hvarföre
2779 2224 144 47 Ridderskapet
2940 2239 38 19 och
2993 2238 60 20 Adeln
3067 2231 92 44 inbjudäs
3173 2237 28 18 att
3214 2233 69 26 frängä

2454 2268 84 33 beslutet
2549 2267 34 20 om
2589 2256 118 35 "förändring
2724 2306 3 1 i
2723 2266 6 19 i
2743 2265 127 20 redaktionen
2885 2265 20 20 af
2917 2266 58 37 Mom.
3086 2281 3 3 ;

1954 2430 114 19 stämmelse
2082 2430 46 19 med
2142 2429 84 20 berörda
2244 2418 79 35 förslag.
