1070 1689
175 140 43 21 1182
386 141 72 22 Nådiga
469 141 140 24 Propositionen
622 141 36 18 N:o
670 142 28 18 38.

172 190 57 20 mark
247 189 24 27 på
289 191 75 19 kannan
381 191 44 19 icke
444 197 59 13 anses
520 191 138 23 öfverdrifven,
678 197 52 18 men,
748 190 25 20 då
792 191 102 19 bränvinet
911 190 5 20 i

172 217 137 25 angränsande
328 217 69 20 länder
421 220 22 17 är
464 216 59 26 något
539 217 54 26 lägre
612 217 120 24 beskattadt,
752 217 29 19 för
797 217 34 19 det
848 218 70 19 närva-

173 243 61 20 rande
254 243 52 20 dock
327 243 90 19 utmärka
438 243 37 20 den
497 245 64 24 gräns,
583 243 36 20 der
639 243 147 26 försigtigheten
805 242 70 26 bjuder
890 245 29 18 att

173 272 75 17 stanna.
278 270 40 19 Den
333 269 103 26 anledning
455 270 25 19 till
496 270 115 25 smuggling,
630 275 44 14 som
691 270 5 19 i
710 270 38 19 den
762 271 61 24 högre
838 270 86 19 skatten

172 295 67 20 kunde
252 296 113 24 förefinnas,
381 296 130 24 undanrödjes
526 297 25 19 till
563 296 32 20 det
606 299 62 16 mesta
678 302 32 13 om
721 296 147 25 tillverkningen
880 297 38 18 och

173 321 138 27 försäljningen
331 322 109 25 beskattas,
463 322 24 19 då
508 322 113 25 försäljaren
638 321 11 20 å
667 323 199 24 tillverkningsstället
880 323 37 19 kan

173 348 74 21 erhålla
263 355 59 13 varan
336 349 96 26 betydligt
447 349 93 25 billigare,
557 349 22 19 så
593 349 55 24 länge
656 349 29 19 för
692 349 114 19 densamma
816 349 42 19 hela
867 349 51 19 skat-

172 375 115 25 tebeloppet
301 377 53 17 ännu
369 376 45 18 icke
429 375 63 20 blifvit
506 375 82 25 erlagdt.

226 401 27 20 På
269 401 33 20 det
316 401 79 20 skatten
410 401 44 19 med
469 402 33 19 full
517 402 93 19 säkerhet
624 401 42 20 från
680 401 69 25 hvarje
764 401 91 20 bränneri
870 401 47 20 skall

173 427 47 26 utgå
242 429 21 18 är
285 427 33 20 det
336 427 66 26 nödigt
418 431 27 16 att
461 428 37 19 den
512 428 5 19 i
531 428 80 20 förhand
626 429 89 24 erlägges
728 428 30 19 för
772 433 25 14 en
811 428 107 26 uppgifven

174 454 71 26 mängd
260 454 92 24 bränvin,
368 460 44 13 som
426 454 63 20 under
498 460 25 14 en
534 455 41 19 viss
582 455 85 26 tidrymd
676 455 91 19 kommer
773 457 29 17 att
810 454 107 20 tillverkas.

228 480 29 20 Dä
278 481 38 19 den
337 481 64 19 större
419 482 46 18 eller
480 481 77 20 mindre
570 482 140 25 noggrannhet,
727 481 96 19 hvarmed
837 481 83 20 bränne-

174 508 78 19 riernas
273 507 207 26 tillverkningsbelopp
501 508 38 19 kan
559 509 88 23 utrönas,
669 508 78 19 utöfvar
768 507 105 26 inflytande
886 507 33 26 -pä

175 534 157 26 skattebeloppet
347 534 39 19 och
399 534 47 19 dess
460 534 64 26 billiga
539 534 113 26 fördelning,
668 535 36 19 bör
716 535 29 18 för
755 534 164 26 kontrolleringen

174 563 30 17 ett
217 560 110 20 förfarande
341 560 113 24 fastställas,
470 566 44 14 som
529 560 62 20 hvilar
605 560 23 26 pä
643 561 25 19 de
682 560 90 20 säkraste
784 560 86 25 grunder
880 561 39 19 och

173 587 63 19 tillika
257 586 22 20 sä
300 587 42 19 litet
359 592 44 14 som
417 586 75 26 möjligt
505 587 85 26 ingriper
603 588 6 18 1
624 587 137 20 tillverkarens
775 588 39 18 rätt
828 590 28 16 att
870 588 50 19 efter

174 612 65 27 behag
252 614 48 25 göra
314 614 29 24 sig
358 613 77 25 tillgodo
450 613 25 20 de
489 614 137 26 förbättringar
640 614 4 19 i
655 614 265 24 tillverkningsmethoderna

172 640 40 19 och
233 640 122 24 redskapens
376 640 102 26 inrättning
499 640 46 20 dem
562 641 37 19 han
616 646 59 14 anser
689 640 89 25 lämpliga
793 640 38 19 och
845 640 75 26 nyttiga

175 668 28 18 att
219 667 69 19 införa.
316 666 34 20 Att
363 666 49 19 ifrån
427 666 142 20 rämaterialets
582 666 71 26 mängd
668 667 48 19 eller
730 666 49 20 itrån
792 666 129 26 distillerpan-

175 698 49 14 nans
245 692 57 26 rymd
322 692 78 20 härleda
421 693 91 25 beloppet
529 693 19 19 af
565 693 34 19 det
615 693 116 20 tillverkade
748 693 102 19 bränvinet
863 693 57 20 torde

175 724 82 14 numera
275 718 5 20 i
297 718 25 20 Je
338 718 57 20 flesta
412 719 65 19 länder
492 720 57 19 hafva
564 719 84 20 kommit
661 725 24 13 ur
699 719 58 25 bruk,
773 724 45 14 men
832 721 69 18 nästan
915 720 6 18 i

177 746 44 19 hela
243 745 97 26 Tyskland
363 744 97 20 beräknas
481 745 171 21 bränvinsskatten
674 746 50 19 efter
740 744 66 21 mäsk-
820 746 48 20 eller
880 745 40 26 jäs-

176 771 150 26 nings-karenas
344 771 65 27 volym
425 772 37 19 och
477 772 81 20 sednast
571 773 36 19 har
622 778 75 14 samma
713 772 76 26 princip
803 772 58 20 äfven
876 772 44 20 blif-

175 798 28 20 vit
224 800 82 23 antagen
323 798 5 19 i
347 798 108 26 Ryssland,
471 799 71 19 medan
555 798 6 20 i
575 799 96 25 England,
689 798 83 26 Sverige
786 798 37 20 och
838 799 82 26 Norrige

174 824 38 20 den
233 824 88 20 erhållna
343 824 110 26 produkten
470 825 77 20 direkte
560 828 106 23 uppmätes
680 826 38 18 och
732 825 107 20 reduceras
854 826 26 20 till
896 831 24 14 en

175 851 43 20 viss
233 851 73 20 normal
322 852 126 24 procenthalt
462 852 21 19 af
496 852 90 19 vattenfri
601 852 84 20 alkohol.
896 853 3 1 i

228 878 43 20 Den
285 878 52 19 förra
351 878 106 19 methoden
471 877 93 26 erbjuder
579 878 115 26 visserligen
708 878 59 26 några
781 878 86 21 fördelar
882 879 38 20 och

174 905 23 18 är
212 904 5 19 i
231 903 70 25 sjelfva
319 904 77 24 verket,
412 904 68 20 såvida
495 905 37 19 den
547 904 16 26 ej
580 906 113 18 förutsätter
708 910 25 14 en
745 904 54 25 jemn
813 906 39 18 och
868 907 53 18 stän-

174 930 34 26 dig
221 930 80 26 uppsigt
315 930 11 20 a
341 930 206 26 tillverkningsstället,
563 932 79 19 förenad
656 931 48 19 med
717 932 77 19 mindre
804 932 115 22 kostnader
909 926 12 34 ;

176 962 46 14 men
237 957 83 19 emedan
334 956 39 20 den
387 958 71 24 mängd
473 957 84 25 alkohol,
574 963 43 13 som
631 958 5 18 i
652 960 27 17 ett
694 958 94 19 mäskkar
802 958 39 20 kan
855 958 66 20 ästad-

175 982 99 26 kommas,
291 983 44 19 icke
349 984 48 18 blott
413 985 21 17 är
449 984 99 20 beroende
566 984 20 19 af
601 984 94 19 mäskens
713 985 73 25 volym,
803 987 46 17 utan
863 985 58 19 äfven

175 1009 22 20 af
209 1009 48 20 dess
271 1009 112 20 konsistens
398 1011 38 18 och
451 1009 68 26 mänga
534 1010 60 20 andra
608 1010 174 26 omständigheter,
794 1011 37 19 och
841 1010 25 20 dä
876 1017 44 13 man

176 1034 25 26 ej,
217 1038 48 17 utan
279 1036 62 20 alltför
355 1036 86 25 mycken
456 1036 123 25 inblandning
593 1037 5 19 i
614 1036 159 26 tillverkningens
786 1037 91 19 tekniska
887 1037 33 20 de-

176 1061 64 25 taljer,
263 1062 39 20 kan
324 1062 117 19 föreskrifva
462 1063 51 19 huru
535 1063 156 25 tillmäskningen
705 1063 36 19 bör
755 1064 43 22 ske,
815 1064 105 26 gäsningen

176 1089 40 18 och
236 1088 140 20 distillationen
396 1089 62 25 ledas,
477 1088 18 26 ej
513 1095 34 13 ens
565 1089 66 20 hvilka
648 1089 148 25 råmaterialier,
816 1096 43 13 som
874 1090 47 20 böra

177 1114 108 26 användas,
301 1116 22 18 är
337 1115 57 19 äfven
408 1116 126 19 mäskkarets
549 1116 57 25 rymd
621 1121 23 14 en
659 1116 82 26 mycket
750 1116 70 19 osäker
830 1116 91 26 utgängs-

178 1141 62 25 punkt
255 1140 29 20 för
298 1141 157 25 beskattningen.
484 1142 140 19 Erfarenheten
639 1142 35 19 har
689 1143 52 19 visat
754 1145 28 17 att
796 1142 94 20 mäskkar
902 1143 21 19 af

175 1172 77 15 samma
275 1168 67 26 volym
356 1168 83 23 alltefter
453 1168 136 20 tillverkarens
604 1168 117 25 skicklighet
735 1169 39 19 och
788 1170 133 18 omtänksam-

175 1193 34 19 het
223 1194 65 19 kunna
302 1194 52 25 gifva
368 1194 82 25 mycket
463 1195 50 19 olika
528 1195 117 25 qvantiteter
660 1195 85 25 alkohol,
761 1196 43 23 och,
821 1201 33 14 om
862 1196 58 19 äfven

175 1220 132 19 mäskkarens
328 1220 124 24 beskattning
472 1221 6 18 i
495 1221 98 24 Tyskland
612 1221 56 24 gifvit
689 1222 101 23 anledning
806 1222 27 18 till
850 1221 70 25 många

176 1244 71 26 vigtiga
269 1245 137 25 förbättringar
426 1246 37 18 och
477 1246 128 26 besparingar
619 1246 33 19 vid
666 1246 252 26 bränvinstillverkningen,

176 1270 65 20 kunna
254 1270 42 24 just
309 1271 59 19 dessa
382 1271 88 24 ständiga
485 1272 137 24 förbättringar
635 1272 44 19 bäst
694 1272 116 26 ådagalagga
824 1273 97 25 ifrågava-

176 1296 62 20 rande
253 1297 220 25 beskattningsprincips
488 1297 141 26 förkastlighet.
657 1297 29 20 Då
702 1304 45 14 man
762 1301 14 16 t.
788 1305 31 13 ex.
829 1299 51 19 förut
887 1299 34 20 vid

177 1323 158 26 tillmäskningen
354 1323 89 20 använde
457 1323 39 20 åtta
512 1324 105 28 vigtsdelar
632 1327 66 17 vatten
713 1324 24 26 på
753 1331 24 13 en
791 1326 30 19 del
836 1325 85 21 råmate-

176 1349 44 26 rial,
242 1349 34 20 vid
297 1350 73 20 hvilket
391 1350 119 20 förhållande
529 1350 102 26 jäsningen
646 1352 37 19 och
697 1352 137 19 distillationen
848 1352 73 26 ansågs

175 1376 48 19 bäst
243 1376 93 26 försiggä,
359 1376 35 20 har
411 1382 45 14 man
474 1383 26 13 nu
514 1377 83 20 kommit
610 1378 74 20 derhän
699 1381 28 16 att
741 1384 44 14 man
799 1379 59 20 redan
874 1379 46 20 med

174 1402 129 26 användning
317 1403 21 19 af
351 1402 64 20 halfva
431 1404 162 26 vattenmängden
609 1404 37 20 kan
661 1404 137 20 åstadkomma
813 1411 23 13 en
851 1408 69 18 nästan

176 1429 38 20 lika
239 1429 111 26 fullständig
371 1430 171 26 alkoholbildning,
561 1430 72 26 tillfölje
648 1432 71 19 hvaraf
732 1431 69 26 hvarje
815 1432 106 26 beräkning
