1011 1686
187 135 33 33 972
402 139 71 22 Nädiga
484 139 141 23 Propositionen
638 139 35 17 N:o
684 139 28 17 31.

187 189 54 24 gefär
257 189 37 18 tolf
308 189 33 19 mil
359 189 48 18 eller
424 189 45 18 intill
489 188 60 19 Alavo
566 188 86 19 sockens
669 189 68 23 gräns,
756 191 51 26 samt
824 189 26 29 uti
871 189 59 20 nord-

187 215 57 24 ostlig
258 214 85 25 riktning
359 215 24 18 till
398 214 26 19 de
438 214 90 25 skogrika
543 215 38 18 och
595 214 80 25 bördiga
689 213 100 30 trakterna
801 220 5 12 i
816 214 65 30 Keuru
891 215 38 19 och

187 241 77 24 Muldia,
276 239 99 20 hvarifrån
390 240 99 25 betydliga
503 240 118 25 qvantiteter
634 241 20 18 af
666 240 82 25 dyrbart
758 240 56 19 virke
824 241 61 19 blifvit
894 247 36 14 un-

188 267 35 18 der
237 269 79 16 senaste
330 265 47 20 åren
392 266 46 19 med
454 269 41 16 stor
509 267 82 19 kostnad
606 266 138 19 framskaffade
758 267 55 18 öfver
830 267 99 20 Tammer-

188 293 41 19 fors
242 292 26 20 till
279 292 123 20 hafskusten.
432 293 37 19 Det
486 293 35 19 har
537 292 44 20 icke
597 292 83 25 undgått
697 292 110 20 Utskottets
824 294 107 24 uppmärk-

190 320 78 18 samhet
281 321 28 17 att
323 322 79 16 orterna
416 319 58 25 kring
488 319 25 20 de
525 318 72 26 jemväl
614 318 107 21 vidsträkta
731 318 78 26 Päijäne
820 320 109 20 vattendra-

188 351 37 19 gen
240 344 42 20 icke
297 346 81 18 allenast
392 346 34 18 äro
440 346 103 24 skogrika,
559 348 46 16 utan
621 346 58 18 äfven
696 345 24 25 på
738 345 59 26 några
814 347 68 19 ställen
899 348 32 18 sä-

188 372 86 24 desrika,
290 374 29 17 att
332 372 98 26 betydliga
448 372 118 24 gvantiteter
582 371 215 26 ladugårdsprodukter
813 372 73 26 årligen
901 376 30 16 ut-

188 398 52 19 föras
254 397 49 20 ifrån
318 397 57 20 dessa
391 401 62 22 orter,
469 399 102 19 äfvensom
587 401 28 16 att
624 398 35 20 der
669 398 63 20 finnas
741 398 70 26 många
822 400 105 25 vattenfall,

189 424 63 20 hvilka
267 424 4 19 i
286 424 102 20 framtiden
403 424 65 20 kunna
483 425 59 19 blifva
558 425 124 25 fördelaktiga
698 425 71 20 härdar
783 426 29 18 för
824 426 103 25 industrin;

188 456 45 14 men
248 450 24 20 då
287 456 44 14 man
345 450 57 20 likväl
420 451 63 19 under
497 451 38 20 den
553 453 98 18 närmaste
668 451 103 21 framtiden
789 452 37 19 kan
843 452 87 25 påräkna

189 479 28 17 ett
231 477 149 19 verksammare
394 477 106 26 inflytande
514 479 37 19 och
566 480 28 17 ett
608 479 63 18 större
684 484 49 19 gagn
748 478 20 20 af
780 478 151 21 Tavastehus—

188 503 133 19 Tammerfors
332 502 94 26 jernväg,
442 507 52 16 samt
507 504 24 19 då
546 504 62 20 dertill
623 504 93 20 kommer
735 507 29 17 att
780 504 114 21 densamma
909 511 22 14 o-

189 529 131 26 tvifvelaktigt
330 530 63 19 bättre
402 531 25 18 än
445 530 214 20 Riihimäki
570 525 12 34 —
595 530 64 20 Lahtis
677 531 63 20 banan
758 530 72 21 förmår
846 532 84 20 betäcka

188 556 131 25 anläggnings-
333 557 37 18 och
385 556 261 24 underhälls-kostnaderna,
663 557 21 19 sä
699 558 35 18 har
749 558 100 19 Utskottet
859 564 71 19 genom

189 583 33 19 allt
235 582 53 20 detta
302 582 65 20 funnit
381 582 29 26 sig
424 583 105 20 föranlåten
543 586 29 17 att
585 582 20 21 ät
619 583 37 19 den
670 584 134 19 förstnämnda
817 584 113 21 tillerkänna

189 608 113 20 företrädet.

241 645 37 20 För
295 648 28 17 att
338 646 110 20 ändamälet
464 646 45 20 med
527 647 104 19 Riihimäki
645 658 25 3 —
691 647 59 20 Lahtis
764 646 84 27 jernväg
865 647 18 26 ej
897 648 32 20 mä

188 671 88 25 förfelas,
295 672 70 20 blifver
382 672 34 20 det
432 673 129 25 ovilkorligen
579 674 117 24 nödvändigt
714 676 28 17 att
755 675 78 19 arbetet
846 675 32 19 vid
893 675 38 20 den

188 698 108 29 föreslagna
313 698 82 21 kanalen
412 700 82 19 emellan
509 699 79 25 Päijäne
605 701 38 19 och
659 700 105 25 Wesijärvi
783 700 51 25 sjöar
855 702 75 20 utföres

189 724 99 26 samtidigt
300 725 46 20 med
359 724 240 28 jernvägsanläggningen.
629 727 79 19 Jemlikt
722 730 27 16 ett
762 727 53 19 äldre
826 728 104 20 kostnads-

188 750 78 26 förslag,
283 751 75 26 hvarpä
373 752 37 19 den
424 752 74 25 Nädiga
512 754 145 24 propositionen
670 754 63 19 blifvit
743 754 64 24 stödd,
818 756 22 17 är
848 754 82 20 kanalen

188 776 99 20 beräknad
302 780 28 17 att
344 779 50 18 efter
408 779 77 25 fällning
499 780 20 18 af
531 779 106 25 Wesijärvi
651 780 25 19 till
690 778 102 26 jemnhöjd
806 781 44 19 med
867 780 64 26 Päijä-

189 808 24 14 ne
226 804 90 25 anläggas
330 806 47 17 utan
395 806 52 18 sluss
465 806 44 19 med
525 812 23 13 en
566 806 82 20 kostnad
663 806 19 19 af
695 807 87 23 660,000
799 807 62 19 mark.
892 808 37 20 Vid

189 834 70 14 senare
273 830 106 19 verkställd
395 831 145 25 undersökning
556 833 35 18 har
605 832 33 19 det
651 835 75 16 ansetts
740 833 4 18 i
760 832 47 19 flere
824 834 105 19 afseenden

187 860 47 14 vara
252 855 148 26 fördelaktigare
417 859 28 17 att
461 857 62 26 någon
540 858 77 25 fällning
634 858 19 19 af
672 858 37 19 den
727 859 143 25 öfverliggande
888 859 42 25 sjön

187 881 45 19 icke
250 882 125 25 verkställes,
395 884 37 18 och
450 886 28 17 att
494 884 80 20 kanalen
589 885 64 18 förses
667 885 46 19 med
728 885 73 20 sluss.
799 877 10 35 ”
817 885 112 21 Kostnaden

188 907 29 20 för
231 907 53 20 detta
298 909 68 19 arbete
379 910 119 25 uppskattas
511 912 27 18 uti
554 914 28 16 ett
595 911 64 20 under
673 911 84 20 sistlidet
766 911 22 20 år
798 912 79 25 afgifvet
891 913 38 20 för-

188 934 41 25 slag
245 934 26 20 till
290 935 86 24 595,256
393 937 65 24 mark,
478 937 37 19 och
533 943 44 13 som
594 937 62 20 denna
675 943 77 14 summa
774 939 32 18 vid
828 939 101 20 verkstäld

188 961 118 26 granskning
322 964 77 17 ansetts
416 963 47 19 böra
481 963 77 20 förökas
575 964 45 19 med
638 964 74 24 44,744
729 965 66 24 mark,
814 965 63 20 borde
897 972 32 13 an-

186 987 210 45 lägeningskostnalen
418 989 30 20 för
474 990 79 19 kanalen
577 991 98 20 beräknas
698 991 25 20 till
748 991 68 20 inalles
841 992 87 25 640,000

186 1019 63 13 mark.

339 1047 91 20 Utskottet
445 1049 100 26 tillstyrker
559 1049 72 26 derföre
646 1053 27 17 att
688 1050 100 24 640,000
801 1051 54 20 mark
872 1051 57 21 måtte

288 1075 75 25 beviljas
378 1076 34 19 och
427 1076 63 20 ansläs
507 1078 36 25 för
556 1077 81 20 kanalen
651 1079 77 18 emellan
743 1079 80 25 Päijäne
838 1080 33 19 och
889 1080 40 20 We-

287 1103 65 25 sijärvi
365 1103 57 25 sjöar.

239 1135 63 19 Hans
316 1135 132 26 Kejserliga
465 1136 110 26 Majestät
593 1139 36 19 har
645 1138 68 20 vidare
731 1139 99 26 föreslagit
847 1143 27 17 att
890 1141 39 20 den

186 1160 173 26 kommunikation,
376 1168 44 14 som
433 1164 123 19 härförinnan
570 1164 60 20 redan
648 1165 79 20 vunnits
744 1171 72 20 genom
834 1173 23 13 en
871 1167 57 21 kanal

185 1188 83 19 emellan
285 1187 97 26 Näsijärvi
401 1190 38 19 och
457 1190 103 20 Wisuvesi
577 1190 52 25 sjöar
645 1191 62 20 måtte
723 1192 113 20 utsträekas
856 1199 72 19 genom

186 1215 76 18 smärre
279 1214 191 27 kanalanläggningar
488 1216 50 21 både
555 1217 26 20 till
598 1218 76 19 Toivesi
692 1217 29 26 sjö
742 1225 78 13 norrom
841 1219 87 21 Wirdois

186 1239 64 25 kyrka
264 1240 38 19 och
317 1240 24 19 till
357 1241 66 19 Keuru
439 1243 121 25 vattendrag.
588 1243 67 20 Ehuru
671 1244 59 19 dessa
745 1245 74 25 företag
833 1245 44 20 icke
887 1246 40 19 haf-

187 1270 23 17 va
224 1265 38 28 lika
277 1268 51 17 stort
341 1266 106 26 inflytande
461 1267 25 26 pä
500 1269 284 20 Tavastehus—Tammerfors
792 1270 81 27 jernväg
883 1277 44 14 som

185 1291 107 25 Wesijärvi
306 1291 57 21 kanal
378 1293 36 19 har
427 1293 24 25 pä
467 1294 197 21 Riihimäki—Lahtis
678 1296 70 24 banan,
765 1296 22 20 sä
801 1297 66 21 kunna
882 1297 45 21 Jes-

184 1323 23 13 sa
220 1317 58 20 likväl
293 1318 79 26 bidraga
387 1320 26 19 till
428 1321 81 20 förökad
523 1322 74 19 rörelse
611 1321 25 26 pä
650 1323 132 19 förstnämnda
798 1323 58 21 bana.
885 1325 43 20 Fle-

184 1349 22 14 re
220 1344 20 19 af
253 1344 25 20 Je
292 1345 81 24 trakter,
390 1351 43 14 som
449 1347 80 20 komme
543 1351 28 16 att
585 1348 58 26 draga
658 1352 55 23 nyttä
730 1350 22 19 af
767 1350 105 26 företagen,
889 1352 38 19 och

183 1370 115 26 isynnerhet
314 1371 101 21 trakterna
435 1373 52 20 invid
501 1374 69 19 Keuru
591 1375 114 27 vattendrag
725 1377 34 18 äro
779 1377 38 19 ock
836 1378 91 26 gynnade

183 1401 72 20 genom
269 1398 98 19 utmärkta
381 1399 162 25 naturförmåner;
559 1401 38 19 och
611 1401 24 19 då
649 1402 59 20 dessa
723 1403 79 20 oaktadt
820 1404 31 19 sin
868 1404 59 26 afläg-

183 1423 70 19 senhet
267 1424 37 19 och
319 1424 48 19 brist
380 1424 26 26 på
419 1424 192 22 kommunikationer
635 1428 59 20 redan
711 1428 77 21 knnnat
804 1430 80 26 bringas
898 1431 26 20 till
