1023 1686
308 132 71 23 Nådiga
391 133 141 23 Propositionen
544 132 37 17 N:o
591 133 30 17 38.
792 131 44 20 1191

92 186 24 15 er
130 181 31 20 del
175 181 67 20 städer
257 181 108 26 tillerkänd,
382 181 47 20 skall
444 181 89 26 upphöra
549 180 26 21 dä
591 181 63 20 denna
670 180 112 26 författning
797 182 39 18 trä-

91 207 54 20 der
135 201 12 36 i
160 208 88 25 gällande
262 207 59 25 kraft;
337 208 101 19 hvarefter
452 209 57 18 äfven
523 207 38 20 den
575 207 61 24 skatt,
649 205 80 22 Kronan
743 206 94 21 härintills

91 233 63 20 under
167 240 59 13 namn
241 235 21 18 af
274 234 260 25 kbränvinsarrendeafgift»
550 234 101 25 uppburit,
667 233 18 24 ej
700 233 68 19 vidare
781 233 58 19 kom-

92 265 44 14 mer
149 262 28 17 att
191 261 88 23 utgöras.

443 312 10 25 $
466 313 20 19 2.

146 358 67 20 Under
227 359 67 25 loppet
307 358 21 20 af
340 359 41 19 fem
395 358 29 26 är,
440 358 133 21 innefattande
587 358 53 20 tiden
653 358 30 20 för
692 358 63 20 denna
765 359 75 20 författ-

92 384 55 26 nings
161 385 94 25 giltighet,
272 384 33 20 mä
320 385 82 20 bränvin
417 386 101 19 tillverkas
532 384 25 26 pä
572 385 66 20 landet
652 386 38 18 och
700 385 5 19 i
716 385 44 20 stad
770 386 70 19 endast

91 410 33 24 uti,
133 412 64 18 större
212 411 120 25 brännerier,
348 411 51 20 dock
413 412 44 19 icke
471 412 26 19 till
512 412 61 24 högre
586 411 72 25 belopp
673 410 72 27 årligen
755 413 25 17 än
794 411 44 26 fyra

92 435 90 26 miljoner
195 438 167 19 trehundratusen
376 438 83 24 kannor,
475 443 44 14 som
533 438 50 19 efter
597 438 114 19 nuvarande
727 437 112 26 folkmängd

90 465 113 18 motsvarar
214 463 36 20 två
265 465 39 18 och
318 469 24 14 en
356 463 42 21 half
410 464 63 19 kanna
487 463 25 26 på
526 468 80 21 person.

443 516 10 26 $
466 517 20 19 3.

145 560 57 20 Skatt
215 561 30 18 för
259 560 217 26 bränvinstillverkning
490 560 37 20 och
538 559 113 27 försäljning
665 560 49 19 skall
731 560 46 26 utgå
792 560 46 20 med

92 586 34 21 två
140 587 57 20 mark
211 586 62 20 finskt
286 589 57 24 mynt
357 587 29 19 för
400 586 68 26 hvarje
483 586 102 21 tillverkad
600 586 69 26 kanna,
685 586 107 21 innehållet
805 587 35 20 be-

95 613 84 20 räknadt
195 613 27 20 till
240 619 37 14 sex
293 613 82 25 graders
392 613 70 26 styrka
480 614 47 19 eller
543 613 91 20 deremot
650 613 99 20 svarande
768 614 69 19 femtio

94 642 83 24 procent
191 640 118 19 alkoholhalt
324 639 31 20 vid
369 640 74 19 femton
457 640 84 25 graders
559 641 70 18 värme
645 641 51 18 efter
712 639 57 21 Celsii
787 640 53 20 ther-

93 669 105 17 mometer.
227 667 26 19 Af
264 666 66 19 denna
344 666 63 25 afgift,
423 672 44 13 som
481 666 114 20 tillverkare
608 665 11 20 å
634 667 39 18 sätt
691 666 62 19 nedan
768 667 5 19 i
787 667 11 25 $
813 667 23 19 14

94 694 90 18 närmare
198 692 181 25 bestämmes,
339 688 38 35 bör
393 693 77 26 erlägga
484 693 27 20 till
526 692 71 20 ränteri
613 692 5 19 i
632 692 34 20 det
680 693 31 20 län
728 693 36 19 der
780 692 60 20 brän-

92 720 64 19 neriet
172 721 22 17 är
212 719 85 25 beläget,
317 718 106 21 öfverlåtes
440 719 149 25 trefjerdedelar
605 719 80 19 Kronan
704 719 30 20 för
751 722 29 17 att
794 719 46 20 med

92 745 60 22 dessa
165 745 73 26 medel,
255 745 63 20 sedan
332 745 125 21 Statsverket
470 752 24 13 ur
507 745 104 20 desamma
623 745 71 20 främst
703 745 65 20 blifvit
778 747 62 18 ersatt

92 772 30 19 för
136 772 143 25 eftergifvande
293 772 21 19 af
327 771 75 20 hitintill
424 771 107 20 fastställda
553 771 183 26 bränvinsarrende,
751 771 88 20 bestrida

92 798 25 21 de
131 798 80 26 utgifter
225 798 33 19 Wi
272 798 6 19 i
292 797 79 21 samråd
386 798 46 19 med
447 798 77 19 landets
534 797 85 21 Ständer
628 797 53 20 finna
691 797 75 27 nödiga.
796 798 44 19 Den

92 825 61 25 öfriga
173 823 120 26 fjerdedelen
314 824 56 20 deraf
389 824 32 20 må
445 824 113 20 oberoende
578 825 21 18 af
617 819 75 35 större"
701 819 55 35 eller
763 823 77 21 mindre

92 851 217 25 bränvinstillverkning
323 850 12 20 å
349 850 50 21 olika
414 853 60 23 orter,
490 850 24 26 på
529 850 63 26 grund
609 851 21 19 af
645 850 139 26 folkmängden
801 851 39 19 för-

92 877 56 21 delas
162 878 83 20 emellan
259 878 64 19 länen.
353 878 24 19 Af
390 876 83 21 sålunda
488 876 69 26 hvarje
571 877 30 20 län
621 877 84 19 tillfallen
720 876 66 26 andel,
802 877 39 19 för-

92 904 89 20 behålles
201 904 123 20 dervarande
345 903 147 26 hushällnings-
516 904 47 20 eller
587 903 205 26 landbrukssällskap,
814 903 27 20 till

92 930 111 26 främjande
215 931 22 20 af
249 930 47 20 dess
311 930 102 26 gagnelige
425 930 135 24 sträfvanden,
572 936 24 14 en
606 929 118 26 åttondedel,
736 931 105 25 hvaremot

92 957 34 20 det
135 956 126 21 återstående
270 958 93 25 beloppet
371 957 56 25 skall,
439 958 50 18 efter
499 956 144 20 ofvannämnde
652 956 187 26 uträkningsgrund,

91 983 25 27 gå
132 984 27 20 till
177 984 78 25 delning
272 984 83 19 emellan
372 984 63 19 länets
452 984 68 19 stads-
537 984 39 18 och
593 983 202 25 landsförsamlingar,
812 983 30 19 för

92 1012 30 18 att
135 1011 20 19 af
167 1010 47 20 dem
227 1010 100 20 användas
341 1009 26 21 till
382 1010 74 26 nyttiga
472 1009 127 20 kommunala
616 1009 70 25 behof,
702 1014 45 14 som
761 1008 33 20 vid
808 1009 34 20 all-

92 1038 46 19 män
153 1038 85 19 stämma
252 1036 64 20 blifvit
329 1036 110 26 godkände.

444 1089 43 25 $.4.

146 1133 247 26 Bränvinstillverkningen
408 1133 59 25 skall,
484 1132 21 20 så
524 1133 60 19 framt
601 1131 17 26 ej
637 1132 57 25 högst
710 1132 73 26 vigtiga
799 1137 43 15 om-

94 1160 133 26 ständigheter
241 1160 99 20 föranleda
354 1160 47 20 dess
416 1159 114 20 inställande
544 1160 39 19 och
596 1159 84 19 hvarom
693 1159 6 18 i
713 1158 62 20 sådan
792 1159 49 19 hän-

93 1187 62 25 delse,
171 1187 60 20 minst
245 1186 70 25 fjorton
330 1186 60 26 dagar
404 1186 52 19 förut
469 1186 36 19 bör
519 1185 100 20 meddelas
637 1185 205 19 bränneriinnehafva-

95 1219 23 14 re
133 1213 82 26 bevislig
229 1213 148 24 underrättelse,
394 1217 48 14 vara
456 1211 71 20 tillåten
543 1211 62 20 under
614 1210 33 20 två
657 1212 94 19 terminer
760 1210 19 20 af
788 1210 56 25 året,

95 1239 49 20 eller
157 1239 42 20 från
214 1240 38 19 och
267 1239 45 20 med
327 1239 37 20 den
379 1239 26 19 15
418 1238 79 20 Januari
511 1238 84 20 klockan
609 1237 36 19 tolf
656 1237 23 25 på
693 1237 63 26 dagen
766 1236 26 21 till
802 1237 39 20 den

96 1266 26 19 45
136 1266 52 25 April
204 1266 33 19 vid
253 1271 76 14 samma
343 1265 67 20 timme
425 1267 51 17 samt
490 1264 42 19 från
547 1264 38 19 och
599 1263 46 20 med
659 1264 39 19 den
713 1264 24 19 15
742 1263 98 26 Oktober

94 1291 87 20 klockan
198 1292 37 19 tolf
249 1291 25 25 på
288 1291 62 26 dagen
368 1291 25 20 till
408 1291 38 19 den
461 1291 25 19 15
500 1290 110 20 December
625 1289 32 20 vid
671 1295 76 14 samma
761 1289 77 19 timme.

95 1318 76 19 Infaller
188 1317 83 19 sålunda
288 1317 111 25 medgifven
416 1316 68 23 början
502 1317 20 18 af
538 1315 125 24 tillverkning
679 1315 10 18 å
709 1315 83 24 söndag,
807 1314 33 19 må

96 1343 47 19 slikt
156 1343 74 24 arbete,
246 1348 33 13 om
293 1343 59 18 äfven
367 1341 218 20 bränneriinnehafvare
599 1340 95 25 begagnat
707 1340 73 19 honom
795 1340 47 19 här-

96 1369 47 20 med
156 1368 103 21 tillerkänd
272 1368 75 20 formån
363 1370 28 17 att
405 1367 164 25 nästföregående
583 1366 40 19 fem
636 1366 60 25 dagar
709 1365 41 20 låta
763 1365 78 20 tillreda

96 1395 65 25 mäsk,
177 1395 57 20 likväl
248 1394 44 20 icke
307 1394 77 26 vidtaga
397 1394 66 19 förrän
478 1393 83 20 klockan
575 1392 37 20 tolf
624 1391 11 20 å
649 1391 84 25 följande
741 1391 44 26 dag.
814 1391 26 31 Ej

96 1422 61 20 heller
171 1420 30 21 får
215 1420 166 26 mäskberedning
396 1421 47 19 eller
457 1418 220 26 bränvinstillverkning
690 1418 92 20 anställas
796 1418 44 20 från
