1017 1695
183 140 38 32 808
403 143 71 22 Nådiga
486 143 140 23 Propositionen
638 143 36 16 N:o
686 143 28 16 29.

185 198 25 15 na
224 193 123 24 tillverkning
361 192 27 19 till
403 197 24 14 en
440 192 88 26 betydlig
543 191 45 26 höjd
603 191 5 19 i
623 192 53 18 vissa
690 191 84 19 socknar
790 190 20 19 af
823 190 103 20 Österbot-

184 222 41 20 ten,
241 219 105 19 hvaremot
360 219 178 25 hemmansegarne
553 219 26 18 uti
593 217 59 26 öfriga
667 217 54 19 delar
735 218 20 18 af
763 217 64 20 landet
837 217 88 24 vanligen

184 245 107 20 afbördade
306 245 29 26 sig
349 245 219 24 saltpeter-leveransen
582 244 46 19 med
644 243 139 20 motsvarande
799 243 107 25 ersättning
920 243 6 18 i

184 272 90 19 kontant.

238 298 37 20 Vid
290 298 33 19 det
337 297 90 20 Finlands
442 297 25 20 till
482 296 124 25 Landtdagen
620 296 5 19 i
640 296 61 25 Borgå
717 295 22 20 år
749 296 51 20 1809
809 295 117 20 församlade

185 325 83 19 Ständer
287 323 77 26 afgåfvo
384 323 130 26 underdånigt
536 329 46 14 svar
601 322 10 20 å
632 323 60 19 Hans
711 321 132 26 Kejserliga
861 321 67 24 Maje-

185 352 60 19 stäts
260 350 73 26 Nådiga
348 349 126 27 proposition,
491 349 100 26 angående
599 349 117 26 uppbörden
726 350 21 19 af
755 349 173 25 kronoutskylder-

184 383 35 16 ne,
238 377 116 20 hemställde
371 377 107 19 Ständerna
496 377 4 19 i
519 377 140 24 sammanhang
675 376 92 25 dermed,
783 381 32 14 om
832 375 43 20 icke
889 375 38 20 den

184 403 23 20 är
221 405 51 19 1800
287 403 68 26 åtagna
370 403 210 25 saltpeter-prestation
594 403 30 19 för
637 403 104 20 framtiden
756 403 65 27 kunde
839 403 87 24 upphöra

185 431 52 23 eller,
253 430 69 20 derest
335 434 115 16 densamma
463 430 44 19 icke
522 430 65 20 blefve
601 430 123 25 eftergifven,
740 432 28 16 att
780 429 25 19 de
812 428 112 26 jordegare,

184 458 67 18 hvilka
267 456 43 20 icke
324 456 65 20 kunde
403 456 19 19 in
437 459 67 17 natura
520 456 79 26 fullgöra
610 456 117 20 leveransen
737 456 20 19 af
765 456 100 24 saltpeter,
877 455 51 19 måt-

185 487 21 16 te
219 483 72 20 tillåtas
306 486 28 16 att
347 483 44 19 med
407 483 106 25 penningar
526 483 64 20 betala
604 482 102 20 skilnaden
720 483 70 19 mellan
799 482 34 19 det
842 482 29 19 för
881 482 46 19 salt-

185 513 70 23 petern
270 510 103 20 bestämda
386 509 126 25 kronopriset
526 510 38 19 och
579 514 70 14 varans
664 509 60 20 värde
739 509 58 22 enli.t
810 508 53 20 årets
876 514 52 14 mar-

186 536 82 26 kegång,
285 538 104 18 hvaremot
404 536 63 26 någon
484 536 132 26 upphandling
632 536 21 20 af
668 536 93 25 saltpeter
779 536 30 19 för
825 535 25 21 de
867 535 61 20 betal-

186 563 146 26 ningskyldiges
349 562 79 26 räkning
445 562 17 24 ej
484 564 67 18 vidare
568 562 64 20 skulle
648 563 80 19 komma
749 562 5 19 i.
775 561 61 26 fråga.
865 562 63 25 Något

186 590 75 25 slutligt
275 589 129 20 förordnande
418 589 5 19 i
438 589 101 25 anledning
554 590 56 18 häraf
618 590 35 18 har
662 589 59 19 likväl
731 589 87 19 hitintills
827 588 44 20 icke
881 588 45 26 följt,

185 617 39 19 och
235 616 62 19 under
307 616 24 19 de
341 616 93 20 allmänna
444 616 49 25 krig,
505 622 43 14 som
558 615 53 20 efter.
618 615 21 20 år
650 616 50 19 1809
710 618 86 23 upptogo
807 615 35 19 vår
851 615 77 20 verlds-

185 643 38 22 del,
239 642 88 20 saknade
341 643 77 19 Kronan
432 642 44 20 icke
490 643 73 19 tillfälle
577 645 28 17 att
619 642 45 20 med
677 642 62 19 fördel
750 642 82 25 föryttra
842 642 29 19 sin
882 642 46 19 salt-

187 672 64 22 peter.
279 670 43 18 Men
337 669 61 19 sedan
412 669 43 19 fred
469 669 4 18 i
488 670 79 24 Europa
582 668 22 20 år
618 670 50 18 1815
678 668 73 20 inträdt
761 668 38 20 och
808 668 120 25 efterfrågan

187 695 11 20 å
213 696 84 19 nämnde
313 696 67 19 artikel
398 696 25 19 till
441 694 46 26 följd
505 695 57 19 deraf
576 696 107 23 minskats,
702 695 86 25 uppstod
805 696 29 18 för
850 695 78 19 Kronan

187 722 102 25 svårighet
303 724 29 17 att
345 722 91 19 använda
451 722 122 25 densamma,
593 722 90 19 hvarföre
701 722 86 19 Senaten
804 728 69 19 genom
892 722 38 18 cir-

187 749 102 19 kulärbref
302 748 25 20 till
343 748 191 25 Landshöfdingarne
548 749 20 19 af
580 748 38 20 den
634 749 23 19 48
673 748 112 20 December
795 750 50 18 1818
855 748 74 20 förord-

188 775 55 25 nade,
261 778 26 16 att
301 774 62 26 någon
377 774 133 26 upphandling
526 776 21 19 af
563 775 93 25 saltpeter
674 775 63 19 under
753 780 76 14 samma
846 774 23 20 år
885 775 43 19 icke

188 802 80 18 komme
283 804 27 17 att
324 802 43 24 ske,
382 802 25 18 de
419 800 110 27 jordegare,
546 802 64 19 hvilka
625 800 68 25 sjelfve
707 801 115 20 tillverkade
834 801 96 26 ifrågava-

189 828 60 19 rande
271 827 87 25 råämne,
381 827 58 20 likväl
463 828 91 25 obetaget
576 830 28 17 att
626 828 76 25 erlägga
725 828 168 25 saltpetergärden
911 828 19 20 in

188 857 75 21 natura,
280 857 53 17 emot
343 853 109 20 undfående
462 855 20 18 af
489 854 33 20 det
531 854 107 19 fastställda
648 854 133 25 kronopriset.
809 855 48 19 Som
870 855 60 18 emel-

189 880 57 20 lertid
261 881 33 19 det
308 880 82 25 följande
404 880 42 19 året
460 881 42 25 fyra
518 881 32 19 års
564 881 155 24 saltpeterintägt
732 882 51 18 ännu
796 880 31 26 låg
843 880 87 21 oförsåld

189 907 5 19 i
209 907 77 20 Kronas
300 907 110 24 magasiner
424 909 52 16 samt
490 907 77 20 Kronan
581 907 44 19 icke
639 907 50 19 hade
704 909 81 23 utvägar
799 910 28 16 att
836 907 93 20 realisera

187 933 59 20 dessa
261 933 96 24 förråder,
374 933 65 19 hvilka
454 933 32 20 vid
496 933 70 20 sådant
575 933 119 20 förhållande
704 933 102 20 efterhand
815 934 68 19 skulle
889 933 42 20 allt-

187 965 54 14 mera
255 961 55 22 ökas,
326 959 70 20 medan
411 965 60 13 varan
486 959 97 20 förlorade
597 959 6 19 i
621 959 70 24 värde,
711 960 116 19 förordnade
845 961 85 19 Senaten

188 991 70 20 genom
272 986 112 26 ytterligare
398 985 130 21 cirkulärbref
540 986 26 19 till
576 985 191 26 Landshöfdingarne
780 987 20 18 af
807 986 38 19 den
855 987 24 19 18
890 987 39 19 No-

188 1013 82 19 vember
285 1013 59 24 1819,
360 1014 27 17 att
400 1012 24 19 all
439 1012 110 25 leverering
562 1012 48 19 eller
624 1013 133 24 upphandling
770 1013 21 18 af
799 1013 94 24 saltpeter
902 1014 28 19 äf-

188 1044 38 14 ven
241 1040 29 18 för
284 1038 61 26 sagde
359 1037 22 20 är
396 1038 79 20 komme
489 1041 28 17 att
530 1039 93 24 inställas,
640 1039 99 19 hvarefter
753 1038 64 26 någon
827 1039 103 25 saltpeter-

188 1066 111 24 leverering
314 1064 17 26 ej
347 1064 67 20 vidare
428 1065 84 19 kommit
525 1066 5 18 i
544 1065 65 19 landet
625 1065 6 19 i
645 1065 60 25 fråga.
737 1065 37 19 För
791 1065 57 26 öfrigt
865 1066 65 20 blefvo

188 1096 73 20 genom
275 1091 76 25 Nådiga
365 1091 129 25 kungörelsen
511 1092 37 25 den
560 1092 26 24 19
600 1091 79 19 Januari
693 1092 50 19 4820
755 1092 25 19 till
790 1095 140 22 uppmuntran-

187 1118 25 20 de
227 1118 20 19 af
259 1118 248 24 saltpeter-produktionen
520 1118 6 19 i
540 1117 135 25 Österbotten,
694 1118 29 18 för
740 1118 158 26 utskeppningen
912 1120 20 18 af

187 1144 72 20 luttrad
274 1145 39 18 och
327 1144 58 19 smält
399 1145 101 24 saltpeter,
516 1144 54 20 vissa
584 1145 85 24 premier
683 1144 104 25 beviljade,
803 1150 45 14 men
863 1145 67 20 såvida

188 1171 63 25 priset
265 1170 10 20 å
290 1170 108 20 utrikesort
412 1170 110 20 emellertid
537 1170 51 20 hade
601 1171 110 25 ansenligen
729 1170 83 26 sjunkit,
829 1172 102 19 medförde

189 1197 44 19 icke
247 1197 63 25 denna
325 1196 68 25 åtgärd
406 1197 83 19 dermed
503 1196 77 26 åsyftad
596 1202 81 18 verkan;
693 1197 4 19 i
709 1196 46 26 följd
766 1198 71 18 hvaraf
844 1198 88 19 tillverk-

189 1223 68 24 ningen
273 1224 4 17 i
293 1222 127 20 Österbotten
435 1223 49 19 efter
498 1223 51 19 hand
564 1223 110 25 betydligen
689 1223 134 19 förminskats.

242 1248 43 19 Med
300 1247 91 20 afseende
405 1248 47 19 derå
467 1250 27 17 att
511 1254 70 19 genom
599 1248 200 25 saltpeterberedning
814 1248 118 25 jordbruket

189 1273 92 20 beröfvas
296 1273 47 19 flera
357 1273 30 20 för
400 1273 47 20 dess
457 1274 98 19 förkofran
566 1274 72 25 vigtiga
648 1275 38 18 och
696 1274 120 25 nödvändiga
827 1275 105 20 bestånds-

189 1299 55 20 delar
259 1302 51 17 samt
324 1301 27 17 att
365 1299 63 20 denna
443 1300 124 25 tillverkning
582 1300 78 20 således
674 1299 81 26 menligt
769 1301 92 20 inverkar
871 1301 9 19 ä
890 1301 40 20 lan-

189 1325 45 21 dets
252 1326 155 26 hufvudnäring,
423 1329 45 17 utan
486 1330 28 16 att
530 1327 30 19 för
576 1327 77 20 Kronan
671 1327 88 20 medföra
780 1326 63 27 någon
861 1328 68 25 fördel,

187 1354 50 18 enär
251 1353 32 19 det
298 1353 29 19 för
343 1353 115 20 leveransen
472 1353 103 20 bestämda
589 1354 41 25 pris
645 1354 19 19 af
677 1359 23 14 en
718 1353 97 21 riksdaler
831 1354 101 27 tjugufyra

188 1379 101 26 skillingar
304 1380 70 24 banko,
389 1380 140 20 motsvarande
543 1380 33 20 två
592 1380 54 20 rubel
662 1383 70 17 sexton
742 1380 64 26 kopek
817 1382 75 25 silfver,
904 1381 28 20 för

189 1405 70 26 hvarje
277 1406 78 25 lispund
373 1406 83 21 oluttrad
474 1407 103 25 saltpeter,
595 1409 22 18 är
634 1407 45 21 vida
699 1407 71 25 högre,
788 1411 24 17 än
829 1408 62 25 priset
907 1407 25 26 på

192 1438 77 15 samma
284 1439 46 14 vara
345 1433 21 20 af
377 1433 91 20 utländsk
482 1433 126 26 produktion,
624 1434 76 19 hvilket
714 1434 47 20 skall
772 1434 32 24 för
810 1435 122 20 närvarande
