<?xml version="1.0" encoding="UTF-8"?>
<alto xmlns="http://www.loc.gov/standards/alto/ns-v3#" xmlns:xlink="http://www.w3.org/1999/xlink" xmlns:xsi="http://www.w3.org/2001/XMLSchema-instance" xsi:schemaLocation="http://www.loc.gov/standards/alto/ns-v3# http://www.loc.gov/alto/v3/alto-3-0.xsd">
	<Description>
		<MeasurementUnit>pixel</MeasurementUnit>
		<sourceImageInformation>
			<fileName>/tmp/tess_jy83ovos_input.PNG</fileName>
		</sourceImageInformation>
		<OCRProcessing ID="OCR_0">
			<ocrProcessingStep>
				<processingSoftware>
					<softwareName>tesseract 5.3.4</softwareName>
				</processingSoftware>
			</ocrProcessingStep>
		</OCRProcessing>
	</Description>
	<Layout>
		<Page WIDTH="1014" HEIGHT="1686" PHYSICAL_IMG_NR="0" ID="page_0">
			<PrintSpace HPOS="0" VPOS="0" WIDTH="1014" HEIGHT="1686">
				<ComposedBlock ID="cblock_0" HPOS="287" VPOS="145" WIDTH="538" HEIGHT="22">
					<TextBlock ID="block_0" HPOS="287" VPOS="145" WIDTH="538" HEIGHT="22">
						<TextLine ID="line_0" HPOS="287" VPOS="145" WIDTH="538" HEIGHT="22">
							<String ID="string_0" HPOS="287" VPOS="145" WIDTH="71" HEIGHT="21" WC="0.92" CONTENT="Nådiga"/><SP WIDTH="12" VPOS="145" HPOS="358"/>
							<String ID="string_1" HPOS="370" VPOS="145" WIDTH="140" HEIGHT="22" WC="0.96" CONTENT="Propositionen"/><SP WIDTH="13" VPOS="145" HPOS="510"/>
							<String ID="string_2" HPOS="523" VPOS="146" WIDTH="36" HEIGHT="17" WC="0.96" CONTENT="N:o"/><SP WIDTH="12" VPOS="146" HPOS="559"/>
							<String ID="string_3" HPOS="571" VPOS="147" WIDTH="28" HEIGHT="17" WC="0.96" CONTENT="31."/><SP WIDTH="193" VPOS="147" HPOS="599"/>
							<String ID="string_4" HPOS="792" VPOS="147" WIDTH="33" HEIGHT="18" WC="0.93" CONTENT="955"/>
						</TextLine>
					</TextBlock>
				</ComposedBlock>
				<ComposedBlock ID="cblock_1" HPOS="79" VPOS="194" WIDTH="745" HEIGHT="79">
					<TextBlock ID="block_1" HPOS="79" VPOS="194" WIDTH="745" HEIGHT="79">
						<TextLine ID="line_1" HPOS="79" VPOS="194" WIDTH="745" HEIGHT="27">
							<String ID="string_5" HPOS="79" VPOS="194" WIDTH="121" HEIGHT="25" WC="0.96" CONTENT="fullgörande"/><SP WIDTH="14" VPOS="194" HPOS="200"/>
							<String ID="string_6" HPOS="214" VPOS="194" WIDTH="57" HEIGHT="19" WC="0.89" CONTENT="häraf"/><SP WIDTH="13" VPOS="194" HPOS="271"/>
							<String ID="string_7" HPOS="284" VPOS="194" WIDTH="37" HEIGHT="19" WC="0.95" CONTENT="och"/><SP WIDTH="15" VPOS="194" HPOS="321"/>
							<String ID="string_8" HPOS="336" VPOS="194" WIDTH="45" HEIGHT="19" WC="0.96" CONTENT="med"/><SP WIDTH="15" VPOS="194" HPOS="381"/>
							<String ID="string_9" HPOS="396" VPOS="194" WIDTH="29" HEIGHT="19" WC="0.96" CONTENT="sin"/><SP WIDTH="16" VPOS="194" HPOS="425"/>
							<String ID="string_10" HPOS="441" VPOS="195" WIDTH="120" HEIGHT="20" WC="0.90" CONTENT="underskrift"/><SP WIDTH="12" VPOS="195" HPOS="561"/>
							<String ID="string_11" HPOS="573" VPOS="194" WIDTH="74" HEIGHT="25" WC="0.90" CONTENT="jemväl"/><SP WIDTH="13" VPOS="194" HPOS="647"/>
							<String ID="string_12" HPOS="660" VPOS="195" WIDTH="95" HEIGHT="26" WC="0.91" CONTENT="bestyrka"/><SP WIDTH="15" VPOS="195" HPOS="755"/>
							<String ID="string_13" HPOS="770" VPOS="199" WIDTH="54" HEIGHT="17" WC="0.90" CONTENT="taxe-"/>
						</TextLine>
						<TextLine ID="line_2" HPOS="79" VPOS="220" WIDTH="569" HEIGHT="26">
							<String ID="string_14" HPOS="79" VPOS="220" WIDTH="149" HEIGHT="25" WC="0.92" CONTENT="ringslängdens"/><SP WIDTH="14" VPOS="220" HPOS="228"/>
							<String ID="string_15" HPOS="242" VPOS="220" WIDTH="209" HEIGHT="19" WC="0.92" CONTENT="öfverensstämmelse"/><SP WIDTH="14" VPOS="220" HPOS="451"/>
							<String ID="string_16" HPOS="465" VPOS="221" WIDTH="46" HEIGHT="19" WC="0.96" CONTENT="med"/><SP WIDTH="14" VPOS="221" HPOS="511"/>
							<String ID="string_17" HPOS="525" VPOS="221" WIDTH="123" HEIGHT="25" WC="0.96" CONTENT="protokollet."/>
						</TextLine>
						<TextLine ID="line_3" HPOS="135" VPOS="245" WIDTH="609" HEIGHT="28">
							<String ID="string_18" HPOS="135" VPOS="246" WIDTH="31" HEIGHT="19" WC="0.93" CONTENT="Uti"/><SP WIDTH="16" VPOS="246" HPOS="166"/>
							<String ID="string_19" HPOS="182" VPOS="245" WIDTH="200" HEIGHT="27" WC="0.92" CONTENT="Pröfningskomiténs"/><SP WIDTH="14" VPOS="245" HPOS="382"/>
							<String ID="string_20" HPOS="396" VPOS="247" WIDTH="66" HEIGHT="19" WC="0.96" CONTENT="beslut"/><SP WIDTH="13" VPOS="247" HPOS="462"/>
							<String ID="string_21" HPOS="475" VPOS="247" WIDTH="38" HEIGHT="19" WC="0.96" CONTENT="kan"/><SP WIDTH="12" VPOS="247" HPOS="513"/>
							<String ID="string_22" HPOS="525" VPOS="247" WIDTH="45" HEIGHT="20" WC="0.96" CONTENT="icke"/><SP WIDTH="14" VPOS="247" HPOS="570"/>
							<String ID="string_23" HPOS="584" VPOS="247" WIDTH="80" HEIGHT="26" WC="0.96" CONTENT="ändring"/><SP WIDTH="14" VPOS="247" HPOS="664"/>
							<String ID="string_24" HPOS="678" VPOS="247" WIDTH="66" HEIGHT="20" WC="0.96" CONTENT="sökas."/>
						</TextLine>
					</TextBlock>
				</ComposedBlock>
				<ComposedBlock ID="cblock_2" HPOS="422" VPOS="298" WIDTH="56" HEIGHT="24">
					<TextBlock ID="block_2" HPOS="422" VPOS="298" WIDTH="56" HEIGHT="24">
						<TextLine ID="line_4" HPOS="422" VPOS="298" WIDTH="56" HEIGHT="24">
							<String ID="string_25" HPOS="422" VPOS="298" WIDTH="9" HEIGHT="24" WC="0.65" CONTENT="$"/><SP WIDTH="17" VPOS="298" HPOS="431"/>
							<String ID="string_26" HPOS="448" VPOS="299" WIDTH="30" HEIGHT="19" WC="0.96" CONTENT="34."/>
						</TextLine>
					</TextBlock>
				</ComposedBlock>
				<ComposedBlock ID="cblock_3" HPOS="77" VPOS="334" WIDTH="747" HEIGHT="291">
					<TextBlock ID="block_3" HPOS="77" VPOS="334" WIDTH="747" HEIGHT="291">
						<TextLine ID="line_5" HPOS="133" VPOS="334" WIDTH="690" HEIGHT="26">
							<String ID="string_27" HPOS="133" VPOS="335" WIDTH="29" HEIGHT="19" WC="0.93" CONTENT="De"/><SP WIDTH="14" VPOS="335" HPOS="162"/>
							<String ID="string_28" HPOS="176" VPOS="334" WIDTH="82" HEIGHT="21" WC="0.96" CONTENT="sålunda"/><SP WIDTH="15" VPOS="334" HPOS="258"/>
							<String ID="string_29" HPOS="273" VPOS="334" WIDTH="89" HEIGHT="26" WC="0.96" CONTENT="slutligen"/><SP WIDTH="15" VPOS="334" HPOS="362"/>
							<String ID="string_30" HPOS="377" VPOS="335" WIDTH="107" HEIGHT="20" WC="0.93" CONTENT="fastställda"/><SP WIDTH="12" VPOS="335" HPOS="484"/>
							<String ID="string_31" HPOS="496" VPOS="335" WIDTH="214" HEIGHT="25" WC="0.51" CONTENT="taxeringslängderne,"/><SP WIDTH="10" VPOS="335" HPOS="710"/>
							<String ID="string_32" HPOS="720" VPOS="336" WIDTH="61" HEIGHT="24" WC="0.93" CONTENT="jemte"/><SP WIDTH="14" VPOS="336" HPOS="781"/>
							<String ID="string_33" HPOS="795" VPOS="338" WIDTH="28" HEIGHT="18" WC="0.92" CONTENT="öf-"/>
						</TextLine>
						<TextLine ID="line_6" HPOS="78" VPOS="361" WIDTH="745" HEIGHT="26">
							<String ID="string_34" HPOS="78" VPOS="361" WIDTH="41" HEIGHT="25" WC="0.93" CONTENT="riga"/><SP WIDTH="15" VPOS="361" HPOS="119"/>
							<String ID="string_35" HPOS="134" VPOS="361" WIDTH="63" HEIGHT="20" WC="0.91" CONTENT="dertill"/><SP WIDTH="16" VPOS="361" HPOS="197"/>
							<String ID="string_36" HPOS="213" VPOS="361" WIDTH="88" HEIGHT="20" WC="0.96" CONTENT="hörande"/><SP WIDTH="14" VPOS="361" HPOS="301"/>
							<String ID="string_37" HPOS="315" VPOS="361" WIDTH="118" HEIGHT="26" WC="0.96" CONTENT="handlingar,"/><SP WIDTH="17" VPOS="361" HPOS="433"/>
							<String ID="string_38" HPOS="450" VPOS="362" WIDTH="46" HEIGHT="20" WC="0.96" CONTENT="böra"/><SP WIDTH="15" VPOS="362" HPOS="496"/>
							<String ID="string_39" HPOS="511" VPOS="362" WIDTH="20" HEIGHT="19" WC="0.93" CONTENT="af"/><SP WIDTH="13" VPOS="362" HPOS="531"/>
							<String ID="string_40" HPOS="544" VPOS="362" WIDTH="200" HEIGHT="24" WC="0.91" CONTENT="Pröfningskomiténs"/><SP WIDTH="14" VPOS="362" HPOS="744"/>
							<String ID="string_41" HPOS="758" VPOS="363" WIDTH="65" HEIGHT="20" WC="0.50" CONTENT="ordfö-"/>
						</TextLine>
						<TextLine ID="line_7" HPOS="78" VPOS="388" WIDTH="744" HEIGHT="25">
							<String ID="string_42" HPOS="78" VPOS="388" WIDTH="62" HEIGHT="19" WC="0.96" CONTENT="rande"/><SP WIDTH="14" VPOS="388" HPOS="140"/>
							<String ID="string_43" HPOS="154" VPOS="388" WIDTH="41" HEIGHT="19" WC="0.96" CONTENT="före"/><SP WIDTH="15" VPOS="388" HPOS="195"/>
							<String ID="string_44" HPOS="210" VPOS="388" WIDTH="97" HEIGHT="25" WC="0.96" CONTENT="utgången"/><SP WIDTH="20" VPOS="388" HPOS="307"/>
							<String ID="string_45" HPOS="327" VPOS="388" WIDTH="21" HEIGHT="19" WC="0.96" CONTENT="af"/><SP WIDTH="12" VPOS="388" HPOS="348"/>
							<String ID="string_46" HPOS="360" VPOS="388" WIDTH="111" HEIGHT="19" WC="0.96" CONTENT="December"/><SP WIDTH="20" VPOS="388" HPOS="471"/>
							<String ID="string_47" HPOS="491" VPOS="388" WIDTH="72" HEIGHT="20" WC="0.93" CONTENT="månad"/><SP WIDTH="12" VPOS="388" HPOS="563"/>
							<String ID="string_48" HPOS="575" VPOS="388" WIDTH="100" HEIGHT="25" WC="0.91" CONTENT="afsändas,"/><SP WIDTH="16" VPOS="388" HPOS="675"/>
							<String ID="string_49" HPOS="691" VPOS="388" WIDTH="11" HEIGHT="20" WC="0.92" CONTENT="å"/><SP WIDTH="14" VPOS="388" HPOS="702"/>
							<String ID="string_50" HPOS="716" VPOS="389" WIDTH="66" HEIGHT="19" WC="0.95" CONTENT="landet"/><SP WIDTH="13" VPOS="389" HPOS="782"/>
							<String ID="string_51" HPOS="795" VPOS="390" WIDTH="27" HEIGHT="20" WC="0.95" CONTENT="till"/>
						</TextLine>
						<TextLine ID="line_8" HPOS="77" VPOS="414" WIDTH="746" HEIGHT="26">
							<String ID="string_52" HPOS="77" VPOS="414" WIDTH="191" HEIGHT="20" WC="0.90" CONTENT="Häradsskrifvaren"/><SP WIDTH="16" VPOS="414" HPOS="268"/>
							<String ID="string_53" HPOS="284" VPOS="414" WIDTH="39" HEIGHT="19" WC="0.95" CONTENT="och"/><SP WIDTH="14" VPOS="414" HPOS="323"/>
							<String ID="string_54" HPOS="337" VPOS="416" WIDTH="5" HEIGHT="17" WC="0.95" CONTENT="i"/><SP WIDTH="14" VPOS="416" HPOS="342"/>
							<String ID="string_55" HPOS="356" VPOS="414" WIDTH="45" HEIGHT="20" WC="0.96" CONTENT="stad"/><SP WIDTH="14" VPOS="414" HPOS="401"/>
							<String ID="string_56" HPOS="415" VPOS="414" WIDTH="27" HEIGHT="20" WC="0.96" CONTENT="till"/><SP WIDTH="15" VPOS="414" HPOS="442"/>
							<String ID="string_57" HPOS="457" VPOS="415" WIDTH="37" HEIGHT="19" WC="0.92" CONTENT="den"/><SP WIDTH="15" VPOS="415" HPOS="494"/>
							<String ID="string_58" HPOS="509" VPOS="414" WIDTH="123" HEIGHT="26" WC="0.92" CONTENT="tjensteman,"/><SP WIDTH="15" VPOS="414" HPOS="632"/>
							<String ID="string_59" HPOS="647" VPOS="420" WIDTH="44" HEIGHT="14" WC="0.96" CONTENT="som"/><SP WIDTH="15" VPOS="420" HPOS="691"/>
							<String ID="string_60" HPOS="706" VPOS="416" WIDTH="117" HEIGHT="19" WC="0.96" CONTENT="verkställer"/>
						</TextLine>
						<TextLine ID="line_9" HPOS="77" VPOS="440" WIDTH="745" HEIGHT="26">
							<String ID="string_61" HPOS="77" VPOS="440" WIDTH="111" HEIGHT="26" WC="0.96" CONTENT="debitering"/><SP WIDTH="15" VPOS="440" HPOS="188"/>
							<String ID="string_62" HPOS="203" VPOS="441" WIDTH="20" HEIGHT="19" WC="0.93" CONTENT="af"/><SP WIDTH="12" VPOS="441" HPOS="223"/>
							<String ID="string_63" HPOS="235" VPOS="440" WIDTH="135" HEIGHT="25" WC="0.90" CONTENT="kronomedel,"/><SP WIDTH="16" VPOS="440" HPOS="370"/>
							<String ID="string_64" HPOS="386" VPOS="441" WIDTH="30" HEIGHT="19" WC="0.96" CONTENT="for"/><SP WIDTH="14" VPOS="441" HPOS="416"/>
							<String ID="string_65" HPOS="430" VPOS="444" WIDTH="28" HEIGHT="16" WC="0.96" CONTENT="att"/><SP WIDTH="13" VPOS="444" HPOS="458"/>
							<String ID="string_66" HPOS="471" VPOS="441" WIDTH="21" HEIGHT="20" WC="0.96" CONTENT="af"/><SP WIDTH="15" VPOS="441" HPOS="492"/>
							<String ID="string_67" HPOS="507" VPOS="442" WIDTH="72" HEIGHT="18" WC="0.96" CONTENT="honom"/><SP WIDTH="14" VPOS="442" HPOS="579"/>
							<String ID="string_68" HPOS="593" VPOS="441" WIDTH="32" HEIGHT="19" WC="0.93" CONTENT="vid"/><SP WIDTH="18" VPOS="441" HPOS="625"/>
							<String ID="string_69" HPOS="643" VPOS="441" WIDTH="91" HEIGHT="25" WC="0.92" CONTENT="afgiftens"/><SP WIDTH="14" VPOS="441" HPOS="734"/>
							<String ID="string_70" HPOS="748" VPOS="442" WIDTH="74" HEIGHT="20" WC="0.91" CONTENT="debite-"/>
						</TextLine>
						<TextLine ID="line_10" HPOS="77" VPOS="466" WIDTH="746" HEIGHT="26">
							<String ID="string_71" HPOS="77" VPOS="466" WIDTH="44" HEIGHT="26" WC="0.93" CONTENT="ring"/><SP WIDTH="13" VPOS="466" HPOS="121"/>
							<String ID="string_72" HPOS="134" VPOS="467" WIDTH="100" HEIGHT="25" WC="0.92" CONTENT="begagnas"/><SP WIDTH="21" VPOS="467" HPOS="234"/>
							<String ID="string_73" HPOS="255" VPOS="469" WIDTH="52" HEIGHT="17" WC="0.96" CONTENT="samt"/><SP WIDTH="13" VPOS="469" HPOS="307"/>
							<String ID="string_74" HPOS="320" VPOS="466" WIDTH="129" HEIGHT="26" WC="0.96" CONTENT="nästföljande"/><SP WIDTH="20" VPOS="466" HPOS="449"/>
							<String ID="string_75" HPOS="469" VPOS="467" WIDTH="22" HEIGHT="19" WC="0.96" CONTENT="år"/><SP WIDTH="17" VPOS="467" HPOS="491"/>
							<String ID="string_76" HPOS="508" VPOS="466" WIDTH="61" HEIGHT="21" WC="0.93" CONTENT="hållas"/><SP WIDTH="15" VPOS="466" HPOS="569"/>
							<String ID="string_77" HPOS="584" VPOS="467" WIDTH="116" HEIGHT="25" WC="0.90" CONTENT="Taxerings-"/><SP WIDTH="14" VPOS="467" HPOS="700"/>
							<String ID="string_78" HPOS="714" VPOS="468" WIDTH="38" HEIGHT="19" WC="0.93" CONTENT="och"/><SP WIDTH="18" VPOS="468" HPOS="752"/>
							<String ID="string_79" HPOS="770" VPOS="468" WIDTH="53" HEIGHT="23" WC="0.91" CONTENT="Pröf-"/>
						</TextLine>
						<TextLine ID="line_11" HPOS="77" VPOS="493" WIDTH="745" HEIGHT="26">
							<String ID="string_80" HPOS="77" VPOS="493" WIDTH="181" HEIGHT="26" WC="0.91" CONTENT="ningskomitéerna"/><SP WIDTH="15" VPOS="493" HPOS="258"/>
							<String ID="string_81" HPOS="273" VPOS="493" WIDTH="5" HEIGHT="19" WC="0.96" CONTENT="i"/><SP WIDTH="14" VPOS="493" HPOS="278"/>
							<String ID="string_82" HPOS="292" VPOS="494" WIDTH="52" HEIGHT="18" WC="0.96" CONTENT="länet"/><SP WIDTH="14" VPOS="494" HPOS="344"/>
							<String ID="string_83" HPOS="358" VPOS="493" WIDTH="25" HEIGHT="19" WC="0.94" CONTENT="till"/><SP WIDTH="18" VPOS="493" HPOS="383"/>
							<String ID="string_84" HPOS="401" VPOS="494" WIDTH="118" HEIGHT="25" WC="0.96" CONTENT="upplysning"/><SP WIDTH="16" VPOS="494" HPOS="519"/>
							<String ID="string_85" HPOS="535" VPOS="493" WIDTH="98" HEIGHT="20" WC="0.95" CONTENT="tillhanda."/><SP WIDTH="29" VPOS="493" HPOS="633"/>
							<String ID="string_86" HPOS="662" VPOS="494" WIDTH="61" HEIGHT="24" WC="0.93" CONTENT="Skall,"/><SP WIDTH="16" VPOS="494" HPOS="723"/>
							<String ID="string_87" HPOS="739" VPOS="494" WIDTH="59" HEIGHT="24" WC="0.92" CONTENT="enligt"/><SP WIDTH="14" VPOS="494" HPOS="798"/>
							<String ID="string_88" HPOS="812" VPOS="494" WIDTH="10" HEIGHT="25" WC="0.92" CONTENT="$"/>
						</TextLine>
						<TextLine ID="line_12" HPOS="77" VPOS="519" WIDTH="745" HEIGHT="27">
							<String ID="string_89" HPOS="77" VPOS="520" WIDTH="33" HEIGHT="25" WC="0.92" CONTENT="35,"/><SP WIDTH="16" VPOS="520" HPOS="110"/>
							<String ID="string_90" HPOS="126" VPOS="519" WIDTH="81" HEIGHT="27" WC="0.91" CONTENT="afgiften"/><SP WIDTH="22" VPOS="519" HPOS="207"/>
							<String ID="string_91" HPOS="229" VPOS="520" WIDTH="29" HEIGHT="19" WC="0.96" CONTENT="för"/><SP WIDTH="14" VPOS="520" HPOS="258"/>
							<String ID="string_92" HPOS="272" VPOS="525" WIDTH="25" HEIGHT="14" WC="0.95" CONTENT="en"/><SP WIDTH="14" VPOS="525" HPOS="297"/>
							<String ID="string_93" HPOS="311" VPOS="520" WIDTH="47" HEIGHT="19" WC="0.96" CONTENT="eller"/><SP WIDTH="20" VPOS="520" HPOS="358"/>
							<String ID="string_94" HPOS="378" VPOS="525" WIDTH="64" HEIGHT="15" WC="0.96" CONTENT="annan"/><SP WIDTH="13" VPOS="525" HPOS="442"/>
							<String ID="string_95" HPOS="455" VPOS="526" WIDTH="73" HEIGHT="19" WC="0.96" CONTENT="person"/><SP WIDTH="20" VPOS="526" HPOS="528"/>
							<String ID="string_96" HPOS="548" VPOS="520" WIDTH="99" HEIGHT="20" WC="0.96" CONTENT="debiteras"/><SP WIDTH="18" VPOS="520" HPOS="647"/>
							<String ID="string_97" HPOS="665" VPOS="520" WIDTH="37" HEIGHT="20" WC="0.93" CONTENT="och"/><SP WIDTH="21" VPOS="520" HPOS="702"/>
							<String ID="string_98" HPOS="723" VPOS="520" WIDTH="99" HEIGHT="26" WC="0.90" CONTENT="uppbäras"/>
						</TextLine>
						<TextLine ID="line_13" HPOS="77" VPOS="547" WIDTH="747" HEIGHT="25">
							<String ID="string_99" HPOS="77" VPOS="547" WIDTH="54" HEIGHT="19" WC="0.90" CONTENT="inom"/><SP WIDTH="15" VPOS="547" HPOS="131"/>
							<String ID="string_100" HPOS="146" VPOS="549" WIDTH="58" HEIGHT="17" WC="0.96" CONTENT="annat"/><SP WIDTH="14" VPOS="549" HPOS="204"/>
							<String ID="string_101" HPOS="218" VPOS="547" WIDTH="37" HEIGHT="23" WC="0.96" CONTENT="län,"/><SP WIDTH="16" VPOS="547" HPOS="255"/>
							<String ID="string_102" HPOS="271" VPOS="547" WIDTH="37" HEIGHT="19" WC="0.96" CONTENT="bör"/><SP WIDTH="14" VPOS="547" HPOS="308"/>
							<String ID="string_103" HPOS="322" VPOS="547" WIDTH="69" HEIGHT="25" WC="0.96" CONTENT="utdrag"/><SP WIDTH="14" VPOS="547" HPOS="391"/>
							<String ID="string_104" HPOS="405" VPOS="547" WIDTH="20" HEIGHT="19" WC="0.93" CONTENT="af"/><SP WIDTH="13" VPOS="547" HPOS="425"/>
							<String ID="string_105" HPOS="438" VPOS="547" WIDTH="211" HEIGHT="25" WC="0.91" CONTENT="taxeringslängderne,"/><SP WIDTH="13" VPOS="547" HPOS="649"/>
							<String ID="string_106" HPOS="662" VPOS="547" WIDTH="52" HEIGHT="19" WC="0.96" CONTENT="hvad"/><SP WIDTH="14" VPOS="547" HPOS="714"/>
							<String ID="string_107" HPOS="728" VPOS="547" WIDTH="46" HEIGHT="19" WC="0.93" CONTENT="dem"/><SP WIDTH="14" VPOS="547" HPOS="774"/>
							<String ID="string_108" HPOS="788" VPOS="552" WIDTH="36" HEIGHT="14" WC="0.91" CONTENT="an-"/>
						</TextLine>
						<TextLine ID="line_14" HPOS="77" VPOS="572" WIDTH="745" HEIGHT="27">
							<String ID="string_109" HPOS="77" VPOS="572" WIDTH="43" HEIGHT="26" WC="0.96" CONTENT="går,"/><SP WIDTH="16" VPOS="572" HPOS="120"/>
							<String ID="string_110" HPOS="136" VPOS="573" WIDTH="119" HEIGHT="26" WC="0.96" CONTENT="skyndsamt"/><SP WIDTH="14" VPOS="573" HPOS="255"/>
							<String ID="string_111" HPOS="269" VPOS="573" WIDTH="93" HEIGHT="19" WC="0.93" CONTENT="insändas"/><SP WIDTH="20" VPOS="573" HPOS="362"/>
							<String ID="string_112" HPOS="382" VPOS="573" WIDTH="26" HEIGHT="19" WC="0.93" CONTENT="till"/><SP WIDTH="16" VPOS="573" HPOS="408"/>
							<String ID="string_113" HPOS="424" VPOS="573" WIDTH="157" HEIGHT="26" WC="0.92" CONTENT="Länestyrelsen,"/><SP WIDTH="23" VPOS="573" HPOS="581"/>
							<String ID="string_114" HPOS="604" VPOS="574" WIDTH="30" HEIGHT="18" WC="0.96" CONTENT="för"/><SP WIDTH="13" VPOS="574" HPOS="634"/>
							<String ID="string_115" HPOS="647" VPOS="575" WIDTH="28" HEIGHT="17" WC="0.96" CONTENT="att"/><SP WIDTH="13" VPOS="575" HPOS="675"/>
							<String ID="string_116" HPOS="688" VPOS="578" WIDTH="72" HEIGHT="20" WC="0.96" CONTENT="genom"/><SP WIDTH="14" VPOS="578" HPOS="760"/>
							<String ID="string_117" HPOS="774" VPOS="572" WIDTH="48" HEIGHT="21" WC="0.96" CONTENT="dess"/>
						</TextLine>
						<TextLine ID="line_15" HPOS="77" VPOS="599" WIDTH="592" HEIGHT="26">
							<String ID="string_118" HPOS="77" VPOS="600" WIDTH="78" HEIGHT="25" WC="0.93" CONTENT="försorg"/><SP WIDTH="14" VPOS="600" HPOS="155"/>
							<String ID="string_119" HPOS="169" VPOS="599" WIDTH="128" HEIGHT="20" WC="0.83" CONTENT="öfversändas"/><SP WIDTH="15" VPOS="599" HPOS="297"/>
							<String ID="string_120" HPOS="312" VPOS="599" WIDTH="26" HEIGHT="20" WC="0.93" CONTENT="till"/><SP WIDTH="16" VPOS="599" HPOS="338"/>
							<String ID="string_121" HPOS="354" VPOS="599" WIDTH="148" HEIGHT="21" WC="0.93" CONTENT="vederbörande"/><SP WIDTH="13" VPOS="599" HPOS="502"/>
							<String ID="string_122" HPOS="515" VPOS="599" WIDTH="154" HEIGHT="26" WC="0.90" CONTENT="uppbördsmän."/>
						</TextLine>
					</TextBlock>
				</ComposedBlock>
				<ComposedBlock ID="cblock_4" HPOS="384" VPOS="674" WIDTH="130" HEIGHT="26">
					<TextBlock ID="block_4" HPOS="384" VPOS="674" WIDTH="130" HEIGHT="26">
						<TextLine ID="line_16" HPOS="384" VPOS="674" WIDTH="130" HEIGHT="26">
							<String ID="string_123" HPOS="384" VPOS="674" WIDTH="12" HEIGHT="20" WC="0.96" CONTENT="7"/><SP WIDTH="14" VPOS="674" HPOS="396"/>
							<String ID="string_124" HPOS="410" VPOS="674" WIDTH="104" HEIGHT="26" WC="0.96" CONTENT="Kapitlet."/>
						</TextLine>
					</TextBlock>
				</ComposedBlock>
				<ComposedBlock ID="cblock_5" HPOS="97" VPOS="720" WIDTH="705" HEIGHT="57">
					<TextBlock ID="block_5" HPOS="97" VPOS="720" WIDTH="705" HEIGHT="57">
						<TextLine ID="line_17" HPOS="97" VPOS="720" WIDTH="705" HEIGHT="30">
							<String ID="string_125" HPOS="97" VPOS="721" WIDTH="135" HEIGHT="28" WC="0.91" CONTENT="Debitering,"/><SP WIDTH="16" VPOS="721" HPOS="232"/>
							<String ID="string_126" HPOS="248" VPOS="721" WIDTH="106" HEIGHT="29" WC="0.92" CONTENT="uppbörd,"/><SP WIDTH="16" VPOS="721" HPOS="354"/>
							<String ID="string_127" HPOS="370" VPOS="720" WIDTH="132" HEIGHT="29" WC="0.91" CONTENT="afkortning"/><SP WIDTH="15" VPOS="720" HPOS="502"/>
							<String ID="string_128" HPOS="517" VPOS="720" WIDTH="39" HEIGHT="24" WC="0.96" CONTENT="och"/><SP WIDTH="15" VPOS="720" HPOS="556"/>
							<String ID="string_129" HPOS="571" VPOS="720" WIDTH="146" HEIGHT="29" WC="0.96" CONTENT="redovisning"/><SP WIDTH="14" VPOS="720" HPOS="717"/>
							<String ID="string_130" HPOS="731" VPOS="720" WIDTH="25" HEIGHT="23" WC="0.93" CONTENT="af"/><SP WIDTH="12" VPOS="720" HPOS="756"/>
							<String ID="string_131" HPOS="768" VPOS="721" WIDTH="34" HEIGHT="23" WC="0.91" CONTENT="be-"/>
						</TextLine>
						<TextLine ID="line_18" HPOS="331" VPOS="749" WIDTH="237" HEIGHT="28">
							<String ID="string_132" HPOS="331" VPOS="749" WIDTH="237" HEIGHT="28" WC="0.89" CONTENT="villningsafgifterne."/>
						</TextLine>
					</TextBlock>
				</ComposedBlock>
				<ComposedBlock ID="cblock_6" HPOS="423" VPOS="801" WIDTH="56" HEIGHT="25">
					<TextBlock ID="block_6" HPOS="423" VPOS="801" WIDTH="56" HEIGHT="25">
						<TextLine ID="line_19" HPOS="423" VPOS="801" WIDTH="56" HEIGHT="25">
							<String ID="string_133" HPOS="423" VPOS="801" WIDTH="10" HEIGHT="25" WC="0.74" CONTENT="$"/><SP WIDTH="13" VPOS="801" HPOS="433"/>
							<String ID="string_134" HPOS="446" VPOS="801" WIDTH="33" HEIGHT="25" WC="0.74" CONTENT="35."/>
						</TextLine>
					</TextBlock>
				</ComposedBlock>
				<ComposedBlock ID="cblock_7" HPOS="76" VPOS="838" WIDTH="764" HEIGHT="341">
					<TextBlock ID="block_7" HPOS="77" VPOS="838" WIDTH="743" HEIGHT="53">
						<TextLine ID="line_20" HPOS="130" VPOS="838" WIDTH="690" HEIGHT="27">
							<String ID="string_135" HPOS="130" VPOS="839" WIDTH="100" HEIGHT="25" WC="0.93" CONTENT="Personlig"/><SP WIDTH="15" VPOS="839" HPOS="230"/>
							<String ID="string_136" HPOS="245" VPOS="839" WIDTH="132" HEIGHT="26" WC="0.64" CONTENT="skyddsafgift"/><SP WIDTH="14" VPOS="839" HPOS="377"/>
							<String ID="string_137" HPOS="391" VPOS="839" WIDTH="48" HEIGHT="19" WC="0.93" CONTENT="skall"/><SP WIDTH="15" VPOS="839" HPOS="439"/>
							<String ID="string_138" HPOS="454" VPOS="838" WIDTH="79" HEIGHT="26" WC="0.96" CONTENT="påföras"/><SP WIDTH="14" VPOS="838" HPOS="533"/>
							<String ID="string_139" HPOS="547" VPOS="839" WIDTH="37" HEIGHT="18" WC="0.97" CONTENT="och"/><SP WIDTH="13" VPOS="839" HPOS="584"/>
							<String ID="string_140" HPOS="597" VPOS="839" WIDTH="21" HEIGHT="19" WC="0.93" CONTENT="af"/><SP WIDTH="12" VPOS="839" HPOS="618"/>
							<String ID="string_141" HPOS="630" VPOS="838" WIDTH="70" HEIGHT="25" WC="0.92" CONTENT="hvarje"/><SP WIDTH="14" VPOS="838" HPOS="700"/>
							<String ID="string_142" HPOS="714" VPOS="840" WIDTH="106" HEIGHT="25" WC="0.92" CONTENT="skattskyl-"/>
						</TextLine>
						<TextLine ID="line_21" HPOS="77" VPOS="865" WIDTH="592" HEIGHT="26">
							<String ID="string_143" HPOS="77" VPOS="865" WIDTH="31" HEIGHT="26" WC="0.96" CONTENT="dig"/><SP WIDTH="15" VPOS="865" HPOS="108"/>
							<String ID="string_144" HPOS="123" VPOS="866" WIDTH="89" HEIGHT="25" WC="0.93" CONTENT="erläggas"/><SP WIDTH="15" VPOS="866" HPOS="212"/>
							<String ID="string_145" HPOS="227" VPOS="865" WIDTH="10" HEIGHT="20" WC="0.92" CONTENT="å"/><SP WIDTH="15" VPOS="865" HPOS="237"/>
							<String ID="string_146" HPOS="252" VPOS="865" WIDTH="38" HEIGHT="20" WC="0.96" CONTENT="den"/><SP WIDTH="15" VPOS="865" HPOS="290"/>
							<String ID="string_147" HPOS="305" VPOS="868" WIDTH="31" HEIGHT="17" WC="0.96" CONTENT="ort"/><SP WIDTH="14" VPOS="868" HPOS="336"/>
							<String ID="string_148" HPOS="350" VPOS="865" WIDTH="35" HEIGHT="20" WC="0.95" CONTENT="der"/><SP WIDTH="15" VPOS="865" HPOS="385"/>
							<String ID="string_149" HPOS="400" VPOS="865" WIDTH="38" HEIGHT="20" WC="0.96" CONTENT="han"/><SP WIDTH="15" VPOS="865" HPOS="438"/>
							<String ID="string_150" HPOS="453" VPOS="867" WIDTH="21" HEIGHT="18" WC="0.93" CONTENT="är"/><SP WIDTH="15" VPOS="867" HPOS="474"/>
							<String ID="string_151" HPOS="489" VPOS="865" WIDTH="180" HEIGHT="20" WC="0.90" CONTENT="mantalsskrifven."/>
						</TextLine>
					</TextBlock>
					<TextBlock ID="block_8" HPOS="76" VPOS="890" WIDTH="745" HEIGHT="55">
						<TextLine ID="line_22" HPOS="130" VPOS="890" WIDTH="691" HEIGHT="27">
							<String ID="string_152" HPOS="130" VPOS="893" WIDTH="42" HEIGHT="19" WC="0.96" CONTENT="Den"/><SP WIDTH="15" VPOS="893" HPOS="172"/>
							<String ID="string_153" HPOS="187" VPOS="893" WIDTH="29" HEIGHT="18" WC="0.96" CONTENT="för"/><SP WIDTH="15" VPOS="893" HPOS="216"/>
							<String ID="string_154" HPOS="231" VPOS="893" WIDTH="39" HEIGHT="18" WC="0.96" CONTENT="fast"/><SP WIDTH="14" VPOS="893" HPOS="270"/>
							<String ID="string_155" HPOS="284" VPOS="891" WIDTH="96" HEIGHT="26" WC="0.93" CONTENT="egendom"/><SP WIDTH="13" VPOS="891" HPOS="380"/>
							<String ID="string_156" HPOS="393" VPOS="891" WIDTH="109" HEIGHT="26" WC="0.90" CONTENT="belöpande"/><SP WIDTH="20" VPOS="891" HPOS="502"/>
							<String ID="string_157" HPOS="522" VPOS="891" WIDTH="106" HEIGHT="26" WC="0.92" CONTENT="bevillning"/><SP WIDTH="16" VPOS="891" HPOS="628"/>
							<String ID="string_158" HPOS="644" VPOS="890" WIDTH="80" HEIGHT="27" WC="0.42" CONTENT="päföres"/><SP WIDTH="14" VPOS="890" HPOS="724"/>
							<String ID="string_159" HPOS="738" VPOS="891" WIDTH="39" HEIGHT="20" WC="0.93" CONTENT="och"/><SP WIDTH="14" VPOS="891" HPOS="777"/>
							<String ID="string_160" HPOS="791" VPOS="897" WIDTH="30" HEIGHT="14" WC="0.93" CONTENT="er-"/>
						</TextLine>
						<TextLine ID="line_23" HPOS="76" VPOS="917" WIDTH="556" HEIGHT="28">
							<String ID="string_161" HPOS="76" VPOS="919" WIDTH="67" HEIGHT="26" WC="0.96" CONTENT="lägges"/><SP WIDTH="15" VPOS="919" HPOS="143"/>
							<String ID="string_162" HPOS="158" VPOS="919" WIDTH="54" HEIGHT="18" WC="0.96" CONTENT="inom"/><SP WIDTH="13" VPOS="919" HPOS="212"/>
							<String ID="string_163" HPOS="225" VPOS="919" WIDTH="38" HEIGHT="19" WC="0.96" CONTENT="den"/><SP WIDTH="15" VPOS="919" HPOS="263"/>
							<String ID="string_164" HPOS="278" VPOS="921" WIDTH="32" HEIGHT="16" WC="0.96" CONTENT="ort"/><SP WIDTH="13" VPOS="921" HPOS="310"/>
							<String ID="string_165" HPOS="323" VPOS="919" WIDTH="35" HEIGHT="19" WC="0.96" CONTENT="der"/><SP WIDTH="16" VPOS="919" HPOS="358"/>
							<String ID="string_166" HPOS="374" VPOS="921" WIDTH="120" HEIGHT="23" WC="0.96" CONTENT="egendomen"/><SP WIDTH="13" VPOS="921" HPOS="494"/>
							<String ID="string_167" HPOS="507" VPOS="919" WIDTH="22" HEIGHT="18" WC="0.93" CONTENT="är"/><SP WIDTH="15" VPOS="919" HPOS="529"/>
							<String ID="string_168" HPOS="544" VPOS="917" WIDTH="88" HEIGHT="26" WC="0.96" CONTENT="belägen."/>
						</TextLine>
					</TextBlock>
					<TextBlock ID="block_9" HPOS="130" VPOS="943" WIDTH="612" HEIGHT="28">
						<TextLine ID="line_24" HPOS="130" VPOS="943" WIDTH="612" HEIGHT="28">
							<String ID="string_169" HPOS="130" VPOS="945" WIDTH="105" HEIGHT="26" WC="0.92" CONTENT="Bevillning"/><SP WIDTH="15" VPOS="945" HPOS="235"/>
							<String ID="string_170" HPOS="250" VPOS="945" WIDTH="28" HEIGHT="19" WC="0.92" CONTENT="för"/><SP WIDTH="14" VPOS="945" HPOS="278"/>
							<String ID="string_171" HPOS="292" VPOS="945" WIDTH="86" HEIGHT="19" WC="0.96" CONTENT="inkomst"/><SP WIDTH="14" VPOS="945" HPOS="378"/>
							<String ID="string_172" HPOS="392" VPOS="945" WIDTH="20" HEIGHT="19" WC="0.93" CONTENT="af"/><SP WIDTH="13" VPOS="945" HPOS="412"/>
							<String ID="string_173" HPOS="425" VPOS="945" WIDTH="70" HEIGHT="24" WC="0.96" CONTENT="kapital"/><SP WIDTH="15" VPOS="945" HPOS="495"/>
							<String ID="string_174" HPOS="510" VPOS="945" WIDTH="47" HEIGHT="18" WC="0.94" CONTENT="eller"/><SP WIDTH="14" VPOS="945" HPOS="557"/>
							<String ID="string_175" HPOS="571" VPOS="944" WIDTH="68" HEIGHT="19" WC="0.93" CONTENT="arbete"/><SP WIDTH="14" VPOS="944" HPOS="639"/>
							<String ID="string_176" HPOS="653" VPOS="943" WIDTH="89" HEIGHT="26" WC="0.92" CONTENT="päföres:"/>
						</TextLine>
					</TextBlock>
					<TextBlock ID="block_10" HPOS="77" VPOS="969" WIDTH="744" HEIGHT="53">
						<TextLine ID="line_25" HPOS="130" VPOS="969" WIDTH="691" HEIGHT="27">
							<String ID="string_177" HPOS="130" VPOS="972" WIDTH="19" HEIGHT="24" WC="0.93" CONTENT="a)"/><SP WIDTH="29" VPOS="972" HPOS="149"/>
							<String ID="string_178" HPOS="178" VPOS="971" WIDTH="58" HEIGHT="25" WC="0.93" CONTENT="bolag"/><SP WIDTH="14" VPOS="971" HPOS="236"/>
							<String ID="string_179" HPOS="250" VPOS="971" WIDTH="36" HEIGHT="20" WC="0.96" CONTENT="der"/><SP WIDTH="14" VPOS="971" HPOS="286"/>
							<String ID="string_180" HPOS="300" VPOS="971" WIDTH="47" HEIGHT="20" WC="0.96" CONTENT="dess"/><SP WIDTH="15" VPOS="971" HPOS="347"/>
							<String ID="string_181" HPOS="362" VPOS="971" WIDTH="76" HEIGHT="20" WC="0.92" CONTENT="rörelse"/><SP WIDTH="10" VPOS="971" HPOS="438"/>
							<String ID="string_182" HPOS="448" VPOS="971" WIDTH="133" HEIGHT="25" WC="0.53" CONTENT="förnämligas!"/><SP WIDTH="12" VPOS="971" HPOS="581"/>
							<String ID="string_183" HPOS="593" VPOS="970" WIDTH="101" HEIGHT="19" WC="0.86" CONTENT="beurifves"/><SP WIDTH="11" VPOS="970" HPOS="694"/>
							<String ID="string_184" HPOS="705" VPOS="970" WIDTH="54" HEIGHT="25" WC="0.96" CONTENT="eller,"/><SP WIDTH="16" VPOS="970" HPOS="759"/>
							<String ID="string_185" HPOS="775" VPOS="969" WIDTH="5" HEIGHT="19" WC="0.31" CONTENT="i"/><SP WIDTH="5" VPOS="969" HPOS="780"/>
							<String ID="string_186" HPOS="785" VPOS="969" WIDTH="36" HEIGHT="20" WC="0.31" CONTENT="fall"/>
						</TextLine>
						<TextLine ID="line_26" HPOS="77" VPOS="996" WIDTH="703" HEIGHT="26">
							<String ID="string_187" HPOS="77" VPOS="997" WIDTH="61" HEIGHT="21" WC="0.96" CONTENT="sådan"/><SP WIDTH="15" VPOS="997" HPOS="138"/>
							<String ID="string_188" HPOS="153" VPOS="997" WIDTH="91" HEIGHT="20" WC="0.96" CONTENT="bestämd"/><SP WIDTH="15" VPOS="997" HPOS="244"/>
							<String ID="string_189" HPOS="259" VPOS="1000" WIDTH="31" HEIGHT="17" WC="0.93" CONTENT="ort"/><SP WIDTH="14" VPOS="1000" HPOS="290"/>
							<String ID="string_190" HPOS="304" VPOS="997" WIDTH="44" HEIGHT="20" WC="0.96" CONTENT="icke"/><SP WIDTH="14" VPOS="997" HPOS="348"/>
							<String ID="string_191" HPOS="362" VPOS="997" WIDTH="71" HEIGHT="22" WC="0.96" CONTENT="finnes,"/><SP WIDTH="16" VPOS="997" HPOS="433"/>
							<String ID="string_192" HPOS="449" VPOS="997" WIDTH="35" HEIGHT="20" WC="0.93" CONTENT="der"/><SP WIDTH="15" VPOS="997" HPOS="484"/>
							<String ID="string_193" HPOS="499" VPOS="997" WIDTH="77" HEIGHT="25" WC="0.96" CONTENT="bolaget"/><SP WIDTH="13" VPOS="997" HPOS="576"/>
							<String ID="string_194" HPOS="589" VPOS="997" WIDTH="37" HEIGHT="19" WC="0.96" CONTENT="bar"/><SP WIDTH="14" VPOS="997" HPOS="626"/>
							<String ID="string_195" HPOS="640" VPOS="996" WIDTH="30" HEIGHT="19" WC="0.93" CONTENT="sin"/><SP WIDTH="14" VPOS="996" HPOS="670"/>
							<String ID="string_196" HPOS="684" VPOS="997" WIDTH="96" HEIGHT="24" WC="0.96" CONTENT="styrelse;"/>
						</TextLine>
					</TextBlock>
					<TextBlock ID="block_11" HPOS="77" VPOS="1022" WIDTH="763" HEIGHT="53">
						<TextLine ID="line_27" HPOS="131" VPOS="1022" WIDTH="692" HEIGHT="27">
							<String ID="string_197" HPOS="131" VPOS="1025" WIDTH="21" HEIGHT="23" WC="0.90" CONTENT="b)"/><SP WIDTH="29" VPOS="1025" HPOS="152"/>
							<String ID="string_198" HPOS="181" VPOS="1024" WIDTH="142" HEIGHT="25" WC="0.89" CONTENT="fabriksegare,"/><SP WIDTH="25" VPOS="1024" HPOS="323"/>
							<String ID="string_199" HPOS="348" VPOS="1023" WIDTH="108" HEIGHT="20" WC="0.94" CONTENT="handlande"/><SP WIDTH="20" VPOS="1023" HPOS="456"/>
							<String ID="string_200" HPOS="476" VPOS="1023" WIDTH="47" HEIGHT="20" WC="0.95" CONTENT="eller"/><SP WIDTH="17" VPOS="1023" HPOS="523"/>
							<String ID="string_201" HPOS="540" VPOS="1028" WIDTH="62" HEIGHT="14" WC="0.96" CONTENT="annan"/><SP WIDTH="21" VPOS="1028" HPOS="602"/>
							<String ID="string_202" HPOS="623" VPOS="1022" WIDTH="147" HEIGHT="25" WC="0.90" CONTENT="näringsidkare"/><SP WIDTH="17" VPOS="1022" HPOS="770"/>
							<String ID="string_203" HPOS="787" VPOS="1022" WIDTH="36" HEIGHT="20" WC="0.96" CONTENT="der"/>
						</TextLine>
						<TextLine ID="line_28" HPOS="77" VPOS="1048" WIDTH="763" HEIGHT="27">
							<String ID="string_204" HPOS="77" VPOS="1050" WIDTH="90" HEIGHT="20" WC="0.96" CONTENT="fabriken"/><SP WIDTH="14" VPOS="1050" HPOS="167"/>
							<String ID="string_205" HPOS="181" VPOS="1051" WIDTH="22" HEIGHT="18" WC="0.95" CONTENT="är"/><SP WIDTH="14" VPOS="1051" HPOS="203"/>
							<String ID="string_206" HPOS="217" VPOS="1050" WIDTH="87" HEIGHT="25" WC="0.96" CONTENT="belägen,"/><SP WIDTH="16" VPOS="1050" HPOS="304"/>
							<String ID="string_207" HPOS="320" VPOS="1050" WIDTH="48" HEIGHT="19" WC="0.96" CONTENT="eller"/><SP WIDTH="16" VPOS="1050" HPOS="368"/>
							<String ID="string_208" HPOS="384" VPOS="1049" WIDTH="89" HEIGHT="25" WC="0.96" CONTENT="handeln,"/><SP WIDTH="17" VPOS="1049" HPOS="473"/>
							<String ID="string_209" HPOS="490" VPOS="1049" WIDTH="57" HEIGHT="26" WC="0.96" CONTENT="yrket"/><SP WIDTH="14" VPOS="1049" HPOS="547"/>
							<String ID="string_210" HPOS="561" VPOS="1049" WIDTH="46" HEIGHT="19" WC="0.96" CONTENT="eller"/><SP WIDTH="15" VPOS="1049" HPOS="607"/>
							<String ID="string_211" HPOS="622" VPOS="1049" WIDTH="92" HEIGHT="25" WC="0.93" CONTENT="näringen"/><SP WIDTH="15" VPOS="1049" HPOS="714"/>
							<String ID="string_212" HPOS="729" VPOS="1049" WIDTH="65" HEIGHT="22" WC="0.60" CONTENT="idkas;"/>
						</TextLine>
					</TextBlock>
					<TextBlock ID="block_12" HPOS="77" VPOS="1074" WIDTH="746" HEIGHT="54">
						<TextLine ID="line_29" HPOS="131" VPOS="1074" WIDTH="692" HEIGHT="27">
							<String ID="string_213" HPOS="131" VPOS="1077" WIDTH="19" HEIGHT="24" WC="0.84" CONTENT="c)"/><SP WIDTH="29" VPOS="1077" HPOS="150"/>
							<String ID="string_214" HPOS="179" VPOS="1082" WIDTH="57" HEIGHT="19" WC="0.92" CONTENT="egare"/><SP WIDTH="15" VPOS="1082" HPOS="236"/>
							<String ID="string_215" HPOS="251" VPOS="1077" WIDTH="21" HEIGHT="19" WC="0.96" CONTENT="af"/><SP WIDTH="13" VPOS="1077" HPOS="272"/>
							<String ID="string_216" HPOS="285" VPOS="1076" WIDTH="69" HEIGHT="25" WC="0.93" CONTENT="fartyg,"/><SP WIDTH="17" VPOS="1076" HPOS="354"/>
							<String ID="string_217" HPOS="371" VPOS="1075" WIDTH="78" HEIGHT="20" WC="0.93" CONTENT="hvaruti"/><SP WIDTH="15" VPOS="1075" HPOS="449"/>
							<String ID="string_218" HPOS="464" VPOS="1076" WIDTH="47" HEIGHT="19" WC="0.95" CONTENT="flere"/><SP WIDTH="16" VPOS="1076" HPOS="511"/>
							<String ID="string_219" HPOS="527" VPOS="1074" WIDTH="58" HEIGHT="21" WC="0.94" CONTENT="hafva"/><SP WIDTH="14" VPOS="1074" HPOS="585"/>
							<String ID="string_220" HPOS="599" VPOS="1075" WIDTH="38" HEIGHT="24" WC="0.96" CONTENT="del,"/><SP WIDTH="11" VPOS="1075" HPOS="637"/>
							<String ID="string_221" HPOS="648" VPOS="1075" WIDTH="36" HEIGHT="19" WC="0.93" CONTENT="der"/><SP WIDTH="14" VPOS="1075" HPOS="684"/>
							<String ID="string_222" HPOS="698" VPOS="1074" WIDTH="85" HEIGHT="19" WC="0.93" CONTENT="hufvud-"/><SP WIDTH="14" VPOS="1074" HPOS="783"/>
							<String ID="string_223" HPOS="797" VPOS="1075" WIDTH="26" HEIGHT="18" WC="0.93" CONTENT="el-"/>
						</TextLine>
						<TextLine ID="line_30" HPOS="77" VPOS="1101" WIDTH="508" HEIGHT="27">
							<String ID="string_224" HPOS="77" VPOS="1103" WIDTH="28" HEIGHT="20" WC="0.92" CONTENT="ler"/><SP WIDTH="15" VPOS="1103" HPOS="105"/>
							<String ID="string_225" HPOS="120" VPOS="1102" WIDTH="230" HEIGHT="26" WC="0.91" CONTENT="korrespodentredaren"/><SP WIDTH="14" VPOS="1102" HPOS="350"/>
							<String ID="string_226" HPOS="364" VPOS="1103" WIDTH="22" HEIGHT="18" WC="0.92" CONTENT="är"/><SP WIDTH="14" VPOS="1103" HPOS="386"/>
							<String ID="string_227" HPOS="400" VPOS="1101" WIDTH="185" HEIGHT="23" WC="0.88" CONTENT="mantalsskrifven;"/>
						</TextLine>
					</TextBlock>
					<TextBlock ID="block_13" HPOS="77" VPOS="1126" WIDTH="747" HEIGHT="53">
						<TextLine ID="line_31" HPOS="131" VPOS="1126" WIDTH="693" HEIGHT="28">
							<String ID="string_228" HPOS="131" VPOS="1130" WIDTH="20" HEIGHT="24" WC="0.91" CONTENT="d)"/><SP WIDTH="29" VPOS="1130" HPOS="151"/>
							<String ID="string_229" HPOS="180" VPOS="1128" WIDTH="50" HEIGHT="20" WC="0.96" CONTENT="hvar"/><SP WIDTH="17" VPOS="1128" HPOS="230"/>
							<String ID="string_230" HPOS="247" VPOS="1130" WIDTH="38" HEIGHT="18" WC="0.96" CONTENT="och"/><SP WIDTH="20" VPOS="1130" HPOS="285"/>
							<String ID="string_231" HPOS="305" VPOS="1134" WIDTH="24" HEIGHT="14" WC="0.96" CONTENT="en"/><SP WIDTH="16" VPOS="1134" HPOS="329"/>
							<String ID="string_232" HPOS="345" VPOS="1134" WIDTH="63" HEIGHT="14" WC="0.96" CONTENT="annan"/><SP WIDTH="21" VPOS="1134" HPOS="408"/>
							<String ID="string_233" HPOS="429" VPOS="1127" WIDTH="130" HEIGHT="27" WC="0.96" CONTENT="skattskyldig"/><SP WIDTH="20" VPOS="1127" HPOS="559"/>
							<String ID="string_234" HPOS="579" VPOS="1127" WIDTH="36" HEIGHT="19" WC="0.95" CONTENT="der"/><SP WIDTH="19" VPOS="1127" HPOS="615"/>
							<String ID="string_235" HPOS="634" VPOS="1127" WIDTH="38" HEIGHT="19" WC="0.96" CONTENT="han"/><SP WIDTH="20" VPOS="1127" HPOS="672"/>
							<String ID="string_236" HPOS="692" VPOS="1127" WIDTH="22" HEIGHT="19" WC="0.93" CONTENT="är"/><SP WIDTH="17" VPOS="1127" HPOS="714"/>
							<String ID="string_237" HPOS="731" VPOS="1126" WIDTH="93" HEIGHT="19" WC="0.91" CONTENT="mantals-"/>
						</TextLine>
						<TextLine ID="line_32" HPOS="77" VPOS="1155" WIDTH="100" HEIGHT="24">
							<String ID="string_238" HPOS="77" VPOS="1155" WIDTH="100" HEIGHT="24" WC="0.91" CONTENT="skrifven"/><SP WIDTH="-8" VPOS="1155" HPOS="177"/>
							<String ID="string_239" HPOS="169" VPOS="1151" WIDTH="12" HEIGHT="33" WC="0.91" CONTENT=";"/>
						</TextLine>
					</TextBlock>
				</ComposedBlock>
				<ComposedBlock ID="cblock_8" HPOS="422" VPOS="1208" WIDTH="56" HEIGHT="25">
					<TextBlock ID="block_14" HPOS="422" VPOS="1208" WIDTH="56" HEIGHT="25">
						<TextLine ID="line_33" HPOS="422" VPOS="1208" WIDTH="56" HEIGHT="25">
							<String ID="string_240" HPOS="422" VPOS="1208" WIDTH="10" HEIGHT="25" WC="0.74" CONTENT="$"/><SP WIDTH="15" VPOS="1208" HPOS="432"/>
							<String ID="string_241" HPOS="447" VPOS="1208" WIDTH="31" HEIGHT="19" WC="0.96" CONTENT="36."/>
						</TextLine>
					</TextBlock>
				</ComposedBlock>
				<ComposedBlock ID="cblock_9" HPOS="79" VPOS="1243" WIDTH="747" HEIGHT="213">
					<TextBlock ID="block_15" HPOS="79" VPOS="1243" WIDTH="747" HEIGHT="108">
						<TextLine ID="line_34" HPOS="130" VPOS="1243" WIDTH="694" HEIGHT="28">
							<String ID="string_242" HPOS="130" VPOS="1247" WIDTH="67" HEIGHT="20" WC="0.93" CONTENT="Sedan"/><SP WIDTH="13" VPOS="1247" HPOS="197"/>
							<String ID="string_243" HPOS="210" VPOS="1245" WIDTH="207" HEIGHT="26" WC="0.92" CONTENT="taxeringslängderne"/><SP WIDTH="20" VPOS="1245" HPOS="417"/>
							<String ID="string_244" HPOS="437" VPOS="1244" WIDTH="43" HEIGHT="20" WC="0.93" CONTENT="från"/><SP WIDTH="17" VPOS="1244" HPOS="480"/>
							<String ID="string_245" HPOS="497" VPOS="1243" WIDTH="226" HEIGHT="26" WC="0.61" CONTENT="Pröfningskomit&amp;erna"/><SP WIDTH="17" VPOS="1243" HPOS="723"/>
							<String ID="string_246" HPOS="740" VPOS="1243" WIDTH="84" HEIGHT="28" WC="0.96" CONTENT="kommit"/>
						</TextLine>
						<TextLine ID="line_35" HPOS="79" VPOS="1269" WIDTH="745" HEIGHT="28">
							<String ID="string_247" HPOS="79" VPOS="1273" WIDTH="148" HEIGHT="20" WC="0.93" CONTENT="vederbörande"/><SP WIDTH="13" VPOS="1273" HPOS="227"/>
							<String ID="string_248" HPOS="240" VPOS="1272" WIDTH="119" HEIGHT="25" WC="0.91" CONTENT="tjensteman"/><SP WIDTH="10" VPOS="1272" HPOS="359"/>
							<String ID="string_249" HPOS="369" VPOS="1271" WIDTH="96" HEIGHT="25" WC="0.95" CONTENT="tillhanda,"/><SP WIDTH="12" VPOS="1271" HPOS="465"/>
							<String ID="string_250" HPOS="477" VPOS="1271" WIDTH="48" HEIGHT="20" WC="0.92" CONTENT="böra"/><SP WIDTH="9" VPOS="1271" HPOS="525"/>
							<String ID="string_251" HPOS="534" VPOS="1269" WIDTH="229" HEIGHT="26" WC="0.85" CONTENT="bevillningsafgifterne,"/><SP WIDTH="10" VPOS="1269" HPOS="763"/>
							<String ID="string_252" HPOS="773" VPOS="1273" WIDTH="51" HEIGHT="20" WC="0.83" CONTENT="jem-"/>
						</TextLine>
						<TextLine ID="line_36" HPOS="79" VPOS="1295" WIDTH="747" HEIGHT="30">
							<String ID="string_253" HPOS="79" VPOS="1303" WIDTH="18" HEIGHT="17" WC="0.92" CONTENT="te"/><SP WIDTH="15" VPOS="1303" HPOS="97"/>
							<String ID="string_254" HPOS="112" VPOS="1300" WIDTH="110" HEIGHT="25" WC="0.93" CONTENT="personliga"/><SP WIDTH="22" VPOS="1300" HPOS="222"/>
							<String ID="string_255" HPOS="244" VPOS="1299" WIDTH="164" HEIGHT="26" WC="0.48" CONTENT="skydlsafgiften,"/><SP WIDTH="24" VPOS="1299" HPOS="408"/>
							<String ID="string_256" HPOS="432" VPOS="1298" WIDTH="106" HEIGHT="19" WC="0.91" CONTENT="hvaröfver"/><SP WIDTH="20" VPOS="1298" HPOS="538"/>
							<String ID="string_257" HPOS="558" VPOS="1297" WIDTH="85" HEIGHT="19" WC="0.96" CONTENT="särskild"/><SP WIDTH="19" VPOS="1297" HPOS="643"/>
							<String ID="string_258" HPOS="662" VPOS="1295" WIDTH="58" HEIGHT="26" WC="0.96" CONTENT="längd"/><SP WIDTH="16" VPOS="1295" HPOS="720"/>
							<String ID="string_259" HPOS="736" VPOS="1295" WIDTH="48" HEIGHT="20" WC="0.91" CONTENT="skall"/><SP WIDTH="20" VPOS="1295" HPOS="784"/>
							<String ID="string_260" HPOS="804" VPOS="1295" WIDTH="22" HEIGHT="18" WC="0.96" CONTENT="af"/>
						</TextLine>
						<TextLine ID="line_37" HPOS="79" VPOS="1323" WIDTH="636" HEIGHT="28">
							<String ID="string_261" HPOS="79" VPOS="1327" WIDTH="73" HEIGHT="18" WC="0.93" CONTENT="honom"/><SP WIDTH="15" VPOS="1327" HPOS="152"/>
							<String ID="string_262" HPOS="167" VPOS="1327" WIDTH="109" HEIGHT="23" WC="0.94" CONTENT="upprättas,"/><SP WIDTH="16" VPOS="1327" HPOS="276"/>
							<String ID="string_263" HPOS="292" VPOS="1326" WIDTH="5" HEIGHT="17" WC="0.93" CONTENT="i"/><SP WIDTH="15" VPOS="1326" HPOS="297"/>
							<String ID="string_264" HPOS="312" VPOS="1323" WIDTH="166" HEIGHT="26" WC="0.75" CONTENT="uppbörusboken"/><SP WIDTH="15" VPOS="1323" HPOS="478"/>
							<String ID="string_265" HPOS="493" VPOS="1323" WIDTH="146" HEIGHT="27" WC="0.70" CONTENT="uppdebiteras."/>
						</TextLine>
					</TextBlock>
					<TextBlock ID="block_16" HPOS="79" VPOS="1345" WIDTH="744" HEIGHT="85">
						<TextLine ID="line_38" HPOS="131" VPOS="1345" WIDTH="691" HEIGHT="33">
							<String ID="string_266" HPOS="131" VPOS="1352" WIDTH="49" HEIGHT="23" WC="0.96" CONTENT="Den,"/><SP WIDTH="16" VPOS="1352" HPOS="180"/>
							<String ID="string_267" HPOS="196" VPOS="1352" WIDTH="60" HEIGHT="25" WC="0.93" CONTENT="enligt"/><SP WIDTH="14" VPOS="1352" HPOS="256"/>
							<String ID="string_268" HPOS="270" VPOS="1349" WIDTH="174" HEIGHT="27" WC="0.71" CONTENT="uppbördsboken,"/><SP WIDTH="16" VPOS="1349" HPOS="444"/>
							<String ID="string_269" HPOS="460" VPOS="1349" WIDTH="69" HEIGHT="24" WC="0.96" CONTENT="hvarje"/><SP WIDTH="14" VPOS="1349" HPOS="529"/>
							<String ID="string_270" HPOS="543" VPOS="1347" WIDTH="133" HEIGHT="31" WC="0.96" CONTENT="skattskyldig"/><SP WIDTH="18" VPOS="1347" HPOS="676"/>
							<String ID="string_271" HPOS="694" VPOS="1346" WIDTH="80" HEIGHT="26" WC="0.91" CONTENT="påförda"/><SP WIDTH="15" VPOS="1346" HPOS="774"/>
							<String ID="string_272" HPOS="789" VPOS="1345" WIDTH="33" HEIGHT="20" WC="0.92" CONTENT="be-"/>
						</TextLine>
						<TextLine ID="line_39" HPOS="80" VPOS="1372" WIDTH="743" HEIGHT="31">
							<String ID="string_273" HPOS="80" VPOS="1377" WIDTH="78" HEIGHT="26" WC="0.77" CONTENT="vilining"/><SP WIDTH="14" VPOS="1377" HPOS="158"/>
							<String ID="string_274" HPOS="172" VPOS="1377" WIDTH="49" HEIGHT="20" WC="0.93" CONTENT="skall"/><SP WIDTH="15" VPOS="1377" HPOS="221"/>
							<String ID="string_275" HPOS="236" VPOS="1380" WIDTH="96" HEIGHT="23" WC="0.95" CONTENT="upptagas"/><SP WIDTH="15" VPOS="1380" HPOS="332"/>
							<String ID="string_276" HPOS="347" VPOS="1376" WIDTH="5" HEIGHT="19" WC="0.95" CONTENT="i"/><SP WIDTH="14" VPOS="1376" HPOS="352"/>
							<String ID="string_277" HPOS="366" VPOS="1377" WIDTH="50" HEIGHT="19" WC="0.96" CONTENT="hans"/><SP WIDTH="21" VPOS="1377" HPOS="416"/>
							<String ID="string_278" HPOS="437" VPOS="1375" WIDTH="28" HEIGHT="20" WC="0.96" CONTENT="för"/><SP WIDTH="14" VPOS="1375" HPOS="465"/>
							<String ID="string_279" HPOS="479" VPOS="1379" WIDTH="76" HEIGHT="15" WC="0.96" CONTENT="samma"/><SP WIDTH="15" VPOS="1379" HPOS="555"/>
							<String ID="string_280" HPOS="570" VPOS="1379" WIDTH="20" HEIGHT="14" WC="0.93" CONTENT="är"/><SP WIDTH="6" VPOS="1379" HPOS="590"/>
							<String ID="string_281" HPOS="596" VPOS="1373" WIDTH="114" HEIGHT="30" WC="0.91" CONTENT="utfärdade"/><SP WIDTH="19" VPOS="1373" HPOS="710"/>
							<String ID="string_282" HPOS="729" VPOS="1372" WIDTH="94" HEIGHT="19" WC="0.54" CONTENT="Jebetse-"/>
						</TextLine>
						<TextLine ID="line_40" HPOS="79" VPOS="1400" WIDTH="660" HEIGHT="30">
							<String ID="string_283" HPOS="79" VPOS="1405" WIDTH="39" HEIGHT="25" WC="0.96" CONTENT="del,"/><SP WIDTH="16" VPOS="1405" HPOS="118"/>
							<String ID="string_284" HPOS="134" VPOS="1404" WIDTH="80" HEIGHT="20" WC="0.96" CONTENT="hvilken"/><SP WIDTH="14" VPOS="1404" HPOS="214"/>
							<String ID="string_285" HPOS="228" VPOS="1404" WIDTH="42" HEIGHT="24" WC="0.93" CONTENT="bör,"/><SP WIDTH="15" VPOS="1404" HPOS="270"/>
							<String ID="string_286" HPOS="285" VPOS="1403" WIDTH="63" HEIGHT="25" WC="0.96" CONTENT="jemte"/><SP WIDTH="14" VPOS="1403" HPOS="348"/>
							<String ID="string_287" HPOS="362" VPOS="1402" WIDTH="110" HEIGHT="28" WC="0.93" CONTENT="personliga"/><SP WIDTH="14" VPOS="1402" HPOS="472"/>
							<String ID="string_288" HPOS="486" VPOS="1400" WIDTH="163" HEIGHT="30" WC="0.92" CONTENT="skyddsafgiften,"/><SP WIDTH="15" VPOS="1400" HPOS="649"/>
							<String ID="string_289" HPOS="664" VPOS="1402" WIDTH="75" HEIGHT="27" WC="0.96" CONTENT="utvisa:"/>
						</TextLine>
					</TextBlock>
					<TextBlock ID="block_17" HPOS="132" VPOS="1426" WIDTH="692" HEIGHT="30">
						<TextLine ID="line_41" HPOS="132" VPOS="1426" WIDTH="692" HEIGHT="30">
							<String ID="string_290" HPOS="132" VPOS="1432" WIDTH="20" HEIGHT="24" WC="0.86" CONTENT="a)"/><SP WIDTH="28" VPOS="1432" HPOS="152"/>
							<String ID="string_291" HPOS="180" VPOS="1430" WIDTH="171" HEIGHT="26" WC="0.91" CONTENT="taxeringsvärdet"/><SP WIDTH="13" VPOS="1430" HPOS="351"/>
							<String ID="string_292" HPOS="364" VPOS="1428" WIDTH="12" HEIGHT="21" WC="0.93" CONTENT="å"/><SP WIDTH="14" VPOS="1428" HPOS="376"/>
							<String ID="string_293" HPOS="390" VPOS="1429" WIDTH="70" HEIGHT="25" WC="0.96" CONTENT="hvarje"/><SP WIDTH="13" VPOS="1429" HPOS="460"/>
							<String ID="string_294" HPOS="473" VPOS="1428" WIDTH="38" HEIGHT="20" WC="0.75" CONTENT="den"/><SP WIDTH="17" VPOS="1428" HPOS="511"/>
							<String ID="string_295" HPOS="528" VPOS="1426" WIDTH="155" HEIGHT="26" WC="0.91" CONTENT="skattskyldiges"/><SP WIDTH="16" VPOS="1426" HPOS="683"/>
							<String ID="string_296" HPOS="699" VPOS="1430" WIDTH="55" HEIGHT="16" WC="0.93" CONTENT="inom"/><SP WIDTH="15" VPOS="1430" HPOS="754"/>
							<String ID="string_297" HPOS="769" VPOS="1427" WIDTH="55" HEIGHT="17" WC="0.92" CONTENT="taxe-"/>
						</TextLine>
					</TextBlock>
				</ComposedBlock>
				<GraphicalElement ID="cblock_10" HPOS="1010" VPOS="19" WIDTH="4" HEIGHT="408"></GraphicalElement >
				<GraphicalElement ID="cblock_11" HPOS="1001" VPOS="25" WIDTH="13" HEIGHT="839"></GraphicalElement >
			</PrintSpace>
		</Page>
	</Layout>
</alto>
