3666 2689
298 261 153 38 Ekonomie
480 259 155 39 Utskottets
665 259 119 51 Förslag
813 259 38 38 till
880 259 268 52 sammanjemkning
1176 260 32 39 af
1234 261 33 38 de
1297 241 161 76 skiljaktiga
1474 261 117 51 beslut,
1624 239 59 61 som

197 324 63 52 slag
289 323 52 39 (ill
356 323 171 38 inrättande
543 323 32 38 af
600 321 156 52 folkskolor,
787 321 38 39 till
854 321 177 52 anläggande
1061 323 32 38 af
1118 336 54 38 nya
1200 323 401 52 kommunicationsanstalter,
1633 329 72 34 samt
1735 324 38 39 till
1803 325 143 40 särskilda
1974 327 86 40 andra
2090 329 211 52 allmännyttiga
2330 331 115 51 företag.

1677 186 2 10 i

2898 162 4 31 |

1712 262 112 39 landets
1854 263 158 51 Höglofliga
2045 265 120 39 Ständer
2194 267 82 38 fattat
2305 268 46 38 vid
2379 267 205 51 behandlingen
2615 267 32 39 af
2672 267 112 52 Nädiga
2817 267 206 53 Propositionen
3054 266 146 51 angående
3233 280 49 25 an-

3156 384 52 23 (Pag.
3222 385 41 22 988)

2730 483 132 28 Utskottets
2881 483 100 32 förslag.

232 430 131 44 Utskottets
1677 459 2 7 |

218 473 157 43 betänkande.
491 475 173 34 Ridderskapet
682 475 43 28 och
748 474 79 29 Adeln.
1070 471 185 44 Prestaståndet.
1563 463 214 62 Borgareståndet,
2083 481 181 30 Bondeståndet.

1672 538 1 3 i
1924 528 1 15 I

219 572 42 20 Sid.
277 573 18 19 7.
438 571 33 19 Att
477 571 87 25 anslaget
570 570 29 20 for
608 565 198 36 folkskoleväsendet,
818 569 82 25 390,000
911 565 12 36 |
940 569 112 21 Utskottets
1066 570 123 21 betänkande
1202 570 104 27 godkändt.
1441 567 133 33 Betänkandet
1587 543 106 57 godkändt.
1948 573 136 21 Betänkandet
2097 575 106 26 godkändt.

219 678 84 20 Sidorna
311 679 32 23 43,
354 678 24 20 19

255 706 38 19 och
308 705 33 20 20.

219 811 41 21 Sid.
277 812 32 20 14.

218 917 42 21 Sid.
273 919 32 19 14.

219 1023 40 21 Sid.
277 1024 32 20 15.

218 1129 41 20 Sid.
275 1130 32 19 22.

217 1261 41 20 Sid.
274 1262 33 20 24.

216 1394 41 21 Sid.
275 1395 32 20 16.

215 1499 42 35 Sid.
274 1500 32 18 16.

215 1576 42 21 Sid.
275 1577 32 20 17.

215 1655 42 20 Sid.
269 1640 36 35 18.

215 1735 42 21 Sid.
275 1735 31 21 18.

217 1841 40 20 Sid.
274 1842 32 20 19.

216 1894 41 20 Sid.
274 1895 33 19 20.

216 2000 41 21 Sid.
273 2001 33 20 21.

418 597 56 21 mark
489 597 29 19 för
533 597 48 25 äret,
597 597 35 19 bör
647 597 80 25 utgöras
737 596 63 20 under
810 596 38 20 lika
857 595 44 27 läng

418 624 28 20 tid
466 629 44 15 som
531 624 38 20 den
587 623 111 26 bevillning,
715 623 81 20 hvilken
810 622 91 27 möjligen

419 651 20 19 af
452 651 106 19 ständerna
572 650 114 20 fastställes.

439 677 32 20 Att
485 677 92 25 anslagen
591 677 20 19 af
624 676 89 25 samtlige
728 676 6 19 i
748 676 112 20 Utskottets
867 675 34 20 be-

419 704 96 20 tänkande
539 704 109 25 föreslagna
671 702 160 27 fyrinrättningar
853 703 48 19 böra

419 730 47 26 utgä
487 732 44 18 näst
551 730 49 20 efter
622 730 89 26 anslaget
728 729 30 20 för
772 729 129 21 folkskolevä-

418 757 77 20 sendet.

438 810 33 20 Att
488 810 109 26 jernvägen
618 810 83 19 emellan
721 810 124 19 Tavastehus
862 810 38 19 och

417 837 133 20 Tammerfors
571 837 35 19 bör
626 834 108 27 befrämjas
748 841 71 21 genom
834 836 67 26 anslag

418 864 26 20 till
459 864 104 25 föreslaget
576 863 72 26 belopp
663 862 97 20 nästefter
772 863 128 20 omförmälle

418 890 132 26 inrättningar.

439 917 33 20 Att
483 916 108 26 jernvägen
606 916 82 20 emellan
698 915 202 21 Riihimäki
811 911 34 35 och
854 911 48 35 Lah-

418 944 25 19 tis
457 943 36 20 bör
507 942 67 21 såsom
589 943 99 19 Utskottet
698 942 98 26 föreslagit
805 942 95 20 bekostas

418 972 45 18 näst
483 970 49 20 efter
551 969 108 26 jernvägen
681 969 82 19 emellan
776 970 124 19 Tavastehus

418 998 38 19 och
469 997 140 19 Tammerfors.
735 1001 3 8 '

439 1024 32 20 Att
491 1023 200 25 kanalanläggningen
714 1022 85 20 emellan
823 1021 77 27 Päijäne

418 1051 39 19 och
470 1049 97 26 Näsijärvi
582 1049 34 19 bör
630 1048 68 20 säsom
712 1048 100 21 Utskottet
821 1049 81 20 föresla-

418 1077 27 25 git
454 1077 90 25 anläggas
554 1075 98 25 samtidigt
660 1076 47 19 med
720 1075 181 20 Riihimäki—Lah-

418 1102 94 21 tisbanan.

438 1130 32 19 Att
484 1129 80 20 Jernäst
578 1135 24 14 en
615 1127 67 27 miljon
697 1128 56 19 mark
768 1128 55 20 skola
833 1128 65 20 ansläs

417 1157 27 19 till
457 1155 82 26 jernväg
546 1156 81 19 emellan
634 1154 62 27 Borgå
704 1155 38 20 och
749 1155 149 26 Helsingfors—

417 1183 125 20 Tavastehus
563 1182 67 25 banan,
652 1182 30 19 för
703 1181 39 20 den
763 1181 95 20 händelse
871 1184 28 17 att

415 1209 62 26 Borgå
491 1209 105 20 stadsboer
609 1208 57 25 ätoge
681 1208 29 26 sig
718 1209 60 24 öfriga
785 1208 114 21 omkostna-

415 1236 36 21 der
465 1235 28 20 för
508 1235 143 26 anläggningen.

437 1263 32 19 Alt
488 1261 152 27 kanaliseringen
661 1261 20 20 af
701 1261 142 20 Walkeakoski
857 1261 41 20 fors

416 1289 87 20 derefter
517 1288 35 21 bör
567 1289 93 20 bekostas
675 1288 46 20 med
736 1288 87 25 255,440
834 1288 63 20 mark.

437 1395 33 20 Att
483 1395 67 25 anslag
564 1395 35 19 bör
611 1393 79 26 jemlikt
704 1395 112 20 Utskottets
832 1394 68 20 betän-

417 1422 64 20 kande
495 1421 80 20 dernäst
589 1419 82 27 beviljas
685 1421 30 20 för
729 1421 110 20 utförandet
850 1421 20 20 af
876 1421 24 20 de

416 1449 110 26 föreslagna
540 1448 236 26 kanaliseringsarbetena
787 1449 53 18 inom
848 1447 55 22 Wir-

417 1475 44 20 Jois
476 1475 73 26 kapell.
901 1474 3 28 |

440 1502 38 18 Det
505 1502 20 18 af
550 1501 101 20 Utskottet
678 1501 110 23 föreslagna
812 1501 92 23 anslaget

417 1525 86 25 100,000
518 1525 56 20 mark
587 1525 36 19 bör
636 1525 82 19 dernäst
735 1524 46 25 utgå
799 1525 29 19 för
843 1525 57 20 Uleä-

417 1552 36 19 elfs
468 1551 97 26 rensning.

437 1578 110 20 Utskottets
560 1577 124 21 betänkande
699 1583 33 14 om
742 1577 130 27 kanalisering
882 1579 20 19 af

417 1605 141 25 vattendragen
572 1604 82 20 emellan
674 1604 98 20 Kallavesi
786 1605 38 19 och
839 1605 61 19 Iiden-

417 1631 55 20 salmi
487 1630 53 26 sjöar
553 1630 105 26 godkändt.

435 1658 133 19 Betänkandet
585 1656 101 26 angående
703 1658 87 25 anslaget
806 1658 30 19 för
850 1660 50 18 torr-

415 1684 113 26 läggningen
542 1684 30 19 för
585 1684 57 20 Pelso
656 1684 66 19 Mossa
736 1684 108 25 godkändt.

435 1737 134 20 Betänkandet
590 1736 102 27 angående
715 1738 88 24 anslaget
826 1737 26 21 till
874 1744 24 14 en

415 1764 92 20 lånefond
521 1764 30 19 för
565 1764 58 20 Kärr-
637 1764 39 19 och
693 1764 149 26 Moss-odlingar
852 1764 47 26 god-

415 1791 68 19 kändt.

437 1844 7 19 1
465 1844 211 20 öfverensstämmelse
698 1843 46 20 med
766 1844 133 20 betänkandet

416 1869 102 26 angående
531 1870 68 20 Kalkis
613 1870 38 20 och
666 1870 85 26 Jyrängö
768 1870 64 20 kanal.

436 1897 132 20 Betänkandet
585 1896 100 27 angående
704 1897 122 20 Lemströms
843 1897 55 21 kanal

416 1924 106 26 godkändt.

436 2004 97 20 Förordas
553 2006 28 18 att
601 2004 38 20 ifall
654 2004 113 27 ytterligare
780 2004 73 26 medel,
870 2010 31 14 se-

415 2030 38 20 dan
472 2030 25 20 de
517 2036 26 14 nu
563 2031 105 30 tillstyrkta
688 2032 95 24 anslagen
803 2030 44 20 från
861 2032 38 20 den

415 2057 105 19 förutsatta
541 2057 128 26 bevillningen
690 2057 63 26 utgått
774 2058 80 19 komme
871 2060 28 18 att

417 2083 105 21 framdeles
536 2084 77 20 anvisas
627 2084 27 20 till
667 2083 175 27 jernvägsföretag,
854 2084 46 20 des-

416 2116 22 14 sa
452 2110 70 20 främst
535 2110 62 20 borde
610 2110 101 20 användas
726 2111 26 20 till
766 2111 103 19 utförande
880 2111 20 20 af

413 2135 84 27 jernväg
518 2137 81 20 emellan
637 2138 26 19 Äbo
685 2138 38 19 och
737 2138 37 19 den
788 2138 108 25 föreslagna

413 2162 110 25 jernbanan
543 2163 81 21 emellan
646 2164 122 20 Tavastehus
788 2164 38 20 och
843 2164 55 20 Tam-

417 2190 92 19 merfors.

435 2215 91 21 Föresläs
547 2218 26 18 att
590 2216 5 20 i
613 2218 141 25 sammanhang
768 2217 46 20 med
828 2216 70 27 ifräga-

415 2243 86 20 varande
515 2243 36 20 sak
564 2243 122 26 underdänig
699 2243 88 21 anhållan
794 2244 64 19 skulle
865 2240 110 29 gö-|ingätt
995 2241 5 19 i
1020 2241 34 20 det
1074 2241 26 20 till
1115 2242 94 19 Utskottet
1222 2242 110 21 aflemnale
1345 2248 46 21 pro-

415 2275 32 14 ras
463 2269 36 20 hos
514 2270 52 19 Hans
586 2269 108 27 Kejserliga
709 2269 90 26 Majestät
813 2276 33 14 om
860 2269 36 21 Nä-

414 2295 44 27 diga
473 2295 93 27 åtgärder
580 2297 32 19 1:0
626 2297 31 20 för
671 2302 25 14 en
711 2297 83 20 särskild
812 2297 84 26 styrelse

414 2323 64 20 under
492 2323 62 20 hvars
567 2323 78 25 ledning
659 2323 126 20 förenämnde
794 2323 103 26 jernvägs-

415 2349 81 22 arbeten
511 2349 80 20 komme
605 2352 28 17 att
647 2349 118 21 verkställas
779 2351 33 18 2:o
824 2350 30 19 för
861 2351 37 29 hy-

415 2375 123 26 drografiska
552 2377 80 22 arbeten
648 2376 37 20 och
703 2375 147 27 sjö-mätningar
864 2376 33 20 vid

414 2401 65 21 finska
500 2403 95 19 kusterna
615 2403 39 19 och
675 2403 33 26 3:o
725 2403 29 20 för
769 2409 23 14 en
806 2403 91 26 tidsenlig

415 2429 64 20 vinter
499 2428 98 27 Postgång
610 2430 57 19 öfver
682 2430 71 19 Ålands
768 2430 34 19 haf
814 2430 82 20 emellan

414 2455 83 26 Sverige
513 2457 39 18 och
566 2455 85 21 Finland.

940 676 104 20 Utskottes
1058 676 123 21 betänkande
1194 676 105 27 godkändt.

939 810 7 18 I
960 808 210 22 öfverensstämmelse
1183 809 45 21 med
1246 810 111 20 Utskottets
1367 810 34 20 be-

918 836 102 20 tänkande.

938 915 111 21 Utskottets
1069 916 124 20 betänkande
1206 916 6 19 i
1228 916 63 20 denna
1305 916 31 20 del
1351 917 49 25 god-

918 942 66 20 kändt.

939 1022 133 20 Betänkandet
1085 1022 95 20 likaledes
1193 1021 106 26 godkändt.

936 1127 133 22 Betänkandet
1082 1127 105 27 godkändt.

936 1261 77 20 Bifalles
1034 1261 26 20 till
1081 1267 24 14 en
1126 1261 55 20 kanal
1202 1261 32 20 vid
1255 1261 143 20 Walkeakoski

918 1288 40 19 fors
972 1290 27 17 att
1013 1287 5 20 i
1032 1287 208 21 öfverensstämmelse
1254 1287 46 20 med
1314 1287 39 21 den
1359 1287 40 21 Nå-

917 1314 43 26 diga
974 1315 150 24 Propositionen
1137 1315 75 20 utföras
1225 1314 46 21 med
1283 1320 24 13 en
1314 1314 84 21 kostnad

918 1341 19 20 af
950 1341 86 26 700,000
1050 1341 62 20 mark.

937 1393 132 21 Betänkandet
1082 1393 99 26 godkändt
1195 1394 5 19 i
1214 1394 64 20 Jenna
1293 1393 38 21 del.

937 1501 33 19 Att
984 1501 86 22 anslaget
1083 1501 30 25 för
1125 1495 51 36 detta
1189 1500 82 26 ändamål
1281 1500 73 27 jemlikt
1365 1500 32 20 den

918 1523 69 26 nådiga
1009 1524 145 25 propositionen
1171 1523 85 25 förhöjes
1270 1524 25 20 till
1311 1524 87 25 300,000

919 1551 63 19 mark.

938 1577 131 20 Betänkandet
1082 1576 104 27 godkändt.

936 1656 133 20 Betänkandet
1085 1648 111 35 godkändt.|

1196 1685 2 23 |

937 1736 92 25 Anslaget
1043 1736 29 19 för
1086 1735 53 20 Jetta
1153 1724 45 31 ändä

1006 1779 6 7 =

936 1842 134 20 Betänkandet
1086 1841 106 27 godkänut.

937 1895 103 27 Företaget
1055 1894 67 21 alsläs.

937 2002 33 20 Att
990 2008 24 14 en
1032 2001 85 27 jernväg
1138 2003 56 20 emellä
1235 2002 42 20 Åbo
1295 2003 43 20 stad
1355 2004 38 20 och

917 2029 273 20 Tavastehus—Tammerforg
1209 2029 62 20 banan
1286 2030 35 20 bör
1331 2030 63 20 tillvä-

916 2055 102 26 gabringas
1034 2056 60 19 sedan
1108 2056 36 19 alla
1158 2056 54 19 öfrifa
1225 2061 26 14 nu
1265 2056 81 20 afsedda
1361 2058 32 18 än-

916 2081 64 21 damäl
994 2083 30 18 för
1038 2082 188 20 Kommunikatidner
1240 2083 38 19 och
1288 2082 61 20 andra
1360 2083 33 20 all-

916 2108 120 27 männyttiga
1044 2108 73 27 företag
1125 2108 169 27 blifvifbehörigen
1302 2110 87 19 afsedda.

1170 2180 2 7 I

935 2213 94 20 Ständets
1043 2214 91 26 yttrande
1144 2209 12 36 f
1162 2214 60 20 saken
1231 2215 37 20 har
1280 2216 51 19 ännu
1346 2205 44 31 icke

915 2266 87 21 tokollet.

1672 601 3 15 |

1672 619 3 8 i

1672 628 3 14 |

1672 643 3 13 I

1442 678 7 19 I
1463 663 212 45 öfverensstämmelse
1687 678 47 20 med
1752 678 156 27 Ridderskapets

1421 705 39 19 och
1474 705 75 20 Adelns
1562 706 73 20 beslut.
1672 705 3 30 |

1672 742 3 34 |

1672 780 5 22 |

1441 811 7 19 I
1462 805 213 34 öfverensstämmelse;
1685 812 47 20 med
1749 811 157 27 Ridderskapets

1420 838 38 19 och
1472 838 72 20 Adelns
1558 838 73 20 beslut.

1442 918 111 20 Utskottets
1567 910 123 28 betänkande
1705 918 108 26 godkänut.

1673 973 2 39 |

1440 1024 135 20 Betänkandet
1591 1011 104 43 godkändt.

1437 1129 134 21 Betänkandet
1587 1120 106 37 godkändt.

1673 1158 3 22 |

1673 1182 32 32 Ja

1673 1228 2 25 |

1438 1264 8 19 I
1460 1262 269 25 öfverensstämmelse!
1692 1258 37 33 med
1744 1262 112 21 Utskottets
1870 1263 35 20 be-

1417 1285 105 34 tänkande.
1673 1288 2 23 |

1672 1322 2 14 |

1673 1337 1 13 I

1673 1351 1 11 I

1673 1363 3 29 |

1438 1395 133 20 Betänkandet
1585 1393 108 34 godkändt.

1673 1429 2 11 I

1439 1501 132 20 Betänkandet
1587 1497 104 42 godkändt.

1438 1579 140 32 Betänkandet
1585 1579 104 26 godkändt.

1437 1653 133 33 Betänkandet
1587 1638 106 57 godkänt.

1436 1736 132 21 Betänkandet
1585 1734 105 42 godkändt.

1435 1842 133 21 Betänkandet
1581 1844 105 25 godkändt.

1437 1896 102 26 Företaget
1553 1896 67 21 afslås.

1433 2003 140 21 Betänkandet
1589 2004 104 26 godkändt.

1712 2173 4 10 N

1431 2214 41 20 Har
1486 2215 86 20 instämt
1586 2215 4 20 i
1605 2216 156 27 Ridderskapets
1776 2217 39 21 och
1829 2218 75 21 Adelns

1410 2241 81 27 förslag
1499 2242 102 26 angående
1612 2243 150 27 hydrografiska
1773 2245 81 20 arbeten
1865 2246 39 19 och

1411 2268 50 29 den
1479 2269 102 20 Äländska
1604 2269 129 28 Postgängen,
1753 2277 46 14 men
1813 2271 91 21 deremot

1409 2295 62 46 TT
1486 2295 97 27 förslaget
1597 2302 32 14 om
1638 2303 24 14 en
1674 2298 83 20 särskild
1764 2296 140 29 jernvägssty-

1410 2327 58 14 relse.
1719 2336 2 3 :

1948 680 8 19 I
1970 680 214 22 öfverensstämmelse
2198 682 46 21 med
2261 683 155 27 Ridderskapets

1928 707 40 19 och
1982 707 74 20 Adelns
2070 708 73 26 beslut,
2160 711 54 18 utom
2228 712 29 17 att
2266 710 79 20 ständet
2352 711 64 20 öfver-

1928 733 76 20 lemnat
2018 733 20 20 ät
2052 735 102 26 styrelsen
2169 738 28 17 att
2207 736 112 20 bestämma
2329 737 28 20 uti
2366 738 50 20 hvil-

1927 759 40 20 ken
1988 760 84 27 ordning
2092 761 6 20 i
2120 761 121 22 förhållande
2262 764 26 20 till
2306 764 110 21 hvarandra

1928 786 130 29 omförmälle
2073 788 163 26 fyrinrättningar
2250 790 48 20 böra
2312 791 81 19 utföras.

1948 813 33 19 Att
1999 815 110 25 jernvägen
2131 816 83 19 emellan
2234 816 123 21 Tavastehus
2377 818 38 20 och

1927 840 136 20 Tammerfors
2078 841 30 19 för
2118 842 123 20 närvarande
2249 843 44 21 icke
2300 844 37 20 bör
2344 849 71 21 genom

1928 866 109 21 understöd
2051 867 116 26 befrämjas.

1947 920 33 19 Alt
2001 920 69 26 anslag
2090 921 30 19 för
2141 921 64 21 denna
2223 922 83 27 jernväg
2320 923 36 21 bör
2370 924 45 26 utgå

1926 946 44 19 näst
1991 946 51 20 efter
2059 948 93 26 anslagen
2166 948 30 20 för
2210 950 130 20 omförmälle
2355 951 61 19 fyrin-

1928 972 113 26 rättningar,
2053 974 98 20 särskilda
2162 981 66 14 moss-
2236 977 39 19 och
2284 976 132 28 kärrollings-

1928 999 82 26 företag,
2026 1000 82 20 kanaler
2122 1002 39 19 och
2176 1002 184 27 strömrensningar.

1948 1026 33 19 Att
2000 1026 152 25 ifrågavarande
2169 1028 173 28 kanalanläggning
2354 1030 62 26 jemte

1927 1052 61 20 andra
2003 1053 100 20 enahanda
2119 1055 127 26 inrättningar
2260 1056 36 19 bör
2308 1056 65 26 föregå
2382 1063 34 14 an-

1926 1078 90 27 läggning
2030 1079 22 20 af
2066 1079 274 24 Riihimäki—kahtisbanan.
2352 1101 2 3 :

1947 1131 34 20 Att
1994 1132 104 27 Styrelsen
2113 1134 45 19 näst
2172 1135 50 20 efter
2236 1135 94 26 Anslaget
2340 1136 30 20 för
2376 1137 38 20 Rii-

1925 1158 236 29 himäki—Lahtisbanan
2178 1161 50 26 ägde
2243 1163 75 25 utgifva
2333 1169 24 14 en
2371 1164 43 20 mil-

1921 1190 35 19 jon
1977 1185 57 20 mark
2056 1186 31 19 för
2108 1188 143 26 anläggningen
2272 1189 22 19 af
2309 1189 65 20 banan
2388 1191 26 20 till

1924 1211 63 25 Borgå
2002 1213 36 19 när
2052 1211 71 22 sådant
2137 1213 65 21 kunde
2217 1215 37 20 ske
2268 1217 38 18 och
2320 1216 60 21 blifva
2394 1218 22 19 af

1922 1237 74 21 nöden.

1944 1265 78 20 Bifalles
2037 1265 27 20 till
2080 1265 176 29 kanalanläggning
2272 1269 32 20 vid
2322 1270 93 20 Walkea-

1924 1290 59 20 koski
2004 1292 30 19 för
2055 1297 25 14 en
2101 1293 87 21 kostnad
2209 1295 21 19 af
2245 1295 89 25 255,440
2344 1293 68 34 mark,

1924 1319 47 18 utan
1986 1321 28 16 att
2028 1317 64 28 någon
2107 1320 84 27 ordning
2201 1321 29 20 för
2239 1322 107 21 företrädet
2354 1325 60 19 emel-

1924 1343 32 20 lan
1977 1345 64 20 denna
2063 1346 39 19 och
2123 1347 62 26 öfriga
2206 1348 81 21 kanaler
2303 1347 64 23 blifvit
2380 1351 35 19 be-

1925 1371 73 20 stämd.

1944 1398 34 19 Att
1991 1397 151 27 ifrågavarande
2157 1399 127 22 kanalarbete
2295 1403 37 20 bör
2338 1403 75 20 utföras

1925 1425 49 19 efter
1986 1424 29 29 de
2028 1425 95 26 grunder,
2139 1431 45 15 som
2198 1428 103 21 ofvanföre
2314 1429 100 26 angående

1925 1451 109 24 Wesijärvi
2055 1453 39 18 och
2117 1453 143 21 Walkeakoski
2282 1455 79 21 kanaler
2378 1459 34 17 äro

1926 1471 99 37 uppgifna.
2348 1480 6 26 i

1944 1504 135 20 Betänkandet
2101 1506 101 24 godkändt
2223 1508 47 19 med
2292 1507 62 21 sådan
2375 1510 39 18 för-

1924 1530 82 25 ändring
2028 1535 44 15 som
2090 1531 102 25 angående
2206 1533 127 21 förenämnde
2348 1535 65 20 kanal-

1924 1556 139 27 anläggningar
2076 1557 65 20 blifvit
2154 1558 109 22 bestämdt.
2354 1561 3 29 |

1945 1583 135 20 Betänkandet
2096 1584 102 25 godkändt
2218 1587 46 20 med
2282 1588 131 25 nyssanförda

1927 1609 111 26 förändring
2052 1609 5 19 i
2072 1611 94 19 afseende
2181 1611 11 20 å
2206 1613 108 27 ordningen
2328 1611 28 23 af
2369 1615 45 20 arbe-

1925 1638 40 17 tets
1980 1636 110 21 utförande.
2354 1620 12 56 |

1944 1662 134 20 Betänkandet
2087 1664 101 25 godkändt
2198 1666 46 20 med
2254 1666 38 20 den
2300 1667 114 27 förändring

1922 1691 30 17 att
1972 1690 88 26 anslaget
2080 1690 37 20 bör
2139 1691 58 20 hafva
2219 1693 99 20 företräde
2332 1687 82 27 framför

1923 1716 91 26 anslagen
2029 1716 31 20 för
2074 1716 91 26 samtlige
2180 1717 202 30 kanalanläggningar.

1943 1742 136 20 Betänkandet
2092 1744 101 25 golkändt
2206 1746 47 20 med
2269 1746 65 27 tillägg
2356 1743 12 24 af
2375 1748 38 20 den

1924 1769 97 20 särskilda
2036 1770 131 26 bestämning,
2184 1775 28 17 att
2227 1773 74 25 25,000
2312 1779 43 15 mark
2376 1774 37 21 bör

1923 1794 73 26 ärligen
2018 1796 20 19 af
2056 1797 90 25 anslaget
2163 1799 100 20 användas
2278 1800 26 20 till
2320 1801 93 26 rensning

1922 1822 22 19 af
1956 1822 111 20 Perho—ä.

1943 1848 105 27 Företaget
2061 1849 116 26 godkännes
2192 1851 52 21 icke.

1942 1902 136 20 Betänkandet
2092 1903 102 27 godkändt.
2205 1906 51 20 med.
2264 1906 41 20 den.
2314 1898 102 38 ofvanftire,

1911 1927 16 15 |
1928 1929 118 21 omnämnda
2062 1930 44 21 ch
2119 1932 35 20 för
2168 1933 92 26 sanitlige
2269 1934 87 21 'kanäler
2364 1935 11 26 fi
2389 1936 28 19 a

1928 1957 74 19 seende
2016 1956 11 21 å
2042 1958 109 20 företrädet
2165 1961 38 19 och
2214 1960 107 27 ordningen
2330 1961 89 21 bestäm-

1927 1982 24 20 da
1966 1983 118 21 afvikelsen:

1948 2010 136 21 Betänkandet
2097 2012 108 24 godkändt.

2366 2193 2 8 I

1931 2222 55 31 Har
2007 2223 81 22 instämt
2109 2225 5 20 i
2136 2225 96 27 förslaget
2256 2225 160 31 angående;
2378 2218 43 42 den

1924 2249 101 31 ÄAländska
2040 2251 134 27 Postgängen,
2190 2259 47 14 men
2247 2253 61 26 afböjt
2317 2254 99 26 förslagen

1924 2277 104 24 angående
2042 2277 25 21 de
2082 2278 33 20 två
2130 2279 62 26 öfriga
2208 2280 125 21 ändamälen.

2501 578 146 26 Ridderskapet
2667 579 39 19 och
2727 578 62 20 Adeln
2808 576 90 30 inbjudes
2917 580 29 17 att
2965 578 66 18 förena
3046 577 29 25 sig
3088 577 29 19 uti
3132 576 24 20 de
3170 579 30 17 tre
3214 576 60 26 öfriga

2436 603 96 21 ståndens
2546 605 66 21 beslut
2626 611 34 14 om
2674 606 104 25 anslagens
2792 604 111 25 beviljande
2915 604 65 20 under
2997 606 30 17 tre
3041 603 32 20 års
3089 603 35 20 tid.

2896 634 4 19 |

2501 683 151 21 Prestaständet
2672 683 91 27 inbjudes
2784 687 28 17 att
2832 684 80 20 omfatta
2932 683 26 20 de
2977 686 30 16 tre
3027 682 60 26 öfriga
3102 682 92 20 stänlens
3209 683 66 20 beslut

2435 709 70 21 derom
2519 713 29 17 att
2561 711 91 26 samtlige
2666 711 161 27 fyrinrättningar
2841 711 46 19 böra
2900 710 94 20 |bekostas
3007 711 43 18 näst
3066 710 49 19 efter
3130 709 140 24 folkskolorne,

2436 736 103 21 äfvensom
2552 737 146 21 Bondeständet
2711 741 28 17 att
2753 738 103 25 godkänna
2869 735 34 49 der
2915 737 21 19 af
2947 736 145 25 Ridderskapet
3101 736 38 20 och
3149 736 61 20 Adeln
3221 738 53 18 samt

2436 764 164 25 Borgareståndet
2613 764 6 20 i
2634 764 209 20 öfverensstämmelse
2857 770 33 14 med
2912 764 113 20 Utskottets
3037 762 125 20 betänkande
3172 762 102 20 bestämda

2435 790 112 20 företräden
2562 792 85 19 emellan
2662 791 183 26 fyrinrättningarne
2862 790 99 20 inbördes.

2499 816 147 21 Bondeståndet
2666 816 91 26 inbjudes
2778 820 28 17 att
2826 817 6 19 i
2846 817 60 20 likhet
2920 816 47 20 med
2979 816 26 20 de
3019 818 30 17 tre
3062 815 60 27 öfriga
3136 814 84 22 stånden
3236 816 38 19 och

2435 843 50 19 efter
2499 843 39 20 den
2553 844 22 19 af
2586 844 147 26 Ridderskapet
2747 844 38 20 och
2799 844 61 20 Adeln
2875 846 50 26 samt
2937 842 164 26 Borgareståndet
3111 842 103 20 bestämda
3224 843 51 19 före-

2435 869 149 27 trädesordning
2597 870 103 26 godkänna
2714 870 149 27 ifrågavarande
2875 869 214 34 jernvägsanläggning.

2500 923 31 21 Uti
2545 924 26 20 de
2584 926 31 17 tre
2629 924 63 25 öfriga
2706 923 95 21 ständens
2815 923 102 27 angående
2931 922 64 20 denna
3009 921 54 26 fråga
3078 922 72 20 fattade
3159 922 117 20 likstämmi-

2433 954 24 21 ga
2472 950 67 20 beslut
2552 949 93 26 inbjudes
2659 949 147 22 Bondeständet
2819 953 28 17 att
2861 950 116 26 sig|förena.

2895 967 4 26 |

2499 1029 122 21 Ständernas
2635 1030 67 20 beslut
2716 1030 57 20 torde
2786 1030 6 19 i
2806 1030 54 20 detta
2874 1028 93 29 afseende
2980 1028 46 20 böra
3041 1028 75 27 byggas
3125 1027 24 27 pä
3152 1027 124 31 Ridderska-

2435 1058 45 23 pets
2495 1057 38 19 och
2547 1056 73 20 Adelns
2635 1059 52 17 samt
2701 1057 80 19 Presta-
2795 1057 38 19 och
2847 1054 179 31 Borgareständens
3042 1055 85 20 uttalade
3144 1056 132 25 likstämmiga

2436 1082 85 26 mening,
2538 1082 57 20 hvari
2609 1082 147 21 Bondeständet
2769 1082 91 26 inbjudes
2874 1085 28 30 alt
2913 1082 86 25 deltaga.

2498 1135 146 26 Ridderskapet
2665 1137 39 19 och
2725 1136 62 20 Adeln
2801 1138 52 18 samt
2866 1125 145 30 Bohdeständet
3025 1133 89 32 inbjudes
3128 1137 28 17 att
3169 1135 28 20 uti
3211 1135 64 20 denna

2434 1160 55 27 fräga
2503 1162 82 20 omfatta
2598 1162 26 21 de
2638 1163 73 25 beslut,
2729 1163 56 19 hvari
2799 1163 79 20 Presta-
2893 1140 38 53 beh
2939 1161 337 26 Borgareståndet
3107 1157 11 34 i
3128 1161 148 26 öfverensstäm-

2433 1189 63 19 melse
2510 1189 47 20 med
2572 1189 113 20 Utskottets
2700 1189 125 20 betänkande
2843 1191 82 18 stannat.

2498 1267 72 21 Såvida
2591 1269 102 28 samteliga
2714 1267 97 21 ståndens
2825 1267 108 26 skiljaktiga
2948 1267 99 26 meningar
3062 1268 6 19 i
3082 1267 64 21 denna
3161 1267 54 27 fråga
3230 1270 45 18 när-

2433 1297 52 17 mast
2499 1295 66 20 kunna
2579 1295 170 24 sammanjemkas
2763 1295 6 19 i
2783 1295 210 20 öfverenssiämmelse
3009 1295 47 20 med
3076 1295 145 26 Ridderskapet
3236 1296 39 19 och

2433 1321 73 20 Adelns
2520 1321 73 26 beslut,
2609 1321 92 26 inbjudas
2715 1322 25 20 de
2753 1321 62 26 öfriga
2829 1321 82 20 ständön
2926 1324 27 17 att
2968 1321 69 20 derom
3052 1321 29 26 sig
3098 1321 74 20 förena.

2498 1400 158 27 Ridderskapets
2677 1401 38 20 och
2736 1401 75 20 Adelns
2831 1403 52 17 samt
2902 1401 79 19 |Presta-
2995 1401 38 20 och
3048 1400 178 27 Borgareständens
3241 1401 35 20 lik-

2434 1427 105 26 stämmiga
2559 1428 72 25 beslut,
2655 1427 98 21 hvarmed
2773 1428 59 19 äfven
2852 1427 157 20 Bonilestänlets
3023 1427 79 26 mening
3117 1428 5 19 i
3137 1428 139 20 hufvudsaken

2433 1453 200 27 Ofverensstämmer,
2650 1455 58 20 torde
2721 1454 48 20 böra
2783 1455 49 25 gälla
2847 1451 50 63 son)
2905 1454 117 20 ständernas
3039 1460 147 20 gemensamma
3201 1455 73 19 beslut.

2498 1507 34 19 Ett
2546 1507 69 25 anslag
2629 1508 22 18 af
2665 1508 87 24 100,000
2767 1507 57 19 mark
2839 1508 30 19 för
2883 1507 111 25 ändamålet
3008 1510 28 16 att
3050 1507 100 19 användas
3158 1507 68 19 såsom
3234 1508 44 19 Rid-

2433 1531 108 27 derskapet
2556 1533 37 20 och
2609 1533 63 20 Adeln
2686 1533 107 26 föreslagit,
2809 1533 56 19 torde
2878 1533 47 20 böra
2939 1533 49 26 gälla
2999 1532 69 21 såsom
3076 1533 115 20 ständernas
3198 1539 71 20 gemen

2434 1564 77 15 samma
2526 1559 73 21 beslut.
2888 1577 2 6 N

2499 1586 8 19 I
2521 1586 63 20 denna
2599 1585 55 27 fråga
2667 1586 58 20 torde
2739 1586 121 20 Ständernas
2875 1584 148 28 gemensamma
3037 1587 65 19 beslut
3116 1587 48 19 böra
3178 1586 62 21 bildas
3250 1587 28 19 ef-

2434 1613 31 18 ter
2478 1611 159 27 Ridderskapets
2651 1613 39 19 och
2704 1613 73 19 Adelns
2793 1615 52 17 samt
2858 1613 77 19 Presta-
2949 1613 39 19 och
3002 1612 180 26 Borgareständens
3192 1613 86 20 uttalade

2434 1636 53 27 vilja.

2499 1664 121 20 Ständernas
2635 1671 150 20 gemensamma
2799 1655 66 31 beslut
2879 1663 56 23 torde
2951 1665 47 20 böra
3013 1665 77 19 aflattas
3104 1665 6 19 i
3123 1665 155 20 öfverensstäm-

2434 1691 63 30 melse
2517 1691 46 20 med
2584 1692 156 26 Ridderskapets
2757 1693 39 19 och
2811 1692 138 22 Adelns:samt
2963 1692 70 20 Presta
3048 1692 38 19 och
3100 1692 179 26 Borgareständens

2433 1712 85 37 mening.
2892 1740 2 4 N

2498 1744 152 21 Prestaständet
2664 1744 91 27 inbjudes
2769 1748 28 17 att
2811 1746 6 19 i
2826 1746 63 20 likhet
2898 1745 46 20 med
2954 1745 145 26 Ridderskapet
3108 1746 38 19 och
3155 1745 61 21 Adeln
3227 1749 51 17 samt

2433 1770 166 27 Borgareständet
2613 1772 102 26 godkänna
2729 1772 134 20 betänkandet
2876 1772 5 19 i
2895 1772 64 20 denna
2968 1772 37 25 del,
3017 1772 104 20 äfvensom
3134 1772 145 21 Bondeständet

2435 1800 28 16 att
2477 1797 69 26 frångå
2559 1798 49 20 dess
2623 1798 97 20 särskilda
2734 1799 125 26 bestämning
2873 1799 5 19 i
2893 1798 74 26 frågan.

2498 1851 32 20 Uti
2546 1851 25 20 de
2584 1853 31 18 tre
2629 1851 62 27 öfriga
2705 1851 94 21 ståndens
2814 1851 131 26 likstämmiga
2959 1851 72 25 beslut,
3049 1851 101 20 hvarefter
3157 1852 121 20 Ständernas

2432 1882 150 21 gemensamma
2596 1878 67 20 beslut
2677 1878 58 20 torde
2748 1878 48 20 böra
2810 1878 70 29 bildas,
2897 1877 90 26 inbjudes
3000 1877 146 21 Bondeståndet
3154 1880 29 18 att
3192 1878 84 26 deltaga.

2497 1905 72 19 Presta
2588 1904 39 21 och
2647 1904 170 27 Borgarestånden
2838 1905 92 25 inhjudas
2950 1907 29 17 att
2999 1905 69 19 förena
3082 1905 29 26 sig
3125 1905 5 19 i
3144 1905 39 20 den
3198 1906 79 26 mening

2433 1936 50 15 som
2497 1932 11 20 i
2524 1931 135 21 'betänkandet
2679 1932 64 20 finnes
2762 1932 81 25 uttalad,
2866 1932 38 20 och
2921 1937 44 15 som
2976 1931 15 25 i
3007 1932 47 20 nära
3068 1932 210 21 öfverensstämmelse

2438 1958 63 20 blifvit
2515 1959 92 20 omfattal
2622 1960 20 19 af
2654 1959 25 20 de
2693 1958 35 21 två
2742 1959 61 27 öfriga
2818 1958 91 32 stånden.

2503 2012 141 26 Ridderskapet
2659 2013 38 19 och
2712 2012 62 20 Adeln
2789 2015 54 17 samt
2855 2011 150 21 Prestaståndet
3019 2010 89 26 inbjudas
3123 2014 27 18 att
3161 2012 5 20 i
3176 2013 102 20 öfverens-

2439 2039 114 19 stämmelse
2566 2039 45 20 med
2624 2039 134 20 betänkandet
2765 2042 52 17 samt
2827 2040 86 24 Borgare
2922 2039 38 29 och
2970 2038 164 20 Bondeståndens
3142 2039 64 19 beslut
3214 2040 64 19 lemna

2439 2064 66 27 frågan
2520 2071 31 14 om
2565 2065 83 21 berörde
2660 2064 84 27 jernväg
2759 2065 107 21 tillsvidare
2876 2065 95 26 oafgjord.

2502 2225 37 20 För
2559 2223 64 28 möjlig
2644 2223 191 29 sammanjemkning
2853 2225 134 20 öfverlemnas
3002 2224 66 27 frågan
3086 2230 32 15 om
3132 2224 59 21 dessa
3206 2225 72 26 förslag

2437 2251 26 20 till
2479 2251 105 27 Höglofliga
2597 2252 121 21 Ständernas
2731 2252 116 26 ytterligare
2865 2251 144 27 bepröfvande.
