<?xml version="1.0" encoding="UTF-8"?>
<alto xmlns="http://www.loc.gov/standards/alto/ns-v3#" xmlns:xlink="http://www.w3.org/1999/xlink" xmlns:xsi="http://www.w3.org/2001/XMLSchema-instance" xsi:schemaLocation="http://www.loc.gov/standards/alto/ns-v3# http://www.loc.gov/alto/v3/alto-3-0.xsd">
	<Description>
		<MeasurementUnit>pixel</MeasurementUnit>
		<sourceImageInformation>
			<fileName>/tmp/tess_vz8vcgzo_input.PNG</fileName>
		</sourceImageInformation>
		<OCRProcessing ID="OCR_0">
			<ocrProcessingStep>
				<processingSoftware>
					<softwareName>tesseract 5.3.4</softwareName>
				</processingSoftware>
			</ocrProcessingStep>
		</OCRProcessing>
	</Description>
	<Layout>
		<Page WIDTH="1017" HEIGHT="1692" PHYSICAL_IMG_NR="0" ID="page_0">
			<PrintSpace HPOS="0" VPOS="0" WIDTH="1017" HEIGHT="1692">
				<ComposedBlock ID="cblock_0" HPOS="199" VPOS="141" WIDTH="532" HEIGHT="29">
					<TextBlock ID="block_0" HPOS="199" VPOS="141" WIDTH="532" HEIGHT="29">
						<TextLine ID="line_0" HPOS="199" VPOS="141" WIDTH="532" HEIGHT="29">
							<String ID="string_0" HPOS="199" VPOS="141" WIDTH="40" HEIGHT="29" WC="0.93" CONTENT="802"/><SP WIDTH="180" VPOS="141" HPOS="239"/>
							<String ID="string_1" HPOS="419" VPOS="145" WIDTH="70" HEIGHT="22" WC="0.92" CONTENT="Nädiga"/><SP WIDTH="12" VPOS="145" HPOS="489"/>
							<String ID="string_2" HPOS="501" VPOS="146" WIDTH="139" HEIGHT="22" WC="0.96" CONTENT="Propositionen"/><SP WIDTH="13" VPOS="146" HPOS="640"/>
							<String ID="string_3" HPOS="653" VPOS="145" WIDTH="36" HEIGHT="17" WC="0.96" CONTENT="N:o"/><SP WIDTH="12" VPOS="145" HPOS="689"/>
							<String ID="string_4" HPOS="701" VPOS="144" WIDTH="30" HEIGHT="18" WC="0.96" CONTENT="28."/>
						</TextLine>
					</TextBlock>
				</ComposedBlock>
				<ComposedBlock ID="cblock_1" HPOS="204" VPOS="193" WIDTH="750" HEIGHT="631">
					<TextBlock ID="block_1" HPOS="204" VPOS="193" WIDTH="746" HEIGHT="55">
						<TextLine ID="line_1" HPOS="204" VPOS="193" WIDTH="746" HEIGHT="30">
							<String ID="string_5" HPOS="204" VPOS="196" WIDTH="79" HEIGHT="24" WC="0.96" CONTENT="bidraga"/><SP WIDTH="15" VPOS="196" HPOS="283"/>
							<String ID="string_6" HPOS="298" VPOS="196" WIDTH="25" HEIGHT="19" WC="0.88" CONTENT="til"/><SP WIDTH="14" VPOS="196" HPOS="323"/>
							<String ID="string_7" HPOS="337" VPOS="194" WIDTH="96" HEIGHT="26" WC="0.95" CONTENT="familjens"/><SP WIDTH="13" VPOS="194" HPOS="433"/>
							<String ID="string_8" HPOS="446" VPOS="194" WIDTH="108" HEIGHT="24" WC="0.92" CONTENT="underhåll;"/><SP WIDTH="19" VPOS="194" HPOS="554"/>
							<String ID="string_9" HPOS="573" VPOS="194" WIDTH="201" HEIGHT="29" WC="0.91" CONTENT="medellöshetsbetyg"/><SP WIDTH="17" VPOS="194" HPOS="774"/>
							<String ID="string_10" HPOS="791" VPOS="194" WIDTH="56" HEIGHT="19" WC="0.93" CONTENT="torde"/><SP WIDTH="17" VPOS="194" HPOS="847"/>
							<String ID="string_11" HPOS="864" VPOS="193" WIDTH="86" HEIGHT="20" WC="0.92" CONTENT="derföre-"/>
						</TextLine>
						<TextLine ID="line_2" HPOS="206" VPOS="220" WIDTH="572" HEIGHT="28">
							<String ID="string_12" HPOS="206" VPOS="222" WIDTH="17" HEIGHT="25" WC="0.96" CONTENT="ej"/><SP WIDTH="16" VPOS="222" HPOS="223"/>
							<String ID="string_13" HPOS="239" VPOS="227" WIDTH="58" HEIGHT="21" WC="0.96" CONTENT="gerna"/><SP WIDTH="14" VPOS="227" HPOS="297"/>
							<String ID="string_14" HPOS="311" VPOS="222" WIDTH="65" HEIGHT="19" WC="0.90" CONTENT="kunna"/><SP WIDTH="14" VPOS="222" HPOS="376"/>
							<String ID="string_15" HPOS="390" VPOS="221" WIDTH="103" HEIGHT="25" WC="0.90" CONTENT="förvägras"/><SP WIDTH="14" VPOS="221" HPOS="493"/>
							<String ID="string_16" HPOS="507" VPOS="226" WIDTH="24" HEIGHT="14" WC="0.96" CONTENT="en"/><SP WIDTH="14" VPOS="226" HPOS="531"/>
							<String ID="string_17" HPOS="545" VPOS="220" WIDTH="60" HEIGHT="20" WC="0.93" CONTENT="sådan"/><SP WIDTH="15" VPOS="220" HPOS="605"/>
							<String ID="string_18" HPOS="620" VPOS="220" WIDTH="158" HEIGHT="24" WC="0.90" CONTENT="arbetarefamilj."/>
						</TextLine>
					</TextBlock>
					<TextBlock ID="block_2" HPOS="206" VPOS="246" WIDTH="746" HEIGHT="292">
						<TextLine ID="line_3" HPOS="258" VPOS="246" WIDTH="694" HEIGHT="27">
							<String ID="string_19" HPOS="258" VPOS="248" WIDTH="38" HEIGHT="19" WC="0.93" CONTENT="Min"/><SP WIDTH="14" VPOS="248" HPOS="296"/>
							<String ID="string_20" HPOS="310" VPOS="248" WIDTH="134" HEIGHT="25" WC="0.92" CONTENT="öfvertygelse"/><SP WIDTH="14" VPOS="248" HPOS="444"/>
							<String ID="string_21" HPOS="458" VPOS="250" WIDTH="22" HEIGHT="16" WC="0.96" CONTENT="är"/><SP WIDTH="14" VPOS="250" HPOS="480"/>
							<String ID="string_22" HPOS="494" VPOS="250" WIDTH="27" HEIGHT="17" WC="0.96" CONTENT="att"/><SP WIDTH="19" VPOS="250" HPOS="521"/>
							<String ID="string_23" HPOS="540" VPOS="247" WIDTH="43" HEIGHT="19" WC="0.96" CONTENT="hela"/><SP WIDTH="14" VPOS="247" HPOS="583"/>
							<String ID="string_24" HPOS="597" VPOS="247" WIDTH="65" HEIGHT="19" WC="0.96" CONTENT="landet"/><SP WIDTH="15" VPOS="247" HPOS="662"/>
							<String ID="string_25" HPOS="677" VPOS="248" WIDTH="37" HEIGHT="18" WC="0.96" CONTENT="och"/><SP WIDTH="15" VPOS="248" HPOS="714"/>
							<String ID="string_26" HPOS="729" VPOS="246" WIDTH="43" HEIGHT="20" WC="0.96" CONTENT="icke"/><SP WIDTH="18" VPOS="246" HPOS="772"/>
							<String ID="string_27" HPOS="790" VPOS="246" WIDTH="70" HEIGHT="20" WC="0.93" CONTENT="endast"/><SP WIDTH="15" VPOS="246" HPOS="860"/>
							<String ID="string_28" HPOS="875" VPOS="248" WIDTH="77" HEIGHT="18" WC="0.92" CONTENT="närma-"/>
						</TextLine>
						<TextLine ID="line_4" HPOS="206" VPOS="273" WIDTH="744" HEIGHT="25">
							<String ID="string_29" HPOS="206" VPOS="278" WIDTH="30" HEIGHT="16" WC="0.92" CONTENT="ste"/><SP WIDTH="14" VPOS="278" HPOS="236"/>
							<String ID="string_30" HPOS="250" VPOS="274" WIDTH="87" HEIGHT="20" WC="0.92" CONTENT="landsort"/><SP WIDTH="15" VPOS="274" HPOS="337"/>
							<String ID="string_31" HPOS="352" VPOS="274" WIDTH="41" HEIGHT="20" WC="0.95" CONTENT="haft"/><SP WIDTH="14" VPOS="274" HPOS="393"/>
							<String ID="string_32" HPOS="407" VPOS="276" WIDTH="42" HEIGHT="17" WC="0.95" CONTENT="stor"/><SP WIDTH="10" VPOS="276" HPOS="449"/>
							<String ID="string_33" HPOS="459" VPOS="273" WIDTH="59" HEIGHT="21" WC="0.95" CONTENT="fördel"/><SP WIDTH="11" VPOS="273" HPOS="518"/>
							<String ID="string_34" HPOS="529" VPOS="274" WIDTH="20" HEIGHT="19" WC="0.96" CONTENT="af"/><SP WIDTH="8" VPOS="274" HPOS="549"/>
							<String ID="string_35" HPOS="557" VPOS="273" WIDTH="38" HEIGHT="20" WC="0.93" CONTENT="den"/><SP WIDTH="14" VPOS="273" HPOS="595"/>
							<String ID="string_36" HPOS="609" VPOS="273" WIDTH="87" HEIGHT="25" WC="0.92" CONTENT="raskhet,"/><SP WIDTH="16" VPOS="273" HPOS="696"/>
							<String ID="string_37" HPOS="712" VPOS="273" WIDTH="96" HEIGHT="20" WC="0.92" CONTENT="hvarmed"/><SP WIDTH="9" VPOS="273" HPOS="808"/>
							<String ID="string_38" HPOS="817" VPOS="273" WIDTH="133" HEIGHT="19" WC="0.96" CONTENT="Tammerfors"/>
						</TextLine>
						<TextLine ID="line_5" HPOS="206" VPOS="300" WIDTH="746" HEIGHT="25">
							<String ID="string_39" HPOS="206" VPOS="302" WIDTH="93" HEIGHT="19" WC="0.93" CONTENT="samhälle"/><SP WIDTH="8" VPOS="302" HPOS="299"/>
							<String ID="string_40" HPOS="307" VPOS="301" WIDTH="122" HEIGHT="19" WC="0.90" CONTENT="framskridit"/><SP WIDTH="9" VPOS="301" HPOS="429"/>
							<String ID="string_41" HPOS="438" VPOS="300" WIDTH="5" HEIGHT="19" WC="0.96" CONTENT="i"/><SP WIDTH="10" VPOS="300" HPOS="443"/>
							<String ID="string_42" HPOS="453" VPOS="300" WIDTH="54" HEIGHT="20" WC="0.95" CONTENT="såväl"/><SP WIDTH="11" VPOS="300" HPOS="507"/>
							<String ID="string_43" HPOS="518" VPOS="300" WIDTH="110" HEIGHT="25" WC="0.31" CONTENT="folkmängd"/><SP WIDTH="11" VPOS="300" HPOS="628"/>
							<String ID="string_44" HPOS="639" VPOS="305" WIDTH="43" HEIGHT="14" WC="0.96" CONTENT="som"/><SP WIDTH="0" VPOS="305" HPOS="682"/>
							<String ID="string_45" HPOS="682" VPOS="296" WIDTH="9" HEIGHT="34" WC="0.96" CONTENT="i"/><SP WIDTH="12" VPOS="296" HPOS="691"/>
							<String ID="string_46" HPOS="703" VPOS="300" WIDTH="135" HEIGHT="20" WC="0.95" CONTENT="intellektuellt"/><SP WIDTH="7" VPOS="300" HPOS="838"/>
							<String ID="string_47" HPOS="845" VPOS="300" WIDTH="37" HEIGHT="19" WC="0.93" CONTENT="och"/><SP WIDTH="8" VPOS="300" HPOS="882"/>
							<String ID="string_48" HPOS="890" VPOS="302" WIDTH="62" HEIGHT="17" WC="0.91" CONTENT="mate-"/>
						</TextLine>
						<TextLine ID="line_6" HPOS="206" VPOS="326" WIDTH="745" HEIGHT="26">
							<String ID="string_49" HPOS="206" VPOS="328" WIDTH="50" HEIGHT="20" WC="0.84" CONTENT="riellt"/><SP WIDTH="11" VPOS="328" HPOS="256"/>
							<String ID="string_50" HPOS="267" VPOS="328" WIDTH="88" HEIGHT="19" WC="0.95" CONTENT="afseende"/><SP WIDTH="8" VPOS="328" HPOS="355"/>
							<String ID="string_51" HPOS="363" VPOS="328" WIDTH="37" HEIGHT="18" WC="0.96" CONTENT="och"/><SP WIDTH="8" VPOS="328" HPOS="400"/>
							<String ID="string_52" HPOS="408" VPOS="332" WIDTH="43" HEIGHT="14" WC="0.96" CONTENT="som"/><SP WIDTH="8" VPOS="332" HPOS="451"/>
							<String ID="string_53" HPOS="459" VPOS="327" WIDTH="42" HEIGHT="25" WC="0.96" CONTENT="föga"/><SP WIDTH="8" VPOS="327" HPOS="501"/>
							<String ID="string_54" HPOS="509" VPOS="326" WIDTH="56" HEIGHT="20" WC="0.96" CONTENT="torde"/><SP WIDTH="11" VPOS="326" HPOS="565"/>
							<String ID="string_55" HPOS="576" VPOS="326" WIDTH="52" HEIGHT="20" WC="0.96" CONTENT="finna"/><SP WIDTH="15" VPOS="326" HPOS="628"/>
							<String ID="string_56" HPOS="643" VPOS="326" WIDTH="33" HEIGHT="19" WC="0.96" CONTENT="sitt"/><SP WIDTH="10" VPOS="326" HPOS="676"/>
							<String ID="string_57" HPOS="686" VPOS="326" WIDTH="113" HEIGHT="26" WC="0.96" CONTENT="motstycke"/><SP WIDTH="11" VPOS="326" HPOS="799"/>
							<String ID="string_58" HPOS="810" VPOS="326" WIDTH="141" HEIGHT="20" WC="0.95" CONTENT="annorstädes"/><SP WIDTH="-9" VPOS="326" HPOS="951"/>
							<String ID="string_59" HPOS="942" VPOS="322" WIDTH="13" HEIGHT="35" WC="0.96" CONTENT="i"/>
						</TextLine>
						<TextLine ID="line_7" HPOS="206" VPOS="352" WIDTH="745" HEIGHT="28">
							<String ID="string_60" HPOS="206" VPOS="354" WIDTH="71" HEIGHT="20" WC="0.81" CONTENT="landet."/><SP WIDTH="31" VPOS="354" HPOS="277"/>
							<String ID="string_61" HPOS="308" VPOS="354" WIDTH="29" HEIGHT="20" WC="0.93" CONTENT="De"/><SP WIDTH="17" VPOS="354" HPOS="337"/>
							<String ID="string_62" HPOS="354" VPOS="353" WIDTH="59" HEIGHT="27" WC="0.95" CONTENT="några"/><SP WIDTH="19" VPOS="353" HPOS="413"/>
							<String ID="string_63" HPOS="432" VPOS="353" WIDTH="74" HEIGHT="20" WC="0.95" CONTENT="hundra"/><SP WIDTH="17" VPOS="353" HPOS="506"/>
							<String ID="string_64" HPOS="523" VPOS="354" WIDTH="55" HEIGHT="19" WC="0.94" CONTENT="rubel"/><SP WIDTH="18" VPOS="354" HPOS="578"/>
							<String ID="string_65" HPOS="596" VPOS="352" WIDTH="81" HEIGHT="26" WC="0.95" CONTENT="årligen,"/><SP WIDTH="21" VPOS="352" HPOS="677"/>
							<String ID="string_66" HPOS="698" VPOS="353" WIDTH="66" HEIGHT="19" WC="0.96" CONTENT="hvilka"/><SP WIDTH="18" VPOS="353" HPOS="764"/>
							<String ID="string_67" HPOS="782" VPOS="353" WIDTH="67" HEIGHT="19" WC="0.96" CONTENT="Staten"/><SP WIDTH="22" VPOS="353" HPOS="849"/>
							<String ID="string_68" HPOS="871" VPOS="353" WIDTH="80" HEIGHT="19" WC="0.96" CONTENT="förlorat"/>
						</TextLine>
						<TextLine ID="line_8" HPOS="206" VPOS="379" WIDTH="746" HEIGHT="27">
							<String ID="string_69" HPOS="206" VPOS="386" WIDTH="70" HEIGHT="20" WC="0.96" CONTENT="genom"/><SP WIDTH="15" VPOS="386" HPOS="276"/>
							<String ID="string_70" HPOS="291" VPOS="381" WIDTH="36" HEIGHT="19" WC="0.96" CONTENT="den"/><SP WIDTH="16" VPOS="381" HPOS="327"/>
							<String ID="string_71" HPOS="343" VPOS="380" WIDTH="91" HEIGHT="20" WC="0.96" CONTENT="befrielse"/><SP WIDTH="15" VPOS="380" HPOS="434"/>
							<String ID="string_72" HPOS="449" VPOS="379" WIDTH="42" HEIGHT="20" WC="0.93" CONTENT="från"/><SP WIDTH="16" VPOS="379" HPOS="491"/>
							<String ID="string_73" HPOS="507" VPOS="379" WIDTH="176" HEIGHT="27" WC="0.90" CONTENT="kronontskylders"/><SP WIDTH="11" VPOS="379" HPOS="683"/>
							<String ID="string_74" HPOS="694" VPOS="380" WIDTH="124" HEIGHT="24" WC="0.96" CONTENT="erläggande,"/><SP WIDTH="12" VPOS="380" HPOS="818"/>
							<String ID="string_75" HPOS="830" VPOS="385" WIDTH="50" HEIGHT="19" WC="0.96" CONTENT="som,"/><SP WIDTH="12" VPOS="385" HPOS="880"/>
							<String ID="string_76" HPOS="892" VPOS="380" WIDTH="60" HEIGHT="24" WC="0.96" CONTENT="enligt"/>
						</TextLine>
						<TextLine ID="line_9" HPOS="207" VPOS="406" WIDTH="745" HEIGHT="26">
							<String ID="string_77" HPOS="207" VPOS="406" WIDTH="224" HEIGHT="26" WC="0.90" CONTENT="fristadsprivilegierna,"/><SP WIDTH="21" VPOS="406" HPOS="431"/>
							<String ID="string_78" HPOS="452" VPOS="406" WIDTH="5" HEIGHT="19" WC="0.96" CONTENT="i"/><SP WIDTH="16" VPOS="406" HPOS="457"/>
							<String ID="string_79" HPOS="473" VPOS="406" WIDTH="134" HEIGHT="20" WC="0.96" CONTENT="Tammerfors"/><SP WIDTH="17" VPOS="406" HPOS="607"/>
							<String ID="string_80" HPOS="624" VPOS="406" WIDTH="77" HEIGHT="20" WC="0.93" CONTENT="boende"/><SP WIDTH="17" VPOS="406" HPOS="701"/>
							<String ID="string_81" HPOS="718" VPOS="406" WIDTH="134" HEIGHT="20" WC="0.91" CONTENT="handtverks-"/><SP WIDTH="17" VPOS="406" HPOS="852"/>
							<String ID="string_82" HPOS="869" VPOS="407" WIDTH="38" HEIGHT="18" WC="0.88" CONTENT="och"/><SP WIDTH="17" VPOS="407" HPOS="907"/>
							<String ID="string_83" HPOS="924" VPOS="406" WIDTH="28" HEIGHT="19" WC="0.88" CONTENT="fa-"/>
						</TextLine>
						<TextLine ID="line_10" HPOS="207" VPOS="432" WIDTH="745" HEIGHT="27">
							<String ID="string_84" HPOS="207" VPOS="434" WIDTH="147" HEIGHT="20" WC="0.91" CONTENT="briksarbetare"/><SP WIDTH="14" VPOS="434" HPOS="354"/>
							<String ID="string_85" HPOS="368" VPOS="434" WIDTH="34" HEIGHT="25" WC="0.94" CONTENT="äga"/><SP WIDTH="15" VPOS="434" HPOS="402"/>
							<String ID="string_86" HPOS="417" VPOS="434" WIDTH="38" HEIGHT="18" WC="0.96" CONTENT="rätt"/><SP WIDTH="14" VPOS="434" HPOS="455"/>
							<String ID="string_87" HPOS="469" VPOS="436" WIDTH="28" HEIGHT="16" WC="0.95" CONTENT="att"/><SP WIDTH="14" VPOS="436" HPOS="497"/>
							<String ID="string_88" HPOS="511" VPOS="432" WIDTH="80" HEIGHT="26" WC="0.94" CONTENT="åtnjuta,"/><SP WIDTH="17" VPOS="432" HPOS="591"/>
							<String ID="string_89" HPOS="608" VPOS="435" WIDTH="112" HEIGHT="17" WC="0.96" CONTENT="motsvaras"/><SP WIDTH="14" VPOS="435" HPOS="720"/>
							<String ID="string_90" HPOS="734" VPOS="438" WIDTH="43" HEIGHT="14" WC="0.96" CONTENT="mer"/><SP WIDTH="15" VPOS="438" HPOS="777"/>
							<String ID="string_91" HPOS="792" VPOS="435" WIDTH="23" HEIGHT="17" WC="0.95" CONTENT="än"/><SP WIDTH="15" VPOS="435" HPOS="815"/>
							<String ID="string_92" HPOS="830" VPOS="433" WIDTH="44" HEIGHT="20" WC="0.95" CONTENT="fullt"/><SP WIDTH="14" VPOS="433" HPOS="874"/>
							<String ID="string_93" HPOS="888" VPOS="433" WIDTH="20" HEIGHT="19" WC="0.96" CONTENT="af"/><SP WIDTH="11" VPOS="433" HPOS="908"/>
							<String ID="string_94" HPOS="919" VPOS="432" WIDTH="33" HEIGHT="20" WC="0.96" CONTENT="det"/>
						</TextLine>
						<TextLine ID="line_11" HPOS="208" VPOS="459" WIDTH="743" HEIGHT="26">
							<String ID="string_95" HPOS="208" VPOS="466" WIDTH="43" HEIGHT="14" WC="0.96" CONTENT="som"/><SP WIDTH="18" VPOS="466" HPOS="251"/>
							<String ID="string_96" HPOS="269" VPOS="460" WIDTH="91" HEIGHT="20" WC="0.96" CONTENT="tilldelats"/><SP WIDTH="17" VPOS="460" HPOS="360"/>
							<String ID="string_97" HPOS="377" VPOS="460" WIDTH="60" HEIGHT="19" WC="0.96" CONTENT="andra"/><SP WIDTH="18" VPOS="460" HPOS="437"/>
							<String ID="string_98" HPOS="455" VPOS="463" WIDTH="53" HEIGHT="16" WC="0.96" CONTENT="orter"/><SP WIDTH="19" VPOS="463" HPOS="508"/>
							<String ID="string_99" HPOS="527" VPOS="460" WIDTH="3" HEIGHT="18" WC="0.96" CONTENT="i"/><SP WIDTH="15" VPOS="460" HPOS="530"/>
							<String ID="string_100" HPOS="545" VPOS="460" WIDTH="51" HEIGHT="19" WC="0.96" CONTENT="form"/><SP WIDTH="13" VPOS="460" HPOS="596"/>
							<String ID="string_101" HPOS="609" VPOS="460" WIDTH="21" HEIGHT="19" WC="0.96" CONTENT="af"/><SP WIDTH="13" VPOS="460" HPOS="630"/>
							<String ID="string_102" HPOS="643" VPOS="459" WIDTH="105" HEIGHT="20" WC="0.96" CONTENT="understöd"/><SP WIDTH="15" VPOS="459" HPOS="748"/>
							<String ID="string_103" HPOS="763" VPOS="459" WIDTH="5" HEIGHT="19" WC="0.96" CONTENT="i"/><SP WIDTH="15" VPOS="459" HPOS="768"/>
							<String ID="string_104" HPOS="783" VPOS="460" WIDTH="105" HEIGHT="25" WC="0.96" CONTENT="penningar"/><SP WIDTH="15" VPOS="460" HPOS="888"/>
							<String ID="string_105" HPOS="903" VPOS="459" WIDTH="48" HEIGHT="19" WC="0.96" CONTENT="eller"/>
						</TextLine>
						<TextLine ID="line_12" HPOS="208" VPOS="486" WIDTH="744" HEIGHT="26">
							<String ID="string_106" HPOS="208" VPOS="486" WIDTH="99" HEIGHT="26" WC="0.92" CONTENT="spanmål,"/><SP WIDTH="20" VPOS="486" HPOS="307"/>
							<String ID="string_107" HPOS="327" VPOS="489" WIDTH="13" HEIGHT="17" WC="0.90" CONTENT="t."/><SP WIDTH="20" VPOS="489" HPOS="340"/>
							<String ID="string_108" HPOS="360" VPOS="492" WIDTH="31" HEIGHT="14" WC="0.95" CONTENT="ex."/><SP WIDTH="19" VPOS="492" HPOS="391"/>
							<String ID="string_109" HPOS="410" VPOS="486" WIDTH="33" HEIGHT="19" WC="0.93" CONTENT="vid"/><SP WIDTH="18" VPOS="486" HPOS="443"/>
							<String ID="string_110" HPOS="461" VPOS="486" WIDTH="114" HEIGHT="20" WC="0.91" CONTENT="inträffande"/><SP WIDTH="17" VPOS="486" HPOS="575"/>
							<String ID="string_111" HPOS="592" VPOS="486" WIDTH="127" HEIGHT="23" WC="0.91" CONTENT="missvexter;"/><SP WIDTH="19" VPOS="486" HPOS="719"/>
							<String ID="string_112" HPOS="738" VPOS="486" WIDTH="49" HEIGHT="20" WC="0.92" CONTENT="slika"/><SP WIDTH="14" VPOS="486" HPOS="787"/>
							<String ID="string_113" HPOS="801" VPOS="486" WIDTH="107" HEIGHT="20" WC="0.95" CONTENT="understöd"/><SP WIDTH="15" VPOS="486" HPOS="908"/>
							<String ID="string_114" HPOS="923" VPOS="486" WIDTH="29" HEIGHT="18" WC="0.96" CONTENT="för"/>
						</TextLine>
						<TextLine ID="line_13" HPOS="208" VPOS="512" WIDTH="631" HEIGHT="26">
							<String ID="string_115" HPOS="208" VPOS="513" WIDTH="107" HEIGHT="20" WC="0.92" CONTENT="socknarne"/><SP WIDTH="15" VPOS="513" HPOS="315"/>
							<String ID="string_116" HPOS="330" VPOS="512" WIDTH="55" HEIGHT="26" WC="0.95" CONTENT="kring"/><SP WIDTH="14" VPOS="512" HPOS="385"/>
							<String ID="string_117" HPOS="399" VPOS="513" WIDTH="131" HEIGHT="19" WC="0.96" CONTENT="Tammerfors"/><SP WIDTH="16" VPOS="513" HPOS="530"/>
							<String ID="string_118" HPOS="546" VPOS="514" WIDTH="24" HEIGHT="18" WC="0.96" CONTENT="ha"/><SP WIDTH="15" VPOS="514" HPOS="570"/>
							<String ID="string_119" HPOS="585" VPOS="512" WIDTH="61" HEIGHT="26" WC="0.96" CONTENT="aldrig"/><SP WIDTH="15" VPOS="512" HPOS="646"/>
							<String ID="string_120" HPOS="661" VPOS="512" WIDTH="84" HEIGHT="20" WC="0.96" CONTENT="kommit"/><SP WIDTH="14" VPOS="512" HPOS="745"/>
							<String ID="string_121" HPOS="759" VPOS="513" WIDTH="5" HEIGHT="19" WC="0.96" CONTENT="i"/><SP WIDTH="14" VPOS="513" HPOS="764"/>
							<String ID="string_122" HPOS="778" VPOS="512" WIDTH="61" HEIGHT="26" WC="0.96" CONTENT="fråga."/>
						</TextLine>
					</TextBlock>
					<TextBlock ID="block_3" HPOS="207" VPOS="538" WIDTH="745" HEIGHT="134">
						<TextLine ID="line_14" HPOS="261" VPOS="538" WIDTH="691" HEIGHT="27">
							<String ID="string_123" HPOS="261" VPOS="540" WIDTH="73" HEIGHT="24" WC="0.92" CONTENT="Sjelfva"/><SP WIDTH="14" VPOS="540" HPOS="334"/>
							<String ID="string_124" HPOS="348" VPOS="539" WIDTH="69" HEIGHT="20" WC="0.96" CONTENT="staden"/><SP WIDTH="15" VPOS="539" HPOS="417"/>
							<String ID="string_125" HPOS="432" VPOS="540" WIDTH="41" HEIGHT="24" WC="0.96" CONTENT="har,"/><SP WIDTH="17" VPOS="540" HPOS="473"/>
							<String ID="string_126" HPOS="490" VPOS="540" WIDTH="39" HEIGHT="25" WC="0.96" CONTENT="mig"/><SP WIDTH="15" VPOS="540" HPOS="529"/>
							<String ID="string_127" HPOS="544" VPOS="540" WIDTH="115" HEIGHT="24" WC="0.95" CONTENT="veterligen,"/><SP WIDTH="16" VPOS="540" HPOS="659"/>
							<String ID="string_128" HPOS="675" VPOS="539" WIDTH="61" HEIGHT="25" WC="0.94" CONTENT="aldrig"/><SP WIDTH="14" VPOS="539" HPOS="736"/>
							<String ID="string_129" HPOS="750" VPOS="540" WIDTH="74" HEIGHT="24" WC="0.96" CONTENT="begärt,"/><SP WIDTH="17" VPOS="540" HPOS="824"/>
							<String ID="string_130" HPOS="841" VPOS="540" WIDTH="50" HEIGHT="19" WC="0.93" CONTENT="ännu"/><SP WIDTH="11" VPOS="540" HPOS="891"/>
							<String ID="string_131" HPOS="902" VPOS="538" WIDTH="50" HEIGHT="21" WC="0.92" CONTENT="min-"/>
						</TextLine>
						<TextLine ID="line_15" HPOS="208" VPOS="565" WIDTH="744" HEIGHT="26">
							<String ID="string_132" HPOS="208" VPOS="566" WIDTH="35" HEIGHT="20" WC="0.96" CONTENT="dre"/><SP WIDTH="14" VPOS="566" HPOS="243"/>
							<String ID="string_133" HPOS="257" VPOS="566" WIDTH="76" HEIGHT="20" WC="0.96" CONTENT="erhållit"/><SP WIDTH="15" VPOS="566" HPOS="333"/>
							<String ID="string_134" HPOS="348" VPOS="566" WIDTH="59" HEIGHT="24" WC="0.96" CONTENT="några"/><SP WIDTH="15" VPOS="566" HPOS="407"/>
							<String ID="string_135" HPOS="422" VPOS="566" WIDTH="92" HEIGHT="19" WC="0.96" CONTENT="räntefria"/><SP WIDTH="14" VPOS="566" HPOS="514"/>
							<String ID="string_136" HPOS="528" VPOS="565" WIDTH="32" HEIGHT="20" WC="0.96" CONTENT="lån"/><SP WIDTH="15" VPOS="565" HPOS="560"/>
							<String ID="string_137" HPOS="575" VPOS="566" WIDTH="46" HEIGHT="20" WC="0.96" CONTENT="eller"/><SP WIDTH="15" VPOS="566" HPOS="621"/>
							<String ID="string_138" HPOS="636" VPOS="568" WIDTH="57" HEIGHT="17" WC="0.95" CONTENT="annat"/><SP WIDTH="10" VPOS="568" HPOS="693"/>
							<String ID="string_139" HPOS="703" VPOS="566" WIDTH="106" HEIGHT="20" WC="0.95" CONTENT="understöd"/><SP WIDTH="12" VPOS="566" HPOS="809"/>
							<String ID="string_140" HPOS="821" VPOS="566" WIDTH="27" HEIGHT="20" WC="0.93" CONTENT="till"/><SP WIDTH="11" VPOS="566" HPOS="848"/>
							<String ID="string_141" HPOS="859" VPOS="565" WIDTH="93" HEIGHT="26" WC="0.91" CONTENT="reglerin-"/>
						</TextLine>
						<TextLine ID="line_16" HPOS="207" VPOS="591" WIDTH="743" HEIGHT="27">
							<String ID="string_142" HPOS="207" VPOS="598" WIDTH="41" HEIGHT="20" WC="0.93" CONTENT="gar,"/><SP WIDTH="16" VPOS="598" HPOS="248"/>
							<String ID="string_143" HPOS="264" VPOS="592" WIDTH="71" HEIGHT="26" WC="0.92" CONTENT="kyrko-"/><SP WIDTH="14" VPOS="592" HPOS="335"/>
							<String ID="string_144" HPOS="349" VPOS="594" WIDTH="46" HEIGHT="18" WC="0.96" CONTENT="eller"/><SP WIDTH="14" VPOS="594" HPOS="395"/>
							<String ID="string_145" HPOS="409" VPOS="592" WIDTH="60" HEIGHT="20" WC="0.96" CONTENT="andra"/><SP WIDTH="14" VPOS="592" HPOS="469"/>
							<String ID="string_146" HPOS="483" VPOS="592" WIDTH="140" HEIGHT="26" WC="0.93" CONTENT="nybyggnader"/><SP WIDTH="13" VPOS="592" HPOS="623"/>
							<String ID="string_147" HPOS="636" VPOS="598" WIDTH="27" HEIGHT="14" WC="0.90" CONTENT="m."/><SP WIDTH="15" VPOS="598" HPOS="663"/>
							<String ID="string_148" HPOS="678" VPOS="598" WIDTH="36" HEIGHT="19" WC="0.91" CONTENT="m.,"/><SP WIDTH="11" VPOS="598" HPOS="714"/>
							<String ID="string_149" HPOS="725" VPOS="592" WIDTH="75" HEIGHT="20" WC="0.95" CONTENT="hvilket"/><SP WIDTH="9" VPOS="592" HPOS="800"/>
							<String ID="string_150" HPOS="809" VPOS="592" WIDTH="97" HEIGHT="26" WC="0.93" CONTENT="knappast"/><SP WIDTH="11" VPOS="592" HPOS="906"/>
							<String ID="string_151" HPOS="917" VPOS="591" WIDTH="33" HEIGHT="21" WC="0.91" CONTENT="nå-"/>
						</TextLine>
						<TextLine ID="line_17" HPOS="208" VPOS="618" WIDTH="743" HEIGHT="26">
							<String ID="string_152" HPOS="208" VPOS="625" WIDTH="37" HEIGHT="19" WC="0.96" CONTENT="gon"/><SP WIDTH="14" VPOS="625" HPOS="245"/>
							<String ID="string_153" HPOS="259" VPOS="620" WIDTH="47" HEIGHT="19" WC="0.96" CONTENT="eller"/><SP WIDTH="14" VPOS="620" HPOS="306"/>
							<String ID="string_154" HPOS="320" VPOS="618" WIDTH="116" HEIGHT="20" WC="0.96" CONTENT="åtminstone"/><SP WIDTH="15" VPOS="618" HPOS="436"/>
							<String ID="string_155" HPOS="451" VPOS="619" WIDTH="57" HEIGHT="25" WC="0.95" CONTENT="högst"/><SP WIDTH="13" VPOS="619" HPOS="508"/>
							<String ID="string_156" HPOS="521" VPOS="618" WIDTH="18" HEIGHT="20" WC="0.95" CONTENT="få"/><SP WIDTH="15" VPOS="618" HPOS="539"/>
							<String ID="string_157" HPOS="554" VPOS="619" WIDTH="20" HEIGHT="19" WC="0.95" CONTENT="af"/><SP WIDTH="13" VPOS="619" HPOS="574"/>
							<String ID="string_158" HPOS="587" VPOS="618" WIDTH="47" HEIGHT="20" WC="0.96" CONTENT="våra"/><SP WIDTH="18" VPOS="618" HPOS="634"/>
							<String ID="string_159" HPOS="652" VPOS="619" WIDTH="60" HEIGHT="25" WC="0.96" CONTENT="öfriga"/><SP WIDTH="18" VPOS="619" HPOS="712"/>
							<String ID="string_160" HPOS="730" VPOS="619" WIDTH="67" HEIGHT="20" WC="0.96" CONTENT="städer"/><SP WIDTH="17" VPOS="619" HPOS="797"/>
							<String ID="string_161" HPOS="814" VPOS="619" WIDTH="56" HEIGHT="19" WC="0.95" CONTENT="torde"/><SP WIDTH="16" VPOS="619" HPOS="870"/>
							<String ID="string_162" HPOS="886" VPOS="618" WIDTH="65" HEIGHT="20" WC="0.96" CONTENT="kunna"/>
						</TextLine>
						<TextLine ID="line_18" HPOS="208" VPOS="646" WIDTH="109" HEIGHT="26">
							<String ID="string_163" HPOS="208" VPOS="646" WIDTH="69" HEIGHT="26" WC="0.96" CONTENT="skryta"/><SP WIDTH="14" VPOS="646" HPOS="277"/>
							<String ID="string_164" HPOS="291" VPOS="646" WIDTH="26" HEIGHT="18" WC="0.96" CONTENT="af."/>
						</TextLine>
					</TextBlock>
					<TextBlock ID="block_4" HPOS="208" VPOS="671" WIDTH="746" HEIGHT="152">
						<TextLine ID="line_19" HPOS="264" VPOS="671" WIDTH="689" HEIGHT="27">
							<String ID="string_165" HPOS="264" VPOS="672" WIDTH="64" HEIGHT="20" WC="0.96" CONTENT="Under"/><SP WIDTH="15" VPOS="672" HPOS="328"/>
							<String ID="string_166" HPOS="343" VPOS="671" WIDTH="70" HEIGHT="21" WC="0.96" CONTENT="sådant"/><SP WIDTH="14" VPOS="671" HPOS="413"/>
							<String ID="string_167" HPOS="427" VPOS="671" WIDTH="120" HEIGHT="21" WC="0.96" CONTENT="förhållande"/><SP WIDTH="15" VPOS="671" HPOS="547"/>
							<String ID="string_168" HPOS="562" VPOS="672" WIDTH="70" HEIGHT="26" WC="0.96" CONTENT="tyckes"/><SP WIDTH="16" VPOS="672" HPOS="632"/>
							<String ID="string_169" HPOS="648" VPOS="671" WIDTH="21" HEIGHT="20" WC="0.96" CONTENT="så"/><SP WIDTH="15" VPOS="671" HPOS="669"/>
							<String ID="string_170" HPOS="684" VPOS="672" WIDTH="80" HEIGHT="26" WC="0.96" CONTENT="mycket"/><SP WIDTH="14" VPOS="672" HPOS="764"/>
							<String ID="string_171" HPOS="778" VPOS="672" WIDTH="78" HEIGHT="19" WC="0.96" CONTENT="mindre"/><SP WIDTH="18" VPOS="672" HPOS="856"/>
							<String ID="string_172" HPOS="874" VPOS="672" WIDTH="41" HEIGHT="19" WC="0.91" CONTENT="skäl"/><SP WIDTH="10" VPOS="672" HPOS="915"/>
							<String ID="string_173" HPOS="925" VPOS="672" WIDTH="28" HEIGHT="20" WC="0.91" CONTENT="fö-"/>
						</TextLine>
						<TextLine ID="line_20" HPOS="208" VPOS="697" WIDTH="746" HEIGHT="27">
							<String ID="string_174" HPOS="208" VPOS="698" WIDTH="85" HEIGHT="20" WC="0.93" CONTENT="refinnas"/><SP WIDTH="10" VPOS="698" HPOS="293"/>
							<String ID="string_175" HPOS="303" VPOS="698" WIDTH="27" HEIGHT="20" WC="0.96" CONTENT="till"/><SP WIDTH="9" VPOS="698" HPOS="330"/>
							<String ID="string_176" HPOS="339" VPOS="698" WIDTH="38" HEIGHT="20" WC="0.93" CONTENT="den"/><SP WIDTH="10" VPOS="698" HPOS="377"/>
							<String ID="string_177" HPOS="387" VPOS="697" WIDTH="133" HEIGHT="27" WC="0.90" CONTENT="ifrägakomna"/><SP WIDTH="9" VPOS="697" HPOS="520"/>
							<String ID="string_178" HPOS="529" VPOS="698" WIDTH="100" HEIGHT="26" WC="0.93" CONTENT="åtgärden,"/><SP WIDTH="17" VPOS="698" HPOS="629"/>
							<String ID="string_179" HPOS="646" VPOS="699" WIDTH="115" HEIGHT="25" WC="0.92" CONTENT="isynnerhet"/><SP WIDTH="14" VPOS="699" HPOS="761"/>
							<String ID="string_180" HPOS="775" VPOS="704" WIDTH="43" HEIGHT="14" WC="0.93" CONTENT="som"/><SP WIDTH="10" VPOS="704" HPOS="818"/>
							<String ID="string_181" HPOS="828" VPOS="699" WIDTH="126" HEIGHT="19" WC="0.91" CONTENT="ofvannämn-"/>
						</TextLine>
						<TextLine ID="line_21" HPOS="209" VPOS="724" WIDTH="745" HEIGHT="26">
							<String ID="string_182" HPOS="209" VPOS="725" WIDTH="25" HEIGHT="19" WC="0.92" CONTENT="da"/><SP WIDTH="14" VPOS="725" HPOS="234"/>
							<String ID="string_183" HPOS="248" VPOS="725" WIDTH="92" HEIGHT="19" WC="0.96" CONTENT="befrielse"/><SP WIDTH="13" VPOS="725" HPOS="340"/>
							<String ID="string_184" HPOS="353" VPOS="730" WIDTH="82" HEIGHT="14" WC="0.96" CONTENT="numera"/><SP WIDTH="16" VPOS="730" HPOS="435"/>
							<String ID="string_185" HPOS="451" VPOS="725" WIDTH="60" HEIGHT="25" WC="0.96" CONTENT="gäller"/><SP WIDTH="14" VPOS="725" HPOS="511"/>
							<String ID="string_186" HPOS="525" VPOS="726" WIDTH="69" HEIGHT="19" WC="0.95" CONTENT="endast"/><SP WIDTH="14" VPOS="726" HPOS="594"/>
							<String ID="string_187" HPOS="608" VPOS="725" WIDTH="29" HEIGHT="19" WC="0.96" CONTENT="för"/><SP WIDTH="16" VPOS="725" HPOS="637"/>
							<String ID="string_188" HPOS="653" VPOS="726" WIDTH="53" HEIGHT="19" WC="0.96" CONTENT="vissa"/><SP WIDTH="16" VPOS="726" HPOS="706"/>
							<String ID="string_189" HPOS="722" VPOS="724" WIDTH="21" HEIGHT="21" WC="0.96" CONTENT="är"/><SP WIDTH="15" VPOS="724" HPOS="743"/>
							<String ID="string_190" HPOS="758" VPOS="726" WIDTH="37" HEIGHT="18" WC="0.96" CONTENT="och"/><SP WIDTH="14" VPOS="726" HPOS="795"/>
							<String ID="string_191" HPOS="809" VPOS="725" WIDTH="33" HEIGHT="20" WC="0.93" CONTENT="det"/><SP WIDTH="14" VPOS="725" HPOS="842"/>
							<String ID="string_192" HPOS="856" VPOS="725" WIDTH="4" HEIGHT="19" WC="0.91" CONTENT="i"/><SP WIDTH="14" VPOS="725" HPOS="860"/>
							<String ID="string_193" HPOS="874" VPOS="726" WIDTH="80" HEIGHT="19" WC="0.92" CONTENT="allmän-"/>
						</TextLine>
						<TextLine ID="line_22" HPOS="209" VPOS="750" WIDTH="745" HEIGHT="27">
							<String ID="string_194" HPOS="209" VPOS="752" WIDTH="34" HEIGHT="19" WC="0.96" CONTENT="het"/><SP WIDTH="14" VPOS="752" HPOS="243"/>
							<String ID="string_195" HPOS="257" VPOS="752" WIDTH="29" HEIGHT="19" WC="0.93" CONTENT="för"/><SP WIDTH="14" VPOS="752" HPOS="286"/>
							<String ID="string_196" HPOS="300" VPOS="750" WIDTH="158" HEIGHT="21" WC="0.74" CONTENT="rättstillständet"/><SP WIDTH="14" VPOS="750" HPOS="458"/>
							<String ID="string_197" HPOS="472" VPOS="751" WIDTH="65" HEIGHT="20" WC="0.92" CONTENT="blefve"/><SP WIDTH="15" VPOS="751" HPOS="537"/>
							<String ID="string_198" HPOS="552" VPOS="751" WIDTH="73" HEIGHT="25" WC="0.73" CONTENT="vädligt"/><SP WIDTH="14" VPOS="751" HPOS="625"/>
							<String ID="string_199" HPOS="639" VPOS="757" WIDTH="32" HEIGHT="14" WC="0.96" CONTENT="om"/><SP WIDTH="16" VPOS="757" HPOS="671"/>
							<String ID="string_200" HPOS="687" VPOS="752" WIDTH="20" HEIGHT="19" WC="0.93" CONTENT="af"/><SP WIDTH="7" VPOS="752" HPOS="707"/>
							<String ID="string_201" HPOS="714" VPOS="752" WIDTH="100" HEIGHT="25" WC="0.93" CONTENT="Regenten"/><SP WIDTH="13" VPOS="752" HPOS="814"/>
							<String ID="string_202" HPOS="827" VPOS="752" WIDTH="127" HEIGHT="20" WC="0.77" CONTENT="tillförsäkra-"/>
						</TextLine>
						<TextLine ID="line_23" HPOS="208" VPOS="778" WIDTH="745" HEIGHT="45">
							<String ID="string_203" HPOS="208" VPOS="778" WIDTH="26" HEIGHT="45" WC="0.59" CONTENT="-"/><SP WIDTH="13" VPOS="778" HPOS="234"/>
							<String ID="string_204" HPOS="247" VPOS="778" WIDTH="115" HEIGHT="25" WC="0.93" CONTENT="rättigheter"/><SP WIDTH="14" VPOS="778" HPOS="362"/>
							<String ID="string_205" HPOS="376" VPOS="778" WIDTH="117" HEIGHT="25" WC="0.92" CONTENT="upphäfvas,"/><SP WIDTH="18" VPOS="778" HPOS="493"/>
							<String ID="string_206" HPOS="511" VPOS="781" WIDTH="44" HEIGHT="17" WC="0.96" CONTENT="utan"/><SP WIDTH="15" VPOS="781" HPOS="555"/>
							<String ID="string_207" HPOS="570" VPOS="780" WIDTH="26" HEIGHT="17" WC="0.93" CONTENT="att"/><SP WIDTH="15" VPOS="780" HPOS="596"/>
							<String ID="string_208" HPOS="611" VPOS="778" WIDTH="102" HEIGHT="20" WC="0.96" CONTENT="desamma"/><SP WIDTH="14" VPOS="778" HPOS="713"/>
							<String ID="string_209" HPOS="727" VPOS="778" WIDTH="25" HEIGHT="26" WC="0.93" CONTENT="pä"/><SP WIDTH="10" VPOS="778" HPOS="752"/>
							<String ID="string_210" HPOS="762" VPOS="778" WIDTH="58" HEIGHT="26" WC="0.96" CONTENT="något"/><SP WIDTH="10" VPOS="778" HPOS="820"/>
							<String ID="string_211" HPOS="830" VPOS="780" WIDTH="39" HEIGHT="18" WC="0.93" CONTENT="sätt"/><SP WIDTH="10" VPOS="780" HPOS="869"/>
							<String ID="string_212" HPOS="879" VPOS="778" WIDTH="74" HEIGHT="20" WC="0.89" CONTENT="förver-"/>
						</TextLine>
					</TextBlock>
					<TextBlock ID="block_5" HPOS="224" VPOS="807" WIDTH="36" HEIGHT="17">
						<TextLine ID="line_24" HPOS="224" VPOS="807" WIDTH="36" HEIGHT="17">
							<String ID="string_213" HPOS="224" VPOS="807" WIDTH="36" HEIGHT="17" WC="0.91" CONTENT="ats."/>
						</TextLine>
					</TextBlock>
				</ComposedBlock>
				<ComposedBlock ID="cblock_2" HPOS="345" VPOS="971" WIDTH="609" HEIGHT="111">
					<TextBlock ID="block_6" HPOS="345" VPOS="971" WIDTH="609" HEIGHT="111">
						<TextLine ID="line_25" HPOS="414" VPOS="971" WIDTH="540" HEIGHT="28">
							<String ID="string_214" HPOS="414" VPOS="971" WIDTH="93" HEIGHT="20" WC="0.93" CONTENT="Finlands"/><SP WIDTH="15" VPOS="971" HPOS="507"/>
							<String ID="string_215" HPOS="522" VPOS="971" WIDTH="91" HEIGHT="20" WC="0.92" CONTENT="Ständers"/><SP WIDTH="14" VPOS="971" HPOS="613"/>
							<String ID="string_216" HPOS="627" VPOS="971" WIDTH="128" HEIGHT="27" WC="0.91" CONTENT="underdäniga"/><SP WIDTH="12" VPOS="971" HPOS="755"/>
							<String ID="string_217" HPOS="767" VPOS="979" WIDTH="45" HEIGHT="13" WC="0.93" CONTENT="svar"/><SP WIDTH="16" VPOS="979" HPOS="812"/>
							<String ID="string_218" HPOS="828" VPOS="973" WIDTH="5" HEIGHT="19" WC="0.93" CONTENT="å"/><SP WIDTH="10" VPOS="973" HPOS="833"/>
							<String ID="string_219" HPOS="843" VPOS="972" WIDTH="55" HEIGHT="21" WC="0.93" CONTENT="Hans"/><SP WIDTH="11" VPOS="972" HPOS="898"/>
							<String ID="string_220" HPOS="909" VPOS="973" WIDTH="45" HEIGHT="26" WC="0.78" CONTENT="Kej-"/>
						</TextLine>
						<TextLine ID="line_26" HPOS="345" VPOS="999" WIDTH="609" HEIGHT="28">
							<String ID="string_221" HPOS="345" VPOS="1000" WIDTH="68" HEIGHT="25" WC="0.92" CONTENT="serliga"/><SP WIDTH="16" VPOS="1000" HPOS="413"/>
							<String ID="string_222" HPOS="429" VPOS="999" WIDTH="100" HEIGHT="26" WC="0.92" CONTENT="Majestäts"/><SP WIDTH="14" VPOS="999" HPOS="529"/>
							<String ID="string_223" HPOS="543" VPOS="999" WIDTH="70" HEIGHT="26" WC="0.93" CONTENT="nädiga"/><SP WIDTH="17" VPOS="999" HPOS="613"/>
							<String ID="string_224" HPOS="630" VPOS="1002" WIDTH="124" HEIGHT="23" WC="0.93" CONTENT="proposition,"/><SP WIDTH="13" VPOS="1002" HPOS="754"/>
							<String ID="string_225" HPOS="767" VPOS="1001" WIDTH="97" HEIGHT="26" WC="0.92" CONTENT="angäende"/><SP WIDTH="10" VPOS="1001" HPOS="864"/>
							<String ID="string_226" HPOS="874" VPOS="1002" WIDTH="80" HEIGHT="19" WC="0.96" CONTENT="revision"/>
						</TextLine>
						<TextLine ID="line_27" HPOS="346" VPOS="1029" WIDTH="607" HEIGHT="26">
							<String ID="string_227" HPOS="346" VPOS="1029" WIDTH="24" HEIGHT="24" WC="0.93" CONTENT="af"/><SP WIDTH="6" VPOS="1029" HPOS="370"/>
							<String ID="string_228" HPOS="376" VPOS="1029" WIDTH="159" HEIGHT="24" WC="0.59" CONTENT="författningarne"/><SP WIDTH="16" VPOS="1029" HPOS="535"/>
							<String ID="string_229" HPOS="551" VPOS="1035" WIDTH="28" HEIGHT="12" WC="0.93" CONTENT="om"/><SP WIDTH="12" VPOS="1035" HPOS="579"/>
							<String ID="string_230" HPOS="591" VPOS="1029" WIDTH="106" HEIGHT="24" WC="0.93" CONTENT="personella"/><SP WIDTH="18" VPOS="1029" HPOS="697"/>
							<String ID="string_231" HPOS="715" VPOS="1029" WIDTH="191" HEIGHT="26" WC="0.90" CONTENT="kronoulskyldernas"/><SP WIDTH="18" VPOS="1029" HPOS="906"/>
							<String ID="string_232" HPOS="924" VPOS="1029" WIDTH="29" HEIGHT="19" WC="0.93" CONTENT="be-"/>
						</TextLine>
						<TextLine ID="line_28" HPOS="346" VPOS="1056" WIDTH="451" HEIGHT="26">
							<String ID="string_233" HPOS="346" VPOS="1056" WIDTH="42" HEIGHT="25" WC="0.92" CONTENT="lopp"/><SP WIDTH="17" VPOS="1056" HPOS="388"/>
							<String ID="string_234" HPOS="405" VPOS="1056" WIDTH="33" HEIGHT="19" WC="0.88" CONTENT="och"/><SP WIDTH="13" VPOS="1056" HPOS="438"/>
							<String ID="string_235" HPOS="451" VPOS="1057" WIDTH="109" HEIGHT="24" WC="0.91" CONTENT="grunderna"/><SP WIDTH="9" VPOS="1057" HPOS="560"/>
							<String ID="string_236" HPOS="569" VPOS="1059" WIDTH="35" HEIGHT="23" WC="0.94" CONTENT="för"/><SP WIDTH="14" VPOS="1059" HPOS="604"/>
							<String ID="string_237" HPOS="618" VPOS="1057" WIDTH="55" HEIGHT="18" WC="0.92" CONTENT="deras"/><SP WIDTH="15" VPOS="1057" HPOS="673"/>
							<String ID="string_238" HPOS="688" VPOS="1057" WIDTH="109" HEIGHT="25" WC="0.91" CONTENT="utgörande."/>
						</TextLine>
					</TextBlock>
				</ComposedBlock>
				<ComposedBlock ID="cblock_3" HPOS="390" VPOS="1094" WIDTH="379" HEIGHT="51">
					<TextBlock ID="block_7" HPOS="390" VPOS="1094" WIDTH="379" HEIGHT="51">
						<TextLine ID="line_29" HPOS="390" VPOS="1094" WIDTH="379" HEIGHT="21">
							<String ID="string_239" HPOS="390" VPOS="1094" WIDTH="168" HEIGHT="21" WC="0.89" CONTENT="(Stats-Utskottets"/><SP WIDTH="13" VPOS="1094" HPOS="558"/>
							<String ID="string_240" HPOS="571" VPOS="1095" WIDTH="114" HEIGHT="18" WC="0.92" CONTENT="betänkande"/><SP WIDTH="11" VPOS="1095" HPOS="685"/>
							<String ID="string_241" HPOS="696" VPOS="1095" WIDTH="35" HEIGHT="18" WC="0.96" CONTENT="N:o"/><SP WIDTH="14" VPOS="1095" HPOS="731"/>
							<String ID="string_242" HPOS="745" VPOS="1096" WIDTH="24" HEIGHT="19" WC="0.96" CONTENT="4)."/>
						</TextLine>
						<TextLine ID="line_30" HPOS="495" VPOS="1125" WIDTH="172" HEIGHT="20">
							<String ID="string_243" HPOS="495" VPOS="1125" WIDTH="62" HEIGHT="20" WC="0.86" CONTENT="S.A."/><SP WIDTH="15" VPOS="1125" HPOS="557"/>
							<String ID="string_244" HPOS="572" VPOS="1126" WIDTH="24" HEIGHT="19" WC="0.36" CONTENT="K."/><SP WIDTH="16" VPOS="1126" HPOS="596"/>
							<String ID="string_245" HPOS="612" VPOS="1131" WIDTH="18" HEIGHT="14" WC="0.36" CONTENT="o."/><SP WIDTH="17" VPOS="1131" HPOS="630"/>
							<String ID="string_246" HPOS="647" VPOS="1126" WIDTH="20" HEIGHT="19" WC="0.77" CONTENT="S."/>
						</TextLine>
					</TextBlock>
				</ComposedBlock>
				<ComposedBlock ID="cblock_4" HPOS="206" VPOS="1173" WIDTH="748" HEIGHT="290">
					<TextBlock ID="block_8" HPOS="206" VPOS="1173" WIDTH="748" HEIGHT="290">
						<TextLine ID="line_31" HPOS="259" VPOS="1173" WIDTH="693" HEIGHT="25">
							<String ID="string_247" HPOS="259" VPOS="1174" WIDTH="34" HEIGHT="19" WC="0.93" CONTENT="Till"/><SP WIDTH="16" VPOS="1174" HPOS="293"/>
							<String ID="string_248" HPOS="309" VPOS="1173" WIDTH="124" HEIGHT="25" WC="0.91" CONTENT="aflägsnande"/><SP WIDTH="14" VPOS="1173" HPOS="433"/>
							<String ID="string_249" HPOS="447" VPOS="1173" WIDTH="20" HEIGHT="19" WC="0.96" CONTENT="af"/><SP WIDTH="12" VPOS="1173" HPOS="467"/>
							<String ID="string_250" HPOS="479" VPOS="1173" WIDTH="25" HEIGHT="20" WC="0.93" CONTENT="Je"/><SP WIDTH="15" VPOS="1173" HPOS="504"/>
							<String ID="string_251" HPOS="519" VPOS="1173" WIDTH="133" HEIGHT="25" WC="0.90" CONTENT="olägenheter,"/><SP WIDTH="17" VPOS="1173" HPOS="652"/>
							<String ID="string_252" HPOS="669" VPOS="1179" WIDTH="43" HEIGHT="14" WC="0.93" CONTENT="som"/><SP WIDTH="16" VPOS="1179" HPOS="712"/>
							<String ID="string_253" HPOS="728" VPOS="1173" WIDTH="80" HEIGHT="20" WC="0.92" CONTENT="härröra"/><SP WIDTH="14" VPOS="1173" HPOS="808"/>
							<String ID="string_254" HPOS="822" VPOS="1173" WIDTH="20" HEIGHT="19" WC="0.96" CONTENT="af"/><SP WIDTH="8" VPOS="1173" HPOS="842"/>
							<String ID="string_255" HPOS="850" VPOS="1173" WIDTH="25" HEIGHT="20" WC="0.96" CONTENT="de"/><SP WIDTH="9" VPOS="1173" HPOS="875"/>
							<String ID="string_256" HPOS="884" VPOS="1178" WIDTH="27" HEIGHT="14" WC="0.93" CONTENT="nu"/><SP WIDTH="11" VPOS="1178" HPOS="911"/>
							<String ID="string_257" HPOS="922" VPOS="1175" WIDTH="30" HEIGHT="17" WC="0.90" CONTENT="ut-"/>
						</TextLine>
						<TextLine ID="line_32" HPOS="209" VPOS="1199" WIDTH="744" HEIGHT="26">
							<String ID="string_258" HPOS="209" VPOS="1199" WIDTH="77" HEIGHT="26" WC="0.96" CONTENT="gående"/><SP WIDTH="14" VPOS="1199" HPOS="286"/>
							<String ID="string_259" HPOS="300" VPOS="1200" WIDTH="109" HEIGHT="25" WC="0.93" CONTENT="personella"/><SP WIDTH="15" VPOS="1200" HPOS="409"/>
							<String ID="string_260" HPOS="424" VPOS="1199" WIDTH="203" HEIGHT="26" WC="0.0" CONTENT="kronoutskyldernäs"/><SP WIDTH="14" VPOS="1199" HPOS="627"/>
							<String ID="string_261" HPOS="641" VPOS="1199" WIDTH="50" HEIGHT="20" WC="0.93" CONTENT="olika"/><SP WIDTH="11" VPOS="1199" HPOS="691"/>
							<String ID="string_262" HPOS="702" VPOS="1199" WIDTH="164" HEIGHT="26" WC="0.92" CONTENT="beräkningssätt,"/><SP WIDTH="12" VPOS="1199" HPOS="866"/>
							<String ID="string_263" HPOS="878" VPOS="1200" WIDTH="39" HEIGHT="19" WC="0.96" CONTENT="och"/><SP WIDTH="10" VPOS="1200" HPOS="917"/>
							<String ID="string_264" HPOS="927" VPOS="1199" WIDTH="26" HEIGHT="20" WC="0.96" CONTENT="till"/>
						</TextLine>
						<TextLine ID="line_33" HPOS="209" VPOS="1225" WIDTH="744" HEIGHT="27">
							<String ID="string_265" HPOS="209" VPOS="1226" WIDTH="139" HEIGHT="25" WC="0.90" CONTENT="upphäfvande"/><SP WIDTH="15" VPOS="1226" HPOS="348"/>
							<String ID="string_266" HPOS="363" VPOS="1227" WIDTH="20" HEIGHT="17" WC="0.93" CONTENT="af"/><SP WIDTH="8" VPOS="1227" HPOS="383"/>
							<String ID="string_267" HPOS="391" VPOS="1226" WIDTH="126" HEIGHT="26" WC="0.91" CONTENT="obilligheten"/><SP WIDTH="14" VPOS="1226" HPOS="517"/>
							<String ID="string_268" HPOS="531" VPOS="1226" WIDTH="27" HEIGHT="18" WC="0.96" CONTENT="uti"/><SP WIDTH="14" VPOS="1226" HPOS="558"/>
							<String ID="string_269" HPOS="572" VPOS="1225" WIDTH="109" HEIGHT="25" WC="0.95" CONTENT="grunderna"/><SP WIDTH="15" VPOS="1225" HPOS="681"/>
							<String ID="string_270" HPOS="696" VPOS="1227" WIDTH="29" HEIGHT="18" WC="0.93" CONTENT="för"/><SP WIDTH="14" VPOS="1227" HPOS="725"/>
							<String ID="string_271" HPOS="739" VPOS="1225" WIDTH="113" HEIGHT="20" WC="0.76" CONTENT="desammas"/><SP WIDTH="11" VPOS="1225" HPOS="852"/>
							<String ID="string_272" HPOS="863" VPOS="1227" WIDTH="90" HEIGHT="23" WC="0.92" CONTENT="utgöran-"/>
						</TextLine>
						<TextLine ID="line_34" HPOS="209" VPOS="1250" WIDTH="743" HEIGHT="26">
							<String ID="string_273" HPOS="209" VPOS="1252" WIDTH="31" HEIGHT="24" WC="0.95" CONTENT="de,"/><SP WIDTH="23" VPOS="1252" HPOS="240"/>
							<String ID="string_274" HPOS="263" VPOS="1253" WIDTH="35" HEIGHT="18" WC="0.92" CONTENT="har"/><SP WIDTH="21" VPOS="1253" HPOS="298"/>
							<String ID="string_275" HPOS="319" VPOS="1251" WIDTH="74" HEIGHT="20" WC="0.91" CONTENT="Eders"/><SP WIDTH="14" VPOS="1251" HPOS="393"/>
							<String ID="string_276" HPOS="407" VPOS="1251" WIDTH="134" HEIGHT="25" WC="0.96" CONTENT="Kejserliga"/><SP WIDTH="15" VPOS="1251" HPOS="541"/>
							<String ID="string_277" HPOS="556" VPOS="1250" WIDTH="111" HEIGHT="25" WC="0.96" CONTENT="Majestät"/><SP WIDTH="14" VPOS="1250" HPOS="667"/>
							<String ID="string_278" HPOS="681" VPOS="1252" WIDTH="5" HEIGHT="18" WC="0.96" CONTENT="i"/><SP WIDTH="15" VPOS="1252" HPOS="686"/>
							<String ID="string_279" HPOS="701" VPOS="1257" WIDTH="25" HEIGHT="14" WC="0.96" CONTENT="en"/><SP WIDTH="14" VPOS="1257" HPOS="726"/>
							<String ID="string_280" HPOS="740" VPOS="1251" WIDTH="91" HEIGHT="20" WC="0.93" CONTENT="Finlands"/><SP WIDTH="15" VPOS="1251" HPOS="831"/>
							<String ID="string_281" HPOS="846" VPOS="1251" WIDTH="81" HEIGHT="20" WC="0.93" CONTENT="ständer"/><SP WIDTH="14" VPOS="1251" HPOS="927"/>
							<String ID="string_282" HPOS="941" VPOS="1251" WIDTH="11" HEIGHT="20" WC="0.93" CONTENT="ä"/>
						</TextLine>
						<TextLine ID="line_35" HPOS="208" VPOS="1277" WIDTH="744" HEIGHT="26">
							<String ID="string_283" HPOS="208" VPOS="1277" WIDTH="63" HEIGHT="20" WC="0.93" CONTENT="denna"/><SP WIDTH="18" VPOS="1277" HPOS="271"/>
							<String ID="string_284" HPOS="289" VPOS="1277" WIDTH="92" HEIGHT="26" WC="0.90" CONTENT="landtdag"/><SP WIDTH="16" VPOS="1277" HPOS="381"/>
							<String ID="string_285" HPOS="397" VPOS="1277" WIDTH="86" HEIGHT="25" WC="0.82" CONTENT="förelagd"/><SP WIDTH="17" VPOS="1277" HPOS="483"/>
							<String ID="string_286" HPOS="500" VPOS="1277" WIDTH="131" HEIGHT="25" WC="0.93" CONTENT="proposition,"/><SP WIDTH="20" VPOS="1277" HPOS="631"/>
							<String ID="string_287" HPOS="651" VPOS="1277" WIDTH="64" HEIGHT="20" WC="0.96" CONTENT="täckts"/><SP WIDTH="16" VPOS="1277" HPOS="715"/>
							<String ID="string_288" HPOS="731" VPOS="1277" WIDTH="5" HEIGHT="18" WC="0.93" CONTENT="i"/><SP WIDTH="13" VPOS="1277" HPOS="736"/>
							<String ID="string_289" HPOS="749" VPOS="1277" WIDTH="61" HEIGHT="20" WC="0.93" CONTENT="nåder"/><SP WIDTH="14" VPOS="1277" HPOS="810"/>
							<String ID="string_290" HPOS="824" VPOS="1277" WIDTH="128" HEIGHT="25" WC="0.92" CONTENT="öfverlemna,"/>
						</TextLine>
						<TextLine ID="line_36" HPOS="210" VPOS="1303" WIDTH="743" HEIGHT="27">
							<String ID="string_291" HPOS="210" VPOS="1304" WIDTH="25" HEIGHT="19" WC="0.93" CONTENT="till"/><SP WIDTH="13" VPOS="1304" HPOS="235"/>
							<String ID="string_292" HPOS="248" VPOS="1304" WIDTH="144" HEIGHT="25" WC="0.92" CONTENT="Ridderskapet"/><SP WIDTH="13" VPOS="1304" HPOS="392"/>
							<String ID="string_293" HPOS="405" VPOS="1303" WIDTH="39" HEIGHT="20" WC="0.93" CONTENT="och"/><SP WIDTH="11" VPOS="1303" HPOS="444"/>
							<String ID="string_294" HPOS="455" VPOS="1303" WIDTH="60" HEIGHT="20" WC="0.90" CONTENT="Adeln"/><SP WIDTH="14" VPOS="1303" HPOS="515"/>
							<String ID="string_295" HPOS="529" VPOS="1303" WIDTH="100" HEIGHT="25" WC="0.87" CONTENT="särskilät,"/><SP WIDTH="16" VPOS="1303" HPOS="629"/>
							<String ID="string_296" HPOS="645" VPOS="1309" WIDTH="33" HEIGHT="14" WC="0.93" CONTENT="om"/><SP WIDTH="9" VPOS="1309" HPOS="678"/>
							<String ID="string_297" HPOS="687" VPOS="1303" WIDTH="44" HEIGHT="20" WC="0.92" CONTENT="icke"/><SP WIDTH="12" VPOS="1303" HPOS="731"/>
							<String ID="string_298" HPOS="743" VPOS="1303" WIDTH="78" HEIGHT="20" WC="0.91" CONTENT="ständet"/><SP WIDTH="11" VPOS="1303" HPOS="821"/>
							<String ID="string_299" HPOS="832" VPOS="1303" WIDTH="44" HEIGHT="21" WC="0.93" CONTENT="ville"/><SP WIDTH="10" VPOS="1303" HPOS="876"/>
							<String ID="string_300" HPOS="886" VPOS="1303" WIDTH="67" HEIGHT="27" WC="0.93" CONTENT="afsäga"/>
						</TextLine>
						<TextLine ID="line_37" HPOS="208" VPOS="1329" WIDTH="746" HEIGHT="27">
							<String ID="string_301" HPOS="208" VPOS="1330" WIDTH="30" HEIGHT="25" WC="0.96" CONTENT="sig"/><SP WIDTH="14" VPOS="1330" HPOS="238"/>
							<String ID="string_302" HPOS="252" VPOS="1331" WIDTH="38" HEIGHT="20" WC="0.93" CONTENT="Jen"/><SP WIDTH="14" VPOS="1331" HPOS="290"/>
							<String ID="string_303" HPOS="304" VPOS="1331" WIDTH="120" HEIGHT="24" WC="0.95" CONTENT="detsamma,"/><SP WIDTH="17" VPOS="1331" HPOS="424"/>
							<String ID="string_304" HPOS="441" VPOS="1335" WIDTH="72" HEIGHT="21" WC="0.96" CONTENT="genom"/><SP WIDTH="14" VPOS="1335" HPOS="513"/>
							<String ID="string_305" HPOS="527" VPOS="1330" WIDTH="11" HEIGHT="19" WC="0.91" CONTENT="3"/><SP WIDTH="15" VPOS="1330" HPOS="538"/>
							<String ID="string_306" HPOS="553" VPOS="1329" WIDTH="10" HEIGHT="26" WC="0.91" CONTENT="$"/><SP WIDTH="16" VPOS="1329" HPOS="563"/>
							<String ID="string_307" HPOS="579" VPOS="1331" WIDTH="21" HEIGHT="18" WC="0.96" CONTENT="af"/><SP WIDTH="16" VPOS="1331" HPOS="600"/>
							<String ID="string_308" HPOS="616" VPOS="1330" WIDTH="51" HEIGHT="20" WC="0.93" CONTENT="1652"/><SP WIDTH="17" VPOS="1330" HPOS="667"/>
							<String ID="string_309" HPOS="684" VPOS="1329" WIDTH="33" HEIGHT="21" WC="0.96" CONTENT="års"/><SP WIDTH="18" VPOS="1329" HPOS="717"/>
							<String ID="string_310" HPOS="735" VPOS="1329" WIDTH="162" HEIGHT="27" WC="0.93" CONTENT="riksdagsbeslut,"/><SP WIDTH="17" VPOS="1329" HPOS="897"/>
							<String ID="string_311" HPOS="914" VPOS="1330" WIDTH="40" HEIGHT="21" WC="0.78" CONTENT="för-"/>
						</TextLine>
						<TextLine ID="line_38" HPOS="209" VPOS="1356" WIDTH="743" HEIGHT="27">
							<String ID="string_312" HPOS="209" VPOS="1357" WIDTH="90" HEIGHT="21" WC="0.56" CONTENT="behällne"/><SP WIDTH="16" VPOS="1357" HPOS="299"/>
							<String ID="string_313" HPOS="315" VPOS="1358" WIDTH="92" HEIGHT="19" WC="0.96" CONTENT="befrielse"/><SP WIDTH="14" VPOS="1358" HPOS="407"/>
							<String ID="string_314" HPOS="421" VPOS="1357" WIDTH="41" HEIGHT="20" WC="0.96" CONTENT="från"/><SP WIDTH="15" VPOS="1357" HPOS="462"/>
							<String ID="string_315" HPOS="477" VPOS="1356" WIDTH="115" HEIGHT="27" WC="0.96" CONTENT="erläggande"/><SP WIDTH="9" VPOS="1356" HPOS="592"/>
							<String ID="string_316" HPOS="601" VPOS="1359" WIDTH="28" HEIGHT="17" WC="0.93" CONTENT="att"/><SP WIDTH="10" VPOS="1359" HPOS="629"/>
							<String ID="string_317" HPOS="639" VPOS="1357" WIDTH="195" HEIGHT="26" WC="0.93" CONTENT="mantalspenningar,"/><SP WIDTH="12" VPOS="1357" HPOS="834"/>
							<String ID="string_318" HPOS="846" VPOS="1357" WIDTH="106" HEIGHT="20" WC="0.95" CONTENT="äfvensom"/>
						</TextLine>
						<TextLine ID="line_39" HPOS="208" VPOS="1384" WIDTH="745" HEIGHT="26">
							<String ID="string_319" HPOS="208" VPOS="1384" WIDTH="27" HEIGHT="19" WC="0.93" CONTENT="till"/><SP WIDTH="15" VPOS="1384" HPOS="235"/>
							<String ID="string_320" HPOS="250" VPOS="1384" WIDTH="90" HEIGHT="26" WC="0.92" CONTENT="samtlige"/><SP WIDTH="14" VPOS="1384" HPOS="340"/>
							<String ID="string_321" HPOS="354" VPOS="1384" WIDTH="104" HEIGHT="19" WC="0.96" CONTENT="ständerna"/><SP WIDTH="15" VPOS="1384" HPOS="458"/>
							<String ID="string_322" HPOS="473" VPOS="1386" WIDTH="28" HEIGHT="17" WC="0.95" CONTENT="ett"/><SP WIDTH="13" VPOS="1386" HPOS="501"/>
							<String ID="string_323" HPOS="514" VPOS="1384" WIDTH="78" HEIGHT="25" WC="0.96" CONTENT="förslag,"/><SP WIDTH="16" VPOS="1384" HPOS="592"/>
							<String ID="string_324" HPOS="608" VPOS="1384" WIDTH="59" HEIGHT="25" WC="0.96" CONTENT="enligt"/><SP WIDTH="9" VPOS="1384" HPOS="667"/>
							<String ID="string_325" HPOS="676" VPOS="1384" WIDTH="76" HEIGHT="19" WC="0.96" CONTENT="hvilket"/><SP WIDTH="9" VPOS="1384" HPOS="752"/>
							<String ID="string_326" HPOS="761" VPOS="1385" WIDTH="89" HEIGHT="24" WC="0.93" CONTENT="antingen"/><SP WIDTH="10" VPOS="1385" HPOS="850"/>
							<String ID="string_327" HPOS="860" VPOS="1385" WIDTH="93" HEIGHT="19" WC="0.91" CONTENT="mantals-"/>
						</TextLine>
						<TextLine ID="line_40" HPOS="207" VPOS="1410" WIDTH="745" HEIGHT="26">
							<String ID="string_328" HPOS="207" VPOS="1411" WIDTH="141" HEIGHT="25" WC="0.92" CONTENT="penningarne,"/><SP WIDTH="16" VPOS="1411" HPOS="348"/>
							<String ID="string_329" HPOS="364" VPOS="1411" WIDTH="97" HEIGHT="25" WC="0.90" CONTENT="lagmans-"/><SP WIDTH="15" VPOS="1411" HPOS="461"/>
							<String ID="string_330" HPOS="476" VPOS="1411" WIDTH="39" HEIGHT="18" WC="0.93" CONTENT="och"/><SP WIDTH="16" VPOS="1411" HPOS="515"/>
							<String ID="string_331" HPOS="531" VPOS="1410" WIDTH="254" HEIGHT="25" WC="0.91" CONTENT="häradshöfdinge-räntan,"/><SP WIDTH="16" VPOS="1410" HPOS="785"/>
							<String ID="string_332" HPOS="801" VPOS="1410" WIDTH="81" HEIGHT="26" WC="0.92" CONTENT="djekne-"/><SP WIDTH="18" VPOS="1410" HPOS="882"/>
							<String ID="string_333" HPOS="900" VPOS="1414" WIDTH="52" HEIGHT="16" WC="0.96" CONTENT="samt"/>
						</TextLine>
						<TextLine ID="line_41" HPOS="206" VPOS="1437" WIDTH="743" HEIGHT="26">
							<String ID="string_334" HPOS="206" VPOS="1437" WIDTH="268" HEIGHT="26" WC="0.90" CONTENT="poduschnie-penningarne,"/><SP WIDTH="13" VPOS="1437" HPOS="474"/>
							<String ID="string_335" HPOS="487" VPOS="1437" WIDTH="46" HEIGHT="19" WC="0.96" CONTENT="eller"/><SP WIDTH="8" VPOS="1437" HPOS="533"/>
							<String ID="string_336" HPOS="541" VPOS="1437" WIDTH="37" HEIGHT="19" WC="0.96" CONTENT="ock"/><SP WIDTH="11" VPOS="1437" HPOS="578"/>
							<String ID="string_337" HPOS="589" VPOS="1437" WIDTH="24" HEIGHT="19" WC="0.96" CONTENT="de"/><SP WIDTH="10" VPOS="1437" HPOS="613"/>
							<String ID="string_338" HPOS="623" VPOS="1440" WIDTH="31" HEIGHT="16" WC="0.93" CONTENT="tre"/><SP WIDTH="10" VPOS="1440" HPOS="654"/>
							<String ID="string_339" HPOS="664" VPOS="1437" WIDTH="110" HEIGHT="26" WC="0.79" CONTENT="förstsagle"/><SP WIDTH="10" VPOS="1437" HPOS="774"/>
							<String ID="string_340" HPOS="784" VPOS="1437" WIDTH="106" HEIGHT="26" WC="0.96" CONTENT="skatterna,"/><SP WIDTH="14" VPOS="1437" HPOS="890"/>
							<String ID="string_341" HPOS="904" VPOS="1438" WIDTH="45" HEIGHT="19" WC="0.97" CONTENT="med"/>
						</TextLine>
					</TextBlock>
				</ComposedBlock>
			</PrintSpace>
		</Page>
	</Layout>
</alto>
