1009 1684
298 137 70 22 Nådiga
379 139 141 22 Propositionen
533 138 35 18 N:o
581 138 28 18 32.
783 138 42 18 1065

80 189 54 18 snart
147 186 38 21 den
199 187 55 25 länge
268 187 46 20 med
328 188 77 25 längtan
418 188 115 20 emotsedda
542 187 169 27 regeringsåtgärd
721 187 98 27 vidtagits,

79 213 128 25 hvarigenom
220 213 107 20 metalliskt
340 217 56 22 mynt
411 214 4 18 i
430 214 57 19 mark
501 214 38 19 och
553 214 58 25 penni
625 213 72 20 införes
711 213 67 20 såsom
789 214 34 19 det

80 240 50 20 enda
143 240 68 25 lagliga
225 240 173 24 betalningsmedel
408 240 6 18 i
423 240 67 20 landet
499 241 38 19 och
545 240 78 20 landets
633 240 189 26 myntförhållanden

80 266 81 20 sålunda
175 266 72 19 befrias
261 265 43 20 från
319 266 38 19 den
371 266 172 25 öfverväldigande
561 266 112 26 tryckning,
692 266 79 20 hvilken
789 267 33 19 det

78 292 61 26 ryska
156 292 215 26 statskreditsystemet
388 292 67 20 hittills
473 292 25 26 på
515 292 104 20 desamma
636 292 81 20 utöfvat.
749 292 27 26 Ty
793 295 28 17 att

78 318 25 20 de
118 317 20 20 åt
151 318 108 20 Ständerne
273 317 95 25 erbjudna
382 318 93 20 fonderna
489 318 43 20 icke
547 319 60 19 sakna
625 318 101 26 tillgångar
742 318 30 20 för
788 320 33 18 än-

78 343 93 26 damälet,
187 350 33 14 om
233 344 25 20 de
272 345 21 19 af
305 345 123 19 statsverket
441 344 27 20 tid
482 345 49 19 efter
545 350 62 14 annan
620 350 25 14 ur
658 344 46 20 dem
721 348 98 22 upptagna

79 370 32 22 län
128 370 109 26 ätergällas
254 372 38 18 och
308 371 113 20 förvandlas
437 371 26 19 till
484 371 102 26 klingande
608 372 71 24 valuta,
701 371 86 26 framgår
801 372 20 19 af

78 398 38 20 den
131 397 144 26 undersökning
288 398 43 19 utaf
344 398 84 20 berörde
442 398 79 20 fonders
535 396 92 26 tillstånd,
644 397 79 20 hvilken
740 398 81 20 Utskot-

78 427 30 17 tet
121 424 76 20 anställt
217 424 39 19 och
276 424 71 20 hvaraf
361 425 131 19 resultaterna
510 424 27 20 uti
555 423 125 21 förestående
696 424 124 20 betänkande

80 450 133 21 underställas
227 450 121 20 Ständernes
363 450 155 20 skärskådande.

132 477 45 20 Med
191 477 94 20 afseende
299 476 10 20 å
324 477 33 20 det
371 483 26 13 nu
412 477 87 25 anförda,
515 476 30 20 får
557 476 32 26 jag
604 476 78 21 således
696 478 30 18 för
739 478 40 19 min
789 477 30 21 del

79 504 146 23 vördsammast
238 503 71 21 föreslå
323 504 34 20 det
371 504 110 20 Ständerne
495 504 32 19 vid
541 503 148 26 öfvertagandet
698 504 20 19 af
725 503 96 27 ifrågava-

78 531 61 19 rande
152 530 69 20 fonder
235 529 61 21 måtte
311 530 83 20 besluta:
410 532 29 18 att
452 531 78 19 Banken
544 531 76 24 öppnas
638 530 25 20 till
681 530 139 20 silfverutvex-

78 557 39 26 ling
130 556 165 26 omedelbarligen
310 557 49 19 efter
374 556 34 20 det
422 556 123 26 Regeringen
560 556 82 26 vidtagit
651 556 128 20 omförmälde
793 557 29 20 åt-

78 584 48 25 gärd
140 586 52 17 samt
205 584 91 18 Bankens
309 582 110 21 metalliska
433 583 68 20 fonder
515 582 76 21 erhållit
605 583 58 25 nödig
680 583 139 20 förstärkning.

131 610 44 20 Med
189 610 53 19 detta
257 609 106 25 stadgande
381 614 49 15 vore
447 610 52 19 dock
515 610 30 19 för
561 611 87 24 myntets
665 609 156 21 säkerställande

78 636 45 26 föga
138 639 78 21 vunnet,
232 636 6 18 i
252 636 31 20 fall
297 635 78 20 Banken
391 641 71 20 genom
479 642 24 14 en
520 636 143 20 administrativ
681 634 77 27 åtgärd,
777 642 44 14 som

78 663 31 19 för
122 663 31 25 sig
166 662 78 32 lyckats
258 662 53 20 finna
325 660 98 27 majoritet
437 662 58 20 bland
509 662 179 25 bankfullmäktige,
704 662 67 20 kunde
788 662 33 20 fri-

78 689 62 20 kallas
154 689 42 19 från
210 688 131 21 förbindelsen
355 691 28 17 att
397 692 54 16 emot
465 689 42 19 sina
522 688 65 20 sedlar
600 688 73 26 utgifva
689 688 73 20 silfver.

132 715 101 20 Utskottet
246 715 89 20 förordar
348 715 116 25 visserligen
478 716 69 20 endast
560 715 30 19 för
604 714 119 26 «trängande
736 715 83 20 nödfall»

80 748 24 14 en
118 741 61 20 sådan
193 741 75 26 åtgärd,
285 747 46 14 men
345 741 95 20 betänker
455 742 69 20 härvid
538 740 25 26 ej,
579 743 28 17 att
621 746 33 14 om
667 741 37 20 den
719 741 61 21 också
795 742 27 20 al-

79 768 43 26 drig
137 768 62 20 skulle
213 769 76 23 anlitas,
305 768 60 20 redan
380 767 124 27 möjligheten
519 768 56 20 deraf
589 767 62 21 skulle
665 768 33 19 vid
708 767 69 27 hvarje
787 770 35 18 ho-

79 795 58 20 tande
151 794 122 25 konjunktur
287 794 102 20 framkalla
403 800 24 14 en
441 795 143 25 stormlöpning
597 794 28 20 till
640 794 89 20 Bankens
743 795 76 25 luckor,

78 822 128 20 hvarigenom
219 822 45 19 icke
278 822 53 25 ringa
346 821 123 26 svårigheter
477 822 64 19 kunna
551 820 129 27 uppkomma.
709 821 58 20 Hvad
777 828 44 13 ver-

79 849 38 20 kan
131 851 43 17 åter
188 848 69 25 sjelfva
271 847 94 27 åtgärden
379 848 64 20 skulle
456 849 73 23 utöfva,
545 847 70 20 derom
628 848 36 19 bär
681 847 37 20 den
736 848 86 20 erfaren-

78 875 41 22 het,
135 875 20 19 vi
168 875 87 26 dagligen
270 875 93 23 inhemta,
382 874 33 19 det
431 874 136 26 öjäfaktigaste
585 874 130 20 vittnesbörd.
747 875 73 19 Derom

78 901 72 20 vittnar
167 901 38 19 ock
222 901 205 26 penningeväsendets
444 901 80 20 historia
541 901 6 18 i
564 901 36 19 alla
617 901 76 24 länder,
713 900 62 25 jemte
788 901 34 20 det

78 928 64 19 denna
160 928 79 19 historia
258 927 58 20 tillika
333 927 60 24 lärer,
413 929 28 17 att
457 927 104 20 allestädes
579 927 38 19 den
632 929 49 17 rätta
695 927 86 20 orsaker
795 927 26 20 till

78 953 137 27 myntvärdets
229 953 63 20 förfall
306 953 38 20 och
357 953 145 26 behöfligheten
515 953 22 20 af
549 953 48 20 slika
611 953 167 25 nödfallsutvägar
787 959 34 14 va-

78 980 25 20 rit
116 980 44 24 den,
177 982 27 17 att
217 980 25 20 de
257 982 54 17 stora
325 979 149 20 statsbankerna
488 980 29 19 för
530 979 83 26 mycket
629 979 100 20 utsträckt
746 980 29 19 sin
792 983 30 16 ut-

78 1007 70 25 låning,
165 1006 115 26 isynnerhet
296 1007 29 18 för
341 1009 76 17 statens
434 1006 102 25 behofver,
554 1008 53 17 samt
623 1006 117 25 derigenom
757 1006 65 21 blifvit

78 1033 134 21 urståndsatta
226 1037 27 17 att
267 1034 70 25 redligt
351 1035 87 26 uppfylla
453 1033 69 27 åtagna
539 1034 138 20 förbindelser.

132 1061 56 20 Dock
201 1061 101 20 Utskottet
316 1061 83 19 förbiser
413 1060 62 20 också
489 1061 44 20 icke
547 1061 25 19 de
581 1061 84 25 menliga
676 1060 143 27 verkningarne

78 1087 21 20 af
112 1087 93 26 åtgärden
218 1087 25 26 på
258 1087 133 26 myntvärdet,
408 1093 44 13 men
462 1087 94 20 hänvisar
565 1086 25 26 på
600 1087 25 20 de
634 1087 132 20 omvexlande
775 1087 47 20 skif-

79 1116 33 17 ten
126 1114 89 19 Finlands
230 1114 52 19 Bank
297 1113 63 20 under
373 1113 26 19 de
413 1116 71 17 tvenne
499 1113 92 20 sednaste
600 1113 133 20 decennierna
741 1119 81 20 genom-

78 1139 48 26 gått,
143 1142 52 17 samt
209 1139 67 20 stöder
290 1139 24 26 på
329 1140 137 19 erfarenheten
480 1140 56 19 deraf
548 1140 33 19 sitt
599 1140 113 25 antagande,
728 1142 27 17 att
770 1145 51 20 «nya

79 1167 39 19 och
132 1166 126 19 oförutsedda
272 1165 166 26 omständigheter
451 1167 67 19 kunna
531 1165 86 26 inträffa,
637 1166 65 20 hvilka
720 1166 45 19 med
782 1167 40 19 oaf-

80 1193 56 25 vislig
150 1192 145 26 nödvändighet
309 1192 65 19 kunde
388 1193 115 24 framtvinga
519 1192 90 25 åtgärder
624 1193 4 18 i
643 1192 62 20 denna
716 1192 103 26 riktning»,

79 1219 29 19 för
122 1221 28 17 att
164 1219 76 26 skydda
254 1218 127 26 myntvärdet
394 1218 43 20 från
452 1222 27 16 att
493 1217 70 26 sjunka
577 1218 6 19 i
597 1220 51 18 ännu
657 1218 82 26 djupare
749 1219 69 19 förfall.

78 1245 38 20 Det
129 1245 56 20 torde
199 1245 52 19 dock
266 1251 46 13 vara
327 1245 55 24 klart,
398 1247 29 17 att
440 1245 37 19 den
492 1245 111 25 åberopade
621 1245 136 20 erfarenheten
775 1245 44 19 sak-

78 1277 33 14 nar
113 1271 149 26 tillämplighet
275 1272 29 18 uti
318 1271 129 20 förevarande
461 1271 62 26 fråga,
539 1271 22 20 så
578 1274 55 17 snart
650 1271 89 20 Finlands
757 1274 64 17 mynt-

78 1297 88 20 väsende
179 1297 64 20 blifvit
256 1298 58 19 stäldt
328 1297 24 26 pä
369 1297 121 26 sjelfständig
507 1297 36 24 fot;
562 1300 22 23 ty
601 1303 33 14 om
651 1298 34 19 det
701 1298 38 19 ock
757 1300 64 17 måste

79 1323 96 20 erkännas
192 1323 58 20 hafva
269 1323 50 19 varit
335 1323 38 19 den
389 1323 51 20 enda
457 1323 78 26 möjliga
552 1325 61 18 utväg
630 1323 25 20 till
678 1323 93 25 räddning
792 1324 29 19 för

78 1348 84 21 finlands
176 1350 59 23 Bank,
253 1352 28 17 att
295 1349 75 20 inställa
384 1349 201 26 silfverutvexlingen,
600 1338 25 31 då
639 1349 109 26 Rysslands
758 1350 64 19 sedel-

78 1381 67 15 massa
160 1376 78 26 tryckte
251 1375 25 26 på
290 1375 88 20 Bankens
392 1376 109 19 metalliska
516 1376 55 24 fond,
589 1375 21 20 så
625 1375 56 26 följer
697 1375 57 20 deraf
769 1375 51 26 inga-

78 1403 69 25 lunda,
166 1405 27 18 att
210 1408 104 20 omsorgen
331 1407 32 15 om
379 1403 138 20 fosterlandets
537 1403 30 19 väl
585 1402 124 20 föreskrefve
725 1408 24 14 en
767 1402 54 27 dylik

78 1428 76 27 åtgärd,
170 1430 4 19 i
189 1430 31 19 fall
235 1429 75 21 landets
324 1434 51 21 egna
389 1429 96 20 behofver
499 1429 128 20 framkallade
641 1432 28 17 ett
683 1430 90 19 starkare
787 1435 36 14 an-

242 1461 2 3 i
741 1461 32 18 67”
