1017 1689
181 142 34 33 794
395 143 71 23 Nådiga
478 144 141 23 Propositionen
631 142 36 17 N:o
678 142 29 18 28.

184 195 85 19 infördes
290 199 72 20 genom
374 193 66 25 knngl.
456 192 87 25 påbudet
562 192 39 20 den
623 192 24 19 18
667 190 112 21 December
793 191 50 19 1727
859 189 66 30 slotts-

184 219 189 28 byggnadshjelpen,
389 222 28 16 att
430 219 21 18 af
463 219 95 19 särskilda
578 217 171 20 samhällsklasser
769 216 50 20 efter
836 217 25 19 27
875 216 50 29 olika

184 248 72 24 belopp
270 245 53 26 utgå,
345 246 105 19 äfvensom
471 245 104 19 ständerna
596 245 29 18 för
641 243 126 20 anskaffande
787 243 19 19 af
819 243 64 20 medel
898 242 27 20 till

185 271 184 22 medicinalverkets
382 271 146 26 upphjelpande
538 271 38 19 och
590 271 95 18 farsoters
697 269 118 30 hämmande
831 269 32 20 vid
874 269 50 20 1770

185 300 33 19 års
232 299 80 25 riksdag
332 297 57 27 ätogo
403 299 29 24 sig
452 301 28 16 att
494 300 67 23 utgöra
584 297 22 20 sä
621 296 63 20 kallad
705 295 157 26 medicinalfond,
881 301 45 14 som

185 327 50 19 efter
249 325 58 20 stånd
319 325 39 19 och
372 325 64 19 vilkor
449 325 89 24 erlägges
548 323 45 20 med
610 323 30 25 '/,,
657 323 32 25 t/a,
705 322 25 25 */,
745 325 53 17 samt
808 323 37 24 11/,
860 321 66 26 kopek

185 353 21 19 af
217 351 173 21 mantalsskrifven
403 356 83 20 person;
501 351 37 19 och
553 351 59 19 hafva
626 350 59 19 dessa
701 349 128 25 beviliningar
843 349 32 19 vid
889 349 37 19 alla

185 379 52 20 efter
250 378 113 20 desammas
377 377 100 20 införande
488 376 64 21 hällne
561 377 106 19 riksmöten
680 377 52 18 samt
741 378 67 17 senast
820 375 31 20 vid
865 375 61 20 landt-

185 405 62 26 dagen
262 404 5 19 i
281 403 62 26 Borgå
357 403 64 20 blifvit
434 403 27 20 till
476 403 88 26 uppbörd
580 402 100 27 förnyade.

239 432 26 19 Af
277 436 24 14 en
311 429 43 21 från
363 430 25 20 Je
397 430 111 26 personella
520 429 129 27 utskylderna
660 427 103 22 afvikande
774 430 31 18 art
814 429 35 19 äro
859 427 68 21 handt-

186 458 118 20 verksmäns
318 456 149 29 gärningsören,
486 462 43 14 som
544 462 70 20 genom
628 456 13 20 9
655 456 10 25 $
679 456 4 19 i
698 455 178 26 rikslagsbeslutet
890 454 37 29 den

186 485 26 19 22
226 484 52 20 Mars
289 484 52 19 1604
355 482 95 26 pähjödos
463 486 29 16 att
506 482 67 20 såsom
584 482 133 26 näringsskatt
730 482 80 25 utgöras
824 482 21 18 af
858 482 70 24 hvarje

187 509 220 21 socknehandtverkare
427 510 45 19 med
487 510 9 19 1
513 509 54 20 daler
587 509 130 25 silfvarmynt,
740 508 142 20 motsvarande
902 508 25 19 48

186 537 73 25 kopek,
275 541 46 15 men
341 536 66 19 hvilka
427 537 29 18 uti
472 535 60 26 nägra
553 535 110 20 landsorter
677 535 74 25 erlagts
773 534 25 20 till
812 534 116 26 närbelägna

187 564 78 18 städers
278 563 79 19 kassor.

241 590 40 19 Alla
295 588 144 20 ofvannämnde
447 588 109 27 utskyller,
568 588 20 19 af
600 588 66 20 hvilka
678 588 25 19 Je
712 587 33 20 två
759 587 111 25 förstsagde
884 586 44 20 icke

187 618 80 23 utgöras
281 616 21 19 af
313 614 39 21 den
361 614 146 25 jordbrukande
516 615 96 25 allmogen
628 615 5 19 i
642 614 95 20 Karelska
751 613 83 21 andelen
849 614 20 19 af
878 614 51 19 Kuo-

187 642 33 25 pio
234 643 39 23 län,
288 642 57 19 innan
359 640 164 27 skattläggningen
533 640 104 21 derstädes
647 641 69 19 hunnit
731 641 88 23 afslutas,
831 640 99 20 förekom-

187 673 32 14 ma
234 667 17 26 ej
266 668 5 19 i
287 667 95 25 Wiborgs
396 668 37 24 län,
456 668 36 19 der
508 667 60 20 sedan
583 667 51 19 1783
655 667 48 19 blott
718 672 25 14 en
757 667 98 25 personell
876 667 54 19 skatt

187 694 238 25 poduschnie-penningar
438 694 88 26 erlägges
546 694 20 19 af
578 698 154 20 manspersoner
746 693 45 20 med
807 694 9 19 1
832 694 56 19 rubel
902 694 26 19 43

188 720 65 25 kopek
267 721 6 19 i
287 720 92 20 städerna
399 722 53 17 samt
471 720 45 20 med
531 720 24 20 52
570 720 64 25 kopek
648 719 25 26 pä
689 720 72 25 landet,
779 719 51 21 dock
848 719 82 20 sålunda

187 749 28 17 att
228 746 145 26 Ridderskapet
386 747 38 18 och
438 746 70 25 Adeln,
530 745 117 27 tjenstemän
661 748 53 18 samt
733 747 37 19 alla
784 746 33 20 vid
834 746 96 20 militären

188 774 93 18 anställde
301 773 38 19 och
360 772 94 25 åtskilliga
474 772 60 21 andra
551 778 96 20 personer
667 774 34 18 äro
721 772 44 20 från
778 772 63 20 denna
861 772 68 26 pälaga

187 799 95 20 befriade.

241 825 194 25 Ofvanuppräknade
448 825 76 19 skatter
537 825 45 27 utgå
597 826 50 19 efter
660 824 109 27 skiljaktiga
784 825 93 25 grunder,
892 825 38 20 och

187 851 48 19 flere
249 852 20 19 af
281 852 46 19 dem
336 852 81 25 utgöras
431 852 59 18 äfven
500 852 59 26 enligt
572 851 87 27 gällande
672 852 120 25 stadganden
802 852 47 19 eller
864 851 5 19 i
883 850 47 26 följd

187 878 21 19 af
220 878 46 19 häfd
279 878 28 19 till
321 878 51 20 olika
388 878 72 25 belopp
474 878 21 18 af
513 883 76 15 samma
604 878 172 20 samhällsklasser
789 878 29 19 uti
832 878 96 20 särskilda

188 904 117 25 landsorter,
321 904 75 20 hvartill
411 906 51 18 ännu
477 904 97 26 kommer,
590 907 28 17 att
630 904 59 20 dessa
703 904 111 26 utskylder,
830 910 45 14 som
889 904 41 20 del-

187 930 32 20 vis
233 930 75 20 drabba
321 930 40 20 den
374 930 100 25 fattigaste
491 930 144 26 befolkningen,
656 936 47 14 men
716 930 45 20 icke
776 930 56 20 träffa
852 930 27 20 de
893 931 38 19 för-

189 957 93 25 mögnare
295 956 109 25 klasserna,
415 958 30 18 för
458 956 26 20 de
497 957 52 20 förra
563 957 94 20 stundom
670 957 75 19 kännas
759 962 38 20 nog
811 957 117 26 tryckande.

241 983 32 19 Till
295 982 125 26 aflägsnande
440 982 21 20 af
475 982 26 20 de
521 984 132 25 olägenheter,
674 988 46 14 som
739 984 81 18 härröra
836 984 21 18 af
871 984 59 19 dessa

188 1010 86 19 skatters
289 1009 51 19 olika
353 1009 167 25 beräkningssätt,
531 1010 38 19 och
584 1009 26 20 till
620 1009 140 26 upphäfvande
775 1010 21 19 af
806 1010 124 25 obilligheten

188 1035 27 20 uti
228 1034 110 30 grunderna
353 1036 29 19 för
395 1036 115 19 desammas
526 1036 113 25 utgörande,
662 1037 35 19 har
718 1035 61 21 Hans
796 1035 134 27 Kejserliga

188 1062 110 25 Majestät
311 1062 65 19 täckts
391 1062 5 18 i
410 1061 66 21 Näder
490 1062 120 20 öfverlemna
624 1062 26 20 till
662 1061 144 27 Ridderskapet
820 1063 38 18 och
869 1062 68 20 Adeln-

188 1088 100 25 särskildt,
304 1093 33 14 om
351 1088 44 20 icke
410 1088 78 20 ståndet
498 1088 45 20 ville
557 1088 67 26 afsäga
637 1088 30 26 sig
680 1089 39 19 den
732 1088 111 20 detsamma
858 1094 72 20 genom

189 1115 11 18 3
215 1114 10 25 $
239 1116 21 18 af
272 1114 51 20 1652
338 1113 33 21 års
392 1114 157 26 riksdagsbeslut
568 1114 120 20 förbehäline
704 1114 93 20 befrielse
817 1114 43 20 från
876 1121 54 14 man-

184 1137 155 53 talspenningar,
355 1142 39 18 och
407 1141 28 19 till
450 1141 89 25 samtlige
555 1141 170 20 lanltständernas
742 1141 89 26 pröfning
845 1142 85 20 aflemna

189 1170 29 16 ett
231 1168 30 18 för
274 1166 110 20 ändamålet
397 1166 106 26 uppgjorut
516 1168 78 25 förslag,
610 1168 59 25 enligt
683 1168 76 20 hvilket
772 1168 91 26 antingen
876 1174 55 14 man-

189 1193 151 26 talspenningar,
361 1194 97 24 lagmans-
474 1195 39 19 och
529 1192 236 28 häradshöfdinge-ränta,
781 1193 80 27 djekne-
879 1197 52 17 samt

187 1220 243 24 poduschnie-penningar,
446 1220 48 19 eller
507 1220 37 20 ock
559 1220 24 20 de
597 1223 31 16 tre
641 1220 111 25 förstsagde
769 1220 100 20 skatterna
883 1222 46 18 med

189 1245 97 25 undantag
299 1245 21 19 af
332 1244 124 20 sistnämnde
468 1245 76 27 pälaga,
555 1250 45 14 som
612 1245 6 19 i
634 1245 60 20 sådan
703 1246 95 20 händelse
811 1246 119 21 fortfarande

188 1270 64 20 skulle
265 1271 100 26 uppbäras
378 1270 5 20 i
398 1271 93 25 Wiborgs
505 1272 38 25 län,
565 1271 80 20 komme
659 1274 28 17 att
703 1272 111 26 inbegripas
828 1272 63 20 under
904 1278 25 15 en

189 1302 114 20 gemensam
322 1297 97 26 personell
433 1298 89 26 utskyld,
543 1297 79 21 hvilken
641 1298 46 20 med
707 1298 116 27 benämning
836 1300 94 20 mantals-

187 1324 108 25 penningar
309 1323 62 21 borde
384 1324 21 19 af
417 1324 35 20 alla
466 1324 64 21 finska
546 1324 130 26 medborgare
693 1326 81 26 utgöras
788 1325 6 20 i
808 1328 31 18 tre
852 1325 78 21 klasser

188 1350 46 20 med
248 1352 13 18 2
275 1351 64 24 mark,
355 1350 13 20 2
381 1350 57 20 mark
452 1352 26 19 40
492 1352 59 26 penni
572 1352 47 19 eller
638 1352 6 19 4
658 1352 56 20 mark
735 1352 21 20 af
767 1358 46 14 man
833 1356 53 16 samt
902 1354 27 20 till

187 1378 73 19 hälften
274 1378 21 19 af
307 1377 59 21 dessa
379 1377 73 26 belopp
467 1379 20 19 af
499 1379 78 25 qvinna.

241 1404 67 20 Denna
322 1403 72 21 Nådiga
414 1405 120 25 proposition
555 1406 36 19 har
612 1405 20 19 af
643 1405 146 21 Bondeståndet
809 1406 121 20 remitterats

188 1430 25 20 till
229 1434 128 16 sammansatt
386 1433 48 17 Stats-
447 1432 37 19 och
500 1426 120 36 Bevillnings-
629 1432 83 26 Utskott,
726 1438 47 14 men
787 1434 20 19 af
819 1433 25 21 de
857 1436 31 17 tre
902 1433 28 20 öf-
