1006 1681
297 139 71 24 Nådiga
380 141 139 23 Propositionen
532 142 36 17 N:o
580 141 28 18 32.
783 140 46 20 1063

82 188 72 21 dernas
169 188 109 26 värdighet,
294 192 35 22 att,
345 191 58 18 äfven
418 191 61 19 sedan
490 190 26 20 de
524 191 104 25 öfvertagit
636 190 116 26 förvaltning
762 191 21 19 af
791 191 38 19 och

83 215 153 25 ansvarigheten
257 215 30 20 för
306 216 100 25 primitiva
428 217 38 19 och
487 217 209 25 hypotheksfonderna
716 216 5 19 i
740 216 92 21 Finlands

84 241 62 24 Bank,
168 241 34 20 det
219 243 115 18 nuvarande
354 243 129 19 förhållandet
503 244 20 18 af
535 243 121 25 tvängskurs
670 242 11 19 ä
695 243 90 19 Bankens
799 249 33 14 se-

84 267 42 20 dlar
141 266 63 20 måtte
218 267 17 20 få
251 273 37 20 ega
301 268 84 19 bestånd
399 269 63 20 under
476 274 24 14 en
514 269 103 19 obestämd
631 269 93 25 tidrymd,
741 269 48 19 eller
803 269 28 19 in-

84 293 27 19 till
132 294 48 19 Jess
201 294 90 20 Bankens
315 295 120 19 «metalliska
455 295 38 19 och
510 295 82 19 redbara
607 295 69 19 fonder
690 295 69 19 vunnit
773 295 58 25 nödig

86 319 142 26 förstärkning,
244 323 52 17 samt
307 319 73 26 jemväl
396 321 59 19 andra
470 321 63 20 vilkor
547 322 37 18 och
594 321 138 25 förhållanden,
744 327 44 14 som
798 321 33 19 vid

85 351 25 14 en
131 345 55 26 dylik
206 345 68 26 åtgärd
288 347 65 19 kunna
368 353 46 14 vara
429 348 20 19 af
462 347 138 26 hufvudsaklig
614 347 48 26 vigt,
679 348 59 24 tagits
751 347 5 19 i
771 348 62 19 behö-

87 371 38 26 rigt
138 372 144 25 öfvervägande
297 373 21 20 af
330 373 176 26 bankfullmäktige
520 374 38 19 och
571 373 77 20 landets
662 373 117 26 Regering,»
793 374 38 19 och

86 397 60 21 dessa
161 399 145 26 samstämmigt
320 402 64 17 ansett
397 399 52 20 tiden
463 405 48 15 vara
525 400 44 19 inne
584 399 28 20 för
626 400 91 20 Bankens
728 400 105 25 öppnande

83 425 27 19 till
126 425 180 26 silfverutvexling.
327 426 101 20 Utskottet
442 427 36 19 har
492 428 64 18 ansett
570 427 33 19 det
617 427 89 25 förenligt
719 426 46 20 med
775 427 57 19 Stän-

82 451 73 20 dernas
175 451 111 26 värdighet,
308 455 28 17 att
356 451 83 21 sålunda
459 453 38 20 den
517 453 59 24 Bank,
598 453 61 19 hvars
673 453 118 25 principaler
805 453 26 19 de

81 477 63 20 skulle
165 478 67 25 blifva,
248 484 49 14 vore
310 479 39 20 den
363 479 50 20 enda
427 479 71 20 affärer
512 479 84 20 idkande
610 479 109 20 institution
734 479 5 19 i
753 479 74 25 landet,

80 507 55 17 emöt
148 504 78 20 hvilken
240 504 158 26 fordringsegare
411 504 19 26 ej
444 505 51 26 egde
508 505 44 20 stöd
566 505 6 19 i
587 505 76 20 landets
676 506 98 19 allmänna
788 506 41 25 lag.

80 531 102 20 Utskottet
196 531 36 20 har
246 535 65 16 ansett
324 531 34 20 det
371 532 89 25 förenligt
476 532 45 20 med
536 532 118 19 Ständernas
672 531 112 26 värdighet,
800 534 30 17 att

80 557 92 20 Finlands
185 557 55 20 Bank
253 569 26 3 —
293 558 57 20 äfven
365 558 61 20 sedan
440 559 24 19 de
478 559 61 19 iklädt
552 559 30 24 sig
596 558 126 26 ansvarighet
735 559 31 19 för
780 558 51 20 den-

80 589 78 14 samma
172 595 26 4 —
212 584 62 20 denna
296 584 60 26 Bank,
372 590 44 15 som
431 585 29 20 för
474 587 28 18 ett
516 591 35 20 par
566 585 106 19 decennier
686 585 61 20 sedan
763 585 20 19 af
795 585 36 20 det

81 609 64 20 finska
160 610 61 20 folket
237 611 6 19 i
260 611 109 25 deposition
384 614 56 17 emot
457 612 40 19 sina
512 611 65 20 sedlar
591 611 104 24 emottagit
708 611 34 20 det
756 611 71 25 kapital

82 637 5 18 i
103 637 68 20 silfver
191 638 37 18 och
250 637 62 20 dertill
333 638 129 19 realiserbara
478 639 82 24 valutor,
576 638 54 19 Jetta
645 637 38 20 folk
698 637 64 20 under
775 637 56 26 läng-

81 663 65 26 varigt
166 664 68 19 arbete
253 664 79 25 lyckats
352 665 106 24 foörvärfva,
481 665 120 19 fortfarande
622 664 46 19 intill
682 669 25 14 en
723 664 106 20 obestämd

81 689 94 26 tidpunkt
195 690 71 25 kunde,
284 693 47 16 utan
345 690 93 26 äfventyr
452 693 29 17 att
495 691 65 19 ställas
575 691 26 19 till
616 691 43 24 laga
673 696 79 19 ansvar,
769 692 61 24 vägra

81 718 29 17 att
123 716 33 19 vid
170 716 105 20 anfordran
290 719 53 17 emot
358 722 41 14 sina
414 717 66 20 sedlar
494 717 43 20 åter
549 717 76 25 utgifva
641 717 54 19 detta
712 717 75 20 silfver.

135 751 101 20 Utskottet
256 752 38 19 har
313 751 59 26 enligt
391 752 41 19 min
452 751 50 26 åsigt
518 752 99 19 förvexlat
634 751 120 21 Ständernas
772 757 59 20 egen-

82 777 50 26 skap
146 778 21 19 af
179 778 114 25 lagstiftare,
309 778 46 20 med
369 778 37 20 den
417 779 20 18 af
450 779 117 28 principaler
581 778 29 19 för
624 778 91 20 Finlands
730 778 61 25 Bank,
803 777 25 21 då

81 803 102 20 Utskottet
197 803 23 26 pä
235 805 63 25 grund
312 805 21 19 af
344 805 94 24 motiver,
454 810 44 14 som
510 810 34 19 jag
560 804 17 25 ej
592 804 38 19 kan
644 804 108 25 godkänna,
764 806 65 18 ansett

82 830 30 25 sig
133 830 48 19 böra
201 829 70 21 föreslå
294 831 101 19 stiftandet
409 831 21 19 af
442 831 144 25 exceptionella
600 831 53 24 lagar
668 831 28 19 till
711 830 65 27 skydd
790 831 39 19 och

82 856 77 20 förmån
169 857 29 18 för
207 856 62 20 denna
278 857 60 24 Bank,
354 857 6 19 i
374 857 44 19 stöd
436 858 20 19 af
468 856 66 21 hvilka
544 857 121 25 Regeringen
677 857 4 18 i
692 856 82 20 samråd
783 857 46 20 med

79 879 175 29 banktullmäktige
268 883 62 20 skulle
345 883 140 20 «tillerkännas
499 883 99 25 rättighet,
610 885 28 18 att
651 883 5 19 i
666 883 106 25 trängande
782 883 47 20 nöd-

80 909 32 20 fall
134 909 107 20 inskränka
262 910 48 19 eller
324 909 80 20 alldeles
418 910 75 19 inställa
507 909 91 20 Bankens
613 909 178 27 silfverutvexling,
806 909 21 20 d.

80 941 21 14 v.
124 941 18 14 s.
158 935 108 20 tillsvidare
280 936 75 19 frikalla
368 936 78 19 Banken
460 935 42 21 från
516 935 130 26 fullgörandet
660 936 21 19 af
693 935 48 20 dess
755 935 74 20 förbin-

80 961 66 21 delser
160 964 53 17 emot
227 962 43 20 sina
285 961 165 27 fordringsegare.

134 998 38 19 Det
191 998 22 18 är
234 1000 54 17 emot
307 998 63 19 denna
392 998 30 18 del
443 998 21 18 af
479 998 111 20 Utskottets
605 997 124 21 betänkande
742 996 33 27 jag
789 1000 40 17 sett

80 1023 40 26 mig
134 1024 20 18 af
168 1024 39 19 min
222 1024 133 27 öfvertygelse
369 1029 33 13 om
416 1023 53 21 hvad
483 1024 77 20 landets
574 1024 29 19 väl
614 1024 88 23 kräfver,
714 1026 52 17 samt
774 1023 54 20 hvad

80 1050 32 25 lag
125 1050 39 19 och
177 1051 39 18 rätt
229 1049 77 25 bjuder,
323 1050 70 20 manad
408 1052 28 17 att
449 1050 94 25 nedlägga
557 1050 40 19 min
614 1050 130 20 reservation.

135 1084 67 20 Under
222 1090 25 14 en
269 1084 61 20 sådan
347 1085 170 25 banklagstiftning
530 1086 22 18 är
566 1084 60 25 enligt
640 1085 40 19 min
694 1084 134 28 öfvertygelse

81 1112 49 18 intet
144 1110 135 26 regelbundet,
295 1110 104 26 varaktigt,
415 1111 125 19 ekonomiskt
554 1110 180 20 framåtskridande
744 1111 82 25 möjligt.

81 1136 84 26 Sålänge
179 1137 38 19 den
231 1138 101 24 herrskar,
348 1136 32 20 mä
394 1142 47 14 man
456 1136 18 26 ej
489 1138 77 19 allmänt
580 1138 59 19 vänta
654 1137 29 25 sig
696 1142 25 14 en
735 1137 52 25 lugn,
803 1142 25 14 en

82 1163 73 19 sansad
176 1163 195 20 affärsverksamhet.
401 1163 82 26 Sålänge
502 1164 38 19 den
561 1162 65 26 råder,
647 1163 32 19 må
700 1168 44 14 man
762 1162 18 25 ej
797 1164 31 18 för

81 1190 78 24 strängt
180 1190 104 19 bedömma
304 1190 52 24 dem,
376 1195 44 14 som
434 1190 71 20 inledts
519 1190 38 19 och
572 1190 119 19 fortfarande
705 1189 80 19 komma
798 1192 29 16 att

79 1216 79 19 inledas
173 1215 24 26 på
212 1216 116 19 svindlande
348 1216 152 24 spekulationer.
529 1216 76 19 Genom
619 1221 25 14 en
659 1216 61 19 sådan
733 1215 94 26 banklag-

81 1241 87 26 stiftning
182 1241 62 20 skulle
257 1247 45 14 man
316 1244 72 17 utsätta
403 1243 49 19 hvar
466 1242 38 19 och
518 1247 32 19 en,
566 1247 43 14 som
622 1245 57 22 egnat
691 1242 30 26 sig
730 1241 21 19 åt
760 1241 69 20 affärs-

84 1268 135 24 verksamhet,
243 1268 29 19 för
288 1270 28 17 att
330 1268 69 25 hvarje
412 1268 38 25 dag
464 1274 22 14 se
500 1269 35 18 sitt
548 1268 38 19 och
601 1268 25 19 de
639 1268 53 19 sinas
706 1268 44 19 hela
764 1270 63 17 mate-

81 1294 48 19 riela
144 1300 26 13 ve
184 1294 36 19 och
238 1295 36 23 väl,
288 1294 26 25 ja,
331 1300 32 14 om
378 1295 38 19 han
431 1294 16 24 ej
463 1295 32 18 rör
510 1294 30 24 sig
557 1295 69 19 nästan
640 1293 127 21 uteslutande
780 1294 47 19 med

82 1324 51 20 egna
154 1319 107 25 tillgångar,
285 1320 30 19 sin
335 1320 86 24 förmåga
438 1322 29 16 att
480 1320 81 24 fullgöra
576 1320 42 18 sina
633 1320 128 18 förbindelser
775 1322 53 16 emot

82 1345 44 19 sina
139 1345 160 19 medmenniskor
313 1346 38 18 och
364 1346 74 18 kanske
452 1346 6 18 i
473 1345 94 25 mångens
582 1346 49 24 ögon
646 1345 29 19 sin
685 1344 69 25 heder,
766 1345 61 19 störta

84 1370 64 20 under
168 1370 130 26 -påtryckning
318 1372 19 19 af
352 1374 29 17 ett
394 1370 119 26 opåräkradt
527 1371 78 20 kursfall
620 1370 11 20 ä
645 1370 34 20 det
692 1370 64 20 finska
770 1376 57 20 myn-

83 1399 36 17 tet.
148 1398 44 24 Det,
208 1402 43 15 som
265 1398 64 19 under
343 1403 23 14 en
382 1397 61 20 sådan
457 1397 169 26 banklagstiftning
640 1397 6 19 i:
660 1398 37 24 dag
710 1398 22 18 är
746 1402 43 14 mer
802 1399 24 17 än

83 1429 39 21 nog
134 1424 27 20 till
176 1429 26 15 en
215 1423 72 26 familjs
301 1424 113 25 anständiga
428 1424 100 26 bergning,
543 1424 38 20 kan
594 1423 6 20 i
615 1428 81 21 morgon
713 1428 48 15 vara
777 1423 50 20 otill-
