1009 1689
171 134 48 33 1280
386 138 72 23 Nådiga
469 139 141 22 Propositionen
623 138 36 18 N:o
671 138 30 18 38.

516 211 10 25 6
541 211 32 20 88.

196 261 5 5 -
225 248 29 20 Då
276 248 83 21 bränvin
376 249 4 19 i
398 249 44 20 stad
459 249 49 20 eller
524 247 12 21 å
550 247 150 22 landtmarknad
713 247 99 26 försäljes,
828 247 30 21 får
871 249 49 20 mät-

170 275 47 25 ning
237 275 59 20 deraf
313 274 18 27 ej
353 275 37 20 ske
406 275 26 26 på
449 275 61 20 andra
526 276 64 26 öppna
606 275 75 26 platser
698 276 24 18 än
737 275 80 20 stadens
832 275 88 26 salutorg

172 304 54 17 samt
241 301 32 20 vid
287 302 150 20 landtmarknad
451 301 24 27 på
490 302 34 20 det
538 302 66 24 ställe,
621 307 43 14 som
678 301 65 20 dertill
757 301 95 21 särskildt
866 302 54 19 anvi-

168 334 47 18 ses;
231 329 47 19 eller
292 329 39 20 ock
345 328 42 21 före
404 328 84 25 säljaren
504 328 105 21 bränvinet
625 328 26 20 till
666 329 100 24 köparens
780 328 87 20 hemvist
881 329 38 19 och

168 355 77 25 utgifve
260 355 36 20 der
311 355 26 20 till
352 355 99 26 köparene
466 355 53 21 hvad
534 356 77 19 enhvar
624 354 96 21 åstundar
734 355 39 19 och
784 355 30 25 sig
824 355 94 26 betingat,

167 381 52 22 dock
226 380 18 27 ej
253 381 77 21 mindre
339 383 23 19 än
370 388 25 14 en
403 381 107 26 fjerdedels
520 382 62 20 kanna
588 381 27 20 till
623 381 71 26 hvarje
704 381 81 26 köpare.
800 381 72 27 Bryter
879 382 39 20 han

169 409 101 24 häremot;
293 408 49 20 böte
361 415 44 14 som
419 409 5 19 i
440 409 10 25 $
464 409 25 20 87
504 409 57 26 sagdt
574 409 29 24 är,
619 409 39 19 och
672 408 59 20 hafve
744 408 102 20 förverkat
860 408 60 21 brän-

170 435 32 20 vin
216 435 40 20 och
268 435 42 20 kärl
323 434 12 21 å
348 435 40 21 den
400 436 53 24 fora,
465 435 100 20 hvarifrån
574 435 39 20 den
622 435 78 26 olofliga
708 433 139 27 försäljningen
858 435 60 20 skett.

520 488 10 26 $
544 489 33 20 89.

222 525 69 22 Under
313 525 97 21 bränvins
429 525 100 22 forslande
549 525 25 26 pä
594 524 136 28 landsbygden
750 524 33 21 mä
805 525 115 28 försäljning

172 552 58 21 deraf
248 552 10 20 å
282 556 66 23 vägar,
371 552 5 19 i
396 552 72 27 gårdar
485 553 47 20 eller
550 552 24 26 pä
592 552 60 20 andra
669 552 70 20 ställen
757 552 43 20 icke
815 555 37 22 äga
866 558 52 15 rum.

171 579 71 25 Brytes
257 579 91 20 häremot
361 579 49 20 eller
422 579 36 20 har
470 579 82 20 bränvin
565 579 63 20 blifvit
636 577 24 27 på
670 578 66 21 landet
745 579 94 26 upplagdt
847 584 72 15 annor-

170 605 77 26 städes,
266 607 24 18 än
310 605 27 20 uti
354 605 10 26 $
381 606 25 19 80
421 605 69 20 tillåtet
503 607 30 25 är,
548 606 40 19 och
602 605 48 20 sker
664 604 114 26 försäljning
792 605 43 20 från
850 605 70 20 sådant

198 631 56 26 plag;
270 632 48 20 skall
333 632 126 20 tillverkaren
474 633 49 19 eller
536 633 82 24 ägaren,
634 637 33 14 om
679 632 39 19 han
730 631 90 20 antingen
833 631 46 26 sjelf
887 632 34 20 be-

170 661 43 22 gått
230 658 156 21 öfverträdelsen
405 659 47 20 eller
469 659 48 24 kan,
532 658 25 21 då
571 659 39 20 den
623 658 96 20 föröfvats
733 658 20 19 af
767 664 64 20 någon
846 664 73 20 annan,

173 685 115 26 öfvertygas
305 687 29 18 att
350 685 38 20 den
404 685 54 19 skett
474 685 47 21 med
535 687 49 18 hans
599 684 44 25 vilja
657 685 39 19 och
710 684 58 26 enligt
782 685 50 20 hans
845 685 76 20 förord-

174 711 73 25 nande,
267 711 45 20 böta
330 717 43 14 som
391 711 5 19 i
413 711 11 26 $
440 711 24 20 87
480 711 94 26 påbjudet
587 713 32 22 är;
635 711 104 20 hvaremot
752 711 48 25 den,
816 717 44 14 som
874 714 47 17 utan

174 737 73 20 sådant
267 737 133 20 förordnande
416 737 82 20 sålunda
515 737 62 21 håller
592 738 22 19 af
628 743 62 14 annan
710 737 112 20 tillverkadt
839 738 82 19 bränvin

175 763 26 20 till
223 764 52 25 salu,
292 765 36 24 gör
345 764 29 25 sig
390 764 87 19 förfallen
494 767 28 17 att
538 764 60 26 plikta
615 763 61 20 första
690 763 77 26 gången
782 763 68 20 åttatio
864 764 58 20 mark

172 791 39 18 och
222 789 70 26 hvarje
301 789 50 27 gång
362 791 38 19 han
408 790 84 21 dermed
501 790 63 21 oftare
573 789 93 21 beträdes
676 791 171 20 etthundrasextio
856 791 64 23 mark;

173 821 49 15 vare
238 817 38 19 ock
290 817 34 20 allt
337 817 82 20 bränvin
432 816 12 20 å
458 817 38 20 den
510 817 42 20 fora
567 817 47 20 eller
627 816 34 20 det
674 817 82 26 upplag,
774 817 36 20 der
824 817 97 20 missbru-

172 842 36 20 ket
228 843 64 26 skett,
312 843 116 20 förverkadt
442 842 63 27 jemte
521 843 26 21 de
563 843 27 20 till
605 843 119 20 förvarande
738 843 58 20 deraf
801 843 122 26 -begagnade

175 869 51 20 kärl.

521 896 11 26 $
545 897 34 20 90.

227 933 51 21 Från
292 933 92 22 bränneri
399 934 5 20 i
418 935 45 20 stad
477 935 29 20 får
520 933 114 26 försäljning
648 935 20 19 af
680 934 82 20 bränvin
774 934 20 26 ej
806 935 36 20 ske
854 941 69 14 annor-

174 960 55 21 ledes
244 963 25 18 än
283 960 44 21 från
341 961 122 21 bränneriets
476 962 54 25 lager
558 961 11 20 på
584 963 28 18 ett
626 961 49 20 enda
688 961 62 20 ställe.
779 959 23 27 Ej
815 961 61 20 heller
889 961 33 21 må

174 987 6 20 i
194 987 44 20 stad
251 990 83 23 antagen
348 987 168 27 försäljningsman
531 989 51 19 hålla
596 987 82 21 bränvin
690 987 28 21 till
730 988 44 19 salu
786 987 11 20 å
810 993 44 15 mer
862 989 24 19 än
896 991 28 18 ett

172 1014 70 25 ställe,
258 1014 36 20 der
308 1015 38 19 ban
360 1015 35 19 sitt
405 1016 73 25 upplag
488 1016 42 19 har.
552 1015 43 20 Den
606 1015 90 20 häremot
705 1014 70 27 bryter
784 1014 62 27 plikte
855 1014 68 21 såsom

174 1040 10 26 $
198 1041 24 19 87
240 1039 80 26 bjuder.

522 1068 11 25 $
546 1068 34 20 91.

227 1106 51 24 Den,
301 1111 44 14 som
365 1106 22 19 är
408 1106 26 20 till
449 1106 190 29 bränvinsbränning
654 1105 119 27 berättigad,
790 1106 60 20 hafve
864 1105 17 26 ej
896 1106 30 20 lof

174 1134 38 22 att,
234 1130 25 28 på
281 1132 64 26 grund
362 1132 20 19 af
397 1132 64 20 denna
476 1133 103 25 rättighet,
595 1132 48 26 sälja
657 1138 64 14 annan
735 1134 24 18 än
774 1138 48 21 egen
837 1133 89 20 tillverk-

176 1158 54 26 ning,
247 1158 33 20 vid
294 1159 35 19 bot
342 1164 44 14 som
400 1159 6 19 i
420 1158 10 26 $
444 1159 25 20 87
484 1159 90 26 stadgas;
590 1159 101 20 landtman
701 1159 52 20 dock
766 1159 118 21 förbehållet
896 1162 29 18 att

175 1185 42 19 föra
231 1190 75 15 annans
320 1185 126 27 tillverkning
460 1185 26 21 till
501 1186 44 20 stad
560 1186 38 20 och
612 1185 116 21 densamma
739 1186 29 19 för
782 1186 49 20 hans
845 1186 82 26 räkning

176 1211 37 20 der
226 1211 92 26 föryttra.

520 1238 12 25 $
544 1238 34 20 92.

228 1274 124 26 Gästgifvare
366 1274 104 20 äfvensom
484 1274 69 20 idkare
567 1276 21 18 af
600 1274 89 26 källare-,
704 1275 99 20 värdbus-
816 1276 48 20 eller
874 1276 53 25 spis-

176 1301 179 26 qvarters-rörelse
368 1301 47 19 eller
430 1306 61 15 annan
506 1301 22 20 så
542 1301 103 21 beskaffad
658 1302 79 25 näring,
754 1302 79 20 hvilken
847 1302 81 20 utskän-

176 1328 38 20 ker
222 1328 83 20 bränvin
320 1327 33 21 vid
362 1327 60 21 andra
432 1328 85 20 tillfällen
526 1330 24 18 än
560 1327 117 22 måltiderna
688 1329 39 20 och
738 1328 26 21 då
776 1331 40 18 mat
828 1328 59 22 tillika
897 1332 31 17 ut-

176 1355 76 25 spisas,
270 1355 46 19 böte
329 1354 65 20 sextio
409 1355 64 19 mark.
502 1355 95 20 Beträdes
612 1355 38 20 han
665 1355 82 21 dermed
764 1356 60 20 andra
838 1355 88 30 gången;

176 1376 46 36 böte
235 1376 84 36 dubbelt
333 1382 38 19 och
386 1387 46 15 vare
448 1382 199 26 näringsrättigheten
661 1382 30 20 för
704 1382 55 21 alltid
771 1383 90 25 förlustig
871 1384 55 24 eller,

177 1414 34 14 om
223 1409 41 19 han
278 1408 116 20 densamma
408 1408 70 20 såsom
490 1409 117 20 arrendator
620 1408 83 27 utöfvat,
720 1409 122 27 oberättigad
853 1412 29 18 att
894 1409 32 21 så-

176 1434 40 21 dan
230 1435 120 25 näringsrätt
364 1434 95 27 någonsin
473 1435 81 21 erhålla.
