1014 1686
175 152 33 20 916
391 151 71 22 Nådiga
473 152 140 22 Propositionen
626 151 36 17 N:o
674 151 28 17 30.

176 201 80 19 danföre
275 200 131 20 bestämmes.
438 200 23 25 Ej
483 200 61 20 heller
564 199 30 19 får
614 199 104 25 stämpling
738 199 20 19 af
777 198 145 25 expeditioner,

177 227 80 19 skrifter
270 228 39 18 och
324 226 111 25 handlingar
452 226 43 24 ske,
514 225 82 20 såframt
614 225 16 24 ej
645 225 115 25 reqvisition
775 224 41 19 från
834 224 88 20 Senaten

177 252 109 25 medföljer,
299 253 47 19 eller
360 253 58 19 innan
429 252 91 20 kontoret
533 252 69 19 derom
616 252 5 18 i
632 252 95 19 Senatens
738 250 185 26 Finansexpedition

177 280 72 18 anmält
267 279 37 19 och
319 279 136 24 expeditionen
471 278 73 19 lemnat
558 278 34 19 sitt
612 277 93 25 skriftliga
724 277 59 24 bifall,
800 277 77 27 hvilket
893 282 31 13 se-

177 305 91 20 dermera
284 305 36 19 bör
334 304 68 20 såsom
416 305 124 18 verifikation
554 304 105 19 kontorets
674 303 134 25 räkenskaper
822 302 74 25 åtfölja.

232 331 10 24 $
257 332 32 19 30.
319 331 8 19 I
342 329 68 26 hvarje
431 331 42 19 läns
494 329 136 21 Landtränteri
650 330 54 19 skola
722 329 106 25 stämpladt
849 334 76 20 papper

178 358 38 19 och
231 358 167 25 stämpelmärken
412 357 20 19 af
444 358 36 19 alla
501 357 74 19 värden
589 357 64 18 finnas
673 359 28 16 att
718 355 59 26 tillgå,
794 358 58 21 samt,
874 355 50 19 efter

177 384 116 25 reqvisition
309 384 19 19 af
340 383 159 26 Länestyrelsen,
511 384 5 18 i
530 383 82 25 stadgad
624 382 81 25 ordning
720 381 41 20 från
777 381 149 26 kartasigillata-

178 410 93 19 kontoret
281 410 109 19 ditsändas.
412 410 40 19 Allt
461 410 5 19 i
477 409 154 20 Landtränteriet
642 409 96 25 befintligt
747 408 65 20 förråd
822 409 20 18 af
851 409 75 24 stämp-

179 437 42 19 ladt
234 442 76 20 papper
324 437 38 19 och
376 436 166 26 stämpelmärken
557 436 48 19 skall
622 434 30 21 stå
667 435 63 20 under
746 435 181 20 Landträntmästa-

182 469 46 13 rens
243 463 49 20 vård
307 464 38 18 och
360 465 100 18 närmaste
475 468 71 14 ansvar
558 465 51 17 samt
622 462 64 19 under
699 462 39 19 lika
751 462 65 25 tillsyn
826 462 38 19 och
879 461 47 27 kon-

180 489 43 20 troll
239 489 20 19 af
272 490 156 25 Länestyrelsen,
441 495 43 14 som
498 490 29 19 för
536 495 62 14 annan
612 488 151 26 kronouppbörd
779 489 65 24 gäller.
874 488 52 25 Älig-

178 515 63 26 gande
255 515 34 20 det
302 516 205 19 Landträntmästaren
525 515 17 26 ej
557 515 76 20 mindre
648 518 26 17 att
695 516 50 19 tillse
759 515 34 19 Jet
810 514 115 25 erforderlig

179 541 77 26 tillgång
271 541 24 26 pä
310 543 106 25 stämpladt
429 548 75 19 papper
518 543 38 19 och
574 542 166 24 stämpelmärken
755 542 29 19 för
799 541 128 20 förefallande

178 568 61 20 behof
259 568 32 20 mä
313 568 5 19 i
340 569 93 19 ränteriet
454 568 64 20 finnas
539 570 23 18 än
580 570 28 17 att
625 568 114 19 förräderne
762 567 21 20 sä
802 567 78 19 förvara
897 570 30 16 att

179 597 83 23 pappret
279 594 18 26 ej
312 595 80 19 skadas.
421 595 206 19 Landträntmästaren
643 600 47 19 eger
704 594 58 20 äfven
777 600 32 13 om
824 594 34 19 allt
872 593 54 20 hvad

179 622 5 18 i
195 621 70 19 sådant
279 621 94 20 afseende
388 621 67 25 nödigt
464 627 47 14 vara
526 622 37 18 kan
578 622 36 18 hos
625 621 149 25 Länestyrelsen
784 620 76 20 anmäla
873 623 53 17 samt

180 647 48 20 dess
241 648 133 20 förordnande
384 648 88 23 afvakta;
489 648 37 20 och
536 647 19 20 få
566 648 104 25 stämpladt
682 652 76 21 papper
770 648 47 18 eller
831 647 95 25 stämpel-

179 674 82 20 märken
276 674 55 20 alltså
346 674 45 20 icke
405 675 21 19 af
433 674 205 20 Landträntmästaren
653 674 85 20 enskildt
750 674 121 24 reqvireras,
887 673 38 19 för-

179 701 72 19 sändas
265 701 47 19 eller
327 701 139 25 utkrediteras,
478 704 46 16 utan
539 701 48 19 skall
603 700 117 26 reqvisition
736 700 60 25 deraf,
808 699 52 26 uppå
876 701 51 19 hans

180 728 95 23 anmälan,
286 728 36 19 ske
330 728 70 19 endast
409 733 70 21 genom
490 728 150 25 Länestyrelsen
650 728 37 18 och
696 727 34 20 det
740 726 128 26 reqvirerade
877 727 50 19 blott

180 753 5 19 i
199 754 63 25 grund
277 754 20 20 af
312 755 163 26 Länestyrelsens
494 754 106 25 anordning
615 754 102 20 försändas
732 754 39 19 och
784 753 142 20 utkrediteras.

233 780 10 25 $
258 781 31 19 34.
320 780 27 20 På
363 781 33 19 det
410 782 106 24 stämpladt
526 786 74 21 papper
611 781 38 19 och
658 780 167 26 stämpelmärken
835 779 32 20 mä
878 780 49 19 kun-

180 812 24 14 na
218 808 134 18 allmänheten
367 807 160 26 tillhandahållas,
544 808 47 19 skall
607 807 4 19 i
627 806 69 26 hvarje
714 807 43 20 stad
771 809 51 17 samt
837 807 5 18 i
858 806 69 26 hvarje

179 833 83 26 socken,
279 839 23 14 en
320 834 47 19 eller
386 834 48 19 flere
454 834 167 25 försäljningsmän
642 834 50 19 efter
707 834 61 19 behof
780 836 90 22 antagas,
889 834 38 19 hos

179 859 68 20 hvilka
261 860 25 19 de
301 862 53 17 mest
368 859 96 26 behöfliga
479 860 73 20 värden
569 861 47 18 böra
632 865 46 14 vara
692 863 28 16 att
739 859 60 25 tillgå.
829 859 98 26 Stämpel-

178 891 75 20 papper
267 887 38 18 och
321 887 165 24 stämpelmärken
502 887 54 19 skola
570 885 25 26 pä
611 885 221 27 försäljningsmännens
846 886 81 20 skriflli-

179 918 24 19 ga
217 913 121 24 reqvisition,
361 913 234 26 genomLänestyrelsens
616 913 77 24 försorg
711 913 137 19 kostnadsfritt
865 912 62 20 hållas

179 939 46 19 dem
239 939 101 24 tillhanda;
360 939 38 20 och
412 945 36 20 ega
462 939 25 20 de
502 940 28 19 för
544 939 36 20 alla
594 939 71 24 medel,
682 945 43 14 som
735 945 71 20 genom
816 938 111 26 försäljnin-

179 971 38 20 gen
230 965 68 27 inflyta
313 966 39 18 och
366 965 67 20 såsom
447 967 88 19 Kronans
550 964 109 27 behållning
676 966 26 19 till
717 965 149 21 landtränteriet
880 966 47 19 inle-

179 997 88 19 vereras,
285 992 28 19 uti
326 991 226 26 försäljningsprovision
568 992 29 25 sig
611 992 78 26 tillgodo
704 993 98 24 beräkna,
818 992 6 19 i
839 992 88 25 Helsing-

179 1019 41 19 fors
235 1019 21 23 3,
277 1019 5 18 i
299 1019 25 19 de
342 1018 60 26 öfriga
424 1019 90 20 städerna
534 1021 13 17 4
561 1022 82 22 procent
664 1020 38 18 och
722 1019 25 25 pä
768 1019 65 19 landet
853 1019 29 19 för
898 1019 29 19 le-

179 1045 97 20 vererale
291 1045 39 20 500
346 1045 56 20 mark
417 1046 11 19 8
444 1049 83 21 procent
544 1048 52 17 samt
616 1046 30 19 för
660 1045 52 20 hvad
730 1051 93 14 summan
838 1045 31 19 för
882 1044 45 20 året

179 1071 115 20 derutöfver
307 1071 38 19 kan
359 1073 68 24 utgöra
442 1072 69 19 endast
526 1073 12 19 6
552 1075 88 22 procent,
656 1072 82 19 hvilken
752 1071 107 26 provision,
876 1072 51 19 efter

179 1097 90 20 medlens
279 1097 130 26 inleverering
419 1099 37 18 och
471 1098 24 25 på
510 1099 61 25 grund
587 1099 21 19 af
620 1098 95 20 deröfver
728 1097 101 26 upptedda
844 1098 82 20 ränteri-

180 1124 121 24 qvittanser,
318 1124 20 18 af
351 1124 151 26 Länestyrelsen
516 1125 26 19 till
560 1124 45 19 dem
620 1124 128 20 utanordnas.
780 1124 148 20 Landträntmä-

180 1152 54 16 stare
248 1149 32 19 må
295 1150 44 19 icke
354 1150 112 20 handhafva
480 1150 145 25 försäljningen.

232 1175 10 25 $
257 1176 32 19 32.
319 1175 26 20 På
362 1176 127 22 Guvernören
504 1177 5 19 i
523 1175 70 26 hvarje
607 1177 30 18 län
647 1176 115 19 ankommer
772 1179 34 21 att,
818 1175 24 26 på
853 1176 75 19 Lands-

179 1201 140 20 kamrerarens
333 1202 145 26 föredragning,
498 1203 27 19 till
542 1201 158 27 fösäljningsmän
717 1205 46 17 utse
780 1203 39 18 och
836 1203 91 19 förordna

179 1227 72 19 sådana
266 1233 102 20 personer,
384 1234 44 13 som
442 1229 88 18 befinnas
544 1229 62 18 dertill
622 1229 64 24 villiga
700 1230 38 17 och
755 1229 101 24 lämpliga,
874 1231 54 16 samt

180 1253 56 20 ställa
251 1254 85 23 antaglig
348 1254 102 19 säkerhet.
480 1254 28 19 Dä
523 1253 169 26 försäljningsman
707 1254 63 20 blifvit
791 1254 136 20 tillförordnad

180 1279 39 19 och
233 1279 137 26 försäljningen
380 1279 38 20 kan
433 1281 95 26 begynna,
546 1280 48 19 skall
605 1280 68 19 derom
688 1280 5 18 i
709 1280 81 19 stadens
805 1281 47 18 eller
867 1280 61 19 sock-

180 1311 49 14 nens
249 1306 75 26 kyrkor
344 1306 106 26 kungöras.
482 1307 68 20 Större
571 1307 71 25 belopp
664 1307 108 25 stämpladt
793 1312 75 20 papper
888 1307 39 19 och

180 1333 170 25 stämpelmärken
364 1335 25 18 än
402 1333 40 25 det,
459 1334 92 19 hvarföre
564 1333 93 20 säkerhet
666 1333 64 20 blifvit
744 1333 64 25 ställd,
820 1333 32 20 må
868 1333 16 26 ej
900 1333 27 20 till

180 1359 173 26 försäljningsman
373 1360 95 25 utgifvas;
491 1361 45 19 icke
556 1361 62 19 heller
638 1363 43 23 nytt
700 1361 61 24 förlag
778 1360 57 20 deraf
854 1361 73 19 honom

179 1386 83 26 lemnas,
274 1386 58 20 innan
342 1387 38 19 han
390 1387 26 19 till
427 1387 155 19 Landtränteriet
592 1387 118 19 inlevererat
719 1387 97 25 betalning
826 1387 29 19 för
865 1387 61 25 hvad,

181 1413 78 19 utöfver
279 1413 37 19 den
336 1413 69 20 ställda
426 1414 126 24 säkerheten,
575 1413 38 20 kan
630 1414 121 24 reqvireras,
774 1414 106 20 hvaröfver
893 1414 35 20 det

181 1438 72 26 åligger
267 1439 158 20 Landskontoret
438 1443 28 16 att
480 1446 49 19 noga
545 1440 57 20 vaka.
