1014 1686
179 144 38 29 850
399 148 71 22 Nådiga
482 149 139 22 Propositionen
633 147 36 18 N:o
681 148 28 17 30.

186 199 72 19 centtal
274 199 20 18 af
306 197 134 26 behållningen
455 198 6 18 i
475 197 52 20 boet.
557 197 26 19 Af
595 196 36 19 alla
646 197 86 24 skatter,
749 201 45 14 som
808 195 56 20 träffa
879 194 53 27 sjelf-

186 231 25 13 va
225 224 252 25 kapital-förmögenheten
476 218 6 36 ,
493 223 63 20 finnes
573 223 40 19 helt
627 222 68 20 säkert
709 222 66 26 ingen,
794 224 41 17 mot
853 222 79 19 hvilken

186 251 22 20 så
226 251 18 20 få
261 250 101 26 grundade
380 249 144 26 invändningar
541 249 66 19 kunna
625 252 64 22 göras.
722 249 38 19 Det
776 248 156 25 kapital-afdrag

186 283 44 14 som
236 277 69 19 träffar
311 276 124 26 egendomen
442 276 64 19 under
513 276 48 19 dess
571 275 107 25 öfvergång
688 275 27 19 till
726 275 116 25 arftagaren,
857 275 77 19 kännes

186 304 22 20 af
220 304 64 19 denne
299 303 45 19 icke
358 302 68 20 såsom
441 308 23 20 en
479 302 70 19 förlust
563 302 38 19 och
615 302 97 19 förefaller
727 302 78 22 honom,
818 300 84 20 sålunda
909 306 25 14 en

187 330 49 25 gång
251 330 29 18 för
294 330 36 19 alla
344 328 73 26 erlagd,
433 328 53 26 långt
500 328 76 20 mindre
590 328 109 26 tryckande
713 329 24 18 än
754 333 33 14 om
806 328 38 19 han
861 326 73 26 årligen

188 356 62 20 skulle
265 356 96 19 besväras
376 355 45 19 med
437 361 24 13 en
478 354 140 20 motsvarande
635 354 91 26 uppbörd
743 354 25 26 på
785 354 105 25 kapitalets
907 354 27 19 af-

188 383 96 25 kastning.

241 408 121 20 Beträffande
376 408 75 25 inlagor
465 408 26 20 till
506 408 147 20 Tullkamrarne
668 408 36 19 har
718 407 97 20 utskottet
831 406 44 20 icke
893 406 42 20 fun-

187 436 29 19 nit
230 436 42 19 skäl
288 435 26 19 till
329 434 140 26 upphäfvande
483 435 21 19 af
516 434 38 20 den
569 440 72 20 genom
654 433 108 26 Kejserliga
771 434 80 19 Brefvet
860 433 38 19 den
908 433 26 20 20

188 462 93 20 Februari
296 462 50 19 1843
361 461 29 19 för
404 461 47 19 dem
465 461 106 19 förunnade
581 461 92 19 befrielse
683 459 42 20 från
735 460 105 25 kartering;
851 460 84 19 likasom

189 488 39 20 ock
242 488 38 20 den
294 488 95 20 allmänna
403 487 93 19 befrielse
511 486 43 21 från
569 486 127 26 begagnande
710 487 20 19 af
742 486 137 25 kartasigillata
890 491 44 14 som

188 515 85 20 medelst
289 513 109 27 Kejserliga
414 514 80 19 Brefvet
511 514 38 19 den
568 514 24 19 19
609 514 52 18 Mars
680 513 51 19 1859
749 513 107 19 tillerkänts
870 512 65 20 finska

188 541 197 25 Tullexpeditionen
379 535 12 36 i
402 541 31 19 S:t
454 541 129 25 Petersburg,
606 540 56 19 torde
684 540 108 20 tillsvidare
813 539 47 20 böra
880 539 54 20 bibe-

188 567 69 20 hällas.

243 593 102 21 Likaledes
360 594 34 18 har
408 593 97 20 utskottet
519 596 48 17 trott
583 593 28 25 sig
629 593 47 19 böra
694 592 86 20 vidhålla
798 592 38 20 den
853 598 27 13 nu
896 592 40 25 gäl-

189 620 57 20 lande
260 620 161 24 bestämmelsen,
437 623 28 16 att
480 620 74 26 bilagor
568 620 90 19 karteras
672 618 44 20 icke
731 620 49 18 efter
796 619 34 19 ark
844 621 46 17 utan
905 619 30 19 för

188 647 45 19 hela
248 646 82 20 skriften
346 647 25 19 till
387 646 74 19 hälften
476 647 19 18 af
508 646 33 20 Jet
555 647 72 24 belopp
644 652 44 13 som
706 646 28 18 för
754 645 135 20 hufvudskrift
903 651 33 13 er-

189 673 83 25 fordras,
289 672 84 20 emedan
388 678 24 13 en
426 672 99 26 kartering
539 673 50 19 efter
602 673 36 19 ark
647 672 118 26 tillfälligtvis
775 672 66 19 kunde
851 672 43 19 falla
904 672 30 25 sig

190 700 128 19 öfverhöfvan
332 699 125 25 betungande
471 699 30 19 för
515 700 24 19 de
554 699 144 19 rättssökande.

244 726 100 19 Utskottet
358 726 35 18 har
407 726 62 18 funnit
484 726 73 24 obilligt
571 728 27 16 att
612 726 29 18 för
655 725 133 25 afskedsbref,
804 724 82 20 såsom
874 720 14 35 i
896 724 39 20 och

189 752 31 20 för
233 752 29 26 sig
276 752 44 19 icke
335 751 126 20 medförande
476 751 64 27 någon
555 752 95 25 pekuniär
664 752 71 22 fördel,
754 751 63 20 skulle
834 751 101 19 erfordras

190 778 82 20 särskild
288 778 99 24 kartering
402 778 49 19 efter
465 779 68 18 lönens
548 779 77 24 belopp;
643 778 92 19 hvarföre
748 778 98 19 utskottet
855 778 82 23 föresla-

190 805 28 24 git
238 805 58 19 deras
314 804 117 20 karterande
448 804 4 19 i
470 804 61 20 likhet
547 804 47 20 med
612 804 59 20 andra
689 804 135 25 expeditioner
840 803 42 20 från
902 804 34 20 det

189 830 127 20 embetsverk
332 830 47 19 eller
394 830 121 25 myndighet,
532 830 99 19 hvarifrån
645 830 25 19 de
684 830 95 19 utfärdas.

242 857 8 19 I
264 856 53 25 fråga
336 862 32 13 om
385 857 130 24 borgarebref
531 857 36 19 har
583 857 96 18 utskottet
696 859 65 16 ansett
784 856 103 19 städernas
907 857 27 18 in-

189 883 77 24 delning
282 883 5 18 i
302 883 49 19 olika
366 883 76 19 klasser
457 882 95 20 såtillvida
568 888 48 14 vara
631 883 112 24 opåkallad,
762 888 44 14 som
823 888 24 13 en
864 883 72 25 nybör-

187 909 61 25 jande
263 909 119 19 handlandes
396 909 89 25 ställning
499 909 6 18 i
519 909 106 20 allmänhet
638 911 22 17 är
674 909 108 24 enahanda,
798 909 38 19 och
850 909 38 19 den
897 909 39 19 rin-

190 941 46 19 gare
255 935 194 25 varuomsättningen
466 935 5 19 i
489 935 75 20 mindre
581 935 66 20 städer
664 937 104 23 motväges
784 935 20 19 af
820 941 24 13 en
858 935 78 20 mindre

190 961 46 20 svär
251 961 129 20 konkurrens.
410 962 114 19 Detsamma
539 962 60 25 gäller
613 962 57 19 äfven
685 961 102 26 angäende
797 961 139 20 klassificerin-

189 993 37 20 gen
241 989 20 18 af
274 988 92 19 städerna
378 987 47 20 med
439 988 96 19 afseende
549 987 10 20 ä
577 988 226 25 apotheks-privilegier.

243 1015 101 24 Resepass
361 1014 29 19 för
407 1013 51 20 finsk
475 1014 130 26 medborgare
621 1014 28 19 till
666 1017 54 16 orter
737 1014 52 19 inom
806 1014 80 19 Finland
900 1013 36 20 har

190 1043 85 22 ansetts,
298 1040 36 19 der
355 1039 69 20 sådant
441 1040 114 26 någongång
571 1040 164 26 ifrägakommer,
754 1041 48 19 böra
819 1040 116 25 expedieras

190 1067 105 19 kartefritt.

243 1093 38 19 För
295 1093 154 24 förskrifningar,
465 1094 75 24 vexlar,
557 1093 126 25 anvisningar
696 1099 28 13 m.
739 1098 27 14 m.
785 1093 36 19 har
838 1093 98 19 utskottet

189 1119 79 19 nedsatt
282 1119 148 25 kartebeloppet
444 1119 27 19 till
485 1119 74 20 hälften
573 1119 20 19 af
606 1119 52 19 hvad
673 1119 5 19 i
687 1119 39 19 den
739 1118 69 26 nådiga
819 1119 117 25 propositio-

190 1150 38 14 nen
242 1144 116 26 föreslagits.
388 1146 57 18 Detta
459 1146 35 18 har
509 1145 52 20 skett
575 1144 24 26 på
615 1145 37 19 den
666 1145 70 26 grund,
752 1147 28 17 att
790 1145 79 25 afgiften
879 1145 5 19 i
893 1145 43 20 det-

190 1173 20 17 ta
224 1171 31 20 fall
271 1172 89 24 vanligen
375 1171 66 20 träffar
455 1172 36 19 den
506 1171 123 20 behöfvande
643 1175 53 16 samt
709 1174 35 23 att,
760 1171 53 20 hvad
823 1172 68 19 vexlar
900 1177 34 14 an-

188 1197 44 26 går,
248 1198 59 19 dessa
322 1197 82 25 förtjena
419 1200 28 17 att
461 1198 19 19 af
487 1198 143 25 lagstiftningen
640 1203 76 20 gynnas
726 1199 29 18 för
764 1201 35 21 att,
810 1197 66 21 såvidt
885 1197 50 26 möj-

190 1223 39 25 ligt,
245 1224 67 25 bringa
327 1224 36 19 alla
377 1224 147 19 kommersiella
540 1225 141 18 transaktioner
701 1225 25 18 till
744 1225 63 18 denna
824 1225 58 18 form.
911 1225 27 18 Åf

190 1254 76 15 samma
281 1249 42 20 skäl
339 1250 35 19 har
388 1249 95 20 utskottet
497 1250 57 19 äfven
569 1249 72 26 fritagit
654 1250 112 25 desamma,
782 1250 104 19 äfvensom
899 1250 36 19 alla

190 1275 60 19 andra
265 1275 137 24 dokumenter,
419 1275 25 19 då
458 1275 25 20 de
497 1276 49 19 inför
560 1276 87 19 notarius
661 1276 97 25 publikus,
770 1276 6 19 i
785 1276 94 19 afseende
888 1275 11 20 å
908 1275 26 26 på

189 1301 75 46 jonain
277 1302 144 19 ankommande
435 1301 153 27 embetsätgärd,
605 1305 78 22 upptes,
700 1301 49 21 ifrån
763 1303 114 25 beläggning
888 1302 47 20 med

203 1331 49 16 arta.

244 1355 147 20 Direktionerna
406 1355 29 20 för
449 1356 76 20 landets
539 1356 98 19 allmänna
654 1355 179 26 brandstodsbolag
851 1359 51 16 samt
916 1356 22 20 af

189 1382 89 19 enskilde
293 1382 57 20 valde
364 1382 185 26 kompromissarier
563 1383 38 19 och
617 1383 50 25 gode
681 1385 46 17 män
742 1383 36 19 har
791 1383 96 19 utskottet
901 1388 34 15 an-

190 1410 40 18 sett
244 1408 47 21 böra
305 1409 98 19 uteslutas
418 1408 47 20 ifrån
481 1409 70 20 antalet
565 1410 20 18 af
597 1409 24 20 de
635 1409 6 19 i
656 1409 10 25 $
679 1410 13 19 4
706 1408 127 26 uppräknade
847 1410 87 19 embets-

191 1434 47 20 verk
257 1436 38 18 och
312 1435 146 26 myndigheter,
477 1436 32 19 vid
527 1436 65 18 hvilka
614 1436 134 25 begagnandet
765 1436 21 19 af
798 1436 136 25 kartasigillata
