992 1692
179 145 48 32 1224
395 149 72 23 Nådiga
478 150 139 22 Propositionen
631 150 35 17 N:o
678 150 28 17 88.

178 200 38 18 och
233 198 104 26 tillgången
354 198 25 26 på
397 199 81 19 bränvin
495 198 113 27 dymedelst
624 198 131 26 förminskad,
774 198 74 20 hvilket
864 198 58 20 bland

178 228 57 17 annat
250 224 50 20 varit
313 225 53 20 fallet
380 225 89 20 sistlidne
486 225 28 20 år.
546 226 71 18 Ehuru
633 225 99 20 derunder
748 225 115 19 bränvinets
881 226 41 24 pris

177 252 53 26 stigit
244 251 26 20 till
286 252 43 25 fyra
343 252 56 19 mark
414 252 29 19 för
457 252 73 20 kannan
546 252 37 19 och
597 252 5 19 i
618 251 57 27 några
695 252 110 19 landsorter
822 253 52 18 ännu
888 252 34 19 hö-

177 285 45 20 gre,
239 278 59 21 hafva
315 279 154 19 öfverträdelser
486 279 19 19 af
521 279 91 19 förbudet
628 281 40 17 mot
688 278 173 23 bränvinsinförsel
879 278 44 20 från

179 305 87 21 utlandet
280 305 44 19 icke
338 306 107 25 veterligen
461 306 49 19 varit
523 305 92 20 talrikare
632 307 22 18 är
667 305 63 20 under
748 304 125 27 förutgångne
892 305 28 24 år;

178 333 92 19 hvarföre
285 332 34 19 det
333 337 60 21 synes
408 332 96 20 sannolikt
517 335 34 22 att,
567 332 38 20 ifall
619 332 107 26 tillgången
741 331 23 26 på
775 332 81 19 bränvin
867 332 4 19 i
882 333 41 18 lan-

178 359 34 20 det
225 361 62 18 rättas
304 359 51 19 efter
373 359 84 26 verkligt
473 359 61 20 behof
549 359 38 20 och
604 359 84 20 nämnde
702 358 44 25 pris
761 358 18 25 ej
798 359 124 26 synnerligen

179 385 96 26 förhöjes,
291 385 64 26 oloflig
369 386 88 20 tillförsel
471 386 21 19 af
499 391 61 14 varan
571 385 47 20 skall
630 385 71 26 kunna,
713 385 44 19 icke
767 385 40 20 helt
816 385 38 20 och
864 385 60 20 hållet

180 413 117 24 förhindras,
309 417 45 14 men
365 412 51 20 dock
425 412 62 20 hållas
497 413 52 19 inom
556 413 76 25 vanliga
639 414 82 24 gränsor
729 411 37 20 och
774 411 119 25 följaktligen
899 411 25 26 på

179 439 62 20 denna
255 441 38 24 väg
304 441 28 17 ett
340 439 107 19 närmande
456 439 26 20 till
497 439 34 20 det
544 439 90 26 åsyftade
649 438 112 20 ändamålet
770 439 58 19 blifva
841 437 81 27 möjligt.

229 465 27 20 På
271 466 33 20 det
321 465 33 20 vid
372 465 113 20 bränvinets
502 465 123 26 tillverkning
643 465 35 20 säd
696 466 38 19 och
750 465 60 20 andre
827 465 96 20 råämnen

179 495 51 17 samt
242 493 73 23 arbete
329 492 36 19 och
380 492 78 20 bränsle
471 492 32 20 må
518 493 65 19 kunna
598 493 6 18 i
617 491 109 26 möjligaste
740 491 61 20 måtto
818 492 105 25 besparas,

180 520 22 18 är
216 519 66 26 nödigt
295 521 29 17 att
338 519 125 20 tillverkaren
478 518 30 20 får
521 519 89 19 använda
625 519 38 19 den
678 521 52 17 mest
744 518 123 25 fullständiga
878 518 44 20 red-

178 546 50 25 skap
242 547 39 18 och
295 545 112 26 dymedelst
422 545 123 26 tillgodogöra
560 546 35 19 alla
612 545 26 19 de
654 545 84 20 fördelar
756 545 109 25 vetenskap
883 545 40 18 och

178 572 114 26 uppfinning
306 570 88 26 erbjuda;
411 577 45 14 men
472 573 135 18 erfarenheten
622 571 34 20 har
674 571 102 26 ådagalagt
793 574 28 17 att
835 571 88 20 hitintills

179 599 63 19 kända
261 598 64 21 medel
343 598 37 19 och
397 599 86 25 grunder
499 599 29 19 för
545 598 131 25 beräkningar
693 599 21 19 af
731 597 193 26 bränvinsredskaps

180 624 217 27 afverkningsförmäga
412 628 34 17 äro
456 625 123 27 synnerligen
589 625 135 26 otillförlitliga,
737 625 91 19 hvarföre
837 625 88 19 bestäm-

178 652 72 20 mande
265 653 21 18 af
300 652 54 19 tiden
370 651 29 19 för
417 651 230 26 bränvinstillverknings
665 651 117 24 utöfvande,
802 654 77 17 ensamt
896 651 29 19 för

179 679 36 25 sig,
232 678 43 20 icke
289 678 38 20 kan
340 677 43 21 leda
398 678 26 19 till
439 678 77 20 visshet
526 684 33 13 om
569 678 160 25 tillverkningens
738 677 79 26 belopp.
846 677 23 26 Ej
883 678 44 19 hel-

180 706 28 19 ler
222 705 57 20 torde
293 705 37 20 den
345 705 5 19 i
364 704 47 20 flere
425 705 62 20 andre
500 705 73 25 länder,
588 705 26 19 till
630 703 177 21 åstalkommande
827 705 20 18 af
863 704 62 19 misk-

179 732 45 25 ning
238 732 5 18 i
258 730 203 26 bränvinstillgången,
477 731 90 20 använda
581 731 78 25 åtgärd,
678 733 28 17 att
722 736 71 20 genom
810 731 52 19 skatt
879 730 45 25 höja

180 759 63 24 priset
260 757 11 20 å
290 763 59 14 varan
366 757 37 19 och
421 758 70 19 endast
507 757 82 20 sålunda
606 758 80 18 försätta
706 757 47 20 dess
774 757 125 26 tillverkning
921 757 5 19 i

181 784 120 20 förhållande
316 784 26 20 till
357 784 158 25 förbrukningen,
531 784 59 20 blifva
600 784 105 20 härstädes
716 784 141 24 erforderligen
868 784 59 19 verk-

181 816 44 14 sam
239 811 48 19 eller
301 816 36 14 ens
350 810 48 20 böra
415 810 97 25 förordas,
532 811 51 19 helst
600 810 112 26 dymedelst
729 811 48 19 blott
793 810 38 20 den
849 810 78 20 mindre

179 837 128 20 bemedlades
321 837 61 25 begär
397 836 37 20 kan
449 836 78 26 stäfjas,
545 842 44 14 men
604 838 90 19 deremot
712 843 23 13 en
752 837 43 19 från
813 837 36 19 alla
866 837 60 19 andra

180 864 53 20 band
248 862 81 27 frigjord
343 864 64 24 täflan,
424 863 86 20 särdeles
521 863 32 19 vid
563 863 89 26 gällande
661 864 54 24 lägre
725 863 132 28 sädespriser,
869 864 59 19 otvif-

179 890 95 25 velaktigt
284 890 63 20 skulle
357 890 20 19 af
385 890 194 26 vinningslystnaden
589 890 120 19 frammanas
720 890 45 24 och,
777 890 45 19 med
832 890 93 20 afseende

180 916 11 20 å
207 917 33 19 det
254 916 5 20 i
274 916 45 25 följd
333 917 21 19 af
366 917 65 19 större
448 916 77 26 tillgång
542 915 24 26 på
582 916 84 20 bränvin
682 915 72 26 jemväl
773 916 63 20 ökade
853 917 73 19 antalet

181 944 108 24 afnämare,
309 943 98 19 föranleda
424 943 102 25 ymnigare
544 943 123 25 tillverkning
685 943 21 19 af
721 948 71 20 varan,
808 942 60 20 hvars
883 949 44 13 mer

182 970 48 19 eller
243 969 76 19 mindre
329 968 125 26 fördelaktiga
464 969 104 25 alsättning
577 969 79 19 komme
667 972 28 16 att
706 969 50 20 vålla
766 969 95 20 öfverflöd
871 970 58 19 deraf

181 995 11 20 å
207 1001 24 14 en
245 996 31 20 del
298 998 53 17 orter
371 996 39 19 och
427 994 117 21 åtminstone
560 996 36 19 der
613 995 69 26 främja
699 996 229 26 dryckenskapslastens

181 1022 117 26 tilltagande.
329 1022 38 20 Det
381 1022 50 20 enda
446 1022 95 26 osvikliga
560 1022 63 20 medel
641 1023 29 19 för
688 1022 130 27 begränsning
835 1023 20 19 af
870 1023 58 20 brän-

181 1049 150 25 vinstillgången
346 1049 5 19 i
365 1048 72 25 landet,
453 1054 62 20 synes
530 1049 33 20 vid
580 1049 124 20 omförmälte
721 1049 120 21 förhållande
860 1050 69 19 endast

180 1075 66 19 kunna
261 1076 70 18 vinnas
345 1080 72 20 genom
432 1076 134 19 fastställande
580 1075 20 19 af
609 1078 34 22 ett,
654 1076 50 19 efter
714 1076 34 19 det
760 1076 100 20 sannolika
871 1076 58 19 mått-

179 1102 38 25 liga
231 1101 100 25 behofvet,
347 1101 108 20 beräknadt
469 1102 68 24 högsta
552 1102 77 24 belopp,
646 1105 52 17 samt
712 1102 106 20 dessutom
831 1102 99 26 rättighet

180 1128 30 19 för
223 1128 103 26 Styrelsen
340 1130 27 17 att
387 1128 5 19 i
413 1127 119 21 förhållande
553 1128 28 20 till
602 1128 137 26 folkmängden
761 1130 92 20 förordna
876 1130 51 18 hvar

180 1154 139 20 brännerierna
334 1154 31 20 må
380 1155 81 19 inrättas
476 1156 38 18 och
528 1156 24 18 än
568 1154 68 20 vidare
649 1155 105 20 inskränka
773 1155 122 25 tillverkning
909 1155 22 20 af

181 1181 81 19 bränvin
277 1180 10 20 å
303 1183 36 23 ort,
355 1181 36 19 der
404 1181 38 19 den
459 1182 124 19 härförinnan
601 1182 54 25 ringa
673 1183 88 18 utöfvats
779 1182 38 20 och
835 1182 94 26 förtäring

180 1208 21 18 af
215 1213 58 14 varan
283 1207 88 20 hitintills
381 1207 44 19 icke
435 1207 69 20 skridit
518 1208 78 19 utöfver
613 1208 135 26 sedlighetens
767 1210 65 24 gräns.
865 1208 63 20 Göres

182 1233 108 25 beräkning
308 1234 49 18 efter
375 1233 118 25 antagande,
511 1237 29 15 att
558 1234 23 24 på
596 1234 69 24 hvarje
683 1240 73 19 person
773 1235 5 17 i
793 1235 72 24 landet,
881 1237 47 16 utan

182 1258 94 21 afseende
290 1258 11 21 å
316 1258 53 20 ålder
383 1259 46 20 eller
444 1259 46 24 kön,
506 1260 80 25 belöper
604 1260 29 24 sig
648 1260 33 19 två
702 1261 39 18 och
762 1266 24 13 en
804 1261 41 20 half
865 1260 64 19 kanna

184 1286 83 19 bränvin
284 1286 47 19 eller
349 1285 46 24 ock,
415 1288 28 16 att
459 1285 19 19 af
494 1286 135 26 befolkningen
646 1287 56 19 öfver
719 1287 74 19 femton
812 1286 32 20 års
865 1286 61 26 ålder,

185 1317 24 14 en
224 1312 51 19 hvar
290 1317 45 14 man
349 1311 104 20 förbrukar
467 1311 40 20 fem
520 1313 76 19 kannor
610 1313 38 19 och
666 1313 69 25 hvarje
750 1313 73 25 gvinna
838 1314 90 25 omkring

183 1338 73 20 hälften
269 1338 62 25 deraf,
348 1339 54 18 visar
419 1337 108 26 slutföljden
546 1342 28 17 ett
590 1339 71 26 belopp
678 1340 20 19 af
714 1342 46 18 nära
778 1339 42 27 fyra
837 1340 91 25 miljoner

183 1365 167 20 trehundratusen
365 1365 72 19 kannor
451 1365 88 25 bränvin,
556 1371 43 14 som
614 1366 62 20 borde
690 1369 100 17 motsvara
805 1367 53 20 hvad
871 1367 57 20 deraf

185 1391 73 26 årligen
272 1392 6 19 i
292 1392 65 19 landet
371 1393 22 18 är
407 1391 98 26 behöfligt.
534 1393 43 19 Men
592 1392 81 20 emedan
688 1393 147 20 erfarenhetens
845 1394 81 19 vittnes-

185 1417 50 21 börd
255 1418 99 20 erfordras
374 1419 97 19 huruvida
492 1419 59 26 sagde
568 1419 221 27 tillverkningsbelopp,
809 1421 74 19 hvilket
903 1420 24 26 på

186 1445 62 25 grund
263 1445 20 20 af
295 1445 112 20 nuvarande
422 1445 131 20 förhållanden
568 1446 70 19 endast
653 1446 29 19 för
693 1449 99 18 närmaste
802 1447 77 20 framtid
889 1448 39 19 kan
