1011 1689
192 149 34 18 874
403 146 71 23 Nädiga
486 147 139 22 Propositionen
639 147 35 16 N:o
686 146 29 17 30.

245 197 47 19 24:0
319 196 83 20 Läkare-
417 196 37 19 och
469 195 120 26 prestbevis.

245 228 47 20 25:0
320 227 203 25 Förtullningsinlagor
531 227 60 24 jemte
601 226 64 20 dertill
675 227 87 19 hörande
772 226 73 25 bilagor
856 227 27 19 till
893 227 44 19 tull-

192 255 105 19 kamrarne
312 254 4 19 i
333 253 86 23 Finland;
442 253 79 20 skrifter
535 254 38 19 och
587 253 119 24 handlingar,
726 258 43 14 som
791 253 27 19 till
833 253 103 25 Tullexpe-

193 281 85 20 Jitionen
291 280 5 19 i
311 280 31 19 S:t
357 279 119 25 Petersburg
491 279 81 26 ingifvas
592 280 47 19 eller
653 278 85 20 derifrån
752 279 99 24 utfärdas;
867 280 68 19 äfven-

193 312 43 15 som
258 306 132 25 ansökningar
410 311 33 14 om
464 305 111 20 erhållande
595 306 20 18 af
635 305 80 19 frisedel
736 305 25 20 till
783 306 88 25 lossning
889 306 47 19 eller

193 333 90 25 lastning.
456 339 9 9 .

247 365 46 20 26:0
321 365 58 18 'Bevis
394 365 56 18 öfver
465 364 133 20 hinderlöshet
613 363 24 20 till
653 363 109 26 äktenskap

247 397 47 20 27:0
322 396 95 20 Fullmakt
431 397 26 19 till
473 395 188 21 rekommenderade
673 396 54 19 brefs
743 395 103 26 uttagande
856 395 11 21 å
882 399 55 22 post-

194 424 72 20 kontor
280 425 51 18 samt
345 425 27 18 att
386 422 10 20 å
414 423 132 20 Landtränteri
565 423 47 19 eller
626 421 42 21 från
688 428 64 14 annan
770 423 58 20 kassa
843 423 47 26 lyfta
905 423 30 19 lön

194 451 47 19 eller
255 450 60 20 andra
330 450 71 19 medel.

248 482 45 20 28:0
321 479 168 27 Öfversättningar
511 482 25 19 till
551 481 64 19 finska
637 480 87 26 språket,
742 481 118 20 verkställda
878 481 20 19 af
910 481 25 20 de

194 509 134 19 Translatorer
342 509 95 25 allmogen
452 513 46 20 eger
513 508 28 19 för
555 506 70 21 sådant
639 507 88 20 ändamål
742 510 75 22 antaga.

248 541 46 19 29:0
321 541 58 19 Bevis
394 546 44 14 som
450 540 85 24 utgifves
549 540 56 19 öfver
615 539 181 26 vederhäftigheten
806 540 37 19 hos
857 540 25 19 de
891 545 44 19 per-

196 572 66 20 soner,
273 566 65 21 hvilka
353 566 51 19 trält
419 568 4 17 i
433 566 176 25 uppbördsborgen
619 566 30 19 för
658 566 63 25 någon
730 566 66 26 publik
809 565 125 25 tjensteman.

248 600 46 18 30:0
322 597 164 21 Poliskammares
507 596 161 26 tillständsbiljett
688 598 29 18 för
735 598 51 19 finsk
806 598 87 25 inföding
908 600 29 17 att

195 625 61 19 vistas
271 625 4 19 i
291 625 76 19 stalen.

248 652 46 18 31:0
322 650 205 20 Embetsskrifvelser.

248 683 46 19 32:0
322 682 134 25 Tjenstemans
470 682 106 25 ansökning
591 687 32 13 om
641 682 143 26 handräckning
804 685 28 17 att
845 682 40 20 utfä
901 684 35 18 ho-

196 715 46 14 nom
256 710 20 18 af
288 709 99 25 menighet
402 708 147 20 tillkommande
563 708 89 26 aflöning.

248 742 46 19 33:0
322 741 60 20 Skrift
399 742 38 18 och
459 741 68 25 bilaga,
550 746 43 14 som
616 740 94 20 inlemnas
731 742 20 19 af
768 747 81 19 person,
873 742 62 19 hvars

194 768 102 25 fattigdom
311 769 21 17 är
346 768 88 25 antingen
455 768 78 18 allmänt
554 767 50 19 -känd
619 768 46 19 eller
680 768 148 26 vederbörligen
848 768 85 26 intygad,

196 794 21 20 sä
232 794 37 19 ock
279 794 119 25 expedition,
410 799 43 13 som
468 794 25 20 till
504 793 60 20 sådan
579 798 73 20 person
663 794 89 20 utfärdas
762 795 38 18 och
815 795 29 19 för
857 795 79 19 hvilken

196 820 16 25 ej
228 821 60 19 heller
303 822 54 18 lösen
372 826 46 19 eger
433 826 51 18 rum,
500 820 82 19 hvarom
598 820 61 25 tydlig
672 820 117 26 anteckning
803 820 11 20 å
829 821 107 25 expeditio-

194 852 39 14 nen
248 846 35 20 bör
299 847 42 19 ske.

248 873 46 19 34:0
322 873 74 24 Utslag,
413 872 112 24 resolution,
542 872 69 20 ordres
628 876 51 16 samt
700 873 186 25 löftesförbindelse,
903 879 34 13 ve-

194 898 157 26 derhäftighets-,
367 898 131 25 intecknings-
511 900 38 18 och
563 902 58 16 annat
635 898 63 26 bevis,
710 904 43 14 som
768 898 11 20 ä
794 900 51 19 förut
859 898 77 21 behöri-

195 931 38 20 gen
248 925 90 19 karterad
354 925 61 24 inlaga
430 926 46 18 elier
492 925 88 25 handling
594 925 88 19 tecknas.

249 957 45 20 35:0
323 957 39 19 Alla
377 956 165 26 undersöknings-
551 957 37 19 och
601 956 268 26 besigtningsinstrumenter,
884 958 53 19 kost-

195 983 149 25 nadsförslager,
360 983 134 25 beräkningar,
506 983 65 19 kartor
583 984 38 18 och
636 984 74 24 planer,
722 984 82 19 rörande
818 983 116 26 sjöfällning,

196 1010 190 24 vattenuttappning,
401 1009 64 25 odling
480 1010 19 18 af
512 1010 45 19 kärr
571 1010 38 19 och
622 1015 78 14 mossar
712 1012 50 17 samt
776 1016 32 14 om
823 1011 113 25 anläggning

195 1037 20 19 af
227 1036 64 24 kanal,
307 1036 59 25 sluss,
383 1036 71 19 allmän
469 1036 101 25 landsväg,
586 1036 43 24 bro,
644 1035 82 27 jernväg
740 1042 27 14 m.
782 1042 28 14 m.
826 1036 67 26 dylikt.

248 1072 46 19 36:0
322 1071 134 25 Ansökningar
473 1076 32 14 om
526 1071 168 21 utbekommande
715 1072 20 19 af
753 1072 182 26 hegrainingshjelp

196 1098 48 18 efter
258 1098 70 19 afliden
343 1097 87 19 embets-
444 1097 38 19 och
497 1097 123 26 tjensteman.
701 1111 3 7 a

248 1130 46 19 37:0
322 1129 131 21 Afskedsbref
465 1130 29 18 för
509 1130 55 20 civila
578 1130 119 25 tjenstemän
715 1130 37 20 och
766 1130 88 25 betjente
867 1131 68 20 äfven-

195 1161 83 14 vensom
291 1156 113 19 underbefäl
425 1156 36 19 och
476 1156 121 26 gemenskap
613 1156 30 19 vid
661 1156 63 20 finska
744 1157 102 25 militären,
868 1157 25 20 då
908 1158 27 19 af-

195 1182 71 20 skedet
279 1181 83 20 erhålles
377 1184 46 17 utan
437 1188 48 19 egen
500 1183 111 25 ansökning.

248 1214 10 24 $
273 1214 31 20 15.
334 1214 37 19 Om
386 1214 97 25 handling,
500 1221 43 13 som
556 1215 45 19 med
617 1214 42 20 stöd
674 1215 20 19 af
705 1214 162 21 föreskrifterne
860 1210 9 33 i
881 1218 54 18 näst-

194 1239 117 25 föregående
325 1240 10 24 $
349 1240 25 18 14
389 1240 44 19 icke
448 1240 62 19 blifvit
525 1240 97 24 karterad,
639 1240 85 19 derefter
740 1242 94 18 inlemnas
849 1242 33 18 vid
903 1242 31 18 sä-

195 1264 47 20 dant
261 1264 133 20 embetsställe
415 1266 37 18 och
470 1267 20 18 af
509 1265 60 20 sädan
589 1271 78 20 person,
689 1267 29 18 för
739 1267 81 19 hvilken
841 1267 94 19 befrielse

194 1290 41 20 från
251 1292 259 30 stämpel-pappersafgiften
521 1291 16 26 ej
552 1293 22 18 är
585 1292 117 25 medgifven,
714 1292 36 20 bör
758 1292 115 20 densamma
887 1293 47 19 med

194 1316 55 21 karta
263 1317 91 27 beläggas
368 1323 24 20 pä
407 1319 38 18 sätt
459 1318 5 18 i
478 1318 11 25 $
502 1319 12 19 4
529 1322 22 16 är
565 1318 133 20 föreskrifvet.

247 1349 10 25 $
272 1349 32 21 16.
333 1350 39 19 Alla
386 1350 61 28 andra
456 1350 107 26 eftergifter
577 1351 5 19 i
593 1350 135 26 skyldigheten
738 1354 28 17 att
778 1352 86 26 begagna
874 1354 61 18 stäm-

193 1376 121 25 pel-papper,
337 1381 44 15 som
398 1382 16 19 ej
437 1377 62 19 blifvit
519 1382 70 19 genom
610 1377 62 19 denna
693 1378 112 25 förordning
829 1379 101 25 förnyade,

194 1401 78 20 komma
287 1402 29 20 för
330 1402 104 20 framtiden
449 1406 27 16 att
490 1403 79 20 alldeles
584 1404 94 24 upphöra.
