981 1698
404 156 72 24 Nådiga
487 158 138 22 Propositionen
639 157 36 18 N:o
686 156 29 18 26.

541 206 10 25 $
565 207 20 19 8.

290 251 43 20 Har
347 253 6 18 i
368 251 186 20 kommunalstämma
562 251 89 25 förening
666 250 58 26 blifvit
738 249 92 27 ingången
845 257 29 13 om
893 254 41 17 sär

233 280 62 20 skilda
309 279 79 26 stadgar
403 279 26 19 till
443 279 126 26 befrämjande
584 279 24 26 af
619 279 70 19 allmän
699 279 85 26 ordning,
796 282 35 22 äge
841 281 93 18 stämman

228 309 72 26 jemväl
308 309 36 25 för
357 307 142 27 öfverträdelser
508 309 24 24 af
538 307 95 20 desamma
643 309 70 18 utsätta
724 307 89 26 lämpliga
822 309 55 22 viten,
888 308 48 19 dock

233 337 17 26 ej
265 336 136 27 öfverstigande
410 337 75 24 fyratio
499 336 60 20 mark.
591 335 63 20 Beslut
668 336 65 19 härom
748 342 45 13 vare
808 336 16 25 ej
832 336 64 25 giltigt
902 336 34 19 der

233 365 32 20 det
278 365 39 19 icke
332 365 64 25 blifoer
410 365 24 25 af
443 367 115 23 guvernören
576 364 27 19 till
621 364 120 25 efterrättelse
752 364 108 25 faststäldi.
890 363 45 21 Fin-

233 400 34 13 ner
281 393 185 20 kommunalstämma
481 392 69 20 sådant
563 394 37 18 vite
614 392 117 26 otillräckligt
746 395 28 17 att
788 393 58 25 stäfja
856 392 57 26 något
923 392 12 20 &

234 425 53 16 orten
301 421 85 20 rådande
400 420 101 27 sjelfsvåld,
515 420 32 21 må
555 421 110 26 förhöjning
679 421 58 26 deraf
748 421 34 20 hos
796 421 84 24 domstol,
895 428 40 13 som

234 450 95 23 vederbör,
344 449 63 20 sökas.

539 513 12 26 $
565 499 22 46 9.

292 557 97 26 Rättighet
402 560 28 17 att
448 559 3 18 i
465 557 196 20 kommunalstämmas
675 557 139 26 öfverläggning
828 557 34 20 och
879 557 51 22 beslu

236 587 76 25 deltaga
326 585 109 20 tillkommer
449 586 63 25 hvarje
526 585 105 27 välfrejdad
645 585 77 20 medlem
735 586 26 25 af
766 585 115 25 kommunen,
892 589 46 17 utan

236 614 96 21 ätskilnad
346 615 23 25 af
381 614 154 24 trosbekännelse,
551 620 40 13 som
605 617 46 22 äger
663 614 50 25 finsk
727 614 131 25 medborgares
872 616 64 25 rättig-

236 643 51 20 heter
301 643 33 20 och
349 643 36 19 har
398 645 28 17 att
440 643 45 25 sjelf
496 643 51 25 öfver
560 643 29 25 sig
603 642 34 20 och
651 643 32 18 sitt
695 642 48 25 gods
758 641 61 25 råda;
833 645 23 16 är
867 643 70 26 föbun-

236 672 36 19 den
286 673 28 18 att
329 671 26 20 till
369 671 109 20 kommunen
491 673 68 24 utgöra
573 671 58 24 skatt;
645 670 16 26 ej
676 671 64 25 häftar
752 671 32 24 för
789 671 52 25 flera
851 673 26 18 än
886 674 51 17 näst-

230 699 116 27 föregående
360 698 33 21 års
407 699 207 26 kommunalutskylder.
645 699 46 25 (Det
704 697 127 22 återstående
843 699 39 20 lika
891 699 47 21 med

236 727 110 27 förslaget).

537 783 10 26 $
562 784 32 19 10.

295 827 85 24 Landbo,
396 827 111 20 arrendator
521 828 43 19 eller
577 827 150 27 hälftenbrukare
745 829 49 19 röste
803 829 35 25 för
857 828 36 21 den
912 829 27 20 lä-

236 856 68 26 genhet
318 856 38 20 han
370 856 84 24 innehar,
470 862 29 14 om
513 857 38 19 han
560 857 35 25 för
608 856 109 20 densamma
726 857 84 26 erlägger
820 857 120 21 kommunala

239 884 104 27 utskylder;
357 885 51 25 eljest
422 887 49 17 röste
486 888 76 22 ägaren.

339 913 53 19 Eller
407 912 47 20 ock:

297 939 41 19 För
351 940 72 18 enskild
436 940 132 25 jordegendom
583 941 50 17 röste
651 942 83 23 ägaren;
753 940 46 20 dock
816 940 32 20 mä
866 941 74 23 landbo,

240 968 111 19 arrendator
365 968 43 19 eller
422 968 149 26 hälftenbrukare
593 970 51 17 rösta
653 968 36 25 för
705 968 36 19 den
760 968 84 26 lägenhet
862 969 38 19 han
914 970 26 19 in-

239 996 66 23 nehar,
320 1002 30 13 om
364 999 71 22 ägaren
448 996 122 26 uttryckligen
584 996 95 20 tillärkämt
693 996 67 20 honom
774 996 52 26 dylik
840 1000 43 17 rätt.

298 1023 65 24 Enka,
371 1023 98 27 frånskild
483 1024 66 19 hustru
563 1024 43 19 eller
620 1024 50 25 ogift,
685 1024 77 26 myndig
777 1026 69 24 gvinna
859 1025 82 26 tillgodo-

241 1053 50 25 njute
306 1052 96 20 derstädes
416 1054 83 18 rösträtt.

298 1080 40 20 För
351 1080 97 26 omyndige
461 1083 50 17 röste
519 1080 124 26 förmyndare
657 1080 50 24 eller,
722 1081 34 19 der
768 1081 44 22 flere
816 1082 125 25 förmyndare

242 1111 41 21 äro,
299 1108 36 20 den
349 1115 40 13 som
403 1108 53 20 desse
471 1108 56 20 bland
541 1109 28 24 sig
583 1110 47 18 utse.

299 1136 13 20 I
318 1136 61 26 fråga
393 1142 30 14 om
439 1136 55 26 bolag
512 1136 31 19 mä
562 1136 105 21 detsamma
684 1137 44 19 eller
746 1137 42 19 dess
805 1138 84 26 styrelse,
908 1139 34 19 och

240 1166 31 23 för
285 1164 89 26 oskiftadt
388 1164 22 20 bo
426 1165 43 19 eller
483 1171 64 13 annan
560 1164 81 26 samfäld
655 1165 98 25 egendom,
773 1165 111 26 delägarene
902 1167 40 19 deri

241 1192 68 21 ombud
323 1195 46 17 utse.

299 1221 40 18 För
353 1221 93 24 egendom,
461 1222 68 24 näring
543 1221 34 19 och
590 1221 75 23 rörelse,
681 1228 40 13 som
739 1222 60 19 under
818 1222 122 25 borgenärers

240 1249 113 24 förvaltning
368 1248 46 23 står,
429 1248 32 19 mä
475 1249 16 24 ej
505 1251 68 20 röstas,

341 1275 48 20 eller
403 1276 47 19 ock:

300 1301 40 20 För
353 1302 94 26 egendom,
462 1303 67 25 näring
544 1303 33 19 och
591 1303 74 23 rörelse,
685 1309 40 14 som
744 1303 60 20 under
822 1303 121 27 borgenärers

240 1331 114 25 förvaltning
368 1330 47 24 står,
430 1333 50 18 röste
492 1331 50 26 gode
555 1334 87 17 männen.

300 1358 60 25 Hvar,
375 1366 40 13 som
423 1361 36 24 för
472 1360 66 25 nesligt
551 1359 49 20 brott
613 1359 59 27 blifvit
692 1361 27 19 till
737 1367 71 13 ansvar
827 1361 57 20 dömd
902 1362 43 19 eller

242 1387 98 26 förklarad
354 1388 140 26 medborgerligi
504 1388 108 26 förtroende
620 1389 96 26 förlustig,
731 1392 36 23 äge
782 1389 16 26 ej
812 1390 32 19 vid
863 1390 81 20 kommu-

243 1417 113 21 nalstämina
368 1419 87 22 rösträtt;
469 1417 46 20 dock
529 1423 45 14 vare
589 1417 66 20 honom
670 1417 16 26 ej
705 1417 73 27 betaget
797 1421 28 17 att
843 1420 32 19 sin
893 1419 52 20 talan

242 1445 66 20 såsom
321 1445 94 26 sakägare
429 1445 65 21 dervid
507 1445 77 20 bevaka.
