1009 1684
182 140 48 33 1008
397 144 71 23 Nådiga
480 146 141 22 Proposttionen
633 145 36 18 N:o
681 145 28 18 31.

182 199 44 19 ger,
245 196 28 17 att
290 193 60 26 några
369 196 92 17 närmare
477 194 123 19 föreskrifter
616 194 30 19 för
663 196 60 17 sättet
740 196 28 17 att
784 194 87 19 beräkna
887 194 38 20 den

183 225 46 14 rena
247 219 110 20 inkomsten
376 220 60 19 blifva
452 220 5 19 i
475 219 201 26 Bevillningsstadgan
695 220 80 24 införda,
794 221 5 18 i
817 220 109 25 ungefärlig

181 246 209 19 öfverensstämmelse
405 246 45 19 med
464 245 54 20 hvad
532 246 21 25 $$
566 246 12 19 9
593 249 52 16 samt
659 247 22 19 11
698 257 26 3 —
740 247 24 19 14
779 247 5 18 i
798 246 38 19 den
850 246 75 25 Nådiga

182 272 146 25 propositionen
342 271 103 20 innehålla.

235 299 89 19 Emedan
338 297 68 21 såsom
419 299 21 18 af
452 299 20 25 $$
486 299 36 24 24,
538 298 25 20 22
578 299 38 18 och
629 299 25 19 27
670 304 70 20 synes,
756 299 170 26 Bevillnings-Ko-

184 325 72 19 miténs
270 324 99 26 åliggande
383 325 36 19 bör
428 331 47 13 vara
484 327 29 17 att
522 325 44 20 icke
575 325 83 20 allenast
666 326 110 19 bestämma
787 325 68 25 hvarje
865 326 61 19 skatt-

182 351 89 26 skyldigs
285 357 47 14 rena
346 351 92 24 inkomst,
454 354 47 17 utan
516 351 37 20 ock
569 351 4 19 i
588 351 197 26 bevillningslängden
803 354 72 17 utsätta
892 353 36 19 be-

182 377 66 25 loppet
262 377 21 19 af
295 377 37 20 den
346 377 106 26 bevillning
466 379 38 18 han
519 378 47 19 skall
582 378 86 24 erlägga,
687 383 58 14 anser
760 377 34 25 jag
811 378 53 19 detta
881 378 46 25 ålig-

182 403 64 26 gande
260 403 48 20 böra
322 403 130 26 uttryckligen
466 403 84 26 antydas
565 404 59 19 redan
638 404 27 19 uti
680 403 10 26 $
704 405 19 24 9,
739 409 72 20 genom
825 410 24 13 en
863 404 22 19 så
898 405 29 26 ly-

182 429 65 20 dande
262 430 102 19 redaktion
378 430 21 19 af
411 430 121 20 sistnämnde
546 430 16 25 $:

284 462 92 26 Beloppet
391 462 24 25 af
427 462 35 20 den
476 463 88 23 inkomst,
579 462 80 25 hvarför
674 462 98 26 bevillning
788 462 33 20 bör
832 463 95 25 erläggas,

284 493 49 17 samt
348 491 24 26 af
383 490 67 25 sjelfva
465 491 189 25 bevillningsafgiften
662 491 38 26 för
714 490 64 25 hvarje
796 491 132 26 skattskyldig,

279 519 113 25 fastställas
406 518 26 26 af
446 519 221 24 Bevillnings-Komitéer,
683 525 17 13 o.
716 525 15 13 8.
746 525 17 13 v.

236 555 91 20 Emedan
341 555 189 20 Häradsskrifvaren
544 555 63 19 under
621 555 51 19 förra
688 556 71 19 hälften
772 556 20 19 af
800 555 43 20 året
852 557 21 18 är
883 561 45 21 sys-

184 581 71 20 selsatt
268 581 46 20 med
328 581 167 25 Kronoppbörden
510 582 38 19 och
562 581 56 20 deraf
631 583 21 17 är
667 581 81 20 hindrad
763 585 27 16 att
800 583 79 24 fullgöra
889 583 38 19 den

184 608 72 19 honom
271 607 59 25 enligt
344 607 46 19 sista
405 613 60 13 mom.
482 608 20 19 af
516 607 9 25 $
540 609 22 18 11
579 607 101 26 åliggande
695 608 111 26 skyldighet
819 611 28 16 att
860 609 68 25 funge-

184 639 22 14 ra
221 633 32 20 vid
267 633 264 26 Bevillnings-Komitéernas
546 634 164 25 sammanträden,
727 640 61 14 synes
801 634 33 20 det
846 634 39 26 mig
895 640 34 14 va-

183 665 22 14 ra
219 660 109 25 lämpligast
342 662 28 17 att
384 659 60 20 dessa
459 660 167 25 sammanträden,
642 660 46 19 med
702 660 83 26 ändring
799 661 20 19 af
832 661 50 19 hvad
900 662 28 18 uti

184 686 11 25 $
210 687 24 19 40
248 686 70 20 derom
332 685 91 26 föreslås,
439 687 47 19 böra
500 686 62 20 hållas
576 687 62 19 under
652 687 120 25 September
789 688 38 18 och
841 687 88 20 Oktober

184 712 102 20 månader.

239 739 32 20 Uti
285 739 11 25 $
312 740 22 19 11
350 744 62 14 mom.
428 740 11 18 3
454 745 59 14 anser
524 738 34 26 jag
572 739 35 20 det
619 740 65 25 tillägg
692 739 46 20 böra
749 740 57 25 göras
815 742 28 17 att
853 740 77 20 Guver-

185 766 60 18 nören
260 766 48 25 ägde
322 768 52 21 utse,
389 764 62 26 jemte
465 766 123 20 Ordförande
602 766 5 19 i
624 766 228 26 Bevillnings-Komitén,
869 767 59 19 äfven

186 792 103 25 suppleant
303 792 29 20 för
346 792 80 19 honom.
445 788 15 34 1
478 792 46 25 följd
540 792 57 20 häraf
611 792 62 20 borde
690 792 57 20 äfven
765 793 115 25 stadgandet
896 793 6 19 i
919 793 10 25 $

186 819 25 19 44
225 818 88 27 undergå
329 817 61 21 sådan
404 819 112 26 förändring
530 821 27 17 att
571 819 63 19 denne
648 820 112 25 suppleant,
779 820 6 18 i
802 819 95 20 händelse
912 820 20 19 af

184 845 61 20 förfall
264 846 48 19 eller
326 844 30 25 jäf
368 845 29 20 för
415 845 145 25 Ordföranden,
580 845 62 20 skulle
659 845 64 26 intaga
738 847 48 18 hans
804 846 57 25 plats,
878 849 52 17 samt

186 874 28 17 att
228 872 31 19 val
273 873 21 18 af
306 871 121 21 Ordförande
442 873 38 18 och
494 873 89 19 anmälan
597 873 37 18 hos
644 872 131 19 Guvernören
785 872 95 20 komme
864 867 12 35 i
891 872 39 20 frå-

184 903 24 20 ga
222 898 71 19 endast
306 897 25 20 då
345 898 61 19 förfall
422 899 46 18 eller
480 897 31 26 jäf
525 899 86 19 inträffar
627 899 30 18 för
674 897 52 21 både
743 899 134 20 Ordföranden
892 899 37 20 och

186 924 48 19 dess
248 925 111 25 suppleant.
704 944 2 3 .

224 965 2 2 -
239 951 42 18 Den
296 950 76 23 termin,
387 950 54 19 inom
451 951 79 19 hvilken
540 951 196 25 Häradsskrifvaren,
748 951 59 25 enligt
816 951 10 25 $
836 953 32 23 15,
880 952 49 20 skall

186 976 28 20 till
228 977 240 25 Bevillnings
356 972 10 35 -
377 977 91 25 Komitöns
482 977 124 20 Ordförande
619 977 83 19 aflemna
714 977 175 26 mantalslängden,
900 984 28 13 m.

187 1009 27 13 m.
230 1003 42 25 bör,
289 1003 57 25 enligt
363 1003 40 19 min
421 1003 66 24 tanke,
507 1003 123 20 bestämmas
647 1003 26 20 till
688 1004 77 20 sednast
782 1003 71 25 fjorton
870 1005 60 25 dagar

186 1031 43 19 fore
243 1031 102 20 Komitens
360 1032 152 19 sammanträde.
854 1045 2 2 :

240 1062 28 20 Då
283 1063 33 19 det
330 1063 29 19 för
373 1063 257 25 Bevillnings-Komitéerne,
647 1064 65 19 hvilka
729 1064 6 19 i
752 1064 60 20 första
830 1064 100 20 instansen

187 1088 56 20 skola
255 1089 69 25 pröfva
339 1089 91 25 beloppet
444 1090 21 18 af
478 1089 68 26 hvarje
561 1090 141 26 skattskyldigs
716 1090 93 26 inkomst,
820 1090 66 20 måste
896 1097 34 14 va-

186 1120 22 14 ra
222 1115 39 19 lika
275 1115 117 26 nödvändigt
406 1121 44 14 som
465 1116 29 19 för
507 1116 240 25 Pröfnings-Komitéerna
765 1119 28 17 att
809 1117 63 19 dertill
893 1122 37 20 ega

188 1141 124 26 erforderliga
327 1142 117 22 materialer,
460 1148 59 13 anser
532 1142 32 26 jag
578 1145 28 17 att
620 1142 33 19 det
666 1144 28 18 uti
709 1142 10 26 $
732 1143 26 19 25
773 1144 20 18 af
805 1144 38 18 den
856 1142 74 27 Nådiga

187 1168 145 24 propositionen
350 1168 161 19 förekommande
528 1169 106 25 stadgande
651 1174 32 14 om
700 1170 247 24 Taxerings-Komiteer-
939 1164 12 34 '

187 1199 36 13 nes
239 1194 116 25 befogenhet
369 1197 27 17 att
410 1194 84 20 infordra
510 1195 140 25 upplysningar
662 1196 4 18 i
682 1195 53 19 Jetta
748 1196 120 24 hänseende,
882 1196 50 19 hvil-

188 1219 34 19 ket
236 1220 100 19 Utskottet
351 1220 26 19 uti
391 1220 11 24 $
416 1221 26 18 26
457 1222 19 17 af
490 1221 131 18 betänkandet
635 1221 92 19 förklarat
741 1222 47 18 böra
803 1222 48 24 gälla
862 1222 70 18 endast

188 1244 242 26 Pröfnings-Komitéerna,
447 1245 64 20 måste
525 1246 71 19 införas
610 1246 27 19 uti
652 1246 10 25 $
678 1247 24 19 16
720 1246 66 20 såsom
802 1253 23 13 en
840 1248 92 24 rättighet

188 1270 58 20 äfven
260 1272 30 18 för
303 1272 260 24 Bevillnings-Komitéerna,
575 1272 21 19 så
606 1272 81 25 mycket
701 1273 61 19 hellre
778 1278 53 19 som,
848 1274 59 23 enligt
920 1273 10 25 $

190 1296 35 26 18,
244 1296 33 20 det
294 1297 119 20 tillkommer
429 1298 90 20 Komitén
536 1298 5 19 i
558 1298 38 20 den
614 1301 30 17 ort
662 1298 34 20 der
718 1298 68 26 hvarje
800 1300 131 26 skattskyldig

188 1324 23 18 är
228 1324 171 20 mantalsskrifven
416 1327 28 17 att
460 1326 68 24 pröfva
544 1324 71 25 jemväl
634 1326 38 18 den
690 1326 86 19 inkomst
790 1327 38 18 han
843 1326 38 20 kan
895 1328 36 24 äga

189 1350 21 20 af
222 1350 92 26 fastighet
328 1351 47 20 eller
388 1351 68 25 näring
470 1352 58 19 äfven
542 1351 11 20 å
568 1352 60 20 andra
642 1355 52 17 orter
710 1353 5 19 i
730 1352 72 20 landet.

243 1378 153 19 Slutmomentet
409 1378 27 20 uti
451 1378 10 25 $
475 1379 24 19 21
516 1384 58 14 anser
586 1378 32 26 jag
632 1379 46 19 böra
696 1379 100 26 redigeras
813 1379 22 20 så
852 1383 28 16 att
898 1386 34 14 ve-

190 1403 122 21 derbörande
325 1405 105 25 Magistrat,
446 1405 138 26 Ordningsrätt
598 1406 46 19 eller
658 1406 122 20 Ordförande
795 1406 2 20 i
808 1407 125 20 Kommunal-

190 1431 47 19 eller
251 1431 163 20 Socknestämma
429 1431 53 20 skola
496 1432 83 20 insända
593 1432 25 20 de
632 1432 36 20 der
682 1433 117 20 omnämnda
817 1434 115 24 handlingar
