978 1692
188 148 42 33 668
406 151 72 23 Nådiga
488 152 140 22 Propositionen
640 150 36 18 N:o
687 149 30 19 26.

195 200 65 27 flyttat
273 201 111 19 detsamma
398 200 68 20 såsom
480 202 27 18 ett
521 200 94 20 särskildt
628 202 89 17 moment
731 199 62 19 under
808 199 10 25 $
832 199 33 25 41,
875 199 60 20 hvar-

197 230 30 16 est
241 227 221 19 kommunalnämndens
477 227 174 24 sammansättning
664 227 91 18 närmare
763 225 130 20 bestämmes.

250 253 61 26 Vid
300 248 12 35 $
325 254 25 18 45
364 253 36 19 har
413 253 95 19 utskottet
522 252 60 25 tillagt
595 252 139 26 kyrkoherden
748 252 91 25 rättighet
852 252 26 19 till
893 254 43 18 säte

197 280 38 19 och
249 281 84 18 stämma
346 279 6 19 i
366 279 217 24 kommunalnämnden,
597 278 73 25 jemväl
685 278 5 19 i
704 277 66 25 frågor
784 283 32 14 om
826 278 109 19 folkskolan

197 305 53 20 inom
263 305 128 20 kommunen.
420 305 100 20 Utskottet
534 307 41 17 tror
588 307 28 17 att
631 304 144 25 behandlingen
788 305 21 18 af
821 304 66 27 dylika
901 304 38 20 frå-

198 337 35 20 gor
247 332 50 20 skall
310 332 60 19 vinna
385 331 86 26 deruppä
486 335 27 17 att
527 337 24 14 en
565 336 72 19 person
651 331 42 20 Jeri
708 330 29 19 får
750 330 82 26 deltaga,
843 331 38 20 hos
890 331 49 20 hvil-

198 358 39 20 ken
250 364 46 14 man
310 358 65 19 måste
390 359 102 19 förutsätta
506 359 60 24 högre
579 357 217 26 bildningsståndpunkt
809 359 26 17 än
849 357 37 20 hos
895 357 45 20 fler-

198 385 47 20 talet
258 385 21 19 af
290 385 132 20 kommunens
435 384 136 21 medlemmar.
600 384 28 19 Då
638 383 104 20 dessutom
751 384 144 25 religionsläran
905 384 35 19 bör

199 411 60 20 blifva
273 414 29 17 ett
315 411 147 25 hufvudsakligt
476 410 80 21 föremål
571 411 30 19 för
619 410 164 25 undervisningen
801 411 6 18 i
824 410 115 25 folkskolan,

199 438 39 19 och
251 437 25 20 då
291 438 33 19 det
338 437 117 20 tillkommer
469 440 80 23 presten
563 437 5 19 i
583 437 138 25 församlingen
731 439 28 17 att
768 437 32 19 vid
811 437 129 20 skriftskolan

199 465 68 24 pröfva
282 465 38 19 och
334 464 104 20 bedömma
452 464 62 20 denna
530 463 30 20 del
575 464 21 19 af
610 463 173 25 undervisningen,
802 463 56 20 torde
875 463 34 20 det
922 462 18 26 ej

199 496 49 14 vara
262 491 123 25 öfverflödigt
398 493 28 17 att
439 491 45 24 han,
500 490 45 21 med
559 490 38 20 den
611 490 113 19 erfarenhet
732 489 37 20 han
782 489 43 20 från
839 489 103 20 skriftsko-

199 517 32 20 lan
252 516 100 25 inhemtat,
374 517 127 26 tillhandagår
520 516 212 20 kommunalnämnden
749 516 33 19 vid
799 515 108 22 ordnandet
924 516 20 19 af

200 542 110 21 folkskolan
324 544 37 19 och
378 543 158 20 handhafvandet
552 543 21 19 af
587 543 47 19 dess
650 543 170 25 angelägenheter.
851 543 39 20 Det
906 542 37 20 har

199 570 118 25 visserligen
331 570 91 19 invändts
436 572 29 17 att
478 569 145 26 kyrkoherden,
642 569 68 20 derest
728 569 37 19 han
782 568 85 25 åtnjuter
884 569 56 19 kom-

200 601 83 14 munens
297 596 119 23 förtroende,
431 598 47 17 utan
491 596 67 19 tvifvel
573 596 71 19 blifver
652 595 65 20 invald
727 595 27 20 till
763 595 86 20 medlem
857 596 21 19 af
886 595 55 20 kom-

200 622 173 25 munalnämnden,
389 623 38 18 och
441 625 28 17 att
482 628 33 14 om
528 621 139 28 kyrkoherden
682 624 52 17 emot
747 622 150 25 församlingens
906 621 36 20 vil-

198 647 21 26 ja
233 649 98 25 intränger
346 649 29 25 sig
389 649 5 18 i
409 649 105 24 nämnden,
530 649 38 20 han
582 647 36 20 der
632 647 37 20 kan
682 647 137 20 åstadkomma
833 654 55 14 mera
897 647 45 22 ska-

200 675 25 20 da
239 677 24 18 än
277 680 56 20 gagn.
362 675 101 20 Utskottet
477 678 41 17 tror
532 675 51 20 dock
597 677 34 21 att,
647 674 5 19 i
667 674 94 20 händelse
778 674 33 19 det
827 675 116 24 beklagans-

201 702 62 19 värda
277 701 119 20 förhållande
411 701 62 20 skulle
487 701 85 20 existera
588 701 3 19 i
604 700 65 25 någon
683 701 100 24 kommun,
795 703 28 17 att
831 701 48 21 dess
887 701 56 20 med-

201 728 86 19 lemmar
301 728 46 20 med
361 728 131 20 misstroende
506 730 99 23 emottogo
619 727 35 20 råd
668 727 21 20 af
702 727 29 19 sin
748 726 130 27 själasörjare,
894 727 48 20 den-

202 759 25 14 ne
241 753 82 21 afhåller
338 755 30 24 sig
381 753 50 20 ifrån
446 757 28 16 att
487 753 84 26 påtruga
584 754 46 19 dem
644 754 117 25 detsamma,
777 759 46 14 men
838 760 33 13 om
885 754 57 20 äfven

202 779 21 21 så
239 781 64 19 skulle
317 781 42 22 ske,
375 781 38 18 kan
427 781 97 19 utskottet
538 780 17 25 ej
570 781 42 19 inse
626 783 27 17 att
667 781 38 18 han
719 780 47 20 med
776 785 24 14 en
809 783 43 17 röst
861 781 5 18 i
876 782 68 18 nämn-

202 807 38 19 den
254 807 48 19 skall
316 806 67 20 kunna
396 808 68 19 utöfva
478 806 62 25 någon
555 807 94 24 obehörig
666 806 95 19 inverkan
779 805 10 20 å
806 807 47 19 dess
870 807 72 20 beslut.

201 833 39 19 Det
253 833 38 19 kan
305 832 103 20 dessutom
423 833 17 25 ej
455 834 80 18 härröra
548 833 21 19 af
582 832 60 26 något
655 832 133 19 misstroende
801 832 43 20 från
853 833 91 19 kommu-

202 864 49 14 nens
265 858 48 26 sida,
329 861 28 17 att
371 858 139 26 kyrkoherden
523 859 43 19 icke
580 860 22 18 är
610 859 100 19 ledamot
703 854 14 34 i
720 858 103 20 nämnden.
853 859 42 19 Han
904 859 39 19 kan

201 886 32 18 väl
248 884 58 20 hafva
320 885 63 19 blifvit
397 885 71 24 invald,
484 891 46 14 men
544 886 62 24 afsagt
623 885 29 26 sig
668 884 54 20 detta
740 884 96 27 uppdrag,
854 885 89 26 antingen

203 911 30 20 för
247 910 53 21 ålder
315 912 46 18 eller
376 910 111 27 sjuklighet,
504 912 46 20 eller
564 911 37 19 ock
615 912 21 19 af
648 911 60 20 andra
722 911 50 19 skäl.

256 937 72 20 Vidare
342 937 29 19 får
384 938 97 19 utskottet
494 940 54 18 emot
561 938 10 24 $
585 938 25 19 45
624 938 99 24 anmärka,
740 940 28 16 att
781 938 58 24 enligt
853 938 48 20 dess
913 944 31 14 or-

203 964 101 26 dalydelse
317 963 132 26 kyrkoherde,
466 970 44 14 som
524 964 63 20 blifvit
601 964 65 19 invald
680 964 28 19 till
722 964 85 20 ledamot
824 964 5 19 i
846 964 98 20 nämnden

204 991 38 19 och
256 990 53 20 detta
323 990 89 25 uppdrag
426 990 106 26 emottagit,
548 990 58 20 likväl
622 989 17 26 ej
655 996 49 14 vore
718 989 75 27 skyldig
808 992 27 18 att
849 990 75 26 deltaga
938 990 6 20 i

203 1016 118 26 uttaxering,
337 1016 89 26 uppbörd
441 1017 46 19 eller
501 1016 98 26 utdelning
611 1017 21 19 af
640 1016 126 26 fattigmedel.
795 1016 102 20 Utskottet
906 1017 38 19 kan

203 1042 18 26 ej
235 1042 52 20 finna
300 1042 59 26 något
373 1043 49 24 skäl,
438 1043 92 19 hvarföre
543 1042 147 27 kyrkoherden,
706 1048 33 14 om
753 1043 38 19 han
806 1044 101 24 emottagit
916 1046 29 17 ett

203 1069 64 26 dylikt
280 1069 194 25 ledamotsuppdrag,
490 1070 63 19 skulle
567 1075 48 13 vara
628 1069 108 25 berättigad
746 1071 27 17 att
782 1069 124 27 undandraga
916 1070 29 25 sig

204 1095 59 20 dessa
277 1094 76 27 bestyr.
382 1096 62 20 Annat
458 1097 22 18 är
493 1094 128 21 förhållandet
634 1101 33 14 om
681 1096 37 19 han
736 1095 69 20 endast
822 1095 10 20 å
849 1094 96 26 tjenstens

205 1125 76 22 vägnar
294 1122 88 24 deltager
396 1122 5 18 i
416 1121 142 27 behandlingen
572 1122 21 19 af
604 1124 29 17 ett
647 1122 47 20 eller
708 1124 58 17 annat
780 1122 81 26 ärende,
877 1122 6 19 i
896 1122 50 20 hvil-

204 1148 34 19 ket
251 1148 31 20 fall
297 1148 105 19 befrielsen
418 1147 36 20 kan
468 1154 60 20 synas
543 1148 56 20 hafva
618 1148 40 20 skål
677 1149 29 19 för
723 1148 35 24 sig.
791 1148 102 20 Utskottet
909 1149 36 19 har

204 1174 78 20 derföre
295 1174 131 25 omredigerat
440 1174 9 24 $
463 1175 6 19 i
483 1174 84 26 enlighet
579 1174 47 20 med
640 1174 47 20 dess
701 1174 86 20 uttalade
801 1174 57 26 åsigt.

258 1200 31 25 IS
304 1201 24 19 51
343 1200 108 26 medgifves
466 1200 115 20 ordförande
595 1202 6 18 i
614 1201 189 20 kommunalnämnd
815 1202 92 25 rättighet
916 1204 28 16 att

205 1227 76 19 utfärda
296 1227 178 23 vederhäftighets-
487 1227 47 19 eller
542 1226 168 26 fattigdomsbevis
720 1226 20 20 åt
749 1228 131 18 kommunens
889 1228 55 18 med-

204 1252 89 24 lemmar,
310 1252 38 19 och
361 1251 25 20 då
400 1252 34 19 det
448 1252 38 19 kan
500 1254 79 24 antagas
593 1255 28 17 att
633 1253 111 20 nämndens
754 1252 116 20 ordförande
880 1252 64 21 bättre

205 1279 24 18 än
242 1278 83 25 mången
339 1277 117 26 tjensteman
473 1279 74 19 känner
562 1278 166 21 medlemmarnes
745 1280 6 18 i
767 1279 122 19 kommunen
906 1280 38 18 för-

205 1300 209 35 mögenhetstillstånd,
430 1310 68 40 synes.
504 1304 53 20 detta
571 1305 137 26 berättigande
717 1304 18 26 ej
745 1306 60 19 sakna
815 1305 51 21 skäl.
895 1306 49 19 Der-

202 1330 62 26 jemte
279 1332 92 24 tillägges:
389 1330 36 26 «på
454 1337 58 14 honom
528 1332 116 20 ankommer
656 1332 73 26 jemväl
739 1335 29 17 att
776 1332 26 20 till
812 1332 131 21 kommunens

204 1358 129 21 medlemmar
347 1359 85 19 utlemna
446 1359 60 25 betyg
519 1358 27 20 till
563 1364 67 14 resors
647 1359 123 25 företagande
787 1359 54 20 inom
857 1359 85 20 landet.»

205 1383 26 21 Så
245 1385 55 25 länge
314 1385 60 26 betyg
388 1385 28 19 för
434 1391 56 13 resor
507 1385 52 21 inom
575 1386 65 20 landet
656 1385 110 26 erfordras,
783 1385 63 21 borde
862 1386 33 20 det
911 1387 32 19 väl

204 1411 124 20 uteslutande
342 1417 47 14 vara
402 1411 222 27 polismyndigheternas
638 1411 100 27 åliggande
752 1415 28 17 att
797 1411 72 28 sådana
883 1413 61 20 utfär-

204 1437 31 25 da;
251 1443 45 15 men
310 1437 24 21 då
349 1440 28 18 ett
391 1438 113 27 vedertaget
518 1438 50 21 bruk
581 1439 101 26 medgifvit
698 1441 29 18 att
743 1444 97 21 personer
857 1439 85 21 hörande
