1011 1686
297 144 70 23 Nådiga
379 146 139 23 Propositionen
531 146 35 18 N:o
578 148 28 16 30.

789 148 34 18 897

80 220 35 20 6:0
129 220 11 20 å
154 220 228 29 kapellans-beställning,
404 220 24 21 då
443 222 56 19 lönen
519 223 21 18 är
554 222 26 20 till
594 222 52 20 visst

108 247 72 25 belopp
195 246 4 19 i
214 247 106 25 penningar
330 247 96 24 bestämd,
438 248 12 18 4
459 251 82 22 procent
551 249 20 19 af
580 249 63 19 lönen.

80 272 38 19 För
131 273 124 25 kapellanens
276 274 115 19 obestämda
405 264 109 29 inkomster
529 275 22 18 af
562 275 83 19 försam-

107 299 64 24 lingen
186 299 109 19 beräknas:

81 325 5 19 i
100 313 166 38 landtförsamling
280 326 29 18 för
325 325 68 25 hvarje
407 327 115 25 röstegande
539 327 38 19 och
591 327 55 20 beta-

107 351 58 20 lande
178 353 79 23 mantal,
274 342 212 35 kleresilägenheterna
505 353 51 20 dock
571 353 74 20 undan-

107 380 58 27 tagna
180 393 4 3 .

82 407 52 17 samt
148 405 5 18 i
168 389 168 45 stadsförsamling
351 393 23 31 en
388 394 91 31 femtedel
496 395 21 30 af
529 395 43 30 den
581 391 61 45 karta,

107 436 45 14 som
167 431 28 19 för
210 431 168 25 pastorsfullmakt
391 432 6 18 i
407 432 167 26 nyssföregående
583 422 62 36 punkt

107 458 22 18 är
143 457 138 20 föreskrifven.

81 485 33 18 7:0
131 483 11 20 å
159 483 234 30 sockneadjunktstjenst,
412 484 25 20 då
458 485 82 20 boställe
559 484 83 25 åtföljer,

107 510 29 19 för
145 509 84 26 hvarje
232 516 45 14 inom
287 497 194 43 aflöningsdistriktet
490 511 95 25 befintligt
594 513 51 18 röst-

106 536 76 25 egande
201 537 39 19 och
259 521 108 45 betalande
381 533 78 34 mantal,
481 522 164 45 kleresilägenhe-

107 565 54 16 terna
176 562 50 20 dock
240 563 123 28 undantagna
498 579 4 3 4
533 578 38 5 MOS
603 579 3 3 OR

81 594 46 13 men
142 594 32 13 om
189 589 82 19 boställe
287 589 17 24 ej
318 588 69 25 finnes,
403 579 71 30 endast

80 615 34 19 8:0
135 614 10 20 å
165 614 209 27 adjunktsbeställning
394 616 47 19 eller
460 621 61 14 annan
542 601 103 44 presterlig

108 641 113 25 befattning,
244 641 29 20 för
287 626 87 44 hvilken
386 641 107 27 aflöningen
506 643 59 19 beror
579 643 20 18 af
612 648 33 13 en-

109 667 59 20 skildt
188 668 44 31 aftal
253 668 83 20 emellan
350 668 38 20 den
406 657 116 31 förordnade
542 669 38 18 och
593 669 51 19 hans

107 693 101 26 principal,
223 693 5 20 å
244 694 61 20 sådan
314 694 61 25 karta,
387 700 43 14 som
445 695 29 20 för
488 695 24 20 de
526 695 49 20 ifrån
586 695 59 19 Dom-

107 720 84 26 kapitlen
206 720 98 25 utgående
319 721 136 25 expeditioner
468 723 22 18 är
504 721 138 20 föreskrifven.

79 747 34 20 9:0
128 747 11 20 å
153 747 102 20 klockare-
269 748 48 19 eller
336 747 159 26 orgelnisttjenst,
516 749 29 18 för
565 748 80 19 hvilken

106 774 57 19 lönen
176 775 21 18 är
212 774 26 20 till
253 774 42 19 viss
310 779 78 14 summa
403 775 5 18 i
422 775 107 24 penningar
545 774 98 24 bestämd,

105 801 13 18 4
132 803 84 22 procent
229 800 62 25 deraf,
307 806 51 18 men,
374 801 36 19 der
424 799 17 26 ej
456 801 55 19 lönen
527 802 22 18 är
563 799 82 21 sålunda

107 829 68 22 utsatt,
191 827 6 18 i
210 827 170 25 landsförsamling
401 827 50 19 efter
468 827 100 19 enahanda
582 827 63 24 grund

106 854 38 18 och
159 853 25 19 till
194 852 38 20 lika
243 852 78 26 belopp,
332 858 43 14 som
384 853 11 19 å
406 852 238 26 Sockneadjunktstjenst,

107 882 52 17 samt
172 879 6 19 i
192 879 169 26 stadsförsamling
375 879 45 20 med
430 885 24 13 en
468 880 96 19 tiondedel
578 880 22 19 af
607 880 38 19 den

107 906 30 19 för
157 906 193 26 pastorsfullmakten
371 906 5 19 i
391 911 77 15 samma
485 906 112 25 församling
610 906 35 20 be-

107 932 76 31 stämda
198 932 63 20 karta.

79 960 47 19 10:0
141 958 10 20 å
166 958 281 26 sockneskrifvarebefattning
463 975 4 3 .

81 986 46 19 41:0
145 985 10 19 ä
170 985 153 25 kyrkoväktare,
345 985 58 20 skall-
422 974 38 31 och
480 974 94 37 brofogde
593 974 53 31 samt

107 1017 62 14 annan
188 1011 77 20 mindre
285 1011 117 25 beställning
423 1012 31 19 vid
475 999 74 39 kyrka,
571 1011 75 20 socken

107 1039 39 18 och
160 1038 99 25 menighet

82 1065 47 20 12:0
143 1064 11 20 å
169 1053 78 32 embete
261 1065 39 19 och
314 1053 65 36 tjenst,
393 1053 45 31 som
452 1053 51 31 efter
510 1053 69 32 derom
589 1053 56 36 gjord

107 1091 107 25 ansökning
228 1090 87 21 erhållits
329 1096 71 20 genom
413 1094 100 23 transport
528 1091 46 20 eller
589 1092 55 25 byte,

108 1117 86 20 skrifves
202 1106 30 36 På
253 1117 106 25 stämpladt
378 1123 76 20 papper
468 1118 25 19 till
511 1117 39 20 lika
564 1117 78 25 belopp,

108 1149 45 13 som
168 1143 32 20 vid
215 1143 110 25 befordran,
341 1144 68 19 derest
422 1144 38 20 den
474 1144 36 24 lön,
522 1149 44 14 som
580 1144 66 19 tillträ-

109 1169 42 24 des,
168 1173 22 17 är
204 1170 64 19 större
282 1171 24 17 än
320 1170 38 19 den
368 1170 52 19 förut
434 1170 110 24 innehafda,
555 1176 46 12 men
611 1173 35 16 äro
666 1189 2 2 |.

109 1195 59 20 dessa
182 1197 54 19 löner
249 1196 38 20 lika
302 1196 47 19 eller
363 1196 38 19 den
417 1196 96 20 tillträdda
527 1196 56 20 lönen
597 1196 49 27 min-

109 1222 42 23 dre,
174 1222 99 25 begagnas
294 1221 60 20 sådan
374 1222 61 25 karta,
458 1228 42 14 som
513 1224 22 18 är
555 1222 90 20 bestämd

109 1248 30 20 för
149 1248 33 20 det
191 1248 137 20 embetsverks
343 1248 140 26 expeditioner,
492 1248 100 20 hvarifrån
602 1248 43 20 full-

109 1275 79 19 makten
203 1275 46 19 eller
258 1274 139 20 förordnandet
406 1274 95 20 utfärdas.
523 1274 50 20 Sker
582 1277 65 17 trans-

109 1304 69 22 porten
192 1303 48 17 utan
260 1300 114 26 föregången
392 1301 114 24 ansökning,
523 1306 45 20 eger
582 1300 64 26 någon

110 1327 202 30 kartasigillata-afgift
326 1327 77 18 derföre
417 1327 44 19 icke
475 1332 50 13 rum.

83 1353 22 25 0)
126 1352 11 20 å
155 1358 68 13 namn
243 1353 57 19 eller
320 1352 134 25 värdighet,
476 1355 54 16 utan
549 1351 97 20 dermed

111 1378 97 20 förenad
222 1378 81 24 tjenst.

86 1405 33 19 1:0
133 1405 37 19 För
184 1404 44 25 den,
245 1410 44 13 som
303 1405 22 18 är
338 1404 46 20 eller
399 1404 51 19 varit
466 1404 5 19 i
485 1404 60 25 civil-,
566 1404 80 19 militär-

113 1432 48 19 eller
174 1430 166 25 skolläraretjenst
354 1429 45 20 med
413 1431 30 18 lön
458 1430 24 24 pä
497 1433 45 22 stat,
553 1431 93 23 stämpias

761 381 26 19 25

751 1461 22 15 57
