1009 1689
308 132 71 22 Nådiga
391 133 139 22 Propositionen
543 133 35 18 N:o
591 134 27 17 31.
802 133 34 19 987

93 181 29 19 för
136 183 28 17 att
178 181 49 21 efter
241 181 30 26 sig
284 181 114 20 företeende
415 182 167 25 omständigheter
596 182 100 20 användas
709 182 27 19 till
750 181 34 20 det
797 187 36 14 ena

92 207 48 20 eller
154 207 60 20 andra
229 207 20 20 af
261 207 61 26 sagde
336 207 79 26 företag.

214 263 26 19 Af
252 263 99 20 Prosten
365 263 18 19 J.
398 263 26 20 M.
440 263 123 20 Hackzell:

92 301 59 28 I
166 301 111 20 Utskottets
292 302 121 19 betänkande
434 301 65 20 såvidt
512 301 33 20 det
566 302 89 19 förordar
668 304 28 17 att
716 302 77 19 arbetet
806 301 25 26 pä

89 328 156 25 jernvägsbanän
260 327 43 20 från
313 328 121 19 Tavastehus
449 329 25 18 till
485 329 133 19 Tammerfors
628 329 63 19 skulle
700 329 75 19 utföras
788 328 43 20 tidi-

90 359 50 24 gare
152 355 23 18 än
189 354 77 19 arbetet
279 354 24 25 på
317 354 155 25 jernvägsbanan
489 354 43 20 från
546 355 104 19 Riihimäki
671 355 26 20 till
713 355 66 19 Lahtis
793 355 38 20 kan

89 386 33 20 Jag
136 380 45 19 icke
195 381 65 19 förena
274 381 45 25 mig,
331 383 45 17 utan
391 380 30 20 får
433 380 32 26 jag
479 380 72 21 föreslå
561 381 98 20 hvardera
672 381 97 20 banornas
779 387 50 14 sam-

91 407 58 26 tidiga
162 407 109 25 utförande,
287 408 46 18 eller
348 413 32 14 om
395 407 22 20 så
438 407 42 20 icke
495 407 36 20 ske
544 407 39 20 kan
597 407 30 20 för
643 407 101 20 bristande
758 407 71 26 medel,

90 433 35 20 det
138 433 63 20 banan
215 433 42 20 från
271 433 103 20 Riihimäki
389 434 24 19 till
429 434 66 19 Lahtis
509 435 49 18 först
572 434 63 19 skulle
648 434 81 19 utföras.

143 460 28 25 Ty
185 463 54 16 utom
253 460 34 19 det
301 463 26 16 att
338 460 110 19 kostnaden
463 461 28 18 för
501 461 62 18 banan
578 459 41 20 från
629 459 102 20 Riihimäki
745 461 26 18 till
782 460 49 19 Lah-

90 486 33 23 tis,
139 486 119 19 inberäknad
272 487 58 18 äfven
345 486 107 19 kostnaden
469 487 29 18 för
513 492 23 13 en
554 486 56 19 kanal
624 487 38 18 och
682 486 53 19 sluss
749 486 82 19 emellan

92 511 104 25 Wesijärvi
211 513 38 18 och
264 511 77 25 Päijäne
359 511 59 26 sjöar,
441 513 124 24 understiger
581 512 46 19 med
647 512 110 24 2,000,000
774 512 57 19 mark

92 538 108 20 kostnaden
215 539 28 19 för
258 539 64 19 banan
343 538 42 20 från
399 539 124 20 Tavastehus
543 539 25 19 till
583 539 139 22 Tammerfors,
739 537 92 26 erbjuder

91 565 64 20 denna
169 565 44 20 linie
222 565 126 26 väsendtliga
368 565 88 20 fördelar
467 566 28 19 för
509 568 71 23 export
599 565 20 19 af
632 565 75 20 landets
723 565 109 25 produkter

91 592 38 19 och
144 592 29 19 för
188 591 165 26 persontrafiken.

144 617 77 25 Päijäne
235 618 46 20 med
295 618 41 19 sinä
350 618 71 25 många
436 618 90 20 tillflöden
540 621 57 22 utgör
611 621 28 16 ett
653 618 44 19 vida
711 618 64 19 större
789 620 43 17 vat-

91 647 117 24 tensystem,
220 646 23 18 än
257 645 25 19 de
292 645 207 19 Westtavastländska
509 644 84 25 sjöarne,
605 645 38 18 och
652 647 63 17 sätter
726 643 42 26 just
780 643 51 26 hjer-

91 674 29 17 tat
134 672 21 19 af
166 671 65 20 landet
244 671 5 19 i
264 671 119 20 förbindelse
392 671 46 20 med
452 671 74 20 hafvet.
551 670 25 21 Pä
591 671 48 19 dess
653 670 91 20 stränder
757 670 37 19 bor
803 672 29 17 ett

91 697 116 21 välmående
221 697 46 26 folk,
283 703 44 14 som
341 698 81 19 afsätter
435 697 52 26 långt
498 703 54 14 mera
566 696 221 26 ladugärdsprodukter,
803 696 29 19 fo-

90 725 30 26 gel.
136 725 37 19 och
188 724 43 24 fisk,
248 725 23 18 än
286 724 67 23 folket,
369 729 44 14 som
427 723 36 20 bor
481 724 89 25 omkring
586 723 25 20 de
625 722 207 21 Westtavastlänuska

91 750 85 26 sjöarne.
206 751 37 19 Det
257 752 21 18 är
293 750 60 20 också
368 750 55 25 kring
438 750 40 19 öfra
492 749 77 26 Päijäne
586 751 38 18 och
638 750 47 19 dess
702 748 130 21 vattentillflö-

91 777 45 24 den,
152 783 43 13 som
209 777 79 19 Finland
303 779 51 17 ännu
368 778 36 18 har
419 777 42 19 sina
476 777 73 20 rikaste
563 777 78 25 skogar.
670 776 77 25 Export
760 776 20 19 af
791 775 41 20 lan-

91 803 45 20 dets
150 803 108 26 produkter
272 803 64 20 måste
351 802 78 21 således
443 803 58 19 blifva
515 803 64 19 större
600 802 24 26 pä
639 803 62 19 banan
715 801 43 20 från
771 801 62 20 Riihi-

91 830 53 20 mäki
158 830 26 19 till
198 830 68 19 Lahtis
287 833 24 16 än
325 829 24 26 pä
363 829 64 20 banan
447 829 42 20 frän
504 830 124 19 Tavastehus
648 829 26 19 till
691 828 140 20 Tammerfors.

91 857 45 20 Men
150 857 57 20 äfven
223 856 46 20 med
283 856 92 20 afseende
392 855 10 20 å
417 855 154 26 persontrafiken
588 861 57 14 anser
665 854 33 26 jag
712 855 63 20 banan
789 853 43 20 från

92 883 104 20 Riihimäki
217 884 25 19 till
258 883 66 20 Lahtis
339 882 82 26 erbjuda
441 883 63 19 större
515 882 101 26 fördelar;
640 884 21 24 ty
678 881 24 26 på
717 881 37 20 den
769 881 64 19 skulle

92 911 66 20 färdas
172 910 84 20 resande
270 909 42 20 från
327 910 64 19 större
405 909 55 20 delen
477 910 21 18 af
510 908 135 25 Österbotten,
667 907 42 20 från
723 913 58 14 norra
794 907 38 20 Ka-

92 937 61 26 relen,
168 937 43 20 från
226 937 43 20 hela
283 936 96 25 Savolaks
397 935 37 20 och
449 935 43 20 från
512 935 102 20 nordöstra
629 934 123 24 Tavastland,
774 933 25 20 då
813 933 21 20 af

93 963 63 26 banan
170 964 70 19 mellan
261 963 124 20 Tavastehus
405 963 37 19 och
457 962 131 20 Tammerfors
602 962 70 19 endast
692 961 85 19 resande
790 959 42 20 från

92 990 130 21 Österbotten
236 991 38 18 och
288 989 112 20 Satakunda
415 989 62 20 skulle
492 989 86 25 begagna
593 989 36 24 sig.

217 1043 25 19 Af
254 1042 234 25 Landtdagsmannen
502 1041 53 19 Isak
569 1040 162 20 Liimatainen:

148 1080 58 20 Emot
218 1080 134 25 pluralitetens
369 1079 2 20 i
385 1078 218 20 Ekonomie-Utskottet
619 1078 66 19 beslut
701 1079 28 18 att
742 1078 92 18 Tavaste-

95 1107 198 19 hus—Tammerfors
305 1105 109 26 jernvägen
428 1106 36 18 bör
477 1106 75 25 byggas
569 1105 53 18 förän
637 1102 196 21 Riihimäki—Lahtis

95 1134 69 24 vägen,
180 1132 30 20 får
221 1132 34 26 jag
270 1138 103 14 reservera
387 1132 47 25 mig,
457 1130 120 21 alldenstund
598 1131 59 19 dessa
672 1129 87 25 arbeten,
775 1129 59 25 enligt

94 1160 40 18 min
149 1159 56 25 äsigt,
221 1159 62 20 borde
296 1159 75 19 utföras
385 1159 6 19 i
405 1164 24 14 en
444 1158 115 24 fullkomligt
572 1159 81 17 motsatt
667 1156 86 25 ordning.
778 1180 3 3 —

148 1185 196 20 Riihimäki—Lahtis
359 1187 61 24 vägen
435 1190 57 14 anser
510 1183 31 26 jag
555 1183 144 25 nödvändigare
715 1182 21 20 af
751 1180 84 25 följande

95 1212 52 20 skäl:
169 1212 34 19 det
223 1212 55 25 kring
297 1211 89 25 Päijänes
401 1214 145 22 vattensystem
567 1210 79 24 belägna
665 1207 127 21 landområde
812 1210 23 16 är

96 1239 70 23 större,
183 1241 50 17 samt
247 1238 90 26 rikligare
351 1237 74 20 försedt
443 1237 43 19 med
504 1237 69 25 skogs-
586 1236 37 19 och
643 1233 192 27 ladugårdsproduk-

96 1268 38 20 ter,
149 1265 47 19 dess
211 1265 118 19 fiskevatten
338 1266 33 17 äro
386 1263 61 20 också
462 1264 69 18 bättre.
556 1263 43 19 Men
613 1262 5 18 i
633 1262 62 18 denna
705 1260 87 20 landsort
800 1259 35 19 fin-

97 1297 37 14 nes
148 1291 69 19 endast
231 1297 24 13 en
270 1290 50 25 stad,
336 1290 95 26 nämligen
452 1289 115 26 Jyväskylä,
584 1288 91 20 hvarföre
695 1287 36 19 alla
745 1285 91 31 handels-

99 1323 64 17 varor,
179 1317 24 18 dä
218 1318 25 18 de
257 1316 104 20 derstädes
375 1316 68 24 köpas,
459 1316 49 24 stiga
526 1316 45 23 högt
587 1314 4 18 i
606 1314 47 24 pris,
675 1319 47 12 men
736 1312 25 19 så
774 1312 61 19 landt-

98 1348 88 20 mannen
198 1342 59 24 säljer
271 1343 40 18 sina
325 1342 108 24 produkter
450 1341 73 23 nödgas
541 1341 36 18 han
592 1338 49 20 afstå
655 1339 46 19 dem
723 1338 28 19 för
766 1333 69 36 under-

98 1368 48 26 pris.
176 1369 56 19 Ännu
245 1368 36 19 bör
295 1368 26 19 till
335 1367 78 19 försvar
426 1367 29 19 för
469 1366 62 20 denna
544 1365 82 25 jernväg
635 1366 88 21 nämnas,
737 1366 28 16 att
779 1364 5 17 i
793 1363 44 19 Päi-

97 1395 56 25 jänes
168 1397 67 17 vatten
249 1394 62 20 finnes
326 1397 28 16 ett
367 1396 50 17 stort
431 1394 50 19 antal
495 1394 71 23 forsar,
582 1391 33 20 vid
629 1390 64 20 hvilka
710 1395 46 14 man
770 1388 67 24 kunde

99 1422 81 26 anlägga
194 1420 63 27 sågar,
274 1420 86 21 fabriker
374 1420 38 20 och
425 1418 101 27 jernbruk,
538 1418 65 20 hvilka
617 1416 42 21 från
673 1417 63 20 denna
749 1415 89 21 landsort
