2621 2460
1102 208 185 34 "Tab.
1338 203 160 41 VII

238 269 135 41 Ligvid
390 270 93 32 öfver
503 270 111 34 finska
636 271 226 33 Statsverkets
883 273 62 32 och
965 273 160 34 Finlands
1146 276 112 32 Banks
1281 277 201 41 ömsesidiga
1503 279 118 42 bidrag
1642 282 52 32 till
1714 283 193 34 hvarandra
1928 285 107 33 under
2056 285 82 33 åren
2162 286 204 34 1813-1862,

456 406 127 21 Statsverkets
598 408 69 26 bidrag
682 409 27 19 till
727 409 90 19 Banken:

259 458 64 25 Enligt
338 458 9 19 1
363 459 42 19 Art.
422 459 8 19 1
451 458 9 25 $
477 459 20 19 af
510 457 83 27 Kejserl.
609 460 136 25 Reglementet
759 460 38 20 den
811 462 24 18 30
850 461 111 21 November
977 463 32 24 (12

286 484 119 26 December)
421 485 49 19 1811
487 487 22 18 är
522 486 64 20 under
600 486 47 20 ären
663 487 49 19 1813
728 487 26 20 till
769 488 39 19 och
827 488 44 20 med
889 488 59 25 1817,
967 489 42 20 frän

285 511 123 19 Öfverskotts
422 512 139 26 statsmellen,
578 513 26 19 till
622 513 102 19 Primitiva
742 514 82 20 fondens
841 514 88 20 bildande
945 516 65 19 öfver-

285 537 42 20 förd
343 538 108 25 1,000,000
466 538 60 20 rubel,
536 538 63 20 banko
613 539 150 26 assignationer,
779 541 138 20 motsvarande
933 557 4 4 .

967 570 8 2 L
1004 558 3 4 |
1382 556 75 20 Primitiva
1500 558 6 18 fi
1630 559 36 19 tstä
1839 563 3 3 i
1982 564 8 5 5,714:
2037 565 59 19 29.

259 563 32 20 Till
309 564 172 26 upprätthällande
499 565 20 20 af
533 566 90 20 Bankens
642 566 137 25 verksamhet,
799 573 44 13 som
859 573 70 25 genom
946 571 63 27 större
1382 562 139 48 Behällologen
1563 558 75 48 Sika
1648 562 20 44 de
1678 560 65 48 tajua
1763 562 74 26 unikon
1838 564 84 19 005
1952 564 95 46 A
2064 565 45 50 S)
2581 585 2 11 |

285 590 88 26 utläning
386 592 30 18 för
431 591 123 21 missvexten
568 592 22 20 är
605 593 52 20 1856
671 589 127 55 atvideados.
815 597 50 17 samt
879 595 25 19 till
921 596 88 25 upphjel-
1029 600 3 2 |
1436 618 11 9 »
1536 611 6 19 i
1555 610 184 24 Jordbraksfdailen
1775 605 4 3 >
1809 606 4 3 —
1846 606 4 4 —
1882 606 4 4 >
1918 606 4 4 >
1953 607 94 31 434004
2065 606 59 32 11,"

285 617 65 25 pande
367 618 21 19 af
403 617 37 20 den
457 618 62 20 under
536 619 63 25 kriget
616 620 99 20 förstörda
731 621 160 19 handelsflottan;
907 622 103 20 ätvensom
1538 638 3 4 i
1994 633 53 30 '038:
2092 634 4 3 36.
2239 646 25 19 22
2321 647 17 9 3/

285 644 26 20 till
328 644 167 26 understödjande
513 646 20 18 af
548 646 84 19 handeln
650 646 63 20 under
729 637 162 35 penningekrisen
907 647 21 20 år
949 649 58 25 1857,
1437 645 10 9 ”
1537 644 5 13 !
1556 632 197 47 Manufakturfonden
1776 658 146 5 +000
1954 644 93 24 160,38:
2064 645 32 19 36.
2176 646 61 25 629,6
2328 652 17 19 /a

286 670 35 20 har
339 671 78 19 Banken
435 671 20 19 af
470 672 126 19 Statsverket
613 673 102 25 emottagit
731 674 110 24 2,500,000
859 674 54 20 rubel
933 674 74 20 silfver.

285 697 48 19 Utaf
345 697 63 20 denna
423 703 78 15 summa
515 698 58 20 hafva
588 700 109 24 1,500,000
713 700 55 20 rubel
786 700 64 20 blifvit
868 700 142 22 konverterade

285 723 28 19 till
327 724 170 26 amorteringslån,
513 725 136 20 observerade
659 726 5 19 i
675 726 160 26 räkenskaperne
845 726 66 21 såsom
920 728 89 20 Bankens

285 750 59 20 skuld
359 750 25 20 till
399 746 126 25 Statsverket
539 752 37 19 och
591 752 33 20 vid
634 753 59 19 slutet
703 753 21 19 af
731 752 22 20 år
764 754 51 19 1862
826 753 112 27 uppgående
947 756 6 18 i
963 756 46 19 obe-

285 776 48 20 taldt
347 772 72 37 kapital
434 772 45 37 till.
546 794 40 4 oso
654 795 4 3 so
689 790 110 10 sr
830 796 39 4 ro
933 797 40 5 vh
1004 797 3 4 Ar

258 802 56 20 Efter
327 804 120 19 verkställde
461 804 140 26 afbetalningar
614 804 53 26 uppå
683 804 126 22 återstående
824 807 106 26 1,000,000
945 808 62 25 rubel,

285 829 92 25 gvarstär
392 830 67 20 såsom
473 831 88 20 Bankens
577 832 58 19 skuld
649 832 25 20 till
690 832 61 26 ryska
769 833 132 21 Riksbanken.
931 850 4 4 .
967 850 4 4 .
1003 850 3 4 .

259 856 8 18 1
281 856 101 26 uppgifvet
396 857 53 26 syfte
464 858 37 18 och
516 858 29 19 för
559 855 29 22 att
601 858 107 26 rörliggöra
723 860 99 25 Bankens,
838 860 5 19 i
857 860 32 20 lån
904 860 25 21 till
945 862 64 19 större

285 883 174 26 odlings-företag,
476 883 23 26 på
514 883 44 27 lång
573 885 27 19 tid
614 885 77 20 fästade
704 885 108 27 tillgångar,
829 888 35 18 har
877 887 48 20 ifrån
939 888 71 26 Fattig-

285 909 38 19 och
337 910 183 20 Arbetshusfonden
538 911 65 20 blifvit
619 912 111 20 öfverfördt
829 928 74 25 teja

257 1006 81 23 Balans
353 1008 47 19 eller
414 1007 33 20 det
461 1008 77 25 belopp,
555 1014 43 14 som
613 1009 30 19 för
654 1009 135 21 Statsverkets
800 1010 80 27 räkning
889 1012 86 20 anvisats
983 1012 25 20 till

284 1035 123 26 utbetalning
421 1036 21 19 af
454 1036 89 20 Bankens
558 1038 63 19 vinst.
795 1043 8 15 N
830 1055 4 4 m
865 1055 37 4 198

925 2036 82 20 Summa

1003 1058 13 64 |

1066 368 60 20 Rubel
1142 369 77 20 Silfver.

1052 782 107 24 1,440,000

1072 836 87 24 400,000

1072 915 87 25 445,924

1074 1040 84 25 TAT,A5A

1361 415 143 26 Utbetalningar
1518 418 38 25 för
1575 418 126 26 Statsverkels
1721 421 88 25 räkning,
1838 429 40 13 som
1898 422 59 27 blifvit
1977 424 90 19 anvisade
2084 424 27 26 på

1385 444 91 20 Bankens
1491 446 49 19 vinst
1555 447 33 19 och
1603 448 113 22 verkställde
1729 456 67 18 genom
1805 450 90 25 följande
1910 447 147 34 öfverföringar:

1494 490 43 23 Till
1553 485 149 30 Statsverkels
1718 493 255 25 Amortissementsfond:

1355 529 79 20 Jemlikt
1448 530 109 26 Kejserliga
1571 532 145 31 Förordningen
1730 534 38 20 den
1783 536 25 20 13
1823 536 53 26 April
1892 537 62 25 1859,

1580 703 43 23 Till
1638 696 82 32 Finska
1739 706 151 24 Statsverket:

1355 741 51 20 Ifrån
1420 742 194 27 Smäsedelsfonden,
1631 746 29 18 för
1674 745 112 22 blanketter

1382 769 38 19 och
1435 770 104 26 tryckning
1553 771 21 20 af
1587 771 89 21 Bankens
1686 773 29 19 för
1722 774 64 19 Stats-

1382 795 81 20 verkets
1478 797 81 25 räkning
1573 798 74 24 utgifna
1661 798 124 28 läne-ohliga-

1382 821 71 27 tioner,
1470 824 152 24 approximativt
1641 840 1 4 .
1674 824 39 22 .;.
1745 842 4 4 .
1781 843 3 4 .
1828 828 81 25 15,000:
1926 840 26 3 —

1383 848 29 19 för
1422 848 112 21 blanketter
1545 851 38 19 och
1590 852 104 27 tryckning
1701 853 21 19 af
1728 856 60 17 stats-

1382 870 221 36 kassa-obligationerne
1686 884 1 4 |

1686 901 1 9 |

1355 910 51 20 Ifrån
1414 911 100 20 Primitiva
1526 912 78 26 fonden,
1614 914 26 19 till
1651 914 137 22 förstärkande

1383 938 20 18 af
1416 938 138 20 Statsverkets
1562 940 102 26 tillgångar
1670 942 74 24 20,000
1755 948 34 14 ru-

1383 963 30 20 bel
1429 963 81 27 årligen,
1527 965 96 21 utbetalte
1636 967 30 19 för
1681 968 11 19 4
1706 967 22 21 är
1741 969 46 20 med
1817 986 40 3 ...
1890 986 3 3 .
1925 987 4 3 .
1961 987 3 3 .
1995 972 80 24 80,000:
2092 983 25 3 —

1356 990 50 19 Ifrån
1428 991 192 25 Hypotheksfonden
1644 994 29 19 för
1686 1004 2 4 |
1696 995 90 20 Bankens

1382 1016 196 26 depositionssedlar:
1598 1022 28 17 ett
1643 1023 39 17 mot
1699 1019 87 23 Bankens

1382 1043 31 21 lån
1428 1043 44 20 från
1487 1045 61 26 ryska
1563 1046 125 22 Riksbanken
1706 1054 81 14 svaran-

1382 1070 25 20 de
1420 1070 74 26 belopp
1511 1072 25 19 af.
1568 1088 4 4 .
1603 1089 4 3 .
1638 1089 4 4 .
1674 1090 38 4 |.
1751 1091 1 3 =
1780 1092 4 3 -
1814 1077 96 22 400,000:
1926 1088 26 3 —

1382 1097 26 19 till
1423 1098 124 20 hästafvelns
1562 1098 5 20 i
1580 1100 66 20 landet
1656 1100 131 27 upphjelpan-

1829 882 80 23 12,983:
1926 882 25 20 19
1971 878 12 35 —
1993 883 81 23 27,983:
2092 884 32 19 19.

1399 1128 2 3 *
1409 1122 32 26 de,
1457 1124 30 18 för
1502 1125 25 19 16
1542 1124 22 20 är
1574 1128 28 17 ett
1612 1126 31 20 bel
1658 1128 56 29 ppjaf
1722 1129 62 24 2,300
1818 1132 1 3 -

1408 1150 56 20 rubel
1479 1150 74 27 årligen
1569 1167 4 5 .
1604 1168 4 4 .
1640 1169 3 3 .
1675 1159 38 22 |<
1745 1170 4 5 <
1781 1171 3 4 +
1828 1156 82 24 36,800:
1926 1168 26 2 —

1383 1176 25 20 till
1424 1176 91 21 tekniska
1530 1179 146 21 realskolornes
1685 1178 101 29 organisa-

1409 1203 40 19 tion
1464 1205 38 19 och
1516 1204 60 27 ärliga
1590 1201 101 30 underhåll
1713 1224 1 3 .
1747 1224 3 4 .
1783 1225 3 3 .
1817 1210 95 25 457,725:
1928 1221 26 11 —

1383 1230 25 19 till
1423 1229 113 21 därvärden
1550 1232 6 19 i
1570 1233 73 19 landet.
1674 1233 39 26 .|.
1745 1251 3 3 .
1780 1251 4 4 ..
1827 1236 83 24 95435:
1926 1237 33 19 92.

1382 1256 26 20 till
1422 1256 75 20 inlösen
1512 1258 20 19 af
1544 1258 43 20 från
1602 1259 140 28 cirkulationen
1759 1262 27 19 af-

1408 1283 54 25 lyste
1476 1282 132 23 banksedlar.
1640 1302 4 4 .
1676 1300 11 15 .|
1842 1289 69 25 1,699:
1928 1290 32 19 66.

1382 1309 25 20 till
1418 1315 26 13 en
1456 1310 124 21 embetsman
1588 1315 56 17 utom
1651 1298 133 45 Bankverket,

1408 1336 87 26 eftergift
1508 1338 22 19 af
1535 1341 29 17 ett
1574 1338 42 20 från
1626 1335 159 31 Passexpeditio-

1408 1368 50 14 nens
1472 1364 64 20 medel
1552 1365 94 25 beviljadt
1659 1361 31 28 län
1709 1382 1 4 .
1742 1383 4 4 .
1778 1384 3 3 .
1838 1370 68 22 —4,200:
1923 1380 26 3 —

1977 1379 95 25 695,560:
2092 1380 32 19 58.|
2178 1380 87 26 —803,543
2280 1368 14 42 |
2310 1382 23 19 77

1432 1443 7 5 3
1518 1437 43 23 Till
1571 1434 90 33 Fattig-
1678 1440 40 23 dch
1732 1441 216 24 Arbetshusfonden:

1353 1476 51 20 Ifrån
1419 1477 191 26 Hypotheksfonden
1624 1480 30 20 för
1667 1475 90 34 Bankens
1772 1478 179 34 depositions-sed-
2336 1495 6 13 >

1379 1504 35 28 lar,
1431 1510 95 14 reverser
1540 1504 11 20 ä
1565 1506 25 19 de
1606 1506 24 20 till
1649 1510 64 19 större
1730 1508 168 27 odlings-företag
1916 1510 35 20 be-

1380 1530 73 24 viljade
1467 1530 37 26 län,
1522 1531 5 19 i
1533 1531 95 27 kapital.
1660 1549 4 4 .
1684 1540 14 19 |.
1730 1550 4 4 .
1766 1551 3 3 .
1801 1551 4 4 .
1837 1551 4 4 .
1873 1552 4 4 .
1909 1552 3 3 .
1944 1552 4 4 .
1966 1537 95 24 441,113:
2078 1538 33 20 69.
2419 1544 2 6 |

1380 1559 52 17 samt
1446 1557 48 20 derä
1508 1559 100 26 upplupne
1627 1561 72 20 räntor.
1731 1577 3 3 .
1767 1578 3 3 .
1803 1578 3 4 .
1846 1578 1 3 =
1876 1578 3 4 .
1947 1579 3 3 0.0
1994 1564 68 25 4,810:
2078 1565 33 19 48.
2177 1563 90 25 445,924
2277 1559 16 35 |
2309 1565 24 19 17

1678 1611 4 18 i

1353 1633 27 19 År
1395 1634 52 19 1856
1462 1634 36 19 har
1512 1634 90 21 Finlands
1616 1636 53 20 Bank
1678 1632 46 24 från
1738 1638 62 26 ryska
1816 1638 186 20 Kommersbanken
2017 1639 25 26 pä
2057 1640 12 20 6
2080 1639 33 21 års

1380 1659 27 20 tid
1422 1660 77 20 erhållit
1513 1664 28 16 ett
1555 1661 38 25 län,
1610 1665 50 17 stort
1675 1664 109 24 1,500,000
1794 1665 56 19 rubel
1861 1665 75 20 silfver.
1948 1666 120 20 Sedermera
2078 1667 36 19 har

1380 1686 54 20 Hans
1452 1686 110 27 Kejserliga
1578 1688 129 25 Majestät
1679 1682 34 40 jär
1725 1691 51 20 1859
1794 1690 5 20 i
1819 1690 63 21 nåder
1899 1692 126 26 bemyndigat
2040 1692 74 20 Chefen

1379 1713 30 19 för
1424 1714 98 19 Senatens
1536 1715 197 27 Finans-Expedition
1747 1720 35 23 att,
1798 1718 6 19 i
1818 1718 94 20 afseende
1924 1718 10 20 ä
1946 1713 168 32 äterbetalningen

1380 1740 21 19 af
1413 1740 85 20 berörde
1512 1740 124 28 länebelopp,
1649 1742 85 27 upptaga
1746 1746 30 18 tre
1786 1744 64 20 serier
1862 1745 20 19 af
1891 1745 33 20 det
1935 1745 29 19 för
1974 1746 65 20 finska
2051 1746 64 20 Stats-

1380 1766 83 20 verkets
1477 1767 83 26 räkning
1574 1769 108 21 anbefallda
1696 1770 83 21 statslän
1798 1770 10 21 ä
1826 1772 41 19 fem
1885 1771 97 26 miljoner,
2002 1772 112 26 hvarjemte

1380 1793 178 21 Bankdirektionen
1572 1796 124 26 uppdragits,
1713 1800 28 17 att
1755 1798 21 19 af
1791 1798 203 26 Hypotheksfondens
2011 1795 104 35 tillgångar

1380 1820 88 20 bestrida
1482 1820 25 20 de
1525 1822 46 20 med
1589 1823 121 21 sistnämnde
1728 1824 178 22 låne-transaktion
1923 1826 93 20 förenade
2033 1827 82 20 kostna-

1380 1846 43 26 der,
1440 1847 66 20 hvilka
1521 1848 107 26 uppgifvits
1644 1850 24 20 till
1686 1851 72 24 51,250
1774 1852 63 20 rubel.
1867 1852 29 20 Då
1910 1853 112 20 emellertid
2036 1853 25 20 de
2071 1853 43 20 från

1380 1874 186 21 Kommersbanken
1583 1876 109 26 upplånade
1709 1878 65 20 medel
1791 1878 63 26 ingått
1871 1880 27 18 uti
1917 1880 90 19 Bankens
2024 1880 91 27 utlåning

1381 1901 39 18 och
1434 1899 16 26 ej
1466 1904 46 16 utan
1526 1902 89 20 kännbar
1628 1904 96 26 rubbning
1738 1904 5 19 i
1758 1905 95 19 allmänna
1865 1905 135 21 lånerörelsen
2011 1906 65 20 kunna
2087 1908 27 18 fö-

1381 1932 23 14 re
1418 1927 38 19 den
1470 1928 114 20 beräknade
1599 1929 52 20 tiden
1665 1930 92 26 frigöras,
1774 1931 66 20 måste
1854 1932 103 20 desamma
1970 1938 61 17 anses
2046 1933 68 20 såsom

1381 1956 29 16 ett
1423 1954 79 20 Banken
1517 1955 141 21 tillförsäkradt
1671 1956 31 20 lån
1720 1958 47 19 med
1784 1958 92 20 bestämd
1894 1960 122 24 amortering
2033 1961 39 19 och
2089 1960 25 26 på

1380 1979 63 47 faan
1457 1982 63 24 grund
1535 1981 36 21 här
1585 1982 71 20 afföras
1670 1984 45 20 med
1732 1984 126 21 skuldsedlar
1875 1986 27 20 till
1920 1987 141 19 motsvarande
2078 1988 35 19 be-

1387 2012 39 20 opp
1606 2025 3 3 m
1641 2025 3 3 Od
1676 2026 39 4 Ek
1748 2027 3 3 oa
1784 2027 39 3 ax
1856 2028 3 3 0

1909 2028 73 28 —
2042 2028 87 28 nn

2032 2050 82 19 Summa

2167 380 62 20 Rubel
2244 381 80 19 Silfver.

2157 2016 111 24 1,440,000
2289 2003 15 43 |
2310 2026 26 4 —

2158 2051 111 25 3,319,089
2281 2047 12 34 |
2308 2052 54 24 945/,
