<?xml version="1.0" encoding="UTF-8"?>
<alto xmlns="http://www.loc.gov/standards/alto/ns-v3#" xmlns:xlink="http://www.w3.org/1999/xlink" xmlns:xsi="http://www.w3.org/2001/XMLSchema-instance" xsi:schemaLocation="http://www.loc.gov/standards/alto/ns-v3# http://www.loc.gov/alto/v3/alto-3-0.xsd">
	<Description>
		<MeasurementUnit>pixel</MeasurementUnit>
		<sourceImageInformation>
			<fileName>/tmp/tess_2ekzwz3m_input.PNG</fileName>
		</sourceImageInformation>
		<OCRProcessing ID="OCR_0">
			<ocrProcessingStep>
				<processingSoftware>
					<softwareName>tesseract 5.3.4</softwareName>
				</processingSoftware>
			</ocrProcessingStep>
		</OCRProcessing>
	</Description>
	<Layout>
		<Page WIDTH="1017" HEIGHT="1698" PHYSICAL_IMG_NR="0" ID="page_0">
			<PrintSpace HPOS="0" VPOS="0" WIDTH="1017" HEIGHT="1698">
				<ComposedBlock ID="cblock_0" HPOS="299" VPOS="145" WIDTH="531" HEIGHT="25">
					<TextBlock ID="block_0" HPOS="299" VPOS="145" WIDTH="531" HEIGHT="25">
						<TextLine ID="line_0" HPOS="299" VPOS="145" WIDTH="531" HEIGHT="25">
							<String ID="string_0" HPOS="299" VPOS="145" WIDTH="71" HEIGHT="24" WC="0.91" CONTENT="Nådiga"/><SP WIDTH="12" VPOS="145" HPOS="370"/>
							<String ID="string_1" HPOS="382" VPOS="148" WIDTH="139" HEIGHT="22" WC="0.71" CONTENT="Proposittonen"/><SP WIDTH="13" VPOS="148" HPOS="521"/>
							<String ID="string_2" HPOS="534" VPOS="148" WIDTH="37" HEIGHT="18" WC="0.97" CONTENT="N:o"/><SP WIDTH="12" VPOS="148" HPOS="571"/>
							<String ID="string_3" HPOS="583" VPOS="149" WIDTH="27" HEIGHT="17" WC="0.96" CONTENT="31."/><SP WIDTH="186" VPOS="149" HPOS="610"/>
							<String ID="string_4" HPOS="796" VPOS="150" WIDTH="34" HEIGHT="20" WC="0.88" CONTENT="929"/>
						</TextLine>
					</TextBlock>
				</ComposedBlock>
				<ComposedBlock ID="cblock_1" HPOS="82" VPOS="195" WIDTH="750" HEIGHT="1294">
					<TextBlock ID="block_1" HPOS="82" VPOS="195" WIDTH="745" HEIGHT="212">
						<TextLine ID="line_1" HPOS="84" VPOS="195" WIDTH="743" HEIGHT="27">
							<String ID="string_5" HPOS="84" VPOS="195" WIDTH="43" HEIGHT="21" WC="0.92" CONTENT="icke"/><SP WIDTH="14" VPOS="195" HPOS="127"/>
							<String ID="string_6" HPOS="141" VPOS="196" WIDTH="49" HEIGHT="20" WC="0.96" CONTENT="blott"/><SP WIDTH="14" VPOS="196" HPOS="190"/>
							<String ID="string_7" HPOS="204" VPOS="199" WIDTH="28" HEIGHT="17" WC="0.93" CONTENT="att"/><SP WIDTH="14" VPOS="199" HPOS="232"/>
							<String ID="string_8" HPOS="246" VPOS="196" WIDTH="47" HEIGHT="20" WC="0.96" CONTENT="lätta"/><SP WIDTH="14" VPOS="196" HPOS="293"/>
							<String ID="string_9" HPOS="307" VPOS="202" WIDTH="24" HEIGHT="14" WC="0.96" CONTENT="en"/><SP WIDTH="14" VPOS="202" HPOS="331"/>
							<String ID="string_10" HPOS="345" VPOS="197" WIDTH="31" HEIGHT="19" WC="0.93" CONTENT="för"/><SP WIDTH="13" VPOS="197" HPOS="376"/>
							<String ID="string_11" HPOS="389" VPOS="197" WIDTH="77" HEIGHT="20" WC="0.95" CONTENT="handen"/><SP WIDTH="14" VPOS="197" HPOS="466"/>
							<String ID="string_12" HPOS="480" VPOS="198" WIDTH="87" HEIGHT="20" WC="0.95" CONTENT="varande"/><SP WIDTH="14" VPOS="198" HPOS="567"/>
							<String ID="string_13" HPOS="581" VPOS="198" WIDTH="64" HEIGHT="24" WC="0.96" CONTENT="trafik,"/><SP WIDTH="11" VPOS="198" HPOS="645"/>
							<String ID="string_14" HPOS="656" VPOS="200" WIDTH="47" HEIGHT="18" WC="0.93" CONTENT="utan"/><SP WIDTH="14" VPOS="200" HPOS="703"/>
							<String ID="string_15" HPOS="717" VPOS="199" WIDTH="58" HEIGHT="20" WC="0.96" CONTENT="äfven"/><SP WIDTH="14" VPOS="199" HPOS="775"/>
							<String ID="string_16" HPOS="789" VPOS="202" WIDTH="38" HEIGHT="18" WC="0.96" CONTENT="och"/>
						</TextLine>
						<TextLine ID="line_2" HPOS="84" VPOS="222" WIDTH="743" HEIGHT="31">
							<String ID="string_17" HPOS="84" VPOS="222" WIDTH="135" HEIGHT="26" WC="0.92" CONTENT="förnämligast"/><SP WIDTH="19" VPOS="222" HPOS="219"/>
							<String ID="string_18" HPOS="238" VPOS="225" WIDTH="29" HEIGHT="17" WC="0.96" CONTENT="att"/><SP WIDTH="14" VPOS="225" HPOS="267"/>
							<String ID="string_19" HPOS="281" VPOS="223" WIDTH="38" HEIGHT="19" WC="0.96" CONTENT="öka"/><SP WIDTH="19" VPOS="223" HPOS="319"/>
							<String ID="string_20" HPOS="338" VPOS="223" WIDTH="117" HEIGHT="20" WC="0.96" CONTENT="densamma"/><SP WIDTH="21" VPOS="223" HPOS="455"/>
							<String ID="string_21" HPOS="476" VPOS="230" WIDTH="72" HEIGHT="20" WC="0.96" CONTENT="genom"/><SP WIDTH="13" VPOS="230" HPOS="548"/>
							<String ID="string_22" HPOS="561" VPOS="227" WIDTH="29" HEIGHT="17" WC="0.96" CONTENT="att"/><SP WIDTH="20" VPOS="227" HPOS="590"/>
							<String ID="string_23" HPOS="610" VPOS="227" WIDTH="120" HEIGHT="23" WC="0.96" CONTENT="uppmuntra"/><SP WIDTH="16" VPOS="227" HPOS="730"/>
							<String ID="string_24" HPOS="746" VPOS="226" WIDTH="28" HEIGHT="20" WC="0.96" CONTENT="till"/><SP WIDTH="14" VPOS="226" HPOS="774"/>
							<String ID="string_25" HPOS="788" VPOS="232" WIDTH="39" HEIGHT="21" WC="0.96" CONTENT="nya"/>
						</TextLine>
						<TextLine ID="line_3" HPOS="84" VPOS="248" WIDTH="742" HEIGHT="28">
							<String ID="string_26" HPOS="84" VPOS="248" WIDTH="156" HEIGHT="26" WC="0.92" CONTENT="industrigrenar"/><SP WIDTH="15" VPOS="248" HPOS="240"/>
							<String ID="string_27" HPOS="255" VPOS="250" WIDTH="39" HEIGHT="18" WC="0.96" CONTENT="och"/><SP WIDTH="16" VPOS="250" HPOS="294"/>
							<String ID="string_28" HPOS="310" VPOS="250" WIDTH="26" HEIGHT="20" WC="0.96" CONTENT="till"/><SP WIDTH="15" VPOS="250" HPOS="336"/>
							<String ID="string_29" HPOS="351" VPOS="250" WIDTH="25" HEIGHT="20" WC="0.96" CONTENT="de"/><SP WIDTH="14" VPOS="250" HPOS="376"/>
							<String ID="string_30" HPOS="390" VPOS="250" WIDTH="60" HEIGHT="20" WC="0.93" CONTENT="redan"/><SP WIDTH="10" VPOS="250" HPOS="450"/>
							<String ID="string_31" HPOS="460" VPOS="250" WIDTH="100" HEIGHT="20" WC="0.90" CONTENT="bedrifnas"/><SP WIDTH="9" VPOS="250" HPOS="560"/>
							<String ID="string_32" HPOS="569" VPOS="251" WIDTH="126" HEIGHT="25" WC="0.92" CONTENT="utvidgande."/><SP WIDTH="30" VPOS="251" HPOS="695"/>
							<String ID="string_33" HPOS="725" VPOS="252" WIDTH="8" HEIGHT="19" WC="0.91" CONTENT="I"/><SP WIDTH="14" VPOS="252" HPOS="733"/>
							<String ID="string_34" HPOS="747" VPOS="252" WIDTH="79" HEIGHT="21" WC="0.96" CONTENT="Finland"/>
						</TextLine>
						<TextLine ID="line_4" HPOS="82" VPOS="275" WIDTH="744" HEIGHT="24">
							<String ID="string_35" HPOS="82" VPOS="275" WIDTH="37" HEIGHT="20" WC="0.96" CONTENT="bör"/><SP WIDTH="15" VPOS="275" HPOS="119"/>
							<String ID="string_36" HPOS="134" VPOS="276" WIDTH="69" HEIGHT="19" WC="0.96" CONTENT="härvid"/><SP WIDTH="14" VPOS="276" HPOS="203"/>
							<String ID="string_37" HPOS="217" VPOS="276" WIDTH="72" HEIGHT="20" WC="0.93" CONTENT="främst"/><SP WIDTH="14" VPOS="276" HPOS="289"/>
							<String ID="string_38" HPOS="303" VPOS="277" WIDTH="54" HEIGHT="19" WC="0.92" CONTENT="afses"/><SP WIDTH="14" VPOS="277" HPOS="357"/>
							<String ID="string_39" HPOS="371" VPOS="276" WIDTH="38" HEIGHT="20" WC="0.96" CONTENT="den"/><SP WIDTH="19" VPOS="276" HPOS="409"/>
							<String ID="string_40" HPOS="428" VPOS="277" WIDTH="61" HEIGHT="19" WC="0.96" CONTENT="redan"/><SP WIDTH="17" VPOS="277" HPOS="489"/>
							<String ID="string_41" HPOS="506" VPOS="277" WIDTH="61" HEIGHT="19" WC="0.96" CONTENT="under"/><SP WIDTH="18" VPOS="277" HPOS="567"/>
							<String ID="string_42" HPOS="585" VPOS="277" WIDTH="25" HEIGHT="20" WC="0.93" CONTENT="de"/><SP WIDTH="20" VPOS="277" HPOS="610"/>
							<String ID="string_43" HPOS="630" VPOS="278" WIDTH="93" HEIGHT="20" WC="0.91" CONTENT="sednaste"/><SP WIDTH="17" VPOS="278" HPOS="723"/>
							<String ID="string_44" HPOS="740" VPOS="278" WIDTH="48" HEIGHT="20" WC="0.96" CONTENT="åren"/><SP WIDTH="16" VPOS="278" HPOS="788"/>
							<String ID="string_45" HPOS="804" VPOS="279" WIDTH="22" HEIGHT="20" WC="0.96" CONTENT="så"/>
						</TextLine>
						<TextLine ID="line_5" HPOS="82" VPOS="302" WIDTH="745" HEIGHT="27">
							<String ID="string_46" HPOS="82" VPOS="302" WIDTH="99" HEIGHT="26" WC="0.95" CONTENT="betydligt"/><SP WIDTH="13" VPOS="302" HPOS="181"/>
							<String ID="string_47" HPOS="194" VPOS="302" WIDTH="63" HEIGHT="20" WC="0.96" CONTENT="ökade"/><SP WIDTH="17" VPOS="302" HPOS="257"/>
							<String ID="string_48" HPOS="274" VPOS="305" WIDTH="96" HEIGHT="22" WC="0.96" CONTENT="exporten"/><SP WIDTH="21" VPOS="305" HPOS="370"/>
							<String ID="string_49" HPOS="391" VPOS="304" WIDTH="20" HEIGHT="18" WC="0.93" CONTENT="af"/><SP WIDTH="13" VPOS="304" HPOS="411"/>
							<String ID="string_50" HPOS="424" VPOS="303" WIDTH="256" HEIGHT="26" WC="0.91" CONTENT="ladugårdshandteringens"/><SP WIDTH="20" VPOS="303" HPOS="680"/>
							<String ID="string_51" HPOS="700" VPOS="304" WIDTH="59" HEIGHT="20" WC="0.96" CONTENT="alster"/><SP WIDTH="16" VPOS="304" HPOS="759"/>
							<String ID="string_52" HPOS="775" VPOS="308" WIDTH="52" HEIGHT="16" WC="0.96" CONTENT="samt"/>
						</TextLine>
						<TextLine ID="line_6" HPOS="82" VPOS="328" WIDTH="745" HEIGHT="28">
							<String ID="string_53" HPOS="82" VPOS="328" WIDTH="35" HEIGHT="20" WC="0.95" CONTENT="det"/><SP WIDTH="14" VPOS="328" HPOS="117"/>
							<String ID="string_54" HPOS="131" VPOS="329" WIDTH="107" HEIGHT="24" WC="0.93" CONTENT="trängande"/><SP WIDTH="16" VPOS="329" HPOS="238"/>
							<String ID="string_55" HPOS="254" VPOS="329" WIDTH="93" HEIGHT="19" WC="0.91" CONTENT="behofvet"/><SP WIDTH="21" VPOS="329" HPOS="347"/>
							<String ID="string_56" HPOS="368" VPOS="330" WIDTH="21" HEIGHT="18" WC="0.96" CONTENT="af"/><SP WIDTH="16" VPOS="330" HPOS="389"/>
							<String ID="string_57" HPOS="405" VPOS="336" WIDTH="24" HEIGHT="13" WC="0.93" CONTENT="en"/><SP WIDTH="14" VPOS="336" HPOS="429"/>
							<String ID="string_58" HPOS="443" VPOS="329" WIDTH="183" HEIGHT="25" WC="0.91" CONTENT="spanmålshandels"/><SP WIDTH="20" VPOS="329" HPOS="626"/>
							<String ID="string_59" HPOS="646" VPOS="330" WIDTH="114" HEIGHT="26" WC="0.93" CONTENT="uppkomst,"/><SP WIDTH="17" VPOS="330" HPOS="760"/>
							<String ID="string_60" HPOS="777" VPOS="332" WIDTH="50" HEIGHT="20" WC="0.92" CONTENT="hvil-"/>
						</TextLine>
						<TextLine ID="line_7" HPOS="83" VPOS="355" WIDTH="744" HEIGHT="27">
							<String ID="string_61" HPOS="83" VPOS="355" WIDTH="38" HEIGHT="19" WC="0.96" CONTENT="ken"/><SP WIDTH="15" VPOS="355" HPOS="121"/>
							<String ID="string_62" HPOS="136" VPOS="358" WIDTH="46" HEIGHT="16" WC="0.96" CONTENT="utan"/><SP WIDTH="14" VPOS="358" HPOS="182"/>
							<String ID="string_63" HPOS="196" VPOS="356" WIDTH="71" HEIGHT="19" WC="0.95" CONTENT="lättade"/><SP WIDTH="10" VPOS="356" HPOS="267"/>
							<String ID="string_64" HPOS="277" VPOS="355" WIDTH="197" HEIGHT="25" WC="0.96" CONTENT="kommunikationer,"/><SP WIDTH="13" VPOS="355" HPOS="474"/>
							<String ID="string_65" HPOS="487" VPOS="357" WIDTH="4" HEIGHT="19" WC="0.96" CONTENT="i"/><SP WIDTH="14" VPOS="357" HPOS="491"/>
							<String ID="string_66" HPOS="505" VPOS="357" WIDTH="109" HEIGHT="25" WC="0.96" CONTENT="synnerhet"/><SP WIDTH="11" VPOS="357" HPOS="614"/>
							<String ID="string_67" HPOS="625" VPOS="357" WIDTH="63" HEIGHT="20" WC="0.96" CONTENT="under"/><SP WIDTH="10" VPOS="357" HPOS="688"/>
							<String ID="string_68" HPOS="698" VPOS="357" WIDTH="76" HEIGHT="21" WC="0.96" CONTENT="vintern"/><SP WIDTH="10" VPOS="357" HPOS="774"/>
							<String ID="string_69" HPOS="784" VPOS="358" WIDTH="43" HEIGHT="20" WC="0.97" CONTENT="icke"/>
						</TextLine>
						<TextLine ID="line_8" HPOS="83" VPOS="380" WIDTH="110" HEIGHT="27">
							<String ID="string_70" HPOS="83" VPOS="383" WIDTH="22" HEIGHT="18" WC="0.96" CONTENT="är"/><SP WIDTH="14" VPOS="383" HPOS="105"/>
							<String ID="string_71" HPOS="119" VPOS="380" WIDTH="74" HEIGHT="27" WC="0.96" CONTENT="möjlig."/>
						</TextLine>
					</TextBlock>
					<TextBlock ID="block_2" HPOS="82" VPOS="398" WIDTH="746" HEIGHT="516">
						<TextLine ID="line_9" HPOS="136" VPOS="398" WIDTH="690" HEIGHT="38">
							<String ID="string_72" HPOS="136" VPOS="398" WIDTH="54" HEIGHT="30" WC="0.95" CONTENT="Valet"/><SP WIDTH="17" VPOS="398" HPOS="190"/>
							<String ID="string_73" HPOS="207" VPOS="409" WIDTH="20" HEIGHT="18" WC="0.94" CONTENT="af"/><SP WIDTH="13" VPOS="409" HPOS="227"/>
							<String ID="string_74" HPOS="240" VPOS="408" WIDTH="138" HEIGHT="26" WC="0.96" CONTENT="sträckningen"/><SP WIDTH="19" VPOS="408" HPOS="378"/>
							<String ID="string_75" HPOS="397" VPOS="410" WIDTH="21" HEIGHT="18" WC="0.96" CONTENT="af"/><SP WIDTH="12" VPOS="410" HPOS="418"/>
							<String ID="string_76" HPOS="430" VPOS="409" WIDTH="63" HEIGHT="19" WC="0.96" CONTENT="denna"/><SP WIDTH="18" VPOS="409" HPOS="493"/>
							<String ID="string_77" HPOS="511" VPOS="410" WIDTH="59" HEIGHT="19" WC="0.93" CONTENT="första"/><SP WIDTH="19" VPOS="410" HPOS="570"/>
							<String ID="string_78" HPOS="589" VPOS="408" WIDTH="139" HEIGHT="28" WC="0.91" CONTENT="jernvägslinie"/><SP WIDTH="14" VPOS="408" HPOS="728"/>
							<String ID="string_79" HPOS="742" VPOS="411" WIDTH="36" HEIGHT="19" WC="0.93" CONTENT="har"/><SP WIDTH="14" VPOS="411" HPOS="778"/>
							<String ID="string_80" HPOS="792" VPOS="411" WIDTH="34" HEIGHT="19" WC="0.92" CONTENT="be-"/>
						</TextLine>
						<TextLine ID="line_10" HPOS="82" VPOS="435" WIDTH="744" HEIGHT="27">
							<String ID="string_81" HPOS="82" VPOS="435" WIDTH="72" HEIGHT="19" WC="0.92" CONTENT="stämts"/><SP WIDTH="14" VPOS="435" HPOS="154"/>
							<String ID="string_82" HPOS="168" VPOS="435" WIDTH="57" HEIGHT="20" WC="0.96" CONTENT="deraf"/><SP WIDTH="12" VPOS="435" HPOS="225"/>
							<String ID="string_83" HPOS="237" VPOS="438" WIDTH="28" HEIGHT="16" WC="0.96" CONTENT="att"/><SP WIDTH="14" VPOS="438" HPOS="265"/>
							<String ID="string_84" HPOS="279" VPOS="440" WIDTH="70" HEIGHT="20" WC="0.96" CONTENT="genom"/><SP WIDTH="14" VPOS="440" HPOS="349"/>
							<String ID="string_85" HPOS="363" VPOS="435" WIDTH="116" HEIGHT="20" WC="0.95" CONTENT="densamma"/><SP WIDTH="14" VPOS="435" HPOS="479"/>
							<String ID="string_86" HPOS="493" VPOS="436" WIDTH="84" HEIGHT="20" WC="0.95" CONTENT="trafiken"/><SP WIDTH="14" VPOS="436" HPOS="577"/>
							<String ID="string_87" HPOS="591" VPOS="436" WIDTH="54" HEIGHT="20" WC="0.94" CONTENT="såväl"/><SP WIDTH="14" VPOS="436" HPOS="645"/>
							<String ID="string_88" HPOS="659" VPOS="436" WIDTH="25" HEIGHT="26" WC="0.93" CONTENT="på"/><SP WIDTH="10" VPOS="436" HPOS="684"/>
							<String ID="string_89" HPOS="694" VPOS="436" WIDTH="78" HEIGHT="25" WC="0.90" CONTENT="Päijäne"/><SP WIDTH="10" VPOS="436" HPOS="772"/>
							<String ID="string_90" HPOS="782" VPOS="443" WIDTH="44" HEIGHT="14" WC="0.96" CONTENT="som"/>
						</TextLine>
						<TextLine ID="line_11" HPOS="82" VPOS="460" WIDTH="744" HEIGHT="27">
							<String ID="string_91" HPOS="82" VPOS="460" WIDTH="26" HEIGHT="27" WC="0.96" CONTENT="på"/><SP WIDTH="14" VPOS="460" HPOS="108"/>
							<String ID="string_92" HPOS="122" VPOS="461" WIDTH="25" HEIGHT="20" WC="0.93" CONTENT="de"/><SP WIDTH="15" VPOS="461" HPOS="147"/>
							<String ID="string_93" HPOS="162" VPOS="462" WIDTH="202" HEIGHT="20" WC="0.89" CONTENT="vest-tavastländska"/><SP WIDTH="17" VPOS="462" HPOS="364"/>
							<String ID="string_94" HPOS="381" VPOS="465" WIDTH="78" HEIGHT="17" WC="0.95" CONTENT="vattnen"/><SP WIDTH="15" VPOS="465" HPOS="459"/>
							<String ID="string_95" HPOS="474" VPOS="463" WIDTH="66" HEIGHT="19" WC="0.96" CONTENT="lättast"/><SP WIDTH="14" VPOS="463" HPOS="540"/>
							<String ID="string_96" HPOS="554" VPOS="462" WIDTH="38" HEIGHT="20" WC="0.96" CONTENT="kan"/><SP WIDTH="14" VPOS="462" HPOS="592"/>
							<String ID="string_97" HPOS="606" VPOS="463" WIDTH="67" HEIGHT="19" WC="0.96" CONTENT="ställas"/><SP WIDTH="15" VPOS="463" HPOS="673"/>
							<String ID="string_98" HPOS="688" VPOS="463" WIDTH="4" HEIGHT="19" WC="0.96" CONTENT="i"/><SP WIDTH="15" VPOS="463" HPOS="692"/>
							<String ID="string_99" HPOS="707" VPOS="463" WIDTH="119" HEIGHT="21" WC="0.96" CONTENT="förbindelse"/>
						</TextLine>
						<TextLine ID="line_12" HPOS="84" VPOS="488" WIDTH="742" HEIGHT="28">
							<String ID="string_100" HPOS="84" VPOS="488" WIDTH="45" HEIGHT="20" WC="0.93" CONTENT="med"/><SP WIDTH="15" VPOS="488" HPOS="129"/>
							<String ID="string_101" HPOS="144" VPOS="488" WIDTH="116" HEIGHT="20" WC="0.92" CONTENT="hafskusten"/><SP WIDTH="15" VPOS="488" HPOS="260"/>
							<String ID="string_102" HPOS="275" VPOS="488" WIDTH="38" HEIGHT="20" WC="0.96" CONTENT="och"/><SP WIDTH="14" VPOS="488" HPOS="313"/>
							<String ID="string_103" HPOS="327" VPOS="488" WIDTH="46" HEIGHT="20" WC="0.96" CONTENT="med"/><SP WIDTH="17" VPOS="488" HPOS="373"/>
							<String ID="string_104" HPOS="390" VPOS="489" WIDTH="77" HEIGHT="20" WC="0.96" CONTENT="landets"/><SP WIDTH="15" VPOS="489" HPOS="467"/>
							<String ID="string_105" HPOS="482" VPOS="490" WIDTH="36" HEIGHT="19" WC="0.96" CONTENT="den"/><SP WIDTH="21" VPOS="490" HPOS="518"/>
							<String ID="string_106" HPOS="539" VPOS="490" WIDTH="76" HEIGHT="24" WC="0.96" CONTENT="längsta"/><SP WIDTH="13" VPOS="490" HPOS="615"/>
							<String ID="string_107" HPOS="628" VPOS="490" WIDTH="29" HEIGHT="18" WC="0.96" CONTENT="tid"/><SP WIDTH="16" VPOS="490" HPOS="657"/>
							<String ID="string_108" HPOS="673" VPOS="490" WIDTH="20" HEIGHT="19" WC="0.96" CONTENT="af"/><SP WIDTH="13" VPOS="490" HPOS="693"/>
							<String ID="string_109" HPOS="706" VPOS="488" WIDTH="43" HEIGHT="21" WC="0.96" CONTENT="året"/><SP WIDTH="14" VPOS="488" HPOS="749"/>
							<String ID="string_110" HPOS="763" VPOS="491" WIDTH="63" HEIGHT="25" WC="0.96" CONTENT="öppna"/>
						</TextLine>
						<TextLine ID="line_13" HPOS="82" VPOS="514" WIDTH="744" HEIGHT="28">
							<String ID="string_111" HPOS="82" VPOS="518" WIDTH="54" HEIGHT="16" WC="0.96" CONTENT="samt"/><SP WIDTH="14" VPOS="518" HPOS="136"/>
							<String ID="string_112" HPOS="150" VPOS="515" WIDTH="5" HEIGHT="19" WC="0.96" CONTENT="i"/><SP WIDTH="14" VPOS="515" HPOS="155"/>
							<String ID="string_113" HPOS="169" VPOS="514" WIDTH="57" HEIGHT="26" WC="0.96" CONTENT="öfrigt"/><SP WIDTH="14" VPOS="514" HPOS="226"/>
							<String ID="string_114" HPOS="240" VPOS="520" WIDTH="72" HEIGHT="20" WC="0.93" CONTENT="genom"/><SP WIDTH="15" VPOS="520" HPOS="312"/>
							<String ID="string_115" HPOS="327" VPOS="516" WIDTH="107" HEIGHT="26" WC="0.91" CONTENT="rymlighet"/><SP WIDTH="10" VPOS="516" HPOS="434"/>
							<String ID="string_116" HPOS="444" VPOS="516" WIDTH="38" HEIGHT="19" WC="0.96" CONTENT="och"/><SP WIDTH="9" VPOS="516" HPOS="482"/>
							<String ID="string_117" HPOS="491" VPOS="516" WIDTH="94" HEIGHT="19" WC="0.96" CONTENT="säkerhet"/><SP WIDTH="14" VPOS="516" HPOS="585"/>
							<String ID="string_118" HPOS="599" VPOS="516" WIDTH="97" HEIGHT="20" WC="0.96" CONTENT="utmärkta"/><SP WIDTH="11" VPOS="516" HPOS="696"/>
							<String ID="string_119" HPOS="707" VPOS="516" WIDTH="68" HEIGHT="20" WC="0.93" CONTENT="hamn."/><SP WIDTH="23" VPOS="516" HPOS="775"/>
							<String ID="string_120" HPOS="798" VPOS="517" WIDTH="28" HEIGHT="19" WC="0.93" CONTENT="På"/>
						</TextLine>
						<TextLine ID="line_14" HPOS="82" VPOS="541" WIDTH="743" HEIGHT="29">
							<String ID="string_121" HPOS="82" VPOS="541" WIDTH="54" HEIGHT="20" WC="0.96" CONTENT="detta"/><SP WIDTH="15" VPOS="541" HPOS="136"/>
							<String ID="string_122" HPOS="151" VPOS="542" WIDTH="31" HEIGHT="19" WC="0.95" CONTENT="val"/><SP WIDTH="16" VPOS="542" HPOS="182"/>
							<String ID="string_123" HPOS="198" VPOS="541" WIDTH="34" HEIGHT="19" WC="0.96" CONTENT="har"/><SP WIDTH="14" VPOS="541" HPOS="232"/>
							<String ID="string_124" HPOS="246" VPOS="541" WIDTH="62" HEIGHT="19" WC="0.96" CONTENT="också"/><SP WIDTH="15" VPOS="541" HPOS="308"/>
							<String ID="string_125" HPOS="323" VPOS="542" WIDTH="90" HEIGHT="20" WC="0.96" CONTENT="inverkat"/><SP WIDTH="9" VPOS="542" HPOS="413"/>
							<String ID="string_126" HPOS="422" VPOS="542" WIDTH="169" HEIGHT="28" WC="0.96" CONTENT="nödvändigheten"/><SP WIDTH="10" VPOS="542" HPOS="591"/>
							<String ID="string_127" HPOS="601" VPOS="545" WIDTH="28" HEIGHT="17" WC="0.96" CONTENT="att"/><SP WIDTH="13" VPOS="545" HPOS="629"/>
							<String ID="string_128" HPOS="642" VPOS="542" WIDTH="5" HEIGHT="19" WC="0.96" CONTENT="i"/><SP WIDTH="14" VPOS="542" HPOS="647"/>
							<String ID="string_129" HPOS="661" VPOS="542" WIDTH="106" HEIGHT="20" WC="0.96" CONTENT="framtiden"/><SP WIDTH="14" VPOS="542" HPOS="767"/>
							<String ID="string_130" HPOS="781" VPOS="544" WIDTH="44" HEIGHT="19" WC="0.92" CONTENT="leda"/>
						</TextLine>
						<TextLine ID="line_15" HPOS="83" VPOS="568" WIDTH="744" HEIGHT="26">
							<String ID="string_131" HPOS="83" VPOS="568" WIDTH="25" HEIGHT="20" WC="0.95" CONTENT="de"/><SP WIDTH="15" VPOS="568" HPOS="108"/>
							<String ID="string_132" HPOS="123" VPOS="568" WIDTH="69" HEIGHT="25" WC="0.96" CONTENT="banor,"/><SP WIDTH="17" VPOS="568" HPOS="192"/>
							<String ID="string_133" HPOS="209" VPOS="573" WIDTH="43" HEIGHT="14" WC="0.96" CONTENT="som"/><SP WIDTH="15" VPOS="573" HPOS="252"/>
							<String ID="string_134" HPOS="267" VPOS="568" WIDTH="65" HEIGHT="20" WC="0.96" CONTENT="kunna"/><SP WIDTH="15" VPOS="568" HPOS="332"/>
							<String ID="string_135" HPOS="347" VPOS="570" WIDTH="50" HEIGHT="18" WC="0.96" CONTENT="sätta"/><SP WIDTH="19" VPOS="570" HPOS="397"/>
							<String ID="string_136" HPOS="416" VPOS="568" WIDTH="88" HEIGHT="20" WC="0.93" CONTENT="Finlands"/><SP WIDTH="18" VPOS="568" HPOS="504"/>
							<String ID="string_137" HPOS="522" VPOS="570" WIDTH="172" HEIGHT="24" WC="0.91" CONTENT="jernvägssystem"/><SP WIDTH="17" VPOS="570" HPOS="694"/>
							<String ID="string_138" HPOS="711" VPOS="568" WIDTH="5" HEIGHT="20" WC="0.96" CONTENT="i"/><SP WIDTH="15" VPOS="568" HPOS="716"/>
							<String ID="string_139" HPOS="731" VPOS="569" WIDTH="96" HEIGHT="21" WC="0.95" CONTENT="samband"/>
						</TextLine>
						<TextLine ID="line_16" HPOS="83" VPOS="594" WIDTH="744" HEIGHT="27">
							<String ID="string_140" HPOS="83" VPOS="594" WIDTH="46" HEIGHT="21" WC="0.96" CONTENT="med"/><SP WIDTH="15" VPOS="594" HPOS="129"/>
							<String ID="string_141" HPOS="144" VPOS="594" WIDTH="108" HEIGHT="27" WC="0.95" CONTENT="Rysslands"/><SP WIDTH="15" VPOS="594" HPOS="252"/>
							<String ID="string_142" HPOS="267" VPOS="595" WIDTH="38" HEIGHT="19" WC="0.96" CONTENT="och"/><SP WIDTH="14" VPOS="595" HPOS="305"/>
							<String ID="string_143" HPOS="319" VPOS="595" WIDTH="34" HEIGHT="19" WC="0.96" CONTENT="det"/><SP WIDTH="14" VPOS="595" HPOS="353"/>
							<String ID="string_144" HPOS="367" VPOS="595" WIDTH="59" HEIGHT="25" WC="0.96" CONTENT="öfriga"/><SP WIDTH="14" VPOS="595" HPOS="426"/>
							<String ID="string_145" HPOS="440" VPOS="596" WIDTH="85" HEIGHT="24" WC="0.95" CONTENT="Europa,"/><SP WIDTH="17" VPOS="596" HPOS="525"/>
							<String ID="string_146" HPOS="542" VPOS="594" WIDTH="22" HEIGHT="20" WC="0.96" CONTENT="så"/><SP WIDTH="16" VPOS="594" HPOS="564"/>
							<String ID="string_147" HPOS="580" VPOS="594" WIDTH="51" HEIGHT="27" WC="0.96" CONTENT="långt"/><SP WIDTH="10" VPOS="594" HPOS="631"/>
							<String ID="string_148" HPOS="641" VPOS="601" WIDTH="40" HEIGHT="20" WC="0.96" CONTENT="upp"/><SP WIDTH="14" VPOS="601" HPOS="681"/>
							<String ID="string_149" HPOS="695" VPOS="594" WIDTH="42" HEIGHT="21" WC="0.96" CONTENT="från"/><SP WIDTH="13" VPOS="594" HPOS="737"/>
							<String ID="string_150" HPOS="750" VPOS="596" WIDTH="77" HEIGHT="20" WC="0.96" CONTENT="landets"/>
						</TextLine>
						<TextLine ID="line_17" HPOS="82" VPOS="620" WIDTH="744" HEIGHT="26">
							<String ID="string_151" HPOS="82" VPOS="621" WIDTH="59" HEIGHT="20" WC="0.96" CONTENT="södra"/><SP WIDTH="14" VPOS="621" HPOS="141"/>
							<String ID="string_152" HPOS="155" VPOS="621" WIDTH="47" HEIGHT="19" WC="0.96" CONTENT="kust"/><SP WIDTH="14" VPOS="621" HPOS="202"/>
							<String ID="string_153" HPOS="216" VPOS="623" WIDTH="28" HEIGHT="17" WC="0.95" CONTENT="att"/><SP WIDTH="19" VPOS="623" HPOS="244"/>
							<String ID="string_154" HPOS="263" VPOS="621" WIDTH="25" HEIGHT="20" WC="0.95" CONTENT="de"/><SP WIDTH="14" VPOS="621" HPOS="288"/>
							<String ID="string_155" HPOS="302" VPOS="621" WIDTH="25" HEIGHT="25" WC="0.97" CONTENT="på"/><SP WIDTH="14" VPOS="621" HPOS="327"/>
							<String ID="string_156" HPOS="341" VPOS="622" WIDTH="64" HEIGHT="19" WC="0.94" CONTENT="denna"/><SP WIDTH="21" VPOS="622" HPOS="405"/>
							<String ID="string_157" HPOS="426" VPOS="622" WIDTH="105" HEIGHT="19" WC="0.93" CONTENT="utfallande"/><SP WIDTH="18" VPOS="622" HPOS="531"/>
							<String ID="string_158" HPOS="549" VPOS="620" WIDTH="58" HEIGHT="21" WC="0.92" CONTENT="åarne"/><SP WIDTH="14" VPOS="620" HPOS="607"/>
							<String ID="string_159" HPOS="621" VPOS="621" WIDTH="32" HEIGHT="20" WC="0.96" CONTENT="må"/><SP WIDTH="20" VPOS="621" HPOS="653"/>
							<String ID="string_160" HPOS="673" VPOS="622" WIDTH="66" HEIGHT="19" WC="0.96" CONTENT="kunna"/><SP WIDTH="17" VPOS="622" HPOS="739"/>
							<String ID="string_161" HPOS="756" VPOS="622" WIDTH="70" HEIGHT="20" WC="0.96" CONTENT="lättare"/>
						</TextLine>
						<TextLine ID="line_18" HPOS="82" VPOS="647" WIDTH="746" HEIGHT="27">
							<String ID="string_162" HPOS="82" VPOS="647" WIDTH="93" HEIGHT="26" WC="0.90" CONTENT="öfvergås"/><SP WIDTH="15" VPOS="647" HPOS="175"/>
							<String ID="string_163" HPOS="190" VPOS="648" WIDTH="46" HEIGHT="19" WC="0.96" CONTENT="eller"/><SP WIDTH="15" VPOS="648" HPOS="236"/>
							<String ID="string_164" HPOS="251" VPOS="647" WIDTH="59" HEIGHT="20" WC="0.96" CONTENT="deras"/><SP WIDTH="16" VPOS="647" HPOS="310"/>
							<String ID="string_165" HPOS="326" VPOS="648" WIDTH="60" HEIGHT="20" WC="0.93" CONTENT="källor"/><SP WIDTH="18" VPOS="648" HPOS="386"/>
							<String ID="string_166" HPOS="404" VPOS="647" WIDTH="96" HEIGHT="26" WC="0.92" CONTENT="kringgås,"/><SP WIDTH="21" VPOS="647" HPOS="500"/>
							<String ID="string_167" HPOS="521" VPOS="650" WIDTH="52" HEIGHT="18" WC="0.97" CONTENT="samt"/><SP WIDTH="16" VPOS="650" HPOS="573"/>
							<String ID="string_168" HPOS="589" VPOS="648" WIDTH="25" HEIGHT="20" WC="0.96" CONTENT="de"/><SP WIDTH="14" VPOS="648" HPOS="614"/>
							<String ID="string_169" HPOS="628" VPOS="647" WIDTH="82" HEIGHT="27" WC="0.89" CONTENT="djupare"/><SP WIDTH="19" VPOS="647" HPOS="710"/>
							<String ID="string_170" HPOS="729" VPOS="648" WIDTH="99" HEIGHT="20" WC="0.89" CONTENT="dalöfver-"/>
						</TextLine>
						<TextLine ID="line_19" HPOS="82" VPOS="673" WIDTH="745" HEIGHT="28">
							<String ID="string_171" HPOS="82" VPOS="673" WIDTH="97" HEIGHT="27" WC="0.92" CONTENT="gångarne"/><SP WIDTH="15" VPOS="673" HPOS="179"/>
							<String ID="string_172" HPOS="194" VPOS="674" WIDTH="53" HEIGHT="19" WC="0.96" CONTENT="invid"/><SP WIDTH="16" VPOS="674" HPOS="247"/>
							<String ID="string_173" HPOS="263" VPOS="675" WIDTH="72" HEIGHT="18" WC="0.96" CONTENT="kusten"/><SP WIDTH="22" VPOS="675" HPOS="335"/>
							<String ID="string_174" HPOS="357" VPOS="676" WIDTH="38" HEIGHT="19" WC="0.96" CONTENT="och"/><SP WIDTH="14" VPOS="676" HPOS="395"/>
							<String ID="string_175" HPOS="409" VPOS="674" WIDTH="37" HEIGHT="20" WC="0.96" CONTENT="den"/><SP WIDTH="15" VPOS="674" HPOS="446"/>
							<String ID="string_176" HPOS="461" VPOS="675" WIDTH="35" HEIGHT="19" WC="0.95" CONTENT="der"/><SP WIDTH="21" VPOS="675" HPOS="496"/>
							<String ID="string_177" HPOS="517" VPOS="675" WIDTH="58" HEIGHT="20" WC="0.75" CONTENT="äfven"/><SP WIDTH="14" VPOS="675" HPOS="575"/>
							<String ID="string_178" HPOS="589" VPOS="674" WIDTH="6" HEIGHT="19" WC="0.96" CONTENT="i"/><SP WIDTH="14" VPOS="674" HPOS="595"/>
							<String ID="string_179" HPOS="609" VPOS="674" WIDTH="56" HEIGHT="26" WC="0.96" CONTENT="öfrigt"/><SP WIDTH="20" VPOS="674" HPOS="665"/>
							<String ID="string_180" HPOS="685" VPOS="675" WIDTH="142" HEIGHT="26" WC="0.96" CONTENT="oregelbundet"/>
						</TextLine>
						<TextLine ID="line_20" HPOS="83" VPOS="700" WIDTH="743" HEIGHT="27">
							<String ID="string_181" HPOS="83" VPOS="700" WIDTH="101" HEIGHT="27" WC="0.96" CONTENT="kuperade"/><SP WIDTH="9" VPOS="700" HPOS="184"/>
							<String ID="string_182" HPOS="193" VPOS="702" WIDTH="103" HEIGHT="24" WC="0.95" CONTENT="terrängen"/><SP WIDTH="13" VPOS="702" HPOS="296"/>
							<String ID="string_183" HPOS="309" VPOS="701" WIDTH="104" HEIGHT="20" WC="0.94" CONTENT="undvikas."/><SP WIDTH="24" VPOS="701" HPOS="413"/>
							<String ID="string_184" HPOS="437" VPOS="701" WIDTH="27" HEIGHT="20" WC="0.96" CONTENT="På"/><SP WIDTH="15" VPOS="701" HPOS="464"/>
							<String ID="string_185" HPOS="479" VPOS="702" WIDTH="63" HEIGHT="19" WC="0.96" CONTENT="Hans"/><SP WIDTH="15" VPOS="702" HPOS="542"/>
							<String ID="string_186" HPOS="557" VPOS="700" WIDTH="131" HEIGHT="27" WC="0.95" CONTENT="Kejserliga"/><SP WIDTH="14" VPOS="700" HPOS="688"/>
							<String ID="string_187" HPOS="702" VPOS="701" WIDTH="124" HEIGHT="26" WC="0.96" CONTENT="Majestäts"/>
						</TextLine>
						<TextLine ID="line_21" HPOS="82" VPOS="727" WIDTH="745" HEIGHT="28">
							<String ID="string_188" HPOS="82" VPOS="727" WIDTH="106" HEIGHT="26" WC="0.96" CONTENT="befallning"/><SP WIDTH="14" VPOS="727" HPOS="188"/>
							<String ID="string_189" HPOS="202" VPOS="727" WIDTH="94" HEIGHT="20" WC="0.96" CONTENT="anställda"/><SP WIDTH="15" VPOS="727" HPOS="296"/>
							<String ID="string_190" HPOS="311" VPOS="728" WIDTH="167" HEIGHT="25" WC="0.95" CONTENT="undersökningar"/><SP WIDTH="19" VPOS="728" HPOS="478"/>
							<String ID="string_191" HPOS="497" VPOS="729" WIDTH="58" HEIGHT="18" WC="0.96" CONTENT="hafva"/><SP WIDTH="16" VPOS="729" HPOS="555"/>
							<String ID="string_192" HPOS="571" VPOS="729" WIDTH="96" HEIGHT="24" WC="0.96" CONTENT="nämligen"/><SP WIDTH="16" VPOS="729" HPOS="667"/>
							<String ID="string_193" HPOS="683" VPOS="728" WIDTH="101" HEIGHT="27" WC="0.96" CONTENT="ådagalagt"/><SP WIDTH="14" VPOS="728" HPOS="784"/>
							<String ID="string_194" HPOS="798" VPOS="731" WIDTH="29" HEIGHT="18" WC="0.96" CONTENT="att"/>
						</TextLine>
						<TextLine ID="line_22" HPOS="83" VPOS="753" WIDTH="743" HEIGHT="28">
							<String ID="string_195" HPOS="83" VPOS="761" WIDTH="24" HEIGHT="13" WC="0.93" CONTENT="en"/><SP WIDTH="13" VPOS="761" HPOS="107"/>
							<String ID="string_196" HPOS="120" VPOS="753" WIDTH="85" HEIGHT="27" WC="0.93" CONTENT="jernväg"/><SP WIDTH="14" VPOS="753" HPOS="205"/>
							<String ID="string_197" HPOS="219" VPOS="753" WIDTH="42" HEIGHT="20" WC="0.96" CONTENT="från"/><SP WIDTH="19" VPOS="753" HPOS="261"/>
							<String ID="string_198" HPOS="280" VPOS="754" WIDTH="76" HEIGHT="20" WC="0.93" CONTENT="landets"/><SP WIDTH="21" VPOS="754" HPOS="356"/>
							<String ID="string_199" HPOS="377" VPOS="755" WIDTH="107" HEIGHT="26" WC="0.92" CONTENT="sydvestra"/><SP WIDTH="14" VPOS="755" HPOS="484"/>
							<String ID="string_200" HPOS="498" VPOS="755" WIDTH="38" HEIGHT="19" WC="0.96" CONTENT="och"/><SP WIDTH="22" VPOS="755" HPOS="536"/>
							<String ID="string_201" HPOS="558" VPOS="757" WIDTH="65" HEIGHT="17" WC="0.96" CONTENT="vestra"/><SP WIDTH="18" VPOS="757" HPOS="623"/>
							<String ID="string_202" HPOS="641" VPOS="755" WIDTH="31" HEIGHT="20" WC="0.95" CONTENT="del"/><SP WIDTH="23" VPOS="755" HPOS="672"/>
							<String ID="string_203" HPOS="695" VPOS="755" WIDTH="45" HEIGHT="20" WC="0.96" CONTENT="med"/><SP WIDTH="14" VPOS="755" HPOS="740"/>
							<String ID="string_204" HPOS="754" VPOS="755" WIDTH="72" HEIGHT="20" WC="0.96" CONTENT="minsta"/>
						</TextLine>
						<TextLine ID="line_23" HPOS="83" VPOS="780" WIDTH="744" HEIGHT="28">
							<String ID="string_205" HPOS="83" VPOS="781" WIDTH="85" HEIGHT="20" WC="0.96" CONTENT="kostnad"/><SP WIDTH="14" VPOS="781" HPOS="168"/>
							<String ID="string_206" HPOS="182" VPOS="781" WIDTH="36" HEIGHT="20" WC="0.96" CONTENT="kan"/><SP WIDTH="18" VPOS="781" HPOS="218"/>
							<String ID="string_207" HPOS="236" VPOS="780" WIDTH="52" HEIGHT="20" WC="0.96" CONTENT="föras"/><SP WIDTH="21" VPOS="780" HPOS="288"/>
							<String ID="string_208" HPOS="309" VPOS="780" WIDTH="41" HEIGHT="21" WC="0.96" CONTENT="från"/><SP WIDTH="19" VPOS="780" HPOS="350"/>
							<String ID="string_209" HPOS="369" VPOS="781" WIDTH="78" HEIGHT="20" WC="0.96" CONTENT="trakten"/><SP WIDTH="20" VPOS="781" HPOS="447"/>
							<String ID="string_210" HPOS="467" VPOS="781" WIDTH="22" HEIGHT="20" WC="0.96" CONTENT="af"/><SP WIDTH="14" VPOS="781" HPOS="489"/>
							<String ID="string_211" HPOS="503" VPOS="782" WIDTH="123" HEIGHT="19" WC="0.96" CONTENT="Tavastehus"/><SP WIDTH="15" VPOS="782" HPOS="626"/>
							<String ID="string_212" HPOS="641" VPOS="781" WIDTH="19" HEIGHT="20" WC="0.93" CONTENT="åt"/><SP WIDTH="15" VPOS="781" HPOS="660"/>
							<String ID="string_213" HPOS="675" VPOS="782" WIDTH="82" HEIGHT="25" WC="0.92" CONTENT="Wiborg"/><SP WIDTH="14" VPOS="782" HPOS="757"/>
							<String ID="string_214" HPOS="771" VPOS="782" WIDTH="56" HEIGHT="26" WC="0.96" CONTENT="längs"/>
						</TextLine>
						<TextLine ID="line_24" HPOS="83" VPOS="807" WIDTH="744" HEIGHT="28">
							<String ID="string_215" HPOS="83" VPOS="807" WIDTH="119" HEIGHT="26" WC="0.96" CONTENT="sluttningen"/><SP WIDTH="15" VPOS="807" HPOS="202"/>
							<String ID="string_216" HPOS="217" VPOS="808" WIDTH="20" HEIGHT="19" WC="0.96" CONTENT="af"/><SP WIDTH="15" VPOS="808" HPOS="237"/>
							<String ID="string_217" HPOS="252" VPOS="807" WIDTH="40" HEIGHT="20" WC="0.93" CONTENT="den"/><SP WIDTH="20" VPOS="807" HPOS="292"/>
							<String ID="string_218" HPOS="312" VPOS="807" WIDTH="81" HEIGHT="25" WC="0.91" CONTENT="landtås,"/><SP WIDTH="18" VPOS="807" HPOS="393"/>
							<String ID="string_219" HPOS="411" VPOS="813" WIDTH="44" HEIGHT="14" WC="0.96" CONTENT="som"/><SP WIDTH="20" VPOS="813" HPOS="455"/>
							<String ID="string_220" HPOS="475" VPOS="809" WIDTH="34" HEIGHT="18" WC="0.96" CONTENT="här"/><SP WIDTH="18" VPOS="809" HPOS="509"/>
							<String ID="string_221" HPOS="527" VPOS="808" WIDTH="67" HEIGHT="25" WC="0.93" CONTENT="skiljer"/><SP WIDTH="20" VPOS="808" HPOS="594"/>
							<String ID="string_222" HPOS="614" VPOS="809" WIDTH="213" HEIGHT="26" WC="0.87" CONTENT="vattensystemerna"/><SP WIDTH="-10" VPOS="809" HPOS="827"/>
							<String ID="string_223" HPOS="817" VPOS="803" WIDTH="14" HEIGHT="36" WC="0.96" CONTENT="i"/>
						</TextLine>
						<TextLine ID="line_25" HPOS="83" VPOS="834" WIDTH="745" HEIGHT="27">
							<String ID="string_224" HPOS="83" VPOS="835" WIDTH="35" HEIGHT="20" WC="0.96" CONTENT="det"/><SP WIDTH="14" VPOS="835" HPOS="118"/>
							<String ID="string_225" HPOS="132" VPOS="835" WIDTH="42" HEIGHT="19" WC="0.96" CONTENT="inre"/><SP WIDTH="14" VPOS="835" HPOS="174"/>
							<String ID="string_226" HPOS="188" VPOS="835" WIDTH="66" HEIGHT="20" WC="0.96" CONTENT="landet"/><SP WIDTH="13" VPOS="835" HPOS="254"/>
							<String ID="string_227" HPOS="267" VPOS="834" WIDTH="43" HEIGHT="20" WC="0.96" CONTENT="från"/><SP WIDTH="14" VPOS="834" HPOS="310"/>
							<String ID="string_228" HPOS="324" VPOS="834" WIDTH="53" HEIGHT="26" WC="0.96" CONTENT="dem,"/><SP WIDTH="12" VPOS="834" HPOS="377"/>
							<String ID="string_229" HPOS="389" VPOS="835" WIDTH="65" HEIGHT="20" WC="0.95" CONTENT="hvilka"/><SP WIDTH="16" VPOS="835" HPOS="454"/>
							<String ID="string_230" HPOS="470" VPOS="835" WIDTH="74" HEIGHT="20" WC="0.96" CONTENT="tillhöra"/><SP WIDTH="11" VPOS="835" HPOS="544"/>
							<String ID="string_231" HPOS="555" VPOS="834" WIDTH="57" HEIGHT="21" WC="0.95" CONTENT="södra"/><SP WIDTH="15" VPOS="834" HPOS="612"/>
							<String ID="string_232" HPOS="627" VPOS="835" WIDTH="119" HEIGHT="26" WC="0.93" CONTENT="kustlandet,"/><SP WIDTH="15" VPOS="835" HPOS="746"/>
							<String ID="string_233" HPOS="761" VPOS="835" WIDTH="67" HEIGHT="20" WC="0.90" CONTENT="äfven-"/>
						</TextLine>
						<TextLine ID="line_26" HPOS="84" VPOS="861" WIDTH="744" HEIGHT="27">
							<String ID="string_234" HPOS="84" VPOS="867" WIDTH="44" HEIGHT="15" WC="0.96" CONTENT="som"/><SP WIDTH="14" VPOS="867" HPOS="128"/>
							<String ID="string_235" HPOS="142" VPOS="861" WIDTH="47" HEIGHT="21" WC="0.95" CONTENT="dess"/><SP WIDTH="15" VPOS="861" HPOS="189"/>
							<String ID="string_236" HPOS="204" VPOS="862" WIDTH="126" HEIGHT="25" WC="0.96" CONTENT="fortsättning"/><SP WIDTH="14" VPOS="862" HPOS="330"/>
							<String ID="string_237" HPOS="344" VPOS="862" WIDTH="67" HEIGHT="25" WC="0.93" CONTENT="längre"/><SP WIDTH="15" VPOS="862" HPOS="411"/>
							<String ID="string_238" HPOS="426" VPOS="864" WIDTH="91" HEIGHT="17" WC="0.93" CONTENT="vesterut"/><SP WIDTH="15" VPOS="864" HPOS="517"/>
							<String ID="string_239" HPOS="532" VPOS="862" WIDTH="37" HEIGHT="20" WC="0.96" CONTENT="blir"/><SP WIDTH="14" VPOS="862" HPOS="569"/>
							<String ID="string_240" HPOS="583" VPOS="862" WIDTH="56" HEIGHT="19" WC="0.93" CONTENT="desto"/><SP WIDTH="17" VPOS="862" HPOS="639"/>
							<String ID="string_241" HPOS="656" VPOS="861" WIDTH="137" HEIGHT="27" WC="0.92" CONTENT="förmånligare"/><SP WIDTH="11" VPOS="861" HPOS="793"/>
							<String ID="string_242" HPOS="804" VPOS="861" WIDTH="24" HEIGHT="27" WC="0.96" CONTENT="ju"/>
						</TextLine>
						<TextLine ID="line_27" HPOS="83" VPOS="888" WIDTH="599" HEIGHT="26">
							<String ID="string_243" HPOS="83" VPOS="890" WIDTH="93" HEIGHT="18" WC="0.96" CONTENT="närmare"/><SP WIDTH="15" VPOS="890" HPOS="176"/>
							<String ID="string_244" HPOS="191" VPOS="888" WIDTH="25" HEIGHT="20" WC="0.93" CONTENT="till"/><SP WIDTH="15" VPOS="888" HPOS="216"/>
							<String ID="string_245" HPOS="231" VPOS="888" WIDTH="62" HEIGHT="26" WC="0.90" CONTENT="sagde"/><SP WIDTH="14" VPOS="888" HPOS="293"/>
							<String ID="string_246" HPOS="307" VPOS="888" WIDTH="143" HEIGHT="20" WC="0.91" CONTENT="vattenskilnad"/><SP WIDTH="14" VPOS="888" HPOS="450"/>
							<String ID="string_247" HPOS="464" VPOS="888" WIDTH="141" HEIGHT="26" WC="0.93" CONTENT="anläggningen"/><SP WIDTH="15" VPOS="888" HPOS="605"/>
							<String ID="string_248" HPOS="620" VPOS="888" WIDTH="62" HEIGHT="20" WC="0.92" CONTENT="ledes."/>
						</TextLine>
					</TextBlock>
					<TextBlock ID="block_3" HPOS="83" VPOS="914" WIDTH="748" HEIGHT="500">
						<TextLine ID="line_28" HPOS="138" VPOS="914" WIDTH="691" HEIGHT="27">
							<String ID="string_249" HPOS="138" VPOS="916" WIDTH="29" HEIGHT="19" WC="0.93" CONTENT="En"/><SP WIDTH="14" VPOS="916" HPOS="167"/>
							<String ID="string_250" HPOS="181" VPOS="915" WIDTH="105" HEIGHT="26" WC="0.90" CONTENT="utgrening"/><SP WIDTH="14" VPOS="915" HPOS="286"/>
							<String ID="string_251" HPOS="300" VPOS="914" WIDTH="43" HEIGHT="21" WC="0.93" CONTENT="från"/><SP WIDTH="13" VPOS="914" HPOS="343"/>
							<String ID="string_252" HPOS="356" VPOS="915" WIDTH="251" HEIGHT="25" WC="0.92" CONTENT="Helsingfors-Tavastehus"/><SP WIDTH="12" VPOS="915" HPOS="607"/>
							<String ID="string_253" HPOS="619" VPOS="914" WIDTH="108" HEIGHT="27" WC="0.91" CONTENT="jernvägen"/><SP WIDTH="14" VPOS="914" HPOS="727"/>
							<String ID="string_254" HPOS="741" VPOS="914" WIDTH="20" HEIGHT="21" WC="0.96" CONTENT="åt"/><SP WIDTH="13" VPOS="914" HPOS="761"/>
							<String ID="string_255" HPOS="774" VPOS="918" WIDTH="55" HEIGHT="18" WC="0.95" CONTENT="öster"/>
						</TextLine>
						<TextLine ID="line_29" HPOS="83" VPOS="941" WIDTH="745" HEIGHT="26">
							<String ID="string_256" HPOS="83" VPOS="944" WIDTH="23" HEIGHT="17" WC="0.96" CONTENT="är"/><SP WIDTH="14" VPOS="944" HPOS="106"/>
							<String ID="string_257" HPOS="120" VPOS="942" WIDTH="116" HEIGHT="25" WC="0.96" CONTENT="föreslagen,"/><SP WIDTH="13" VPOS="942" HPOS="236"/>
							<String ID="string_258" HPOS="249" VPOS="942" WIDTH="78" HEIGHT="19" WC="0.96" CONTENT="hvilken"/><SP WIDTH="11" VPOS="942" HPOS="327"/>
							<String ID="string_259" HPOS="338" VPOS="941" WIDTH="81" HEIGHT="20" WC="0.94" CONTENT="komme"/><SP WIDTH="14" VPOS="941" HPOS="419"/>
							<String ID="string_260" HPOS="433" VPOS="944" WIDTH="28" HEIGHT="16" WC="0.96" CONTENT="att"/><SP WIDTH="11" VPOS="944" HPOS="461"/>
							<String ID="string_261" HPOS="472" VPOS="942" WIDTH="32" HEIGHT="20" WC="0.96" CONTENT="stä"/><SP WIDTH="8" VPOS="942" HPOS="504"/>
							<String ID="string_262" HPOS="512" VPOS="942" WIDTH="12" HEIGHT="18" WC="0.93" CONTENT="i"/><SP WIDTH="10" VPOS="942" HPOS="524"/>
							<String ID="string_263" HPOS="534" VPOS="942" WIDTH="91" HEIGHT="25" WC="0.96" CONTENT="beröring"/><SP WIDTH="9" VPOS="942" HPOS="625"/>
							<String ID="string_264" HPOS="634" VPOS="941" WIDTH="46" HEIGHT="20" WC="0.93" CONTENT="med"/><SP WIDTH="9" VPOS="941" HPOS="680"/>
							<String ID="string_265" HPOS="689" VPOS="941" WIDTH="79" HEIGHT="25" WC="0.93" CONTENT="Päijäne"/><SP WIDTH="9" VPOS="941" HPOS="768"/>
							<String ID="string_266" HPOS="777" VPOS="945" WIDTH="51" HEIGHT="17" WC="0.97" CONTENT="samt"/>
						</TextLine>
						<TextLine ID="line_30" HPOS="83" VPOS="968" WIDTH="745" HEIGHT="26">
							<String ID="string_267" HPOS="83" VPOS="968" WIDTH="87" HEIGHT="20" WC="0.48" CONTENT="derifrän"/><SP WIDTH="15" VPOS="968" HPOS="170"/>
							<String ID="string_268" HPOS="185" VPOS="968" WIDTH="68" HEIGHT="20" WC="0.93" CONTENT="vidare"/><SP WIDTH="15" VPOS="968" HPOS="253"/>
							<String ID="string_269" HPOS="268" VPOS="968" WIDTH="63" HEIGHT="25" WC="0.92" CONTENT="fortgä"/><SP WIDTH="15" VPOS="968" HPOS="331"/>
							<String ID="string_270" HPOS="346" VPOS="968" WIDTH="25" HEIGHT="20" WC="0.93" CONTENT="till"/><SP WIDTH="17" VPOS="968" HPOS="371"/>
							<String ID="string_271" HPOS="388" VPOS="968" WIDTH="82" HEIGHT="26" WC="0.92" CONTENT="Wiborg"/><SP WIDTH="15" VPOS="968" HPOS="470"/>
							<String ID="string_272" HPOS="485" VPOS="969" WIDTH="37" HEIGHT="19" WC="0.96" CONTENT="och"/><SP WIDTH="15" VPOS="969" HPOS="522"/>
							<String ID="string_273" HPOS="537" VPOS="969" WIDTH="31" HEIGHT="19" WC="0.96" CONTENT="S:t"/><SP WIDTH="9" VPOS="969" HPOS="568"/>
							<String ID="string_274" HPOS="577" VPOS="968" WIDTH="126" HEIGHT="26" WC="0.96" CONTENT="Petersburg,"/><SP WIDTH="16" VPOS="968" HPOS="703"/>
							<String ID="string_275" HPOS="719" VPOS="968" WIDTH="71" HEIGHT="20" WC="0.96" CONTENT="medan"/><SP WIDTH="14" VPOS="968" HPOS="790"/>
							<String ID="string_276" HPOS="804" VPOS="974" WIDTH="24" HEIGHT="14" WC="0.96" CONTENT="en"/>
						</TextLine>
						<TextLine ID="line_31" HPOS="83" VPOS="994" WIDTH="745" HEIGHT="26">
							<String ID="string_277" HPOS="83" VPOS="996" WIDTH="105" HEIGHT="24" WC="0.91" CONTENT="utgrening"/><SP WIDTH="14" VPOS="996" HPOS="188"/>
							<String ID="string_278" HPOS="202" VPOS="994" WIDTH="20" HEIGHT="20" WC="0.90" CONTENT="ät"/><SP WIDTH="16" VPOS="994" HPOS="222"/>
							<String ID="string_279" HPOS="238" VPOS="998" WIDTH="68" HEIGHT="16" WC="0.92" CONTENT="vester"/><SP WIDTH="14" VPOS="998" HPOS="306"/>
							<String ID="string_280" HPOS="320" VPOS="994" WIDTH="42" HEIGHT="20" WC="0.90" CONTENT="frän"/><SP WIDTH="21" VPOS="994" HPOS="362"/>
							<String ID="string_281" HPOS="383" VPOS="1000" WIDTH="75" HEIGHT="15" WC="0.93" CONTENT="samma"/><SP WIDTH="13" VPOS="1000" HPOS="458"/>
							<String ID="string_282" HPOS="471" VPOS="994" WIDTH="84" HEIGHT="26" WC="0.91" CONTENT="jernväg"/><SP WIDTH="20" VPOS="994" HPOS="555"/>
							<String ID="string_283" HPOS="575" VPOS="995" WIDTH="80" HEIGHT="20" WC="0.92" CONTENT="komme"/><SP WIDTH="17" VPOS="995" HPOS="655"/>
							<String ID="string_284" HPOS="672" VPOS="997" WIDTH="29" HEIGHT="18" WC="0.93" CONTENT="att"/><SP WIDTH="13" VPOS="997" HPOS="701"/>
							<String ID="string_285" HPOS="714" VPOS="995" WIDTH="73" HEIGHT="25" WC="0.92" CONTENT="dragas"/><SP WIDTH="15" VPOS="995" HPOS="787"/>
							<String ID="string_286" HPOS="802" VPOS="995" WIDTH="26" HEIGHT="20" WC="0.86" CONTENT="till"/>
						</TextLine>
						<TextLine ID="line_32" HPOS="84" VPOS="1020" WIDTH="745" HEIGHT="28">
							<String ID="string_287" HPOS="84" VPOS="1021" WIDTH="132" HEIGHT="21" WC="0.95" CONTENT="Tammerfors"/><SP WIDTH="18" VPOS="1021" HPOS="216"/>
							<String ID="string_288" HPOS="234" VPOS="1022" WIDTH="38" HEIGHT="20" WC="0.93" CONTENT="och"/><SP WIDTH="17" VPOS="1022" HPOS="272"/>
							<String ID="string_289" HPOS="289" VPOS="1020" WIDTH="109" HEIGHT="27" WC="0.91" CONTENT="Näsijärvis"/><SP WIDTH="20" VPOS="1020" HPOS="398"/>
							<String ID="string_290" HPOS="418" VPOS="1024" WIDTH="145" HEIGHT="24" WC="0.88" CONTENT="vattensystem"/><SP WIDTH="20" VPOS="1024" HPOS="563"/>
							<String ID="string_291" HPOS="583" VPOS="1024" WIDTH="52" HEIGHT="17" WC="0.93" CONTENT="samt"/><SP WIDTH="20" VPOS="1024" HPOS="635"/>
							<String ID="string_292" HPOS="655" VPOS="1021" WIDTH="86" HEIGHT="21" WC="0.92" CONTENT="härifrän"/><SP WIDTH="20" VPOS="1021" HPOS="741"/>
							<String ID="string_293" HPOS="761" VPOS="1021" WIDTH="68" HEIGHT="20" WC="0.96" CONTENT="vidare"/>
						</TextLine>
						<TextLine ID="line_33" HPOS="84" VPOS="1047" WIDTH="742" HEIGHT="28">
							<String ID="string_294" HPOS="84" VPOS="1049" WIDTH="28" HEIGHT="19" WC="0.93" CONTENT="till"/><SP WIDTH="17" VPOS="1049" HPOS="112"/>
							<String ID="string_295" HPOS="129" VPOS="1052" WIDTH="66" HEIGHT="16" WC="0.96" CONTENT="vestra"/><SP WIDTH="15" VPOS="1052" HPOS="195"/>
							<String ID="string_296" HPOS="210" VPOS="1048" WIDTH="78" HEIGHT="25" WC="0.95" CONTENT="kusten,"/><SP WIDTH="19" VPOS="1048" HPOS="288"/>
							<String ID="string_297" HPOS="307" VPOS="1048" WIDTH="46" HEIGHT="20" WC="0.96" CONTENT="med"/><SP WIDTH="15" VPOS="1048" HPOS="353"/>
							<String ID="string_298" HPOS="368" VPOS="1054" WIDTH="29" HEIGHT="21" WC="0.92" CONTENT="en"/><SP WIDTH="9" VPOS="1054" HPOS="397"/>
							<String ID="string_299" HPOS="406" VPOS="1048" WIDTH="70" HEIGHT="20" WC="0.96" CONTENT="bibana"/><SP WIDTH="21" VPOS="1048" HPOS="476"/>
							<String ID="string_300" HPOS="497" VPOS="1047" WIDTH="41" HEIGHT="21" WC="0.96" CONTENT="från"/><SP WIDTH="15" VPOS="1047" HPOS="538"/>
							<String ID="string_301" HPOS="553" VPOS="1048" WIDTH="62" HEIGHT="20" WC="0.96" CONTENT="denna"/><SP WIDTH="15" VPOS="1048" HPOS="615"/>
							<String ID="string_302" HPOS="630" VPOS="1048" WIDTH="112" HEIGHT="26" WC="0.96" CONTENT="sträckning"/><SP WIDTH="13" VPOS="1048" HPOS="742"/>
							<String ID="string_303" HPOS="755" VPOS="1053" WIDTH="71" HEIGHT="21" WC="0.96" CONTENT="genom"/>
						</TextLine>
						<TextLine ID="line_34" HPOS="84" VPOS="1074" WIDTH="745" HEIGHT="27">
							<String ID="string_304" HPOS="84" VPOS="1075" WIDTH="77" HEIGHT="21" WC="0.93" CONTENT="landets"/><SP WIDTH="15" VPOS="1075" HPOS="161"/>
							<String ID="string_305" HPOS="176" VPOS="1074" WIDTH="106" HEIGHT="27" WC="0.85" CONTENT="sydvestra"/><SP WIDTH="16" VPOS="1074" HPOS="282"/>
							<String ID="string_306" HPOS="298" VPOS="1075" WIDTH="30" HEIGHT="19" WC="0.96" CONTENT="del"/><SP WIDTH="17" VPOS="1075" HPOS="328"/>
							<String ID="string_307" HPOS="345" VPOS="1074" WIDTH="24" HEIGHT="20" WC="0.93" CONTENT="till"/><SP WIDTH="16" VPOS="1074" HPOS="369"/>
							<String ID="string_308" HPOS="385" VPOS="1075" WIDTH="49" HEIGHT="19" WC="0.94" CONTENT="Åbo."/><SP WIDTH="29" VPOS="1075" HPOS="434"/>
							<String ID="string_309" HPOS="463" VPOS="1075" WIDTH="49" HEIGHT="19" WC="0.93" CONTENT="Hela"/><SP WIDTH="17" VPOS="1075" HPOS="512"/>
							<String ID="string_310" HPOS="529" VPOS="1075" WIDTH="58" HEIGHT="19" WC="0.92" CONTENT="linien"/><SP WIDTH="20" VPOS="1075" HPOS="587"/>
							<String ID="string_311" HPOS="607" VPOS="1074" WIDTH="43" HEIGHT="20" WC="0.96" CONTENT="från"/><SP WIDTH="13" VPOS="1074" HPOS="650"/>
							<String ID="string_312" HPOS="663" VPOS="1075" WIDTH="32" HEIGHT="19" WC="0.96" CONTENT="S:t"/><SP WIDTH="14" VPOS="1075" HPOS="695"/>
							<String ID="string_313" HPOS="709" VPOS="1074" WIDTH="120" HEIGHT="26" WC="0.96" CONTENT="Petersburg"/>
						</TextLine>
						<TextLine ID="line_35" HPOS="85" VPOS="1101" WIDTH="745" HEIGHT="25">
							<String ID="string_314" HPOS="85" VPOS="1102" WIDTH="26" HEIGHT="20" WC="0.94" CONTENT="till"/><SP WIDTH="15" VPOS="1102" HPOS="111"/>
							<String ID="string_315" HPOS="126" VPOS="1102" WIDTH="133" HEIGHT="20" WC="0.96" CONTENT="Tammerfors"/><SP WIDTH="15" VPOS="1102" HPOS="259"/>
							<String ID="string_316" HPOS="274" VPOS="1103" WIDTH="22" HEIGHT="18" WC="0.93" CONTENT="är"/><SP WIDTH="13" VPOS="1103" HPOS="296"/>
							<String ID="string_317" HPOS="309" VPOS="1101" WIDTH="97" HEIGHT="21" WC="0.78" CONTENT="allaredan"/><SP WIDTH="11" VPOS="1101" HPOS="406"/>
							<String ID="string_318" HPOS="417" VPOS="1106" WIDTH="133" HEIGHT="20" WC="0.95" CONTENT="noggrannare"/><SP WIDTH="14" VPOS="1106" HPOS="550"/>
							<String ID="string_319" HPOS="564" VPOS="1101" WIDTH="116" HEIGHT="25" WC="0.95" CONTENT="undersökt,"/><SP WIDTH="11" VPOS="1101" HPOS="680"/>
							<String ID="string_320" HPOS="691" VPOS="1102" WIDTH="38" HEIGHT="18" WC="0.96" CONTENT="och"/><SP WIDTH="13" VPOS="1102" HPOS="729"/>
							<String ID="string_321" HPOS="742" VPOS="1101" WIDTH="40" HEIGHT="20" WC="0.93" CONTENT="Jen"/><SP WIDTH="14" VPOS="1101" HPOS="782"/>
							<String ID="string_322" HPOS="796" VPOS="1101" WIDTH="34" HEIGHT="19" WC="0.92" CONTENT="oli-"/>
						</TextLine>
						<TextLine ID="line_36" HPOS="85" VPOS="1127" WIDTH="743" HEIGHT="25">
							<String ID="string_323" HPOS="85" VPOS="1129" WIDTH="25" HEIGHT="19" WC="0.92" CONTENT="ka"/><SP WIDTH="15" VPOS="1129" HPOS="110"/>
							<String ID="string_324" HPOS="125" VPOS="1128" WIDTH="110" HEIGHT="20" WC="0.95" CONTENT="kostnaden"/><SP WIDTH="20" VPOS="1128" HPOS="235"/>
							<String ID="string_325" HPOS="255" VPOS="1129" WIDTH="29" HEIGHT="19" WC="0.96" CONTENT="för"/><SP WIDTH="15" VPOS="1129" HPOS="284"/>
							<String ID="string_326" HPOS="299" VPOS="1128" WIDTH="24" HEIGHT="19" WC="0.93" CONTENT="de"/><SP WIDTH="15" VPOS="1128" HPOS="323"/>
							<String ID="string_327" HPOS="338" VPOS="1128" WIDTH="63" HEIGHT="20" WC="0.96" CONTENT="skilda"/><SP WIDTH="20" VPOS="1128" HPOS="401"/>
							<String ID="string_328" HPOS="421" VPOS="1128" WIDTH="61" HEIGHT="24" WC="0.93" CONTENT="leder,"/><SP WIDTH="16" VPOS="1128" HPOS="482"/>
							<String ID="string_329" HPOS="498" VPOS="1127" WIDTH="65" HEIGHT="20" WC="0.96" CONTENT="hvilka"/><SP WIDTH="16" VPOS="1127" HPOS="563"/>
							<String ID="string_330" HPOS="579" VPOS="1128" WIDTH="31" HEIGHT="19" WC="0.93" CONTENT="vid"/><SP WIDTH="21" VPOS="1128" HPOS="610"/>
							<String ID="string_331" HPOS="631" VPOS="1127" WIDTH="114" HEIGHT="20" WC="0.95" CONTENT="densamma"/><SP WIDTH="17" VPOS="1127" HPOS="745"/>
							<String ID="string_332" HPOS="762" VPOS="1128" WIDTH="66" HEIGHT="19" WC="0.96" CONTENT="kunna"/>
						</TextLine>
						<TextLine ID="line_37" HPOS="85" VPOS="1153" WIDTH="743" HEIGHT="27">
							<String ID="string_333" HPOS="85" VPOS="1156" WIDTH="82" HEIGHT="18" WC="0.95" CONTENT="komma"/><SP WIDTH="14" VPOS="1156" HPOS="167"/>
							<String ID="string_334" HPOS="181" VPOS="1155" WIDTH="5" HEIGHT="19" WC="0.93" CONTENT="i"/><SP WIDTH="14" VPOS="1155" HPOS="186"/>
							<String ID="string_335" HPOS="200" VPOS="1154" WIDTH="61" HEIGHT="26" WC="0.92" CONTENT="fräga,"/><SP WIDTH="16" VPOS="1154" HPOS="261"/>
							<String ID="string_336" HPOS="277" VPOS="1154" WIDTH="107" HEIGHT="20" WC="0.88" CONTENT="beräknad."/><SP WIDTH="30" VPOS="1154" HPOS="384"/>
							<String ID="string_337" HPOS="414" VPOS="1155" WIDTH="36" HEIGHT="18" WC="0.96" CONTENT="För"/><SP WIDTH="14" VPOS="1155" HPOS="450"/>
							<String ID="string_338" HPOS="464" VPOS="1154" WIDTH="45" HEIGHT="19" WC="0.93" CONTENT="hela"/><SP WIDTH="13" VPOS="1154" HPOS="509"/>
							<String ID="string_339" HPOS="522" VPOS="1154" WIDTH="57" HEIGHT="19" WC="0.93" CONTENT="linien"/><SP WIDTH="14" VPOS="1154" HPOS="579"/>
							<String ID="string_340" HPOS="593" VPOS="1154" WIDTH="64" HEIGHT="18" WC="0.93" CONTENT="skulle"/><SP WIDTH="14" VPOS="1154" HPOS="657"/>
							<String ID="string_341" HPOS="671" VPOS="1153" WIDTH="109" HEIGHT="20" WC="0.92" CONTENT="kostnaden"/><SP WIDTH="15" VPOS="1153" HPOS="780"/>
							<String ID="string_342" HPOS="795" VPOS="1159" WIDTH="33" HEIGHT="13" WC="0.93" CONTENT="en-"/>
						</TextLine>
						<TextLine ID="line_38" HPOS="86" VPOS="1179" WIDTH="742" HEIGHT="28">
							<String ID="string_343" HPOS="86" VPOS="1181" WIDTH="34" HEIGHT="26" WC="0.96" CONTENT="ligt"/><SP WIDTH="18" VPOS="1181" HPOS="120"/>
							<String ID="string_344" HPOS="138" VPOS="1181" WIDTH="24" HEIGHT="19" WC="0.95" CONTENT="de"/><SP WIDTH="18" VPOS="1181" HPOS="162"/>
							<String ID="string_345" HPOS="180" VPOS="1180" WIDTH="96" HEIGHT="20" WC="0.87" CONTENT="särskilda"/><SP WIDTH="20" VPOS="1180" HPOS="276"/>
							<String ID="string_346" HPOS="296" VPOS="1180" WIDTH="96" HEIGHT="26" WC="0.96" CONTENT="förslagen"/><SP WIDTH="14" VPOS="1180" HPOS="392"/>
							<String ID="string_347" HPOS="406" VPOS="1179" WIDTH="66" HEIGHT="26" WC="0.94" CONTENT="uppgå"/><SP WIDTH="21" VPOS="1179" HPOS="472"/>
							<String ID="string_348" HPOS="493" VPOS="1180" WIDTH="25" HEIGHT="20" WC="0.93" CONTENT="till"/><SP WIDTH="17" VPOS="1180" HPOS="518"/>
							<String ID="string_349" HPOS="535" VPOS="1180" WIDTH="124" HEIGHT="24" WC="0.90" CONTENT="28,600,000"/><SP WIDTH="17" VPOS="1180" HPOS="659"/>
							<String ID="string_350" HPOS="676" VPOS="1180" WIDTH="12" HEIGHT="18" WC="0.87" CONTENT="a"/><SP WIDTH="17" VPOS="1180" HPOS="688"/>
							<String ID="string_351" HPOS="705" VPOS="1180" WIDTH="123" HEIGHT="24" WC="0.77" CONTENT="51,400,900"/>
						</TextLine>
						<TextLine ID="line_39" HPOS="86" VPOS="1205" WIDTH="743" HEIGHT="27">
							<String ID="string_352" HPOS="86" VPOS="1207" WIDTH="57" HEIGHT="20" WC="0.92" CONTENT="mark"/><SP WIDTH="19" VPOS="1207" HPOS="143"/>
							<String ID="string_353" HPOS="162" VPOS="1208" WIDTH="116" HEIGHT="24" WC="0.87" CONTENT="(7,150,050"/><SP WIDTH="18" VPOS="1208" HPOS="278"/>
							<String ID="string_354" HPOS="296" VPOS="1207" WIDTH="12" HEIGHT="19" WC="0.83" CONTENT="&amp;"/><SP WIDTH="17" VPOS="1207" HPOS="308"/>
							<String ID="string_355" HPOS="325" VPOS="1206" WIDTH="122" HEIGHT="26" WC="0.91" CONTENT="12,850,000"/><SP WIDTH="18" VPOS="1206" HPOS="447"/>
							<String ID="string_356" HPOS="465" VPOS="1207" WIDTH="70" HEIGHT="24" WC="0.96" CONTENT="rubel),"/><SP WIDTH="22" VPOS="1207" HPOS="535"/>
							<String ID="string_357" HPOS="557" VPOS="1205" WIDTH="25" HEIGHT="21" WC="0.95" CONTENT="dä"/><SP WIDTH="17" VPOS="1205" HPOS="582"/>
							<String ID="string_358" HPOS="599" VPOS="1206" WIDTH="5" HEIGHT="19" WC="0.93" CONTENT="i"/><SP WIDTH="18" VPOS="1206" HPOS="604"/>
							<String ID="string_359" HPOS="622" VPOS="1206" WIDTH="84" HEIGHT="20" WC="0.91" CONTENT="sednare"/><SP WIDTH="15" VPOS="1206" HPOS="706"/>
							<String ID="string_360" HPOS="721" VPOS="1206" WIDTH="53" HEIGHT="19" WC="0.96" CONTENT="fallet"/><SP WIDTH="18" VPOS="1206" HPOS="774"/>
							<String ID="string_361" HPOS="792" VPOS="1205" WIDTH="37" HEIGHT="20" WC="0.96" CONTENT="den"/>
						</TextLine>
						<TextLine ID="line_40" HPOS="85" VPOS="1232" WIDTH="743" HEIGHT="26">
							<String ID="string_362" HPOS="85" VPOS="1234" WIDTH="54" HEIGHT="19" WC="0.93" CONTENT="östra"/><SP WIDTH="14" VPOS="1234" HPOS="139"/>
							<String ID="string_363" HPOS="153" VPOS="1234" WIDTH="64" HEIGHT="19" WC="0.96" CONTENT="banan"/><SP WIDTH="14" VPOS="1234" HPOS="217"/>
							<String ID="string_364" HPOS="231" VPOS="1234" WIDTH="64" HEIGHT="19" WC="0.93" CONTENT="skulle"/><SP WIDTH="13" VPOS="1234" HPOS="295"/>
							<String ID="string_365" HPOS="308" VPOS="1233" WIDTH="54" HEIGHT="19" WC="0.96" CONTENT="ledas"/><SP WIDTH="17" VPOS="1233" HPOS="362"/>
							<String ID="string_366" HPOS="379" VPOS="1233" WIDTH="56" HEIGHT="19" WC="0.93" CONTENT="öfver"/><SP WIDTH="14" VPOS="1233" HPOS="435"/>
							<String ID="string_367" HPOS="449" VPOS="1232" WIDTH="112" HEIGHT="26" WC="0.92" CONTENT="Anianpelto"/><SP WIDTH="15" VPOS="1232" HPOS="561"/>
							<String ID="string_368" HPOS="576" VPOS="1233" WIDTH="38" HEIGHT="19" WC="0.93" CONTENT="och"/><SP WIDTH="14" VPOS="1233" HPOS="614"/>
							<String ID="string_369" HPOS="628" VPOS="1232" WIDTH="158" HEIGHT="20" WC="0.53" CONTENT="Willmanstrand"/><SP WIDTH="16" VPOS="1232" HPOS="786"/>
							<String ID="string_370" HPOS="802" VPOS="1232" WIDTH="26" HEIGHT="19" WC="0.96" CONTENT="till"/>
						</TextLine>
						<TextLine ID="line_41" HPOS="86" VPOS="1258" WIDTH="744" HEIGHT="27">
							<String ID="string_371" HPOS="86" VPOS="1259" WIDTH="83" HEIGHT="26" WC="0.92" CONTENT="Wiborg"/><SP WIDTH="14" VPOS="1259" HPOS="169"/>
							<String ID="string_372" HPOS="183" VPOS="1260" WIDTH="37" HEIGHT="19" WC="0.93" CONTENT="och"/><SP WIDTH="15" VPOS="1260" HPOS="220"/>
							<String ID="string_373" HPOS="235" VPOS="1259" WIDTH="78" HEIGHT="20" WC="0.94" CONTENT="således"/><SP WIDTH="14" VPOS="1259" HPOS="313"/>
							<String ID="string_374" HPOS="327" VPOS="1260" WIDTH="61" HEIGHT="18" WC="0.96" CONTENT="sättas"/><SP WIDTH="14" VPOS="1260" HPOS="388"/>
							<String ID="string_375" HPOS="402" VPOS="1259" WIDTH="6" HEIGHT="18" WC="0.93" CONTENT="i"/><SP WIDTH="14" VPOS="1259" HPOS="408"/>
							<String ID="string_376" HPOS="422" VPOS="1259" WIDTH="90" HEIGHT="25" WC="0.96" CONTENT="beröring"/><SP WIDTH="14" VPOS="1259" HPOS="512"/>
							<String ID="string_377" HPOS="526" VPOS="1258" WIDTH="45" HEIGHT="20" WC="0.93" CONTENT="med"/><SP WIDTH="14" VPOS="1258" HPOS="571"/>
							<String ID="string_378" HPOS="585" VPOS="1259" WIDTH="91" HEIGHT="19" WC="0.92" CONTENT="Saimens"/><SP WIDTH="13" VPOS="1259" HPOS="676"/>
							<String ID="string_379" HPOS="689" VPOS="1261" WIDTH="75" HEIGHT="22" WC="0.93" CONTENT="vatten,"/><SP WIDTH="17" VPOS="1261" HPOS="764"/>
							<String ID="string_380" HPOS="781" VPOS="1258" WIDTH="49" HEIGHT="19" WC="0.92" CONTENT="hvil-"/>
						</TextLine>
						<TextLine ID="line_42" HPOS="87" VPOS="1284" WIDTH="742" HEIGHT="26">
							<String ID="string_381" HPOS="87" VPOS="1286" WIDTH="34" HEIGHT="19" WC="0.96" CONTENT="ket"/><SP WIDTH="14" VPOS="1286" HPOS="121"/>
							<String ID="string_382" HPOS="135" VPOS="1284" WIDTH="88" HEIGHT="21" WC="0.96" CONTENT="ändamål"/><SP WIDTH="15" VPOS="1284" HPOS="223"/>
							<String ID="string_383" HPOS="238" VPOS="1285" WIDTH="58" HEIGHT="19" WC="0.71" CONTENT="likväl"/><SP WIDTH="16" VPOS="1285" HPOS="296"/>
							<String ID="string_384" HPOS="312" VPOS="1285" WIDTH="57" HEIGHT="19" WC="0.95" CONTENT="äfven"/><SP WIDTH="14" VPOS="1285" HPOS="369"/>
							<String ID="string_385" HPOS="383" VPOS="1285" WIDTH="5" HEIGHT="18" WC="0.93" CONTENT="i"/><SP WIDTH="15" VPOS="1285" HPOS="388"/>
							<String ID="string_386" HPOS="403" VPOS="1285" WIDTH="52" HEIGHT="19" WC="0.96" CONTENT="förra"/><SP WIDTH="14" VPOS="1285" HPOS="455"/>
							<String ID="string_387" HPOS="469" VPOS="1286" WIDTH="58" HEIGHT="24" WC="0.96" CONTENT="fallet,"/><SP WIDTH="11" VPOS="1286" HPOS="527"/>
							<String ID="string_388" HPOS="538" VPOS="1284" WIDTH="24" HEIGHT="20" WC="0.93" CONTENT="dä"/><SP WIDTH="15" VPOS="1284" HPOS="562"/>
							<String ID="string_389" HPOS="577" VPOS="1285" WIDTH="65" HEIGHT="19" WC="0.96" CONTENT="banan"/><SP WIDTH="15" VPOS="1285" HPOS="642"/>
							<String ID="string_390" HPOS="657" VPOS="1284" WIDTH="62" HEIGHT="20" WC="0.93" CONTENT="skulle"/><SP WIDTH="14" VPOS="1284" HPOS="719"/>
							<String ID="string_391" HPOS="733" VPOS="1284" WIDTH="53" HEIGHT="19" WC="0.93" CONTENT="föras"/><SP WIDTH="15" VPOS="1284" HPOS="786"/>
							<String ID="string_392" HPOS="801" VPOS="1284" WIDTH="28" HEIGHT="18" WC="0.71" CONTENT="öf-"/>
						</TextLine>
						<TextLine ID="line_43" HPOS="87" VPOS="1310" WIDTH="743" HEIGHT="25">
							<String ID="string_393" HPOS="87" VPOS="1318" WIDTH="36" HEIGHT="13" WC="0.96" CONTENT="ver"/><SP WIDTH="15" VPOS="1318" HPOS="123"/>
							<String ID="string_394" HPOS="138" VPOS="1312" WIDTH="65" HEIGHT="19" WC="0.96" CONTENT="Lahtis"/><SP WIDTH="15" VPOS="1312" HPOS="203"/>
							<String ID="string_395" HPOS="218" VPOS="1312" WIDTH="33" HEIGHT="18" WC="0.93" CONTENT="vid"/><SP WIDTH="15" VPOS="1312" HPOS="251"/>
							<String ID="string_396" HPOS="266" VPOS="1310" WIDTH="107" HEIGHT="25" WC="0.92" CONTENT="Wesijärvi"/><SP WIDTH="15" VPOS="1310" HPOS="373"/>
							<String ID="string_397" HPOS="388" VPOS="1312" WIDTH="38" HEIGHT="18" WC="0.96" CONTENT="och"/><SP WIDTH="14" VPOS="1312" HPOS="426"/>
							<String ID="string_398" HPOS="440" VPOS="1310" WIDTH="85" HEIGHT="20" WC="0.96" CONTENT="härifrån"/><SP WIDTH="14" VPOS="1310" HPOS="525"/>
							<String ID="string_399" HPOS="539" VPOS="1310" WIDTH="64" HEIGHT="20" WC="0.96" CONTENT="direkt"/><SP WIDTH="14" VPOS="1310" HPOS="603"/>
							<String ID="string_400" HPOS="617" VPOS="1311" WIDTH="26" HEIGHT="19" WC="0.93" CONTENT="till"/><SP WIDTH="15" VPOS="1311" HPOS="643"/>
							<String ID="string_401" HPOS="658" VPOS="1310" WIDTH="89" HEIGHT="24" WC="0.92" CONTENT="Wiborg,"/><SP WIDTH="16" VPOS="1310" HPOS="747"/>
							<String ID="string_402" HPOS="763" VPOS="1310" WIDTH="67" HEIGHT="19" WC="0.96" CONTENT="kunde"/>
						</TextLine>
						<TextLine ID="line_44" HPOS="88" VPOS="1334" WIDTH="740" HEIGHT="27">
							<String ID="string_403" HPOS="88" VPOS="1337" WIDTH="68" HEIGHT="18" WC="0.95" CONTENT="vinnas"/><SP WIDTH="15" VPOS="1337" HPOS="156"/>
							<String ID="string_404" HPOS="171" VPOS="1342" WIDTH="70" HEIGHT="19" WC="0.96" CONTENT="genom"/><SP WIDTH="21" VPOS="1342" HPOS="241"/>
							<String ID="string_405" HPOS="262" VPOS="1337" WIDTH="49" HEIGHT="19" WC="0.96" CONTENT="blott"/><SP WIDTH="17" VPOS="1337" HPOS="311"/>
							<String ID="string_406" HPOS="328" VPOS="1341" WIDTH="24" HEIGHT="14" WC="0.96" CONTENT="en"/><SP WIDTH="19" VPOS="1341" HPOS="352"/>
							<String ID="string_407" HPOS="371" VPOS="1336" WIDTH="70" HEIGHT="19" WC="0.95" CONTENT="bibana"/><SP WIDTH="19" VPOS="1336" HPOS="441"/>
							<String ID="string_408" HPOS="460" VPOS="1335" WIDTH="42" HEIGHT="20" WC="0.93" CONTENT="från"/><SP WIDTH="14" VPOS="1335" HPOS="502"/>
							<String ID="string_409" HPOS="516" VPOS="1335" WIDTH="83" HEIGHT="24" WC="0.91" CONTENT="Wiborg"/><SP WIDTH="21" VPOS="1335" HPOS="599"/>
							<String ID="string_410" HPOS="620" VPOS="1336" WIDTH="26" HEIGHT="19" WC="0.92" CONTENT="till"/><SP WIDTH="14" VPOS="1336" HPOS="646"/>
							<String ID="string_411" HPOS="660" VPOS="1334" WIDTH="168" HEIGHT="25" WC="0.90" CONTENT="Willmanstrand,"/>
						</TextLine>
						<TextLine ID="line_45" HPOS="88" VPOS="1361" WIDTH="743" HEIGHT="25">
							<String ID="string_412" HPOS="88" VPOS="1363" WIDTH="29" HEIGHT="19" WC="0.96" CONTENT="för"/><SP WIDTH="14" VPOS="1363" HPOS="117"/>
							<String ID="string_413" HPOS="131" VPOS="1362" WIDTH="66" HEIGHT="20" WC="0.96" CONTENT="hvilka"/><SP WIDTH="15" VPOS="1362" HPOS="197"/>
							<String ID="string_414" HPOS="212" VPOS="1363" WIDTH="62" HEIGHT="19" WC="0.96" CONTENT="banor"/><SP WIDTH="14" VPOS="1363" HPOS="274"/>
							<String ID="string_415" HPOS="288" VPOS="1361" WIDTH="147" HEIGHT="25" WC="0.96" CONTENT="sammanlagda"/><SP WIDTH="10" VPOS="1361" HPOS="435"/>
							<String ID="string_416" HPOS="445" VPOS="1361" WIDTH="110" HEIGHT="20" WC="0.96" CONTENT="kostnaden"/><SP WIDTH="14" VPOS="1361" HPOS="555"/>
							<String ID="string_417" HPOS="569" VPOS="1361" WIDTH="64" HEIGHT="20" WC="0.96" CONTENT="skulle"/><SP WIDTH="13" VPOS="1361" HPOS="633"/>
							<String ID="string_418" HPOS="646" VPOS="1361" WIDTH="64" HEIGHT="25" WC="0.95" CONTENT="uppgå"/><SP WIDTH="15" VPOS="1361" HPOS="710"/>
							<String ID="string_419" HPOS="725" VPOS="1361" WIDTH="26" HEIGHT="19" WC="0.95" CONTENT="till"/><SP WIDTH="11" VPOS="1361" HPOS="751"/>
							<String ID="string_420" HPOS="762" VPOS="1361" WIDTH="69" HEIGHT="19" WC="0.96" CONTENT="endast"/>
						</TextLine>
						<TextLine ID="line_46" HPOS="88" VPOS="1388" WIDTH="413" HEIGHT="26">
							<String ID="string_421" HPOS="88" VPOS="1389" WIDTH="124" HEIGHT="25" WC="0.82" CONTENT="34,860,000"/><SP WIDTH="15" VPOS="1389" HPOS="212"/>
							<String ID="string_422" HPOS="227" VPOS="1389" WIDTH="57" HEIGHT="19" WC="0.93" CONTENT="mark"/><SP WIDTH="15" VPOS="1389" HPOS="284"/>
							<String ID="string_423" HPOS="299" VPOS="1388" WIDTH="117" HEIGHT="25" WC="0.88" CONTENT="(8,715,000"/><SP WIDTH="15" VPOS="1388" HPOS="416"/>
							<String ID="string_424" HPOS="431" VPOS="1388" WIDTH="70" HEIGHT="24" WC="0.96" CONTENT="rubel)."/>
						</TextLine>
					</TextBlock>
					<TextBlock ID="block_4" HPOS="89" VPOS="1413" WIDTH="743" HEIGHT="54">
						<TextLine ID="line_47" HPOS="144" VPOS="1413" WIDTH="688" HEIGHT="28">
							<String ID="string_425" HPOS="144" VPOS="1415" WIDTH="92" HEIGHT="20" WC="0.92" CONTENT="Hvarken"/><SP WIDTH="14" VPOS="1415" HPOS="236"/>
							<String ID="string_426" HPOS="250" VPOS="1415" WIDTH="25" HEIGHT="20" WC="0.96" CONTENT="de"/><SP WIDTH="15" VPOS="1415" HPOS="275"/>
							<String ID="string_427" HPOS="290" VPOS="1414" WIDTH="77" HEIGHT="27" WC="0.85" CONTENT="möjliga"/><SP WIDTH="14" VPOS="1414" HPOS="367"/>
							<String ID="string_428" HPOS="381" VPOS="1413" WIDTH="126" HEIGHT="27" WC="0.92" CONTENT="tillgångarne"/><SP WIDTH="9" VPOS="1413" HPOS="507"/>
							<String ID="string_429" HPOS="516" VPOS="1414" WIDTH="47" HEIGHT="20" WC="0.90" CONTENT="elier"/><SP WIDTH="11" VPOS="1414" HPOS="563"/>
							<String ID="string_430" HPOS="574" VPOS="1413" WIDTH="76" HEIGHT="20" WC="0.93" CONTENT="landets"/><SP WIDTH="14" VPOS="1413" HPOS="650"/>
							<String ID="string_431" HPOS="664" VPOS="1413" WIDTH="114" HEIGHT="20" WC="0.90" CONTENT="industriela"/><SP WIDTH="14" VPOS="1413" HPOS="778"/>
							<String ID="string_432" HPOS="792" VPOS="1413" WIDTH="40" HEIGHT="20" WC="0.92" CONTENT="för-"/>
						</TextLine>
						<TextLine ID="line_48" HPOS="89" VPOS="1439" WIDTH="742" HEIGHT="28">
							<String ID="string_433" HPOS="89" VPOS="1441" WIDTH="102" HEIGHT="23" WC="0.90" CONTENT="hållanden"/><SP WIDTH="17" VPOS="1441" HPOS="191"/>
							<String ID="string_434" HPOS="208" VPOS="1441" WIDTH="98" HEIGHT="26" WC="0.90" CONTENT="medgifva"/><SP WIDTH="21" VPOS="1441" HPOS="306"/>
							<String ID="string_435" HPOS="327" VPOS="1441" WIDTH="50" HEIGHT="20" WC="0.96" CONTENT="dock"/><SP WIDTH="18" VPOS="1441" HPOS="377"/>
							<String ID="string_436" HPOS="395" VPOS="1441" WIDTH="4" HEIGHT="20" WC="0.96" CONTENT="i"/><SP WIDTH="18" VPOS="1441" HPOS="399"/>
							<String ID="string_437" HPOS="417" VPOS="1442" WIDTH="100" HEIGHT="19" WC="0.95" CONTENT="närmaste"/><SP WIDTH="23" VPOS="1442" HPOS="517"/>
							<String ID="string_438" HPOS="540" VPOS="1440" WIDTH="78" HEIGHT="21" WC="0.95" CONTENT="framtid"/><SP WIDTH="18" VPOS="1440" HPOS="618"/>
							<String ID="string_439" HPOS="636" VPOS="1443" WIDTH="29" HEIGHT="18" WC="0.96" CONTENT="ett"/><SP WIDTH="21" VPOS="1443" HPOS="665"/>
							<String ID="string_440" HPOS="686" VPOS="1439" WIDTH="21" HEIGHT="21" WC="0.93" CONTENT="sä"/><SP WIDTH="21" VPOS="1439" HPOS="707"/>
							<String ID="string_441" HPOS="728" VPOS="1440" WIDTH="103" HEIGHT="19" WC="0.92" CONTENT="omfattan-"/>
						</TextLine>
					</TextBlock>
					<TextBlock ID="block_5" HPOS="761" VPOS="1473" WIDTH="23" HEIGHT="16">
						<TextLine ID="line_49" HPOS="761" VPOS="1473" WIDTH="23" HEIGHT="16">
							<String ID="string_442" HPOS="761" VPOS="1473" WIDTH="23" HEIGHT="16" WC="0.95" CONTENT="59"/>
						</TextLine>
					</TextBlock>
				</ComposedBlock>
				<GraphicalElement ID="cblock_2" HPOS="1009" VPOS="24" WIDTH="8" HEIGHT="1033"></GraphicalElement >
			</PrintSpace>
		</Page>
	</Layout>
</alto>
