1009 1684
302 143 70 23 Nädiga
384 145 141 23 Propositionen
538 144 36 18 N:o
586 146 28 16 32.
788 145 43 20 1037

87 192 67 19 utöfva
164 192 34 19 det
207 192 92 19 inseende
309 193 56 19 öfver
375 193 141 26 förvaltningen
526 194 20 19 af
554 194 98 25 primitiva
661 195 39 19 och
710 195 122 26 hypotheks-

87 217 102 25 fonderna,
209 224 43 13 som
270 219 74 20 härtills
362 220 104 20 handhafts
484 221 20 18 af
519 221 97 19 Senatens
634 217 116 35 Ekonomie-
761 217 71 35 Depar-

87 246 82 17 tement.

139 271 41 19 2:0.
210 271 176 26 Bankfullmäktige
404 273 108 19 tillkomma
529 273 117 25 rättigheten
664 276 37 21 att,
722 274 26 19 till
766 274 66 20 besät-

85 297 59 28 tande
159 298 43 19 utaf
214 297 96 20 hvardera
325 299 21 18 af
359 298 32 19 två
409 299 5 18 i
428 299 80 20 Banken
525 300 50 19 först
592 300 152 25 ledigblifvande
762 300 69 20 Direk-

85 324 131 24 törstjenster,
233 325 37 19 hos
284 325 96 19 Senatens
393 326 259 25 Ekonomie-Departement
661 326 71 20 föreslä
743 325 33 20 tvä
786 327 44 19 der-

86 349 26 20 till
129 351 92 24 lämplige
238 356 105 21 personer,
362 351 20 19 af
398 352 65 19 hvilka
483 353 63 18 Hans
567 352 132 26 Kejserliga
719 352 112 26 Majestät

84 375 25 26 pä
124 377 172 25 Departementets
313 378 142 25 framställning
465 381 102 17 utnämner
577 384 23 14 en
611 379 27 20 till
652 379 91 20 Direktör
760 379 5 19 i
782 380 48 19 Ban-

84 403 45 19 ken.
159 403 44 20 Och
217 404 79 19 komma
310 403 86 20 derefter
410 405 52 19 alltid
478 407 72 17 tvenne
565 405 4 18 i
585 405 100 20 enahanda
704 405 81 26 ordning
794 406 37 19 till-

85 431 50 18 satta-
157 430 114 19 Direktörer
291 433 29 17 att
336 430 10 20 ä
364 431 120 20 Ständernas
502 433 74 23 vägnar
593 432 5 18 i
615 432 80 19 Banken
712 431 116 26 tjenstgöra.

82 456 65 28 Dessa
161 455 25 26 pä
200 456 186 26 Bankfullmäktiges
400 458 72 24 förslag
487 458 80 19 tillsatta
583 459 114 19 Direktörer
710 459 80 19 komma
801 461 29 17 att

84 481 73 25 åtnjuta
173 489 76 14 samma
264 483 143 20 iöneförmäner
420 485 38 18 och
472 484 148 26 berättiganden
636 485 5 19 i
655 485 64 25 öfrigt,
736 490 44 15 som
794 487 34 18 äro

83 509 49 20 eller
144 509 61 20 blifva
219 510 134 20 lelamöterne
368 511 4 18 i
387 511 189 20 Bankodirektionen
592 511 85 25 tillagda.

138 543 40 18 3:0.
208 542 122 20 Ordförande
343 543 5 18 i
362 543 190 20 Bankodirektionen
568 543 36 19 och
619 543 60 25 öfriga
695 543 113 20 Direktörer
822 544 6 19 i

82 568 79 20 Banken
177 569 102 19 utnämnas
293 569 21 18 af
328 569 58 19 Hans
400 568 109 25 Majestät
523 570 5 18 i
543 569 64 25 vanlig
622 569 88 25 ordning,
723 570 103 19 äfvensom

82 595 46 19 med
143 595 125 19 tillsättandet
282 595 20 19 af
315 595 59 25 öfriga
388 595 148 20 Bankoverkets
551 596 87 19 embets-
652 597 38 18 och
709 595 119 26 tjenstemän

82 621 92 19 förhälles
189 621 57 25 enligt
260 627 25 13 nu
300 621 86 25 gällande
400 621 48 19 eller
463 623 106 19 framdeles
584 622 20 18 af
616 623 63 18 Hans
693 621 136 27 Kejserliga

82 646 109 25 Majestät
206 648 116 20 meddelade
336 648 126 24 stadganden.

135 674 40 18 4:0.
204 673 112 25 Ordningen
334 674 28 19 för
380 674 141 25 förvaltningen
542 674 20 19 af
581 673 149 26 ifrågavarande
751 676 37 18 och
807 676 22 19 af

82 700 60 25 öfriga
157 700 5 18 i
176 700 78 19 Banken
268 700 90 20 nedsatta
372 703 59 17 stats-
446 702 37 18 och
496 700 140 20 militieverket
651 701 95 25 tillhöriga
759 700 70 21 fonder

82 726 101 20 förblifver
198 726 115 20 oförändrad
328 727 26 19 till
363 727 54 19 <less
432 726 62 20 Hans
508 726 132 26 Kejserliga
650 726 117 26 Majestät,
779 728 50 19 efter

82 752 128 19 inhemtande
224 753 20 19 af
256 753 184 25 Bankfullmäktiges
454 753 101 26 yttrande,
571 753 62 19 finner
647 753 47 26 godt
708 754 69 19 derom
792 759 36 15 an-

82 778 93 20 norlunda
189 779 98 19 förordna.

135 805 55 19 Dock
205 804 64 21 kunna
279 805 108 21 Ständerna
396 806 27 20 till
434 806 60 19 Hans
504 804 132 26 Kejserliga
646 804 125 26 Majestäts
781 806 48 20 fast-

81 832 86 20 ställelse
182 832 70 20 föreslå
267 832 72 20 sådane
353 833 134 25 förändringar
501 833 4 19 i
520 832 34 20 det
565 832 30 19 för
605 832 78 20 Banken
692 832 87 27 gällande
789 832 39 21 Re-

80 859 98 25 glemente
193 859 45 19 med
252 859 94 20 afseende
360 859 10 20 å
384 859 100 25 primitiva
498 860 38 19 och
551 859 213 26 hypotheksfonderna,
781 865 45 14 som

80 885 22 19 af
114 885 108 20 Ständerna
237 885 67 20 kunde
319 891 58 14 anses
392 885 75 26 nödiga.

136 912 39 19 5:0.
205 913 107 19 Ständerna
328 914 44 17 utse
386 913 59 18 äfven
459 912 32 19 vid
506 911 70 25 hvarje
589 912 91 25 landtdag
695 912 42 26 fyra
752 913 77 19 reviso-

80 943 39 19 rer,
136 943 24 14 en
175 937 41 21 från
231 938 69 25 hvarje
314 937 64 26 stånd,
394 939 29 19 för
438 941 27 17 att
478 938 76 25 deltaga
569 938 4 19 i
584 938 37 19 den
630 938 87 20 revision
729 944 43 13 som
782 939 46 19 sist-

80 964 84 20 nämnda
179 965 69 19 fonder
262 965 75 26 årligen
351 964 95 25 undergå.

134 997 36 18 För
185 1000 27 16 att
226 997 33 20 vid
273 997 98 20 inträffadt
384 997 62 19 förfall
462 997 62 25 intaga
540 996 187 26 Bankfullmäktiges
742 997 38 19 och
795 1003 32 13 re-

81 1022 113 20 visorernas
215 1024 50 25 plats
283 1029 35 20 ega
335 1024 107 19 Ständerna
460 1026 45 16 utse
522 1023 22 19 så
562 1025 50 17 stort
628 1023 51 19 antal
698 1024 128 24 suppleanter

79 1048 26 20 till
120 1049 58 19 dessa
194 1049 137 26 befattningar,
348 1054 43 14 som
405 1049 25 19 de
444 1054 48 14 anse
505 1049 95 19 behofvet
614 1049 84 25 påkalla.

134 1081 41 19 6:0.
204 1081 37 20 Vid
256 1082 41 25 laga
312 1082 59 19 förfall
388 1082 46 19 eller
447 1082 95 24 jäfvighet
556 1081 30 19 för
601 1081 25 19 de
644 1080 24 26 på
682 1081 146 20 Bankfullmäk-

80 1107 50 26 tiges
144 1108 72 25 förslag
230 1108 80 20 tillsatte
322 1108 202 21 Bankodirektörerne
539 1110 56 17 utses
610 1108 20 19 af
639 1108 98 20 Senatens
747 1108 80 19 Ekono-

80 1134 189 25 mie-Departement
287 1134 83 24 vikarie,
387 1140 44 14 som
448 1134 85 26 tjensten
550 1134 100 24 förrättar;
669 1134 52 20 dock
739 1136 37 22 att,
794 1140 34 13 om

80 1160 84 20 förfallet
180 1161 68 19 fortfar
263 1162 66 24 längre
347 1161 26 19 tid
390 1162 24 18 än
433 1160 32 20 två
485 1160 101 25 månader,
606 1160 75 20 vikarie
698 1161 21 18 af
730 1160 97 20 Bankfull-

79 1187 88 25 mäktige
182 1187 81 20 föreslås
278 1188 39 19 och
330 1188 20 18 af
363 1188 85 19 Senaten
462 1186 142 21 tillförordnas.

134 1223 62 19 Hans
212 1222 130 26 Kejserliga
356 1222 108 24 Majestät
478 1222 118 20 förbehåller
610 1222 34 25 Sig
657 1222 140 20 utnämnandet
806 1222 22 20 af

79 1248 123 21 Ordförande
216 1249 6 19 i
236 1248 193 25 Bankodirektionen,
445 1249 45 19 icke
504 1249 49 19 blott
571 1249 82 19 emedan
672 1254 104 20 omsorgen
793 1254 33 14 om

80 1276 25 19 de
120 1278 58 16 stats-
193 1276 37 19 och
246 1275 139 20 militieverket
396 1275 94 27 tillhöriga
500 1275 75 25 fonder,
592 1275 64 19 hvilka
666 1274 30 20 stå
707 1275 62 19 under
778 1275 51 19 Ban-

80 1301 161 20 kodirektionens
263 1302 116 24 förvaltning
396 1301 70 20 sådant
484 1301 96 25 påkallar,
600 1304 45 16 utan
668 1302 58 19 äfven
744 1301 82 19 emedan

80 1328 64 18 Hans
157 1326 111 26 Majestät
282 1333 69 18 anser,
367 1330 28 16 ett
408 1327 95 19 inverkan
521 1327 21 19 af
557 1327 25 19 de
599 1326 128 25 föränderliga
745 1326 79 25 äsigter,

82 1358 43 14 som
140 1358 71 20 genom
227 1355 27 17 ett
269 1355 62 17 tätare
346 1354 81 24 ombyte
442 1354 20 18 af
475 1352 174 25 Bankfullmäktige
660 1352 66 19 kunde
737 1352 45 24 göra
797 1352 30 25 sig

80 1379 88 27 gällande
182 1380 37 19 och
234 1380 97 20 föranleda
346 1379 148 26 omkastningar
508 1379 6 19 i
528 1381 59 17 sättet
602 1378 30 20 för
644 1378 90 21 Bankens
747 1378 79 20 förvalt-

82 1406 51 26 ning,
149 1406 103 26 lämpligen
266 1408 103 24 motväges
384 1412 71 19 genom
470 1406 116 26 Styrelsens
600 1406 64 19 större
677 1404 107 27 inflytande
800 1404 26 26 på

81 1433 123 26 densamma,
220 1436 45 17 utan
280 1436 28 18 att
322 1433 58 21 likväl
396 1433 114 26 härigenom
523 1432 187 26 Bankfullmäktiges
724 1431 104 27 bemyndi-
