1023 1689
180 142 34 19 TA
396 141 71 23 Nådiga
478 142 141 22 Propositionen
632 141 35 17 N:o
679 141 29 18 28.

180 190 55 20 ledes
249 191 96 25 upphöra,
368 193 47 16 utan
431 189 93 21 afvakten
544 191 22 18 af
585 189 201 26 skattläggningarnes
806 189 117 20 afslutande.

180 217 31 19 En
224 216 54 20 dylik
293 216 114 25 förändring
427 216 37 20 kan
478 216 51 19 dock
543 217 51 24 icke,
610 219 48 17 utan
675 216 64 19 alltför
753 215 85 20 kännbar
851 215 75 20 minsk-

181 242 47 26 ning
242 248 5 13 i
262 242 193 26 statsinkomsterne,
473 243 82 19 komma
569 243 5 18 i
589 241 54 27 fråga
656 243 29 18 uti
702 244 59 17 annat
774 242 32 19 fall
820 243 24 18 än
857 242 70 19 derest

180 268 26 20 de
219 274 39 21 nya
274 269 217 25 mantalspenningarne
512 269 123 20 bestämmas
649 270 6 18 i
669 268 38 20 den
727 269 64 24 lägsta
804 268 80 20 klassen
898 267 26 20 till

182 294 61 21 minst
256 295 12 20 2
282 295 58 20 mark
353 296 30 18 för
392 300 44 14 man
451 296 39 19 och
504 301 24 14 en
538 295 57 20 mark
609 295 30 19 för
648 295 79 25 gvinna.
752 294 44 21 Med
809 295 54 19 Jetta
873 293 55 20 skat-

180 321 93 26 tebelopp
293 321 62 20 borde
375 321 38 20 den
427 327 38 21 nya
487 321 114 26 utskylden,
621 323 48 18 enär
682 320 17 25 ej
721 321 50 20 blott
791 327 26 13 nu
839 320 88 21 befriade

181 347 173 26 ständspersoner,
371 350 47 17 utan
432 349 38 18 ock
484 348 36 20 alla
534 348 85 25 gvinnor
632 348 57 19 öfver
703 348 26 19 45
743 347 33 20 års
793 346 62 25 ålder,
871 347 57 19 kom-

180 379 34 14 me
228 376 29 17 att
271 374 51 20 Jelta
336 374 6 19 i
356 374 122 24 densamma,
494 374 5 20 i
514 375 34 19 det
560 376 101 17 närmaste
669 377 102 16 motsvara
786 373 113 20 inkomsten
908 373 21 18 af

181 399 210 26 poduschnieafgiften,
408 406 44 13 som
467 401 28 19 för
509 399 22 21 är
546 401 51 19 1860
611 400 64 20 blifvit
688 400 67 25 erlagd
769 400 29 19 af:
818 410 4 1 -

274 432 89 25 115,796
373 438 154 20 manspersoner
541 433 12 19 a
568 433 25 19 52
603 432 70 26 kopek,
685 432 46 20 med
746 432 81 25 60,213:
843 432 33 19 92.

300 459 63 24 4,090
380 454 16 35 —
412 458 40 20 dito
463 460 11 18 a
484 460 9 19 1
503 458 55 20 rubel
568 460 25 18 43
603 459 72 25 kopek,
687 459 45 19 med
760 458 66 24 5,848:
843 459 32 19 70.

183 498 83 19 Summa
277 496 86 25 119,886
372 501 159 21 manspersoner.
585 497 82 19 Summa
676 497 56 19 rubel
746 496 83 25 66,062:
845 496 25 20 62
882 495 46 26 kop.

234 533 8 19 I
256 532 95 20 händelse
368 532 42 20 åter
428 532 203 26 poduschnieafgiften
653 533 38 19 tills
705 532 69 20 vidare
794 532 135 20 bibebehälles

183 559 59 25 enligt
255 564 28 14 nu
304 558 88 26 gällande
413 559 214 26 Jdebiteringsgrunder,
644 564 60 20 synas
724 558 63 26 giltiga
806 558 42 20 skäl
869 558 59 20 likväl

180 584 88 26 "påkalla,
284 588 29 17 att
327 586 87 18 embets-
428 586 39 19 och
487 585 158 25 tjenstemännen
660 590 27 14 m.
703 585 20 19 fl.
739 590 27 14 nu
783 584 88 20 befriade
885 590 45 20 per-

183 616 58 15 soner
255 612 6 18 i
275 611 96 25 Wiborgs
384 612 38 24 län,
442 612 66 19 hvilka
529 612 44 19 icke
588 612 68 25 utgöra
676 610 64 26 nägon
761 611 98 25 personell
877 611 53 19 skatt

182 637 27 20 till
224 638 85 22 Kronan,
325 638 108 20 framJdeles
447 638 55 20 skola
517 638 78 25 erlägga
611 638 99 20 enahanda
720 637 104 27 utskylder
839 643 44 13 som
896 637 34 20 de-

183 670 33 13 ras
231 664 112 21 vederlikar
357 664 27 19 uti
399 664 34 20 Jet
447 664 60 26 öfriga
521 664 86 20 Finland.

237 690 95 26 Slutligen
346 690 35 20 bör
396 691 35 19 här
446 691 88 25 tilläggas
548 692 35 24 att,
599 690 4 20 i
619 690 98 20 anseende
739 691 26 19 till
781 690 24 20 de
822 690 47 20 flera
884 689 48 22 svå-

184 716 87 26 righeter
285 722 44 14 som
343 717 69 20 visade
426 718 29 25 sig
468 717 33 20 vid
515 717 134 20 beräknandet
663 717 20 19 af
693 717 110 25 personella
817 716 114 26 utskylder-

183 748 25 14 na
222 743 29 19 för
266 742 71 21 sådana
351 743 51 20 ifrån
415 743 80 21 Finland
509 743 25 26 på
544 743 105 21 obestämd
664 743 27 20 tid
704 743 115 26 förpassade
832 748 97 21 personer

183 770 22 18 af
217 770 155 24 arbetsklassen,
389 776 43 13 som
453 770 105 25 uppehålla
572 771 30 25 sig
623 769 10 21 å
649 770 62 20 skilda
725 772 54 18 orter
799 770 54 20 inom
867 770 63 25 Ryss-

184 796 51 25 land,
251 796 43 20 dels
309 796 37 26 vid;
359 796 189 20 handtverkerierna
562 797 38 19 och
622 796 89 24 handeln,
727 797 43 20 dels
784 796 25 26 på
824 796 107 20 arbetsför-

185 821 66 27 tjenst,
263 822 69 20 såvida
341 822 25 21 de
380 823 50 20 olika
446 823 212 26 debiteringsgrunder,
673 829 44 14 som
731 824 5 18 i
751 823 53 20 detta
818 823 113 20 hänseende

184 848 25 26 på
225 848 70 26 hvarje
309 852 32 16 ort
355 848 114 27 efterföljas,
485 850 45 19 icke
544 850 52 20 alltid
611 855 50 14 voro
675 850 70 23 kända,
757 849 40 20 blef
810 855 70 20 genom
892 848 39 20 Nå-

185 875 44 26 diga
243 876 133 24 kungörelsen
391 876 38 19 den
445 877 24 19 10
483 875 37 26 Maj
537 876 50 20 1850
603 876 105 20 förklaradt
721 879 28 16 att
763 876 37 20 alla
813 876 60 20 dessa
887 881 45 20 per-

186 907 59 15 soner
258 902 64 20 borde
337 903 76 25 erlägga
427 903 41 19 sina
483 903 113 25 personella
612 902 105 27 utskylder
731 902 10 20 ä
757 902 62 21 finska
833 902 99 20 Pass-Ex-

184 928 112 26 peditionen
310 928 5 19 i
330 929 33 19 S:t
377 930 128 24 Petersburg,
521 929 35 19 der
574 929 59 20 deras
650 928 82 26 ärspass
751 929 59 20 äfven
825 929 104 25 utlemnas,

184 954 95 21 sålunda:
294 957 29 17 att
337 956 21 18 af
376 955 25 20 de
423 955 42 20 från
479 955 93 27 Wiborgs
586 956 30 19 län
638 956 68 19 endast
727 956 36 20 alla
777 961 154 20 manspersoner

184 982 63 19 betala
262 981 65 25 vanlig
339 982 189 25 poduschnieafgift,
541 988 45 13 men
601 987 95 20 personer
705 982 21 19 af
738 982 63 26 begge
812 982 63 19 könen
888 981 43 20 frän

185 1007 61 26 öfrige
260 1008 38 25 län,
315 1013 44 14 som
373 1010 34 18 äro
422 1008 110 25 personella
547 1008 105 26 utskylder
668 1008 151 24 underkastade,
842 1008 90 20 deremot

186 1040 25 14 en
226 1034 49 21 hvar
289 1034 25 20 50
329 1034 67 26 kopek
410 1034 69 20 silfver
493 1035 29 19 för
536 1034 49 20 året.
611 1034 88 20 Nämnde
713 1034 110 27 utskylder,
835 1040 42 14 som
889 1034 42 20 från

185 1060 201 26 Pass-Expeditionen
401 1061 111 20 remitteras
526 1061 26 20 tili
563 1060 84 21 Wibors
661 1062 43 19 läns
719 1062 71 19 ränteri
804 1061 37 19 och
851 1061 36 20 Jer
900 1066 33 14 re-

185 1087 82 19 dovisas
281 1086 64 20 under
358 1088 62 19 länets
434 1088 108 24 personella
557 1088 83 25 utlagor,
657 1086 91 26 utgjorde
763 1088 29 19 för
807 1087 21 19 är
839 1088 52 19 1860
905 1087 28 19 in-

185 1114 49 18 alles
249 1114 74 23 11,016
336 1114 55 19 rubel
407 1114 23 19 11
447 1114 73 24 kopek,
535 1114 38 19 och
593 1114 72 19 antalet
681 1114 21 19 af
720 1119 95 19 personer
831 1112 44 20 från
889 1113 45 20 Fin-

186 1139 53 24 land,
255 1145 44 14 som
315 1139 46 20 med
375 1146 46 19 pass
435 1139 24 25 pä
475 1140 104 20 obestämd
594 1140 27 19 tid
635 1139 104 26 uppehålla
755 1141 28 25 sig
798 1141 52 18 inom
862 1140 69 24 Kejsa-

188 1165 96 24 relömet,
300 1165 76 26 uppgår
390 1166 73 24 årligen
484 1166 25 20 till
528 1166 88 26 omkring
632 1167 24 19 16
670 1167 11 19 a
695 1167 82 23 20,000.
806 1166 8 19 1
828 1166 30 20 fall
874 1166 19 19 af
906 1171 25 14 en

186 1192 72 19 allmän
273 1192 104 26 reglering,
393 1192 62 20 borde
475 1193 59 20 äfven
547 1193 59 19 deras
621 1192 111 25 personella
753 1192 102 27 utskylder
869 1192 64 20 under

187 1218 118 20 densamma
318 1218 110 20 innefattas.

243 1243 56 25 Uppå
313 1244 36 20 alla
363 1244 60 20 dessa
437 1244 41 20 skäl
493 1248 52 16 samt
560 1245 4 18 i
579 1244 58 26 afsigt
650 1246 28 18 att
692 1244 136 20 ästalkomma
842 1244 89 20 likstäm-

188 1270 75 24 mighet
277 1270 56 19 öfver
347 1270 43 19 hela
410 1270 72 25 landet,
501 1276 59 14 anser
574 1271 63 19 Hans
652 1270 133 25 Kejserliga
799 1269 110 25 Majestät
926 1270 6 18 i

187 1295 61 20 nåder
263 1298 28 17 att
304 1301 26 15 en
346 1296 49 20 enda
409 1301 114 21 gemensam
541 1296 98 26 personell
660 1296 89 27 utskylä,
764 1296 63 20 under
841 1302 58 14 namn
914 1296 20 20 af

188 1322 243 26 mantalspenningar,
453 1322 63 21 borde
532 1323 79 25 införas,
635 1326 28 16 att
679 1324 88 25 erläggas
787 1323 20 19 af
819 1323 35 19 alla
869 1323 62 19 finska

190 1348 132 25 medborgare
335 1349 56 19 öfver
405 1350 74 18 femton
494 1349 34 21 ärs
548 1349 55 21 älder
615 1350 46 19 med
676 1350 51 19 olika
741 1350 77 25 belopp,
834 1350 51 19 efter
897 1350 36 19 Je-

190 1380 33 14 ras
237 1374 102 21 indelande
353 1374 11 20 ä
380 1376 14 21 3
405 1375 63 21 skilda
482 1376 84 20 klasser.
595 1377 8 19 I
616 1375 46 26 följd
680 1377 57 19 häraf
754 1376 64 20 skulle
834 1376 59 20 äfven
906 1376 26 20 de

189 1407 27 15 nu
229 1401 88 25 gällande
332 1402 133 24 befrielserna,
482 1403 70 20 endast
572 1403 45 19 med
633 1402 59 26 nägra
710 1403 105 25 undantag,
834 1403 96 25 upphöra.

189 1428 78 19 Genom
282 1434 23 14 en
320 1428 61 20 sådan
395 1428 95 26 reglering
504 1430 21 18 af
536 1430 26 20 de
570 1429 115 20 nuvarande
699 1430 110 25 personella
818 1429 114 26 utskylder-
