1014 1686
181 150 38 31 908
400 152 71 21 Nådiga
484 151 138 23 Propositionen
636 150 36 17 N:o
684 151 28 16 30.

187 197 740 13 —-—-—Q-L-———
510 183 12 33 —
554 183 3 33 2
559 183 4 33 7
570 183 30 33 —
607 183 32 33 ——
653 197 274 13 nn

187 228 22 25 0)
226 227 10 19 &
254 227 96 26 egendom
366 227 63 18 under
447 225 68 20 endast
532 224 114 27 nyttjorätt,
662 225 92 24 belägges

214 253 95 20 likaledes
326 253 50 19 efter
393 252 105 20 domarens
518 251 88 26 pröfning
627 251 45 18 med
694 253 61 16 stäm-

215 275 116 39 pel-papper
345 278 48 20 ifrän
411 279 11 18 2
438 279 26 18 till
480 279 38 18 100
534 277 63 23 mark,
616 280 47 16 utan
679 277 76 19 afseen-

215 306 25 19 Je
254 306 47 18 derä
316 311 33 13 om
367 305 51 19 visst
435 304 61 20 värde
512 304 4 19 i
534 303 106 26 penningar
656 304 22 18 är
695 305 61 17 utsatt

215 332 47 19 eller
277 331 51 19 icke.
357 330 54 20 Dock
426 331 88 19 karteras
529 329 229 21 fideikommissbref

216 358 59 26 enligt
289 356 163 26 nästföregäende
466 357 63 25 punkt
541 364 19 12 a.

189 385 128 24 Transport
331 384 47 18 eller
395 382 218 20 öfverlätelsebref:

191 411 32 19 1:0
238 410 10 19 &
263 409 157 25 Kronorusthäll,
436 410 38 18 lika
489 409 44 19 med
549 408 120 26 köpebref.
927 404 3 14 |

190 438 34 18 2:0
243 436 5 19 &
266 436 159 20 Kronohemman
443 436 37 19 och
501 435 59 20 andra
581 434 177 26 kronolägenheter

217 463 20 19 af
251 462 51 20 hvad
318 468 57 13 namn
390 462 25 19 de
430 468 46 13 vara
490 461 52 19 mä.
575 476 4 4 .
611 476 4 4 so
646 476 4 3 so
681 476 4 3 co
717 476 39 4 cc
812 460 10 18 1
876 470 26 3 —

191 489 72 27 Vexel
278 488 38 20 lika
332 488 45 20 med
391 488 161 25 förskrifning.

191 514 241 26 Äktenskapsförord,
448 514 24 20 dä
488 514 40 20 viss
543 519 78 14 summa
635 514 5 18 i
652 513 106 25 penningar

217 542 22 18 är
253 541 99 24 bestämd,
368 541 88 19 karteras
473 540 37 20 lika
529 540 45 19 med
588 539 109 26 gäfvobref,
713 545 45 14 men

218 567 4 19 i
237 569 61 17 annat
313 562 40 34 fall
367 579 35 6 02.
571 580 186 5 e.
812 565 11 19 5
878 575 26 4 —

520 647 13 19 3
548 646 53 25 Kap.

372 683 96 25 Angäende
480 685 68 18 bruket
559 684 21 19 af
590 684 160 23 stämpel-papper.

245 725 10 25 $
270 726 18 19 7.
318 725 90 20 Skrifves
422 725 10 19 ä
447 731 75 13 samma
537 725 35 19 ark
586 724 48 20 flera
648 723 80 20 skrifter
742 724 48 19 eller
800 723 135 26 afhandlingar

192 753 21 18 af
225 751 61 20 sädan
300 751 136 20 beskaffenhet
449 753 28 17 att
491 751 24 20 de
530 752 49 18 hvar
592 751 30 19 för
632 751 36 25 sig,
680 751 50 18 efter
740 750 63 19 denna
813 750 119 24 förordning,

192 781 34 17 äro
238 778 100 25 kartering
348 777 150 25 underkastade,
510 778 48 19 böra
567 777 25 19 de
601 777 89 19 karteras
700 776 68 20 säsom
776 782 32 13 om
823 777 76 18 enhvar
916 776 22 19 af

195 805 46 19 dem
259 804 63 20 blifvit
338 804 88 19 skrifven
442 803 10 20 å
467 804 93 19 särskildt
574 804 42 19 ark.

245 831 9 25 $
269 831 18 19 8.
317 831 7 18 I
338 831 104 19 allmänhet
461 831 65 18 kunna
546 831 25 19 de
585 830 86 23 skrifter,
688 829 28 19 för
731 829 66 19 hvilka
814 829 100 25 kartering
929 829 6 19 i

192 857 64 19 denna
271 856 112 26 förordning
397 856 103 26 pähjudes,
516 857 89 25 antingen
620 856 84 19 skrifvasä
740 858 28 16 ett
777 856 47 19 eller
838 855 47 20 flera
899 855 35 19 ark

195 883 106 25 stämpladt
318 888 75 20 papper
407 884 45 18 eller
473 883 37 19 ock
525 883 45 19 med
591 882 138 19 kartamärken
749 882 98 25 beläggas,
864 882 73 19 endast

195 910 137 26 karteringens
346 910 156 24 sammanslagna
515 909 61 19 värde
591 912 111 16 motsvarar
712 908 33 20 det
759 908 94 24 stadgale
867 908 68 25 belop-

192 938 41 23 pet.
262 933 26 23 Är
306 936 106 25 ansökning
426 935 80 20 försedd
522 935 46 19 med
588 934 22 20 sä
625 935 38 24 hög
677 934 56 20 karta
754 937 28 16 att
796 934 62 20 denna
876 934 60 20 tillika

193 968 68 13 svarar
283 964 55 17 emot
354 962 69 19 kartan
444 962 26 19 till
489 962 105 24 bilagorna,
612 961 85 19 behöfva
717 960 25 20 de
756 960 120 20 sistnämnda
891 960 45 20 icke

193 988 114 26 ytterligare
321 988 98 19 karteras.

246 1015 9 24 $
270 1016 19 18 9.
319 1014 142 24 Embetsverk,
478 1020 44 16 som
535 1014 27 20 till
577 1014 122 24 fullmakter,
715 1013 178 25 konstitutorialer,
909 1013 29 19 af-

194 1040 71 20 skels-
279 1041 38 19 och
331 1040 141 25 pensionsbref
484 1040 45 20 med
544 1040 48 20 flere
607 1040 133 26 expeditioner
752 1040 98 25 begagnar
858 1040 80 25 tryckta

193 1067 110 19 blanketter
318 1067 21 19 af
351 1067 119 25 ostämpladt
483 1072 84 20 papper,
586 1066 74 26 åligger
676 1066 50 20 tillse
744 1068 28 17 att
789 1065 69 25 hvarje
875 1065 61 20 sådan

194 1093 118 25 expedition,
328 1093 58 19 innan
401 1093 37 19 den
453 1094 25 18 till
495 1093 148 19 vederbörande
656 1092 93 25 utgifves,
765 1092 11 19 å
787 1092 152 25 kartasigillata-

193 1119 92 19 kontoret
298 1118 100 25 undergär
411 1120 81 24 behörig
506 1119 102 25 stämpling
623 1119 25 19 till
663 1118 100 19 faststäldt
776 1119 79 24 belopp.

247 1145 10 24 $
271 1145 32 19 10.
332 1144 242 25 Kartasigillata-kontoret
583 1145 118 19 tillkommer
711 1147 33 21 att,
757 1144 45 20 med
811 1144 125 25 iakttagande

193 1171 22 18 af
230 1171 51 19 hvad
298 1171 48 18 dess
363 1171 120 24 reglemente
500 1171 38 19 och
554 1171 159 24 författningarne
730 1171 5 18 i
750 1171 56 24 öfrigt
824 1170 74 25 stadga,
919 1169 17 26 ej

194 1197 81 19 allenast
290 1197 106 19 verkställa
410 1197 37 19 den
463 1197 105 25 stämpling
582 1197 20 18 af
617 1197 121 21 fullmakter,
760 1196 175 24 konstitutorialer,

193 1222 88 19 afskeds-
296 1223 37 17 och
346 1223 140 23 pensionsbref
498 1223 45 18 med
557 1223 48 18 flere
619 1223 143 23 expeditioner,
785 1228 43 13 som
846 1223 89 18 embets-

193 1247 82 25 verken,
291 1247 45 19 med
351 1247 42 20 stöd
408 1247 20 19 af
441 1247 102 20 tillåtelsen
556 1247 6 18 i
576 1247 22 26 $$
612 1249 12 18 9
639 1248 37 18 och
691 1248 25 19 38
730 1247 91 24 åstunda,
838 1249 35 17 när
883 1247 50 20 slike

193 1273 135 24 expeditioner
340 1272 61 25 jemte
412 1274 46 19 fulla
468 1273 160 25 stämpelafgifter
643 1274 25 19 till
680 1274 92 19 kontoret
782 1273 92 19 insändas
886 1274 50 19 eller

193 1298 67 20 såsom
276 1299 218 26 kartasigillata-remiss
508 1300 25 19 till
546 1299 153 20 Landtränteriet
711 1299 79 20 komma
805 1301 29 17 att
847 1299 89 20 behand-

193 1325 39 25 las,
253 1329 45 16 utan
316 1325 44 24 ock,
376 1325 23 20 då
414 1326 74 20 enskild
503 1331 71 20 person
588 1327 60 24 begär
662 1326 105 25 stämpling
782 1326 20 19 af
814 1325 119 26 afhandling,

195 1352 117 20 förbindelse
326 1353 46 18 eller
393 1358 61 14 annan
468 1353 64 25 skrift,
550 1353 45 19 med
616 1353 96 19 Senatens
726 1352 210 25 Finnansexpeditions

195 1379 91 25 vetskap,
303 1379 93 20 likaledes
413 1380 52 19 förse
478 1379 62 27 dylika
556 1379 80 20 skrifter
650 1379 45 20 med
710 1379 60 20 sådan
785 1379 91 25 stämpel,
892 1385 44 14 som

195 1405 21 19 af
229 1405 147 20 vederbörande
390 1406 60 19 äskas
464 1407 38 18 och
516 1406 81 20 betalas.
627 1405 25 20 På
662 1406 89 20 anmälan
765 1407 36 18 hos
816 1406 119 19 Finnansex-

195 1432 110 24 peditionen
319 1432 38 19 och
372 1432 44 20 med
426 1432 47 19 dess
487 1432 93 24 tillstånd,
592 1431 31 21 må
636 1431 72 25 jemväl
723 1432 111 20 blanketter
848 1432 27 20 till
887 1438 49 14 vex-
