1009 1692
290 145 71 21 Nädiga
374 146 141 22 Proposttlonen
528 145 36 18 N:o
575 146 29 17 31.
778 145 43 19 1013

74 192 181 22 lärareseminarier
275 195 38 19 och
327 195 74 24 40,000
416 196 57 19 mark
488 195 67 20 säsom
573 198 40 17 stat
627 196 28 19 för
672 201 25 14 en
712 195 106 21 folkskole-

75 221 96 29 styrelse;
187 222 88 18 hvarhos
288 222 75 20 Eders
373 216 122 41 Majestät,
512 228 43 13 som
567 225 66 17 ansett
645 222 53 20 Jetta
709 223 67 25 anslag
791 223 27 20 till

75 252 24 14 en
114 237 67 35 början
196 247 47 20 böra
258 247 45 25 utgå
308 243 12 34 i
318 248 41 19 tio
371 248 33 20 års
415 248 32 25 tid,
464 249 5 19 i
485 238 60 30 nåder
560 249 99 25 föreslagit
673 249 106 19 ständerna
791 252 28 17 att

74 273 37 20 öka
126 274 133 20 förstnämnda
274 280 79 14 summa
367 275 28 20 till
410 274 67 21 inalles
487 275 88 25 500,000
589 263 56 31 mark
660 280 33 15 om
703 274 49 26 året,
767 275 54 20 såvi-

74 299 24 20 da
112 301 85 25 önskligt
213 306 47 14 vore
274 304 34 21 att,
323 307 71 20 genom
408 301 58 26 något
480 292 83 29 tullskott
581 302 78 19 utöfver
672 302 25 19 Je
711 287 61 45 årliga
789 305 31 16 ut-

73 326 89 25 gifterna,
179 333 24 14 en
217 328 62 19 under
300 317 115 31 ständernas
429 317 84 30 kontroll
535 328 94 20 förvaltad
645 327 45 21 fond
707 317 62 30 måtte
785 329 36 20 bil-

73 353 43 25 das,
134 354 39 19 och
185 353 114 26 derigenom
312 354 162 20 skattebördorna
489 354 29 20 för
532 357 28 17 ett
574 355 119 20 tillvexande
706 355 52 20 antal.
773 355 48 20 sko-

74 369 42 36 lor,
125 379 29 20 för
168 369 83 37 sjukliga
266 381 49 20 eller
328 380 83 25 uttjenta
426 381 73 20 lärares
510 382 39 19 och
563 381 116 20 lärarinnors
690 381 33 20 vid
733 381 88 20 folksko-

74 406 54 20 lorna
144 407 155 25 pensionerande
317 410 52 17 samt
384 408 29 19 för
427 407 108 20 understöd
552 407 20 20 åt
586 407 69 20 aflidna
670 408 74 20 lärares
758 409 61 19 enkor

74 433 39 19 och
127 433 50 20 barn
191 434 58 25 göras
264 435 29 18 för
307 435 104 19 framtiden
425 434 76 19 mindre
518 435 129 24 betungande.

126 460 67 19 Jemte
208 460 33 20 det
255 461 104 20 ständerne
373 461 86 25 godkänt
471 461 37 20 den
523 461 6 19 i
543 461 146 26 propositionen
704 461 116 20 framhållna

74 486 97 20 allmänna
185 487 44 25 plan
240 487 29 20 för
278 487 205 20 folkskoleväsendets
492 487 107 25 ordnande,
610 488 104 19 äfvensom
729 494 27 14 nu
765 493 54 15 sam-

73 513 61 26 tycka
149 513 25 20 till
189 513 34 20 det
236 513 78 21 derföre
323 514 113 20 beräknade
447 515 67 24 anslag
527 515 21 19 af
557 503 44 36 390,
605 515 38 19 000
653 515 56 19 mark
724 515 30 19 för
767 514 50 25 året,

72 542 29 17 att
115 539 29 20 för
157 540 34 19 det
205 540 80 20 afsedda
300 540 110 21 ändamålet
424 541 101 20 användas
539 541 24 25 på
579 531 38 30 sätt
631 541 23 20 E.
670 541 23 19 K.
705 541 36 20 M:t
755 531 65 31 finner

72 566 111 27 lämpligast
196 568 38 18 och
247 568 46 19 med
309 568 114 19 samhällets
437 567 75 20 välfärd
525 570 52 17 mest
591 567 225 26 öfverensstämmande,

73 592 58 20 hafva
138 582 114 31 ständerne
265 594 91 19 deremot
369 597 64 16 ansett
446 594 52 19 tiden
509 593 29 20 för
552 594 61 25 sagde
627 594 77 25 anslags
718 584 99 36 utgående

72 619 48 19 böra
135 619 116 20 inskränkas
265 620 28 19 till
307 623 31 16 tre
351 620 21 20 år
388 621 38 18 och
440 619 122 20 ändamålets
575 609 68 30 vidare
657 605 118 50 follföljande
789 621 30 19 öf-

72 646 118 31 verlemnas
199 645 20 20 ät
233 646 36 19 Jen
285 647 104 30 landtdag,
399 652 50 19 som,
466 647 59 25 enligt
538 647 24 18 E.
577 647 24 19 K.
617 647 46 19 M:ts
678 645 68 26 nådiga
764 647 52 24 löfte,

72 672 51 19 efter
136 675 31 17 tre
181 671 22 20 år
216 673 92 20 kommer
321 676 29 16 att
366 672 69 26 hållas,
451 662 65 30 helst
524 672 63 25 någon
605 673 111 19 erfarenhet
730 673 4 19 i
749 676 68 17 ämnet

72 698 94 21 härintills
181 700 52 19 ännu
247 699 45 20 icke
307 700 50 19 varit
371 685 64 44 möjlig
449 701 38 18 och
497 699 154 25 beräkningarne
665 699 58 20 äfven
737 699 80 20 derföre

72 724 45 20 ieke
131 725 65 20 kunna
210 727 57 24 göras
281 727 29 18 för
325 732 25 13 en
364 727 65 24 längre
444 726 85 19 framtid.

125 751 122 21 Beträffande
261 753 25 19 de
301 753 86 24 110,000
394 740 72 37 "mark,
482 753 71 19 hvaraf
566 758 25 13 en
605 752 45 20 fond
667 752 30 19 för
716 752 102 20 ofvanf&re

72 778 92 25 uppgifna
179 778 88 21 ändamäl
289 765 63 44 skulle
366 779 69 24 bildas,
452 784 48 15 anse
520 779 105 20 ständerne
647 778 30 25 sig
691 779 44 20 icke
752 779 65 20 kunna

72 804 64 20 bifalla
151 805 25 20 tili
199 806 147 25 propositionen
362 806 5 19 i
382 806 63 20 denna
465 805 38 20 del.
533 805 77 20 Genom
629 805 188 26 besparingsfonuer

72 832 27 18 uti
115 832 123 20 statskassan
254 833 58 19 blifva
333 833 52 19 alltid
400 833 63 19 större
478 832 48 20 eller
543 832 76 20 mindre
633 831 100 27 tillgångar
747 832 69 26 allägs-

72 858 51 20 nade
137 858 42 20 från
196 864 24 14 en
235 859 114 30 fördefaktig
363 859 124 24 användning
504 859 6 19 i
524 859 24 19 Je
563 858 156 26 skattskyldiges
732 859 82 23 rörelse,

71 884 53 26 långt
138 885 57 19 innan
209 886 102 19 desamma
333 887 32 18 äro
383 886 29 20 för
433 888 75 17 statens
522 886 61 19 behof
601 885 130 25 nödvändiga.
759 886 58 20 Stän-

71 910 62 21 derne
148 914 30 17 tro
193 912 33 19 det
243 912 103 20 dessutom
362 918 47 14 vara
427 912 21 20 så
466 913 81 25 mycket
564 912 76 20 mindre
658 912 40 19 skäl
716 914 28 17 att
761 912 54 20 anslå

72 938 64 20 medel
152 938 25 20 till
193 944 23 14 en
231 938 62 20 sådan
308 939 169 25 besparingsfond,
499 944 44 14 som
560 939 64 19 landet
644 938 62 20 under
723 936 93 22 sednaste

71 963 89 21 årtionde
174 965 41 20 lidit
229 964 95 32 betydligt
337 971 71 19 genom
418 965 42 25 krig
474 966 39 18 och
527 965 99 19 missvext
639 967 53 17 samt
706 965 63 20 medel
784 966 31 20 för

71 992 124 18 närvarande
209 992 38 18 ock
268 991 64 20 måste
347 976 112 45 anskaffas
467 991 27 20 till
510 992 71 25 många
595 991 70 25 vigtiga
683 992 38 19 och
735 992 81 19 allmän-

72 1018 78 30 nyttiga
161 1017 80 26 företag.

125 1043 28 21 Då
168 1037 110 27 Ständerne
292 1047 77 17 stannat
383 1045 26 19 uti
425 1044 62 20 denna
502 1045 86 25 mening,
605 1044 57 20 hafva
677 1044 24 20 de
715 1044 44 20 icke
776 1045 39 19 för-

72 1069 60 21 bisett
146 1074 28 16 att
188 1071 45 19 med
248 1071 60 25 sage
322 1071 44 19 fond
381 1072 58 19 äfven
455 1071 91 27 åsyftats,
562 1061 58 30 bland
634 1074 63 22 annat,
717 1074 28 16 att
759 1072 56 19 bere-

71 1096 25 20 da
110 1099 60 23 utväg
184 1098 25 19 till
225 1098 105 24 pensioner
344 1098 19 20 åt
380 1098 85 25 sjukliga
479 1093 52 25 eller
542 1088 89 34 ”uttjenta
652 1087 63 30 lärare
729 1101 52 16 samt
794 1098 21 19 åt

70 1119 70 34 aflidna
158 1111 75 33 Tärares
251 1124 60 20 enkor
328 1126 37 18 och
383 1125 54 19 barn.
467 1124 64 26 Enligt
547 1124 115 20 ständernes
683 1124 58 20 tanke
757 1124 58 20 torde

70 1150 52 19 dock
137 1150 37 20 Jen
189 1151 101 19 ofvanföre
310 1150 96 24 beviljade
423 1156 91 14 summan
528 1156 48 14 vara
596 1150 100 32 tillräcklig
713 1151 57 19 äfven
784 1151 31 19 for

70 1176 60 20 dessa
145 1178 67 24 behof,
228 1178 52 18 helst
296 1177 34 19 det
343 1179 52 17 ännu
409 1177 44 20 ieke
470 1177 62 19 under
545 1178 38 18 den
597 1178 100 18 närmaste
710 1177 103 19 framtiden

71 1202 39 20 kan
124 1203 59 19 blifva
200 1194 53 34 fräga
268 1209 32 13 om
315 1203 58 26 några
388 1203 113 31 betydande
519 1204 80 24 utgifter
615 1204 30 18 för
661 1203 150 29 pensionering;

71 1229 107 20 hvarutom
199 1219 104 30 stände:ne
324 1219 50 37 hysa
394 1230 38 20 den
453 1229 51 26 åsigt
517 1230 5 18 i
537 1219 95 30 afseende
645 1228 9 20 å
672 1230 105 24 pensioner
793 1232 21 16 åt

71 1255 160 31 folkskollärares
246 1256 60 19 enkor
319 1257 37 18 och
365 1256 56 25 barn,
433 1258 28 18 att
475 1245 60 31 desse
549 1256 61 20 borde
624 1258 57 23 göras
695 1256 97 25 delaktiga
806 1256 6 18 i

71 1281 63 26 nägon
149 1282 21 20 af
182 1282 63 20 Enke-
259 1284 37 18 och
311 1268 158 45 Pupillkassorna
486 1282 28 20 uti
528 1283 73 19 landet.

124 1309 49 19 Näst
193 1308 193 20 folkskoleväsendet
407 1310 34 18 har
461 1309 75 19 Eders
553 1308 133 30 Kejserliga
703 1307 110 25 Majestät

71 1334 27 18 uti
112 1334 38 19 den
164 1333 69 26 nådiga
254 1334 145 24 propositionen
420 1336 56 23 egnat
490 1334 29 18 sin
537 1338 79 20 omsorg
637 1333 20 19 åt
677 1333 136 19 kommunika-

72 1360 169 19 tionsanstalterna
255 1360 6 18 i
274 1360 72 19 landet.
376 1349 87 30 Framför
477 1360 24 19 de
523 1343 97 46 åtgärder,
636 1364 44 14 som
700 1360 26 19 till
741 1360 72 18 dessas

71 1386 120 25 utvidgande
204 1386 116 25 föreslagits,
338 1387 56 18 hafva
409 1386 111 24 ständerne,
535 1386 29 19 för
579 1386 30 19 sin
623 1386 38 24 dei,
675 1388 65 18 ansett
754 1386 37 19 den
805 1386 6 20 i

73 1413 146 25 propositionen
227 1413 84 25 antydda
322 1413 73 20 bristen
405 1412 24 26 på
438 1413 68 24 nödiga
516 1413 160 26 fyrinrättningar
683 1413 26 20 till
721 1413 48 19 först
778 1413 35 20 bö-

72 1445 22 14 ra
104 1439 102 27 afbjelpas,
218 1440 3 19 i
233 1440 76 19 hvilket
320 1439 93 20 afseende
425 1439 112 24 ständerne,
547 1439 46 20 med
608 1440 76 25 ledning
700 1439 21 20 af
731 1439 26 20 de
766 1439 50 20 dem.
