1011 1686
182 146 33 20 878
394 145 71 22 Nädiga
477 146 139 21 Propositionen
631 145 35 16 N:o
678 145 28 16 30.

512 245 11 20 7
540 244 53 25 Kap.

180 292 31 19 Om
223 291 98 25 stämpladt
337 296 79 20 pappers
431 291 34 19 och
482 291 164 24 stämpelmärkens
660 290 134 28 tillverkning,
810 290 115 24 försäljning

409 312 7 7 2

196 315 34 18 och
241 314 144 24 utkreditering,
398 320 20 13 så
430 314 35 18 ock
476 314 48 18 huru
536 314 90 18 ersättning
651 312 30 20 må
693 313 55 19 sökas
763 314 31 18 för
806 312 98 24 stämpladt

309 342 75 19 papper,
397 342 38 14 som
447 341 64 19 genom
526 336 133 23 misskrifning
671 335 121 19 förderfvats.

236 378 9 24 $
260 378 32 19 30.
322 378 157 23 Tillverkningen
493 378 21 18 af
526 376 106 25 stämpladt
647 382 74 19 papper
735 376 37 19 och
788 376 136 25 stämpelmär-

181 403 39 19 ken
236 403 72 26 åligger
325 404 235 25 kartasigillata-kontoret
573 403 62 19 under
648 403 25 19 de
688 403 112 24 kontroller,
812 408 44 14 som
871 403 4 18 i
891 402 33 20 så-

179 429 48 19 dant
245 430 93 19 afseende
355 430 64 19 finnas
434 430 93 19 särskildt
542 428 124 24 föreskrifne;
682 429 86 19 börande
784 429 93 19 kontoret
890 430 34 18 all-

181 456 29 19 tid
220 456 58 19 hafva
288 456 5 18 i
309 455 112 26 beredskap
432 456 107 24 tillräckligt
549 454 63 20 förråd
624 455 56 19 deraf
688 456 26 18 till
726 456 35 22 alla
770 456 25 18 de
807 455 61 20 skilda
880 458 44 16 vär-

181 482 57 24 den
230 477 11 34 $
254 482 11 19 2
281 483 4 18 i
300 482 62 20 denna
377 482 111 25 förordning
497 484 103 23 upptager.
625 481 47 19 'Men
686 481 17 25 ej
715 481 30 19 må
761 481 105 26 stämpladt
875 486 48 20 pap-

180 513 36 20 per
228 508 47 20 eller
289 508 167 25 stämpelmärken
472 508 32 20 vid
518 508 146 24 tjensteansvar
673 508 103 19 derstädes
791 507 90 25 försäljas
896 508 28 19 el-

180 534 29 20 ler
218 534 87 20 derifrån
315 534 25 20 till
351 540 62 14 annan
429 534 83 26 utgifvas
526 536 24 18 än
564 534 26 20 till
606 535 180 25 Länestyrelserne,
803 534 23 26 på
842 536 39 18 sätt
890 540 35 14 ne-

180 560 80 19 danföre
281 561 129 19 bestämmes.
444 560 22 25 FEj
489 561 60 19 heller
570 560 29 19 får
620 561 102 24 stämpling
742 561 20 18 af
781 560 141 25 expeditioner,

181 586 80 20 skrifter
275 588 38 18 och
329 587 110 25 handlingar
457 592 42 19 ske,
518 586 82 20 såframt
618 586 16 24 ej
650 586 114 25 reqvisition
780 586 41 19 från
839 587 85 19 Senaten

180 611 110 26 medföljer,
302 613 47 20 eller
363 613 58 20 innan
433 613 91 20 kontoret
537 613 70 19 derom
621 613 4 18 i
636 613 95 19 Senatens
742 613 182 25 Finansexpedition

180 639 73 20 anmält
270 639 37 20 och
322 640 137 24 expeditionen
475 639 73 20 lemnat
562 639 34 19 sitt
616 639 93 26 skriftliga
727 640 59 23 bifall,
804 639 74 20 hvilket
894 645 31 14 se-

180 665 91 20 dermera
288 665 36 20 bör
337 665 68 20 såsom
420 666 123 19 verifikation
558 665 104 20 kontorets
676 665 134 26 räkenskaper
824 665 71 26 åtfölja.

237 691 9 25 $
262 693 31 18 31.
323 693 8 18 I
346 691 67 26 hvarje
433 693 42 19 läns
497 692 133 19 Landtränteri
652 693 55 18 skola
725 692 105 25 stämpladt
851 698 74 20 papper

181 719 39 18 och
234 719 166 24 stämpelmärken
415 719 20 19 af
447 720 34 18 alla
503 719 73 18 värden
591 719 63 18 finnas
675 722 28 16 att
720 718 57 27 tillgå,
795 721 58 21 samt,
875 720 49 18 efter

180 744 115 25 reqvisition
310 746 20 18 af
340 745 159 26 Länestyrelsen,
511 746 4 18 i
530 745 81 24 stadgad
624 745 82 25 ordning
721 745 41 20 från
777 745 148 26 kartasigillata-

180 770 93 20 kontoret
282 771 109 20 ditsändas.
413 771 53 20 Allti
478 771 154 20 Landtränteriet
643 771 95 26 befintligt
748 771 64 20 förråd
823 772 20 19 af
851 774 75 23 stämp-

179 796 44 21 ladt
237 802 75 20 papper
326 799 38 18 och
378 797 165 26 stämpelmärken
558 798 47 19 skall
623 797 29 20 stå
669 798 62 19 under
747 798 178 19 Landträntmästa-

182 829 47 14 rens
245 823 48 20 vård
308 825 37 18 och
360 825 100 19 närmaste
475 829 70 15 ansvar
557 827 51 16 samt
622 823 63 20 under
698 824 39 20 lika
751 825 65 25 tillsyn
826 825 37 18 och
878 825 47 25 kon-

182 850 42 19 troll
239 850 20 18 af
272 850 157 26 Länestyrelsen,
441 856 44 13 som
499 851 28 19 för
536 856 61 13 annan
612 850 151 26 kronouppbörd
779 851 65 25 gäller.
873 851 52 25 Alig-

180 876 64 24 gande
258 874 33 20 det
305 876 203 20 Landträntmästaren
526 875 18 26 ej
559 876 76 20 mindre
649 879 27 17 att
696 877 50 19 tillse
760 877 33 19 Jet
810 876 114 26 erforderlig

181 902 79 25 tillgång
275 902 23 24 pä
313 903 105 25 stämpladt
432 908 75 20 papper
520 903 38 19 och
576 904 165 24 stämpelmärken
755 904 29 18 för
799 903 125 20 förefallande

182 928 60 19 behof
263 927 31 20 mä
317 929 5 18 i
342 929 94 19 ränteriet
457 929 63 19 finnas
541 930 24 17 än
582 931 28 17 att
627 928 113 20 förräderne
763 929 21 19 sä
802 928 77 20 förvara
896 932 28 17 att

182 957 84 22 pappret
283 953 18 25 ej
316 955 79 19 skadas.
425 956 204 18 Lanlträntmästaren
644 960 47 20 eger
705 956 57 18 äfven
777 961 31 13 om
824 955 34 19 allt
873 956 51 19 hvad

184 981 4 18 i
199 980 70 20 sådant
283 981 93 19 afseende
391 981 66 24 nödigt
466 987 46 13 vara
527 982 37 18 kan
580 982 36 18 hos
627 982 148 24 Länestyrelsen
785 982 75 18 anmäla
873 984 52 16 samt

184 1006 47 20 dess
244 1006 132 20 förordnande
385 1007 89 23 afvakta;
490 1008 37 19 och
538 1007 17 19 få
567 1008 105 24 stämpladt
684 1013 74 20 papper
771 1008 46 19 eller
832 1008 93 24 stämpel-

183 1033 80 19 märken
279 1032 54 20 alltså
348 1034 44 19 icke
407 1034 20 19 af
435 1034 205 19 Landträntmästaren
655 1034 84 19 enskildt
751 1034 119 24 reqvireras,
887 1033 36 20 för-

181 1059 71 19 sändas
267 1059 47 19 eller
329 1060 138 24 utkrediteras,
481 1063 45 16 utan
541 1060 48 19 skall
605 1060 115 24 reqvisition
736 1060 60 24 deraf,
807 1059 52 25 uppå
874 1061 50 18 hans

182 1085 96 23 anmälan,
288 1085 36 19 ske
333 1086 69 18 endast
411 1091 71 20 genom
491 1086 149 25 Länestyrelsen
651 1087 36 18 och
697 1086 33 19 det
740 1085 126 25 reqvirerade
876 1086 49 19 blott

182 1111 4 18 i
201 1111 63 24 grund
279 1111 21 18 af
315 1111 162 26 Länestyrelsens
495 1111 106 24 anordning
616 1112 101 19 försändas
731 1112 39 18 och
783 1112 140 19 utkredileras.

235 1136 10 25 $
260 1137 31 19 32.
321 1137 26 18 På
363 1137 32 20 det
410 1138 106 23 stämpladt
525 1143 75 19 papper
610 1138 38 18 och
658 1137 165 26 stämpelmärken
833 1137 31 20 må
875 1138 50 18 kun-

183 1168 23 13 na
220 1163 132 18 allmänheten
367 1163 159 25 tillhandahållas,
543 1163 47 20 skall
606 1163 4 18 i
626 1163 69 25 hvarje
713 1163 41 20 stal
770 1166 51 17 samt
836 1165 4 18 i
855 1163 69 25 hvarje

181 1188 81 25 socken,
279 1194 23 14 en
320 1189 47 19 eller
386 1189 47 20 flere
453 1189 167 25 försäljningsmän
642 1190 49 19 efter
705 1189 61 20 behof
778 1193 89 22 antagas,
887 1191 37 18 hos

183 1215 65 18 hvilka
264 1215 24 19 de
304 1217 51 17 mest
370 1215 94 24 behöfliga
480 1216 72 19 värden
569 1216 47 19 böra
632 1221 46 13 vara
692 1219 28 16 att
738 1215 60 24 tillgå.
827 1216 96 23 Stämpel-

182 1245 74 20 papper
269 1241 38 18 och
323 1241 165 24 stämpelmärken
503 1241 53 19 skola
571 1240 24 25 pä
610 1240 220 26 försäljningsmännens
845 1241 79 19 skriftli-

182 1271 23 18 ga
220 1266 121 24 regvisition,
363 1267 232 25 genomLänestyrelsens
616 1267 77 24 försorg
711 1267 135 19 kostnadsfritt
863 1267 60 19 hållas

182 1293 45 18 dem
242 1292 99 23 tillhanda;
361 1293 37 18 och
413 1299 34 20 ega
463 1293 24 20 de
502 1293 28 19 för
544 1293 36 19 alla
594 1293 70 24 medel,
681 1299 43 14 som
734 1298 70 21 genom
814 1292 109 26 försäijnin-

181 1324 38 20 gen
233 1319 67 26 inllyta
315 1319 37 19 och
367 1318 68 21 såsom
448 1321 87 18 Kronans
551 1318 107 26 behållning
675 1320 26 19 till
716 1319 146 20 landtränteriet
877 1320 45 19 inle-

183 1351 88 18 vereras,
288 1346 28 19 uti
329 1345 223 27 försäljningsprovision
567 1346 29 25 sig
610 1345 77 26 tillgodo
702 1346 97 25 beräkna,
817 1346 3 19 i
837 1346 85 25 Helsing-

183 1373 41 19 fors
238 1372 22 24 3,
280 1373 4 18 i
302 1373 25 19 de
344 1372 59 26 öfriga
425 1373 89 20 städerna
534 1374 12 18 4
561 1374 84 24 procent
662 1374 38 18 och
721 1373 24 26 pä
765 1373 66 20 landet
851 1374 29 19 för
896 1373 28 19 le-

184 1399 95 19 vererale
294 1400 38 18 500
349 1399 54 19 mark
419 1400 11 19 8
446 1402 82 22 procent
544 1402 52 16 samt
616 1400 30 18 för
660 1399 51 19 hvad
729 1405 92 14 summan
837 1400 29 19 för
880 1399 43 19 året

182 1425 115 20 slerutöfver
311 1426 35 18 kan
362 1426 67 24 utgöra
444 1426 68 20 endast
526 1426 12 19 6
553 1428 87 22 procent,
656 1425 79 21 hvilken
750 1426 106 25 provision,
873 1426 51 20 efter
