1006 1692
176 150 43 19 1274
390 150 72 22 Nådiga
474 150 139 23 Propositionen
626 149 36 17 N:o
675 149 28 17 38.

178 200 38 20 den
231 192 33 36 som
277 192 75 36 tillhör
366 199 84 25 bolaget;
466 204 48 14 vare
528 198 133 20 underkastad
674 198 39 19 lika
728 196 73 26 påföljd
815 197 46 19 med
874 196 56 26 Jen,'

179 232 43 13 som
237 225 102 20 tillverkar
353 225 81 20 bränvin
448 228 46 17 utan
508 227 28 17 att
549 226 36 23 äga
596 224 92 26 rättighet
696 224 71 19 dertill.
797 224 38 26 Lag
845 228 76 14 samma

179 258 55 18 vare,
250 257 32 14 om
296 252 96 25 en:ägare
405 252 21 18 af
438 251 47 20 flere
500 252 112 25 lägenheter
625 250 53 20 inom
692 255 76 15 samma
783 250 30 19 län
827 250 60 24 enligt
902 249 21 25 $$

180 279 24 20 17
220 279 37 19 och
272 279 24 19 15
311 277 76 20 undfått
400 277 85 21 tillstånd
500 280 28 17 att
541 278 29 19 för
584 278 35 19 alla
634 277 48 19 eller
695 276 48 20 flere
760 275 20 20 af
795 276 45 19 dem
858 276 25 25 pä
899 281 24 14 en

180 306 21 20 af
213 305 140 25 lägenheterne
366 305 67 19 utöfva
448 305 156 24 sammanslagen
621 303 153 25 bränningsrätt,
792 308 46 14 men
855 302 69 20 sådant

181 332 80 20 oaktadt
274 332 92 19 anställer
380 331 46 19 eller
440 330 49 20 låter
502 331 80 19 anställa
597 329 216 25 bränvinstillverkning
829 328 22 26 på
865 331 60 17 annat

181 358 55 21 ställe
250 359 25 19 än
290 358 38 20 han
342 357 36 20 hos
395 357 131 20 Guvernören
543 356 106 26 uppgifvit;
668 356 21 20 så
707 356 37 20 ock
761 356 36 19 der
813 355 112 29 hemmans-

181 387 58 24 ägare
253 385 29 19 sin
296 384 147 25 bränningsrätt
456 383 20 20 ät
489 384 70 20 landbo
576 382 83 26 upplåtit
675 383 38 19 och
734 382 59 20 likväl
814 382 47 25 sjelf
880 382 45 20 med

181 410 219 26 bränvinstillverkning
414 410 99 20 beträdes.
867 419 3 1 :

525 464 10 26 $
548 464 34 20 67.

235 507 83 20 Innehar
332 508 59 24 ägare
404 506 22 20 af
437 506 48 20 flere
498 507 120 25 lägenheter,
630 506 29 19 för
668 505 65 21 hvilka
742 505 183 21 bränvinstillverk-

182 534 71 25 ningen
270 535 22 18 är
309 534 165 24 sammanslagen,
493 532 193 26 bränningsredskap
703 532 24 26 på
746 534 59 18 annat
821 532 105 27 ställe,
902 528 27 35 än

183 560 35 20 der
232 561 38 19 han
284 554 52 36 äger.
345 559 65 20 utöfva
424 560 126 26 bränningen,
566 560 47 19 eller
626 559 148 20 öfverkommes
789 558 36 20 slik
839 558 88 26 redskap

184 588 36 18 hos
234 587 45 25 den,
296 592 44 14 som
353 586 29 20 sin
397 586 143 26 bränningsrätt
554 586 20 20 åt
587 586 71 20 landbo
672 585 90 26 upplåtit;
779 591 46 14 vare
840 585 39 20 den
893 585 34 26 fel-

184 613 65 25 aktige
264 613 89 19 förfallen
366 612 26 20 till
408 618 76 14 samma
499 612 78 26 påföljd,
594 618 44 14 som
652 612 4 19 i
670 612 10 25 $
695 612 25 20 63
734 614 22 18 är
765 612 30 19 för
805 610 122 26 oberättigad

184 645 72 20 person
270 641 68 18 utsatt.

526 692 10 26 6
550 693 32 19 68.

239 736 41 20 Den
295 736 27 20 tid
336 736 21 19 af
369 735 50 25 året,
434 735 24 20 då
474 736 216 25 bränvinstillverkning
704 735 44 20 icke
761 736 21 19 är
792 735 79 25 tillåten,
883 736 46 19 sko-

186 764 17 18 la
218 763 36 19 alla
267 762 103 20 inmurade
384 762 170 26 bränvinspannor
569 762 45 20 med
628 762 62 20 dertill
706 762 86 20 hörande
804 763 64 19 hattar
877 762 52 20 både

186 790 6 18 i
207 789 66 20 städer
287 789 38 19 och
339 788 23 26 på
378 789 64 20 landet
456 795 48 13 vara
517 788 117 26 förseglade.
663 788 152 21 Vederbörande
830 788 100 26 Magistra-

187 818 30 17 ter
232 816 38 19 och
284 814 155 26 Kronobetjente
454 816 105 20 verkstålle
574 815 131 25 förseglingen
720 815 37 19 och
773 815 24 19 de
807 815 123 20 sistnämnde

187 841 55 26 njute
258 842 6 19 i
282 842 108 25 ersättning
407 842 29 19 för
453 847 56 14 resor
527 843 38 18 och
581 841 187 26 förseglingsämnen
785 841 5 19 i
808 843 28 18 ett
853 841 30 19 för
896 840 35 21 allt

188 869 44 26 fyra
246 868 63 20 mark.
338 868 65 20 Sedan
418 868 178 25 bränneriredskap
610 868 97 25 förseglad
721 870 28 23 är,
766 868 49 26 ligge
825 867 11 20 å
847 869 83 24 ägarens

189 895 48 20 vård
252 896 38 19 och
304 900 80 19 ansvar,
399 897 28 17 att
441 895 128 25 förseglingen
578 895 44 19 icke
631 895 62 20 under
703 895 136 20 förbudstiden
849 895 80 24 rubbas,

190 921 31 20 vid
236 922 34 19 bot
284 922 20 19 af
316 920 66 21 åttatio
397 921 65 25 mark,
478 927 32 14 om
525 923 38 18 han
577 921 120 26 rubbningen
713 921 145 26 tillvägabragt,
875 921 54 25 eller,

188 948 36 20 der
238 948 38 19 den
291 951 45 16 utan
350 949 49 18 hans
413 947 121 21 förvållande
548 948 59 24 skett,
624 948 116 19 försummat
754 950 28 17 att
795 948 70 19 derom
879 948 53 19 inom

190 974 42 30 fyra
246 974 60 25 dagar
321 975 37 19 hos
372 974 126 26 Magistraten
513 975 47 20 eller
573 975 194 19 Kronolänsmannen
781 975 5 19 i
801 977 55 17 orten
866 975 66 19 bevis-

189 1001 50 24 ligen
254 1001 82 24 anmäla,
352 1001 5 18 i
371 1001 94 20 afseende
479 1000 10 19 å
505 1007 25 20 ny
548 1001 114 25 försegling,
681 1001 29 19 för
727 1001 80 20 hvilken
824 1001 109 20 Länsman-

190 1033 38 14 nen
242 1027 6 19 i
263 1027 72 20 sådana
350 1027 29 20 fall
394 1029 22 18 är
430 1027 106 26 berättigad
552 1027 25 20 till
593 1027 73 25 skjuts-
675 1028 38 19 och
722 1027 167 26 dagtraktamente
900 1033 33 14 en-

190 1054 34 25 ligt
239 1054 188 25 Resereglementet.
456 1054 40 19 När
510 1054 91 25 lofgifven
616 1054 28 19 tid
656 1053 42 20 åter
707 1055 29 18 för
745 1054 188 26 bränvinsbränning

190 1081 84 24 infaller,
294 1085 47 14 vare
359 1080 148 25 bränneriägare
524 1081 91 24 obetaget
632 1083 28 16 att
676 1081 58 25 bryta
751 1081 131 25 förseglingen
896 1081 37 19 och

191 1107 25 19 till
232 1107 34 18 sitt
279 1105 89 21 ändamål
384 1107 86 25 begagna
484 1107 117 26 redskapen,
617 1109 46 17 utan
675 1110 27 17 att
711 1107 151 24 Kronobetjents
872 1107 61 20 hand-

191 1133 94 25 räckning
299 1133 38 19 och
351 1132 66 27 åtgärd
432 1133 63 20 dertill
510 1133 106 20 erfordras.

532 1187 10 24 $
556 1188 32 19 69.

244 1231 108 19 Oinmurad
366 1231 187 25 bränvinsredskap,
569 1237 44 12 som
627 1231 63 19 tillhör
704 1232 229 25 lägenhetsinnehafvare

191 1256 24 26 på
230 1257 71 23 landet,
317 1256 32 20 må
364 1257 56 19 äfven
436 1257 10 19 å
461 1257 37 19 den
513 1257 26 19 tid
554 1256 25 20 då
594 1257 188 26 bränvinsbränning
799 1257 45 20 icke
861 1259 22 18 är
899 1257 35 20 lof-

190 1283 72 26 gifven,
280 1284 36 19 hos
330 1284 71 25 ägaren
416 1283 96 25 förblifva,
528 1282 22 21 sä
565 1283 59 19 framt
638 1284 38 18 han
691 1284 36 19 har
736 1286 29 17 att
774 1283 26 20 till
812 1284 123 25 redskapens

191 1309 117 20 förvarande
325 1310 67 19 anvisa
410 1312 27 17 ett
454 1309 176 26 förvaringsställe,
649 1310 35 19 der
707 1310 38 19 den
765 1311 42 19 hela
824 1311 52 20 tiden
897 1311 37 23 kan

191 1336 61 20 hållas
267 1337 52 19 inom
333 1336 35 24 lås,
385 1337 38 19 och
437 1336 69 19 derom
520 1337 42 19 före
576 1336 168 26 bränningstidens
759 1337 71 26 utgång
840 1338 36 19 hos
886 1337 48 20 Kro-

191 1364 152 19 nolänsmannen
360 1363 5 19 i
382 1366 56 17 orten
455 1363 90 20 anmälan
562 1366 40 23 gör.
635 1363 7 20 I
656 1363 66 26 dylika
739 1364 30 19 fall
789 1364 60 20 varde
870 1364 65 21 förva-

190 1389 120 26 ringsstället.
324 1390 106 25 försegladt
444 1390 37 19 och
496 1390 130 25 förseglingen
640 1391 20 18 af
672 1391 71 24 ägaren
758 1390 74 21 vårdad
847 1391 67 20 såsom
929 1391 6 20 i

191 1416 10 25 $
216 1417 24 20 68
257 1416 56 26 sagdt
331 1419 29 17 är.
392 1417 28 20 De
438 1422 43 15 som
499 1417 69 20 sådant
581 1417 169 26 förvaringsställe
768 1417 17 26 ej
803 1419 36 25 äga
854 1419 47 19 eller
915 1417 20 26 ej

191 1442 45 26 vilja
250 1443 30 25 sig
294 1443 56 20 deraf
362 1443 95 26 begagna,
473 1449 47 14 vare
535 1443 89 26 skyldige
638 1446 28 17 att
680 1443 10 20 å
701 1444 78 25 termin,
792 1450 43 14 som
846 1445 21 19 af
875 1445 61 20 Läns-
