989 1695
164 144 48 33 1200
379 147 71 23 Nådiga
462 148 141 23 Propositionen
615 147 35 18 N:o
661 148 29 17 38.

163 200 29 18 att
204 197 116 20 densamma
334 197 70 26 relligt
418 197 36 20 och
469 200 108 23 noggrannt
591 197 117 20 handhafva.
738 196 42 21 Och
794 202 37 20 ege
845 197 65 19 Läne-

163 225 85 25 styrelse
269 225 111 19 bestämma
400 224 38 20 den
453 224 142 25 vedergällning
610 229 23 14 ur
647 223 94 20 anvisade
755 223 96 20 allmänna
866 228 42 15 me-

163 251 30 20 del
216 251 62 19 vittne
295 250 71 21 tillbör.
377 245 10 35 -
395 251 75 19 Uteblir
488 250 59 20 vittne
562 250 44 20 från
620 253 62 16 utsatt
695 250 119 26 förrättning,
831 249 78 26 päkalle

164 277 109 20 Kontrollör
287 277 5 20 i
308 277 64 20 stället
386 282 61 15 annan
462 277 77 26 lämplig
553 282 79 21 person.
879 275 4 3 N

507 330 10 26 $
533 331 31 19 31.

218 376 25 19 Af
256 375 85 20 berörde
354 375 94 26 protokoll
464 377 44 22 tage
521 374 117 25 Kontrollör,
654 374 30 19 för
694 373 69 25 hvarje
772 374 138 25 tilländalupen

166 403 40 19 half
218 401 73 21 månad
305 402 21 19 af
338 401 213 25 tillverkningstermin,
567 403 72 17 tvenne
655 401 25 19 till
694 399 118 21 innehällets
827 401 86 25 enlighet

166 429 45 19 med
216 423 10 35 '
233 427 167 25 hufvudskriften,
423 428 21 19 af
461 428 72 19 honom
548 428 38 25 och
601 427 70 19 vittnet
685 427 103 26 bestyrkta
802 427 108 22 afskrifter,

166 461 45 14 som
226 455 100 20 tillsändas
339 455 152 26 Länestyrelsen
506 455 38 19 och
558 453 176 21 Öfverkontrollör.

510 508 10 25 S
535 508 24 20 32

220 553 103 25 Insjuknar
337 553 110 20 Kontrollör
461 553 22 20 så
498 552 56 20 svårt
567 555 28 17 att
609 553 38 19 han
662 552 133 27 befattningen
809 552 19 26 ej
843 553 69 20 utöfva

167 582 43 22 kan,
233 581 78 19 anmäle
331 579 70 20 derom
416 581 35 18 hos
465 579 145 26 Länestyrelse.
639 578 81 20 Förmår
733 579 39 20 han
786 580 34 19 det
834 578 24 27 ej,
874 585 37 14 un-

166 607 88 20 derrätte
275 612 33 14 om
329 607 83 19 förfallet
429 606 5 19 i
449 605 43 20 stad
512 605 101 26 Magistrat
627 605 47 20 eller
688 605 145 27 Ordningsman
848 607 38 19 och
902 606 11 20 ä

166 633 66 20 landet
252 633 162 25 Kronolänsman,
434 638 43 14 som
491 633 162 26 skyndsammast
667 632 48 20 skall
730 633 96 20 inberätta
841 632 71 21 förhål-

166 659 68 21 landet
254 660 26 19 till
299 660 151 26 Länestyrelsen
465 660 38 19 och
517 659 73 20 derhos
604 659 114 20 föranstalta
733 662 27 17 att
776 659 78 26 lämplig
869 665 45 20 per-

168 692 35 15 son
217 686 253 26 Kontrollörsbefattningen
485 686 122 20 handhafver
619 685 94 28 intilldess
723 691 63 14 annan
795 687 21 19 af
823 686 91 20 bemälle

168 714 85 26 styrelse
268 713 133 20 tillförordnad
415 713 110 20 Kontrollör
539 714 30 24 sig
583 712 92 20 inställer.
701 709 26 24 Är
736 713 111 20 Kontrollör
856 714 58 18 äfven

166 739 124 21 urståndsatt
311 740 37 19 slik
366 739 143 20 underrättelse
523 738 118 25 ombesörja,
658 739 63 26 äligge
735 739 33 20 det
784 739 131 20 bränvinstill

168 767 85 19 verkare
268 767 46 20 eller
328 767 48 19 dess
390 766 74 20 ombud
480 766 31 19 vid
525 771 74 14 ansvar
613 765 37 20 och
665 771 64 14 annan
745 765 71 26 påföljd
832 767 29 18 för
875 766 39 20 den

167 793 141 25 förstnämnde,
328 793 10 20 å
356 795 39 18 sätt
412 793 6 19 i
435 793 10 25 $
461 793 26 20 68
504 793 86 25 stadgas,
607 795 27 16 att
648 792 53 20 inom
715 795 27 17 ett
756 793 52 26 dygn
824 793 36 19 hos
874 793 42 20 Ma-

166 820 76 25 gistrat,
264 820 150 25 Ordningsman,
437 820 47 19 eller
505 820 154 19 Kronolänsman
676 819 70 20 sådant
760 819 154 26 tillkännagifva,

167 847 103 19 hvarefter
284 847 83 19 förfares
382 845 10 21 å
408 847 38 19 sätt
459 846 83 20 nämndt
556 848 27 17 är.

512 898 11 26 s
537 899 31 19 33.

222 942 27 20 Då
258 942 230 26 -bränvinstillverkning
506 944 47 18 eller
570 942 115 26 distillering
699 943 5 19 i
720 943 89 20 bränneri
824 943 91 23 afslutas,

171 970 83 19 hvarom
268 969 118 26 anteckning
400 969 5 19 i
419 968 124 26 protokollet,
560 969 20 19 af
592 969 111 19 Kontrollör
716 972 70 22 genast
795 969 73 20 införes
878 970 39 19 och

170 996 46 20 med
238 996 72 19 vittnes
330 995 121 20 underskrift
472 996 113 26 bestyrkes,
608 995 48 20 skall
673 996 117 24 Kontrollör,
806 996 58 19 innan
878 997 39 19 han

168 1022 44 20 från
230 1023 65 19 stället
317 1022 81 25 afreser,
418 1022 45 20 med
480 1025 45 23 eget
542 1022 49 25 sigill
609 1023 39 18 och
663 1023 3 18 i
683 1024 83 18 närvaro
781 1022 22 20 af
815 1022 63 20 vittne
893 1022 22 20 så

170 1049 114 25 tillförlitligt
298 1049 82 25 försegla
394 1048 124 20 dervarande
532 1049 93 25 redskap.
641 1051 28 17 att
681 1049 114 19 densamma
804 1050 31 18 för
846 1049 72 25 olofligt

168 1075 89 21 ändamål
273 1075 44 20 icke
332 1075 35 19 kan
382 1075 96 25 begagnas
493 1078 46 17 utan
554 1075 97 26 rubbning
665 1076 20 18 af
700 1076 138 24 förseglingen.
868 1076 52 19 Der-

168 1102 52 20 efter
233 1102 50 26 ligge
297 1102 4 18 i
316 1101 161 26 bränneriegares
493 1101 46 21 vård
555 1102 37 19 och
607 1107 72 14 ansvar
693 1104 29 17 att
732 1102 131 26 förseglingen
872 1102 45 20 icke

170 1128 69 26 brytes
253 1129 57 19 innan
325 1129 55 18 nästa
390 1128 205 26 tillverkningstermin
605 1128 74 20 infaller
689 1129 38 19 och
737 1129 118 24 Kontrollör,
867 1129 50 19 efter

170 1154 24 20 då
210 1154 62 21 skedd
286 1154 119 26 granskning
419 1160 33 14 om
466 1154 71 26 sigillet
551 1156 48 19 eller
612 1154 74 26 sigillen
701 1158 35 16 äro
749 1155 94 23 skadade,
854 1155 63 20 dertill

171 1181 84 19 skrider.
286 1181 35 20 Vill
342 1180 206 21 bränvinstillverkare
569 1182 125 19 Jerförinnan
709 1182 78 25 vidtaga
802 1181 61 20 sådan
878 1182 40 19 för-

169 1207 86 27 bättring
269 1209 47 19 eller
330 1208 114 25 förändring
457 1208 21 19 af
491 1208 117 25 redskapen,
625 1214 44 13 som
683 1208 44 20 icke
737 1208 38 19 kan
785 1208 75 20 utföras
870 1208 46 20 med

171 1234 77 20 mindre
262 1235 25 17 än
301 1234 130 25 förseglingen
445 1234 81 25 rubbas,
543 1235 76 18 anmäle
633 1235 38 18 han
685 1234 70 19 derom
770 1235 36 19 hos
820 1235 98 25 Länesty-

170 1260 72 23 relsen,
259 1265 44 14 som
318 1265 46 20 eger
378 1258 61 21 tillåta
452 1261 113 18 närboende
579 1260 52 19 förut
644 1260 82 19 anställd
741 1260 119 25 Kontrollör,
873 1261 47 18 eller

155 1285 53 20 "ock
223 1287 5 18 i
243 1285 43 20 stad
300 1285 188 26 Magistratsperson
503 1286 48 19 eller
565 1285 148 26 Ordningsman
729 1287 37 18 och
781 1286 10 19 å
806 1286 66 20 landet
888 1292 32 14 or-

170 1315 45 17 tens
230 1312 162 25 Kronolänsman,
411 1315 28 16 att
453 1312 5 19 i
473 1313 105 20 öfvervaro
593 1313 20 19 af
626 1313 68 25 vittne,
711 1312 23 26 pä
750 1313 170 20 bränvinstillver-

170 1339 72 20 karens
257 1339 117 25 bekostnad,
390 1339 129 26 forseglingen
533 1339 95 26 besigtiga
643 1340 38 19 och
695 1340 71 25 öppna.
795 1340 70 21 Skulle
875 1339 44 21 åter

171 1365 85 20 berörde
270 1366 176 23 säkerhetsmedel,
461 1371 72 20 genom
547 1366 100 27 olycksfall
663 1367 46 19 eller
719 1372 60 14 annan
790 1367 128 26 tilldragelse,

172 1392 37 21 den
224 1393 149 26 bränneriegare
388 1393 44 20 icke
447 1392 65 27 vållat,
528 1393 59 20 blifva
602 1393 125 26 undanröjdt,
739 1399 48 14 vare
798 1394 63 20 denne
870 1394 50 26 plig-

173 1419 26 26 tig
220 1422 28 17 att
268 1419 69 21 derom
359 1419 52 20 inom
432 1419 96 26 utgången
545 1420 20 19 af
581 1419 84 26 följande
683 1421 59 26 dygn,
758 1421 37 19 hos
810 1421 107 25 Magistrat,

174 1446 143 27 Ordningsman
331 1447 47 20 eller
394 1447 153 20 Kronolänsman
562 1447 5 18 i
585 1450 55 16 orten
657 1448 108 25 bevisligen
780 1449 82 23 anmäla,
877 1449 4 17 i
893 1449 27 18 af-
