<?xml version="1.0" encoding="UTF-8"?>
<alto xmlns="http://www.loc.gov/standards/alto/ns-v3#" xmlns:xlink="http://www.w3.org/1999/xlink" xmlns:xsi="http://www.w3.org/2001/XMLSchema-instance" xsi:schemaLocation="http://www.loc.gov/standards/alto/ns-v3# http://www.loc.gov/alto/v3/alto-3-0.xsd">
	<Description>
		<MeasurementUnit>pixel</MeasurementUnit>
		<sourceImageInformation>
			<fileName>/tmp/tess_tfvvr_ru_input.PNG</fileName>
		</sourceImageInformation>
		<OCRProcessing ID="OCR_0">
			<ocrProcessingStep>
				<processingSoftware>
					<softwareName>tesseract 5.3.4</softwareName>
				</processingSoftware>
			</ocrProcessingStep>
		</OCRProcessing>
	</Description>
	<Layout>
		<Page WIDTH="1020" HEIGHT="1689" PHYSICAL_IMG_NR="0" ID="page_0">
			<PrintSpace HPOS="0" VPOS="0" WIDTH="1020" HEIGHT="1689">
				<ComposedBlock ID="cblock_0" HPOS="307" VPOS="133" WIDTH="523" HEIGHT="33">
					<TextBlock ID="block_0" HPOS="307" VPOS="133" WIDTH="523" HEIGHT="33">
						<TextLine ID="line_0" HPOS="307" VPOS="133" WIDTH="523" HEIGHT="33">
							<String ID="string_0" HPOS="307" VPOS="142" WIDTH="71" HEIGHT="23" WC="0.91" CONTENT="Nådiga"/><SP WIDTH="12" VPOS="142" HPOS="378"/>
							<String ID="string_1" HPOS="390" VPOS="143" WIDTH="139" HEIGHT="23" WC="0.88" CONTENT="Propositionen"/><SP WIDTH="13" VPOS="143" HPOS="529"/>
							<String ID="string_2" HPOS="542" VPOS="143" WIDTH="37" HEIGHT="18" WC="0.96" CONTENT="N:o"/><SP WIDTH="11" VPOS="143" HPOS="579"/>
							<String ID="string_3" HPOS="590" VPOS="144" WIDTH="28" HEIGHT="17" WC="0.94" CONTENT="88."/><SP WIDTH="168" VPOS="144" HPOS="618"/>
							<String ID="string_4" HPOS="786" VPOS="133" WIDTH="44" HEIGHT="29" WC="0.65" CONTENT="1461"/>
						</TextLine>
					</TextBlock>
				</ComposedBlock>
				<ComposedBlock ID="cblock_1" HPOS="91" VPOS="191" WIDTH="741" HEIGHT="82">
					<TextBlock ID="block_1" HPOS="91" VPOS="191" WIDTH="741" HEIGHT="82">
						<TextLine ID="line_1" HPOS="92" VPOS="191" WIDTH="731" HEIGHT="28">
							<String ID="string_5" HPOS="92" VPOS="191" WIDTH="144" HEIGHT="25" WC="0.63" CONTENT="äklagare&#39;"/><SP WIDTH="-37" VPOS="191" HPOS="236"/>
							<String ID="string_6" HPOS="199" VPOS="187" WIDTH="36" HEIGHT="36" WC="0.63" CONTENT="och"/><SP WIDTH="16" VPOS="187" HPOS="235"/>
							<String ID="string_7" HPOS="251" VPOS="191" WIDTH="72" HEIGHT="20" WC="0.96" CONTENT="vittnen"/><SP WIDTH="14" VPOS="191" HPOS="323"/>
							<String ID="string_8" HPOS="337" VPOS="192" WIDTH="59" HEIGHT="20" WC="0.97" CONTENT="deras"/><SP WIDTH="15" VPOS="192" HPOS="396"/>
							<String ID="string_9" HPOS="411" VPOS="193" WIDTH="5" HEIGHT="19" WC="0.96" CONTENT="i"/><SP WIDTH="14" VPOS="193" HPOS="416"/>
							<String ID="string_10" HPOS="430" VPOS="193" WIDTH="60" HEIGHT="19" WC="0.93" CONTENT="saken"/><SP WIDTH="15" VPOS="193" HPOS="490"/>
							<String ID="string_11" HPOS="505" VPOS="192" WIDTH="85" HEIGHT="27" WC="0.92" CONTENT="äbragde"/><SP WIDTH="8" VPOS="192" HPOS="590"/>
							<String ID="string_12" HPOS="598" VPOS="193" WIDTH="117" HEIGHT="24" WC="0.86" CONTENT="kostnader,"/><SP WIDTH="11" VPOS="193" HPOS="715"/>
							<String ID="string_13" HPOS="726" VPOS="195" WIDTH="45" HEIGHT="17" WC="0.93" CONTENT="utan"/><SP WIDTH="9" VPOS="195" HPOS="771"/>
							<String ID="string_14" HPOS="780" VPOS="193" WIDTH="43" HEIGHT="25" WC="0.96" CONTENT="ock,"/>
						</TextLine>
						<TextLine ID="line_2" HPOS="92" VPOS="217" WIDTH="740" HEIGHT="27">
							<String ID="string_15" HPOS="92" VPOS="220" WIDTH="35" HEIGHT="17" WC="0.93" CONTENT="när"/><SP WIDTH="13" VPOS="220" HPOS="127"/>
							<String ID="string_16" HPOS="140" VPOS="218" WIDTH="94" HEIGHT="20" WC="0.95" CONTENT="domaren"/><SP WIDTH="14" VPOS="218" HPOS="234"/>
							<String ID="string_17" HPOS="248" VPOS="217" WIDTH="33" HEIGHT="20" WC="0.93" CONTENT="det"/><SP WIDTH="13" VPOS="217" HPOS="281"/>
							<String ID="string_18" HPOS="294" VPOS="219" WIDTH="69" HEIGHT="24" WC="0.96" CONTENT="äskar,"/><SP WIDTH="16" VPOS="219" HPOS="363"/>
							<String ID="string_19" HPOS="379" VPOS="220" WIDTH="59" HEIGHT="24" WC="0.94" CONTENT="enligt"/><SP WIDTH="13" VPOS="220" HPOS="438"/>
							<String ID="string_20" HPOS="451" VPOS="219" WIDTH="88" HEIGHT="25" WC="0.89" CONTENT="gällande"/><SP WIDTH="14" VPOS="219" HPOS="539"/>
							<String ID="string_21" HPOS="553" VPOS="221" WIDTH="45" HEIGHT="17" WC="0.96" CONTENT="taxa"/><SP WIDTH="14" VPOS="221" HPOS="598"/>
							<String ID="string_22" HPOS="612" VPOS="219" WIDTH="63" HEIGHT="20" WC="0.96" CONTENT="utlösa"/><SP WIDTH="14" VPOS="219" HPOS="675"/>
							<String ID="string_23" HPOS="689" VPOS="219" WIDTH="37" HEIGHT="20" WC="0.96" CONTENT="alla"/><SP WIDTH="9" VPOS="219" HPOS="726"/>
							<String ID="string_24" HPOS="735" VPOS="219" WIDTH="26" HEIGHT="21" WC="0.92" CONTENT="till"/><SP WIDTH="10" VPOS="219" HPOS="761"/>
							<String ID="string_25" HPOS="771" VPOS="219" WIDTH="61" HEIGHT="22" WC="0.96" CONTENT="målet"/>
						</TextLine>
						<TextLine ID="line_3" HPOS="91" VPOS="245" WIDTH="527" HEIGHT="28">
							<String ID="string_26" HPOS="91" VPOS="245" WIDTH="87" HEIGHT="20" WC="0.96" CONTENT="hörande"/><SP WIDTH="13" VPOS="245" HPOS="178"/>
							<String ID="string_27" HPOS="191" VPOS="245" WIDTH="97" HEIGHT="28" WC="0.96" CONTENT="protokoll"/><SP WIDTH="14" VPOS="245" HPOS="288"/>
							<String ID="string_28" HPOS="302" VPOS="246" WIDTH="38" HEIGHT="19" WC="0.96" CONTENT="och"/><SP WIDTH="13" VPOS="246" HPOS="340"/>
							<String ID="string_29" HPOS="353" VPOS="246" WIDTH="71" HEIGHT="25" WC="0.96" CONTENT="utslag."/><SP WIDTH="191" VPOS="246" HPOS="424"/>
							<String ID="string_30" HPOS="615" VPOS="253" WIDTH="3" HEIGHT="1" WC="0.0" CONTENT=":"/>
						</TextLine>
					</TextBlock>
				</ComposedBlock>
				<ComposedBlock ID="cblock_2" HPOS="432" VPOS="297" WIDTH="56" HEIGHT="26">
					<TextBlock ID="block_2" HPOS="432" VPOS="297" WIDTH="56" HEIGHT="26">
						<TextLine ID="line_4" HPOS="432" VPOS="297" WIDTH="56" HEIGHT="26">
							<String ID="string_31" HPOS="432" VPOS="297" WIDTH="10" HEIGHT="26" WC="0.86" CONTENT="$"/><SP WIDTH="15" VPOS="297" HPOS="442"/>
							<String ID="string_32" HPOS="457" VPOS="298" WIDTH="31" HEIGHT="19" WC="0.96" CONTENT="72."/>
						</TextLine>
					</TextBlock>
				</ComposedBlock>
				<ComposedBlock ID="cblock_3" HPOS="90" VPOS="340" WIDTH="742" HEIGHT="187">
					<TextBlock ID="block_3" HPOS="90" VPOS="340" WIDTH="742" HEIGHT="187">
						<TextLine ID="line_5" HPOS="144" VPOS="340" WIDTH="687" HEIGHT="27">
							<String ID="string_33" HPOS="144" VPOS="341" WIDTH="8" HEIGHT="19" WC="0.93" CONTENT="I"/><SP WIDTH="13" VPOS="341" HPOS="152"/>
							<String ID="string_34" HPOS="165" VPOS="340" WIDTH="91" HEIGHT="20" WC="0.92" CONTENT="bränneri"/><SP WIDTH="15" VPOS="340" HPOS="256"/>
							<String ID="string_35" HPOS="271" VPOS="340" WIDTH="47" HEIGHT="20" WC="0.96" CONTENT="skall"/><SP WIDTH="15" VPOS="340" HPOS="318"/>
							<String ID="string_36" HPOS="333" VPOS="341" WIDTH="63" HEIGHT="20" WC="0.96" CONTENT="under"/><SP WIDTH="9" VPOS="341" HPOS="396"/>
							<String ID="string_37" HPOS="405" VPOS="341" WIDTH="33" HEIGHT="25" WC="0.96" CONTENT="tid,"/><SP WIDTH="12" VPOS="341" HPOS="438"/>
							<String ID="string_38" HPOS="450" VPOS="340" WIDTH="24" HEIGHT="21" WC="0.93" CONTENT="dä"/><SP WIDTH="10" VPOS="340" HPOS="474"/>
							<String ID="string_39" HPOS="484" VPOS="341" WIDTH="219" HEIGHT="26" WC="0.92" CONTENT="bränvinstillverkning"/><SP WIDTH="8" VPOS="341" HPOS="703"/>
							<String ID="string_40" HPOS="711" VPOS="341" WIDTH="49" HEIGHT="20" WC="0.92" CONTENT="eller"/><SP WIDTH="10" VPOS="341" HPOS="760"/>
							<String ID="string_41" HPOS="770" VPOS="341" WIDTH="61" HEIGHT="20" WC="0.90" CONTENT="distil-"/>
						</TextLine>
						<TextLine ID="line_6" HPOS="91" VPOS="367" WIDTH="740" HEIGHT="27">
							<String ID="string_42" HPOS="91" VPOS="367" WIDTH="63" HEIGHT="26" WC="0.92" CONTENT="lering"/><SP WIDTH="16" VPOS="367" HPOS="154"/>
							<String ID="string_43" HPOS="170" VPOS="367" WIDTH="35" HEIGHT="20" WC="0.91" CONTENT="der"/><SP WIDTH="19" VPOS="367" HPOS="205"/>
							<String ID="string_44" HPOS="224" VPOS="367" WIDTH="124" HEIGHT="25" WC="0.91" CONTENT="verkställes,"/><SP WIDTH="18" VPOS="367" HPOS="348"/>
							<String ID="string_45" HPOS="366" VPOS="367" WIDTH="68" HEIGHT="21" WC="0.96" CONTENT="städse"/><SP WIDTH="18" VPOS="367" HPOS="434"/>
							<String ID="string_46" HPOS="452" VPOS="373" WIDTH="45" HEIGHT="14" WC="0.96" CONTENT="vara"/><SP WIDTH="17" VPOS="373" HPOS="497"/>
							<String ID="string_47" HPOS="514" VPOS="368" WIDTH="5" HEIGHT="19" WC="0.93" CONTENT="i"/><SP WIDTH="17" VPOS="368" HPOS="519"/>
							<String ID="string_48" HPOS="536" VPOS="367" WIDTH="102" HEIGHT="21" WC="0.73" CONTENT="bevittnal"/><SP WIDTH="16" VPOS="367" HPOS="638"/>
							<String ID="string_49" HPOS="654" VPOS="367" WIDTH="77" HEIGHT="20" WC="0.91" CONTENT="afskrift"/><SP WIDTH="13" VPOS="367" HPOS="731"/>
							<String ID="string_50" HPOS="744" VPOS="368" WIDTH="87" HEIGHT="26" WC="0.95" CONTENT="anslaget"/>
						</TextLine>
						<TextLine ID="line_7" HPOS="90" VPOS="393" WIDTH="742" HEIGHT="26">
							<String ID="string_51" HPOS="90" VPOS="393" WIDTH="161" HEIGHT="21" WC="0.87" CONTENT="vederbörandes"/><SP WIDTH="16" VPOS="393" HPOS="251"/>
							<String ID="string_52" HPOS="267" VPOS="393" WIDTH="58" HEIGHT="20" WC="0.96" CONTENT="bevis"/><SP WIDTH="17" VPOS="393" HPOS="325"/>
							<String ID="string_53" HPOS="342" VPOS="397" WIDTH="30" HEIGHT="16" WC="0.93" CONTENT="att"/><SP WIDTH="15" VPOS="397" HPOS="372"/>
							<String ID="string_54" HPOS="387" VPOS="394" WIDTH="213" HEIGHT="25" WC="0.49" CONTENT="tiliverkningsskatten"/><SP WIDTH="14" VPOS="394" HPOS="600"/>
							<String ID="string_55" HPOS="614" VPOS="395" WIDTH="29" HEIGHT="18" WC="0.96" CONTENT="för"/><SP WIDTH="14" VPOS="395" HPOS="643"/>
							<String ID="string_56" HPOS="657" VPOS="399" WIDTH="76" HEIGHT="15" WC="0.96" CONTENT="samma"/><SP WIDTH="13" VPOS="399" HPOS="733"/>
							<String ID="string_57" HPOS="746" VPOS="394" WIDTH="28" HEIGHT="20" WC="0.93" CONTENT="tid"/><SP WIDTH="11" VPOS="394" HPOS="774"/>
							<String ID="string_58" HPOS="785" VPOS="394" WIDTH="47" HEIGHT="21" WC="0.88" CONTENT="blif-"/>
						</TextLine>
						<TextLine ID="line_8" HPOS="91" VPOS="419" WIDTH="741" HEIGHT="28">
							<String ID="string_59" HPOS="91" VPOS="421" WIDTH="29" HEIGHT="19" WC="0.92" CONTENT="vit"/><SP WIDTH="19" VPOS="421" HPOS="120"/>
							<String ID="string_60" HPOS="139" VPOS="419" WIDTH="73" HEIGHT="27" WC="0.49" CONTENT="erlagd."/><SP WIDTH="29" VPOS="419" HPOS="212"/>
							<String ID="string_61" HPOS="241" VPOS="421" WIDTH="79" HEIGHT="19" WC="0.96" CONTENT="Beviset"/><SP WIDTH="16" VPOS="421" HPOS="320"/>
							<String ID="string_62" HPOS="336" VPOS="421" WIDTH="36" HEIGHT="19" WC="0.91" CONTENT="bör"/><SP WIDTH="16" VPOS="421" HPOS="372"/>
							<String ID="string_63" HPOS="388" VPOS="420" WIDTH="95" HEIGHT="26" WC="0.89" CONTENT="derjemte"/><SP WIDTH="17" VPOS="420" HPOS="483"/>
							<String ID="string_64" HPOS="500" VPOS="421" WIDTH="5" HEIGHT="19" WC="0.93" CONTENT="i"/><SP WIDTH="18" VPOS="421" HPOS="505"/>
							<String ID="string_65" HPOS="523" VPOS="420" WIDTH="134" HEIGHT="20" WC="0.91" CONTENT="hufvudskrift"/><SP WIDTH="16" VPOS="420" HPOS="657"/>
							<String ID="string_66" HPOS="673" VPOS="426" WIDTH="47" HEIGHT="14" WC="0.96" CONTENT="vara"/><SP WIDTH="17" VPOS="426" HPOS="720"/>
							<String ID="string_67" HPOS="737" VPOS="423" WIDTH="29" HEIGHT="18" WC="0.93" CONTENT="att"/><SP WIDTH="11" VPOS="423" HPOS="766"/>
							<String ID="string_68" HPOS="777" VPOS="420" WIDTH="55" HEIGHT="27" WC="0.96" CONTENT="tillgå"/>
						</TextLine>
						<TextLine ID="line_9" HPOS="90" VPOS="446" WIDTH="742" HEIGHT="26">
							<String ID="string_69" HPOS="90" VPOS="448" WIDTH="36" HEIGHT="19" WC="0.94" CONTENT="när"/><SP WIDTH="19" VPOS="448" HPOS="126"/>
							<String ID="string_70" HPOS="145" VPOS="447" WIDTH="49" HEIGHT="20" WC="0.93" CONTENT="dess"/><SP WIDTH="18" VPOS="447" HPOS="194"/>
							<String ID="string_71" HPOS="212" VPOS="447" WIDTH="123" HEIGHT="25" WC="0.92" CONTENT="uppvisande"/><SP WIDTH="20" VPOS="447" HPOS="335"/>
							<String ID="string_72" HPOS="355" VPOS="446" WIDTH="102" HEIGHT="26" WC="0.93" CONTENT="päfordras"/><SP WIDTH="14" VPOS="446" HPOS="457"/>
							<String ID="string_73" HPOS="471" VPOS="447" WIDTH="21" HEIGHT="19" WC="0.93" CONTENT="af"/><SP WIDTH="12" VPOS="447" HPOS="492"/>
							<String ID="string_74" HPOS="504" VPOS="447" WIDTH="108" HEIGHT="20" WC="0.90" CONTENT="Kontrollör"/><SP WIDTH="14" VPOS="447" HPOS="612"/>
							<String ID="string_75" HPOS="626" VPOS="448" WIDTH="48" HEIGHT="19" WC="0.93" CONTENT="eller"/><SP WIDTH="13" VPOS="448" HPOS="674"/>
							<String ID="string_76" HPOS="687" VPOS="447" WIDTH="48" HEIGHT="25" WC="0.93" CONTENT="den,"/><SP WIDTH="16" VPOS="447" HPOS="735"/>
							<String ID="string_77" HPOS="751" VPOS="446" WIDTH="81" HEIGHT="22" WC="0.96" CONTENT="hvilken"/>
						</TextLine>
						<TextLine ID="line_10" HPOS="90" VPOS="472" WIDTH="742" HEIGHT="28">
							<String ID="string_78" HPOS="90" VPOS="474" WIDTH="66" HEIGHT="26" WC="0.96" CONTENT="tillsyn"/><SP WIDTH="14" VPOS="474" HPOS="156"/>
							<String ID="string_79" HPOS="170" VPOS="473" WIDTH="34" HEIGHT="21" WC="0.93" CONTENT="vid"/><SP WIDTH="14" VPOS="473" HPOS="204"/>
							<String ID="string_80" HPOS="218" VPOS="474" WIDTH="90" HEIGHT="19" WC="0.96" CONTENT="bränneri"/><SP WIDTH="14" VPOS="474" HPOS="308"/>
							<String ID="string_81" HPOS="322" VPOS="473" WIDTH="68" HEIGHT="19" WC="0.85" CONTENT="säsom."/><SP WIDTH="13" VPOS="473" HPOS="390"/>
							<String ID="string_82" HPOS="403" VPOS="473" WIDTH="119" HEIGHT="26" WC="0.85" CONTENT="tjenstepligt"/><SP WIDTH="13" VPOS="473" HPOS="522"/>
							<String ID="string_83" HPOS="535" VPOS="473" WIDTH="57" HEIGHT="27" WC="0.96" CONTENT="eljest"/><SP WIDTH="14" VPOS="473" HPOS="592"/>
							<String ID="string_84" HPOS="606" VPOS="472" WIDTH="77" HEIGHT="28" WC="0.96" CONTENT="åligger,"/><SP WIDTH="16" VPOS="472" HPOS="683"/>
							<String ID="string_85" HPOS="699" VPOS="472" WIDTH="48" HEIGHT="22" WC="0.96" CONTENT="eller"/><SP WIDTH="9" VPOS="472" HPOS="747"/>
							<String ID="string_86" HPOS="756" VPOS="479" WIDTH="43" HEIGHT="15" WC="0.96" CONTENT="som"/><SP WIDTH="10" VPOS="479" HPOS="799"/>
							<String ID="string_87" HPOS="809" VPOS="475" WIDTH="23" HEIGHT="19" WC="0.96" CONTENT="är"/>
						</TextLine>
						<TextLine ID="line_11" HPOS="90" VPOS="500" WIDTH="602" HEIGHT="27">
							<String ID="string_88" HPOS="90" VPOS="500" WIDTH="77" HEIGHT="27" WC="0.96" CONTENT="skyldig"/><SP WIDTH="13" VPOS="500" HPOS="167"/>
							<String ID="string_89" HPOS="180" VPOS="502" WIDTH="30" HEIGHT="18" WC="0.93" CONTENT="att"/><SP WIDTH="13" VPOS="502" HPOS="210"/>
							<String ID="string_90" HPOS="223" VPOS="500" WIDTH="129" HEIGHT="26" WC="0.96" CONTENT="förbrytelser"/><SP WIDTH="14" VPOS="500" HPOS="352"/>
							<String ID="string_91" HPOS="366" VPOS="504" WIDTH="54" HEIGHT="16" WC="0.96" CONTENT="emot"/><SP WIDTH="12" VPOS="504" HPOS="420"/>
							<String ID="string_92" HPOS="432" VPOS="500" WIDTH="64" HEIGHT="21" WC="0.93" CONTENT="denna"/><SP WIDTH="14" VPOS="500" HPOS="496"/>
							<String ID="string_93" HPOS="510" VPOS="500" WIDTH="112" HEIGHT="26" WC="0.96" CONTENT="förordning"/><SP WIDTH="13" VPOS="500" HPOS="622"/>
							<String ID="string_94" HPOS="635" VPOS="500" WIDTH="57" HEIGHT="20" WC="0.96" CONTENT="åtala."/>
						</TextLine>
					</TextBlock>
				</ComposedBlock>
				<ComposedBlock ID="cblock_4" HPOS="433" VPOS="554" WIDTH="57" HEIGHT="25">
					<TextBlock ID="block_4" HPOS="433" VPOS="554" WIDTH="57" HEIGHT="25">
						<TextLine ID="line_12" HPOS="433" VPOS="554" WIDTH="57" HEIGHT="25">
							<String ID="string_95" HPOS="433" VPOS="554" WIDTH="10" HEIGHT="25" WC="0.77" CONTENT="$"/><SP WIDTH="15" VPOS="554" HPOS="443"/>
							<String ID="string_96" HPOS="458" VPOS="554" WIDTH="32" HEIGHT="19" WC="0.95" CONTENT="73."/>
						</TextLine>
					</TextBlock>
				</ComposedBlock>
				<ComposedBlock ID="cblock_5" HPOS="91" VPOS="597" WIDTH="742" HEIGHT="133">
					<TextBlock ID="block_5" HPOS="91" VPOS="597" WIDTH="742" HEIGHT="133">
						<TextLine ID="line_13" HPOS="144" VPOS="597" WIDTH="688" HEIGHT="29">
							<String ID="string_97" HPOS="144" VPOS="599" WIDTH="67" HEIGHT="19" WC="0.93" CONTENT="Denna"/><SP WIDTH="14" VPOS="599" HPOS="211"/>
							<String ID="string_98" HPOS="225" VPOS="598" WIDTH="121" HEIGHT="26" WC="0.90" CONTENT="förordning,"/><SP WIDTH="16" VPOS="598" HPOS="346"/>
							<String ID="string_99" HPOS="362" VPOS="603" WIDTH="44" HEIGHT="15" WC="0.96" CONTENT="som"/><SP WIDTH="14" VPOS="603" HPOS="406"/>
							<String ID="string_100" HPOS="420" VPOS="604" WIDTH="25" HEIGHT="14" WC="0.93" CONTENT="en"/><SP WIDTH="14" VPOS="604" HPOS="445"/>
							<String ID="string_101" HPOS="459" VPOS="597" WIDTH="49" HEIGHT="27" WC="0.92" CONTENT="gäng"/><SP WIDTH="14" VPOS="597" HPOS="508"/>
							<String ID="string_102" HPOS="522" VPOS="604" WIDTH="33" HEIGHT="14" WC="0.93" CONTENT="om"/><SP WIDTH="14" VPOS="604" HPOS="555"/>
							<String ID="string_103" HPOS="569" VPOS="597" WIDTH="44" HEIGHT="20" WC="0.92" CONTENT="äret"/><SP WIDTH="13" VPOS="597" HPOS="613"/>
							<String ID="string_104" HPOS="626" VPOS="597" WIDTH="49" HEIGHT="21" WC="0.96" CONTENT="skall"/><SP WIDTH="10" VPOS="597" HPOS="675"/>
							<String ID="string_105" HPOS="685" VPOS="598" WIDTH="7" HEIGHT="19" WC="0.93" CONTENT="i"/><SP WIDTH="9" VPOS="598" HPOS="692"/>
							<String ID="string_106" HPOS="701" VPOS="597" WIDTH="75" HEIGHT="20" WC="0.87" CONTENT="landets"/><SP WIDTH="8" VPOS="597" HPOS="776"/>
							<String ID="string_107" HPOS="784" VPOS="597" WIDTH="48" HEIGHT="29" WC="0.93" CONTENT="kyr-"/>
						</TextLine>
						<TextLine ID="line_14" HPOS="91" VPOS="624" WIDTH="741" HEIGHT="27">
							<String ID="string_108" HPOS="91" VPOS="624" WIDTH="36" HEIGHT="21" WC="0.96" CONTENT="kor"/><SP WIDTH="16" VPOS="624" HPOS="127"/>
							<String ID="string_109" HPOS="143" VPOS="626" WIDTH="30" HEIGHT="19" WC="0.95" CONTENT="för"/><SP WIDTH="17" VPOS="626" HPOS="173"/>
							<String ID="string_110" HPOS="190" VPOS="625" WIDTH="131" HEIGHT="19" WC="0.93" CONTENT="allmänheten"/><SP WIDTH="16" VPOS="625" HPOS="321"/>
							<String ID="string_111" HPOS="337" VPOS="624" WIDTH="104" HEIGHT="27" WC="0.61" CONTENT="uppläsas;,"/><SP WIDTH="20" VPOS="624" HPOS="441"/>
							<String ID="string_112" HPOS="461" VPOS="625" WIDTH="90" HEIGHT="19" WC="0.96" CONTENT="kommer"/><SP WIDTH="16" VPOS="625" HPOS="551"/>
							<String ID="string_113" HPOS="567" VPOS="626" WIDTH="28" HEIGHT="18" WC="0.88" CONTENT="att"/><SP WIDTH="14" VPOS="626" HPOS="595"/>
							<String ID="string_114" HPOS="609" VPOS="624" WIDTH="5" HEIGHT="19" WC="0.88" CONTENT="i"/><SP WIDTH="15" VPOS="624" HPOS="614"/>
							<String ID="string_115" HPOS="629" VPOS="624" WIDTH="44" HEIGHT="20" WC="0.96" CONTENT="hela"/><SP WIDTH="14" VPOS="624" HPOS="673"/>
							<String ID="string_116" HPOS="687" VPOS="624" WIDTH="79" HEIGHT="20" WC="0.93" CONTENT="Finland"/><SP WIDTH="14" VPOS="624" HPOS="766"/>
							<String ID="string_117" HPOS="780" VPOS="626" WIDTH="52" HEIGHT="23" WC="0.96" CONTENT="tjena"/>
						</TextLine>
						<TextLine ID="line_15" HPOS="91" VPOS="650" WIDTH="742" HEIGHT="22">
							<String ID="string_118" HPOS="91" VPOS="651" WIDTH="27" HEIGHT="21" WC="0.92" CONTENT="till"/><SP WIDTH="18" VPOS="651" HPOS="118"/>
							<String ID="string_119" HPOS="136" VPOS="652" WIDTH="130" HEIGHT="20" WC="0.72" CONTENT="efterrättelse"/><SP WIDTH="17" VPOS="652" HPOS="266"/>
							<String ID="string_120" HPOS="283" VPOS="651" WIDTH="43" HEIGHT="20" WC="0.96" CONTENT="från"/><SP WIDTH="16" VPOS="651" HPOS="326"/>
							<String ID="string_121" HPOS="342" VPOS="651" WIDTH="38" HEIGHT="20" WC="0.96" CONTENT="den"/><SP WIDTH="140" VPOS="651" HPOS="380"/>
							<String ID="string_122" HPOS="520" VPOS="650" WIDTH="25" HEIGHT="21" WC="0.96" CONTENT="dä"/><SP WIDTH="14" VPOS="650" HPOS="545"/>
							<String ID="string_123" HPOS="559" VPOS="651" WIDTH="37" HEIGHT="20" WC="0.93" CONTENT="alla"/><SP WIDTH="14" VPOS="651" HPOS="596"/>
							<String ID="string_124" HPOS="610" VPOS="650" WIDTH="122" HEIGHT="21" WC="0.93" CONTENT="härförinnan"/><SP WIDTH="15" VPOS="650" HPOS="732"/>
							<String ID="string_125" HPOS="747" VPOS="650" WIDTH="86" HEIGHT="20" WC="0.91" CONTENT="rörande"/>
						</TextLine>
						<TextLine ID="line_16" HPOS="91" VPOS="676" WIDTH="737" HEIGHT="28">
							<String ID="string_126" HPOS="91" VPOS="678" WIDTH="148" HEIGHT="26" WC="0.85" CONTENT="ifrågavarande"/><SP WIDTH="14" VPOS="678" HPOS="239"/>
							<String ID="string_127" HPOS="253" VPOS="679" WIDTH="71" HEIGHT="18" WC="0.93" CONTENT="ämnen"/><SP WIDTH="13" VPOS="679" HPOS="324"/>
							<String ID="string_128" HPOS="337" VPOS="678" WIDTH="102" HEIGHT="20" WC="0.78" CONTENT="utfärdäde"/><SP WIDTH="14" VPOS="678" HPOS="439"/>
							<String ID="string_129" HPOS="453" VPOS="677" WIDTH="72" HEIGHT="26" WC="0.93" CONTENT="påbud,"/><SP WIDTH="17" VPOS="677" HPOS="525"/>
							<String ID="string_130" HPOS="542" VPOS="676" WIDTH="64" HEIGHT="21" WC="0.92" CONTENT="sävidt"/><SP WIDTH="14" VPOS="676" HPOS="606"/>
							<String ID="string_131" HPOS="620" VPOS="676" WIDTH="26" HEIGHT="20" WC="0.92" CONTENT="de"/><SP WIDTH="14" VPOS="676" HPOS="646"/>
							<String ID="string_132" HPOS="660" VPOS="676" WIDTH="18" HEIGHT="26" WC="0.96" CONTENT="ej"/><SP WIDTH="15" VPOS="676" HPOS="678"/>
							<String ID="string_133" HPOS="693" VPOS="682" WIDTH="26" HEIGHT="14" WC="0.93" CONTENT="nu"/><SP WIDTH="13" VPOS="682" HPOS="719"/>
							<String ID="string_134" HPOS="732" VPOS="677" WIDTH="96" HEIGHT="25" WC="0.96" CONTENT="förnyats,"/>
						</TextLine>
						<TextLine ID="line_17" HPOS="91" VPOS="704" WIDTH="300" HEIGHT="26">
							<String ID="string_135" HPOS="91" VPOS="706" WIDTH="89" HEIGHT="24" WC="0.95" CONTENT="upphöra"/><SP WIDTH="14" VPOS="706" HPOS="180"/>
							<String ID="string_136" HPOS="194" VPOS="706" WIDTH="28" HEIGHT="18" WC="0.96" CONTENT="att"/><SP WIDTH="13" VPOS="706" HPOS="222"/>
							<String ID="string_137" HPOS="235" VPOS="710" WIDTH="48" HEIGHT="14" WC="0.96" CONTENT="vara"/><SP WIDTH="13" VPOS="710" HPOS="283"/>
							<String ID="string_138" HPOS="296" VPOS="704" WIDTH="95" HEIGHT="26" WC="0.96" CONTENT="gällande."/>
						</TextLine>
					</TextBlock>
				</ComposedBlock>
				<ComposedBlock ID="cblock_6" HPOS="766" VPOS="1452" WIDTH="31" HEIGHT="16">
					<TextBlock ID="block_6" HPOS="766" VPOS="1452" WIDTH="31" HEIGHT="16">
						<TextLine ID="line_18" HPOS="766" VPOS="1452" WIDTH="31" HEIGHT="16">
							<String ID="string_139" HPOS="766" VPOS="1452" WIDTH="31" HEIGHT="16" WC="0.69" CONTENT="73"/>
						</TextLine>
					</TextBlock>
				</ComposedBlock>
				<GraphicalElement ID="cblock_7" HPOS="1011" VPOS="603" WIDTH="4" HEIGHT="315"></GraphicalElement >
			</PrintSpace>
		</Page>
	</Layout>
</alto>
