1070 1689
177 147 45 21 1136
389 149 72 23 Nädiga
472 150 140 23 Propositionen
630 150 34 17 N:o
676 150 29 17 37.

173 197 82 21 komma
259 193 12 36 i
289 197 59 27 fräga,
364 198 68 20 säsom
446 200 29 18 för
485 199 58 20 civile
552 199 124 26 tjenstemän:
688 199 158 26 resepenningar,
858 200 57 20 skrif-

172 224 103 26 varehjelp
290 225 38 19 och
341 225 174 25 skrifmaterialier,
532 225 23 20 dä
570 225 25 20 de
609 225 17 25 ej
641 227 33 18 äro
692 226 44 19 med
755 225 160 27 taffelpenningar

173 248 164 28 sammanslagne,
352 251 255 26 missräkningspenningar,
621 252 191 25 uppbördsprocent,
824 253 91 19 anmärk-

174 277 148 26 ningsprocent,
340 277 139 26 traktamente,
497 283 108 20 expenser,
621 279 134 25 magasinage,
771 278 43 25 lega
828 280 38 18 och
880 285 35 14 un-

172 303 75 21 derhäll
262 305 21 18 af
295 304 73 24 hästar,
384 303 64 20 äkdon
462 305 37 18 och
513 304 105 24 farkoster,
637 304 219 25 tjensteöringsarvode,
868 311 45 19 pro-

174 331 63 18 vision
253 331 38 18 och
308 330 84 25 sportlar
409 331 21 18 af
445 331 35 18 alla
497 331 50 25 slag,
566 333 51 17 samt
631 331 29 18 för
677 331 103 19 militärer:
798 331 116 26 lägerhjelp,

173 357 153 24 resepenningar
339 357 38 18 och
391 357 121 24 hästfurage,
523 357 103 19 äfvensom
637 357 106 26 ersättning
753 357 29 19 för
792 356 121 27 sjökampanj

173 385 53 17 samt
239 383 30 19 för
283 382 75 26 fartygs
371 388 51 20 upp-
435 383 38 19 och
487 383 112 25 aftackling.

522 435 10 25 s
544 420 21 45 2.

226 473 57 19 Efter
296 473 97 26 förloppet
408 474 20 18 af
440 473 37 20 den
492 474 5 18 i
511 473 10 26 $
536 474 9 20 1
562 473 102 20 bestämda
681 473 27 20 tid
723 474 91 20 kommer
828 474 87 21 embets-

172 500 48 20 eller
234 498 124 27 tjensteman,
375 500 61 19 hvars
450 500 107 26 befattning
570 500 63 20 blifvit
647 500 100 26 indragen,
764 503 28 17 att
806 502 20 18 af
834 502 80 20 allmän-

173 532 25 14 na
211 526 66 20 medel
291 525 25 27 pä
330 526 165 26 indragningsstat
508 526 73 26 ärligen
595 526 73 26 ätnjuta
683 526 22 20 sä
720 526 86 27 mycket,
823 534 44 13 som
882 529 34 19 ho-

173 558 47 14 nom
234 552 62 20 skulle
309 552 93 25 tillbordt,
418 558 32 14 om
464 554 39 18 han
517 552 44 20 från
575 553 30 19 sin
620 553 106 26 befattning
741 554 45 19 sökt
800 554 38 20 och
853 554 64 20 erhäl-

172 579 22 20 lit
208 579 70 19 afsked
292 579 48 25 och,
356 578 59 26 enligt
428 579 25 19 de
466 579 6 19 i
486 580 160 25 författningarna
663 585 33 13 om
710 580 86 20 embets-
812 580 38 20 och
867 580 49 26 tjen-

172 607 88 18 stemäns
281 605 136 26 pensionering
433 605 107 21 fastställda
557 606 95 25 grunder,
672 606 50 19 varit
738 606 25 20 till
781 607 30 19 hel
832 607 83 25 pension

173 632 116 26 berättigad,
304 632 104 19 hvarutom
424 632 85 25 Lagmän
523 632 38 20 och
577 632 179 26 Häradshofdingar
771 632 73 25 jemväl
861 634 57 20 bibe-

173 658 62 20 hållas
249 658 33 20 vid
296 658 38 20 den
348 657 46 21 dem
408 658 92 26 lagenligt
513 658 147 20 tillkommande
674 659 147 27 tingsgästning.

521 711 10 26 $
540 711 26 26 3.

225 749 26 20 Sä
265 750 55 25 länge
334 749 111 26 löneanslag
458 750 30 19 för
503 749 88 26 indraget
605 750 79 20 embete
699 750 48 20 eller
757 749 59 26 tjenst
825 751 59 25 enligt
894 751 21 26 $$

174 776 10 20 4
200 776 38 20 och
253 777 11 19 2
278 775 65 26 utgär,
358 776 69 19 fortfar
443 776 47 24 den,
509 782 44 14 som
569 776 20 20 af
604 782 75 14 samma
695 777 78 19 embete
791 778 48 19 eller
856 777 61 26 tjenst

173 803 127 19 innehafvare
314 802 56 25 varit,
390 804 28 18 att
431 803 83 19 likasom
531 804 41 19 före
589 803 138 26 indragningen
743 803 62 20 räkna
821 803 96 26 tjensteär

174 829 38 19 och
226 835 47 13 vara
287 828 108 26 berättigad
409 831 28 17 att
451 830 50 19 efter
517 829 116 27 skicklighet
650 830 37 19 och
705 829 91 26 förtjenst
812 830 103 22 befordras

173 856 27 20 till
213 860 65 15 annan
291 854 186 26 tjenstebefattning.

522 908 11 25 $
541 908 25 25 4.

225 947 41 19 Den
281 951 45 14 som
340 945 85 25 ätnjuter
439 945 81 26 aflöning
534 947 47 19 eller
595 946 67 25 anslag
676 946 60 26 enligt
751 947 24 19 de
792 947 5 19 i
814 947 22 26 $$
853 949 11 18 1
880 949 38 18 och

172 973 12 19 2
199 972 105 20 bestämda
317 972 93 25 grunder,
426 978 48 13 vare
489 973 78 26 skyldig
581 975 37 22 att,
638 973 35 19 der
691 974 73 19 honom
781 973 51 20 inom
850 975 67 20 landet

171 999 82 20 anvisas
267 1004 61 15 annan
342 999 48 19 hans
405 999 52 20 förra
467 998 60 26 tjenst
536 999 44 20 icke
589 999 138 20 underordnad
736 1000 106 26 befattning
852 1001 20 20 af
879 1001 38 20 lika

172 1028 37 23 art,
224 1025 118 20 densamma
356 1027 98 23 emottaga
467 1026 38 19 och
515 1025 78 20 således
603 1025 49 20 afstä
663 1026 89 25 änslaget
761 1025 11 21 ä
782 1026 135 27 indragnings-

172 1054 75 23 staten,
266 1051 89 20 hvarvid'
367 1052 82 22 honom,
467 1052 6 19 i
490 1052 31 20 fall
538 1052 135 20 lönevilkoren
691 1053 32 19 vid
740 1053 38 20 den
794 1059 39 20 nya
846 1053 71 20 befatt-

172 1079 70 24 ningen
256 1080 34 18 äro
304 1078 76 26 ringare
395 1081 24 16 än
435 1079 32 19 vid
481 1079 38 18 den
533 1079 52 19 förut
595 1079 110 25 innehafda,
717 1079 49 20 skall
776 1080 30 19 för
815 1079 101 21 skilnaden

171 1105 88 25 tilläggas
274 1104 106 26 ersättning
394 1105 21 18 af
428 1105 95 20 allmänna
537 1105 71 20 medel.
638 1105 75 25 Vägrar
730 1107 39 18 han
786 1109 28 16 att
830 1107 38 19 den
882 1107 35 19 ho-

172 1136 47 14 nom
236 1130 94 26 erbjudna
347 1131 134 25 befattningen
498 1131 85 20 tillträda
599 1133 47 18 utan
662 1134 29 17 att
708 1137 48 14 vara
774 1132 26 20 till
818 1132 48 20 dess
883 1132 34 20 be-

172 1157 102 20 stridande
289 1157 19 19 af
321 1156 109 25 ålderdom,
446 1157 105 26 sjuklighet
565 1158 47 19 eller
626 1158 61 19 andra
705 1158 110 26 synnerliga
834 1159 84 20 orsaker

172 1183 129 25 urståndsatt,
317 1183 61 19 varde
392 1183 24 20 då
431 1189 23 13 ur
469 1186 76 17 statens
558 1183 62 31 tjenst
633 1184 95 19 afskedad
742 1184 46 20 med
797 1184 62 20 sådan
869 1191 49 19 pen-

171 1209 51 26 sion,
238 1215 44 14 som
297 1210 73 19 honom
374 1205 12 36 i
384 1209 134 21 förhållande
527 1210 26 20 till
563 1210 55 20 ålder
627 1211 38 18 och
675 1209 100 26 tjenstetid
785 1210 131 26 författnings-

170 1235 60 25 enligt
244 1236 126 19 tillkommer.

518 1288 11 26 $
545 1288 17 20 5.

224 1327 59 21 Hvad
296 1328 159 26 presterskapets
469 1329 111 26 privilegier
593 1329 21 20 af
626 1329 37 20 den
678 1331 25 18 16
717 1329 89 21 Oktober
821 1331 51 20 1723
888 1331 6 19 i
906 1331 10 25 $

172 1355 11 19 3
203 1354 95 21 innehålla
314 1355 48 20 skall
380 1355 57 20 äfven
454 1355 105 21 framdeles
578 1357 48 25 gälla
647 1357 25 19 till
694 1356 77 20 förmån
790 1357 29 20 för
834 1357 46 21 dem
898 1358 19 19 af

171 1381 86 26 ståndet,
273 1387 43 14 som
330 1384 35 17 äro
379 1382 69 20 stadde
461 1383 6 18 i
481 1383 171 26 församlingarnes
665 1383 62 26 tjenst
742 1384 38 20 och
790 1384 127 26 predikoem-

171 1408 66 19 betets
255 1409 96 25 utöfning;
367 1414 46 14 men
430 1408 116 26 tjenstemän
564 1410 32 20 vid
612 1410 127 25 akademie-,
756 1411 108 25 gymnasii-
879 1412 37 19 och

170 1434 141 25 skolstaterne,
328 1435 76 25 hvilka,
420 1435 63 20 ehuru
497 1436 86 20 räknade
598 1436 26 20 till
642 1436 160 26 prestaståndet,
819 1436 17 26 ej
852 1438 66 20 utöfva
