1011 1684
288 140 70 23 Nådiga
370 142 139 22 Propositionen
523 143 36 17 N:o
571 143 27 16 30.

791 144 34 18 9207

85 179 49 28 —
89 189 733 9 0-0

110 216 38 19 fast
163 216 94 26 egendom
272 218 5 18 i
292 216 43 20 stad
350 218 46 18 eller
410 216 24 26 pä
449 217 71 24 landet,
536 217 57 24 bruk,
606 223 42 13 ma-

109 227 98 44 nufaktur,
223 243 71 24 fabrik,
310 248 27 14 m.
353 242 19 20 fl.
392 243 50 19 verk
460 242 37 20 och
514 229 131 44 inrättningar,

109 274 43 13 som
172 258 122 36 fastigheten
306 268 65 26 åtfölja
389 272 51 16 samt
457 269 61 19 under
535 258 113 37 eganderätt

107 294 94 26 föryttras
216 283 37 31 och
269 294 125 31 vid.domstol
404 295 111 25 uppbjudas
525 285 37 30 och
572 296 75 19 inteck-

108 326 45 19 nas,
172 322 101 18 äfvensom
290 320 11 20 å
317 322 65 25 skepp
392 321 37 19 och
444 322 72 26 fartyg,
532 322 62 19 fabrik
609 323 37 18 och

107 337 62 29 annan
186 348 115 24 inrättning,
321 353 43 13 som
382 347 17 25 ej
419 348 20 18 af
453 337 95 40 fastighet
561 347 83 26 åtföljes,

107 373 63 20 förses
195 374 45 19 med
261 359 167 44 stämpel-papper
452 374 4 19 i
477 374 121 20 förhållande
618 365 26 29 till

107 400 134 24 egendomens
256 401 69 24 värde,
342 400 90 20 sålunda:

107 426 26 19 till
149 428 37 18 och
201 426 44 20 med
261 428 38 18 100
312 427 57 19 mark
463 442 39 4 mon
534 442 3 4 x

107 452 113 20 Jderutöfver
235 453 26 19 till
277 454 38 18 och
329 453 46 20 med
438 454 38 18 200
491 454 54 19 mark

153 487 11 9 »
250 488 10 8 »
347 488 10 8 »
439 480 38 19 400
506 488 10 9 »

153 513 10 9 »
347 514 10 9 »
439 506 39 19 600
506 514 11 10 »

107 531 114 20 derutöfver
239 514 25 38 till
283 532 37 20 och
335 532 45 20 med
418 532 60 24 1,000
507 541 10 9 »
569 548 3 3 N

106 560 52 17 samt
171 558 114 20 Jderutöfver
299 559 30 19 för
343 558 69 25 hvarje
426 544 45 43 fulla
488 559 57 24 1,000
560 548 56 30 mark

79 583 29 20 Dä
124 585 94 24 egendom
233 584 20 19 af
265 584 37 20 den
317 584 142 25 beskaffenhet,
476 590 43 14 som
533 585 35 19 här
580 584 64 20 finnes

107 611 111 25 omnämnd,
235 611 86 25 frivilligt
334 610 48 20 eller
396 597 102 43 exekutivt
511 616 72 20 genom
598 612 48 19 auk-

106 638 40 18 tion
160 636 96 26 försäljes,
274 643 46 14 vare
335 637 29 25 sig
374 636 10 20 å
394 637 134 25 Landskansli,
540 638 105 19 Auktions-

106 664 109 24 kammare,
231 663 32 19 vid
278 664 83 19 domstol
378 664 47 18 eller
440 663 5 19 i
455 664 75 19 enskild
540 664 43 24 väg,
596 664 47 19 skall

107 690 91 25 antingen
213 690 87 20 salubref
308 690 46 20 eller
367 690 185 25 protokollsutdrag,
567 690 78 26 belagdt

107 717 46 19 med
162 716 57 24 karta,
231 716 27 20 till
269 716 149 25 ofvanstadgadt
426 716 79 26 belopp,
516 717 28 19 till
558 716 86 25 köparen

105 742 95 21 utfärdas,
217 744 49 18 efter
280 743 34 19 det
327 742 193 26 auktionsskillingen
538 742 63 20 blifvit
617 743 28 19 in-

106 769 76 25 betald,
201 770 47 19 eller
269 769 145 25 dessförinnan,
438 769 35 19 ifall
497 769 147 20 vederbörande

106 795 69 20 derom
195 796 179 20 öfverenskomma.
409 796 72 19 Kartan
502 796 62 19 dertill
589 795 56 26 utgår

106 822 20 19 af
138 822 201 26 auktionsskillingen,
356 821 66 21 såvidt
436 822 118 19 annorlunda
568 821 17 26 ej
603 822 43 21 blif-

107 849 28 19 vit
148 848 124 21 förbehållet.
304 850 58 18 Innan
380 849 81 19 sålunda
478 849 99 19 karteradt
594 849 51 20 salu-

107 875 44 20 bref
165 875 46 20 eller
225 875 178 26 protokollsutdrag
417 875 104 26 uppvisas,
537 875 29 19 får
576 875 83 26 lagfart
651 871 11 34 |

106 901 11 20 å
132 901 38 20 fast
184 901 56 26 gods,
257 907 43 15 som
313 902 123 20 auktionsvis
450 902 63 20 blifvit
527 901 88 26 försåldt,
628 901 16 26 ej

106 927 89 26 beviljas.

80 955 119 24 Lottbref,
215 960 25 14 se
255 955 121 20 aktiebref.

80 981 229 26 Morgongåfvobref,
328 981 24 19 då
370 981 42 19 viss
426 986 78 14 summa
519 981 4 18 i
538 981 107 25 penningar

107 1007 63 20 deruti
192 1008 89 23 utfästes,
304 1008 89 19 karteras
412 1007 38 19 lika
468 1007 45 20 med
535 1007 109 45 BarvObrer,

108 1039 45 14 men
168 1034 2 3 i
187 1037 58 16 annat
259 1024 30 29 fall
323 1049 3 3 =.
604 1048 40 5 o.

80 1060 129 20 Pantebref
223 1060 89 19 karteras
327 1060 37 19 lika
378 1049 54 30 med.
438 1045 120 44 köpebretf.

82 1087 98 24 Revers,
197 1092 23 14 se
234 1087 163 24 förskrifning.

81 1099 113 44 Räkning,
214 1118 44 13 som
275 1113 29 18 för
321 1101 83 31 domstol
424 1113 47 18 eller
492 1113 36 18 hos
549 1113 97 18 exckutor

108 1139 101 25 uppvisas,
225 1139 90 19 karteras
330 1139 25 19 till
368 1139 38 19 lika
418 1138 71 26 belopp
499 1144 43 14 som
556 1138 87 20 förskrif-

107 1170 53 20 ning.

83 1191 151 25 Skuldsedel,
251 1197 21 14 se
287 1191 160 24 förskrifning.

81 1218 148 19 Testamente
244 1218 46 19 med
304 1217 98 26 undantag
416 1218 20 19 af
444 1217 25 19 de
479 1217 5 19 i
495 1218 24 19 14
529 1217 10 24 $
549 1217 24 18 20
583 1222 61 14 mom.

109 1244 130 31 omförmälda
254 1244 42 19 fall:

82 1270 23 25 a)
122 1269 10 20 &
150 1270 93 29 egendom
262 1271 46 18 med
325 1270 33 19 full
376 1269 112 26 eganderätt
504 1269 38 19 och
559 1268 23 19 dä
604 1269 41 19 viss

109 1301 78 14 summa
201 1296 5 19 i
221 1296 106 25 penningar
340 1297 22 17 är
376 1281 66 44 utsatt,
459 1295 88 19 karteras
562 1295 82 19 likasom

109 1321 112 26 gåfvobref;
240 1327 45 13 men
302 1324 22 16 är
341 1320 17 25 ej
376 1321 44 19 viss
436 1326 76 13 summa
533 1321 45 18 eller
596 1321 50 18 visst

111 1347 60 19 värde
187 1349 71 22 utsatt,
274 1347 121 18 bestämmes
412 1347 186 29 stämpel-papprets
614 1346 32 19 be-

109 1373 47 26 lopp
169 1373 51 18 efter
235 1363 50 29 hvad
299 1373 101 24 domaren,
415 1372 45 19 med
474 1371 94 20 afseende
582 1371 10 20 å
607 1372 38 19 den

111 1399 164 20 testamenterade
289 1389 132 35 egendomens
436 1399 66 23 värde,
514 1398 79 26 pröfvar
602 1398 44 19 skä-

111 1427 39 25 ligt,
165 1425 49 20 ifrån
229 1426 12 19 5
255 1425 25 21 till
296 1427 37 18 och
346 1426 45 19 med
407 1427 38 18 200
460 1411 60 45 mark.

697 511 13 67 ov
679 480 39 20 ro
683 437 27 12 |
