1009 1686
186 144 42 20 1118
398 145 72 23 Nädiga
481 146 142 22 Propositionen
636 146 35 16 N:o
684 145 28 19 35.

393 196 93 19 Finlands
500 196 88 19 ständers
602 195 132 25 underdäniga
748 201 46 13 svar
813 197 6 17 i
834 194 101 26 anledning

324 224 23 25 af
360 223 54 19 Hans
430 223 106 25 Kejserliga
552 223 101 25 Majestäts
666 222 78 26 Nädiga
756 224 126 24 proposition,
902 229 32 13 an-

322 250 73 26 gående
409 252 59 19 medel
484 254 28 16 att
521 252 120 25 förekomma
656 251 22 19 de
694 250 126 26 olägenheter,
836 257 39 13 som
889 252 44 24 för-

321 280 80 19 orsakas
413 279 103 25 jordegare
531 285 67 20 genom
612 279 78 19 landbos
710 279 76 19 tredska
806 281 28 17 att
849 279 83 26 afflytta.

218 317 141 22 (Sammansatta
373 318 37 23 Lag
424 318 35 18 och
472 317 101 19 Ekonomie
584 317 103 18 Utskottets
699 317 115 18 betänkande
828 316 35 19 N:o
876 318 25 19 8).

474 365 55 20 S.A
546 365 23 19 K.
586 370 17 15 0.
622 365 21 19 S.

239 409 38 19 För
295 411 28 16 att
340 409 6 19 i
362 407 111 27 möjligaste
490 409 62 18 mätto
567 409 121 19 förekomma
702 408 24 20 de
741 408 133 25 olägenheter,
890 413 44 14 som

186 435 44 20 icke
248 435 61 20 sällan
330 435 116 26 tillskyndas
466 434 104 26 jordegare
590 435 122 26 derigenom,
736 437 29 17 att
785 434 146 25 arrendatorer,

186 461 95 22 landboer
298 462 38 19 och
353 464 88 23 torpare,
461 461 63 20 hvilka
541 462 65 19 bruka
623 467 73 14 annans
714 460 52 26 jord,
783 461 60 19 under
858 461 76 19 förebä-

186 488 60 21 rande
264 488 20 19 af
299 487 133 26 hvarjehanda
450 488 40 19 skäl
509 490 41 17 mot
568 493 82 21 egarens
667 488 69 25 lagliga
754 486 95 26 anspråk,
872 490 62 22 vägrä

186 517 29 18 att
229 515 29 20 till
273 515 73 19 honom
359 515 75 19 afträda
448 514 76 25 jorden,
540 515 35 18 har
589 515 23 19 E.
630 514 21 19 K.
667 515 42 23 M:t,
726 514 5 19 i
746 520 24 13 en
780 514 90 19 Finlands
881 515 52 18 stän-

187 541 36 19 der
238 540 10 20 å
263 541 65 19 denna
342 540 89 21 landtda:
445 540 87 25 förelagd
546 540 133 25 proposition,
698 540 27 20 till
746 540 117 20 ständernes
880 542 54 17 anta-

187 567 63 25 gande
264 567 100 24 föreslagit
377 566 85 25 följande
476 566 127 25 stadganden.

532 619 45 26 S:t.

240 661 40 20 När
294 659 71 26 nägon,
381 665 45 14 som
440 659 99 20 bebrukar
554 665 76 14 annans
642 659 51 25 jord,
709 660 21 19 af
739 658 149 21 vederbörande
898 660 37 19 Hä-

188 687 86 20 radsrätt
288 687 47 19 eller
350 686 104 20 Guvernör
471 686 95 20 förklaras
583 685 79 27 skyldig
679 688 29 17 att
724 685 87 20 derifrän
829 685 56 25 vika,
901 685 32 20 mä

187 714 92 25 utslaget,
295 714 63 19 fastän
372 712 89 20 deremot
476 712 68 25 vädjas
559 713 45 20 eller
619 713 73 19 besvär
706 712 93 20 Jeröfver
808 712 85 25 anföras,
905 713 28 19 till

189 740 149 25 verkställighet
352 739 102 20 befordras
468 742 54 17 emot
535 740 74 24 borgen
624 739 29 19 för
666 739 39 19 den
720 738 85 21 kostnad
815 739 38 19 och
864 738 68 26 skada,

185 764 117 28 jordegaren
320 765 38 20 kan
375 765 78 26 åläggas
470 768 28 17 att
514 766 26 19 till
558 766 38 19 den
614 766 80 25 afhyste
711 765 67 26 gälda,
798 771 32 13 om
848 765 84 20 denne
919 760 15 36 i

186 793 88 25 utslaget
288 793 68 18 vinner
370 792 88 25 ändring.
488 791 65 20 Sädan
566 792 75 25 borgen
656 791 49 20 skall
720 797 48 15 vara
784 792 20 19 af
818 790 34 21 tvä
862 791 72 20 veder-

187 819 73 25 häftige
278 821 45 17 män
342 818 106 26 ingången,
467 819 109 25 skriftligen
594 818 90 19 författad
707 819 37 19 och
765 818 27 20 till
815 817 119 26 riktigheten

188 846 66 25 styrkt
268 847 52 17 samt
334 845 59 19 tillika
407 845 46 20 med
468 845 77 19 afskrift
558 844 57 20 deraf
627 845 95 19 inlemnas
736 844 26 20 till
777 844 139 27 Kronofogden
928 844 6 19 i

188 874 66 22 orten,
271 877 53 19 som,
340 871 67 20 derest
421 872 38 18 han
473 871 63 20 finner
550 871 120 19 säkerheten
688 871 93 25 antaglig,
802 870 50 20 låter
866 871 70 25 afhys-

187 898 70 25 ningen
272 897 124 20 verkställas.
425 898 87 19 Börande
527 897 132 20 förbindelsen
676 897 5 19 i
700 897 137 20 hufvudskrift
855 896 80 20 bevisli-

187 930 39 20 gen
246 924 38 20 den
304 924 79 26 afhyste
404 924 94 20 tillställas
520 925 38 19 och
573 924 102 19 afskriften
693 924 36 20 hos
744 923 139 25 Kronofogden
897 924 39 18 för-

188 956 66 14 varas.

539 977 11 24 $
563 978 19 18 2.

242 1015 40 24 Lag
297 1019 75 15 samma
387 1019 48 14 vare
450 1019 33 14 om
496 1014 39 20 den
550 1020 43 14 som
611 1013 73 27 nyttjar
703 1019 77 15 annans
796 1013 44 26 jord
855 1013 20 20 af
887 1014 49 25 Lag-

189 1043 96 18 mansrätt
298 1041 96 20 förklaras
408 1041 78 26 skyldig
501 1041 27 20 till
544 1041 112 26 afhysning,
676 1042 64 18 fastän
756 1040 105 26 jordegare
874 1041 6 19 i
898 1041 37 18 Hä-

186 1067 111 20 rausrätten
310 1069 73 24 tappat:
400 1066 22 20 sä
437 1067 37 19 ock
492 1068 5 17 i
514 1068 31 19 fall
563 1068 80 19 Hofrätt
658 1067 27 20 till
698 1067 105 26 afhysning
821 1067 109 24 förordnar,

190 1094 49 19 efter
254 1094 33 19 Jet
301 1094 50 19 talan
366 1093 68 20 derom
450 1094 20 18 af
484 1093 128 20 Guvernören
632 1093 47 20 eller
693 1093 21 20 af
726 1093 62 26 begge
802 1093 134 20 underrätter-

188 1124 26 15 ne
227 1120 64 19 blifvit
304 1119 76 26 ogillad.

540 1146 9 24 $
563 1146 19 19 3.

243 1184 49 24 Den,
308 1189 44 14 som
366 1183 68 26 afhyst
448 1183 68 25 blifvit,
532 1182 39 25 må,
587 1188 32 14 om
634 1182 39 20 han
688 1188 58 14 anser
761 1183 33 19 det
808 1183 72 25 nödigt,
896 1182 39 21 låta

188 1210 51 44 gode
252 1211 39 18 och
304 1209 124 25 sakkunnige
443 1210 51 23 män,
510 1210 50 19 efter
574 1214 84 20 egarens
672 1209 130 25 tillkallande,
813 1214 49 26 syna
870 1210 65 24 lägen-

204 1238 44 17 eten
263 1236 27 19 till
305 1235 108 20 utrönande
426 1236 21 19 af
459 1235 47 19 dess
520 1235 86 19 tillstånd
625 1236 38 18 och
681 1235 53 19 hvad
751 1236 38 19 den
806 1236 80 24 afhyste
902 1240 33 20 ge-

190 1266 46 15 nom
251 1262 33 18 sitt
298 1260 96 26 skiljande
408 1260 86 20 derifrån
508 1261 84 19 förlorat.

539 1313 43 25 $4.

244 1352 41 20 Har
294 1352 5 20 i
310 1352 44 20 stöd
364 1352 19 21 af
391 1352 115 20 Guvernörs
516 1352 48 20 eller
572 1352 98 20 domstols
680 1352 64 25 utslag
754 1351 107 27 afhysning
874 1352 60 24 skett,

189 1378 25 26 på
232 1380 40 19 sätt
288 1378 101 20 ofvanföre
405 1378 107 26 medgifvet
528 1380 32 24 är,
579 1379 37 19 och
635 1378 73 20 varder
721 1379 84 25 utslaget
822 1378 113 20 sedermera

189 1405 117 26 upphäfvet,
322 1404 31 21 må
368 1404 38 21 den
420 1405 86 26 afhyste,
525 1405 62 20 under
601 1405 25 19 de
644 1405 63 19 vilkor
725 1405 37 19 och
777 1405 5 18 i
799 1405 39 19 den
854 1404 81 26 ordning

192 1432 10 19 1
222 1433 38 18 och
278 1432 11 19 5
307 1431 21 25 $$
347 1432 10 19 3
376 1432 37 24 kap.
440 1431 197 25 Utsöknings-balken
658 1431 74 25 stadga,
749 1431 127 21 återinsättas
890 1431 4 19 i
909 1431 27 20 lä-
