1011 1686
182 140 36 33 364
397 145 72 21 Nädiga
481 144 139 23 Propositionen
632 144 36 18 N:o
680 145 29 16 30.

540 219 85 20 däckadt
639 235 3 3 .

545 245 98 20 odäckadt

184 272 179 20 Pensionsbref:

184 298 33 19 4:0
245 298 30 19 för
289 298 164 26 afskedstagande
471 298 86 20 embets-
571 298 38 19 och
626 296 123 27 tjensteman,

210 330 45 14 som
270 324 85 20 erhåller
369 324 84 25 pension
467 330 24 14 ur
504 324 98 25 Kronans,
617 324 64 24 någon
695 324 56 20 stads

209 352 47 18 eller
276 356 64 14 annan
359 350 70 20 allmän
446 351 69 24 kassa,
535 356 24 14 en
576 351 40 19 half
631 353 82 23 procent
732 350 21 20 af

208 377 191 25 pensionsbeloppet
413 378 30 18 för
457 380 28 16 ett
499 376 28 20 år.

182 404 34 19 2:0
237 403 11 20 å
270 404 81 24 pension
366 410 24 13 ur
404 403 234 25 Krigsmanshusfonden,
656 406 51 18 samt
723 404 29 19 för

209 430 51 20 enka
274 430 38 20 och
331 430 48 20 barn
396 430 50 20 efter
463 430 89 20 embets-
570 430 47 20 eller
634 429 116 25 tjensteman

208 457 33 20 vid
259 456 77 20 landets
353 457 92 25 militär-,
464 457 67 25 civil-,
550 460 51 17 samt
618 456 134 20 ecklesiastik-

208 484 38 19 och
262 484 113 24 skolstater,
391 484 104 19 äfvensom
507 482 11 20 å
534 483 90 25 pension,
642 489 43 14 som
701 483 51 19 enka

208 510 38 19 och
261 510 49 20 barn
325 509 73 20 erhälla
412 515 25 13 ur
450 509 25 20 de
489 510 20 19 af
522 509 142 27 borgerskapet
677 511 4 17 i
697 510 55 20 vissa

208 537 68 20 städer
287 537 96 19 inrättade
392 536 198 25 understödskassor,
599 537 35 18 äro
641 537 29 19 för
677 539 75 22 stämp-

209 563 39 19 ladt
262 568 75 20 papper
352 563 41 24 fria,
411 563 82 25 enligt
488 559 14 33 $
508 564 25 18 14
547 568 54 14 mom
616 563 32 19 16.

182 589 34 19 3:o
231 589 37 19 För
281 590 36 18 alla
332 588 59 25 öfriga
406 594 97 19 personer
516 588 21 20 af
549 588 52 21 hvad
616 594 58 14 namn
683 588 25 20 de
718 594 34 14 va-

208 621 21 13 ra
243 615 32 20 mä
292 617 51 17 samt
356 615 63 19 ehvad
435 615 108 25 pensionen
555 614 57 26 utgär
621 621 23 13 ur
654 615 95 25 Kronans,

208 641 64 25 någon
287 641 55 20 stads
357 642 47 19 eller
418 647 63 14 annan
496 642 70 20 allmän
580 642 66 24 kassa,
661 643 35 17 när
705 647 47 19 pen-

209 668 67 20 sionen
291 668 47 20 eller
355 668 132 20 understödet
504 668 118 24 öfverstiger
639 668 37 20 200
695 668 56 20 mark

208 695 30 19 för
252 694 50 25 året,
319 696 12 18 4
345 697 84 23 procent
442 695 21 19 af
474 694 47 20 dess
530 695 80 25 belopp.

181 721 188 26 Privilegiebref
381 721 39 19 och
429 720 267 26 tillständsresolution,
708 726 44 14 som

208 748 20 19 af
244 749 86 19 Senaten
348 748 47 19 eller
416 747 148 21 vederbörande
585 748 116 25 myndighet
721 751 30 16 ut-

209 775 86 19 färdas:'

183 802 33 18 4:0
231 802 26 19 till
272 800 119 27 anläggande
408 801 21 19 af
442 800 57 26 berg-
513 801 37 20 och
565 801 185 24 manufakturverk,

209 828 65 19 fabrik
289 828 47 19 eller
349 833 64 14 annan
428 827 61 19 sådan
510 827 110 26 inrättning,
643 827 47 19 bok-
705 828 48 19 eller

210 853 141 26 stentryckeri,
368 853 119 24 bokhandel,
498 853 86 20 böckers
594 854 39 19 och
648 853 104 26 tidningars

208 879 121 26 utgifvande,
345 880 103 19 äfvensom
463 879 26 20 till
504 879 102 20 drifvande
620 879 20 19 af
653 879 101 20 landthan-

208 907 39 24 del,
263 905 111 20 handtverk
389 906 46 19 eller
450 911 62 14 annan
527 906 75 25 näring,
619 905 46 19 med
679 906 75 20 unJdan-

209 935 32 22 tag
250 933 21 18 af
279 932 53 25 dem,
344 937 43 14 som
397 932 36 19 här
443 932 105 19 nedanföre
562 933 121 22 omnämnas,
695 932 58 19 skrif-

208 965 36 13 ves
262 959 50 19 efter
328 948 196 35 omständigheterne
546 959 39 30 och
604 947 148 37 anläggningens

209 985 47 20 eller
278 985 105 25 näringens
403 970 141 44 beskaffenhet,
568 983 11 21 å
594 985 159 25 stämpelpapper

208 1011 50 20 ifrån
273 1011 25 21 30
312 1011 56 20 mark
383 1011 27 20 till
427 1012 38 18 och
479 1011 47 20 med
540 1001 42 30 200
597 1011 64 24 mark,
678 1011 33 20 allt
725 1011 27 19 ef-

207 1040 76 17 tersom
299 1037 30 20 vid
344 1037 70 25 hvarje
427 1037 72 20 tillfälle
512 1038 87 25 pröfvas.

180 1064 33 19 2:0
228 1064 26 19 till
268 1063 109 21 inrättande
391 1064 20 19 af
423 1063 91 26 Apothek
531 1065 6 18 i
553 1064 44 19 stad

207 1093 51 16 samt
272 1090 24 25 på
310 1090 150 26 landsbygden
449 1086 14 34 .

182 1117 33 18 3:0
230 1116 25 19 till
270 1116 84 20 idkande
368 1117 20 18 af
402 1101 177 44 kontingenthandel
596 1106 10 29 .
673 1131 4 3 D

182 1143 34 19 4:0
230 1142 26 20 till
271 1142 110 20 inrättande
397 1142 20 19 af
431 1142 106 25 värdshus,
556 1142 98 25 kafflehus,
670 1131 80 42 källare,

209 1169 94 19 traktörs-
319 1169 47 19 eller
380 1173 62 23 annan
457 1169 53 25 dylik
525 1158 76 30 rörelse
616 1158 47 29 eller
676 1169 74 30 näring,

210 1195 98 19 hvarmed
322 1195 87 24 burskap
425 1193 16 26 ej
458 1198 21 16 är
493 1195 94 24 förenadt,
604 1195 47 18 eller
664 1197 28 16 att
701 1193 50 21 hålla

210 1221 70 24 biljard
294 1221 5 18 i
314 1220 44 20 stad
378 1221 47 18 eller
441 1220 24 24 på
485 1220 71 25 landet,
576 1211 50 28 efter
647 1221 104 23 näringens

208 1246 137 19 beskaffenhet
358 1245 42 20 från
417 1247 11 18 5
443 1246 25 19 till
485 1247 37 18 100
536 1237 64 28 mark.

183 1273 33 18 5:0
231 1272 144 19 tillståndsbref
387 1272 46 19 eller
448 1271 96 24 fullmakt,
564 1273 29 18 för
608 1271 143 20 socknehandt-

210 1298 84 20 verkare
311 1299 39 19 och
366 1297 147 27 gerningsman,
534 1301 30 18 att
580 1297 24 26 på
624 1298 65 19 landet
705 1297 47 20 idka

210 1325 111 20 handtverk

182 1353 36 19 6:0
232 1352 30 20 för
276 1340 211 31 handtverksmästare
499 1340 38 31 att
542 1340 30 43 på
581 1340 67 31 landet
662 1340 52 31 idka
719 1340 33 31 nä-

209 1379 42 26 ring
261 1379 38 20 och
310 1377 50 22 hålla
371 1383 50 20 egen
431 1378 96 20 verkstad
536 1377 64 21 från
589 1373 9 36 5
615 1377 26 20 till
654 1378 23 19 15
687 1378 63 19 mark.

185 1395 186 30 Provisorsbref
501 1420 3 3 a
536 1420 3 4 n
570 1420 4 3 a
606 1419 3 3 MM
641 1420 4 3 OK
676 1419 3 3 n
711 1419 3 3 ie
746 1419 3 4 a

184 1431 111 26 Sjöpass,
312 1437 25 14 se
354 1436 62 20 pass.

810 220 10 19 -

797 1066 25 19 60

797 1093 25 19 20

797 1119 25 19 80
