1011 1686
287 142 71 23 Nådiga
369 144 140 22 Propositionen
522 144 36 18 N:o
570 145 28 17 30.
790 143 33 19 349

80 191 58 27 mäge
152 192 11 20 å
177 192 119 26 ostämpladt
309 198 75 20 papper
398 194 87 18 skrifvas
500 196 50 17 samt
564 194 49 19 först
626 194 24 20 då
664 194 25 19 de
699 194 26 19 till
735 194 87 19 domsto-

79 220 35 24 lar,
131 219 127 19 embetsverk
275 220 38 18 och
327 220 136 25 myndigheter
477 220 81 25 ingifvas
572 220 45 20 med
632 220 104 25 stämpladt
745 226 76 19 papper

78 246 49 18 eller
141 245 167 25 stämpelmärken
322 246 70 19 förses.
422 246 38 20 Vid
475 246 69 19 sådant
559 246 119 20 förhållande
689 246 80 19 komme
783 247 39 18 den

77 272 102 19 anmärkta
194 272 75 19 bristen
284 272 36 18 hos
335 278 33 13 oss
382 272 24 24 på
424 278 24 13 en
465 272 205 26 notariatsinrättning,
690 273 82 18 hvarest
788 273 33 18 vid

79 297 124 26 handlingars
217 297 165 26 inregistrerande
396 298 100 19 desamma
512 298 62 19 skulle
588 299 45 18 med
652 299 56 19 karta
725 299 27 18 till
771 299 50 18 före-

78 324 86 19 skrifvet
180 324 71 25 belopp
269 325 99 24 beläggas,
388 326 28 17 att
432 324 80 19 förfalla.
545 325 100 19 Utskottet
666 326 35 17 har
717 327 47 16 trott
781 325 39 19 den

79 350 108 25 föreslagna
204 351 107 24 lättnaden,
331 351 49 18 hvad
400 351 5 18 i
423 351 75 19 enskild
516 352 36 24 väg
570 351 98 20 tillkomna
691 351 130 20 dokumenter

79 377 99 24 beträffar,
196 382 45 14 vara
256 376 22 20 så
294 377 80 25 mycket
388 383 54 14 mera
458 377 67 25 skälig,
541 383 44 14 som
599 377 33 20 det
646 378 4 19 i
666 377 44 20 vårt
722 378 52 25 glest
788 377 34 20 be-

80 403 77 26 byggda
172 403 49 24 land,
239 403 88 20 särdeles
344 403 28 20 för
386 404 103 25 allmosen,
505 404 43 19 icke
563 405 35 18 har
612 404 29 25 sig
656 403 21 20 så
687 405 35 18 lätt
732 407 27 16 att
769 404 52 19 städ-

79 435 24 14 se
117 429 33 20 vid
165 429 125 20 förefallande
305 430 60 19 behof
377 430 88 19 anskaffa
479 430 105 25 stämpladt
597 436 75 20 papper
686 431 38 18 och
741 431 34 18 det
787 432 34 17 än-

80 461 27 14 nu
121 457 22 18 är
157 456 6 19 i
177 455 58 20 friskt
249 456 72 25 minne,
337 456 74 20 hvilket
425 457 80 19 allmänt
517 456 95 25 missnöje
630 457 50 20 1842
697 457 34 20 års
745 457 76 19 förord-

78 482 45 26 ning
136 488 71 20 genom
221 483 110 19 införandet
344 483 20 19 af
376 483 39 19 den
430 483 101 26 påpekade
541 483 148 26 bestämningen
699 484 120 25 uppväckte.

78 509 96 20 Deremot
188 509 35 20 har
237 509 98 20 utskottet
349 509 53 20 hållit
416 510 48 24 före,
480 513 27 16 att
516 510 128 19 embetsverk
655 511 38 18 och
703 510 118 25 tjenstemän

78 535 121 20 fortfarande
219 536 66 19 kunde
302 535 127 20 tillförbindas
446 539 28 17 att
490 536 24 26 på
531 537 105 25 stämpladt
652 542 76 20 papper
743 536 78 20 utfärda

78 562 43 19 sina
135 562 142 25 expeditioner.

132 588 29 19 De
174 589 90 18 närmare
279 589 147 19 föreskrifterne
436 588 100 26 angående
547 589 109 26 stämplade
672 591 94 23 papprets
782 589 39 19 och

77 615 191 24 stämpelmärkenas
282 615 102 25 utseende,
401 615 125 22 vidhäftande
541 617 36 18 och
595 616 124 24 makulering
736 616 37 19 har
789 618 32 17 ut-

77 641 75 19 skottet
165 644 64 17 ansett
243 641 109 26 lämpligast
365 642 48 19 böra
427 642 130 20 öfverlemnas
572 643 25 20 til
612 643 38 19 den
664 642 155 20 administrativa

79 667 91 20 maktens
185 668 155 19 bestämmande.

134 695 41 18 Den
189 695 27 18 uti
226 693 116 27 föregående
352 695 279 26 kartasigillata-författningar
640 695 97 26 iakttagna
747 695 73 20 åtskill-

78 720 37 20 nad
131 721 4 18 i
149 721 95 20 afseende
259 720 10 20 å
284 721 71 20 bruket
369 722 20 19 af
402 722 105 25 stämpladt
520 727 84 20 papper,
623 722 6 19 i
646 721 87 26 förmågo
751 722 71 19 hvaraf

78 747 104 26 allmogen,
198 747 46 20 med
259 747 48 20 flere
320 748 27 19 till
362 754 76 13 samma
452 749 88 24 kategori
555 748 84 19 hörande
657 754 104 19 personer,
777 747 43 20 dels

78 774 50 19 varit
142 773 43 20 från
201 774 104 25 stämpladt
319 780 85 19 pappers
420 775 126 24 begagnande
561 775 39 19 helt
613 776 37 18 och
665 774 58 20 hållet
733 774 86 19 befriade

77 800 43 19 dels
135 799 76 26 åtnjutit
225 800 72 20 lättnad
311 801 26 19 till
352 801 73 19 hälften
443 802 19 18 af
478 801 33 20 det
525 802 30 19 för
571 801 59 20 andra
648 801 172 20 samhällsklasser

78 826 117 19 föreskrifna
209 827 78 24 belopp,
304 827 35 19 har
352 827 97 19 utskottet
463 830 64 16 ansett
541 828 46 18 böra
605 828 114 19 hädanefter
736 827 84 19 försvin-

78 858 31 14 na.
140 853 27 19 Ur
183 852 38 20 den
239 853 34 19 fria
292 854 38 18 och
347 854 37 18 lika
400 854 123 24 berättigade
541 854 215 24 medborgerlighetens
774 859 45 19 syn-

78 879 63 25 punkt
155 880 21 18 är
190 879 64 19 denna
268 878 152 21 ständsskillnad
436 886 81 13 numera
532 880 36 19 lika
583 880 105 24 förkastlig,
705 886 44 12 som
763 880 37 18 Jen
815 879 5 19 i

77 905 125 19 ekonomiskt
216 906 113 19 hänseende
343 907 21 17 är
378 907 29 17 för
421 906 37 19 den
474 906 87 20 enskilde
578 906 20 19 af
611 906 53 25 ringa
679 906 126 26 betydenhet.

131 931 135 20 Fasthällande
290 932 237 26 kartasigillata-afgiltens
548 931 98 26 egenskap
666 933 21 19 af
706 932 112 25 bevillning,

78 959 37 18 har
129 958 95 19 utskottet
239 958 99 25 föreslagit
351 958 47 20 Jess
413 959 149 19 bestämmande
576 958 29 19 för
619 961 68 17 trenne
703 958 22 19 är
738 958 83 19 räknadt

77 984 50 19 ifrån
143 985 51 18 1865
209 984 33 19 års
256 984 77 25 ingång.
363 986 28 18 De
405 985 32 18 vid
452 986 63 18 denna
530 984 90 25 landtdag
634 984 97 25 beviljade
744 984 75 25 afgifter

78 1010 82 19 komme
177 1010 77 19 säledes
272 1013 28 16 att
317 1011 45 19 med
380 1011 51 19 1867
449 1011 32 19 ärs
499 1011 38 19 slut
555 1011 97 25 upphöra,
675 1010 82 20 säframt
776 1010 45 19 icke

78 1037 105 19 ständerna
197 1037 129 25 Jerförinnan,
343 1037 32 20 vid
388 1037 51 26 ånyo
450 1037 153 20 sammankallad
613 1037 98 25 landtdag,
723 1042 26 20 ny
759 1039 62 16 stäm-

77 1063 224 25 pelpappersbevillning
315 1064 97 21 fastställt;
428 1065 38 18 och
482 1063 81 20 töreslår
577 1063 96 20 utskottet
683 1067 28 15 att
720 1063 101 19 Riksstän-

77 1089 39 20 den
130 1089 28 19 uti
172 1089 110 25 afgifvande
296 1089 130 26 underdånigt
444 1096 47 13 svar
507 1089 11 20 å
535 1090 38 19 den
591 1089 66 26 nådiga
674 1089 147 26 propositionen

78 1115 63 19 skulle
155 1117 59 17 uttala
228 1115 38 19 den
280 1116 73 18 önskan
368 1119 28 15 att
411 1117 48 18 inför
474 1116 230 19 nästsammanträdande
718 1116 85 24 ständer,
815 1115 6 19 i

78 1142 139 25 sammanhang
232 1142 45 18 med
292 1142 156 25 räkenskaperna
463 1143 55 19 öfver
527 1142 37 20 den
574 1143 94 19 allmänna
680 1142 139 24 bevillningen,

78 1168 117 25 framlägges
213 1168 125 25 redovisning
353 1168 72 24 jemväl
442 1169 30 19 för
486 1168 136 20 användandet
638 1169 21 19 af
677 1168 52 19 hvad
749 1173 72 20 genom

78 1194 226 26 kartasigillata-afgiften
319 1194 75 20 influtit.

133 1221 64 19 Jemte
211 1220 34 20 det
258 1220 96 20 utskottet
368 1221 128 19 underkastat
513 1221 36 19 den
569 1220 67 26 nådiga
654 1220 146 26 propositionen
815 1220 6 19 i

79 1247 30 20 sin
124 1248 66 18 helhet
203 1252 24 14 en
242 1247 133 25 omarbetning
390 1247 5 19 i
404 1247 206 20 öfverensstämmelse
622 1248 44 18 med
677 1246 144 26 ofvanantydda

79 1273 105 25 principer,
200 1273 57 19 hafva
272 1274 57 18 äfven
343 1274 6 18 i
362 1272 230 27 detaljbestämningarne
608 1273 95 20 särskilda
713 1273 108 19 förändrin-

78 1306 36 18 gar
127 1299 63 19 blifvit
203 1300 115 24 föreslagne,
335 1300 19 19 af
366 1300 66 19 hvilka
447 1300 94 25 ätskilliga
557 1300 55 19 torde
630 1300 46 19 böra
692 1301 35 18 här
744 1300 5 18 i
767 1300 54 18 kort-

79 1326 34 18 het
128 1326 114 18 motiveras.

132 1352 8 18 I
154 1350 53 26 fråga
221 1356 33 14 om
268 1351 100 25 kartering
382 1352 20 18 af
414 1352 310 25 bouppteckningsinstrumenter
738 1352 37 17 har
788 1353 31 17 ut-

79 1377 75 20 skottet
168 1379 63 17 ansett
246 1378 122 19 statskassan
383 1378 63 19 kunna
462 1378 83 20 beredas
560 1384 24 14 en
597 1377 80 21 förökad
686 1377 87 20 inkomst
781 1378 38 18 och

79 1404 60 27 tillika
156 1409 24 14 en
196 1404 121 20 rationellare
335 1404 199 25 beräkningsmethod
552 1404 93 25 erhållas,
665 1410 30 13 om
717 1404 102 19 desamma

80 1430 45 20 icke
139 1431 89 20 karteras
242 1432 50 18 etter
306 1431 42 25 ark,
364 1433 47 18 utan
425 1431 5 19 i
445 1434 29 17 ett
486 1431 29 20 för
523 1431 40 25 allt,
574 1431 45 20 med
630 1434 27 17 ett
666 1431 99 20 bestämdt
774 1436 45 20 pro-

752 1464 22 16 54
