<?xml version="1.0" encoding="UTF-8"?>
<alto xmlns="http://www.loc.gov/standards/alto/ns-v3#" xmlns:xlink="http://www.w3.org/1999/xlink" xmlns:xsi="http://www.w3.org/2001/XMLSchema-instance" xsi:schemaLocation="http://www.loc.gov/standards/alto/ns-v3# http://www.loc.gov/alto/v3/alto-3-0.xsd">
	<Description>
		<MeasurementUnit>pixel</MeasurementUnit>
		<sourceImageInformation>
			<fileName>/tmp/tess__xdbnip5_input.PNG</fileName>
		</sourceImageInformation>
		<OCRProcessing ID="OCR_0">
			<ocrProcessingStep>
				<processingSoftware>
					<softwareName>tesseract 5.3.4</softwareName>
				</processingSoftware>
			</ocrProcessingStep>
		</OCRProcessing>
	</Description>
	<Layout>
		<Page WIDTH="1009" HEIGHT="1681" PHYSICAL_IMG_NR="0" ID="page_0">
			<PrintSpace HPOS="0" VPOS="0" WIDTH="1009" HEIGHT="1681">
				<ComposedBlock ID="cblock_0" HPOS="305" VPOS="130" WIDTH="529" HEIGHT="25">
					<TextBlock ID="block_0" HPOS="305" VPOS="130" WIDTH="529" HEIGHT="25">
						<TextLine ID="line_0" HPOS="305" VPOS="130" WIDTH="529" HEIGHT="25">
							<String ID="string_0" HPOS="305" VPOS="131" WIDTH="71" HEIGHT="22" WC="0.89" CONTENT="Nådiga"/><SP WIDTH="11" VPOS="131" HPOS="376"/>
							<String ID="string_1" HPOS="387" VPOS="132" WIDTH="141" HEIGHT="23" WC="0.95" CONTENT="Propositionen"/><SP WIDTH="12" VPOS="132" HPOS="528"/>
							<String ID="string_2" HPOS="540" VPOS="132" WIDTH="36" HEIGHT="17" WC="0.96" CONTENT="N:o"/><SP WIDTH="12" VPOS="132" HPOS="576"/>
							<String ID="string_3" HPOS="588" VPOS="132" WIDTH="29" HEIGHT="17" WC="0.96" CONTENT="81."/><SP WIDTH="173" VPOS="132" HPOS="617"/>
							<String ID="string_4" HPOS="790" VPOS="130" WIDTH="44" HEIGHT="20" WC="0.95" CONTENT="1007"/>
						</TextLine>
					</TextBlock>
				</ComposedBlock>
				<ComposedBlock ID="cblock_1" HPOS="87" VPOS="180" WIDTH="749" HEIGHT="100">
					<TextBlock ID="block_1" HPOS="87" VPOS="180" WIDTH="749" HEIGHT="100">
						<TextLine ID="line_1" HPOS="88" VPOS="180" WIDTH="748" HEIGHT="26">
							<String ID="string_5" HPOS="88" VPOS="181" WIDTH="49" HEIGHT="20" WC="0.96" CONTENT="dare"/><SP WIDTH="14" VPOS="181" HPOS="137"/>
							<String ID="string_6" HPOS="151" VPOS="181" WIDTH="123" HEIGHT="20" WC="0.96" CONTENT="föreskrifter"/><SP WIDTH="14" VPOS="181" HPOS="274"/>
							<String ID="string_7" HPOS="288" VPOS="181" WIDTH="38" HEIGHT="19" WC="0.95" CONTENT="och"/><SP WIDTH="14" VPOS="181" HPOS="326"/>
							<String ID="string_8" HPOS="340" VPOS="181" WIDTH="128" HEIGHT="25" WC="0.95" CONTENT="förklaringar"/><SP WIDTH="14" VPOS="181" HPOS="468"/>
							<String ID="string_9" HPOS="482" VPOS="180" WIDTH="5" HEIGHT="20" WC="0.96" CONTENT="i"/><SP WIDTH="14" VPOS="180" HPOS="487"/>
							<String ID="string_10" HPOS="501" VPOS="181" WIDTH="94" HEIGHT="20" WC="0.91" CONTENT="afseende"/><SP WIDTH="13" VPOS="181" HPOS="595"/>
							<String ID="string_11" HPOS="608" VPOS="181" WIDTH="11" HEIGHT="19" WC="0.91" CONTENT="å"/><SP WIDTH="10" VPOS="181" HPOS="619"/>
							<String ID="string_12" HPOS="629" VPOS="180" WIDTH="174" HEIGHT="26" WC="0.83" CONTENT="verkställigheten"/><SP WIDTH="11" VPOS="180" HPOS="803"/>
							<String ID="string_13" HPOS="814" VPOS="181" WIDTH="22" HEIGHT="19" WC="0.96" CONTENT="af"/>
						</TextLine>
						<TextLine ID="line_2" HPOS="88" VPOS="206" WIDTH="746" HEIGHT="27">
							<String ID="string_14" HPOS="88" VPOS="208" WIDTH="64" HEIGHT="19" WC="0.92" CONTENT="denna"/><SP WIDTH="14" VPOS="208" HPOS="152"/>
							<String ID="string_15" HPOS="166" VPOS="207" WIDTH="191" HEIGHT="26" WC="0.91" CONTENT="Bevillningsstadga,"/><SP WIDTH="24" VPOS="207" HPOS="357"/>
							<String ID="string_16" HPOS="381" VPOS="207" WIDTH="65" HEIGHT="20" WC="0.96" CONTENT="hvilka"/><SP WIDTH="19" VPOS="207" HPOS="446"/>
							<String ID="string_17" HPOS="465" VPOS="207" WIDTH="63" HEIGHT="20" WC="0.96" CONTENT="finnas"/><SP WIDTH="21" VPOS="207" HPOS="528"/>
							<String ID="string_18" HPOS="549" VPOS="207" WIDTH="21" HEIGHT="20" WC="0.96" CONTENT="af"/><SP WIDTH="12" VPOS="207" HPOS="570"/>
							<String ID="string_19" HPOS="582" VPOS="207" WIDTH="193" HEIGHT="24" WC="0.96" CONTENT="omständigheterna"/><SP WIDTH="21" VPOS="207" HPOS="775"/>
							<String ID="string_20" HPOS="796" VPOS="206" WIDTH="38" HEIGHT="20" WC="0.96" CONTENT="och"/>
						</TextLine>
						<TextLine ID="line_3" HPOS="87" VPOS="233" WIDTH="745" HEIGHT="26">
							<String ID="string_21" HPOS="87" VPOS="234" WIDTH="95" HEIGHT="20" WC="0.92" CONTENT="behofvet"/><SP WIDTH="15" VPOS="234" HPOS="182"/>
							<String ID="string_22" HPOS="197" VPOS="233" WIDTH="107" HEIGHT="25" WC="0.96" CONTENT="påkallade,"/><SP WIDTH="12" VPOS="233" HPOS="304"/>
							<String ID="string_23" HPOS="316" VPOS="236" WIDTH="52" HEIGHT="17" WC="0.96" CONTENT="samt"/><SP WIDTH="14" VPOS="236" HPOS="368"/>
							<String ID="string_24" HPOS="382" VPOS="233" WIDTH="68" HEIGHT="26" WC="0.93" CONTENT="nödiga"/><SP WIDTH="15" VPOS="233" HPOS="450"/>
							<String ID="string_25" HPOS="465" VPOS="234" WIDTH="124" HEIGHT="24" WC="0.91" CONTENT="formulärer,"/><SP WIDTH="11" VPOS="234" HPOS="589"/>
							<String ID="string_26" HPOS="600" VPOS="239" WIDTH="27" HEIGHT="14" WC="0.96" CONTENT="m."/><SP WIDTH="12" VPOS="239" HPOS="627"/>
							<String ID="string_27" HPOS="639" VPOS="239" WIDTH="25" HEIGHT="13" WC="0.96" CONTENT="m."/><SP WIDTH="18" VPOS="239" HPOS="664"/>
							<String ID="string_28" HPOS="682" VPOS="233" WIDTH="150" HEIGHT="20" WC="0.96" CONTENT="vederbörande"/>
						</TextLine>
						<TextLine ID="line_4" HPOS="88" VPOS="259" WIDTH="288" HEIGHT="21">
							<String ID="string_29" HPOS="88" VPOS="260" WIDTH="26" HEIGHT="19" WC="0.92" CONTENT="till"/><SP WIDTH="15" VPOS="260" HPOS="114"/>
							<String ID="string_30" HPOS="129" VPOS="259" WIDTH="130" HEIGHT="20" WC="0.91" CONTENT="efterrättelse"/><SP WIDTH="15" VPOS="259" HPOS="259"/>
							<String ID="string_31" HPOS="274" VPOS="260" WIDTH="102" HEIGHT="20" WC="0.96" CONTENT="fastställa."/>
						</TextLine>
					</TextBlock>
				</ComposedBlock>
				<ComposedBlock ID="cblock_2" HPOS="331" VPOS="436" WIDTH="264" HEIGHT="23">
					<TextBlock ID="block_2" HPOS="331" VPOS="436" WIDTH="264" HEIGHT="23">
						<TextLine ID="line_5" HPOS="331" VPOS="436" WIDTH="264" HEIGHT="23">
							<String ID="string_32" HPOS="331" VPOS="436" WIDTH="264" HEIGHT="23" WC="0.95" CONTENT="Reservationer."/>
						</TextLine>
					</TextBlock>
				</ComposedBlock>
				<ComposedBlock ID="cblock_3" HPOS="309" VPOS="500" WIDTH="303" HEIGHT="20">
					<TextBlock ID="block_3" HPOS="309" VPOS="500" WIDTH="303" HEIGHT="20">
						<TextLine ID="line_6" HPOS="309" VPOS="500" WIDTH="303" HEIGHT="20">
							<String ID="string_33" HPOS="309" VPOS="500" WIDTH="25" HEIGHT="20" WC="0.96" CONTENT="Af"/><SP WIDTH="11" VPOS="500" HPOS="334"/>
							<String ID="string_34" HPOS="345" VPOS="501" WIDTH="51" HEIGHT="19" WC="0.95" CONTENT="Herr"/><SP WIDTH="13" VPOS="501" HPOS="396"/>
							<String ID="string_35" HPOS="409" VPOS="501" WIDTH="19" HEIGHT="19" WC="0.92" CONTENT="J."/><SP WIDTH="16" VPOS="501" HPOS="428"/>
							<String ID="string_36" HPOS="444" VPOS="501" WIDTH="22" HEIGHT="19" WC="0.93" CONTENT="A."/><SP WIDTH="18" VPOS="501" HPOS="466"/>
							<String ID="string_37" HPOS="484" VPOS="506" WIDTH="44" HEIGHT="14" WC="0.96" CONTENT="von"/><SP WIDTH="14" VPOS="506" HPOS="528"/>
							<String ID="string_38" HPOS="542" VPOS="500" WIDTH="70" HEIGHT="20" WC="0.96" CONTENT="Born:"/>
						</TextLine>
					</TextBlock>
				</ComposedBlock>
				<ComposedBlock ID="cblock_4" HPOS="90" VPOS="538" WIDTH="748" HEIGHT="584">
					<TextBlock ID="block_4" HPOS="90" VPOS="538" WIDTH="748" HEIGHT="422">
						<TextLine ID="line_7" HPOS="143" VPOS="538" WIDTH="693" HEIGHT="24">
							<String ID="string_39" HPOS="143" VPOS="538" WIDTH="148" HEIGHT="20" WC="0.95" CONTENT="Godkännande"/><SP WIDTH="14" VPOS="538" HPOS="291"/>
							<String ID="string_40" HPOS="305" VPOS="538" WIDTH="38" HEIGHT="19" WC="0.92" CONTENT="den"/><SP WIDTH="14" VPOS="538" HPOS="343"/>
							<String ID="string_41" HPOS="357" VPOS="538" WIDTH="52" HEIGHT="24" WC="0.92" CONTENT="äsigt"/><SP WIDTH="13" VPOS="538" HPOS="409"/>
							<String ID="string_42" HPOS="422" VPOS="541" WIDTH="28" HEIGHT="16" WC="0.96" CONTENT="att"/><SP WIDTH="14" VPOS="541" HPOS="450"/>
							<String ID="string_43" HPOS="464" VPOS="544" WIDTH="24" HEIGHT="14" WC="0.92" CONTENT="en"/><SP WIDTH="20" VPOS="544" HPOS="488"/>
							<String ID="string_44" HPOS="508" VPOS="538" WIDTH="48" HEIGHT="19" WC="0.96" CONTENT="hvar"/><SP WIDTH="18" VPOS="538" HPOS="556"/>
							<String ID="string_45" HPOS="574" VPOS="538" WIDTH="21" HEIGHT="19" WC="0.93" CONTENT="af"/><SP WIDTH="16" VPOS="538" HPOS="595"/>
							<String ID="string_46" HPOS="611" VPOS="539" WIDTH="113" HEIGHT="19" WC="0.45" CONTENT="samhaällets"/><SP WIDTH="17" VPOS="539" HPOS="724"/>
							<String ID="string_47" HPOS="741" VPOS="538" WIDTH="95" HEIGHT="20" WC="0.92" CONTENT="medlem-"/>
						</TextLine>
						<TextLine ID="line_8" HPOS="92" VPOS="564" WIDTH="744" HEIGHT="27">
							<String ID="string_48" HPOS="92" VPOS="570" WIDTH="49" HEIGHT="14" WC="0.96" CONTENT="mar,"/><SP WIDTH="17" VPOS="570" HPOS="141"/>
							<String ID="string_49" HPOS="158" VPOS="570" WIDTH="44" HEIGHT="14" WC="0.95" CONTENT="som"/><SP WIDTH="14" VPOS="570" HPOS="202"/>
							<String ID="string_50" HPOS="216" VPOS="566" WIDTH="46" HEIGHT="24" WC="0.93" CONTENT="äger"/><SP WIDTH="15" VPOS="566" HPOS="262"/>
							<String ID="string_51" HPOS="277" VPOS="564" WIDTH="64" HEIGHT="25" WC="0.96" CONTENT="någon"/><SP WIDTH="14" VPOS="564" HPOS="341"/>
							<String ID="string_52" HPOS="355" VPOS="564" WIDTH="86" HEIGHT="25" WC="0.96" CONTENT="förmåga"/><SP WIDTH="15" VPOS="564" HPOS="441"/>
							<String ID="string_53" HPOS="456" VPOS="568" WIDTH="29" HEIGHT="16" WC="0.93" CONTENT="att"/><SP WIDTH="14" VPOS="568" HPOS="485"/>
							<String ID="string_54" HPOS="499" VPOS="564" WIDTH="71" HEIGHT="25" WC="0.95" CONTENT="skatta,"/><SP WIDTH="16" VPOS="564" HPOS="570"/>
							<String ID="string_55" HPOS="586" VPOS="564" WIDTH="35" HEIGHT="19" WC="0.93" CONTENT="bör"/><SP WIDTH="15" VPOS="564" HPOS="621"/>
							<String ID="string_56" HPOS="636" VPOS="565" WIDTH="74" HEIGHT="26" WC="0.96" CONTENT="deltaga"/><SP WIDTH="11" VPOS="565" HPOS="710"/>
							<String ID="string_57" HPOS="721" VPOS="566" WIDTH="5" HEIGHT="18" WC="0.93" CONTENT="i"/><SP WIDTH="11" VPOS="566" HPOS="726"/>
							<String ID="string_58" HPOS="737" VPOS="566" WIDTH="99" HEIGHT="24" WC="0.88" CONTENT="erläggan-"/>
						</TextLine>
						<TextLine ID="line_9" HPOS="91" VPOS="591" WIDTH="745" HEIGHT="25">
							<String ID="string_59" HPOS="91" VPOS="592" WIDTH="25" HEIGHT="18" WC="0.96" CONTENT="de"/><SP WIDTH="14" VPOS="592" HPOS="116"/>
							<String ID="string_60" HPOS="130" VPOS="591" WIDTH="20" HEIGHT="19" WC="0.96" CONTENT="af"/><SP WIDTH="13" VPOS="591" HPOS="150"/>
							<String ID="string_61" HPOS="163" VPOS="597" WIDTH="24" HEIGHT="14" WC="0.96" CONTENT="en"/><SP WIDTH="15" VPOS="597" HPOS="187"/>
							<String ID="string_62" HPOS="202" VPOS="592" WIDTH="69" HEIGHT="18" WC="0.93" CONTENT="allmän"/><SP WIDTH="15" VPOS="592" HPOS="271"/>
							<String ID="string_63" HPOS="286" VPOS="592" WIDTH="110" HEIGHT="24" WC="0.89" CONTENT="bevillning,"/><SP WIDTH="17" VPOS="592" HPOS="396"/>
							<String ID="string_64" HPOS="413" VPOS="596" WIDTH="32" HEIGHT="14" WC="0.96" CONTENT="om"/><SP WIDTH="15" VPOS="596" HPOS="445"/>
							<String ID="string_65" HPOS="460" VPOS="594" WIDTH="24" HEIGHT="16" WC="0.93" CONTENT="än"/><SP WIDTH="16" VPOS="594" HPOS="484"/>
							<String ID="string_66" HPOS="500" VPOS="591" WIDTH="69" HEIGHT="19" WC="0.91" CONTENT="sädant"/><SP WIDTH="14" VPOS="591" HPOS="569"/>
							<String ID="string_67" HPOS="583" VPOS="591" WIDTH="69" HEIGHT="25" WC="0.92" CONTENT="bidrag"/><SP WIDTH="14" VPOS="591" HPOS="652"/>
							<String ID="string_68" HPOS="666" VPOS="592" WIDTH="20" HEIGHT="18" WC="0.96" CONTENT="af"/><SP WIDTH="8" VPOS="592" HPOS="686"/>
							<String ID="string_69" HPOS="694" VPOS="592" WIDTH="52" HEIGHT="24" WC="0.93" CONTENT="dem,"/><SP WIDTH="13" VPOS="592" HPOS="746"/>
							<String ID="string_70" HPOS="759" VPOS="592" WIDTH="77" HEIGHT="19" WC="0.89" CONTENT="hvilkas"/>
						</TextLine>
						<TextLine ID="line_10" HPOS="90" VPOS="617" WIDTH="746" HEIGHT="26">
							<String ID="string_71" HPOS="90" VPOS="618" WIDTH="88" HEIGHT="18" WC="0.96" CONTENT="inkomst"/><SP WIDTH="17" VPOS="618" HPOS="178"/>
							<String ID="string_72" HPOS="195" VPOS="617" WIDTH="75" HEIGHT="25" WC="0.95" CONTENT="uppgår"/><SP WIDTH="19" VPOS="617" HPOS="270"/>
							<String ID="string_73" HPOS="289" VPOS="618" WIDTH="25" HEIGHT="18" WC="0.91" CONTENT="till"/><SP WIDTH="19" VPOS="618" HPOS="314"/>
							<String ID="string_74" HPOS="333" VPOS="617" WIDTH="75" HEIGHT="25" WC="0.92" CONTENT="ringare"/><SP WIDTH="18" VPOS="617" HPOS="408"/>
							<String ID="string_75" HPOS="426" VPOS="618" WIDTH="81" HEIGHT="25" WC="0.96" CONTENT="belopp,"/><SP WIDTH="20" VPOS="618" HPOS="507"/>
							<String ID="string_76" HPOS="527" VPOS="617" WIDTH="35" HEIGHT="19" WC="0.96" CONTENT="bör"/><SP WIDTH="17" VPOS="617" HPOS="562"/>
							<String ID="string_77" HPOS="579" VPOS="617" WIDTH="97" HEIGHT="20" WC="0.93" CONTENT="beräknas"/><SP WIDTH="16" VPOS="617" HPOS="676"/>
							<String ID="string_78" HPOS="692" VPOS="617" WIDTH="144" HEIGHT="25" WC="0.62" CONTENT="jemförelsevis"/>
						</TextLine>
						<TextLine ID="line_11" HPOS="90" VPOS="644" WIDTH="746" HEIGHT="25">
							<String ID="string_79" HPOS="90" VPOS="644" WIDTH="53" HEIGHT="25" WC="0.95" CONTENT="lägre"/><SP WIDTH="14" VPOS="644" HPOS="143"/>
							<String ID="string_80" HPOS="157" VPOS="646" WIDTH="53" HEIGHT="17" WC="0.96" CONTENT="samt"/><SP WIDTH="14" VPOS="646" HPOS="210"/>
							<String ID="string_81" HPOS="224" VPOS="644" WIDTH="26" HEIGHT="20" WC="0.93" CONTENT="till"/><SP WIDTH="16" VPOS="644" HPOS="250"/>
							<String ID="string_82" HPOS="266" VPOS="644" WIDTH="72" HEIGHT="20" WC="0.94" CONTENT="lättnad"/><SP WIDTH="17" VPOS="644" HPOS="338"/>
							<String ID="string_83" HPOS="355" VPOS="644" WIDTH="31" HEIGHT="19" WC="0.92" CONTENT="vid"/><SP WIDTH="14" VPOS="644" HPOS="386"/>
							<String ID="string_84" HPOS="400" VPOS="644" WIDTH="135" HEIGHT="25" WC="0.91" CONTENT="Jebiteringen"/><SP WIDTH="13" VPOS="644" HPOS="535"/>
							<String ID="string_85" HPOS="548" VPOS="644" WIDTH="38" HEIGHT="18" WC="0.93" CONTENT="och"/><SP WIDTH="18" VPOS="644" HPOS="586"/>
							<String ID="string_86" HPOS="604" VPOS="644" WIDTH="116" HEIGHT="25" WC="0.90" CONTENT="uppbörden"/><SP WIDTH="15" VPOS="644" HPOS="720"/>
							<String ID="string_87" HPOS="735" VPOS="647" WIDTH="101" HEIGHT="17" WC="0.91" CONTENT="uttaxeras"/>
						</TextLine>
						<TextLine ID="line_12" HPOS="91" VPOS="669" WIDTH="744" HEIGHT="25">
							<String ID="string_88" HPOS="91" VPOS="670" WIDTH="50" HEIGHT="19" WC="0.94" CONTENT="efter"/><SP WIDTH="14" VPOS="670" HPOS="141"/>
							<String ID="string_89" HPOS="155" VPOS="676" WIDTH="68" HEIGHT="18" WC="0.93" CONTENT="annan,"/><SP WIDTH="17" VPOS="676" HPOS="223"/>
							<String ID="string_90" HPOS="240" VPOS="670" WIDTH="79" HEIGHT="20" WC="0.96" CONTENT="enklare"/><SP WIDTH="14" VPOS="670" HPOS="319"/>
							<String ID="string_91" HPOS="333" VPOS="670" WIDTH="69" HEIGHT="24" WC="0.92" CONTENT="grund,"/><SP WIDTH="16" VPOS="670" HPOS="402"/>
							<String ID="string_92" HPOS="418" VPOS="669" WIDTH="29" HEIGHT="20" WC="0.96" CONTENT="får"/><SP WIDTH="12" VPOS="669" HPOS="447"/>
							<String ID="string_93" HPOS="459" VPOS="670" WIDTH="43" HEIGHT="24" WC="0.96" CONTENT="jag,"/><SP WIDTH="17" VPOS="670" HPOS="502"/>
							<String ID="string_94" HPOS="519" VPOS="670" WIDTH="5" HEIGHT="18" WC="0.93" CONTENT="i"/><SP WIDTH="14" VPOS="670" HPOS="524"/>
							<String ID="string_95" HPOS="538" VPOS="672" WIDTH="85" HEIGHT="17" WC="0.96" CONTENT="motsats"/><SP WIDTH="17" VPOS="672" HPOS="623"/>
							<String ID="string_96" HPOS="640" VPOS="670" WIDTH="26" HEIGHT="20" WC="0.93" CONTENT="till"/><SP WIDTH="18" VPOS="670" HPOS="666"/>
							<String ID="string_97" HPOS="684" VPOS="670" WIDTH="52" HEIGHT="20" WC="0.93" CONTENT="hvad"/><SP WIDTH="18" VPOS="670" HPOS="736"/>
							<String ID="string_98" HPOS="754" VPOS="670" WIDTH="81" HEIGHT="20" WC="0.91" CONTENT="Utskot-"/>
						</TextLine>
						<TextLine ID="line_13" HPOS="90" VPOS="696" WIDTH="746" HEIGHT="26">
							<String ID="string_99" HPOS="90" VPOS="698" WIDTH="40" HEIGHT="17" WC="0.91" CONTENT="tets"/><SP WIDTH="14" VPOS="698" HPOS="130"/>
							<String ID="string_100" HPOS="144" VPOS="697" WIDTH="98" HEIGHT="25" WC="0.88" CONTENT="pluralitet"/><SP WIDTH="17" VPOS="697" HPOS="242"/>
							<String ID="string_101" HPOS="259" VPOS="696" WIDTH="97" HEIGHT="26" WC="0.95" CONTENT="föreslagit"/><SP WIDTH="14" VPOS="696" HPOS="356"/>
							<String ID="string_102" HPOS="370" VPOS="696" WIDTH="37" HEIGHT="19" WC="0.96" CONTENT="och"/><SP WIDTH="15" VPOS="696" HPOS="407"/>
							<String ID="string_103" HPOS="422" VPOS="696" WIDTH="4" HEIGHT="18" WC="0.93" CONTENT="i"/><SP WIDTH="16" VPOS="696" HPOS="426"/>
							<String ID="string_104" HPOS="442" VPOS="696" WIDTH="61" HEIGHT="26" WC="0.96" CONTENT="någon"/><SP WIDTH="15" VPOS="696" HPOS="503"/>
							<String ID="string_105" HPOS="518" VPOS="696" WIDTH="61" HEIGHT="20" WC="0.96" CONTENT="likhet"/><SP WIDTH="15" VPOS="696" HPOS="579"/>
							<String ID="string_106" HPOS="594" VPOS="697" WIDTH="45" HEIGHT="19" WC="0.81" CONTENT="med"/><SP WIDTH="14" VPOS="697" HPOS="639"/>
							<String ID="string_107" HPOS="653" VPOS="696" WIDTH="106" HEIGHT="20" WC="0.92" CONTENT="innehället"/><SP WIDTH="11" VPOS="696" HPOS="759"/>
							<String ID="string_108" HPOS="770" VPOS="698" WIDTH="20" HEIGHT="18" WC="0.96" CONTENT="af"/><SP WIDTH="8" VPOS="698" HPOS="790"/>
							<String ID="string_109" HPOS="798" VPOS="697" WIDTH="38" HEIGHT="19" WC="0.96" CONTENT="den"/>
						</TextLine>
						<TextLine ID="line_14" HPOS="92" VPOS="722" WIDTH="744" HEIGHT="26">
							<String ID="string_110" HPOS="92" VPOS="722" WIDTH="75" HEIGHT="26" WC="0.90" CONTENT="Nädiga"/><SP WIDTH="14" VPOS="722" HPOS="167"/>
							<String ID="string_111" HPOS="181" VPOS="723" WIDTH="155" HEIGHT="25" WC="0.93" CONTENT="propositionen,"/><SP WIDTH="16" VPOS="723" HPOS="336"/>
							<String ID="string_112" HPOS="352" VPOS="722" WIDTH="97" HEIGHT="26" WC="0.96" CONTENT="tillstyrka"/><SP WIDTH="15" VPOS="722" HPOS="449"/>
							<String ID="string_113" HPOS="464" VPOS="726" WIDTH="28" HEIGHT="16" WC="0.89" CONTENT="att"/><SP WIDTH="15" VPOS="726" HPOS="492"/>
							<String ID="string_114" HPOS="507" VPOS="722" WIDTH="25" HEIGHT="20" WC="0.95" CONTENT="de"/><SP WIDTH="14" VPOS="722" HPOS="532"/>
							<String ID="string_115" HPOS="546" VPOS="728" WIDTH="97" HEIGHT="20" WC="0.96" CONTENT="personer"/><SP WIDTH="13" VPOS="728" HPOS="643"/>
							<String ID="string_116" HPOS="656" VPOS="723" WIDTH="56" HEIGHT="19" WC="0.96" CONTENT="öfver"/><SP WIDTH="16" VPOS="723" HPOS="712"/>
							<String ID="string_117" HPOS="728" VPOS="724" WIDTH="24" HEIGHT="19" WC="0.93" CONTENT="15"/><SP WIDTH="11" VPOS="724" HPOS="752"/>
							<String ID="string_118" HPOS="763" VPOS="722" WIDTH="31" HEIGHT="20" WC="0.92" CONTENT="års"/><SP WIDTH="16" VPOS="722" HPOS="794"/>
							<String ID="string_119" HPOS="810" VPOS="722" WIDTH="26" HEIGHT="21" WC="0.90" CONTENT="äl-"/>
						</TextLine>
						<TextLine ID="line_15" HPOS="91" VPOS="748" WIDTH="746" HEIGHT="26">
							<String ID="string_120" HPOS="91" VPOS="748" WIDTH="36" HEIGHT="20" WC="0.93" CONTENT="der"/><SP WIDTH="15" VPOS="748" HPOS="127"/>
							<String ID="string_121" HPOS="142" VPOS="749" WIDTH="78" HEIGHT="19" WC="0.96" CONTENT="hvilkas"/><SP WIDTH="14" VPOS="749" HPOS="220"/>
							<String ID="string_122" HPOS="234" VPOS="754" WIDTH="46" HEIGHT="15" WC="0.90" CONTENT="rena"/><SP WIDTH="15" VPOS="754" HPOS="280"/>
							<String ID="string_123" HPOS="295" VPOS="748" WIDTH="88" HEIGHT="20" WC="0.96" CONTENT="inkomst"/><SP WIDTH="14" VPOS="748" HPOS="383"/>
							<String ID="string_124" HPOS="397" VPOS="748" WIDTH="44" HEIGHT="20" WC="0.93" CONTENT="icke"/><SP WIDTH="14" VPOS="748" HPOS="441"/>
							<String ID="string_125" HPOS="455" VPOS="749" WIDTH="117" HEIGHT="25" WC="0.92" CONTENT="öfverstiger"/><SP WIDTH="15" VPOS="749" HPOS="572"/>
							<String ID="string_126" HPOS="587" VPOS="749" WIDTH="37" HEIGHT="19" WC="0.96" CONTENT="500"/><SP WIDTH="18" VPOS="749" HPOS="624"/>
							<String ID="string_127" HPOS="642" VPOS="750" WIDTH="66" HEIGHT="24" WC="0.96" CONTENT="mark,"/><SP WIDTH="20" VPOS="750" HPOS="708"/>
							<String ID="string_128" HPOS="728" VPOS="750" WIDTH="60" HEIGHT="19" WC="0.92" CONTENT="borde"/><SP WIDTH="18" VPOS="750" HPOS="788"/>
							<String ID="string_129" HPOS="806" VPOS="755" WIDTH="31" HEIGHT="13" WC="0.91" CONTENT="er-"/>
						</TextLine>
						<TextLine ID="line_16" HPOS="92" VPOS="775" WIDTH="743" HEIGHT="26">
							<String ID="string_130" HPOS="92" VPOS="775" WIDTH="54" HEIGHT="26" WC="0.93" CONTENT="lägga"/><SP WIDTH="17" VPOS="775" HPOS="146"/>
							<String ID="string_131" HPOS="163" VPOS="776" WIDTH="112" HEIGHT="24" WC="0.92" CONTENT="bevillning,"/><SP WIDTH="16" VPOS="776" HPOS="275"/>
							<String ID="string_132" HPOS="291" VPOS="781" WIDTH="45" HEIGHT="13" WC="0.96" CONTENT="man"/><SP WIDTH="15" VPOS="781" HPOS="336"/>
							<String ID="string_133" HPOS="351" VPOS="775" WIDTH="45" HEIGHT="19" WC="0.96" CONTENT="med"/><SP WIDTH="15" VPOS="775" HPOS="396"/>
							<String ID="string_134" HPOS="411" VPOS="776" WIDTH="25" HEIGHT="19" WC="0.96" CONTENT="40"/><SP WIDTH="15" VPOS="776" HPOS="436"/>
							<String ID="string_135" HPOS="451" VPOS="776" WIDTH="37" HEIGHT="19" WC="0.90" CONTENT="och"/><SP WIDTH="15" VPOS="776" HPOS="488"/>
							<String ID="string_136" HPOS="503" VPOS="776" WIDTH="71" HEIGHT="24" WC="0.90" CONTENT="gvinna"/><SP WIDTH="14" VPOS="776" HPOS="574"/>
							<String ID="string_137" HPOS="588" VPOS="776" WIDTH="46" HEIGHT="19" WC="0.96" CONTENT="med"/><SP WIDTH="10" VPOS="776" HPOS="634"/>
							<String ID="string_138" HPOS="644" VPOS="777" WIDTH="24" HEIGHT="18" WC="0.96" CONTENT="20"/><SP WIDTH="12" VPOS="777" HPOS="668"/>
							<String ID="string_139" HPOS="680" VPOS="776" WIDTH="57" HEIGHT="24" WC="0.96" CONTENT="penni"/><SP WIDTH="11" VPOS="776" HPOS="737"/>
							<String ID="string_140" HPOS="748" VPOS="776" WIDTH="28" HEIGHT="19" WC="0.93" CONTENT="för"/><SP WIDTH="9" VPOS="776" HPOS="776"/>
							<String ID="string_141" HPOS="785" VPOS="775" WIDTH="50" HEIGHT="21" WC="0.90" CONTENT="äret."/>
						</TextLine>
						<TextLine ID="line_17" HPOS="92" VPOS="802" WIDTH="743" HEIGHT="26">
							<String ID="string_142" HPOS="92" VPOS="802" WIDTH="60" HEIGHT="20" WC="0.96" CONTENT="Utom"/><SP WIDTH="14" VPOS="802" HPOS="152"/>
							<String ID="string_143" HPOS="166" VPOS="802" WIDTH="34" HEIGHT="19" WC="0.95" CONTENT="det"/><SP WIDTH="13" VPOS="802" HPOS="200"/>
							<String ID="string_144" HPOS="213" VPOS="806" WIDTH="28" HEIGHT="16" WC="0.96" CONTENT="att"/><SP WIDTH="15" VPOS="806" HPOS="241"/>
							<String ID="string_145" HPOS="256" VPOS="808" WIDTH="23" HEIGHT="14" WC="0.93" CONTENT="en"/><SP WIDTH="15" VPOS="808" HPOS="279"/>
							<String ID="string_146" HPOS="294" VPOS="802" WIDTH="54" HEIGHT="26" WC="0.93" CONTENT="dylik"/><SP WIDTH="14" VPOS="802" HPOS="348"/>
							<String ID="string_147" HPOS="362" VPOS="802" WIDTH="54" HEIGHT="25" WC="0.90" CONTENT="afgift"/><SP WIDTH="13" VPOS="802" HPOS="416"/>
							<String ID="string_148" HPOS="429" VPOS="808" WIDTH="24" HEIGHT="13" WC="0.93" CONTENT="ur"/><SP WIDTH="13" VPOS="808" HPOS="453"/>
							<String ID="string_149" HPOS="466" VPOS="802" WIDTH="107" HEIGHT="26" WC="0.96" CONTENT="principiell"/><SP WIDTH="16" VPOS="802" HPOS="573"/>
							<String ID="string_150" HPOS="589" VPOS="802" WIDTH="100" HEIGHT="25" WC="0.96" CONTENT="synpunkt"/><SP WIDTH="17" VPOS="802" HPOS="689"/>
							<String ID="string_151" HPOS="706" VPOS="808" WIDTH="49" HEIGHT="14" WC="0.96" CONTENT="vore"/><SP WIDTH="17" VPOS="808" HPOS="755"/>
							<String ID="string_152" HPOS="772" VPOS="802" WIDTH="63" HEIGHT="26" WC="0.95" CONTENT="riktig,"/>
						</TextLine>
						<TextLine ID="line_18" HPOS="91" VPOS="828" WIDTH="746" HEIGHT="25">
							<String ID="string_153" HPOS="91" VPOS="834" WIDTH="59" HEIGHT="14" WC="0.96" CONTENT="anser"/><SP WIDTH="15" VPOS="834" HPOS="150"/>
							<String ID="string_154" HPOS="165" VPOS="828" WIDTH="33" HEIGHT="25" WC="0.96" CONTENT="jag"/><SP WIDTH="18" VPOS="828" HPOS="198"/>
							<String ID="string_155" HPOS="216" VPOS="830" WIDTH="38" HEIGHT="18" WC="0.93" CONTENT="den"/><SP WIDTH="18" VPOS="830" HPOS="254"/>
							<String ID="string_156" HPOS="272" VPOS="828" WIDTH="48" HEIGHT="20" WC="0.85" CONTENT="bora"/><SP WIDTH="16" VPOS="828" HPOS="320"/>
							<String ID="string_157" HPOS="336" VPOS="828" WIDTH="89" HEIGHT="20" WC="0.96" CONTENT="förordas"/><SP WIDTH="17" VPOS="828" HPOS="425"/>
							<String ID="string_158" HPOS="442" VPOS="830" WIDTH="58" HEIGHT="18" WC="0.93" CONTENT="äfven"/><SP WIDTH="15" VPOS="830" HPOS="500"/>
							<String ID="string_159" HPOS="515" VPOS="829" WIDTH="78" HEIGHT="19" WC="0.91" CONTENT="derföre"/><SP WIDTH="19" VPOS="829" HPOS="593"/>
							<String ID="string_160" HPOS="612" VPOS="832" WIDTH="28" HEIGHT="16" WC="0.96" CONTENT="att"/><SP WIDTH="13" VPOS="832" HPOS="640"/>
							<String ID="string_161" HPOS="653" VPOS="828" WIDTH="121" HEIGHT="24" WC="0.96" CONTENT="densamma,"/><SP WIDTH="16" VPOS="828" HPOS="774"/>
							<String ID="string_162" HPOS="790" VPOS="832" WIDTH="47" HEIGHT="16" WC="0.96" CONTENT="utan"/>
						</TextLine>
						<TextLine ID="line_19" HPOS="91" VPOS="854" WIDTH="747" HEIGHT="27">
							<String ID="string_163" HPOS="91" VPOS="857" WIDTH="28" HEIGHT="17" WC="0.65" CONTENT="att"/><SP WIDTH="13" VPOS="857" HPOS="119"/>
							<String ID="string_164" HPOS="132" VPOS="855" WIDTH="65" HEIGHT="21" WC="0.96" CONTENT="kunna"/><SP WIDTH="15" VPOS="855" HPOS="197"/>
							<String ID="string_165" HPOS="212" VPOS="860" WIDTH="59" HEIGHT="14" WC="0.96" CONTENT="anses"/><SP WIDTH="15" VPOS="860" HPOS="271"/>
							<String ID="string_166" HPOS="286" VPOS="855" WIDTH="4" HEIGHT="19" WC="0.96" CONTENT="i"/><SP WIDTH="15" VPOS="855" HPOS="290"/>
							<String ID="string_167" HPOS="305" VPOS="854" WIDTH="63" HEIGHT="26" WC="0.95" CONTENT="någon"/><SP WIDTH="15" VPOS="854" HPOS="368"/>
							<String ID="string_168" HPOS="383" VPOS="860" WIDTH="45" HEIGHT="14" WC="0.96" CONTENT="mon"/><SP WIDTH="10" VPOS="860" HPOS="428"/>
							<String ID="string_169" HPOS="438" VPOS="854" WIDTH="131" HEIGHT="27" WC="0.96" CONTENT="betungande,"/><SP WIDTH="15" VPOS="854" HPOS="569"/>
							<String ID="string_170" HPOS="584" VPOS="857" WIDTH="47" HEIGHT="17" WC="0.96" CONTENT="enär"/><SP WIDTH="9" VPOS="857" HPOS="631"/>
							<String ID="string_171" HPOS="640" VPOS="856" WIDTH="38" HEIGHT="18" WC="0.96" CONTENT="den"/><SP WIDTH="10" VPOS="856" HPOS="678"/>
							<String ID="string_172" HPOS="688" VPOS="855" WIDTH="43" HEIGHT="19" WC="0.96" CONTENT="icke"/><SP WIDTH="9" VPOS="855" HPOS="731"/>
							<String ID="string_173" HPOS="740" VPOS="856" WIDTH="29" HEIGHT="18" WC="0.93" CONTENT="för"/><SP WIDTH="10" VPOS="856" HPOS="769"/>
							<String ID="string_174" HPOS="779" VPOS="856" WIDTH="59" HEIGHT="19" WC="0.92" CONTENT="hvar-"/>
						</TextLine>
						<TextLine ID="line_20" HPOS="90" VPOS="880" WIDTH="745" HEIGHT="27">
							<String ID="string_175" HPOS="90" VPOS="880" WIDTH="20" HEIGHT="26" WC="0.95" CONTENT="je"/><SP WIDTH="14" VPOS="880" HPOS="110"/>
							<String ID="string_176" HPOS="124" VPOS="881" WIDTH="76" HEIGHT="20" WC="0.95" CONTENT="enskild"/><SP WIDTH="15" VPOS="881" HPOS="200"/>
							<String ID="string_177" HPOS="215" VPOS="882" WIDTH="63" HEIGHT="19" WC="0.93" CONTENT="skulle"/><SP WIDTH="18" VPOS="882" HPOS="278"/>
							<String ID="string_178" HPOS="296" VPOS="882" WIDTH="105" HEIGHT="24" WC="0.91" CONTENT="öfverstiga"/><SP WIDTH="19" VPOS="882" HPOS="401"/>
							<String ID="string_179" HPOS="420" VPOS="882" WIDTH="70" HEIGHT="18" WC="0.91" CONTENT="värdet"/><SP WIDTH="15" VPOS="882" HPOS="490"/>
							<String ID="string_180" HPOS="505" VPOS="883" WIDTH="21" HEIGHT="19" WC="0.93" CONTENT="af"/><SP WIDTH="15" VPOS="883" HPOS="526"/>
							<String ID="string_181" HPOS="541" VPOS="880" WIDTH="60" HEIGHT="26" WC="0.96" CONTENT="några"/><SP WIDTH="17" VPOS="880" HPOS="601"/>
							<String ID="string_182" HPOS="618" VPOS="881" WIDTH="18" HEIGHT="19" WC="0.93" CONTENT="få"/><SP WIDTH="19" VPOS="881" HPOS="636"/>
							<String ID="string_183" HPOS="655" VPOS="882" WIDTH="89" HEIGHT="19" WC="0.73" CONTENT="tinimars"/><SP WIDTH="17" VPOS="882" HPOS="744"/>
							<String ID="string_184" HPOS="761" VPOS="882" WIDTH="74" HEIGHT="25" WC="0.96" CONTENT="arbete,"/>
						</TextLine>
						<TextLine ID="line_21" HPOS="91" VPOS="908" WIDTH="746" HEIGHT="25">
							<String ID="string_185" HPOS="91" VPOS="908" WIDTH="81" HEIGHT="20" WC="0.96" CONTENT="komme"/><SP WIDTH="14" VPOS="908" HPOS="172"/>
							<String ID="string_186" HPOS="186" VPOS="911" WIDTH="28" HEIGHT="17" WC="0.96" CONTENT="att"/><SP WIDTH="14" VPOS="911" HPOS="214"/>
							<String ID="string_187" HPOS="228" VPOS="908" WIDTH="73" HEIGHT="20" WC="0.93" CONTENT="bereda"/><SP WIDTH="14" VPOS="908" HPOS="301"/>
							<String ID="string_188" HPOS="315" VPOS="908" WIDTH="130" HEIGHT="20" WC="0.91" CONTENT="Statskassan"/><SP WIDTH="14" VPOS="908" HPOS="445"/>
							<String ID="string_189" HPOS="459" VPOS="914" WIDTH="26" HEIGHT="13" WC="0.96" CONTENT="en"/><SP WIDTH="13" VPOS="914" HPOS="485"/>
							<String ID="string_190" HPOS="498" VPOS="908" WIDTH="48" HEIGHT="25" WC="0.96" CONTENT="årlig"/><SP WIDTH="14" VPOS="908" HPOS="546"/>
							<String ID="string_191" HPOS="560" VPOS="908" WIDTH="92" HEIGHT="24" WC="0.93" CONTENT="inkomst,"/><SP WIDTH="15" VPOS="908" HPOS="652"/>
							<String ID="string_192" HPOS="667" VPOS="908" WIDTH="128" HEIGHT="20" WC="0.91" CONTENT="tvifvelsutan"/><SP WIDTH="13" VPOS="908" HPOS="795"/>
							<String ID="string_193" HPOS="808" VPOS="909" WIDTH="29" HEIGHT="19" WC="0.91" CONTENT="öf-"/>
						</TextLine>
						<TextLine ID="line_22" HPOS="92" VPOS="934" WIDTH="304" HEIGHT="26">
							<String ID="string_194" HPOS="92" VPOS="934" WIDTH="126" HEIGHT="26" WC="0.91" CONTENT="verstigande"/><SP WIDTH="14" VPOS="934" HPOS="218"/>
							<String ID="string_195" HPOS="232" VPOS="935" WIDTH="87" HEIGHT="24" WC="0.76" CONTENT="100,009"/><SP WIDTH="15" VPOS="935" HPOS="319"/>
							<String ID="string_196" HPOS="334" VPOS="935" WIDTH="62" HEIGHT="19" WC="0.96" CONTENT="mark."/>
						</TextLine>
					</TextBlock>
					<TextBlock ID="block_5" HPOS="92" VPOS="960" WIDTH="746" HEIGHT="73">
						<TextLine ID="line_23" HPOS="146" VPOS="960" WIDTH="692" HEIGHT="27">
							<String ID="string_197" HPOS="146" VPOS="961" WIDTH="7" HEIGHT="19" WC="0.94" CONTENT="I"/><SP WIDTH="15" VPOS="961" HPOS="153"/>
							<String ID="string_198" HPOS="168" VPOS="960" WIDTH="45" HEIGHT="25" WC="0.94" CONTENT="följd"/><SP WIDTH="15" VPOS="960" HPOS="213"/>
							<String ID="string_199" HPOS="228" VPOS="961" WIDTH="56" HEIGHT="20" WC="0.96" CONTENT="häraf"/><SP WIDTH="12" VPOS="961" HPOS="284"/>
							<String ID="string_200" HPOS="296" VPOS="961" WIDTH="83" HEIGHT="19" WC="0.96" CONTENT="föreslår"/><SP WIDTH="13" VPOS="961" HPOS="379"/>
							<String ID="string_201" HPOS="392" VPOS="960" WIDTH="31" HEIGHT="27" WC="0.93" CONTENT="jag"/><SP WIDTH="16" VPOS="960" HPOS="423"/>
							<String ID="string_202" HPOS="439" VPOS="961" WIDTH="147" HEIGHT="20" WC="0.90" CONTENT="vördsammast"/><SP WIDTH="13" VPOS="961" HPOS="586"/>
							<String ID="string_203" HPOS="599" VPOS="963" WIDTH="27" HEIGHT="17" WC="0.96" CONTENT="att"/><SP WIDTH="14" VPOS="963" HPOS="626"/>
							<String ID="string_204" HPOS="640" VPOS="961" WIDTH="26" HEIGHT="19" WC="0.93" CONTENT="till"/><SP WIDTH="10" VPOS="961" HPOS="666"/>
							<String ID="string_205" HPOS="676" VPOS="960" WIDTH="10" HEIGHT="25" WC="0.88" CONTENT="$"/><SP WIDTH="11" VPOS="960" HPOS="686"/>
							<String ID="string_206" HPOS="697" VPOS="962" WIDTH="11" HEIGHT="19" WC="0.93" CONTENT="4"/><SP WIDTH="11" VPOS="962" HPOS="708"/>
							<String ID="string_207" HPOS="719" VPOS="961" WIDTH="27" HEIGHT="19" WC="0.93" CONTENT="uti"/><SP WIDTH="11" VPOS="961" HPOS="746"/>
							<String ID="string_208" HPOS="757" VPOS="961" WIDTH="81" HEIGHT="20" WC="0.92" CONTENT="Utskot-"/>
						</TextLine>
						<TextLine ID="line_24" HPOS="92" VPOS="986" WIDTH="746" HEIGHT="27">
							<String ID="string_209" HPOS="92" VPOS="989" WIDTH="40" HEIGHT="18" WC="0.92" CONTENT="tets"/><SP WIDTH="14" VPOS="989" HPOS="132"/>
							<String ID="string_210" HPOS="146" VPOS="987" WIDTH="122" HEIGHT="20" WC="0.96" CONTENT="betänkande"/><SP WIDTH="15" VPOS="987" HPOS="268"/>
							<String ID="string_211" HPOS="283" VPOS="987" WIDTH="61" HEIGHT="20" WC="0.95" CONTENT="måtte"/><SP WIDTH="15" VPOS="987" HPOS="344"/>
							<String ID="string_212" HPOS="359" VPOS="988" WIDTH="86" HEIGHT="25" WC="0.95" CONTENT="tilläggas"/><SP WIDTH="15" VPOS="988" HPOS="445"/>
							<String ID="string_213" HPOS="460" VPOS="990" WIDTH="28" HEIGHT="16" WC="0.96" CONTENT="ett"/><SP WIDTH="16" VPOS="990" HPOS="488"/>
							<String ID="string_214" HPOS="504" VPOS="986" WIDTH="94" HEIGHT="21" WC="0.96" CONTENT="särskildt"/><SP WIDTH="16" VPOS="986" HPOS="598"/>
							<String ID="string_215" HPOS="614" VPOS="990" WIDTH="90" HEIGHT="17" WC="0.96" CONTENT="moment"/><SP WIDTH="16" VPOS="990" HPOS="704"/>
							<String ID="string_216" HPOS="720" VPOS="988" WIDTH="19" HEIGHT="19" WC="0.96" CONTENT="af"/><SP WIDTH="16" VPOS="988" HPOS="739"/>
							<String ID="string_217" HPOS="755" VPOS="987" WIDTH="83" HEIGHT="26" WC="0.96" CONTENT="följande"/>
						</TextLine>
						<TextLine ID="line_25" HPOS="93" VPOS="1014" WIDTH="85" HEIGHT="19">
							<String ID="string_218" HPOS="93" VPOS="1014" WIDTH="85" HEIGHT="19" WC="0.96" CONTENT="lydelse:"/>
						</TextLine>
					</TextBlock>
					<TextBlock ID="block_6" HPOS="101" VPOS="1020" WIDTH="737" HEIGHT="102">
						<TextLine ID="line_26" HPOS="101" VPOS="1020" WIDTH="737" HEIGHT="46">
							<String ID="string_219" HPOS="101" VPOS="1020" WIDTH="11" HEIGHT="20" WC="0.63" CONTENT="y"/><SP WIDTH="83" VPOS="1020" HPOS="112"/>
							<String ID="string_220" HPOS="195" VPOS="1040" WIDTH="71" HEIGHT="25" WC="0.90" CONTENT="Hvarje"/><SP WIDTH="12" VPOS="1040" HPOS="266"/>
							<String ID="string_221" HPOS="278" VPOS="1046" WIDTH="72" HEIGHT="20" WC="0.96" CONTENT="person"/><SP WIDTH="14" VPOS="1046" HPOS="350"/>
							<String ID="string_222" HPOS="364" VPOS="1041" WIDTH="54" HEIGHT="25" WC="0.96" CONTENT="öfver"/><SP WIDTH="8" VPOS="1041" HPOS="418"/>
							<String ID="string_223" HPOS="426" VPOS="1041" WIDTH="75" HEIGHT="25" WC="0.96" CONTENT="femton"/><SP WIDTH="16" VPOS="1041" HPOS="501"/>
							<String ID="string_224" HPOS="517" VPOS="1039" WIDTH="33" HEIGHT="20" WC="0.95" CONTENT="års"/><SP WIDTH="14" VPOS="1039" HPOS="550"/>
							<String ID="string_225" HPOS="564" VPOS="1039" WIDTH="60" HEIGHT="24" WC="0.96" CONTENT="ålder,"/><SP WIDTH="11" VPOS="1039" HPOS="624"/>
							<String ID="string_226" HPOS="635" VPOS="1040" WIDTH="56" HEIGHT="19" WC="0.96" CONTENT="hvars"/><SP WIDTH="10" VPOS="1040" HPOS="691"/>
							<String ID="string_227" HPOS="701" VPOS="1047" WIDTH="47" HEIGHT="12" WC="0.96" CONTENT="rena"/><SP WIDTH="10" VPOS="1047" HPOS="748"/>
							<String ID="string_228" HPOS="758" VPOS="1041" WIDTH="80" HEIGHT="19" WC="0.96" CONTENT="inkomst"/>
						</TextLine>
						<TextLine ID="line_27" HPOS="194" VPOS="1059" WIDTH="644" HEIGHT="38">
							<String ID="string_229" HPOS="194" VPOS="1069" WIDTH="39" HEIGHT="19" WC="0.95" CONTENT="icke"/><SP WIDTH="15" VPOS="1069" HPOS="233"/>
							<String ID="string_230" HPOS="248" VPOS="1059" WIDTH="111" HEIGHT="38" WC="0.82" CONTENT="öfverstiger"/><SP WIDTH="13" VPOS="1059" HPOS="359"/>
							<String ID="string_231" HPOS="372" VPOS="1069" WIDTH="46" HEIGHT="18" WC="0.96" CONTENT="500"/><SP WIDTH="10" VPOS="1069" HPOS="418"/>
							<String ID="string_232" HPOS="428" VPOS="1069" WIDTH="54" HEIGHT="19" WC="0.96" CONTENT="mark"/><SP WIDTH="10" VPOS="1069" HPOS="482"/>
							<String ID="string_233" HPOS="492" VPOS="1069" WIDTH="78" HEIGHT="24" WC="0.95" CONTENT="årligen,"/><SP WIDTH="12" VPOS="1069" HPOS="570"/>
							<String ID="string_234" HPOS="582" VPOS="1069" WIDTH="87" HEIGHT="25" WC="0.93" CONTENT="erlägger"/><SP WIDTH="10" VPOS="1069" HPOS="669"/>
							<String ID="string_235" HPOS="679" VPOS="1069" WIDTH="105" HEIGHT="25" WC="0.91" CONTENT="bevillning,"/><SP WIDTH="10" VPOS="1069" HPOS="784"/>
							<String ID="string_236" HPOS="794" VPOS="1075" WIDTH="44" HEIGHT="12" WC="0.96" CONTENT="man"/>
						</TextLine>
						<TextLine ID="line_28" HPOS="195" VPOS="1096" WIDTH="490" HEIGHT="26">
							<String ID="string_237" HPOS="195" VPOS="1097" WIDTH="41" HEIGHT="19" WC="0.96" CONTENT="med"/><SP WIDTH="14" VPOS="1097" HPOS="236"/>
							<String ID="string_238" HPOS="250" VPOS="1097" WIDTH="30" HEIGHT="19" WC="0.96" CONTENT="40"/><SP WIDTH="14" VPOS="1097" HPOS="280"/>
							<String ID="string_239" HPOS="294" VPOS="1097" WIDTH="34" HEIGHT="19" WC="0.93" CONTENT="och"/><SP WIDTH="14" VPOS="1097" HPOS="328"/>
							<String ID="string_240" HPOS="342" VPOS="1098" WIDTH="68" HEIGHT="24" WC="0.92" CONTENT="qvinna"/><SP WIDTH="14" VPOS="1098" HPOS="410"/>
							<String ID="string_241" HPOS="424" VPOS="1097" WIDTH="41" HEIGHT="18" WC="0.96" CONTENT="med"/><SP WIDTH="15" VPOS="1097" HPOS="465"/>
							<String ID="string_242" HPOS="480" VPOS="1097" WIDTH="29" HEIGHT="19" WC="0.92" CONTENT="20"/><SP WIDTH="13" VPOS="1097" HPOS="509"/>
							<String ID="string_243" HPOS="522" VPOS="1098" WIDTH="57" HEIGHT="24" WC="0.90" CONTENT="penni"/><SP WIDTH="9" VPOS="1098" HPOS="579"/>
							<String ID="string_244" HPOS="588" VPOS="1097" WIDTH="37" HEIGHT="24" WC="0.96" CONTENT="för"/><SP WIDTH="14" VPOS="1097" HPOS="625"/>
							<String ID="string_245" HPOS="639" VPOS="1096" WIDTH="46" HEIGHT="20" WC="0.96" CONTENT="året."/>
						</TextLine>
					</TextBlock>
				</ComposedBlock>
				<ComposedBlock ID="cblock_5" HPOS="93" VPOS="1130" WIDTH="745" HEIGHT="315">
					<TextBlock ID="block_7" HPOS="93" VPOS="1130" WIDTH="745" HEIGHT="126">
						<TextLine ID="line_29" HPOS="146" VPOS="1130" WIDTH="691" HEIGHT="25">
							<String ID="string_246" HPOS="146" VPOS="1131" WIDTH="8" HEIGHT="19" WC="0.95" CONTENT="I"/><SP WIDTH="15" VPOS="1131" HPOS="154"/>
							<String ID="string_247" HPOS="169" VPOS="1132" WIDTH="92" HEIGHT="19" WC="0.96" CONTENT="händelse"/><SP WIDTH="17" VPOS="1132" HPOS="261"/>
							<String ID="string_248" HPOS="278" VPOS="1131" WIDTH="53" HEIGHT="19" WC="0.96" CONTENT="detta"/><SP WIDTH="20" VPOS="1131" HPOS="331"/>
							<String ID="string_249" HPOS="351" VPOS="1131" WIDTH="70" HEIGHT="24" WC="0.96" CONTENT="förslag"/><SP WIDTH="18" VPOS="1131" HPOS="421"/>
							<String ID="string_250" HPOS="439" VPOS="1131" WIDTH="67" HEIGHT="19" WC="0.96" CONTENT="vinner"/><SP WIDTH="18" VPOS="1131" HPOS="506"/>
							<String ID="string_251" HPOS="524" VPOS="1130" WIDTH="62" HEIGHT="25" WC="0.96" CONTENT="bifall,"/><SP WIDTH="19" VPOS="1130" HPOS="586"/>
							<String ID="string_252" HPOS="605" VPOS="1130" WIDTH="46" HEIGHT="19" WC="0.96" CONTENT="böra"/><SP WIDTH="17" VPOS="1130" HPOS="651"/>
							<String ID="string_253" HPOS="668" VPOS="1130" WIDTH="27" HEIGHT="19" WC="0.93" CONTENT="uti"/><SP WIDTH="18" VPOS="1130" HPOS="695"/>
							<String ID="string_254" HPOS="713" VPOS="1130" WIDTH="124" HEIGHT="25" WC="0.90" CONTENT="Bevillnings-"/>
						</TextLine>
						<TextLine ID="line_30" HPOS="94" VPOS="1156" WIDTH="744" HEIGHT="26">
							<String ID="string_255" HPOS="94" VPOS="1157" WIDTH="81" HEIGHT="25" WC="0.95" CONTENT="stadgan"/><SP WIDTH="15" VPOS="1157" HPOS="175"/>
							<String ID="string_256" HPOS="190" VPOS="1158" WIDTH="71" HEIGHT="19" WC="0.96" CONTENT="införas"/><SP WIDTH="15" VPOS="1158" HPOS="261"/>
							<String ID="string_257" HPOS="276" VPOS="1157" WIDTH="122" HEIGHT="20" WC="0.96" CONTENT="föreskrifter"/><SP WIDTH="14" VPOS="1157" HPOS="398"/>
							<String ID="string_258" HPOS="412" VPOS="1156" WIDTH="101" HEIGHT="26" WC="0.96" CONTENT="angående"/><SP WIDTH="16" VPOS="1156" HPOS="513"/>
							<String ID="string_259" HPOS="529" VPOS="1156" WIDTH="64" HEIGHT="19" WC="0.93" CONTENT="denna"/><SP WIDTH="14" VPOS="1156" HPOS="593"/>
							<String ID="string_260" HPOS="607" VPOS="1157" WIDTH="63" HEIGHT="24" WC="0.92" CONTENT="afgifts"/><SP WIDTH="12" VPOS="1157" HPOS="670"/>
							<String ID="string_261" HPOS="682" VPOS="1156" WIDTH="108" HEIGHT="26" WC="0.95" CONTENT="debitering"/><SP WIDTH="10" VPOS="1156" HPOS="790"/>
							<String ID="string_262" HPOS="800" VPOS="1157" WIDTH="38" HEIGHT="18" WC="0.96" CONTENT="och"/>
						</TextLine>
						<TextLine ID="line_31" HPOS="93" VPOS="1182" WIDTH="744" HEIGHT="27">
							<String ID="string_263" HPOS="93" VPOS="1183" WIDTH="100" HEIGHT="26" WC="0.87" CONTENT="uppbörd,"/><SP WIDTH="21" VPOS="1183" HPOS="193"/>
							<String ID="string_264" HPOS="214" VPOS="1183" WIDTH="162" HEIGHT="24" WC="0.93" CONTENT="hufvudsakligen"/><SP WIDTH="18" VPOS="1183" HPOS="376"/>
							<String ID="string_265" HPOS="394" VPOS="1183" WIDTH="218" HEIGHT="20" WC="0.90" CONTENT="öfverensstämmande"/><SP WIDTH="21" VPOS="1183" HPOS="612"/>
							<String ID="string_266" HPOS="633" VPOS="1183" WIDTH="45" HEIGHT="19" WC="0.96" CONTENT="med"/><SP WIDTH="22" VPOS="1183" HPOS="678"/>
							<String ID="string_267" HPOS="700" VPOS="1182" WIDTH="52" HEIGHT="19" WC="0.96" CONTENT="hvad"/><SP WIDTH="21" VPOS="1182" HPOS="752"/>
							<String ID="string_268" HPOS="773" VPOS="1183" WIDTH="4" HEIGHT="18" WC="0.96" CONTENT="i"/><SP WIDTH="23" VPOS="1183" HPOS="777"/>
							<String ID="string_269" HPOS="800" VPOS="1183" WIDTH="37" HEIGHT="18" WC="0.96" CONTENT="den"/>
						</TextLine>
						<TextLine ID="line_32" HPOS="93" VPOS="1208" WIDTH="745" HEIGHT="28">
							<String ID="string_270" HPOS="93" VPOS="1209" WIDTH="74" HEIGHT="27" WC="0.91" CONTENT="Nädiga"/><SP WIDTH="17" VPOS="1209" HPOS="167"/>
							<String ID="string_271" HPOS="184" VPOS="1210" WIDTH="146" HEIGHT="25" WC="0.96" CONTENT="propositionen"/><SP WIDTH="17" VPOS="1210" HPOS="330"/>
							<String ID="string_272" HPOS="347" VPOS="1211" WIDTH="21" HEIGHT="18" WC="0.96" CONTENT="är"/><SP WIDTH="18" VPOS="1211" HPOS="368"/>
							<String ID="string_273" HPOS="386" VPOS="1210" WIDTH="29" HEIGHT="19" WC="0.96" CONTENT="för"/><SP WIDTH="17" VPOS="1210" HPOS="415"/>
							<String ID="string_274" HPOS="432" VPOS="1209" WIDTH="37" HEIGHT="20" WC="0.96" CONTENT="den"/><SP WIDTH="18" VPOS="1209" HPOS="469"/>
							<String ID="string_275" HPOS="487" VPOS="1209" WIDTH="108" HEIGHT="26" WC="0.93" CONTENT="personliga"/><SP WIDTH="20" VPOS="1209" HPOS="595"/>
							<String ID="string_276" HPOS="615" VPOS="1208" WIDTH="158" HEIGHT="26" WC="0.85" CONTENT="skyddsafgiften"/><SP WIDTH="15" VPOS="1208" HPOS="773"/>
							<String ID="string_277" HPOS="788" VPOS="1209" WIDTH="50" HEIGHT="18" WC="0.93" CONTENT="före-"/>
						</TextLine>
						<TextLine ID="line_33" HPOS="94" VPOS="1237" WIDTH="69" HEIGHT="19">
							<String ID="string_278" HPOS="94" VPOS="1237" WIDTH="69" HEIGHT="19" WC="0.96" CONTENT="slaget."/>
						</TextLine>
					</TextBlock>
					<TextBlock ID="block_8" HPOS="94" VPOS="1251" WIDTH="744" HEIGHT="83">
						<TextLine ID="line_34" HPOS="124" VPOS="1251" WIDTH="714" HEIGHT="37">
							<String ID="string_279" HPOS="124" VPOS="1251" WIDTH="12" HEIGHT="11" WC="0.75" CONTENT="N"/><SP WIDTH="12" VPOS="1251" HPOS="136"/>
							<String ID="string_280" HPOS="148" VPOS="1263" WIDTH="38" HEIGHT="20" WC="0.93" CONTENT="Det"/><SP WIDTH="14" VPOS="1263" HPOS="186"/>
							<String ID="string_281" HPOS="200" VPOS="1263" WIDTH="113" HEIGHT="25" WC="0.95" CONTENT="stadgande,"/><SP WIDTH="16" VPOS="1263" HPOS="313"/>
							<String ID="string_282" HPOS="329" VPOS="1267" WIDTH="44" HEIGHT="14" WC="0.93" CONTENT="som"/><SP WIDTH="13" VPOS="1267" HPOS="373"/>
							<String ID="string_283" HPOS="386" VPOS="1262" WIDTH="104" HEIGHT="19" WC="0.96" CONTENT="innefattas"/><SP WIDTH="15" VPOS="1262" HPOS="490"/>
							<String ID="string_284" HPOS="505" VPOS="1262" WIDTH="26" HEIGHT="19" WC="0.96" CONTENT="uti"/><SP WIDTH="21" VPOS="1262" HPOS="531"/>
							<String ID="string_285" HPOS="552" VPOS="1262" WIDTH="5" HEIGHT="25" WC="0.92" CONTENT="$"/><SP WIDTH="21" VPOS="1262" HPOS="557"/>
							<String ID="string_286" HPOS="578" VPOS="1262" WIDTH="6" HEIGHT="19" WC="0.96" CONTENT="5"/><SP WIDTH="15" VPOS="1262" HPOS="584"/>
							<String ID="string_287" HPOS="599" VPOS="1267" WIDTH="60" HEIGHT="14" WC="0.94" CONTENT="mom."/><SP WIDTH="11" VPOS="1267" HPOS="659"/>
							<String ID="string_288" HPOS="670" VPOS="1263" WIDTH="23" HEIGHT="23" WC="0.93" CONTENT="g)"/><SP WIDTH="10" VPOS="1263" HPOS="693"/>
							<String ID="string_289" HPOS="703" VPOS="1261" WIDTH="135" HEIGHT="19" WC="0.96" CONTENT="förekommer"/>
						</TextLine>
						<TextLine ID="line_35" HPOS="94" VPOS="1287" WIDTH="744" HEIGHT="27">
							<String ID="string_290" HPOS="94" VPOS="1289" WIDTH="61" HEIGHT="20" WC="0.96" CONTENT="redan"/><SP WIDTH="13" VPOS="1289" HPOS="155"/>
							<String ID="string_291" HPOS="168" VPOS="1289" WIDTH="28" HEIGHT="19" WC="0.96" CONTENT="uti"/><SP WIDTH="14" VPOS="1289" HPOS="196"/>
							<String ID="string_292" HPOS="210" VPOS="1289" WIDTH="20" HEIGHT="25" WC="0.96" CONTENT="$$"/><SP WIDTH="15" VPOS="1289" HPOS="230"/>
							<String ID="string_293" HPOS="245" VPOS="1290" WIDTH="11" HEIGHT="19" WC="0.96" CONTENT="3"/><SP WIDTH="16" VPOS="1290" HPOS="256"/>
							<String ID="string_294" HPOS="272" VPOS="1290" WIDTH="37" HEIGHT="19" WC="0.96" CONTENT="och"/><SP WIDTH="14" VPOS="1290" HPOS="309"/>
							<String ID="string_295" HPOS="323" VPOS="1289" WIDTH="19" HEIGHT="23" WC="0.93" CONTENT="4,"/><SP WIDTH="18" VPOS="1289" HPOS="342"/>
							<String ID="string_296" HPOS="360" VPOS="1289" WIDTH="90" HEIGHT="19" WC="0.91" CONTENT="hvarföre"/><SP WIDTH="13" VPOS="1289" HPOS="450"/>
							<String ID="string_297" HPOS="463" VPOS="1288" WIDTH="33" HEIGHT="25" WC="0.96" CONTENT="jag"/><SP WIDTH="15" VPOS="1288" HPOS="496"/>
							<String ID="string_298" HPOS="511" VPOS="1293" WIDTH="58" HEIGHT="14" WC="0.93" CONTENT="anser"/><SP WIDTH="15" VPOS="1293" HPOS="569"/>
							<String ID="string_299" HPOS="584" VPOS="1287" WIDTH="109" HEIGHT="20" WC="0.92" CONTENT="detsamma"/><SP WIDTH="11" VPOS="1287" HPOS="693"/>
							<String ID="string_300" HPOS="704" VPOS="1287" WIDTH="10" HEIGHT="20" WC="0.92" CONTENT="å"/><SP WIDTH="11" VPOS="1287" HPOS="714"/>
							<String ID="string_301" HPOS="725" VPOS="1287" WIDTH="113" HEIGHT="24" WC="0.96" CONTENT="någondera"/>
						</TextLine>
						<TextLine ID="line_36" HPOS="94" VPOS="1315" WIDTH="261" HEIGHT="19">
							<String ID="string_302" HPOS="94" VPOS="1316" WIDTH="66" HEIGHT="18" WC="0.96" CONTENT="stället"/><SP WIDTH="14" VPOS="1316" HPOS="160"/>
							<String ID="string_303" HPOS="174" VPOS="1315" WIDTH="63" HEIGHT="18" WC="0.96" CONTENT="kunna"/><SP WIDTH="15" VPOS="1315" HPOS="237"/>
							<String ID="string_304" HPOS="252" VPOS="1315" WIDTH="103" HEIGHT="19" WC="0.96" CONTENT="uteslutas."/>
						</TextLine>
					</TextBlock>
					<TextBlock ID="block_9" HPOS="95" VPOS="1338" WIDTH="743" HEIGHT="107">
						<TextLine ID="line_37" HPOS="149" VPOS="1338" WIDTH="688" HEIGHT="28">
							<String ID="string_305" HPOS="149" VPOS="1341" WIDTH="31" HEIGHT="20" WC="0.94" CONTENT="Uti"/><SP WIDTH="15" VPOS="1341" HPOS="180"/>
							<String ID="string_306" HPOS="195" VPOS="1342" WIDTH="11" HEIGHT="18" WC="0.95" CONTENT="2"/><SP WIDTH="16" VPOS="1342" HPOS="206"/>
							<String ID="string_307" HPOS="222" VPOS="1341" WIDTH="83" HEIGHT="25" WC="0.95" CONTENT="Kapitlet"/><SP WIDTH="14" VPOS="1341" HPOS="305"/>
							<String ID="string_308" HPOS="319" VPOS="1346" WIDTH="57" HEIGHT="13" WC="0.95" CONTENT="anser"/><SP WIDTH="16" VPOS="1346" HPOS="376"/>
							<String ID="string_309" HPOS="392" VPOS="1339" WIDTH="33" HEIGHT="25" WC="0.96" CONTENT="jag"/><SP WIDTH="15" VPOS="1339" HPOS="425"/>
							<String ID="string_310" HPOS="440" VPOS="1340" WIDTH="32" HEIGHT="19" WC="0.85" CONTENT="det"/><SP WIDTH="18" VPOS="1340" HPOS="472"/>
							<String ID="string_311" HPOS="490" VPOS="1345" WIDTH="46" HEIGHT="14" WC="0.93" CONTENT="vara"/><SP WIDTH="18" VPOS="1345" HPOS="536"/>
							<String ID="string_312" HPOS="554" VPOS="1339" WIDTH="66" HEIGHT="24" WC="0.91" CONTENT="nödigt"/><SP WIDTH="18" VPOS="1339" HPOS="620"/>
							<String ID="string_313" HPOS="638" VPOS="1342" WIDTH="28" HEIGHT="16" WC="0.96" CONTENT="att"/><SP WIDTH="16" VPOS="1342" HPOS="666"/>
							<String ID="string_314" HPOS="682" VPOS="1339" WIDTH="25" HEIGHT="19" WC="0.96" CONTENT="till"/><SP WIDTH="18" VPOS="1339" HPOS="707"/>
							<String ID="string_315" HPOS="725" VPOS="1339" WIDTH="77" HEIGHT="25" WC="0.96" CONTENT="ledning"/><SP WIDTH="18" VPOS="1339" HPOS="802"/>
							<String ID="string_316" HPOS="820" VPOS="1338" WIDTH="17" HEIGHT="25" WC="0.96" CONTENT="ej"/>
						</TextLine>
						<TextLine ID="line_38" HPOS="96" VPOS="1364" WIDTH="742" HEIGHT="28">
							<String ID="string_317" HPOS="96" VPOS="1367" WIDTH="77" HEIGHT="20" WC="0.95" CONTENT="mindre"/><SP WIDTH="15" VPOS="1367" HPOS="173"/>
							<String ID="string_318" HPOS="188" VPOS="1367" WIDTH="28" HEIGHT="19" WC="0.96" CONTENT="för"/><SP WIDTH="14" VPOS="1367" HPOS="216"/>
							<String ID="string_319" HPOS="230" VPOS="1366" WIDTH="25" HEIGHT="20" WC="0.93" CONTENT="de"/><SP WIDTH="15" VPOS="1366" HPOS="255"/>
							<String ID="string_320" HPOS="270" VPOS="1366" WIDTH="142" HEIGHT="26" WC="0.95" CONTENT="skattskyldige"/><SP WIDTH="15" VPOS="1366" HPOS="412"/>
							<String ID="string_321" HPOS="427" VPOS="1366" WIDTH="32" HEIGHT="20" WC="0.96" CONTENT="vid"/><SP WIDTH="14" VPOS="1366" HPOS="459"/>
							<String ID="string_322" HPOS="473" VPOS="1366" WIDTH="38" HEIGHT="19" WC="0.96" CONTENT="den"/><SP WIDTH="14" VPOS="1366" HPOS="511"/>
							<String ID="string_323" HPOS="525" VPOS="1366" WIDTH="44" HEIGHT="19" WC="0.93" CONTENT="dem"/><SP WIDTH="16" VPOS="1366" HPOS="569"/>
							<String ID="string_324" HPOS="585" VPOS="1364" WIDTH="99" HEIGHT="26" WC="0.92" CONTENT="åliggande"/><SP WIDTH="14" VPOS="1364" HPOS="684"/>
							<String ID="string_325" HPOS="698" VPOS="1365" WIDTH="75" HEIGHT="25" WC="0.96" CONTENT="uppgift"/><SP WIDTH="13" VPOS="1365" HPOS="773"/>
							<String ID="string_326" HPOS="786" VPOS="1365" WIDTH="20" HEIGHT="19" WC="0.96" CONTENT="af"/><SP WIDTH="8" VPOS="1365" HPOS="806"/>
							<String ID="string_327" HPOS="814" VPOS="1370" WIDTH="24" HEIGHT="14" WC="0.96" CONTENT="en"/>
						</TextLine>
						<TextLine ID="line_39" HPOS="96" VPOS="1391" WIDTH="742" HEIGHT="26">
							<String ID="string_328" HPOS="96" VPOS="1394" WIDTH="62" HEIGHT="20" WC="0.95" CONTENT="hvars"/><SP WIDTH="14" VPOS="1394" HPOS="158"/>
							<String ID="string_329" HPOS="172" VPOS="1399" WIDTH="46" HEIGHT="14" WC="0.96" CONTENT="rena"/><SP WIDTH="15" VPOS="1399" HPOS="218"/>
							<String ID="string_330" HPOS="233" VPOS="1394" WIDTH="93" HEIGHT="23" WC="0.96" CONTENT="inkomst,"/><SP WIDTH="16" VPOS="1394" HPOS="326"/>
							<String ID="string_331" HPOS="342" VPOS="1395" WIDTH="24" HEIGHT="17" WC="0.96" CONTENT="än"/><SP WIDTH="14" VPOS="1395" HPOS="366"/>
							<String ID="string_332" HPOS="380" VPOS="1393" WIDTH="29" HEIGHT="19" WC="0.93" CONTENT="för"/><SP WIDTH="14" VPOS="1393" HPOS="409"/>
							<String ID="string_333" HPOS="423" VPOS="1393" WIDTH="127" HEIGHT="24" WC="0.92" CONTENT="Bevillnings-"/><SP WIDTH="14" VPOS="1393" HPOS="550"/>
							<String ID="string_334" HPOS="564" VPOS="1392" WIDTH="37" HEIGHT="19" WC="0.92" CONTENT="och"/><SP WIDTH="17" VPOS="1392" HPOS="601"/>
							<String ID="string_335" HPOS="618" VPOS="1391" WIDTH="220" HEIGHT="26" WC="0.91" CONTENT="Pröfnings-Komitéer-"/>
						</TextLine>
						<TextLine ID="line_40" HPOS="95" VPOS="1417" WIDTH="742" HEIGHT="28">
							<String ID="string_336" HPOS="95" VPOS="1426" WIDTH="25" HEIGHT="14" WC="0.96" CONTENT="ne"/><SP WIDTH="14" VPOS="1426" HPOS="120"/>
							<String ID="string_337" HPOS="134" VPOS="1420" WIDTH="4" HEIGHT="20" WC="0.96" CONTENT="i"/><SP WIDTH="16" VPOS="1420" HPOS="138"/>
							<String ID="string_338" HPOS="154" VPOS="1421" WIDTH="37" HEIGHT="19" WC="0.96" CONTENT="och"/><SP WIDTH="15" VPOS="1421" HPOS="191"/>
							<String ID="string_339" HPOS="206" VPOS="1420" WIDTH="28" HEIGHT="20" WC="0.96" CONTENT="för"/><SP WIDTH="14" VPOS="1420" HPOS="234"/>
							<String ID="string_340" HPOS="248" VPOS="1420" WIDTH="34" HEIGHT="20" WC="0.93" CONTENT="det"/><SP WIDTH="13" VPOS="1420" HPOS="282"/>
							<String ID="string_341" HPOS="295" VPOS="1419" WIDTH="143" HEIGHT="21" WC="0.92" CONTENT="bedömmande"/><SP WIDTH="14" VPOS="1419" HPOS="438"/>
							<String ID="string_342" HPOS="452" VPOS="1420" WIDTH="20" HEIGHT="19" WC="0.92" CONTENT="af"/><SP WIDTH="8" VPOS="1420" HPOS="472"/>
							<String ID="string_343" HPOS="480" VPOS="1418" WIDTH="135" HEIGHT="27" WC="0.92" CONTENT="uppgifternes"/><SP WIDTH="11" VPOS="1418" HPOS="615"/>
							<String ID="string_344" HPOS="626" VPOS="1419" WIDTH="98" HEIGHT="25" WC="0.95" CONTENT="riktighet,"/><SP WIDTH="11" VPOS="1419" HPOS="724"/>
							<String ID="string_345" HPOS="735" VPOS="1418" WIDTH="47" HEIGHT="20" WC="0.93" CONTENT="dem"/><SP WIDTH="9" VPOS="1418" HPOS="782"/>
							<String ID="string_346" HPOS="791" VPOS="1417" WIDTH="46" HEIGHT="27" WC="0.92" CONTENT="ålig-"/>
						</TextLine>
					</TextBlock>
				</ComposedBlock>
				<GraphicalElement ID="cblock_6" HPOS="1005" VPOS="32" WIDTH="4" HEIGHT="888"></GraphicalElement >
			</PrintSpace>
		</Page>
	</Layout>
</alto>
