1014 1689
292 145 71 22 Nådiga
374 146 140 22 Propositionen
528 146 35 17 N:o
575 147 28 16 30.
787 146 31 18 841

130 194 58 29 Hvad
203 193 81 21 sålunda
299 200 32 13 om
345 194 130 25 tjenstemäns
493 195 126 26 ansvarighet
638 197 21 18 är
673 195 97 26 stadgaut,
787 195 31 21 mä

75 220 52 19 dock
141 220 20 25 ej
175 221 97 24 tillämpas
286 219 10 20 ä
307 224 60 22 prest,
378 221 25 19 dä
419 211 186 40 äktenskapsförord
618 223 29 18 för
656 223 73 18 honom
739 225 77 22 upptes.

128 256 10 23 S
153 256 32 18 22.
213 255 108 19 Tullkamm
330 255 161 20 -reföreständare
511 257 48 19 eller
579 256 118 25 tullbetjent,
714 263 43 12 som
772 257 44 18 med

75 282 76 25 fartygs
166 281 120 20 visiterande
300 281 38 19 och
353 282 151 25 expedierande,
524 288 67 14 varors
607 283 113 25 angifvande
738 283 24 19 till
780 283 39 19 för-

74 308 83 24 tulining
173 310 52 16 samt
246 308 127 19 meddelande
394 309 20 18 af
427 309 78 19 frisedel
526 309 25 20 till
570 297 87 37 lossning
677 310 38 18 och
735 309 83 26 lastning

75 334 36 19 har
125 334 113 25 befattning,
257 335 35 18 bör
313 334 30 19 vid
367 333 144 26 tjensteansvar
531 335 24 25 pä
573 335 33 20 det
620 324 81 37 nogaste
722 336 50 19 tillse
791 324 27 31 att

76 360 51 19 hvad
143 349 99 36 angående
256 360 99 25 kartering
370 361 20 18 af
409 361 194 26 förtullningsinlagor
617 350 52 31 samt
683 362 84 25 skepps-
780 363 38 18 och

76 375 182 31 varudokumenter
268 392 26 13 m.
306 393 26 13 m.
344 389 22 16 är
380 388 126 19 föreskrifvet
517 388 70 19 varder
598 389 107 24 hehörigen
717 389 98 24 iakttaget.

128 419 10 24 $
153 419 33 19 23.
215 419 37 19 Om
268 419 102 25 stämpling
385 420 20 19 af
418 419 72 20 sådana
505 423 63 26 öppna
582 420 64 19 bref
644 427 4 12 ä
664 421 97 24 embeten,
774 422 43 17 vär-

74 445 91 25 digheter
179 446 37 19 och
231 445 77 25 afsked,
320 451 43 13 som
377 446 21 19 af
410 447 63 18 Hans
487 445 130 26 Kejserliga
632 446 114 25 Majestät'
755 440 63 36 Egen-

75 467 81 34 händigt
171 457 152 44 undertecknas,
346 471 89 26 besörjer
449 473 39 19 den
509 473 130 24 embetsman,
659 479 42 14 som
717 474 81 19 ärendet
812 473 4 18 i

74 499 87 18 Senaten
175 498 111 26 föredragit.
316 488 44 29 Men
381 499 29 19 för
425 499 98 26 kartering
543 500 20 18 af
575 500 25 19 de
614 485 142 44 expeditioner,
773 505 43 14 som

74 525 90 25 antingen
178 525 21 19 af
211 513 84 31 Senaten
310 525 46 19 eller
370 525 60 20 andra
451 514 128 31 embetsverk
594 527 94 22 utfärdas,
705 532 60 13 svare
779 527 37 18 den

74 550 126 26 tjensteman,
212 557 43 14 som
264 551 136 26 expe.litionen
410 552 156 25 kontrasignerat
575 553 54 24 eller,
640 553 35 19 der
682 553 135 24 kontrasigna-

75 579 41 18 tion
131 577 19 26 ej
164 581 33 21 egt
211 584 50 19 rum,
278 578 113 19 densamma
408 579 90 18 utfärdat.

130 611 37 18 För
180 611 57 24 öfrigt
251 610 31 20 må
298 610 16 25 ej
330 610 62 25 någon
414 611 5 19 i
434 610 59 26 tjenst
507 611 81 20 insättas
609 612 47 19 eller
671 611 82 20 dermed
767 612 50 19 före-

73 637 51 19 nade
138 636 142 20 löneförmåner
289 638 39 18 och
338 638 114 24 rättigheter
467 637 132 26 tillgodonjuta
614 639 56 18 innan
681 638 38 19 han
728 638 90 19 fullmakt

74 664 48 19 eller
136 663 132 20 förordnande
282 663 11 20 å
308 664 90 24 behörigt
412 665 107 24 stämpladt
533 669 74 20 papper
621 665 59 18 utlöst
695 664 38 20 och
748 665 69 24 uppvi-

74 693 37 22 sat,
127 690 107 19 hvaröfver
248 690 148 19 vederbörande
410 691 46 18 chef
470 697 45 19 eger
530 691 57 19 hafva
602 691 72 25 tillsyn.

129 722 9 25 $
153 723 32 18 24.
215 723 40 18 Har
269 722 61 25 inlaga
346 723 46 18 eller
406 723 62 25 bilaga
483 723 33 19 vid
538 722 127 20 embetsverk
680 723 62 19 blifvit
756 725 60 17 emot-

75 751 63 23 tagen,
155 749 52 30 eller
216 748 125 31 expelition,
350 754 43 13 som
409 751 22 17 är
446 737 104 38 behörigen
568 749 149 20 underskrifven
732 749 84 19 derifrån

75 775 96 29 utgifvits,
188 774 21 20 sä
225 774 31 20 mä
271 775 29 19 för
314 775 99 20 bristande
431 776 47 19 eller
495 765 79 36 felaktig
596 776 97 25 kartering
707 775 62 26 någon
797 775 20 20 på-

75 801 46 25 följd
136 801 16 25 ej
168 791 74 30 drabba
256 801 38 20 den
312 801 93 26 enskilde,
423 807 43 14 som
488 791 86 31 skriften
584 802 92 20 inlemnat
681 790 62 31 "eller"
751 803 64 24 ulfätt,

73 828 50 20 eller
137 827 73 21 sädane
225 828 79 19 skrifter
318 829 37 18 och
373 818 114 36 handlingar
501 829 78 19 Jerföre
592 829 75 19 lemnas
681 831 45 16 utan
741 819 77 29 afseen-

74 855 33 25 de,
123 857 46 17 utan
185 860 47 14 vare
246 855 70 20 endast
330 855 149 20 vederbörande
493 855 118 25 tjensteman
622 856 29 19 för
665 855 152 20 försummelsen

75 882 88 19 förfallen
178 881 26 20 till
219 887 73 14 ansvar
305 881 24 26 pä
344 883 39 17 sätt
397 882 106 19 nedanföre
516 883 129 19 bestämmes.

128 908 10 25 $
153 909 32 19 25.
214 908 91 21 Embets-
319 908 38 19 och
377 907 123 26 tjensteman,
525 914 44 14 som
583 908 32 20 vid
630 908 91 19 skrifters
736 911 82 17 emotta-

73 935 64 26 gande
151 936 47 19 eller
211 935 145 25 expeditioners
372 935 120 25 utfärdande,
510 934 107 21 uraktläter
632 935 50 19 tillse
697 937 29 16 att
740 935 78 20 Jesam-

75 967 32 15 ma
122 963 34 18 äro
170 961 106 26 behörigen
289 961 111 25 karterale;
417 962 51 23 böte,
485 961 68 25 hvarje
573 961 50 26 gång
638 962 37 19 han
688 961 81 19 dermed
784 962 34 19 be-

75 988 76 24 trädes,
168 989 24 18 20
207 973 63 44 mark,
292 988 36 19 ocn
345 993 47 14 vare
397 978 104 35 "derjemte
521 988 77 26 skyldig
613 990 26 17 att
654 989 72 18 ersätta
741 988 23 19 all
780 988 37 19 den

76 1005 75 30 förlust
160 1014 76 19 Kronan
251 1004 24 35 på
290 1013 70 20 sådant
374 1017 40 16 sätt
428 1015 130 25 tillskyndats.

129 1041 11 23 $
154 1041 32 19 26.
216 1040 162 26 Lysningssedlar
392 1041 26 19 till
436 1041 109 24 äktenskap
565 1040 56 19 skola
637 1039 60 25 jemte
710 1040 34 19 det
758 1041 59 18 stäm-

77 1066 56 26 plade
148 1072 80 20 papper,
245 1066 97 20 hvarmed
356 1066 25 19 de
390 1066 63 20 blifvit
466 1067 92 25 belagda,
568 1069 52 17 samt
634 1066 25 19 de
672 1066 64 24 bevis,
747 1072 71 18 genom

76 1093 68 19 hvilka
159 1082 115 36 riktigheten
296 1093 20 19 af
329 1093 109 25 stämplade
458 1078 95 44 papprets
573 1092 106 25 beräkning
695 1078 120 44 verificeras,

75 1119 62 32 tillika
152 1119 46 20 med
204 1108 128 36 Förteckning
346 1120 56 18 öfver
414 1119 27 20 Je
457 1120 93 28 förelyste
564 1124 121 26 personerne
706 1119 29 19 för
750 1108 68 35 hvarje

76 1145 23 20 är
113 1147 58 18 innan
186 1146 92 20 Februari
293 1134 81 32 månads
389 1146 40 19 slut
443 1146 32 19 det
495 1144 109 27 påföljande
617 1145 43 19 året
673 1146 21 18 af
709 1145 110 26 kyrkoher-

75 1173 40 19 den
129 1173 49 19 eller
191 1172 44 24 Jen,
252 1178 44 14 som
309 1172 49 19 hans
372 1171 61 25 tjenst
447 1173 95 24 förrättar,
560 1172 92 19 insändas
665 1172 27 19 till
707 1171 111 19 kontrakts-

77 1201 88 24 prosten,
182 1193 78 25 hvilken
274 1199 57 19 innan
347 1198 52 26 April
414 1198 81 20 månads
512 1198 74 25 utgång
605 1198 47 19 dem
666 1198 24 18 till
706 1198 114 19 Landskon-

78 1228 52 16 toret
144 1225 140 24 öfverlemnar,
296 1225 82 19 hvarvid
394 1225 36 19 bör
444 1230 48 19 noga
507 1225 84 19 efterses
606 1226 28 17 att
643 1224 24 19 de
681 1224 81 19 insända
774 1224 45 18 kar-

77 1254 58 18 torne
148 1254 35 16 äro
197 1252 20 18 af
230 1241 138 37 kyrkoherden
383 1239 105 37 behörigen
505 1250 128 26 påtecknade.
662 1250 43 19 Och
719 1256 48 13 vare
780 1250 38 19 den

79 1278 20 19 af
111 1273 155 30 presterskapét,
282 1283 44 13 som
340 1277 84 19 nämnde
436 1266 70 30 termin
520 1278 125 23 försummar,
657 1276 86 20 förfallen
756 1276 26 19 till
793 1276 25 19 20

79 1304 68 19 marks
163 1304 46 19 vite.
239 1304 63 19 Öfver
315 1304 36 18 alla
366 1303 43 19 från
424 1304 132 23 prosterierne
571 1292 92 30 inkomna
674 1302 145 24 förteckningar

80 1331 102 23 upprättar
197 1329 155 19 Landskontoret
367 1329 60 19 sedan
442 1331 27 16 ett
483 1328 130 19 summariskt
627 1328 140 24 sammandrag
781 1321 37 25 och

80 1354 92 20 insänder
186 1354 111 20 detsamma
316 1354 62 25 jemte
397 1354 180 30 Ilysningssedlarne
591 1354 38 18 och
648 1341 172 37 beläggningskar-

80 1384 62 21 torne,
159 1382 57 18 innan
231 1381 43 19 Juni
289 1380 81 20 månads
391 1380 78 26 utgång,
485 1386 70 19 genom
569 1380 128 20 Guvernören
720 1379 25 20 till
761 1379 58 19 Sena-

81 1411 44 16 tens
138 1397 83 30 Kamrar
230 1408 38 19 och
283 1391 240 46 räkenskapsexpedition,
536 1408 29 18 för
579 1409 26 17 att
615 1406 24 20 till
651 1406 81 25 behörig
739 1406 82 25 gransk-

81 1434 45 26 ning
140 1434 4 20 i
160 1434 196 20 Revisionskontoret
369 1434 110 20 befordras.

749 1464 31 18 53
