1017 1689
309 137 71 24 Nådiga
392 139 142 22 Propositionen
546 138 37 17 N:o
595 139 30 17 38.
795 137 44 18 1157

93 187 39 21 Vid
152 187 120 20 omnämnde
292 188 170 26 undersckningar
479 188 48 19 skall
542 188 172 25 förrättningsman
729 186 77 26 åtföljas
820 189 22 18 af

94 216 72 17 tvenne
181 214 74 19 vittnen
273 217 61 22 samt,
351 220 31 14 om
398 215 37 19 han
450 215 32 19 vill
498 213 133 26 tillgodonjuta
645 214 33 19 det
692 213 71 26 skydd,
779 213 60 20 hvar-

94 241 26 18 till
135 241 39 19 han
188 241 22 18 är
224 241 115 25 berättigad,
357 241 82 25 synbart
452 246 48 14 vara
515 241 78 19 försedd
608 240 46 19 med
667 239 69 20 bricka
751 240 47 19 eller
805 245 34 14 an-

94 268 32 17 nat
147 267 81 24 tecken,
250 266 292 26 utmärkande
384 262 10 34 -
400 266 141 26 behörigheten
563 267 26 19 till
611 266 102 25 åtgärden,
729 266 47 19 eller
790 266 48 25 ock,

93 292 58 19 innan
165 293 172 25 undersökningen
350 293 99 24 vidtages,
460 293 85 25 uppvisa
554 292 89 20 fullmakt
653 292 46 19 eller
709 292 131 20 förordnande

94 317 11 20 å
123 318 144 19 innehafvande
283 318 113 26 befattning.
425 319 102 20 Ordinarie
541 318 74 20 Krono-
630 318 38 19 och
682 317 156 25 Stadsbetjente,

92 350 45 14 som
151 346 35 18 äro
201 344 77 21 boende
292 345 38 19 och
344 345 65 19 kände
422 345 53 19 inom
489 345 46 19 dem
549 344 94 21 anvisade
656 343 181 27 tjenstgöringsom-

92 370 70 26 råden,
184 371 52 19 dock
256 371 101 20 frikallade
378 373 29 18 att
423 371 36 20 der
476 371 68 26 styrka
562 372 30 19 sin
609 371 116 26 behörighet
738 371 27 19 till
780 371 60 20 verk-

94 397 96 20 ställande
205 397 20 20 af
237 397 146 26 undersökning
398 398 37 19 och
449 398 74 25 beslag.
552 397 117 20 Förmärker
675 397 62 25 någon
745 397 20 19 af
770 396 70 21 ofvan-

92 422 88 21 berörde
199 422 204 27 undersökningsmän
420 426 29 17 att
466 427 54 17 utom
536 424 50 19 hans
603 422 78 21 distrikt
699 423 142 20 öfverträdelse

94 450 20 19 af
129 449 151 26 ifrågavarande:
297 451 41 24 slag
354 450 122 25 förehafves,
495 450 38 20 och
547 450 38 19 kan
601 450 80 25 behörig
695 449 119 25 tjensteman
829 449 11 20 ä

93 479 39 21 ort,
156 476 36 20 der
213 476 128 26 olagligheten
361 477 89 24 utöfvas,
469 476 18 25 ej
504 482 37 20 nog
556 479 55 17 snart
625 476 98 24 tillkallas,
739 481 49 14 vare
802 476 38 20 den

94 502 53 20 förre
167 502 110 26 berättigad
295 505 28 17 att
340 503 77 25 vidtaga
441 504 35 19 alla
494 503 25 20 de
533 502 172 26 tjensteätgärder,
721 508 45 13 som
781 502 57 24 eljest

94 529 64 20 skulle
172 528 25 26 pä
212 528 39 20 den
266 529 85 19 sednare
364 529 117 26 ankommit,
498 530 37 20 och
549 529 91 20 meddele
653 529 63 19 denne
726 530 69 24 genast
804 534 35 14 un-

93 556 119 20 derrättelse
232 556 76 19 derom:
337 555 23 25 Ej
379 555 32 20 mä
429 555 72 27 någon,
520 556 33 20 vid
571 555 34 19 bot
619 555 20 20 af
652 555 105 21 etthundra
770 555 68 25 mark,

94 584 60 24 vägra
175 582 63 20 dertill
255 582 109 25 berättigad
382 582 119 25 tjensteman
514 585 37 23 att,
567 583 5 18 i
589 582 58 19 ofvan
661 581 119 20 föreskrifne
794 582 46 19 ord-

92 608 54 25 ning,
169 608 147 26 undersökning
336 609 88 19 -anställa.
453 609 52 19 Sker
520 608 43 25 det,
579 612 46 21 'ege
642 607 61 21 sådan
720 606 120 26 tjensteman

93 634 45 26 sjelf
158 635 72 19 bereda
248 635 30 25 sig
295 635 76 19 inträde
385 634 24 26 pä
425 636 38 18 sätt
477 635 87 25 lämpligt
577 635 39 18 och
631 634 46 20 med
690 634 72 19 minsta
777 634 62 20 skada

93 662 37 18 ske
150 660 48 25 kan;
220 662 37 18 och
278 667 47 13 vare
342 662 38 19 han
397 661 5 19 i
417 661 53 20 detta
485 662 40 23 fall,
541 667 33 13 om
592 661 37 19 ock
646 660 55 26 ingen
716 660 122 26 förbrytelse

94 687 121 26 upptäokes,
238 687 16 25 ej
275 688 134 20 underkastad
423 693 73 15 ansvar
510 688 30 19 för
554 687 104 25 åtgärden,
674 686 68 20 derest
756 687 39 19 han
809 686 30 20 sin

93 714 115 26 myndighet
222 714 30 19 för
265 714 57 25 öfrigt
336 714 43 20 icke
387 714 133 20 öfverskridit.
549 714 78 20 Varder
633 714 75 19 Krono-
715 713 47 19 eller
770 713 70 19 Stads-

92 739 87 26 betjente
200 741 47 19 eller
263 746 63 14 annan
341 742 41 24 laga
399 741 102 25 beslagare
515 740 32 20 vid
562 740 70 20 sådant
650 739 72 20 tillfälle
739 739 102 20 väläsam-

92 767 50 25 ligen
156 767 120 23 behandlad,
292 767 47 20 eller
354 768 46 18 sker
415 766 46 22 våld
475 768 5 19 i
488 767 103 25 anledning
598 767 21 19 af
627 765 64 27 gjordt
700 766 79 25 beslag,
790 766 48 19 eller

94 794 87 19 föröfvar
194 794 102 25 beslagare
310 793 46 21 våld
370 794 5 19 i
391 794 88 26 oträngdt
493 793 49 26 mål,
558 792 62 27 gänge
634 792 82 20 dermed
731 792 67 20 såsom
805 792 34 20 all-

93 821 45 19 män
152 820 32 26 lag
197 818 77 27 bjuder.

425 883 46 21 Art.
487 883 20 20 6.

142 932 97 19 Allmänna
251 933 112 24 stadganden
375 932 32 20 vid
418 933 142 24 tillämpningen
571 932 22 20 af
603 932 58 19 denna
671 931 118 24 förordning.

436 983 10 26 $
461 984 31 19 59.

146 1028 38 19 För
205 1027 66 20 hittills
289 1027 20 19 af
324 1026 62 20 dertill
404 1026 108 26 berättigad
529 1031 72 20 person
618 1025 102 26 begagnad
737 1024 103 21 bränvins-

76 1062 4 2 -
93 1053 224 26 tillverkningsredskap
331 1054 20 19 af
363 1053 76 25 koppar
453 1059 47 13 vare
513 1058 59 20 egare
586 1051 109 26 berättigad
705 1054 38 23 att,
754 1051 36 20 der
798 1051 40 19 han

94 1080 32 20 vill
148 1079 50 20 afstå
216 1079 61 20 sådan
292 1080 85 24 redskap
392 1079 20 20 åt
425 1079 85 25 Kronan,
527 1078 73 21 erhålla
614 1079 54 19 lösen
682 1078 46 20 med
743 1083 24 14 en
780 1077 58 20 mark

95 1105 56 27 tjugu
165 1107 59 26 penni
238 1107 29 19 för
281 1106 126 25 skålpundet.

439 1158 10 25 $
463 1159 31 20 60.

148 1203 137 26 Länestyrelse
306 1202 51 20 hålle
378 1202 88 25 allvarlig
483 1201 50 21 hand
547 1201 56 20 öfver
617 1200 123 27 iakttagande
754 1199 20 20 af
786 1199 53 20 hväd

95 1230 5 18 i
116 1229 62 20 denna
193 1229 111 25 förordning
319 1228 90 26 stadgadt
423 1230 28 18 är.

439 1281 9 25 $
463 1282 32 19 61.

150 1325 80 20 Enhvar
251 1330 46 21 eger
318 1325 128 25 förbrytelser
467 1327 54 17 emot
541 1324 63 19 denna
622 1323 112 24 förordning
751 1322 89 24 angifva,

98 1355 54 16 utom
167 1351 47 20 barn
228 1354 42 17 mot
285 1351 92 20 föräldrar
392 1353 52 16 samt
457 1349 118 25 tjenstehjon
589 1353 42 16 mot
646 1348 148 28 husbondefolk
805 1353 35 14 un-

98 1378 35 20 der
148 1377 135 26 tjenstetiden;
299 1383 44 14 men
359 1377 93 24 Fiskaler,
467 1377 84 23 Krono-,
567 1376 69 19 Stads-
650 1376 37 19 och
702 1374 140 25 Polisbetjente

98 1407 52 18 samt
163 1404 26 20 de
202 1410 101 21 personer,
321 1404 64 19 hvilka
400 1403 93 20 särskildt
507 1402 101 21 förordnas
618 1405 28 17 att
655 1401 52 20 vaka
714 1401 56 20 öfver
776 1401 65 20 denna

97 1431 124 26 förordnings
236 1429 123 25 efterlefnad,
376 1435 48 15 vare
438 1429 10 21 å
463 1430 96 25 tjenstens
575 1431 74 23 vägnar
658 1428 90 26 skyldige
756 1431 28 17 att
796 1428 45 18 hvar
