1020 1684
310 136 73 22 Nådiga.
392 138 140 22 Propositionen
545 138 36 17 N:o
592 139 29 17 28.
803 138 37 20 779

95 191 73 15 annans
183 184 58 26 tjenst
255 186 47 20 eller
316 186 69 20 arbete
396 187 81 20 anställd
492 188 27 24 är,
531 193 45 13 men
589 189 36 18 har
639 188 57 25 spädt
711 188 48 19 barn
774 188 62 19 under

95 213 11 18 3
121 211 32 20 års
168 211 61 25 ålder,
243 217 50 14 vare
305 212 73 25 jemväl
393 213 29 19 för
436 219 49 20 egen
499 219 73 20 person
586 213 41 20 från
645 214 190 25 mantalspenningar

94 237 82 21 befriad.

147 270 10 25 $
172 271 31 18 12:
234 271 41 18 Den
289 276 44 14 som
346 271 50 19 efter
410 271 132 25 vederbörligt
561 271 87 20 tillstånd
663 271 90 26 anlägger
766 272 70 19 krono-

95 295 97 27 nybygge,
209 296 31 19 mä
254 297 31 19 för
298 297 35 26 sig,
349 298 77 24 hustru,
448 297 167 20 hemmavarande
635 297 49 20 barn
701 299 37 18 och
756 296 81 26 tjenste-

94 321 40 20 folk
148 322 125 20 tilerkännas
288 323 58 19 frihet
360 323 43 19 från
417 324 189 25 mantalspenningar
616 324 61 19 under
692 325 57 24 högst
763 324 25 19 15
803 323 33 20 års

93 347 34 26 tid,
144 348 83 19 hvarom
242 349 90 26 yttrande
346 349 28 19 uti
388 343 70 37 tillstän
471 343 158 37 Js-resolutionen
647 343 102 37 meudelas:
758 343 41 37 bör.

147 387 28 24 De
190 386 181 27 krononybyggäre,
384 387 64 20 hvilka
463 387 66 20 kunna
543 393 70 21 genom
627 387 132 25 vederbörligt
772 388 63 25 utslag

95 413 125 19 härförinnan
236 412 58 21 hafva
314 412 35 25 fått
364 413 29 25 sig
413 413 139 20 tillförsäkradt
566 414 91 19 befrielse
677 415 28 18 för
720 414 65 25 längre
801 414 34 21 tid,

95 439 80 19 komma
189 441 28 16 att
231 439 69 20 Jervid
314 439 114 20 bibehållas.

146 471 10 24 $
172 471 31 20 13.
232 471 134 20 Jordbrukare
386 473 38 18 och:
444 471 68 20 idkare
533 472 20 19 af
571 472 193 25 lappmanna-näring
784 475 52 16 samt

94 497 137 26 gerningsmän
246 498 5 19 i
265 498 26 19 Je
305 497 94 26 egentliga
409 498 120 25 Lappmarks
545 498 159 26 församlingarne
713 499 46 18 elier
771 498 66 19 Enon-

89 524 63 25 -tekis,
169 523 70 26 Kittilä,
262 524 119 26 Sodankylä,
397 525 107 25 Kuusamo,
520 523 121 26 Kuolajärvi,
659 525 64 19 Enare
737 525 38 18 och
790 525 46 19 Uts-

92 549 41 29 joki
148 550 54 19 skola
217 550 29 19 för
260 551 29 25 sig
301 549 70 26 sjelfve
384 550 61 25 jemte
460 551 88 25 hustrur,
560 551 166 20 hemmavarande
739 550 48 20 barn
797 551 38 19 och

94 577 113 24 tjenstefolk
222 583 46 14 vara
282 577 36 19 frie
333 576 43 21 frän
390 577 197 25 mantalspenningar,
605 578 38 19 och
657 578 137 25 gerningsmän
808 577 28 20 äf-

96 609 37 13 ven
149 603 30 19 för
193 603 145 26 gerningsören.
367 605 44 18 Men
425 604 35 19 alla
477 604 59 19 andra
551 609 96 20 personer
660 604 5 19 i
679 603 60 20 dessa
753 603 84 20 försam-

92 630 70 24 lingar,
179 629 66 20 hvilka
259 630 45 19 icke
317 630 58 19 hafva
390 629 69 20 sädant
468 632 44 24 eget
525 630 65 27 lagligt
598 629 125 27 näringsfäng
737 630 47 19 eller
798 630 37 19 hos

93 654 64 26 nägon
171 656 20 18 af
206 656 25 19 Je
245 656 126 20 förenämnde
384 658 35 17 äro
433 656 4 18 i
453 656 62 25 stadig
530 656 100 25 ärstjenst,
648 656 76 25 erlägga
742 656 94 20 mantals-

94 681 106 26 penningar
215 682 58 26 enligt
286 682 25 20 de
325 682 5 19 i
344 682 62 20 denna
420 682 111 26 förordning
545 682 95 26 stadgade
653 682 92 26 grunder.

147 713 10 25 $
172 714 31 20 14.
233 714 139 20 Underbefälet
384 714 61 24 jemte
461 714 93 25 soldater,
569 717 98 17 matroser
681 714 37 19 och
735 714 60 25 öfrige
809 714 27 20 till

94 740 148 26 gemenskapen
257 740 87 21 hörande
354 745 94 21 personer
458 741 33 20 vid
505 740 25 20 de
540 740 95 24 värfvade
644 740 71 20 Finska
728 742 108 24 trupperne

94 767 63 24 skola,
173 766 79 26 sälänge
267 767 24 19 de
306 770 34 17 äro
355 767 5 19 i
374 766 66 26 tjenst,
456 773 48 14 vara
518 767 30 19 för
561 766 216 26 mantalspenningarne
791 766 42 25 frie,

94 793 51 20 Jock
160 793 69 20 endast
243 794 29 18 för
287 793 41 20 sine
338 799 50 20 egne
398 799 102 19 personer.
525 793 43 19 Och
578 794 48 19 skall
639 792 96 26 derjemte
748 792 24 26 pä
781 793 53 24 dem,

93 819 59 21 deras
166 820 62 19 enkor
242 820 39 19 och
295 820 49 20 barn
362 820 96 25 tillämpas
479 819 53 21 hvad
547 820 35 18 här
597 820 58 19 ofvan
670 820 5 18 i
689 819 21 26 $$
723 820 18 25 9,
759 820 24 19 10
797 820 39 19 och

96 847 22 20 11
135 845 62 22 finnes
214 847 96 26 stadgadt.

146 884 11 25 $
172 886 31 19 15.
233 884 79 21 Sådane
326 885 107 20 afskedade
448 885 92 24 scldater,
552 887 97 18 matroser
659 885 37 19 och
711 890 82 19 gemene
802 884 35 20 vid

93 912 38 19 den
145 911 72 20 indelte
239 911 38 20 och
294 911 94 20 värfvade
407 911 63 20 finska
491 911 102 25 militären,
612 917 43 14 som
675 911 30 19 för
725 911 109 26 blessyrer,

95 938 106 25 sjuklighet
215 938 48 19 eller
278 937 99 26 långvarig
394 937 99 24 tjenstetid
508 937 63 20 blifvit
591 937 90 25 hugnade
694 937 46 20 med
754 937 83 25 pension

95 965 45 19 eller
156 964 55 25 årligt
221 963 100 21 underhåll
332 964 20 19 af
364 964 96 19 allmänna
474 964 72 24 medel,
558 965 34 18 äro
606 964 29 19 för
649 963 38 26 sig,
703 965 82 18 hustrur
798 965 38 18 och

96 990 167 20 hemmavarande
277 991 47 19 barn
345 990 63 19 under
422 991 24 19 18
461 990 33 19 års
508 989 54 20 ålder
582 989 41 20 från
643 989 194 26 mantalspenningar

93 1017 94 19 befriade.

146 1049 10 25 $
171 1049 32 19 16.
234 1049 39 19 Alla
289 1049 31 19 vid
336 1049 37 18 den
389 1049 26 19 uti
437 1048 78 20 Finland
537 1048 84 25 förlagde
642 1049 59 25 ryska
720 1048 96 19 militären
830 1048 6 19 i

93 1074 60 26 tjenst
169 1074 84 20 varande
269 1075 121 23 officerares,
406 1075 59 19 civile
478 1073 130 26 tjenstemäns
621 1074 38 19 och
673 1073 97 26 betjentes
785 1076 52 18 samt

94 1101 145 24 underbefälets
254 1102 38 19 och
305 1102 159 24 gemenskapens
474 1101 83 21 hustrur
565 1101 20 19 af
597 1100 64 21 finska
671 1100 90 22 nationen
773 1099 63 25 jemte

95 1128 59 20 deras
168 1128 50 19 barn
232 1129 34 18 äro
280 1128 30 19 för
323 1127 188 25 mantalspenningar
525 1126 106 20 frikallade.
658 1128 42 18 Men
715 1126 58 20 deras
788 1126 49 25 tjen-

94 1154 71 20 stefolk
180 1154 20 19 af
219 1153 63 21 finska
296 1154 90 19 nationen
407 1154 47 19 skall
470 1154 4 18 i
489 1154 70 19 mantal
581 1153 106 19 antecknas
704 1154 37 18 och
759 1153 78 25 afgifter

95 1181 84 25 erlägga.

148 1212 10 25 $
174 1214 31 17 17.
234 1212 49 20 Från
297 1212 61 25 ryska
368 1212 95 20 militären
476 1212 107 20 afskedade
595 1212 65 19 öfver-
669 1212 39 19 och
723 1210 114 20 under-offi-

95 1244 76 19 cerare,
187 1238 58 20 civile
265 1238 116 25 tjenstemän
396 1239 37 18 och
450 1237 86 25 betjente
558 1241 51 15 samt
623 1238 93 23 soldater,
739 1239 98 17 matroser

96 1266 38 18 och
148 1264 60 25 öfrige
222 1264 153 26 gemenskapen,
391 1264 64 20 hvilka
466 1264 62 20 vistas
542 1265 51 18 inom
608 1264 86 24 Finland,
706 1264 56 18 skola
775 1263 62 25 jemte

96 1292 81 18 hustrur
191 1292 38 18 och
244 1291 167 19 hemmavarande
424 1291 54 24 barn,
495 1291 83 19 änskönt
591 1290 59 20 dessa
664 1289 18 25 ej
698 1290 75 19 tillhöra
787 1289 51 20 mili-

96 1316 116 24 tärståndet,
231 1318 102 18 äfvensom
351 1317 61 19 enkor
428 1318 49 17 efter
492 1317 64 25 dylike
565 1322 102 18 personer,
680 1321 47 13 vara
741 1316 29 18 för
782 1320 56 14 man-

97 1343 144 25 talspeaningar
261 1342 93 24 befriade,
371 1342 65 19 såvidt
454 1342 25 20 de
493 1343 43 19 icke
556 1347 70 19 genom
641 1342 73 18 födseln
735 1342 34 18 äro
790 1341 47 19 eller

98 1369 113 19 sedermera
226 1369 62 19 blifvit
308 1372 82 22 antagne
411 1368 26 20 till
452 1368 64 20 finske
537 1367 137 25 medborgare,
696 1367 6 19 i
717 1368 74 19 hvilket
805 1367 31 19 fall

97 1396 26 19 de
137 1396 55 19 skola
208 1401 45 14 vara
275 1394 77 27 pligtige
365 1398 35 22 att,
415 1395 37 19 lika
474 1395 45 20 med
534 1394 77 20 landets
625 1394 60 26 öfrige
699 1394 136 26 innebyggare,

97 1422 102 20 allmänna:
208 1422 103 26 utskylder
325 1423 36 19 och
376 1422 73 20 besvär
463 1423 65 25 ugöra.
