1017 1698
307 142 71 22 Nådiga
390 143 140 22 Propositionen
543 143 36 17 N:o
591 143 28 17 31.
802 141 34 19 925

144 192 38 19 Det
195 198 21 12 är
230 192 85 20 bekannt
328 194 28 17 att
370 198 25 14 en
409 192 56 26 kanal
479 192 62 20 blifvit
553 192 76 26 öppnad
646 192 84 20 emellan
745 192 90 19 Saimens

90 218 121 20 vidsträckta
226 221 146 23 vattensystem
387 220 38 18 och
439 220 67 18 hafvet
520 219 45 19 med
581 225 23 13 en
619 219 81 19 kostnad
716 219 20 18 af
749 221 30 16 tre
794 218 43 20 mil-

88 244 57 25 joner
160 245 56 19 rubel
231 245 75 23 silfver,
323 245 79 19 hvilken
424 246 82 19 kostnad
521 246 72 19 kunnat
614 248 47 16 utan
675 244 64 25 någon
753 244 83 26 betydli-

90 276 46 20 gare
152 271 145 25 skuldsättning
308 271 105 20 bestridas.
443 272 74 24 Gagnet
527 272 20 19 af
560 272 53 19 detta
624 272 73 24 företag
712 270 65 20 kunde
791 271 45 19 icke

91 303 49 13 vara
153 297 131 25 tvifvelaktigi
298 298 38 18 och
351 299 36 18 har
400 298 58 20 äfven
474 298 4 19 i
493 298 39 19 rikt
545 298 50 19 mått
609 298 78 19 bevisat
701 297 36 25 sig.
762 297 30 19 En
802 297 33 19 ka-

91 324 147 25 nalanläggning
253 324 36 19 har
303 323 25 26 på
338 324 62 20 denna
414 325 62 25 punkt
485 324 58 20 äfven
557 324 5 20 i
577 324 123 26 närvarande
713 323 58 20 stund
786 324 51 19 före-

91 350 64 20 trädet
169 351 81 19 framför
261 356 24 14 en
303 350 212 27 Jernvägsanläggning,
526 354 22 24 ty
562 351 48 20 dess
625 350 112 26 sträckning
752 352 22 18 är
784 351 51 25 kort,

91 376 69 20 endast
175 378 42 25 fyra
232 377 43 24 mil,
291 383 24 14 en
327 376 84 28 jernväg
425 378 63 20 skulle
502 377 25 26 på
542 384 75 14 samma
635 378 56 20 korta
706 377 78 20 sträcka
799 378 38 19 och

92 403 32 20 vid
139 407 28 16 ett
181 404 69 20 sådant
263 404 43 25 läge
327 404 80 20 förlorat
421 406 22 18 all
465 405 61 19 fördel
541 405 20 19 af
574 404 206 20 kommunikationens
794 404 42 20 vid-

92 430 145 21 makthållande
258 431 62 19 under
335 430 84 26 vintern,
443 432 37 19 och
501 431 37 20 den
554 431 65 20 skulle
639 432 58 18 äfven
712 431 84 19 kommit
810 433 28 17 att

91 456 29 20 stå
136 458 85 18 isolerad
236 457 44 20 från
295 458 60 25 öfriga
365 458 76 26 möjliga
455 458 228 26 jernvägsanläggningar
696 458 6 19 i
716 457 66 21 landet
792 458 47 19 eller

91 482 118 22 åtminstone
224 485 29 18 för
268 484 83 20 trafiken
366 484 24 26 på
405 484 60 20 dessa
479 485 63 19 blifvit
555 484 140 27 betydelselös.

146 511 93 19 Deremot
253 512 44 23 har,
313 510 5 20 i
333 510 54 26 fråga
403 517 32 13 om
449 512 26 19 ue
489 511 59 25 öfriga
565 514 52 16 stora
632 514 206 22 vattensystemernas

90 536 128 20 förbindande
232 538 46 19 med
300 537 74 25 hafvet,
391 537 77 25 åsigten
489 540 28 18 att
534 544 24 13 en
577 537 211 27 jernvägsanläggning
810 538 28 18 för

92 562 53 20 detta
159 564 89 20 ändamål
263 563 62 21 borde
340 564 111 26 föredragas
466 566 76 19 hemtat
563 564 69 27 styrka
647 565 20 19 af
679 565 36 19 alla
730 564 109 26 ofvanupp-

92 590 86 19 räknade
193 591 51 19 skäl.

145 617 83 26 Utginge
242 623 45 14 man
301 617 96 26 nämligen
412 617 42 20 från
469 619 39 19 den
523 617 101 28 synpunkt
638 621 28 16 att
679 619 89 19 närmast
782 617 56 26 fråga

91 643 36 20 bör
141 643 59 20 blifva
216 650 31 13 om
262 645 25 19 de
315 644 36 21 båda
366 644 127 21 återstående
507 648 52 21 stora
571 647 211 24 vattensystemernas,
794 645 45 20 Päi-

89 669 57 26 jänes
162 671 38 19 och
217 671 25 20 de
257 672 201 19 vest-tavastländska
474 675 97 19 vattnens,
588 671 127 20 förbindande
735 672 47 19 med
797 671 43 20 haf-

92 700 39 22 vet,
154 698 39 19 och
209 698 45 19 ville
276 704 47 14 "anse
340 699 63 19 denna
424 699 119 20 förbindelse
563 699 48 20 böra
629 699 118 19 verkställas
768 703 71 21 genom

92 723 86 26 kanaler,
195 724 21 19 så
233 725 50 19 hade
297 731 45 13 man
354 725 50 20 valet
418 726 80 19 mellan:
515 727 32 18 1:0
562 729 29 16 att
604 725 87 20 förbinda
700 724 80 26 Päijäne
791 724 47 20 med

92 751 68 19 hafvet
174 757 70 19 genom
259 757 24 14 en
295 752 182 25 kanalanläggning,
488 752 25 20 Je
522 751 226 20 vestra-tavastländska
758 754 82 17 vattnen

92 776 44 21 åter
149 783 71 20 genom
234 784 25 13 en
273 783 73 19 annan;
364 779 33 19 2:0
412 781 26 16 att
453 785 70 19 genom
537 779 79 20 kanaler
631 779 87 19 förbinda
733 777 51 21 båda
794 778 44 20 Jes-

92 809 22 14 sa
130 806 168 24 vallensystemer
313 805 45 20 med
373 806 112 19 hvaiandra
500 807 38 18 och
551 805 47 20 med
613 805 91 20 Saimens
719 807 73 23 vatten,
809 805 30 19 för

92 833 28 17 att
134 831 43 19 leda
199 831 194 20 kommunikationen
411 832 25 19 till
458 832 69 20 hafvet
541 837 70 21 genom
632 831 38 20 den
685 831 59 20 redan
766 831 74 26 färdiga

92 857 66 19 Saima
173 857 65 25 kanal;
255 858 39 19 och
309 858 33 20 3:o
357 860 27 18 att
394 864 71 19 genom
475 859 80 19 kanaler
569 858 88 20 förbinda
667 858 70 20 endast
750 858 26 20 de
785 861 55 17 vest-

91 884 149 20 tavastländska
261 887 82 17 vattnen
363 885 45 20 med
430 884 78 26 Päijäne
529 888 51 16 samt
600 884 43 20 åter
663 885 124 19 sistnämnde
808 884 30 26 sjö

91 909 77 27 långsåt
182 910 111 27 Kymmene
308 911 38 20 flod
365 912 45 20 med
427 912 74 24 hafvet,
517 911 67 21 såsom
599 918 24 13 en
644 912 79 19 kortare
739 912 37 18 och
791 912 49 20 billi-

92 942 47 20 gare
148 937 30 20 led
190 939 24 18 än
225 937 64 26 någon
298 938 69 20 mellan
377 939 68 19 hafvet
455 940 37 18 och
502 939 25 19 de
536 938 203 20 vest-tavastländska
748 941 89 17 vattnen.

145 964 74 26 Nödiga
234 965 168 25 undersökningar
413 965 57 19 hafva
485 965 5 19 i
505 965 58 20 dessa
575 965 124 20 hänseenden
714 966 61 18 skett.
800 966 41 18 En-

92 990 45 20 dast
151 991 71 19 tanken
236 990 25 26 på
277 991 172 26 kanalanläggning
468 991 43 20 från
529 992 24 19 de
572 991 202 20 vest-tavastländska
790 994 51 16 vatt-

92 1022 38 14 nen
150 1016 76 27 långsåt
241 1018 64 19 Kumo
326 1018 27 19 elf
366 1018 35 20 har
418 1018 63 20 blifvit
502 1018 130 26 öfvergifven,
654 1018 82 20 emedan
754 1018 88 20 förutses

91 1043 76 19 kunnat
181 1047 28 16 att
223 1044 108 20 kostnaden
347 1044 28 19 för
390 1050 24 14 en
431 1045 60 19 sådan
506 1044 63 20 skulle
589 1045 60 20 blifva
667 1044 21 20 så
703 1047 42 17 stor
759 1047 29 17 att
801 1044 39 20 den

92 1069 103 25 ingalunda
210 1071 63 19 skulle
286 1072 113 18 motsvaras
414 1072 20 18 af
447 1072 34 19 det
499 1070 146 26 jemförelsevis
665 1071 116 19 inskränkta
795 1076 44 20 gag-

92 1098 33 17 net
140 1097 21 19 ar
173 1096 123 20 densamma.
326 1096 75 26 Frågan
416 1098 68 19 derom
502 1098 35 19 har
558 1097 79 20 derföre
651 1100 75 17 ansetts
741 1098 47 19 böra
803 1098 39 18 för-

93 1122 43 20 falla
151 1122 38 20 och
204 1123 83 20 dermed
301 1123 59 19 äfven
374 1124 70 25 planen
455 1127 28 17 att
496 1130 72 20 genom
578 1123 35 21 två
628 1124 63 20 skilda
706 1124 80 20 kanaler
795 1123 46 20 med

93 1148 68 20 hafvet
175 1150 88 19 förbinda
278 1149 11 19 å
304 1155 37 14 ena
355 1150 55 19 sidan
424 1150 83 25 Päijäne,
525 1150 4 19 å
543 1151 38 19 den
596 1150 61 20 andra
671 1151 25 19 de
711 1152 129 18 vest-tavast-

92 1174 83 20 ländska
191 1178 87 17 vattnen.

149 1202 38 19 Det
208 1203 35 18 har
265 1202 42 20 åter
324 1202 51 20 visat
396 1202 30 25 sig
446 1205 27 17 att
491 1209 24 13 en
533 1203 54 19 kanal
609 1203 82 19 emellan
708 1202 78 25 Päijäne
804 1204 38 18 och

95 1228 79 19 Saimen
189 1228 63 20 skulle
266 1229 58 19 kosta
344 1229 35 19 tolf
398 1228 90 25 miljoner
504 1229 56 20 mark
577 1230 18 23 (3
610 1228 90 25 miljoner
715 1229 71 24 rubel),
803 1230 38 18 och

93 1255 26 18 en
134 1254 177 21 kanalförbindelse
325 1256 70 19 mellan
405 1255 25 19 de
444 1255 203 21 vest-tavastländska
658 1259 80 16 vattnen
752 1256 38 19 och
800 1256 42 18 Päi-

92 1280 46 25 Jäne
152 1281 94 20 likaledes
261 1282 36 20 tolf
310 1281 90 25 miljoner
414 1282 55 19 mark
486 1283 18 23 (3
516 1281 92 27 miljoner
619 1282 71 24 rubel),
707 1281 86 21 hvarvid
807 1281 36 20 lik-

96 1307 30 19 väl
141 1308 45 19 hela
200 1308 98 23 Näsijärvi
316 1308 115 25 vattendrag
448 1310 51 18 ännu
516 1309 63 19 skulie
600 1308 79 19 komma
697 1311 28 16 att
742 1308 31 20 stä
788 1310 53 16 utom

94 1333 63 18 denna
172 1333 126 19 förbindelse.
328 1333 44 20 Med
387 1333 37 18 den
439 1336 53 17 stora
511 1333 107 20 kostnaden
633 1334 20 18 af
665 1333 98 26 tjugufyra
779 1333 62 24 miljo-

96 1363 35 14 ner
144 1359 58 18 mark
218 1359 19 24 (6
251 1359 91 24 miljoner
357 1359 63 24 rubel)
439 1360 63 18 skulle
523 1359 55 20 alltså
598 1365 25 13 en
641 1359 123 20 säbeskatfad
786 1359 56 19 kom-

96 1383 121 21 munikation
238 1385 45 20 med
302 1385 67 20 hafvet
389 1384 24 26 pä
431 1385 36 19 den
485 1385 56 26 långa
559 1387 96 18 omvägen
676 1391 70 20 genom
763 1385 78 20 Saimen

96 1412 38 18 och
149 1411 66 20 Saima
226 1412 54 19 kanal
296 1413 68 18 kunna
375 1411 154 21 åstadkommas.
554 1413 43 19 Men
609 1417 23 14 en
648 1411 73 20 sädans
736 1413 54 25 ringa
800 1417 43 15 om-

97 1437 87 21 fattande
198 1443 49 20 gagn
263 1439 54 20 faller
332 1439 34 20 lätt
383 1439 4 18 i
403 1439 75 24 ögonen
493 1438 24 20 då
535 1438 42 21 från
595 1439 34 20 alla
644 1439 92 20 sölerom
751 1439 25 20 de
793 1439 50 20 före-
