1017 1689
309 133 71 23 Nädiga
392 134 144 23 Propositionen
545 133 36 18 N:o
593 134 28 17 38.
791 133 44 20 1165

92 182 45 26 ning
151 183 21 19 af
184 182 46 20 dem
244 183 44 19 icke
302 183 99 26 samtidigt
415 184 87 25 utöfvas,
518 187 46 16 utan
578 189 24 14 en
617 184 49 19 hvar
681 183 63 20 under
757 184 38 20 den
809 183 27 20 tid

92 210 37 19 han
143 209 225 26 gästgifverihällningen
381 209 97 26 besörjer.
508 211 43 18 Den
566 216 43 14 som
625 211 30 19 vill
671 209 30 20 sin
715 210 57 20 andel
787 211 5 18 i
806 213 33 16 ut-

94 235 239 25 skänkningsrättigheten
347 237 97 25 uppsäga,
461 241 49 14 vare
524 236 62 20 dertill
605 236 109 25 berättigad
731 236 52 20 inom
801 236 38 19 Jen

92 261 28 20 tid
134 261 36 20 här
184 262 58 19 ofvan
256 262 6 18 i
276 262 10 25 $
301 263 24 18 10
340 263 90 24 stadgadt
443 264 28 18 är.
501 263 39 18 Har
557 263 122 25 uppsägning
693 263 63 25 skett,
775 262 64 29 gänge

91 288 54 25 afgift
162 290 22 17 ut
201 289 70 18 endast
289 289 29 18 för
335 288 37 19 Jen
390 289 48 23 eller
454 288 26 20 de
497 289 71 19 äboers
586 289 66 24 andel,
668 289 67 18 hvilka
749 289 45 24 vilja
808 291 31 16 ut-

91 314 134 25 utskänkning
244 315 120 19 fortfarande
380 315 45 19 idka
443 315 38 19 och
502 315 76 26 deltage
595 314 6 19 i
618 315 79 25 afgiften
714 315 99 20 hvardera
834 315 5 18 i

91 339 122 21 förhållande
232 341 27 18 till
277 341 38 19 den
334 341 27 19 tid
379 342 39 18 han
434 341 209 26 utskänkningsrätten
660 341 5 20 i
683 341 90 25 förening
794 341 45 20 med

92 366 229 27 gästgifverihällningen
335 368 84 24 utöivar.

436 421 10 25 $
460 421 32 20 12.

146 463 66 21 Sedan
226 463 25 27 pä
265 465 40 19 sätt
319 464 10 26 $
343 465 12 20 9
370 465 134 24 omförmäler,
520 465 152 26 Länestyrelsen
690 464 150 26 tillkännagifvit

92 490 35 20 sitt
140 490 67 20 beslut
219 491 6 18 i
239 491 55 25 fräga
309 497 33 14 om
356 492 21 19 af
388 492 101 25 Magistrat
503 492 109 25 föreslagna
629 491 116 26 rättigheter
760 491 29 20 för
803 491 36 20 mi-

92 517 107 20 nuthandel
213 517 46 20 med
273 519 89 24 bränvin,
379 518 62 20 värde
456 519 59 19 dessa
529 519 53 18 inom
598 519 52 18 Mars
667 517 84 20 månads
768 517 72 27 utgång

92 543 20 20 af
124 544 125 25 Magistraten
263 544 25 26 pä
304 544 85 26 offentlig
403 544 79 20 auktion
497 544 102 26 utbjuuna,
610 545 30 18 för
649 544 38 20 den
694 543 78 27 jemlikt
778 549 62 22 nyss-

92 569 112 26 åberopade
219 570 10 25 $
243 571 103 20 bestämda
360 571 34 25 tid,
411 571 20 20 ät
445 571 38 20 den
498 572 47 19 eller
560 571 52 24 dem,
624 576 44 14 som
677 570 58 25 ätaga
746 571 30 24 sig
786 571 55 25 afgift

92 596 30 20 för
135 597 69 24 högsta
219 597 98 20 kannetal.
347 598 124 25 Magistraten
490 604 36 19 ege
544 600 37 21 att,
601 598 49 19 efter
667 597 80 20 stadens
766 597 75 20 äldstes

92 623 87 20 hörande
193 623 110 20 bestämma
318 629 33 14 om
369 624 47 20 flere
434 625 115 25 rättigheter
566 624 55 19 skola
637 623 94 26 utbjudas
749 623 92 20 samfäldt

92 649 6 20 i
116 652 28 17 ett
160 652 59 23 utrop
236 651 47 19 eller
301 649 69 26 hvarje
387 651 101 19 särskildt.
520 650 186 21 Auktionsanbuden
723 651 81 24 pröfvas
821 650 21 19 af

92 676 133 25 Magistraten,
242 683 43 12 som
301 682 46 20 eger
361 677 55 24 dem,
433 677 46 20 med
494 677 93 20 afseende
602 676 17 25 ej
635 677 76 19 mindre
728 676 11 19 ä
757 676 26 19 Je
797 675 43 26 bju-

92 702 76 20 dandes
182 703 116 26 behörighet
313 704 37 19 och
365 703 106 26 tjenlighet,
487 705 24 18 än
525 703 59 21 äfven
598 703 10 20 ä
623 703 38 20 den
675 702 95 26 erbjudna
785 703 56 25 afgif-

93 731 44 18 tens
150 729 78 26 belopp,
245 732 69 23 antaga
328 730 47 19 eller
387 729 95 21 förkasta.

436 783 10 24 $
461 784 31 19 13.

146 826 37 19 Vill
198 825 64 26 någon
278 826 62 19 väcka
358 825 53 26 fråga
430 829 28 16 att
475 825 132 20 minuthandel
625 825 45 20 med
687 825 82 20 bränvin
788 825 32 20 mä
837 826 5 19 i

94 852 75 19 socken
190 851 25 26 pä
232 852 66 20 landet
313 852 63 24 idkas,
392 853 46 25 göre
452 852 68 20 derom
535 853 41 18 före
590 851 97 26 utgången
701 853 21 18 af
733 853 52 19 Mars
800 851 43 20 mä-

92 878 38 20 nad
145 879 34 18 det
193 877 31 26 är,
241 878 24 20 då
281 878 137 25 försäljningen
432 879 49 19 skall
498 878 76 25 börjas,
593 879 143 24 framställning
753 879 37 19 hos
806 884 35 13 ve-

93 904 130 25 derbörande,
240 911 43 13 som
299 904 10 20 ä
325 905 166 24 sockenstämma,
508 905 81 19 hvilken
599 907 72 18 tvenne
681 905 99 25 söndagar
790 905 52 19 förut

93 930 82 27 pälysas
189 931 42 26 bör,
247 931 98 20 inhemtar
361 931 168 21 socknemännens
538 931 99 20 utlåtande
648 931 5 19 i
663 932 73 18 ämnet.
767 931 75 20 Varder

93 957 170 26 framställningen
277 957 24 20 dä
317 958 22 19 af
351 959 97 18 stämman
463 957 79 26 ogillad,
563 957 72 20 förfalle
653 957 77 26 frägan,
745 963 46 14 men
805 957 37 20 till-

94 984 81 25 styrkes
189 983 42 20 åter
244 984 105 25 förslaget
349 979 10 35 ,
365 984 101 24 afsändes,
484 985 53 18 inom
554 987 30 16 tre
601 984 84 25 veckor,
705 983 138 20 sockenstäm-

94 1010 162 25 moprotokollet,
280 1010 56 19 hvari
356 1010 86 23 trakten,
462 1010 35 19 der
514 1010 37 19 den
569 1010 108 25 föreslagna
694 1009 148 20 minuthandeln

93 1037 81 19 komme
189 1039 28 17 att
225 1036 64 25 idkas,
301 1042 48 19 noga
358 1038 95 18 utsättes.
470 1037 26 19 till
510 1037 157 25 Länestyrelsen,
681 1035 25 26 pä
719 1037 62 19 hvars
789 1036 53 25 slut-

94 1063 38 25 liga
155 1063 89 25 pröfning
265 1062 82 20 ärendet
363 1064 67 18 beror.
459 1063 41 19 Den
517 1064 74 24 längsta
609 1063 36 24 tid,
665 1062 30 20 för
709 1062 80 20 hvilken
806 1062 37 20 mi-

94 1089 159 21 nuthandelsrätt
267 1089 31 20 mä
314 1088 10 20 ä
339 1090 66 24 landet
418 1090 118 25 medgifvas,
552 1094 48 14 vare
615 1088 32 20 två
661 1088 28 20 är.

147 1115 63 27 Fråga
225 1116 98 19 huruvida
337 1116 5 19 i
357 1115 61 21 sådan
434 1116 81 25 ordning
525 1116 121 20 tillkommen
656 1114 187 21 minuthandelsrätt

94 1142 36 20 bör
144 1143 97 25 upphöra,
258 1142 61 20 sedan
337 1142 52 19 tiden
406 1143 29 19 för
453 1142 47 20 dess
516 1142 78 20 tillvaro
612 1142 137 24 tilländalupit,
769 1141 48 20 skall
832 1140 10 20 ä

94 1169 101 19 enahanda
210 1170 39 18 sätt
263 1168 74 20 väckas
353 1168 37 20 och
400 1168 114 24 behandlas;
526 1168 109 20 tillstyrker
645 1168 160 20 sockenstämma
815 1170 29 17 att

95 1196 120 24 rättigheten
229 1195 49 20 skall
293 1194 98 26 indragas,
407 1194 90 20 förblifve
510 1194 77 21 dervid.

438 1248 11 25 $
464 1249 32 19 14.

150 1292 42 20 Den
207 1292 48 20 eller
273 1292 25 20 de
319 1291 269 27 minuthandelsrättigheter,
610 1296 43 14 som
675 1291 4 19 i
704 1290 140 26 ofvanstadgad

97 1319 83 25 ordning
197 1319 64 19 blifvit
277 1318 74 20 tillåtna
367 1319 53 18 inom
437 1319 83 21 socken,
538 1317 60 19 varde
612 1317 95 24 derefter,
724 1318 57 17 innan
795 1317 49 24 Sep-

98 1345 78 19 tember
190 1343 84 21 månads
289 1344 79 25 utgång,
384 1344 18 19 af
416 1344 158 19 socknemännen
588 1342 26 26 på
628 1342 84 25 offentlig
724 1342 80 20 auktion
814 1344 30 17 ut-

98 1370 73 25 bjudna
189 1371 30 19 för
236 1371 38 19 den
291 1372 20 18 af
327 1370 151 26 Länestyrelsen
494 1369 76 25 jemlikt
588 1370 10 24 :$
616 1370 23 18 13
657 1368 103 21 bestämda
778 1368 27 20 tid
826 1368 21 19 af

100 1398 58 25 högst
172 1396 33 21 två
222 1396 29 26 är,
267 1396 19 20 ät
299 1398 37 19 den
352 1397 46 20 eller
413 1396 56 26 dem,
486 1402 43 14 som
544 1395 55 27 ätaga
614 1396 29 25 sig
660 1395 53 26 afgift
730 1396 29 19 för
776 1395 69 28 högsta

102 1424 97 20 kannetal.
229 1424 165 20 Sockenstämma
409 1429 42 20 ege,
467 1424 45 20 meu
527 1423 94 20 afseende
635 1422 16 26 ej
663 1422 77 21 mindre
749 1421 10 21 ä
769 1422 25 21 Je
803 1422 42 24 bju-
