1014 1695
185 145 35 33 934
398 149 71 22 Nådiga
480 150 141 23 Propositionen
635 149 35 18 N:o
683 150 28 17 31.

186 199 112 25 öppnandet
313 200 20 19 af
346 205 24 14 en
385 199 60 20 farled
459 199 42 20 från
519 200 102 19 Idensalmi
638 199 27 20 till
683 199 97 20 Kallavesi
798 200 38 18 och
852 199 77 26 derige-

185 231 46 14 nom
245 225 27 20 till
287 225 25 20 Je
326 228 73 23 vatten,
417 231 42 14 som
475 226 57 19 redan
548 226 29 19 stä
595 226 5 19 i
615 225 118 20 förbindelse
750 225 44 20 med
813 226 65 19 Saima
893 225 34 20 ka-

184 252 38 19 nal.
252 251 29 20 Då
296 253 63 18 Hans
374 253 131 25 Kejserliga
521 252 106 25 Majestät
642 251 88 20 förordar
745 255 28 16 ett
787 253 67 24 anslag
869 251 59 20 äfven

185 279 29 19 för
227 278 60 24 detta,
304 279 25 19 till
346 284 22 13 en
383 279 82 19 kostnad
481 279 20 19 af
515 280 86 24 200,924
616 279 54 19 mark
687 279 79 24 (50,231
783 279 64 24 rubel)
858 278 71 20 beräk-

184 305 50 19 nade
251 305 77 24 arbete,
347 308 27 16 att
392 305 45 25 utgå
456 306 3 17 i
478 308 30 17 tre
524 305 33 20 års
575 306 26 19 tid
618 305 45 19 med
679 305 73 24 67,000
771 305 55 19 mark
847 305 82 25 (16,750

184 331 64 24 rubel)
263 330 80 27 årligen,
360 331 47 20 sker
421 332 52 19 detta
487 332 57 19 likväl
559 332 62 19 under
636 331 137 26 förutsättning
790 334 28 17 att
834 332 96 25 förslaget

184 358 33 19 vid
232 357 24 20 de
271 358 174 26 undersökningar,
461 364 43 13 som
520 359 79 19 komma
613 361 29 16 att
655 358 91 19 anställas
761 358 83 19 rörande
859 357 72 26 sjöfäll-

183 385 68 24 ningar
266 385 58 19 äfven
339 385 4 18 i
358 385 59 19 dessa
432 385 81 24 trakter,
529 384 88 21 befinnes
632 391 46 13 vara
690 384 168 26 ändamålsenligt,
870 385 60 20 hvar-

184 411 42 19 före
241 412 60 18 Hans
317 411 110 25 Majestät
441 411 117 20 förbehåller
572 412 75 18 landets
665 412 89 25 Styrelse
772 411 113 25 afgörandet
902 412 28 18 öf-

185 443 35 14 ver
234 438 99 25 anslagets
348 438 135 25 användande,
499 438 4 19 i
519 438 207 20 öfverensstämmelse
740 438 45 19 med
801 438 51 19 hvad
870 438 60 26 sagde

183 464 175 25 undersökningar”
367 465 65 19 kunna
447 455 104 29 föranleda.
581 466 57 18 Detta
654 464 74 26 företag
742 463 91 26 förtjenar
843 464 21 20 så
874 470 57 20 myc-

185 491 34 19 ket
236 496 54 14 mera
308 491 120 19 Ståndernas
445 491 136 25 behjertande,
601 497 45 13 som
662 491 34 19 det
712 484 52 27 afser
781 493 28 17 att
826 496 61 20 gagna
906 497 24 13 en

184 517 57 20 bland
258 517 76 20 landets
351 518 109 25 nordligare
478 518 82 24 trakter,
583 518 77 19 hvilkas
680 517 195 21 naturbeskaffenhet
891 518 39 19 och

184 544 66 19 hittills
266 549 63 14 vunna
344 544 64 25 odling
422 544 79 20 hindrar
515 544 46 20 dem
575 546 28 18 att
616 544 5 18 i
636 544 39 19 lika
690 544 47 26 grad
752 549 44 14 som
810 544 48 19 dess
868 544 62 26 sydli-

183 576 46 19 gare
246 570 53 20 delar
318 570 80 19 komma
416 570 5 19 i
438 570 113 26 åtnjutande
567 571 21 19 af
603 570 87 20 fördelen
707 571 20 19 af
739 570 121 20 förbättrade
874 570 56 20 kom-

183 597 154 19 munikationer.

236 624 34 19 Ett
284 626 58 17 annat
356 624 105 25 föreslaget
476 624 74 25 arbete,
567 630 44 13 som
625 624 57 19 äfven
697 624 60 25 gäller
771 628 57 15 norra
838 623 57 20 delen
909 624 21 19 af

182 649 71 26 landet,
270 650 38 20 och
322 655 45 15 som
381 650 99 20 erfordrar
493 650 146 25 jemförelsevis
652 650 54 25 ringa
717 650 72 26 anslag,
800 651 22 18 är
831 655 98 20 upprens-

182 676 81 32 ningen
268 677 20 19 af
302 676 46 21 Uleå
364 677 31 19 elf.
425 677 40 19 Den
480 678 97 26 betydliga
595 679 101 23 transport
712 676 20 20 af
748 676 178 27 skogsprodukter,

183 708 44 14 som
241 702 25 26 på
280 703 64 20 denna
359 704 60 19 farled
434 704 61 19 redan
510 710 47 25 eger
573 709 51 19 rum,
643 704 37 19 och
697 703 33 20 det
747 691 121 32 vidsträckta
886 709 43 14 om-

183 729 54 25 råde,
254 735 42 15 som
312 736 69 20 genom
397 730 114 20 densamma
526 730 41 20 står
581 731 4 19 i
603 720 118 30 förbindelse
735 731 46 19 med
799 730 76 25 hafvet,
895 731 34 25 gör

183 746 60 36 sagde
258 756 72 26 företag
345 758 25 19 till
385 759 28 17 ett
427 758 20 18 af
459 757 24 20 de
498 758 137 25 gagneligaste;
652 757 92 19 hvarföre
758 758 63 18 Hans
835 742 94 46 Kejser-

182 772 46 36 liga
243 772 109 36 Majestät
369 783 83 20 föreslår
468 786 28 17 att
512 784 108 20 Ständerna
637 784 28 19 till
684 784 46 20 dess
747 784 102 20 utförande
863 784 64 20 måtte

182 810 53 19 anslå
250 811 86 23 300,000
351 810 57 20 mark
423 811 81 24 (75,000
520 812 71 24 rubel),
607 814 27 16 att
651 810 5 19 i
674 813 30 17 tre
721 810 33 20 års
771 811 27 19 tid
815 810 46 26 utgå
880 811 46 20 med

185 837 87 24 100,000
287 823 56 43 mark
359 838 80 24 (25,000
455 837 64 26 rubel)
535 844 32 13 om
582 838 49 19 året.

227 853 51 41 "Den
292 864 74 25 ganska
380 849 99 45 betydliga
495 863 67 26 sjöfart
576 863 94 21 invånare
685 865 3 17 i
704 864 52 19 östra
770 863 56 20 delen
838 865 20 18 af
867 858 59 25 Åland

181 889 44 20 idka
242 889 11 20 å
271 890 83 31 Sverige
371 892 22 17 är
409 885 102 25 försvårad
529 891 56 20 deraf
601 893 27 17 att
645 890 88 26 fartygen
751 891 73 25 nödgas
842 891 46 25 göra
903 896 24 14 en

181 917 89 25 ansenlig
286 919 72 28 omvåg
374 917 49 20 förbi
441 917 56 20 södra
515 917 64 20 udden
597 918 20 19 af
633 917 103 20 Lemlands
753 910 84 31 socken,
856 922 73 21 genom

182 943 100 25 Ledsund,
298 944 4 19 i
318 943 78 21 hvilken
417 944 52 19 trakt
486 944 120 26 seglationen
621 945 57 18 äfven
693 945 21 18 är
734 944 79 19 förenad
831 944 46 20 med
895 949 34 14 an-

182 970 34 19 dra
231 956 131 44 svårigheter.
391 971 63 19 Dessa
469 955 126 45 olägenheter
610 971 64 20 kunde
690 970 130 25 undanrödjas
835 971 38 19 och
882 970 44 21 tilli-

182 997 25 26 ka
222 1002 23 14 en
259 986 87 36 beqväm
361 997 118 20 förbindelse
494 986 148 31 åstadkommas
659 997 84 20 emellan
760 997 84 20 nämnde
862 997 30 20 del
909 997 20 20 af

183 1018 61 25 Åland
266 1025 36 18 och
321 1024 68 19 staden
406 1025 118 19 Mariehamn
542 1025 116 19 förmedelst
674 1024 102 26 öppnande
792 1023 19 20 af
827 1030 23 13 en
870 1024 58 20 kanal

181 1056 73 20 genom
268 1050 34 20 det
316 1051 60 19 småla
392 1053 33 17 näs
439 1051 105 27 benämndt
553 1052 117 24 Lemström,
683 1057 43 14 som
737 1051 77 19 förenar
823 1051 104 20 Lemlands

182 1078 74 18 socken
270 1077 45 20 med
330 1077 34 19 det
377 1078 60 25 öfriga
451 1078 50 19 fasta
516 1073 69 30 Åland,
604 1064 79 44 hvilken
701 1079 65 23 kanal,
786 1078 29 18 för
832 1080 28 16 att
877 1081 50 16 mot-

182 1109 58 13 svara
255 1104 101 24 behofvet,
372 1093 75 30 ansetts
462 1104 47 20 böra
523 1094 62 30 blifva
597 1107 72 16 tretton
685 1105 28 19 fot
730 1094 46 34 djup
794 1106 50 16 samt
862 1104 65 20 förses

181 1130 45 19 meu
241 1130 58 25 rörlig
313 1120 43 34 bro:
372 1130 44 20 Och
432 1130 45 20 ville
493 1131 62 19 Hans
573 1130 131 26 Kejserliga
722 1130 110 24 Majestät
848 1130 79 20 Jerföre

180 1156 72 20 föreslå
267 1156 111 20 utförandet
392 1157 21 19 af
425 1158 84 18 nämnde
522 1157 91 23 arbeten,
630 1157 28 19 för
676 1158 74 19 hvilket
767 1156 107 20 kostnaden
893 1156 34 20 be-

181 1182 80 20 räknats
276 1183 25 19 till
316 1183 90 25 omkring
419 1184 75 24 44,914
509 1184 53 19 rubel
579 1184 95 24 (179,696
689 1184 71 24 mark).

235 1210 94 19 Deremot
343 1210 63 19 finner
420 1210 62 22 Hans
496 1209 129 25 Kejserliga
640 1209 110 31 Majestät
768 1210 158 30 upprensningen

182 1235 21 18 af
215 1236 55 18 Kemi
286 1236 26 19 elf
324 1237 38 17 och
375 1236 26 18 de
415 1236 120 24 vattendrag,
553 1242 43 12 som
610 1239 94 22 utmynna
719 1237 4 17 i
741 1235 45 20 Uleå
801 1236 61 23 träsk,
877 1236 51 18 kun-

181 1266 24 13 na
220 1260 94 20 bekostas
328 1262 45 18 med
389 1260 110 20 afkomsten
514 1251 21 29 af
547 1262 90 18 Kronans
653 1262 31 18 vid
698 1262 59 19 dessa
768 1251 115 35 vattendrag
893 1262 34 18 be-

181 1286 55 25 lägna
252 1287 78 25 skogar,
347 1287 75 19 hvilkas
439 1287 115 25 förmånliga
572 1287 164 25 tillgodogörande
752 1287 84 19 nämnde
853 1287 75 26 företag

180 1301 82 31 komma
276 1316 28 17 att
318 1313 130 31 synnerligast
463 1314 101 25 befrämja.

234 1340 150 25 Sammanlagda
399 1339 59 27 årliga
473 1341 87 25 anslaget
575 1341 28 18 för
617 1340 37 19 alla
668 1340 60 20 dessa
743 1340 108 25 föreslagna
867 1340 60 20 kana-

179 1366 105 26 liserings-
298 1368 38 18 och
347 1355 249 38 Strömrensningsarbeten
611 1367 75 25 uppgär
701 1367 65 20 alltsä:

180 1393 38 20 För
232 1393 80 20 arbeten
326 1394 52 19 inom
393 1392 90 26 Päijänes
493 1383 42 31 Och
549 1395 24 19 de
588 1393 60 26 öfriga
657 1395 127 19 Tavastländ-

208 1420 35 19 ska
258 1419 88 26 sjöarnes
360 1419 88 25 område,
465 1421 111 20 beräknade
593 1423 28 17 att
625 1409 87 32 ”utföras
730 1421 54 19 inom

207 1447 39 20 fem
260 1445 33 21 års
308 1447 85 25 förlopp.
425 1463 3 2 .
461 1463 2 2 <
495 1463 3 3 <
531 1464 2 3 co
566 1464 3 2 so
601 1463 109 3 <<
828 1447 93 24 356,000.
