1011 1686
306 135 71 23 Nådiga
389 137 140 22 Propositionen
542 136 36 17 N:o
590 136 28 17 35.
788 135 45 20 1113

88 185 28 20 till
131 185 144 19 Sammansatta
289 185 47 25 Lag-
351 186 38 19 och
405 185 215 25 Ekonomieutskottet,
638 191 44 14 som
698 186 52 25 förty
767 189 65 16 ansett

88 211 31 26 sig
132 211 45 19 icke
186 217 47 14 vara
244 211 21 19 af
272 211 139 20 förstbemälda
427 211 74 20 Stånds
514 211 105 20 afvikande
631 211 65 20 beslut
704 211 90 20 hindradt
803 215 29 17 att

89 237 25 20 till
129 237 133 20 föreskrifven
276 237 67 26 åtgärd
360 240 85 23 upptaga
462 237 86 20 ärendet.
579 237 24 20 Af
618 237 213 26 remisshandlingarne

88 263 37 20 har
141 263 98 19 Utskottet
253 263 100 25 inhemtat,
373 266 28 17 att
418 263 112 20 diskussion
547 264 6 19 i
569 265 67 18 ämnet
652 265 51 17 ännu
720 263 44 20 icke
781 264 51 19 före-

87 289 47 20 fallit
153 289 37 19 hos
204 288 60 26 något
277 289 21 19 af
310 288 93 20 Stånden.
433 290 101 19 Utskottet
547 290 36 18 har
596 290 37 18 ock
647 288 36 20 fått
691 292 97 23 emottaga
798 290 34 19 det

88 315 21 19 af
121 320 24 14 en
159 314 77 20 Komité
250 315 117 20 utarbetade
380 315 93 25 förslaget
490 315 25 20 till
533 314 148 26 ifrågavarande
697 314 75 26 Nådiga
786 321 45 20 pro-

87 341 94 25 position;
201 342 37 18 och
253 341 84 20 emedan
353 341 62 20 denna
432 340 89 21 befinnes
538 342 6 18 i
558 341 93 20 afseende
665 340 10 20 å
693 341 137 26 ordalydelsen

89 367 21 19 af
123 367 11 25 $
148 368 13 18 4
175 368 50 19 olika
240 368 46 19 med
301 368 83 20 berörda
397 368 82 25 förslag,
499 368 35 20 har
551 367 100 21 Utskottet
668 368 44 19 bort
727 367 64 27 bifoga
806 374 24 14 en

89 393 78 20 afskrift
180 394 21 20 af
214 394 84 20 närmande
312 394 17 25 $,
345 394 60 20 sådan
421 394 37 20 den
472 394 56 26 lyder
545 394 5 19 i
567 394 103 20 Komiténs
685 394 79 25 förslag.
793 394 39 20 Nå-

87 425 39 21 gon
141 420 120 26 omröstning
278 421 42 25 har,
336 420 59 26 enligt
409 421 52 19 hvad
476 421 100 20 Utskottet
589 420 118 26 meddelats,
724 420 43 21 icke
781 421 50 20 före-

88 446 47 21 fallit
148 446 6 20 i
168 446 110 26 Kejserliga
293 447 84 20 Senaten
392 447 32 20 vid
439 447 91 21 ärendets
544 447 106 25 beredning
666 447 110 21 derstädes.

140 500 29 20 De
182 500 54 20 delar
251 500 20 20 af
283 499 37 20 vår
333 500 36 26 lag,
386 505 45 15 som
445 499 48 26 angå
505 500 148 25 verkställighet
662 501 19 19 af
690 500 70 26 utslag,
771 501 60 19 hvar-

87 527 79 24 igenom
183 526 63 26 någon
262 527 22 20 af
299 526 60 21 första
376 526 75 20 instans
468 526 62 27 ålagts
547 528 28 18 att
592 526 73 26 utgifva
682 527 47 19 eller
749 527 80 25 fullgöra

87 552 65 26 något,
168 553 52 19 hvila
235 553 36 19 alla
285 552 25 26 på
324 553 38 19 den
377 553 136 24 grundsatsen,
530 555 28 17 att
572 552 70 20 sådant
655 554 64 24 utslag
733 553 5 19 i
751 553 78 19 allmän-

88 580 35 19 het
136 578 45 21 icke
195 580 22 18 är
230 579 146 25 verkställbart,
392 579 56 19 innan
462 579 34 20 det
510 578 66 20 vunnit
590 580 42 24 laga
646 578 50 21 kraft
710 578 48 21 eller
767 580 64 19 blifvit

88 605 80 25 lagligen
186 606 104 19 faststäldt.
320 606 33 19 Att
369 606 139 24 grundsatsen,
527 605 85 20 bedömd
629 611 23 13 ur
669 605 100 26 principiel
784 611 46 20 syn-

88 631 69 26 punkt,
173 634 22 16 är
209 632 57 25 rigtig
281 632 38 19 och
333 632 36 19 har
383 634 28 17 ett
426 632 68 25 vigtigt
510 632 44 19 stöd
568 632 6 18 i
592 637 23 13 en
632 632 108 24 berättigad
756 634 75 18 omtan-

88 658 25 20 ke
127 658 58 20 äfven
200 658 30 20 för
244 658 38 20 den
296 658 111 20 förlorande
420 660 79 23 partens
512 658 69 24 fördel,
600 658 38 19 kan
655 658 97 26 svårligen
767 658 64 20 förne-

88 685 43 19 kas.
161 685 43 19 Men
218 685 38 20 lika
271 684 122 27 obestridligt
405 686 22 18 är
441 684 33 20 det
489 684 43 26 ock,
548 686 28 18 att
594 684 38 19 den
650 685 101 25 rättighet,
770 684 60 20 hvars

89 711 134 27 betryggande
240 711 83 20 nämnde
340 711 105 25 grundsats
463 711 83 26 åsyftar,
566 710 82 26 mycket
663 712 34 18 lätt
714 710 37 20 kan
772 712 58 19 miss-

89 738 76 20 brukas
179 739 38 18 och
232 738 98 24 stundom,
347 737 74 20 kanske
435 738 48 24 ofta,
502 737 44 20 leda
562 738 27 19 till
606 737 113 27 oförskylda
737 737 94 25 förlägen-

89 765 57 19 heter
161 764 38 20 och
212 764 93 20 förluster
319 764 29 19 för
357 764 37 20 den
407 764 96 20 vinnande
511 766 104 23 parten,
597 760 11 34 —
622 764 131 25 olägenheter,
765 764 66 20 hvilka

89 790 114 31 ytterligare
220 790 48 20 ökas
289 795 72 21 genom
377 794 39 16 den
436 793 53 17 stora
511 790 126 25 tidsutdrägt,
660 790 43 19 vårt
723 789 108 21 bestående

90 816 211 26 rättegångsväsende,
323 817 116 25 isynnerhet
458 816 24 26 på
502 817 71 24 landet,
595 816 96 25 derjemte
712 816 117 20 föranleder.

89 843 45 20 Med
148 843 41 19 skäl
205 843 37 19 kan
256 842 34 20 det
302 842 133 25 ifrågasättas,
451 848 33 13 om
497 842 45 20 icke
556 843 112 24 samhället,
687 843 33 19 vid
737 842 94 19 rättsvår-

89 869 48 20 dens
152 868 105 24 ordnande,
274 869 81 19 säkrare
371 868 99 26 uppfyller
487 869 29 18 sin
533 869 140 20 bestämmelse
690 867 67 20 såsom
774 869 58 18 rätts-

89 896 78 23 anstalt,
183 901 32 14 om
230 895 34 19 det
278 895 116 20 åtminstone
408 894 6 19 i
429 896 53 18 vissa
497 895 30 19 fall
542 895 66 19 ställer
622 895 38 19 den
674 893 97 20 vinnande
788 899 43 20 par-

89 924 45 17 tens
149 921 73 25 skälige
235 921 98 20 intressen
348 921 59 25 högre
421 925 24 15 en
459 921 38 19 den
511 920 111 20 förlorande
635 923 89 22 partens,
743 921 38 18 och
798 920 34 19 det

89 948 60 19 redan
164 947 49 20 efter
227 947 33 20 det
274 948 62 19 första
350 947 110 20 domstolen
477 946 70 25 afgjort
559 947 58 19 deras
627 947 54 18 tvist.
710 947 121 24 Antagligare

90 976 22 18 är
126 974 33 20 det
173 974 102 25 nemligen,
291 976 28 17 att
333 973 44 24 den,
397 973 60 20 hvars
478 973 86 26 anspråk
585 972 63 21 blifvit
669 973 20 19 af
708 972 124 25 vederbörlig

90 1001 84 20 domstol
190 1001 92 25 pröfvadt
296 1001 37 18 och
347 999 72 25 gilladt,
435 1000 89 19 befinner
538 999 29 26 sig
582 999 5 19 i
602 999 30 20 sin
646 998 49 26 goda
710 1000 44 23 rätt,
770 1000 24 19 än
804 1001 28 16 att

90 1027 49 20 hans
158 1027 126 24 vederparts,
304 1026 20 19 af
340 1025 110 21 domstolen
466 1025 126 20 underkända
609 1027 71 24 vägran
697 1028 28 17 att
745 1025 87 26 uppfylla

91 1053 53 20 detta
162 1052 87 26 anspråk
266 1055 22 17 är
306 1052 89 26 befogad.
427 1053 38 18 För
480 1053 38 19 den
540 1052 120 19 sistnämnde
680 1052 36 19 bör
730 1051 103 20 samhället

93 1080 57 20 hafva
164 1079 49 25 sörjt
227 1079 116 25 tillräckligt,
360 1084 32 14 om
407 1078 40 25 det,
463 1080 5 18 i
483 1079 93 20 händelse
591 1079 38 18 han
644 1078 43 19 icke
701 1076 76 25 åtnöjes
787 1077 45 20 fned

90 1106 141 20 underrättens
246 1107 62 23 utslag
323 1105 46 20 eller
383 1105 54 24 dom,
452 1105 117 20 förbehåller
583 1106 72 18 honom
668 1103 83 26 nöjaktig
765 1104 68 19 säker-

92 1132 34 20 het
140 1138 32 14 om
186 1132 109 25 ersättning
309 1131 28 20 för
351 1131 23 20 all
388 1130 39 20 den
442 1132 61 19 skada
517 1132 38 18 och
569 1130 76 25 förlust,
664 1135 43 15 som
724 1130 37 19 kan
776 1130 56 20 bere-

91 1159 36 20 das
145 1159 72 20 honom
235 1158 121 26 derigenom,
375 1160 28 17 att
419 1158 93 25 utslaget,
531 1157 53 20 detta
601 1157 90 25 oaktadt,
710 1156 78 26 bringas
805 1156 27 19 till

92 1185 155 25 verkställighet.
280 1185 83 24 Antagas
380 1184 38 20 kan
435 1184 34 20 det
482 1185 44 23 ock,
546 1185 28 18 att
590 1183 39 20 den
647 1183 94 20 vinnande
756 1184 75 24 parten,

92 1217 33 14 om
139 1212 49 19 hans
203 1211 51 20 talan
268 1211 5 19 i
288 1209 70 26 sjelfva
373 1211 71 19 verket
458 1212 21 17 är
493 1210 102 25 obefogad,
611 1209 43 20 icke
668 1210 49 19 skall
728 1208 105 21 blottställa

93 1238 29 25 sig
136 1238 30 20 för
180 1237 37 20 den
232 1237 137 26 efterräkning,
385 1242 45 14 som
443 1238 94 25 utslagets
552 1236 144 20 verkställande
713 1235 5 19 i
735 1235 53 20 detta
802 1234 30 20 fall

93 1263 153 21 nödvändigtvis
262 1263 64 20 måste
340 1263 70 26 ådraga
425 1263 162 20 honom.
524 1257 12 36 —
548 1257 39 36 Den
602 1261 72 27 Nådiga
688 1261 145 26 propositionen

93 1290 36 26 går
142 1293 23 17 ut
178 1295 12 20 på
217 1293 28 16 att
258 1291 47 24 göra
319 1290 177 26 nyssomförmälda
508 1289 122 26 uppfattning
644 1289 20 20 af
676 1289 61 18 saken
746 1286 88 27 gällande

94 1317 5 18 i
113 1316 94 20 afseende
221 1316 10 19 å
246 1315 45 25 mål,
308 1321 43 14 som
366 1315 49 26 angå
430 1316 120 19 tredskande
562 1315 83 19 landbos
658 1314 116 25 afhysande.
806 1313 29 20 De

95 1341 74 26 många
182 1343 39 18 och
234 1341 60 20 svåra
308 1342 132 25 olägenheter,
456 1347 44 14 som
514 1347 23 14 en
546 1343 66 23 sträng
623 1339 118 26 tillämpning
750 1340 20 19 af
778 1339 58 19 först-

95 1369 85 20 berörda
194 1368 106 25 grundsats
314 1369 37 18 kan
365 1367 73 20 bereda
451 1367 123 26 jordegaren,
590 1367 113 20 framhållas
713 1365 22 20 så
749 1365 87 26 öfverty-

95 1395 65 25 gande
174 1395 5 19 i
193 1395 155 25 propositionen,
363 1397 28 17 att
407 1395 108 24 Utskottet,
531 1393 46 20 med
591 1393 93 19 afseende
699 1392 10 20 å
724 1393 58 19 dessa
797 1391 40 30 olä-

95 1422 95 26 genheter
207 1422 38 19 och
263 1420 24 27 på
304 1420 63 27 grund
385 1421 20 19 af
420 1421 52 20 hvad
494 1420 99 21 Utskottet
610 1421 36 19 här
662 1419 96 20 nästförut
776 1418 62 19 anfört

760 1451 31 16 70"
