1014 1686
316 135 71 22 Nådiga
399 136 139 23 Propositionen
552 135 36 18 N:o
599 136 28 18 38.
799 136 45 20 1103

299 219 93 28 Förslag
410 219 36 23 till
465 219 116 23 förordning
616 219 115 28 angäende
750 220 90 28 försälj-

231 247 61 28 ning,
306 247 97 28 forsling
419 247 40 23 och
473 247 83 34 upplag
570 253 13 16 af
607 247 96 24 bränvin
718 247 40 23 och
769 248 69 23 andra

231 275 56 22 eller
302 274 138 24 distillerade
455 275 122 29 spirituösa
591 275 105 29 drycker.

423 336 45 20 Art.
491 337 16 19 1.

320 386 31 19 Om
363 386 116 24 försäljning
493 386 22 20 af
527 386 85 20 bränvin.

441 433 12 25 K
468 434 17 19 1.

95 502 4 4 =
129 472 7 38 =
146 476 85 20 Bränvin
245 476 32 20 mä
292 476 18 26 ej
325 476 27 20 till
367 479 28 17 ett
407 476 80 21 mindre
499 478 72 24 belopp
588 478 25 18 än
632 477 64 19 sextio
712 476 75 21 kannor
800 478 40 20 säl-

91 508 32 20 jas
137 503 21 19 af
170 509 64 14 annan
249 506 25 17 än
288 504 46 24 den,
351 509 44 14 som
409 503 59 25 enligt
481 504 12 19 2
508 504 47 20 eller
569 504 13 19 4
591 503 11 25 $
611 503 63 20 dertill
684 503 111 25 berättigad
809 505 29 18 är.

447 555 8 26 5
470 557 20 19 2.

147 594 56 28 Den,
216 599 45 15 som
275 593 76 22 erhållit
364 594 93 20 rättighet
471 597 28 17 att
512 594 45 20 idka
571 594 133 21 minuthandel
723 594 46 21 med
783 594 58 21 brän-

94 620 31 19 vin
141 619 30 21 får
186 626 16 19 ej
218 620 48 26 sälja
282 618 77 23 mindre
372 622 25 18 än
410 609 43 31 half
465 621 71 20 kanna.

445 674 11 25 $
469 674 19 19 3.

148 711 36 20 Vid
198 711 78 25 handel,
291 716 45 15 som
350 711 5 20 i
368 710 128 21 förestående
505 711 21 25 $$
535 712 134 24 omförmäles,
682 710 31 20 må
724 712 52 19 hvad
787 711 54 21 sälät

93 737 64 20 blifvit
170 738 45 19 icke
228 737 98 20 afhemtas
340 738 5 19 i
360 737 76 20 mindre
450 738 72 25 belopp
537 739 23 19 än
574 738 34 19 det
621 738 78 24 minsta,
711 743 44 15 som
765 738 5 19 i
780 739 60 18 hvar-

92 764 48 20 dera
155 764 53 20 fallet
221 764 59 25 säljas
294 763 39 26 må,
350 763 18 27 ej
383 764 62 20 heller
458 764 31 20 må
505 763 58 27 något
577 764 22 20 af
610 764 35 20 det
662 763 55 21 sålda
735 764 11 20 å
764 764 77 26 försälj-

93 790 123 27 ningsstället
230 791 91 19 förtäras.

446 843 10 26 $
467 843 22 26 4.

147 881 124 26 Gästgifvare
292 881 6 19 i
318 881 43 20 stad
383 882 38 19 och
442 887 10 13 å
473 882 73 24 landet,
569 884 52 17 samt
635 881 69 20 idkare
717 881 21 19 af
751 880 81 20 källare-

96 907 120 26 värdshus-,
232 907 146 26 spisqvarters-
395 908 39 19 och
452 907 197 20 schveitzerirörelse
670 907 5 19 i
696 907 92 20 städerna
808 896 32 30 må

96 935 46 20 idka
157 934 132 26 utskänkning
303 935 21 18 af
335 934 82 19 bränvin
431 934 27 20 till
473 935 51 19 huru
538 934 41 20 litet
593 933 72 26 belopp
674 939 44 14 som
728 933 58 24 helst,
797 938 44 15 som

94 961 49 20 skall
158 960 11 20 å
184 961 64 20 stället
262 960 91 20 förtäras.

445 1012 10 25 $
467 997 21 45 5.

148 1051 125 26 Gästgifvare
287 1051 11 20 å
313 1051 75 24 landet,
405 1051 90 26 hvilken,
511 1051 63 20 ehuru
589 1050 62 20 dertill
670 1049 45 21 icke
731 1049 109 26 förpligtad,

94 1077 39 20 den
147 1077 6 19 i
168 1077 118 26 föregående
301 1077 9 26 $
319 1077 98 25 medgifna
427 1077 182 26 utskänkningsrätt
618 1076 68 21 utöfva
697 1076 41 25 vill,
750 1075 32 20 mä
792 1075 50 20 dock

95 1104 45 19 icke
159 1103 78 26 försälja
253 1104 83 20 bränvin
354 1103 26 20 till
398 1109 64 14 annan
479 1105 23 18 än
519 1103 93 25 resande,
631 1108 45 15 som
692 1103 58 19 tillika
768 1103 74 25 intager

94 1130 76 20 mältid.

149 1157 25 19 Åt
188 1156 45 25 den,
251 1162 44 15 som
309 1158 21 18 är
344 1156 144 27 dryckesrörd,
505 1156 46 19 eller
566 1155 48 25 den,
626 1160 44 15 som
684 1154 18 26 ej
712 1155 42 26 fyllt
766 1155 76 20 femton

95 1183 30 25 är,
141 1182 30 20 får
184 1183 83 20 bränvin
281 1182 18 26 ej
313 1183 63 19 under
391 1181 58 27 något
463 1183 64 20 vilkor
542 1181 26 21 till
584 1181 93 26 förtäring
688 1181 106 21 aflemnas.

449 1234 8 26 S
473 1236 19 19 6.

150 1279 43 20 Den
210 1278 20 20 ät
246 1278 123 26 gästgifvare
386 1278 5 19 i
409 1277 45 21 stad
470 1279 39 19 och
526 1277 68 21 idkare
611 1277 21 20 af
644 1278 5 19 i
663 1277 11 26 $
688 1279 13 18 4
715 1277 129 20 omförmälda

96 1305 67 25 näring
177 1305 98 24 medgifna
290 1305 182 27 utskänkningsrätt
485 1304 29 20 får
532 1305 20 19 af
566 1305 46 19 dem
629 1305 79 18 utöfvas
725 1304 70 20 endast
811 1303 33 20 vid

98 1331 76 24 måltid,
189 1330 25 21 då
228 1333 41 18 mat
282 1331 22 20 af
316 1331 75 25 köpare
403 1331 75 23 jemväl
493 1329 90 21 förtäres.

448 1383 10 25 S
473 1384 18 18 7.

154 1422 101 25 Rättighet
270 1422 25 20 till
312 1421 133 21 minuthandel
461 1421 45 20 med
522 1420 83 21 bränvin
618 1420 33 21 må
665 1418 17 26 ej
693 1420 81 20 tilldelas
784 1424 62 16 annan
