998 1689
286 131 73 23 Nådiga
370 132 143 23 Propositionen
524 132 37 18 N:o
572 133 29 17 38.
774 132 44 20 1237

72 181 144 26 otvifvelaktigt
233 181 64 20 skulle
313 182 111 19 befordras.
455 182 26 19 Af
496 181 70 21 sådant
580 182 42 20 skäl
636 181 63 20 finner
715 181 103 20 sektionen

72 209 29 24 sig
117 207 19 26 ej
149 208 48 19 böra
212 207 71 20 föreslå
298 209 60 24 högro
372 209 59 24 skatt,
447 210 24 18 än
487 210 10 19 1
513 209 55 19 mark
583 209 25 20 60
626 209 59 25 penni
701 208 30 20 för
748 207 70 26 hvarje

71 234 105 21 tillverkad
189 235 63 19 kanna
266 235 86 20 bränvin
366 235 21 19 af
401 235 24 19 50
440 238 94 23 procents
542 235 121 20 alkoholhalt
672 235 46 20 eller
728 241 37 13 sex
774 240 44 20 gra-

72 261 46 20 ders
133 261 69 26 styrka
216 260 32 20 vid
264 261 74 20 femton
353 261 82 25 graders
453 263 68 18 värme
538 261 51 20 efter
605 261 38 20 den
660 261 157 26 hundragradiga

72 289 149 18 termometern.
250 287 105 26 Angående
374 287 133 26 fördelningen
529 288 21 19 af
568 289 79 18 skatten
667 287 31 20 får
715 287 102 20 sektionen

73 313 85 24 förorda,
175 313 52 20 hvad
242 313 93 26 förslaget
348 313 69 20 derom
431 313 113 21 innehåller.

125 340 90 19 Emedan
229 339 109 21 Ständerna
352 341 97 20 allaredan
463 341 72 25 antagit
549 341 61 19 Hans
626 339 132 26 Kejserliga
774 341 42 19 Ma-

70 365 76 26 jestät
159 365 74 26 Nådiga
249 367 120 25 proposition
378 372 34 15 om
421 367 23 19 fri
455 366 170 26 spanmålshandel
636 367 39 19 och
683 366 70 20 förbud
763 370 54 17 emot

72 391 227 27 bränvinsbränningens
314 393 105 20 utöfvande
440 393 62 20 under
522 393 4 19 i
548 393 106 20 allmänhet
673 393 93 25 lofgifven
787 393 28 20 tid

74 419 70 20 endast
158 419 63 20 skulle
234 419 93 21 innebära
341 425 24 14 en
379 418 92 27 återgång
491 419 26 20 till
537 419 39 21 den
597 419 81 20 sålunda
698 419 119 26 frångångna

73 444 57 27 åsigt,
146 446 60 24 enligt
219 446 81 20 hvilken
314 446 86 20 handeln
420 446 46 20 med
487 446 87 25 spanmäl
596 445 60 26 gjorts
677 446 101 20 beroende
798 447 21 19 af

73 472 115 25 Styrelsens
202 471 134 27 förfoganden,
353 471 63 21 finner
433 470 102 22 sektionen
554 472 30 26 sig
600 472 47 20 böra
664 472 98 26 tillstyrka
778 472 39 20 den

72 498 112 26 förändring
201 498 6 18 i
224 498 103 26 förslaget,
346 501 29 17 att
390 499 228 24 bränvinsbränningens
635 498 114 21 inställande
770 499 48 20 eller

71 524 145 20 inskränkande
228 524 18 26 ej
261 525 6 19 i
280 524 65 26 någon
359 525 95 20 händelse
467 524 52 27 finge
533 525 80 19 komma
622 525 6 19 i
636 524 62 26 fråga,
710 526 52 19 helst
770 525 45 21 der-

71 550 77 26 igenom
162 550 38 21 den
213 552 161 25 fabriksmässiga
389 552 149 26 tillverkningen
555 552 64 19 skulle
628 553 84 19 utsättas
722 552 30 19 för
761 554 57 18 stän-

74 578 32 25 dig
120 578 41 19 fara
176 579 28 17 att
220 578 74 20 rubbas
315 578 37 19 och
374 578 63 26 oloflig
457 578 218 25 bränvinstillverkning
696 578 118 24 framkallas;

72 604 94 19 hvarföre
180 604 103 20 sektionen
296 610 61 14 anser
371 604 132 26 stadgandena
516 604 70 20 härom
600 604 6 19 i
620 604 21 26 $$
660 606 12 18 4
693 604 39 20 och
753 605 25 19 15
797 604 22 20 af

73 630 95 24 förslaget
181 630 47 20 böra
244 630 105 20 uteslutas.

124 656 105 25 Utgående
242 656 44 20 från
300 656 38 20 den
355 656 62 26 åsigt,
436 659 28 17 att
481 658 39 19 den
537 656 160 26 fabriksmässiga
714 657 104 19 bränvins-

72 683 162 25 tillverkningens
248 683 149 25 inskränkande,
419 688 71 20 genom
510 683 124 26 bestämning
654 684 21 19 af
693 688 24 14 en
737 683 80 20 kortare

73 709 28 20 tid
115 709 30 19 för
158 709 48 20 dess
220 708 60 26 årliga
294 710 129 20 bedrifvande
437 710 47 20 eller
497 710 85 20 medelst
591 710 101 19 föreskrift
702 715 32 13 om
745 710 73 20 afbrott

72 735 65 19 deruti
151 734 43 21 från
208 736 38 20 den
260 736 26 20 15
300 736 111 20 December
425 736 26 20 till
466 737 39 19 den
520 736 25 20 15
558 736 87 25 Januari,
662 736 49 20 blott
724 741 51 15 vore
785 742 32 19 eg-

71 762 47 19 nadt
134 764 29 17 att
180 762 36 20 öka
234 762 245 26 tillverkningskostnaden
495 764 39 18 och
552 762 82 20 sålunda
650 762 78 20 minska
745 768 73 15 varans

72 788 87 26 förmåga
174 791 28 17 att
215 789 49 20 bära
277 789 62 25 högre
352 790 60 24 skatt,
429 788 29 21 får
472 790 102 20 sektionen
588 788 78 24 föreslå,
678 791 28 17 att
715 789 101 20 bränvins-

72 815 120 26 bränningen
206 815 64 20 skulle
283 816 114 20 utsträckas
412 816 26 19 till
453 822 36 14 sex
509 815 93 21 månader
619 815 69 25 hvarje
705 814 22 21 år
744 816 40 20 och
796 815 20 20 få

73 844 37 23 äga
123 847 45 15 rum
182 841 43 20 från
240 841 53 21 årets
307 841 68 26 början
389 842 26 20 till
430 842 38 20 den
483 843 25 20 15
522 842 52 25 April
592 844 54 18 samt
666 841 42 20 från
729 842 40 20 den
790 842 27 20 45

74 868 88 20 Oktober
175 868 26 20 till
216 868 55 20 årets
284 868 47 24 slut;
347 868 83 20 hvarvid
444 869 102 19 sektionen
560 868 58 20 bordt
634 871 59 24 yttra,
712 871 29 17 att
756 869 23 19 af
793 874 25 14 en

73 894 83 20 sålunda
166 894 98 20 utsträckt
274 894 91 21 tillåtelse
380 894 62 27 någon
459 896 41 19 fara
515 895 29 19 för
556 894 132 26 julhögtidens
698 895 120 26 vanhelgan-

73 921 25 19 de
112 920 44 21 icke
170 921 65 20 kunde
249 921 79 25 uppstå,
340 921 23 20 då
375 921 164 25 mäskberedning
549 922 38 19 och
596 921 222 25 bränvinstillverkning

73 948 6 18 i
94 948 35 19 alla
143 948 31 20 fall
190 947 17 25 ej
222 947 52 25 finge
288 948 118 20 verkställas
420 948 65 20 under
497 947 105 21 sabbaten.

126 974 65 20 Jemte
207 974 34 20 det
257 974 102 20 sektionen
375 973 68 21 vidare
459 976 65 18 ansett
540 975 30 24 sig
586 974 49 20 böra
651 974 99 26 tillstyrka
763 973 53 21 bifall

74 1000 27 20 till
116 1000 52 20 hvad
183 1000 93 25 förslaget
290 1000 107 20 innehåller
411 1000 75 23 derom,
502 1003 29 17 att
548 1000 118 25 rättigheten
683 1002 29 18 att
728 1000 90 24 tillverka

73 1026 83 20 bränvin
173 1026 72 24 borde,
264 1026 87 20 fördelad
369 1026 11 19 å
397 1026 26 20 de
439 1026 97 20 särskilda
552 1027 56 19 länen
626 1027 50 19 efter
693 1026 34 20 två
742 1026 37 20 och
792 1031 26 15 en

73 1052 42 20 half
128 1053 76 19 kannor
218 1053 30 19 för
262 1052 70 26 hvarje
345 1052 99 26 invånare,
460 1053 85 19 medelst
560 1052 77 26 offentlig
659 1052 80 20 auktion
752 1052 66 25 utbju-

73 1079 43 23 das,
132 1080 36 19 har
182 1079 102 20 sektionen
298 1081 78 18 stannat
390 1079 5 19 i
410 1080 35 19 det
459 1080 65 19 beslut
537 1082 27 17 att
580 1079 57 19 föreslå
660 1079 70 26 högsta
739 1078 79 20 afverk-

73 1106 151 25 ningsbeloppet
240 1106 30 20 för
287 1108 29 17 ett
329 1106 102 25 bränneri,
449 1105 25 26 på
491 1108 39 18 sätt
546 1106 94 24 förslaget
656 1104 116 26 innehåller,
790 1105 27 20 till

75 1132 86 25 100,000
178 1132 84 24 kannor,
280 1138 47 14 men
342 1132 33 20 det
391 1132 62 26 lägsta
471 1132 26 20 till
514 1132 73 20 endast
605 1132 74 24 40,000
694 1132 81 24 kannor,
791 1131 25 26 pä

73 1158 34 20 det
123 1161 28 17 att
168 1159 64 18 större
248 1158 123 20 konkurrens
388 1159 70 19 lättare
474 1158 33 20 må
528 1159 66 19 kunna
614 1158 111 20 framkallas
744 1163 73 19 genom

74 1184 132 26 anläggnings-
219 1186 38 18 och
270 1184 180 26 rörelsekapitalets
464 1184 123 25 minskande,
604 1185 76 19 hvartill
690 1184 38 20 den
737 1184 46 20 med
793 1190 25 14 en

74 1210 72 20 mänau
160 1211 30 19 för
203 1210 42 20 året
259 1211 5 19 i
279 1210 125 20 förestående
418 1211 61 20 måtto
490 1210 103 21 förordade
602 1210 120 26 förlängning
732 1210 20 20 af
760 1211 58 19 brän-

74 1237 111 25 ningstiden
197 1236 72 25 jemväl
284 1237 81 19 komme
378 1239 29 17 att
420 1237 135 26 väsendtligen
569 1237 90 20 bidraga.

129 1263 106 20 Sektionen
250 1269 58 14 anser
326 1263 29 25 sig
371 1264 48 19 böra
436 1264 97 26 tillstyrka
550 1262 51 21 bifall
618 1264 27 20 till
662 1262 136 26 stadgandena
813 1262 6 20 i

74 1290 104 25 förslagets
192 1290 12 19 6
218 1289 16 26 $,
250 1292 29 18 att
294 1289 95 25 rättighet
403 1290 25 20 till
441 1288 188 26 bränvinsbränning
646 1289 70 20 endast
732 1287 32 21 må
782 1288 38 21 till-

75 1316 125 18 tillerkännas
213 1316 52 18 finsk
279 1316 106 18 undersåte
399 1316 21 18 af
432 1316 97 24 oförvitlig
544 1315 69 19 vandel
631 1316 38 18 och
687 1315 45 19 icke
748 1314 69 25 upplå-

75 1343 30 17 tas
122 1340 21 20 åt
158 1340 26 20 de
200 1340 6 20 i
224 1346 76 14 samma
317 1341 11 24 $
344 1341 127 25 uppräknade
489 1341 91 19 embets-
596 1341 38 19 och
652 1339 131 25 tjenstemän,
800 1340 16 24 ej

76 1367 61 19 heller
150 1366 20 20 åt
184 1366 60 20 andra
259 1372 103 20 personer,
378 1366 66 20 hvilka
459 1366 5 19 i
478 1366 47 26 följd
540 1366 20 19 af
568 1366 116 20 ombetrodd
694 1366 65 25 syssla
770 1366 49 19 kun-

76 1399 23 13 na
112 1394 81 18 komma
206 1396 27 17 att
247 1393 78 25 deltaga
339 1393 5 19 i
358 1393 67 20 beslut
439 1399 32 14 om
485 1392 209 21 bränvinstillverkning
717 1392 47 20 eller
774 1392 46 20 sko-

76 1421 17 19 la
113 1420 115 21 densamma
249 1420 114 20 öfvervaka.
396 1420 95 20 Deremot
507 1420 35 20 har
559 1418 102 21 sektionen
681 1418 45 20 icke
746 1419 75 20 kunnat
