1011 1686
184 139 40 32 964
401 144 71 22 Nådiga
484 145 140 21 Propositionen
638 144 35 16 N:o
685 144 27 16 31.

184 192 39 26 liga
237 194 38 18 och
290 193 82 25 qvinliga
388 194 74 24 elever,
474 199 42 13 som
527 194 26 18 till
568 192 46 25 följd
628 193 20 19 af
661 194 62 18 Hans
737 192 132 26 Kejserliga
883 194 46 20 Ma-

186 218 88 24 jestäts
288 218 100 20 föreskrift
401 220 5 18 i
421 220 131 24 Kungörelsen
567 220 38 18 den
620 220 24 18 49
660 219 54 25 April
729 220 51 18 1858
795 220 38 18 och
848 220 81 19 Förord-

188 245 70 25 ningen
272 245 39 20 den
325 246 23 19 47
363 246 53 24 Mars
431 246 50 19 1853
496 252 25 13 nu
536 246 63 18 finnes
613 245 5 19 i
633 245 66 20 landet
712 246 97 18 inrattadt.
839 246 27 19 Då
884 246 45 19 der-

187 270 62 25 jemte
264 272 57 25 tagits
335 272 5 19 i
354 272 147 24 öfvervägande
515 274 28 17 att
556 274 28 17 ett
604 272 135 19 inskränktare
760 272 50 19 antal
825 272 24 25 på
864 278 63 13 annan

188 298 37 24 väg
238 297 99 20 utbildade
352 303 93 20 personer
462 299 63 19 kunna
540 299 60 18 blifva
610 297 67 20 såsom
693 299 61 18 lärare
765 297 31 20 vid
811 298 117 19 folkskolor-

188 328 25 14 ne
226 324 95 24 anstälda,
343 325 34 18 har
394 324 102 19 Utskottet
515 324 95 19 beräknat
624 326 28 17 att
670 325 37 19 100
722 324 66 19 skolor
810 325 56 18 torde
880 330 47 13 vara

188 349 33 19 det
235 351 68 24 högsta
318 351 56 24 antal,
386 355 44 15 som
445 351 61 19 under
515 351 25 19 de
554 350 150 25 ifrågavarande
718 353 30 16 tre
758 350 46 19 åren
819 351 37 18 kan
871 351 5 18 i
888 357 41 13 me-

188 375 57 20 deltal
261 382 47 13 vara
322 377 5 18 i
341 377 135 19 verksamhet.
506 377 36 20 Det
556 377 67 24 nödiga
638 377 87 26 anslaget
742 377 29 19 för
785 377 58 20 deras
857 377 71 20 under-

189 401 36 21 håll
241 403 64 19 skulle
319 403 49 20 efter
378 403 37 20 den
425 403 5 19 i
441 403 74 26 Nådiga
525 403 145 26 propositionen
679 403 113 20 beräknade
801 404 64 25 grund
880 409 49 20 upp-

189 427 23 26 gå
226 429 25 19 till
267 429 74 25 60,000
355 429 56 20 mark
426 430 28 18 för
469 429 49 20 året.

241 455 57 20 Hvad
312 455 80 20 dernäst
412 455 58 26 angår
486 456 130 20 kostnaderna
636 457 29 18 för
682 457 138 25 anläggningen
841 457 38 18 och
893 462 36 13 un-

189 481 95 20 derhållet
298 483 20 18 af
331 483 123 24 seminarier.
470 482 22 20 så
506 485 22 18 är
542 485 64 16 staten
620 483 29 19 för
663 483 33 19 två
707 483 120 23 seminarier,
844 483 34 18 det
891 489 36 13 ena

188 508 30 18 för
232 509 83 25 manliga
329 509 37 19 oeh
381 509 34 19 det
431 509 60 20 andra
511 510 30 19 för
555 509 85 25 gvinliga
654 510 73 24 elever,
744 510 27 18 uti
792 509 135 20 förutnämnda

188 534 73 25 förslag
278 535 25 19 till
325 535 202 20 folkskoleväsendets
548 535 127 25 organisation
697 536 98 20 beråknad
816 536 26 19 till
859 535 69 20 inalles

188 560 75 24 92,220
277 562 57 18 mark
348 562 29 18 för
391 561 49 24 året,
456 562 105 19 hvaremot
574 561 59 26 årliga
648 563 87 24 anslaget
751 562 30 19 för
795 565 28 16 ett
837 562 91 25 proviso-

186 585 51 21 riskt
251 588 128 19 seminarium
393 588 37 19 kan
444 588 50 19 efter
507 588 60 20 redan
582 588 101 20 faststälda
691 589 86 25 grunder
792 589 56 25 högst
862 588 65 26 uppgå

187 612 26 20 till
228 614 74 25 67,000
318 615 62 19 mark.
410 613 27 20 Då
456 614 201 20 folkskoleväsendets
677 615 100 19 definitiva
797 615 130 24 organisation

188 639 21 19 är
223 639 99 21 beroende
342 641 20 19 af
376 640 48 20 flere
441 641 173 26 omständigheter,
633 641 55 20 bland
709 643 57 17 annat
786 641 142 25 granskningen

188 665 21 18 af
221 665 25 20 de
259 666 70 26 afgifna
343 667 105 25 förslagen,
464 668 38 19 och
522 667 78 20 derföre
614 667 44 20 icke
679 667 55 20 terde
751 667 64 19 kunna
829 669 99 24 genomfö-

187 697 33 14 ras
241 693 63 20 under
321 693 37 20 den
375 693 147 26 ifrågavarande
542 693 55 20 korta
619 694 116 26 tidrymden,
756 694 58 19 hafva
835 693 59 26 några
908 695 22 18 af

188 718 111 21 Utskottets
312 720 128 19 medlemmar
454 723 66 17 ansett
533 723 28 16 att
573 720 36 19 den
624 720 121 20 sistnämnda
760 726 91 14 summan
865 721 63 20 borde

188 745 65 26 läggas
267 746 26 19 till
308 746 62 25 grund
384 747 29 18 för
428 747 127 26 bevillningen
569 746 31 19 vid
615 747 62 19 denna
691 747 107 23 Landtdag,
809 753 45 14 men
868 748 58 19 likväl

188 772 53 19 velat
255 772 96 26 tillstyrka
366 775 28 17 att
407 773 113 20 densamma
536 772 30 20 må
582 773 113 20 fördubblas
709 774 39 19 och
763 774 80 19 sålunda
857 774 72 20 beräk-

188 803 36 14 nas
238 798 26 20 till
280 799 86 24 134,000
381 799 63 24 mark,
461 799 23 26 på
499 800 34 19 det
546 803 27 16 att
590 800 119 25 Regeringen
727 799 31 20 må
776 801 80 19 komma
861 794 12 36 i
891 801 36 20 till-

188 824 43 20 fälle
245 827 30 17 att
288 825 112 25 ytterligare
413 826 79 24 anlägga
503 829 27 16 ett
544 826 129 24 provisoriskt
683 827 127 19 seminarium
824 828 38 18 och
876 827 52 20 deri-

186 856 72 19 genom
271 851 145 25 fullständigare
432 851 85 26 afhjelpa
531 852 74 19 bristen
626 852 22 25 på
666 853 69 24 lärare,
752 858 43 14 som
812 854 28 18 för
855 856 72 17 närva-

186 877 60 20 rande
261 878 62 19 borde
337 883 47 14 vara
393 878 38 20 den
445 880 136 24 angelägnaste
590 884 111 20 omsorgen.
723 880 37 18 Om
771 885 44 14 man
829 880 25 19 till
866 880 61 26 sagde

186 908 78 15 summa
278 904 65 25 lägger
358 904 39 20 den
410 904 6 19 i
426 904 73 26 Nädiga
514 905 144 25 propositionen
673 906 112 20 beräknade
799 906 83 21 kostnad
896 907 31 19 för

186 930 127 25 anläggandet
327 930 21 20 af
359 932 28 18 ett
404 931 133 25 seminarium,
557 932 85 23 100,000
656 932 64 25 mark,
741 932 99 20 fördelade
858 932 22 26 pä
896 936 30 16 tre

186 954 29 27 är,
231 956 80 19 komme
325 956 34 20 det
371 957 68 25 nödiga
454 956 60 26 ärliga
529 958 86 24 anslaget
628 958 31 19 för
672 958 148 26 ifrågavarande
836 959 88 20 ändamål

185 984 29 17 att
227 982 5 19 i
246 983 59 18 rundt
319 983 23 19 tal
356 983 65 25 uppgå
436 984 25 19 till
477 984 86 24 168,000
578 984 63 19 mark.

238 1008 100 25 Derjemte
353 1009 35 20 har
401 1009 33 20 det
448 1010 61 19 blifvit
523 1009 109 20 framhållet
646 1013 27 16 att
687 1010 39 20 den
742 1011 27 19 uti
787 1010 74 27 Nådiga
878 1017 48 20 pro-

184 1035 111 24 positionen
309 1035 26 20 till
350 1036 73 23 40,000
438 1037 55 18 mark
508 1036 112 20 beräknade
634 1039 64 17 staten
712 1037 30 19 för
756 1037 168 27 folkskolestyrel-

185 1066 35 14 sen
238 1061 65 20 kunde
321 1062 118 19 förminskas
456 1062 25 19 till
500 1063 72 24 25,000
591 1063 65 22 mark,
675 1062 68 21 såvida
761 1064 43 25 fyra
821 1064 20 19 af
859 1064 65 20 denna

186 1087 96 25 styrelses
299 1088 100 25 samtelige
417 1088 38 19 fem
473 1089 107 19 ledamöter
597 1088 76 25 jemlikt
695 1089 137 20 ofvananförda
852 1091 73 25 förslag

186 1115 34 17 äro
234 1115 75 17 statens
323 1113 123 25 tjenstemän,
462 1120 43 14 som
519 1115 74 24 åtnjuta
608 1121 62 13 annan
682 1115 101 20 .ordinarie
799 1117 31 18 lön
847 1116 24 25 på
886 1119 40 17 stat

185 1140 38 18 och
243 1139 78 19 derföre
338 1139 42 19 icke
397 1140 84 19 behöfva
499 1141 122 19 tillerkännas
638 1140 58 26 något
714 1141 121 27 betydligare
850 1143 75 19 arvode

184 1164 30 20 för
227 1164 148 26 ifrågavarande
387 1166 113 26 befattning.

237 1191 39 19 Om
289 1197 46 14 man
348 1193 154 25 sammanlägger
516 1193 125 20 förenämnda
656 1196 73 22 poster,
745 1194 82 25 uppstår
837 1200 23 14 en
870 1201 55 14 sum-

184 1222 32 14 ma
230 1218 22 18 af
264 1218 87 23 253,000
366 1218 66 23 mark;
447 1224 46 14 men
509 1218 24 20 då
551 1219 32 19 det
601 1220 26 18 uti
645 1219 74 25 Nådiga
736 1221 146 23 propositionen
896 1222 28 19 till

184 1242 38 20 600
240 1243 56 19 mark
313 1243 112 20 beräknade
445 1244 67 25 bidrag
531 1245 21 18 af
570 1245 113 19 statsmedel
704 1246 30 18 för
754 1245 70 25 hvarje
842 1247 82 19 folskola

183 1268 66 20 kunde
262 1268 89 20 befinnas
367 1270 123 25 otillräckligt
507 1271 37 19 och
562 1270 84 25 skäligen
663 1271 62 19 borde
742 1271 86 25 förhöjas
844 1273 26 19 till
886 1274 38 18 800

183 1294 55 20 mark
255 1295 6 19 i
278 1295 90 20 medeltal
387 1295 29 20 för
433 1296 76 25 hvarje,
529 1296 22 20 sä
566 1297 58 19 hafva
638 1296 58 27 några
711 1298 21 19 af
745 1298 111 20 Utskottets
870 1299 55 20 med-

182 1321 83 20 lemmar
278 1324 63 18 ansett
356 1324 28 18 att
399 1323 42 19 hela
456 1322 33 20 det
503 1322 58 26 ärliga
576 1324 87 26 anslaget
681 1324 65 20 kunde
760 1324 5 20 i
780 1325 58 20 rundt
851 1326 25 19 tal
892 1326 33 20 be-

182 1349 96 18 stämmas
292 1349 25 19 till
333 1349 86 23 280,000
434 1350 63 18 mark.

235 1375 92 19 Deremot
341 1376 35 19 har
390 1376 33 19 det
437 1376 63 20 blifvit
513 1377 95 25 anmärkt,
624 1380 28 17 att
661 1378 72 19 antalet
743 1378 20 19 af
770 1378 25 20 Je
805 1378 117 26 folkskolor,

182 1405 43 14 som
240 1401 63 19 under
316 1401 149 27 ifrågavarande
479 1403 27 20 tid
520 1403 59 19 blifva
594 1403 83 26 möjliga,
694 1404 43 19 icke
751 1405 40 20 kan
803 1405 46 20 med
860 1405 64 27 någon

181 1427 52 26 slags
248 1428 77 19 visshet
339 1427 128 27 bestämmas,
483 1429 37 20 och
535 1432 28 17 att
580 1429 33 20 det
630 1430 77 20 derföre
723 1431 44 20 icke
785 1437 49 14 vore
850 1433 74 25 skäligt
