1009 1695
304 129 72 21 Nådiga
388 129 140 22 Propositionen
541 129 37 17 N:o
588 129 28 17 33.
790 127 43 21 1099

92 177 107 27 Kejserliga
219 178 147 26 propositionen
384 177 10 21 å
412 183 45 21 pag.
473 179 11 19 2
499 180 23 18 är
534 179 38 19 den
587 183 60 15 sanna
660 178 38 20 och
712 177 120 26 behjertans-

92 204 60 21 värda
166 203 51 27 åsigt
230 204 72 27 yttrad,
318 207 28 18 att
359 203 213 22 donationsböndernes
587 205 114 20 nuvarande
717 205 116 25 belägenhet

90 231 126 28 förlamande;
235 231 95 20 inverkar
349 231 24 26 på
394 231 135 26 befolkningen
550 232 37 19 och
606 230 144 21 tillbakahåller
769 231 63 20 länets

88 257 96 24 jordbruk
198 258 38 19 och
251 258 61 25 öfriga
326 258 90 25 näringar
430 261 52 17 samt
496 260 28 17 att
538 260 28 17 ett
581 256 71 21 sådant
665 256 119 21 förhållande
798 257 34 26 på-

88 283 61 20 kallar
169 283 125 26 regeringens
314 285 38 19 och
372 284 116 20 ständernas
510 283 75 26 åtgärd,
601 285 30 18 för
644 285 29 18 att
686 283 21 20 ät
720 283 112 20 donations-

87 310 101 20 bönderne
209 310 92 19 förskaffa
321 310 114 26 eganderätt
455 311 26 20 till
498 310 39 20 den
552 309 44 26 jord
610 310 26 19 de
648 309 96 20 bebruka.
773 310 58 19 Detta

87 336 128 26 ädagalägger
228 337 58 24 klart,
302 339 29 17 att
345 337 121 26 Regeringen
481 337 32 20 vill
528 336 51 21 både
595 336 78 20 medlen
687 336 38 20 och
739 335 93 21 ändamä-

86 363 34 24 let;
136 363 38 20 och
188 363 23 19 dä
226 363 39 19 den
278 362 109 26 Kejserliga
400 363 147 26 propositionen
561 363 30 20 för
604 361 120 22 ändamålets
734 362 97 21 vinnande

88 391 22 18 är
124 389 43 20 fullt
180 389 183 25 tillfredsställande,
379 390 88 20 förordar
480 389 33 27 jag
522 390 48 20 Jess
579 389 124 25 antagande
690 384 12 36 i
716 389 31 20 sin
756 388 73 25 helhet,

88 416 70 20 endast
172 416 45 20 med
232 416 64 26 tillägg
310 416 6 19 i
329 422 61 14 mom.
406 417 11 19 2
432 417 49 19 efter
495 417 66 19 ordet:
581 415 93 26 ”äboer”,
693 415 50 21 ifall
758 415 72 26 någon

88 448 74 15 annan
176 442 20 25 ej
211 442 43 20 kan
268 442 83 26 styrka
366 442 35 20 sin
415 444 77 18 bättre
506 444 47 19 rätt
566 442 34 20 till
615 443 141 24 lägenheten
771 445 61 17 samt

87 474 35 15 om
136 468 28 20 de
178 470 40 19 äro
232 472 39 17 etc.
292 470 37 24 Jag
343 470 21 18 är
379 469 69 20 derom
462 468 116 28 öfvertygad
588 471 27 17 att
624 469 103 25 Styrelsen
735 468 46 20 med
791 468 38 20 lika

87 501 55 15 varm
156 496 194 24 fosterlandskärlek,
366 501 44 15 som
424 496 116 25 Ständerne,
551 496 48 20 skall
612 496 81 19 omfatta
702 495 82 20 ärendet
792 495 38 19 och

87 522 46 21 med
153 522 39 21 lika
212 528 71 21 mogen
304 522 58 25 insigt
382 528 34 14 om
432 523 34 19 det
479 528 44 14 som
539 522 33 20 vid
586 520 70 26 hvarje
669 521 161 21 förekommande

86 550 31 20 fall
138 550 22 19 är
180 548 74 27 möjligt
273 551 28 17 att
320 550 53 25 göra,
395 549 59 20 söker
467 552 29 17 att
508 549 70 25 bringa
593 548 61 20 saken
668 549 26 19 till
708 550 29 18 ett
750 548 80 26 lyckligt

87 576 89 20 resultat.
204 576 44 19 Men
267 575 69 21 binder
358 581 45 14 man
423 576 103 26 Styrelsen
541 574 30 21 vid
587 574 109 26 smäaktiga
710 574 121 26 detaljerade

86 602 130 25 föreskrifter,
235 602 22 20 sä
273 602 36 26 gör
325 608 45 14 man
384 602 62 20 saken
461 602 79 26 omöjlig
554 602 38 19 och
607 607 77 14 samma
698 601 70 20 elände
782 600 47 21 skall

87 630 79 19 fortfara
188 634 44 14 som
251 629 62 20 hittils
334 631 32 24 egt
385 634 52 15 rum.
466 630 29 19 En
514 628 94 25 medlare,
626 627 66 21 säsom
707 628 123 26 Styrelsen
816 623 17 37 i

87 656 53 20 detta
160 656 31 20 fall
215 657 28 24 är,
266 655 64 21 måste
346 656 32 19 väl
395 656 5 18 i
418 655 81 26 detaljer
514 655 60 20 hafva
588 654 36 20 fria
639 655 81 23 händer,
736 653 22 21 sä
772 654 59 20 framt

87 688 47 14 man
155 681 24 27 pä
200 682 74 20 allvare
294 682 72 20 önskar
387 682 58 20 vinna
459 681 118 25 ändamålet,
593 682 83 19 emedan
690 681 33 19 det
737 680 17 26 ej
769 680 41 20 står
824 681 5 20 i

87 708 99 26 mensklig
207 708 87 26 förmåga
308 712 29 17 att
350 709 77 19 förutse
440 710 35 19 alla
489 709 25 19 de
530 707 150 26 förvecklingar,
695 713 45 14 som
754 706 32 20 vid
800 712 32 15 sa-

86 736 52 20 kens
152 736 118 26 behandling
283 736 67 20 kunna
363 736 80 26 uppstå,
458 735 62 21 likaså
534 735 42 20 litet
590 740 44 14 som
647 734 34 20 det
689 735 22 19 är
721 733 74 26 möjligt
804 736 28 18 att

86 762 112 20 bestämma
212 762 33 20 det
258 762 168 26 penningebelopp
441 768 44 20 som
501 762 30 20 för
548 761 81 20 tillfället
642 760 39 20 kan
695 760 61 20 blifva
769 760 62 20 ound-

86 789 100 26 gängligen
204 788 125 26 nödvändigt,
347 788 103 20 äfvensom
468 791 61 18 sättet
546 788 29 20 för
588 787 126 26 upptagande
728 788 20 19 af
760 786 30 20 lån
806 786 24 26 på

86 815 27 21 de
126 815 158 25 fördelaktigaste
299 815 69 20 vilkor.
398 816 84 26 Antager
497 820 46 14 man
558 814 78 20 således
652 814 40 19 5:te
705 819 61 15 mom.
777 813 5 19 i
792 813 39 19 den

86 842 56 25 Kejs.
156 842 148 25 propositionen
318 842 132 25 oförändradt,
466 842 68 19 såsom
543 841 5 19 i
555 840 98 20 utskottet
666 840 60 25 skett,
735 839 22 20 så
766 841 22 17 är
798 840 32 19 allt

87 868 180 27 reglementerande
281 869 5 19 i
300 867 58 26 öfrigt
371 867 122 26 öfverflödigt
507 868 38 19 och
560 865 62 26 tjenar
635 866 17 25 ej
662 866 27 20 till
701 868 59 18 annat
769 866 23 19 än
803 867 28 18 att

84 895 92 20 inveckla
190 894 67 20 saken.

295 1074 91 20 Finlands
401 1074 87 20 ständers
502 1072 132 26 underdåniga
648 1078 44 13 svar
710 1073 7 17 i
731 1071 101 25 anledning

224 1104 22 26 af
260 1103 54 20 Hans
330 1102 106 26 Kejserliga
450 1102 101 25 Majestäts
572 1100 77 26 Nådiga
664 1100 120 25 proposition
803 1104 29 14 om

224 1131 106 21 beredande
344 1132 24 25 af
379 1133 57 23 utväg
444 1131 36 25 för
494 1130 23 20 de
527 1129 13 20 &
549 1128 185 25 donationsgodsen
730 1122 14 39 i
747 1126 85 25 Wiborgs

224 1160 32 20 län
276 1160 70 19 bosatte
366 1159 70 20 bönder
458 1161 28 17 att
506 1158 62 20 tillösa
588 1158 30 24 sig
640 1158 43 18 sina
702 1155 82 20 åboende
806 1155 26 19 lä-

224 1188 94 25 genheter.

267 1220 170 22 (Stats-Utskottets
449 1218 115 20 betänkande
575 1218 35 18 N:o
624 1218 24 20 5).

370 1261 62 20 S.A.
449 1262 23 18 K.
488 1267 18 13 o.
523 1260 21 19 S.

142 1322 32 19 Uti
188 1327 24 13 en
226 1320 92 20 Finlands
332 1319 79 20 ständer
424 1319 11 20 å
446 1320 62 18 denna
518 1318 91 25 landtdag
619 1317 85 24 förelagd
717 1316 57 29 nådig
788 1321 45 19 pro-

88 1347 86 26 position
188 1348 36 19 har
237 1347 24 19 E.
276 1346 24 19 K.
315 1347 43 24 M:t,
374 1346 5 19 i
394 1344 89 21 ändamål
497 1347 29 18 att
540 1343 111 29 bereda
626 1337 26 40 de
660 1342 11 20 å
680 1341 153 31 donationsgod-

89 1379 36 14 sen
139 1375 6 18 i
159 1373 94 26 Wiborgs
267 1373 33 19 län
314 1372 78 19 bosatte
405 1371 75 20 bönder
494 1371 60 24 utväg
568 1372 28 17 att
610 1369 62 19 tillösa
686 1373 30 20 sig
730 1373 42 25 sina
786 1366 47 30 äbo-

89 1400 51 21 ende
154 1401 111 26 lägenheter
279 1402 53 17 samt
345 1399 29 19 för
388 1401 28 17 att
429 1397 83 20 sålunda
530 1396 59 20 häfva
606 1395 25 20 de
648 1394 110 30 betänkliga
775 1399 58 25 miss-

90 1426 138 25 förhällanden,
244 1431 44 16 som
303 1427 6 18 i
323 1425 57 21 deras
395 1425 37 20 och
448 1425 146 25 godsegarenes
612 1421 119 25 ömsesidiga
746 1420 87 25 ställning
