981 1698
197 144 34 35 654
412 148 72 22 Nådiga
495 148 141 24 Propositionen
648 148 36 16 N:o
696 148 29 16 26.

196 199 73 19 männa
282 198 118 26 reglerings-
414 198 38 19 och
469 197 181 26 taxerings-frägor.
680 197 58 19 Detta
755 199 88 17 moment
859 196 37 20 kan
911 195 31 20 sä-

196 225 57 20 ledes
266 231 60 20 gerna
340 224 57 26 utgå;
412 230 46 13 men
472 224 25 21 dä
512 224 18 26 ej
546 224 93 25 stadgadt
650 223 62 20 finnes
726 229 33 14 om
773 226 55 17 extra
844 225 98 18 stämmas

197 251 120 26 befogenhet
331 254 28 17 att
372 251 79 20 besluta
472 257 33 14 om
520 257 39 20 nya
579 251 86 25 utgifter,
681 250 57 25 torde
754 252 29 18 ett
803 249 69 20 sådant
890 249 52 20 stad-

197 278 63 26 gande
273 279 48 19 böra
341 277 67 27 inflyta
426 278 5 19 i
446 277 33 20 det
496 279 51 19 förra
562 277 64 20 ställe.
656 278 37 19 Det
706 277 39 19 kan
758 277 96 25 nemligen
868 276 74 20 undan-

198 305 76 25 tagsvis
288 305 76 20 inträffa
378 307 28 18 att
420 305 29 18 för
464 305 118 20 kommunen
592 303 111 21 oförutsedt
715 309 64 21 yppas
791 309 25 14 en
831 303 110 26 nödvändig

197 333 66 25 utgift,
280 337 44 14 som
338 331 18 26 ej
371 331 34 20 vid
420 332 124 26 regleringen
558 331 20 20 af
591 330 54 20 årets
666 333 38 17 stat
718 330 64 20 bfifvit
803 330 48 19 eller
867 325 75 38 kunnat

198 358 60 21 blifva
272 361 104 23 upptagen,
388 363 45 14 men
447 358 65 20 måste
521 357 98 22 bestridas
634 358 65 19 förrän
708 360 56 17 nästa
779 356 97 20 ordinarie
886 357 56 19 kom-

197 385 154 20 munalstämma
371 385 80 20 infalter.
480 385 38 20 Det
534 384 56 21 torde
610 383 79 20 derföre
706 384 46 19 böra
772 384 125 20 bestämmas
913 386 29 17 att

198 411 53 26 fråga
266 417 34 14 om
313 412 39 19 slik
365 417 28 20 ny
409 412 57 25 utgift
487 411 29 20 får
530 411 32 20 vid
580 413 55 18 extra
655 413 84 18 stämma
760 412 102 24 upptagas,
883 411 58 19 äfven

199 445 32 13 om
245 438 135 20 kallelsetiden
395 439 51 18 varit
459 439 79 19 kortare
548 439 24 19 än
583 437 72 25 fjorton
664 437 66 26 dagar,
740 437 52 20 dock
803 437 45 20 med
862 436 34 21 det
907 437 34 20 vil-

197 465 38 20 kor
248 467 29 18 att
289 465 66 20 beslut
368 465 70 20 derom
453 465 17 25 ej
485 465 30 20 får
532 465 57 20 fattas
603 464 34 20 vid
653 470 63 13 annan
730 465 84 18 stämma
832 466 24 17 än
871 463 68 26 sådan,

198 497 45 15 som
257 491 62 20 hålles
333 492 50 19 efter
397 491 71 26 fjorton
482 492 61 26 dagar
556 492 52 19 förut
622 489 127 27 allmängjord
762 489 125 26 kungörelse.

250 518 38 20 För
301 521 29 17 att
344 517 68 21 hindra
433 518 75 21 enskild
528 517 203 21 kommunalmedlem
747 520 34 21 att,
803 515 25 27 på
845 516 63 27 grund
922 517 21 19 af

198 545 43 20 dels
255 550 50 20 egen
319 545 87 24 rösträtt,
422 546 39 18 och
474 545 42 20 dels
534 544 87 21 samlade
637 544 120 24 fullmakter,
772 543 68 20 utöfva
857 545 29 18 ett
900 543 42 20 allt-

201 570 29 21 för
244 573 51 18 stort
309 571 106 26 inflytande
428 571 25 26 på
463 571 211 20 kommunalstämmas
689 570 72 26 beslut,
772 569 79 27 stadgas
865 570 6 19 i
885 569 10 26 $
904 571 36 19 23:

201 597 30 26 «ej
247 597 32 20 må
293 597 52 21 dock
359 598 64 26 någon
436 598 31 19 för
480 604 49 20 egen
543 598 31 20 del
589 599 47 19 eller
650 597 11 20 å
675 603 75 14 annans
760 598 74 25 vägnar
845 597 54 19 rösta
913 597 30 19 för

199 630 56 15 mera
268 626 25 19 än
307 630 24 14 en
339 623 95 26 fjerdedel
444 625 21 20 af
476 625 25 20 de
511 625 31 20 vid
556 626 98 19 stämman
665 623 134 21 närvarandes
813 623 130 26 sammanlag-

199 651 24 20 da
238 651 134 26 röstbelopp».
402 653 32 19 Att
451 657 24 14 en
490 651 62 20 sådan
571 651 129 26 begränsning
721 651 20 18 af
757 653 107 17 rösträtten
881 651 22 19 är
917 649 23 26 på

199 677 56 21 vissa
268 681 53 16 orter
335 679 113 24 ovilkorligt
461 678 115 26 nödvändig,
592 678 56 19 torde
662 676 17 26 ej
695 678 64 19 kunna
773 677 105 20 bestridas.
908 677 33 20 Ut-

199 704 75 21 skottet
287 710 59 14 anser
360 705 50 19 dock
425 710 24 15 en
463 704 94 25 fjerdedel
575 705 20 20 af
607 705 35 19 det
656 704 31 19 vid
705 705 98 18 stämman
817 706 124 23 represente-

199 731 48 20 rade
261 731 135 26 röstbeloppet
405 737 47 14 vara
466 731 29 20 för
509 732 52 26 högt,
574 731 37 20 och
627 730 17 26 ej
653 731 65 19 kunna
727 730 106 27 förebygga
847 730 26 20 de
883 731 59 19 miss-

199 757 140 26 förhållanden,
355 763 44 14 som
412 763 45 15 man
472 757 115 26 derigenom
604 757 45 20 sökt
662 757 93 20 undvika.
785 757 99 20 Utskottet
900 756 42 20 häl-

199 784 29 19 ler
244 784 41 20 före
306 787 29 17 att
352 785 77 19 enskild
448 784 87 20 medlem
556 784 16 26 ej
589 785 36 20 bör
643 783 18 20 få
679 784 42 19 föra
738 783 51 21 talan
804 784 30 19 för
848 789 55 14 mera
917 785 24 18 än

199 810 58 26 högst
271 817 24 14 en
311 810 91 26 sjettedel
423 811 21 20 af
458 810 34 21 det
508 811 34 20 vid
562 812 97 19 stämman
680 810 164 26 representerade
865 810 77 20 röstbe-

198 837 75 26 loppet.

252 864 58 20 Hvad
325 865 10 19 1
351 870 61 14 mom.
428 865 21 19 af
460 864 11 25 $
484 865 26 19 25
526 864 67 26 angår,
612 870 59 13 anser
690 863 96 21 utskottet
799 864 34 20 det
846 869 48 14 vara
908 866 34 17 än-

199 890 114 22 damälslöst
327 894 27 16 att
368 891 138 20 sammankalla
524 891 51 21 skild
589 891 200 19 kommunalstämma
804 890 29 20 för
848 889 94 27 justerin-

199 922 37 21 gen
252 918 21 20 af
288 918 124 26 protokollet,
431 918 84 20 emedan
535 918 18 20 få
570 918 21 20 af
602 918 133 19 kommunens
755 917 129 20 medlemmar
903 917 38 20 och

198 943 97 21 måhända
309 944 44 20 icke
366 944 70 26 någon,
453 950 44 14 som
511 944 74 20 förmår
598 944 104 20 bedömma
714 944 128 26 protokollets
856 944 86 25 uppfatt-

199 970 52 27 ning,
267 972 56 19 torde
337 971 70 20 endast
426 971 30 19 för
470 971 60 20 sådan
553 971 71 20 orsaks
641 970 49 20 skull
711 970 70 20 infinna
798 970 35 26 sig,
850 970 92 20 hvarföre

200 1002 61 21 synes.
275 1003 47 14 vara
336 999 70 18 rättast
426 1000 27 17 att
467 998 120 20 öfverlemna
608 997 20 20 åt
645 997 210 20 kommunalstämman
873 999 27 17 att
914 998 28 19 af-

199 1024 46 25 göra
260 1024 25 26 på
299 1024 53 20 hvad
366 1026 39 18 sätt
418 1024 120 26 justeringen
552 1024 48 20 skall
614 1024 92 25 försiggå,
718 1024 91 25 antingen
823 1023 33 20 vid
871 1024 71 20 enkom

200 1050 78 20 derföre
291 1051 154 20 sammankallad
459 1053 85 18 stämma
558 1051 47 20 eller
619 1051 49 19 inför
682 1050 84 20 utsedda
779 1049 161 27 justeringsmän,

199 1082 24 14 en
238 1078 49 19 hvar
301 1078 21 18 af
334 1077 130 20 kommunens
477 1078 136 24 medlemmar,
629 1076 58 21 likväl
700 1078 60 24 öppet
773 1076 86 20 lemnadt
872 1079 29 17 att
914 1078 29 18 äf-

199 1109 38 14 ven
251 1104 6 19 i
272 1104 121 19 sistnämnda
407 1104 35 20 fall.
452 1104 151 20 tillstädesvara.

251 1130 37 20 Vid
305 1130 129 20 diskusionen
454 1130 100 26 angående
575 1130 10 26 $
602 1130 26 20 26
646 1131 59 19 hafva
721 1131 59 19 äfven
797 1129 51 20 olika
868 1129 74 27 åsigter

198 1156 55 20 inom
267 1156 97 20 utskottet
381 1156 51 26 gjort
452 1158 30 24 sig
498 1157 95 26 gällande,
615 1157 46 20 med
678 1157 93 19 afseende
792 1156 11 20 å
819 1156 38 20 den
873 1156 68 27 åtgärd

199 1182 44 21 söm
257 1183 35 20 bör
307 1183 89 26 vidtagas
416 1186 36 18 när
464 1183 154 26 justeringsmän
639 1184 90 25 antingen
747 1183 17 26 ej
781 1183 79 21 komma
874 1184 68 20 tillstä-

198 1209 36 21 des
247 1211 49 20 eller
309 1211 61 25 vägra
384 1213 28 18 att
425 1211 118 26 protokollet
555 1210 148 21 underskrifva.
726 1210 126 26 Deputerade
866 1211 20 19 af
898 1217 45 20 pre-

199 1237 110 18 steståndet
322 1240 54 15 samt
390 1239 20 17 af
422 1237 136 25 ridderskapet
572 1237 38 18 och
624 1238 57 18 adeln
695 1237 102 25 godkänna
814 1237 39 19 den
867 1237 75 25 lösning

198 1261 21 20 af
231 1261 74 27 frågan,
321 1268 44 13 som
380 1263 10 25 $
404 1262 115 20 innehåller.
548 1263 126 24 Deputerade
687 1263 20 19 af
719 1263 65 20 bonde
798 1263 38 19 och
849 1263 93 25 borgare-

199 1287 82 21 stånden
295 1294 48 14 anse
357 1288 43 20 åter
414 1289 38 20 den
466 1288 68 26 åtgärd
546 1289 6 18 i
562 1289 36 19 alla
612 1289 25 19 de
652 1289 4 19 i
676 1289 5 25 $
695 1289 84 20 nämnda
793 1289 31 20 fall
839 1289 48 20 böra
901 1289 41 20 vid-

198 1317 62 24 tagas,
277 1321 44 14 som
338 1315 129 20 föreskrifves
487 1316 29 19 för
533 1315 37 20 den
588 1316 94 20 händelse
703 1318 28 17 att
749 1315 192 27 justeringsmännen

200 1343 60 25 vägra
274 1345 28 17 att
315 1343 136 20 underteckna
461 1342 119 26 protokollet
593 1342 25 26 pä
628 1343 33 20 det
675 1343 42 19 skäl
730 1345 27 17 att
771 1343 111 20 detsamma
892 1349 49 14 vore

199 1369 100 20 stridande
313 1372 53 17 emot
380 1370 97 25 förloppet
490 1369 33 20 vid
538 1370 103 19 stämman.

252 1396 33 20 Till
300 1401 72 15 senare
387 1398 108 17 momentet
516 1395 20 20 af
548 1395 10 27 $
572 1397 24 19 27
612 1396 60 19 önska
689 1396 122 25 deputerade
831 1397 21 19 af
864 1399 78 23 preste-

199 1421 78 21 ståndet
290 1425 51 17 samt
355 1423 138 25 ridderskapet
508 1423 43 20 och
561 1423 56 20 adeln
631 1423 76 26 tillägga
727 1425 28 17 att
772 1423 5 20 i
791 1424 26 20 de
830 1424 31 19 fall
876 1423 64 20 ordfö-

199 1449 73 20 randen
286 1449 5 20 i
305 1449 207 26 kommunalstämma,
528 1449 58 27 enligt
606 1451 4 18 1
626 1455 60 14 mom.
703 1450 20 19 af
735 1449 10 26 $
759 1451 32 25 26,
807 1456 70 14 ensam
891 1450 49 20 vits-
