1003 1689
175 142 47 30 1086
388 146 71 22 Nådiga
471 146 140 23 Propositionen
625 145 35 18 N:o
673 146 28 17 33.

170 198 23 18 A.
209 196 73 19 Sinkko
297 196 5 19 i
317 195 125 20 Hedervärda
458 195 146 20 Bondeståndet
618 195 117 20 framställdt
748 195 167 25 petitionsmemo-

169 223 34 18 rial
219 228 33 13 om
268 222 100 19 enahanda
383 222 106 19 understöd
504 222 29 19 för
547 222 26 19 de
588 221 11 20 å
613 221 105 20 Lohikoski
728 221 91 20 donation
829 221 5 19 i
844 221 71 20 Sulka-

172 255 25 13 va
211 249 75 19 socken
299 249 39 19 och
352 249 32 19 S:t
397 249 81 18 Michels
491 249 31 20 län
537 248 78 19 bosatte
629 247 81 20 bönder.

225 276 42 19 Den
282 275 96 26 ställning,
394 275 56 20 hvari
464 276 96 25 allmogen
574 274 11 19 å
599 274 179 26 donationsgodsen
788 274 88 20 befinner
885 275 30 25 sig

172 303 38 18 och
225 307 44 14 som
284 303 36 18 hos
334 301 115 20 densamma
464 301 64 20 måste
542 301 102 20 framkalla
658 307 24 13 en
698 301 83 25 oaflåtlig
791 301 88 19 sträfvan
888 303 29 17 att

171 329 99 19 förvärfva
285 327 114 26 eganderätt
412 328 26 19 till
453 328 49 19 dess
516 327 88 21 åboende
619 328 118 25 lägenheter,
754 327 54 20 leder
822 327 31 19 sin
867 333 50 19 upp-

172 355 84 20 rinnelse
271 355 49 19 ända
335 354 42 20 från
391 355 39 19 den
445 355 33 24 tid,
495 354 24 20 då
535 354 95 25 Wiborgs
644 355 30 18 län
689 354 73 20 skildes
776 353 42 20 från
828 353 34 20 det
871 353 46 20 öfri-

171 387 25 19 ga
213 381 85 20 Finland.
327 381 129 20 Omedelbart
472 382 50 18 efter
540 381 61 25 sagde
617 381 99 19 landsdels
735 380 105 26 intagande
855 380 62 19 under

172 411 54 18 stora
243 408 82 20 ofreden
341 407 19 20 af
376 408 68 26 Ryska
461 408 136 25 krigsmakten
618 407 62 20 under
699 408 59 19 Furst
778 407 139 20 Menschikoffs

169 435 50 20 befäl
234 434 115 26 bortgäfvos
364 435 95 25 nemligen
474 435 19 19 af
506 435 73 18 honom
594 435 26 18 uti
635 433 109 20 socknarne
759 433 58 20 söder
831 439 33 14 om
879 434 38 19 den

171 461 25 26 på
210 461 154 20 Wuokselfvens
379 462 59 25 högra
449 461 66 19 strand
526 460 44 20 från
582 461 81 25 Wiborg
678 461 26 19 till
723 461 94 19 Kexholm
833 460 82 20 ledande

170 489 97 24 landsväg
282 488 123 25 förläningar,
421 488 67 19 hvilka
502 488 20 19 ar
534 488 59 19 Peter
606 487 38 19 den
658 487 58 20 Store
727 487 138 20 stadfästades.
881 488 36 19 Se-

172 515 92 19 dermera
278 514 110 20 förlänades
402 515 20 19 af
435 514 107 25 Rysslands
557 515 97 24 Regenter
669 513 25 26 på
708 514 97 19 särskilda
819 513 51 20 tider
882 519 34 14 un-

171 541 38 20 der
221 541 129 20 sistförflutne
363 542 38 19 och
414 543 53 17 ännu
480 541 5 19 i
499 540 67 26 början
576 541 20 18 af
604 540 132 20 innevarande
746 541 54 26 sekel
809 546 25 14 en
846 540 71 25 mängd

172 567 113 26 lägenheter
300 568 53 19 inom
366 567 25 20 de
404 573 70 20 genom
489 567 118 20 fredssluten
622 567 5 18 i
641 567 77 26 Nystad
728 567 37 20 och
776 567 41 20 Åbo
827 567 90 20 afträdde

173 594 64 20 finska
255 594 130 25 landskapen,
405 595 81 18 hvarest
504 594 113 20 donationer
634 593 122 20 förekomma
773 593 89 20 talrikast
883 593 33 20 vid

174 621 77 20 landets
266 621 93 25 sydöstra
373 622 59 23 gräns
447 621 67 19 utmed
529 621 90 24 Ladogas
633 620 38 19 och
685 621 71 19 Finska
767 620 70 19 vikens
850 620 69 19 kuster

175 651 52 16 samt
239 647 73 25 jemväl
328 647 32 20 vid
373 647 77 20 Saimas
464 647 67 20 strand
546 648 38 18 och
598 649 56 17 utom
669 647 93 26 Wiborgs
781 647 42 19 läns
837 645 82 21 område

176 674 4 19 i
196 674 87 19 Sulkava
297 674 82 19 socken.

227 701 94 19 Vilkoren
336 701 27 18 för
377 700 60 19 dessa
452 700 114 25 förläningar
581 705 49 14 voro
644 699 50 20 dock
712 700 50 19 olika
780 699 50 20 både
847 699 74 20 beträf-

175 727 56 19 fande
246 727 52 19 tiden
313 727 30 18 för
359 726 58 20 deras
435 726 172 26 tillgodonjutande
625 727 37 18 och
680 726 241 26 förläningsinnehafvare-

176 759 37 14 nes
227 753 114 25 rättigheter
355 753 28 19 till
397 753 25 19 de
436 753 98 20 donerade
549 753 145 25 lägenheterna,
710 753 77 20 hvartill
801 754 52 18 ännu
866 753 53 23 kom,

177 782 28 17 att
218 780 59 19 äfven
291 779 199 26 förläningsbrefvens
504 779 85 20 innehåll
603 779 91 20 lemnade
708 785 45 14 rum
767 780 29 19 för
808 785 24 14 en
843 778 79 25 skiljak-

177 807 28 25 tig
218 806 94 25 tolkning.
342 805 36 20 Vid
394 805 69 20 sådant
477 805 120 20 förhållande
611 806 42 19 blef
665 805 38 20 den
718 805 11 20 å
740 806 138 20 donationerna
889 805 34 20 bo-

177 835 52 17 satte
245 833 108 24 allmogens
371 833 90 23 ställning
478 831 82 21 föremål
578 833 29 18 för
624 832 89 25 ständiga
731 833 79 23 tvister,
831 832 65 20 hvilka
918 831 5 20 i

178 859 106 19 allmänhet
298 858 50 19 hade
362 858 38 19 den
414 857 78 26 utgåag,
508 861 28 16 att
548 858 154 19 auktoriteterna
712 859 103 26 skyddade
823 858 100 20 bönderne

178 885 5 19 i
198 885 134 25 besitteingen
345 885 20 19 af
381 885 60 19 deras
456 885 146 19 innehafvande
618 885 92 19 hemman
727 886 38 18 och
783 887 27 17 att
827 884 16 25 ej
862 885 61 19 heller

178 917 37 20 nya
230 911 76 26 utlagor
320 911 50 25 fingo
385 911 45 20 dem
452 911 77 25 åläggas
547 911 50 19 efter
614 911 144 26 godsegarenes
776 911 145 26 godtfinnande.

178 939 37 19 För
229 940 28 17 att
270 937 73 20 erhålla
362 943 23 14 en
403 937 90 20 bestämd
511 943 56 14 norm
585 938 29 18 för
631 937 47 20 dess
695 938 144 25 skyldigheter,
857 937 66 25 ingick

179 964 198 25 donationsallmogen
395 963 10 20 å
423 963 95 26 åtskillige
535 964 50 25 gods
601 964 45 19 med
666 964 71 19 dessas
757 970 58 19 egare
833 964 90 25 frivilliga

179 990 225 25 öfverenskommelser,
423 990 127 25 hvarigenom
571 992 66 17 räntor
654 991 38 18 och
712 991 123 24 dagsverken
856 990 67 19 ålades

179 1017 150 25 lägenheternas
344 1017 126 20 innehafvare
486 1017 37 18 och
537 1016 58 20 bland
611 1017 64 19 hvilka
689 1016 34 20 det
737 1017 10 19 å
763 1017 79 20 Taubila
856 1016 48 25 gård
918 1017 5 18 i

177 1043 109 28 Pyhäjärvi
301 1043 74 19 socken
390 1043 4 19 i
410 1043 69 19 sådant
493 1043 93 19 afseende
599 1043 97 19 afslutade
711 1043 91 19 kontrakt
815 1043 63 20 blifvit
892 1044 34 18 all-

178 1072 95 17 'männare
288 1070 81 22 bekant,
390 1070 83 18 emedan
494 1069 109 19 detsamma
624 1070 58 18 äfven
702 1069 24 25 på
747 1069 96 25 åtskilliga
865 1070 60 19 andra

180 1096 49 24 gods
243 1096 22 19 af
275 1095 137 20 donatarierne
427 1095 129 25 tillämpades,
573 1096 47 19 intill
634 1096 48 19 dess
696 1096 80 19 Ukasen
789 1096 37 19 den
837 1096 21 20 44
872 1096 53 25 April

178 1122 52 20 4811
247 1122 110 20 förklarade
371 1122 52 19 detta
437 1122 93 20 kontrakt
545 1122 79 26 ogiltigt,
640 1122 36 20 der
692 1122 34 20 det
744 1122 18 25 ej
780 1122 45 20 med
843 1122 83 20 bönder-

180 1155 36 13 nes
230 1149 117 25 begifvande
362 1148 74 20 införts.

235 1175 66 20 Sedan
318 1175 92 25 Wiborgs
427 1176 32 19 län
478 1180 71 20 genom
565 1174 74 26 Nådiga
656 1175 113 20 Manifestet
785 1175 37 19 den
841 1176 23 18 44
884 1176 41 24 (23)

182 1202 112 20 December
309 1202 48 20 1811
375 1201 62 21 blifvit
450 1201 135 21 återförenadt
598 1202 45 19 med
658 1202 33 19 det
704 1202 61 26 öfriga
775 1202 86 24 Finland,
873 1202 52 19 stad-

181 1228 60 24 gades
255 1230 28 17 uti
297 1228 144 24 Förordningen
456 1229 38 18 den
508 1229 22 18 31
550 1228 110 18 December
677 1234 76 12 samma
770 1228 23 18 år
810 1229 5 17 i
832 1229 94 18 afseende

181 1253 11 20 å
208 1254 171 25 verkställigheten
395 1254 61 23 häraf,
472 1256 28 17 att
514 1254 170 19 frälseböndernes
698 1256 67 17 räntor
779 1254 45 19 intill
840 1254 87 19 skeende

184 1280 141 25 skattläggning
340 1280 62 19 skulle
416 1280 78 25 utgöras
509 1280 4 18 i
529 1280 24 19 de
569 1280 27 18 uti
609 1280 113 26 Nystadska
737 1280 68 19 freden
814 1280 21 20 af
843 1280 84 25 Sverige

183 1306 88 20 afträdde
286 1306 118 26 landskapen
412 1307 66 26 enligt
492 1307 50 19 1728
558 1306 33 20 års
606 1306 96 20 revisions
715 1306 95 26 jordebok
822 1308 37 18 och
874 1307 5 19 i
889 1307 38 20 den

183 1339 71 20 genom
268 1334 105 19 fredslutet
387 1333 5 19 i
406 1334 42 19 Abo
464 1334 50 19 1743
529 1333 46 20 med
590 1333 98 27 Ryssland
702 1334 122 19 införlifvade
838 1334 57 20 delen
908 1334 21 19 af

183 1361 54 19 länet
251 1360 59 26 enligt
323 1360 25 20 de
362 1360 5 18 i
383 1360 68 20 sådant
466 1360 93 20 afseende
574 1360 24 20 då
612 1361 86 25 gällande
708 1360 91 26 grunder,
811 1361 117 25 frälseegen-

183 1387 59 19 doms
257 1393 60 19 egare
331 1387 38 19 och
383 1387 58 19 deras
455 1387 74 19 bönder
543 1386 52 20 dock
610 1388 91 25 obetaget
717 1390 28 16 att
759 1388 4 18 i
774 1388 155 19 öfverensstäm-

184 1414 63 20 melse
262 1414 81 20 härmed
363 1414 69 19 afsluta
450 1414 97 20 särskilde
565 1413 112 21 kontrakter
695 1420 33 13 om
744 1415 103 19 räntornas
864 1415 65 19 afbör.

183 1440 71 20 dande.
284 1441 73 19 Vidare
371 1441 127 19 förordnades
515 1440 27 20 uti
560 1440 134 26 Kungörelsen
712 1440 38 20 den
768 1442 12 18 9
797 1441 52 25 April
868 1442 51 19 1812

923 1471 4 9 a
