1011 1686
180 141 34 33 886
398 144 72 22 Nådiga
481 144 141 22 Propositionen
635 143 35 17 N:o
682 144 28 16 30.

182 194 80 19 farande
276 193 53 25 njuta
349 193 155 20 kartabefrielse.
533 193 58 20 Hvad
605 193 55 20 9:de
677 194 104 24 punkten
798 194 20 18 af
831 193 92 21 rubriken

181 220 178 26 lysningssedel
373 220 36 20 till
424 220 132 24 äktenskap
577 219 94 20 beträffar
691 225 58 14 anser
761 219 33 26 jag
814 220 39 25 mig
867 219 58 20 äfven

182 247 48 19 böra
245 246 78 20 förorda
337 246 37 20 den
385 246 70 26 nådiga
465 246 158 26 Propositionens
633 246 151 26 bestämningar,
797 246 69 20 endast
879 246 47 20 med

182 273 34 19 det
229 273 73 24 tillägg,
319 275 28 16 att
360 274 58 24 ägare
432 272 19 20 af
464 272 76 20 mindre
555 272 153 25 rusthållsdelar,
725 275 13 16 t.
751 278 32 14 ex.
799 278 24 14 en
838 272 88 20 åttonde-

182 299 43 20 dels
239 299 72 19 mantal
329 299 38 19 och
380 299 106 25 derunder,
502 299 50 25 finge
574 299 87 26 begagna
674 298 38 20 den
732 299 56 25 lägre
804 299 61 21 karta,
882 305 43 13 som

183 325 29 19 för
226 326 164 25 hemmansägare
404 327 22 18 är
440 326 115 25 föreslagen.
585 325 63 20 Äfven
663 324 32 26 jag
711 325 60 26 yrkar
788 327 28 17 att
831 325 95 20 Direktio-

182 357 60 14 nerne
259 351 30 20 för
307 352 69 19 Finska
390 352 106 19 Militärens
510 357 27 14 m.
553 351 20 20 fl.
590 351 61 20 enke-
664 353 38 18 och
723 352 132 25 pupillkassor
875 354 51 17 samt

182 378 61 25 öfriga
258 378 4 19 i
278 378 10 25 $
302 379 13 18 4
330 377 75 26 fjerde
420 378 165 25 Afdelningen,
601 379 50 18 efter
665 378 59 20 dessa
738 378 125 20 Direktioner
876 385 49 19 upp-

182 405 86 19 räknade
282 405 233 24 välgörenhetsanstalter
529 404 32 20 må
576 411 24 13 ur
614 405 79 26 sagde
682 400 12 36 $
707 405 104 20 uteslutas.
840 405 85 26 Expedi-

184 431 62 20 tioner
260 430 42 21 från
317 432 39 19 och
369 431 133 26 ansökningar
512 432 25 19 till
552 431 59 20 dessa
625 432 125 25 inrättningar
760 432 46 19 böra
821 431 44 20 icke
878 432 46 19 med

182 457 134 27 karteafgifter
330 458 98 27 fördyras.
457 459 93 25 Slutligen
565 464 114 13 reserverar
692 458 31 26 jag
737 458 39 25 mig
789 458 37 19 ock
840 461 42 17 mot
893 459 33 19 Ut-

183 484 85 20 skottets
295 485 74 25 beslut,
398 487 28 18 att
446 485 62 20 denna
536 485 293 26 stämpelpappers-författning
857 485 70 20 endast

183 511 48 20 skall
246 512 48 24 gälla
308 511 5 19 i
329 514 29 17 tre
373 511 29 20 år.
430 511 36 26 Jag
480 517 59 14 anser
559 517 24 14 en
606 512 65 24 längre
692 511 26 20 tid
735 512 20 19 af
776 517 36 13 sex
826 512 11 19 å
851 511 40 20 åtta
905 511 22 20 år

183 537 47 20 böra
244 538 130 24 bestämmas,
397 537 25 26 på
436 538 34 20 det
483 544 45 14 man
542 538 45 19 icke
607 537 24 25 på
649 537 69 25 hvarje
738 537 90 26 landtdag
845 537 33 20 må
892 538 35 20 be-

183 563 58 20 höfva
256 564 88 19 använda
359 569 23 14 en
396 564 73 26 dyrbar
484 564 26 20 tid
525 564 25 20 till
565 564 136 25 uppgörandet
711 564 19 19 af
743 569 39 22 nya
795 565 133 24 stämpelpap-

183 590 196 25 pers-författningar,
399 591 51 19 helst
468 590 310 26 stämpelpappers-bevillningen
794 590 44 20 icke
855 592 21 17 är
893 590 35 20 nå-

182 622 38 19 gon
234 622 32 20 ny,
281 618 53 18 ännu
350 617 89 19 oförsökt
456 618 98 25 taxering;
576 617 102 25 Styrelsen
695 617 51 19 dock
766 618 60 24 öppet
839 617 88 19 lemnadt

182 645 29 17 att
225 642 61 21 också
307 643 83 26 tidigare
406 643 72 20 föreslå
499 643 110 20 Ständerne
629 643 79 25 ändring
726 643 72 24 häruti,
817 649 33 14 om
864 644 63 19 Stats-

184 669 82 20 verkets
280 670 62 19 behof
355 669 69 20 sådant
438 669 83 20 fordrar.

351 725 27 20 Af
391 726 150 25 Borgmästaren
558 725 71 20 Adolf
641 725 115 20 Juselius:

236 763 7 19 I
257 763 55 25 fråga
328 769 32 14 om
373 763 101 26 kartering
488 765 21 18 af
521 764 92 25 borgare-
629 764 38 18 och
681 764 153 26 privilegiebref
843 764 36 19 har
893 765 34 19 Ut-

183 789 80 26 skottet,
279 789 25 26 pä
319 790 94 26 uppgifna
427 789 48 25 skäl,
488 793 64 17 ansett
567 791 104 18 städernas
681 790 97 25 indelning
792 791 4 18 i
812 790 50 21 olika
875 790 53 21 klas-

183 821 33 14 ser
231 822 47 14 vara
293 816 107 26 opäkallad,
416 822 46 14 men
476 817 89 19 deremot
586 817 92 25 tillstyrkt
693 823 25 12 en
734 816 61 21 sådan
810 817 97 25 indelning
921 818 6 18 i

182 843 95 19 afseende
290 843 11 19 ä
315 843 99 25 kartering
435 843 21 19 af
468 843 129 19 handelsbok.
627 843 59 19 Utom
700 843 34 19 det
748 845 28 17 att
790 843 70 19 sådant
874 843 52 19 inne-

183 868 58 20 fattar
255 874 24 14 en
294 869 5 19 i
314 870 75 25 ögonen
400 869 81 19 fallande
496 870 153 24 inkonsegvens,
660 869 78 25 saknas,
750 869 50 19 efter
813 870 40 18 min
867 868 58 26 äsigt,

183 894 33 20 allt
231 895 42 20 skäl
287 896 31 18 för
332 895 101 20 städernas
448 896 123 26 likställighet
585 896 6 18 i
601 896 56 19 ofvan
670 896 124 19 omförmäldt
806 896 119 19 hänseende.

182 920 150 26 Klassificering
346 922 21 20 af
379 922 93 19 städerna
486 923 35 18 har
533 922 96 19 härintills
645 922 51 20 alltid
709 921 75 26 utgjort
796 922 88 25 grunden
897 922 31 19 för

184 948 155 25 borgerskapets
349 948 115 25 deltagande
479 948 4 18 i
498 948 111 24 bevillning,
621 949 38 19 och
668 951 108 22 utvägarne
786 950 28 17 att
828 948 99 20 förvärfva

182 974 36 19 äro
232 973 101 25 ingalunda
345 973 106 26 jemngoda
465 974 29 19 för
508 975 35 19 alla
559 974 66 20 städer
640 976 51 18 inom
706 974 75 20 landet.

237 999 101 20 Utskottet
352 1001 36 19 har
402 999 84 26 frängätt
506 1001 39 19 den
559 1006 72 20 genom
653 999 107 27 Kejserliga
781 1000 146 26 Förordningen

184 1025 38 20 den
238 1026 10 19 8
264 1026 54 25 Sept.
336 1027 51 19 1842
402 1027 98 19 allraförst
515 1027 76 19 införda
605 1027 38 19 och
656 1027 27 19 uti
698 1027 38 19 den
750 1026 69 25 nädiga
836 1027 92 25 Proposi-

184 1052 65 20 tionen
263 1058 26 13 nu
304 1055 98 23 uppta:na
418 1053 128 26 bestämning,
558 1055 28 17 att
599 1053 140 26 afhandlingar,
750 1053 129 20 förbindelser
889 1054 38 19 och

184 1079 61 19 andra
260 1079 65 25 dylika
340 1079 87 25 skrifter,
443 1079 65 20 hvilka
523 1079 86 20 enskilda
624 1085 96 20 personer
735 1079 29 26 sig
781 1080 83 19 emellan
877 1085 50 20 upp-

183 1106 49 18 rätta
248 1105 47 20 eller
309 1105 27 20 till
352 1111 62 14 annan
428 1107 84 23 utställa,
529 1107 5 18 i
550 1105 68 25 hvarje
634 1106 31 19 fall
686 1105 62 20 borde
766 1106 99 22 karteras;
881 1112 46 13 men

182 1130 54 20 detta
250 1130 86 26 oaktadt,
353 1131 35 19 har
403 1132 100 20 Utskottet
523 1131 100 20 bibehållit
637 1132 102 25 ovilkorlig
759 1132 168 30 karteringsskyl-

182 1156 68 26 dighet
264 1158 29 18 för
308 1157 128 24 handelsbok,
449 1164 44 14 som
506 1158 59 20 likväl
576 1161 57 23 utgör
647 1158 37 20 den
694 1161 52 17 mest
760 1158 87 20 enskilda
861 1158 64 24 skrift,

183 1183 104 20 äfvensom
296 1184 30 18 för
337 1184 169 25 hyreskontrakt
498 1179 12 35 i
517 1184 50 20 stad.
591 1184 28 20 Då
631 1184 69 20 sådant
710 1184 72 20 strider
793 1187 52 17 emot
855 1184 39 20 den
909 1185 20 19 af

183 1209 102 21 Utskottet
298 1210 6 19 i
318 1210 57 25 öfrigt
388 1213 83 23 antagna
492 1210 81 26 princip,
590 1210 38 20 kan
641 1210 32 26 jag
687 1210 17 25 ej
725 1211 105 19 instämma
850 1211 29 19 uti
892 1211 34 20 Ut-

183 1235 85 20 skottets
284 1236 71 24 förslag
368 1236 101 24 angående
483 1237 98 24 kartering
596 1238 20 17 af
629 1237 121 19 handelsbok
765 1237 37 18 och
817 1236 110 26 hyreskon-

184 1261 53 19 trakt
252 1261 5 19 i
271 1262 51 19 stad.

236 1288 31 18 Uti
281 1288 66 20 hvilka
361 1288 54 19 delar
428 1287 33 27 jag
481 1288 30 20 får
525 1294 104 14 reservera
646 1289 39 25 mig
699 1292 54 16 emot
767 1288 111 21 Utskottets
892 1288 34 20 be-

183 1314 105 20 tänkande.
